4054 6424
398 395 500 450 657

1421 391 1510 446 DE
1548 392 1924 449 TRINITATE
1965 391 2168 448 LIBER
2209 391 2598 448 SECUNDUS.

3558 394 3665 450 658

393 515 462 567 τὰ
499 512 558 564 ἐν
590 511 707 573 τοῖς
743 507 1022 580 βραχίοσιν
1053 504 1253 570 αὐτοῦ,
1287 507 1421 560 ὡσεὶ
1464 507 1765 573 στύππιον,
1812 510 1969 581 ήνίκα

2081 507 2319 577 Spiritus
2353 507 2598 572 Domini;
2641 527 2660 560 ι
2697 515 2753 562 et
2778 522 2968 564 rursus
3002 525 3018 563 :
3066 527 3088 561 ι
3115 509 3421 566 Declinavit
3461 510 3578 584 (71)
3609 513 3666 569 in

393 605 460 656 ἂν
488 599 770 670 ὀσφρανθῇ
815 600 1004 668 πυρός.
1047 617 1065 649 ι
1108 597 1235 651 Ὅτε
1267 599 1324 652 δὲ
1369 599 1556 654 λοιπὸν
1591 601 1688 654 σὺν
1718 604 1785 671 τῇ
1828 601 1976 673 κόμῃ

392 697 486 746 καὶ
530 695 630 763 τὴν
679 690 911 760 δύναμιν
944 689 1110 743 αὐτοῦ
1151 691 1404 756 ἀπέθετο,
1451 693 1543 746 καὶ
1593 692 1848 746 ἀπώνατο
1897 695 1976 756 είς

393 781 617 852 ὀλεθρον
671 780 869 833 ἑαυτοῦ
905 783 1003 851 τῆς
1042 781 1319 846 ἀϐουλίας,
1371 781 1690 852 ἀλλόφυλον,
1725 784 1786 836 οὐ
1833 783 1971 845 δέον,

392 875 629 942 γυναῖκα
663 872 977 944 ὑπερφιλῶν
1010 877 1112 944 τὴν
1138 872 1356 937 Δαλιδὰ,
1389 892 1408 924 ι
1454 873 1775 945 Ἐξηγέρθη,
1819 893 1837 926 ι
1873 891 1976 945 φη-

395 968 499 1030 σὶν,
537 985 555 1018 ι
589 967 655 1019 ἐκ
683 965 779 1019 τοῦ
811 965 979 1019 ὕπνου
1005 965 1190 1031 αὐτοῦ,
1221 967 1314 1019 καὶ
1337 963 1488 1019 εἶπεν
1510 983 1523 996 '
1567 965 1970 1036 Ἐξελεύσομαι,

395 1061 488 1112 καὶ
512 1059 932 1130 ἀποτινάξομαι,
957 1059 1052 1112 καὶ
1091 1060 1305 1129 ποιήσω
1333 1058 1516 1122 καθὼς
1537 1059 1647 1112 ἀεί.
1679 1060 1788 1111 Καὶ
1811 1059 1974 1122 αὐτὸς

393 1153 494 1205 οὐκ
529 1152 692 1220 έγνω,
727 1154 808 1206 ὅτι
837 1151 1040 1223 Κύριος
1073 1153 1287 1221 ἀπέστη
1312 1153 1406 1205 ἀπ’
1437 1151 1620 1204 αὐτοῦ.
1665 1171 1683 1202 ι
1722 1152 1833 1221 Τῆς
1865 1151 1973 1222 γὰρ

393 1245 712 1310 δυναστείας
769 1246 863 1299 τοῦ
915 1247 1122 1317 Κυρίου
1177 1246 1370 1298 τούτου
1426 1248 1622 1314 πεῖραν
1671 1245 1809 1315 ἔχων
1881 1243 1974 1297 καὶ

396 1339 670 1408 Μωῦσῆς,
710 1335 896 1391 εἶπενο
958 1356 978 1388 ι
1019 1336 1142 1400 Πῶς
1180 1336 1430 1401 διώξεται
1465 1331 1547 1400 εἷς
1594 1336 1827 1407 χιλίους,
1881 1337 1971 1388 καὶ

392 1430 486 1483 δύο
521 1432 978 1501 μετακινήσουσιν
1008 1430 1295 1501 μυριάδας,
1319 1432 1366 1482 εί
1398 1429 1471 1500 μὴ
1498 1428 1702 1500 Κύριος
1727 1427 1973 1498 παρέδω-

394 1535 488 1571 κεν
519 1519 718 1582 αὐτοὺς
738 1560 752 1581 ,
788 1520 883 1572 καὶ
915 1521 942 1572 6
970 1520 1101 1582 Θεὸς
1135 1520 1364 1573 ἀπέδοτο
1395 1519 1626 1584 αὐτούς;
1670 1539 1688 1568 ι
1729 1519 1840 1572 Καὶ
1879 1520 1971 1571 τὸν

391 1603 624 1670 ὀφθέντα
651 1604 708 1656 δὲ
740 1604 818 1676 τῷ
859 1605 1058 1676 Ἡσαΐᾳ
1091 1605 1313 1675 βασιλέα
1340 1606 1544 1676 Κύριον
1575 1604 1804 1658 Σαϐαὼθ
1839 1604 1970 1657 καθ-

393 1695 592 1765 ήμενον
621 1695 714 1746 ἐπὶ
763 1695 954 1766 θρόνου
988 1694 1194 1766 ὑψηλοῦ
1247 1697 1343 1748 καὶ
1385 1694 1720 1768 ἐπῃρμένου,
1760 1693 1878 1765 [111
1915 1695 1966 1764 b)

392 1787 451 1838 ὲν
484 1787 618 1857 οἴκῳ
646 1789 804 1856 δόξης
836 1787 1272 1859 πεπληρωμένῳ,
1309 1790 1404 1840 καὶ
1441 1786 1548 1840 ὑπὸ
1580 1786 1687 1839 τῶν
1728 1787 1971 1856 σεραφὶμ

2077 599 2290 652 vineam
2316 597 2428 670 (72)
2445 597 2786 654 'I‘hamnatha
2807 616 2822 665 ;
2847 609 2900 655 et
2917 615 3043 655 ecce
3059 603 3270 656 catulus
3290 603 3460 658 leonis
3486 604 3538 658 i-n
3567 620 3662 660 oc-

2077 703 2294 742 cursum
2322 689 2440 758 ejus
2465 708 2478 744 :
2511 699 2568 743 et
2592 691 2792 744 direxit
2812 706 2974 760 super
3003 705 3127 745 eum
3155 691 3393 761 Spiritus
3426 694 3659 763 Domini,

2076 787 2132 830 et
2153 778 2473 832 dilaceravit
2497 794 2621 832 eum
2647 788 2706 834 ut
2735 779 2942 834 bmdum
2969 797 3282 850 caprarum;
3311 801 3329 834 ι
3356 795 3409 838 et
3435 800 3622 839 rursus
3643 825 3662 842 .

2084 887 2104 922 ι
2140 868 2433 924 Vociferati
2471 871 2583 941 (75)
2620 880 2781 934 sunt,
2810 873 3002 942 inquit,
3036 874 3351 944 alienigena:
3383 885 3437 929 et
3468 892 3660 931 cucur-

2084 970 2276 1015 rerunt
2311 963 2364 1014 in
2393 976 2680 1016 occursum
2719 964 2834 1032 ejus
2865 963 2938 1034 (id
2972 973 3056 1019 est
3082 1008 3096 1032 ,
3132 964 3432 1038 Samsonis)
3453 1009 3468 1033 ,
3496 979 3549 1021 et
3579 969 3664 1021 di-

2074 1049 2216 1103 rexit
2243 1065 2407 1118 super
2437 1065 2559 1104 eum
2604 1051 2842 1121 Spiritus
2885 1053 3096 1108 Domini
3115 1057 3138 1119 ‘,
3169 1065 3223 1108 et
3257 1055 3382 1111 facti
3417 1065 3542 1111 sunt
3580 1059 3666 1112 fu-

2075 1145 2261 1210 niculi,
2291 1146 2382 1215 qui
2422 1156 2578 1199 erant
2611 1147 2664 1200 in
2715 1148 2954 1203 brachiis
3004 1150 3120 1217 ejus
3160 1161 3414 1220 tanquam
3443 1165 3664 1223 stuppa,

2077 1241 2296 1308 quando
2335 1239 2586 1295 olfecerit
2615 1241 2817 1311 ignem.
2841 1261 2859 1294 ι
2887 1242 3232 1298 Postmodum
3267 1261 3417 1309 vero,
3447 1249 3665 1316 quando

2073 1332 2236 1387 simul
2271 1347 2394 1386 cum
2438 1347 2590 1386 coma
2639 1335 2805 1387 robur
2846 1336 3059 1398 amisit,
3103 1347 3266 1405 atque
3304 1340 3665 1408 alienigenam

2073 1421 2330 1476 feminam
2372 1421 2612 1476 Dalidam
2662 1423 2775 1492 (71)
2813 1426 3162 1480 vehementer
3211 1429 3280 1482 ab
3339 1444 3424 1495 eo,
3471 1439 3661 1484 contra

2071 1525 2232 1580 quam
2259 1510 2341 1566 fas
2365 1519 2503 1575 erat,
2541 1509 2815 1576 dilectam,
2843 1511 2896 1565 in
2931 1527 3086 1567 suam
3155 1514 3324 1584 ipsius
3366 1515 3662 1585 perniciem

2071 1611 2234 1670 atque
2264 1601 2587 1669 insipientia:
2627 1617 2868 1672 poenam,
2917 1614 3198 1660 assecutus
3247 1615 3352 1670 est,
3394 1625 3414 1659 ι
3453 1607 3663 1674 Exsul:-

2071 1693 2212 1746 rexit
2231 1692 2367 1764 (75),
2397 1711 2417 1745 ι
2437 1693 2611 1762 inquit
2631 1694 2936 1763 Scriptura,
2967 1712 2985 1747 ι
3011 1710 3250 1750 esonmo
3270 1714 3392 1762 suo,
3415 1710 3470 1754 et
3487 1699 3660 1753 dixit:

2074 1783 2366 1854 Egrediar,
2397 1794 2455 1838 et
2483 1785 2754 1839 excutiam
2785 1800 2890 1850 me,
2918 1795 2974 1841 et
3003 1786 3198 1841 faciam
3230 1788 3373 1842 sicut
3399 1804 3616 1859 semper
3643 1806 3658 1843 :

393 1878 459 1946 τῇ
499 1877 766 1947 τρισαγίῳ
795 1880 946 1947 φωνῇ
977 1877 1538 1948 καταγεραιρόμενον,
1569 1878 1597 1930 6
1629 1876 1727 1947 μὲν
1757 1879 1969 1947 προφή-

2073 1884 2127 1930 et
2154 1876 2269 1946 ipse
2309 1891 2414 1931 non
2447 1886 2665 1932 noverat
2719 1878 2860 1946 quod
2909 1877 3173 1935 Dominus
3225 1888 3528 1935 recesserat
3591 1883 3660 1940 ab

391 1986 494 2039 της
531 1970 620 2022 τὸν
648 1970 865 2042 Πατέρα
894 1967 1057 2036 οἶδεν,
1089 1973 1117 2024 6
1146 1970 1203 2024 δὲ
1255 1971 1508 2040 Ἰωάννης
1539 1969 1630 2024 τὸν
1669 1970 1795 2023 Υἱόν
1815 1988 1826 1998 ·
1856 1971 1885 2022 6
1915 1969 1971 2022 δὲ

392 2059 605 2124 Παῦλος
645 2063 702 2114 έν
748 2063 867 2124 ταῖς
916 2060 1207 2131 Πράξεσιν,
1246 2059 1337 2112 διὰ
1380 2059 1478 2130 τὴν
1529 2059 1835 2129 ταυτότητα
1871 2059 1972 2129 τῆς

392 2152 664 2222 θεότητος,
705 2153 765 2204 τὸ
799 2153 1078 2220 πάνσοφον
1120 2151 1345 2222 Πνεῦμα
1384 2148 1522 2205 εἶναι
1566 2152 1834 2223 ἐδήλωσεν
1861 2169 1971 2205 τοις

387 2244 560 2296 ῶσδε·
608 2263 627 2294 ι
677 2243 871 2305 Καλῶς
898 2244 958 2296 τὸ
991 2243 1217 2314 Πνεῦμα
1247 2243 1306 2296 τὸ
1338 2244 1493 2313 ἆγιον
1523 2244 1784 2315 ἐλάλησεν
1832 2244 1969 2314 πρὸς

388 2334 520 2396 τοὺς
552 2336 792 2405 πατέρας
823 2334 977 2405 ὑμῶν
1007 2333 1098 2388 διὰ
1148 2336 1367 2389 Ἡσαΐου
1405 2336 1500 2388 τοῦ
1536 2339 1840 2408 προφήτου,
1879 2337 1968 2390 λέ-

388 2443 522 2496 γον·
578 2427 884 2498 Πορεύθητι
935 2427 1072 2498 πρὸς
1119 2429 1210 2480 τὸν
1260 2427 1388 2482 λαὸν
1435 2429 1645 2493 τοῦτον,
1706 2431 1801 2482 καὶ
1847 2431 1969 2483 εἰπὲ

387 2499 573 2590 αὖε-ᾤ’
619 2521 779 2590 Ἀκοῇ
814 2519 1100 2585 ἀκούσετε,
1129 2521 1224 2574 καὶ
1260 2522 1318 2573 οὐ
1355 2521 1430 2592 μὴ
1462 2523 1679 2593 συνῆτε,
1723 2541 1742 2573 ι
1781 2524 1874 2576 καὶ
1902 2524 1968 2577 τὰ

386 2609 538 2680 ἑξῆς.
583 2611 855 2680 Δὶρετικοὶ
888 2611 977 2676 δὲ,
1018 2611 1161 2664 κατὰ
1194 2612 1292 2683 τὴν
1326 2612 1385 2677 ἐξ
1420 2613 1598 2684 ἀρχῆς
1648 2615 1968 2686 προαίρεσιν

386 2701 734 2767 διοδεύοντες,
771 2703 865 2757 καὶ
894 2704 984 2757 τὸν
1014 2707 1214 2758 οἰκεῖον
1255 2707 1454 2759 σκοπὸν
1483 2709 1576 2760 καὶ
1609 2707 1766 2776 λόγον
1809 2710 1969 2776 ἄγον-

386 2811 482 2858 τες
517 2794 659 2849 κατὰ
688 2795 782 2848 τοῦ
813 2796 999 2866 χάους,
1041 2797 1364 2867 ἀποπηδῶσι
1392 2799 1486 2851 καὶ
1518 2799 1657 2872 πρὸς
1692 2800 1753 2852 τὸ
1788 2800 1968 2868 λόγιον

385 2884 566 2951 τοῦτο,
596 2887 688 2940 καὶ
719 2887 964 2960 συνήθως
989 2889 1416 2957 ἀντιφάσκουσιν
1449 2891 1549 2944 οὐκ
1579 2891 1836 2959 εὐλόγως,
1875 2892 1969 2945 καὶ

390 2977 688 3046 πειρῶνται
744 2977 1035 3049 δυσσεϐείᾳ
1071 2979 1387 3032 δυσσέϐειαν
1441 2980 1649 3033 συνδεῖν
1699 2982 1795 3033 καὶ
1840 2997 1968 3032 συν-

387 3070 599 3133 άπτειν,
633 3069 775 3139 φημὶ
801 3071 913 3133 τοῖς
949 3070 1234 3142 προτέροις
1263 3070 1444 3124 αὐτῶν
1480 3072 1722 3143 ῥήμασιν
1755 3071 1822 3125 τὰ
1850 3073 1970 3125 δεύ-

389 3175 526 3229 τερα
570 3161 663 3212 καὶ
696 3159 875 3230 τρίτα,
913 3161 1105 3244 λόχους
1139 3163 1474 3233 προϊέμενοι,
1516 3165 1598 3217 ὅτι
1644 3165 1798 3219 οὐδὲν
1835 3166 1966 3219 θαυ-

392 3251 594 3322 μαστὸν
625 3253 717 3304 καὶ
740 3252 991 3322 θεότητος
1023 3253 1152 3306 ἴδιον
1181 3257 1310 3326 περὶ
1332 3256 1425 3308 τοῦ
1455 3257 1612 3325 ἁγίου
1640 3258 1781 3310 Πνεύ
1791 3276 1961 3328 ματος
1996 3251 2012 3316 ‘_

387 3342 702 3412 εὑρίσκεται
723 3345 787 3396 ὲκ
808 3343 901 3396 τοῦ
931 3344 1146 3398 Παῦλον
1177 3347 1362 3416 φάναιο
1388 3367 1406 3398 ι
1437 3349 1634 3411 Καλῶς
1658 3350 1719 3402 τὸ
1739 3350 1964 3420 Πνεῦμα

385 3432 450 3484 τὸ
514 3431 670 3499 ἅγιον
713 3433 974 3506 ἐλάλησεν
1022 3436 1159 3508 πρὸς
1201 3441 1327 3501 τοὺς
1379 3440 1625 3509 πατέρας
1672 3441 1825 3509 ὑμῶν
1877 3442 1964 3495 διὰ

403 3521 626 3575 Ἡσαΐου
651 3524 745 3575 τοῦ
773 3526 1074 3597 προφήτου,
1114 3527 1271 3596 λέγον
1294 3542 1308 3556 ·
1335 3531 1664 3598 Πορεύθητι
1693 3533 1843 3599 πρὸς
1859 3533 1965 3586 τὸν·

384 3614 542 3668 λαὸν
558 3615 794 3682 τοῦτον,
819 3617 916 3670 καὶ
954 3618 1089 3671 είπέ
1110 3619 1271 3686 αὐτῷ
1297 3639 1313 3672 ι
1336 3621 1463 3674 τάδε
1481 3623 1574 3674 καὶ
1604 3623 1752 3677 τάδε’
1787 3624 1875 3677 διὰ
1904 3624 1965 3677 τὸ

385 3704 673 3770 πολλάκις,
718 3709 918 3780 φησὶν,
953 3709 1022 3764 τὰ
1065 3711 1236 3776 αὐτὰ,
1271 3712 1401 3765 ποτὲ
1448 3714 1544 3784 μὲν
1578 3717 1639 3769 ὲκ
1671 3716 1963 3787 προσώπου

385 3796 481 3848 τοῦ
521 3797 676 3863 Θεοῦ,
709 3802 838 3852 ποτε
875 3800 932 3854 δὲ
983 3804 1047 3854 ἐκ
1091 3806 1384 3873 προσώπου
1429 3804 1521 3858 τοῦ
1570 3810 1882 3878 προφήτου,
1929 3807 1963 3880 ἢ

386 3887 624 3957 ἀγγέλου
653 3891 924 3964 εἰρημένα
962 3893 1254 3962 φέρεσθαι·
1282 3895 1358 3959 ὠς
1397 3898 1580 3967 ήνίκα,
1618 3901 1803 3969 φησὶν,
1837 3901 1965 3970 περὶ

383 3981 481 4034 τοῦ
523 3983 722 4053 χωρίου
764 3983 954 4037 τούτου
982 3985 1130 4055 λέγει
1189 3988 1480 4058 Ἰωάννης·
1519 4010 1538 4040 ι
1577 3990 1760 4044 Ταῦτα
1812 3987 1965 4046 εἶπεν

399 4073 647 4138 Ἡσαΐας,
682 4075 768 4127 ὅτε
799 4076 906 4129 ἴδεν
939 4079 1037 4147 τὴν
1068 4078 1225 4144 δόξαν
1258 4080 1457 4132 αὐτοῦ·
1502 4100 1520 4132 ι
1553 4084 1650 4136 καὶ
1677 4084 1751 4146 ὡς
1781 4086 1809 4137 6
1852 4085 1967 4137 Σω-

387 4169 498 4235 τὴρ
551 4169 608 4219 ὲν
669 4167 934 4240 Ματθαίῳ
1004 4170 1147 4242 ἔφη·
1209 4192 1229 4223 ‹
1298 4172 1496 4237 Καλῶς
1562 4178 1967 4247 προεφήτευσεν

301 4249 311 4256 ’
408 4258 644 4323 Ἡσαΐας,
694 4261 900 4330 λέγων·
964 4262 1022 4316 '0
1069 4263 1196 4326 λαὸς
1247 4259 1398 4330 οὗτος
1433 4269 1562 4329 τοῖς
1609 4268 1842 4338 χείλεσίν
1899 4287 1968 4340 με

389 4352 545 4420 τιμᾷ,
579 4355 643 4423 τῇ
683 4353 740 4405 δὲ
779 4352 976 4424 καρδίᾳ
1004 4354 1192 4426 πόρρω
1231 4357 1426 4426 ἀπέχει
1466 4357 1561 4410 ἀπ’
1604 4360 1738 4428 ἐμοῦ
1761 4379 1774 4393 ·
1818 4380 1838 4412 ι
1873 4364 1969 4415 καὶ

390 4440 468 4503 ὡς
495 4445 523 4494 6
563 4443 771 4506 Παῦλος
799 4447 856 4497 έν
891 4444 1037 4516 ἄλλῳ
1073 4447 1352 4518 κεφαλαίῳ
1395 4447 1529 4518 ἔφη·
1571 4468 1591 4500 ι
1625 4450 1824 4514 Καθὼς
1865 4455 1968 4507 Δα-

392 4531 479 4584 υῒδ
515 4533 661 4601 λέγει
690 4534 781 4587 τὸν
828 4538 1176 4607 μακαρισμόν
1196 4555 1210 4570 ο
1241 4540 1540 4611 Μακάριοι,
1573 4534 1648 4594 ὧν
1689 4543 1968 4617 ἀφέθησαν

388 4624 449 4676 αἱ
516 4623 645 4696 [112
690 4626 746 4698 ιι]
791 4628 1051 4698 ἀνομίαι,
1104 4630 1198 4682 καὶ
1253 4623 1332 4683 ὧν
1390 4633 1846 4706 ὲπεκαλύφθησαν
1910 4640 1968 4692 αί

389 4714 688 4786 ἁμαρτίαι·
731 4737 750 4770 ι
803 4719 904 4772 οὐκ
952 4717 1106 4774 εἶπεν
1162 4722 1253 4784 δὲ,
1287 4724 1479 4794 φησιν·
1513 4725 1710 4790 Καθὼς
1761 4730 1790 4780 6
1836 4728 1969 4794 Θεὸς

389 4803 479 4856 διὰ
513 4805 676 4857 Δαυῒδ
706 4805 873 4875 λέγει.
908 4809 1015 4860 Καὶ
1059 4808 1285 4878 ἑτέρωθι
1309 4825 1321 4838 ⁸
1361 4830 1378 4861 ι
1416 4811 1526 4865 Καὶ
1565 4808 1729 4883 ἦλθεν
1767 4815 1795 4866 6
1836 4816 1968 4880 Θεὸς

392 4897 531 4967 πρὸς
577 4896 807 4967 Βαλαὰμ
839 4899 1053 4962 νυκτὸς,
1095 4901 1189 4952 καὶ
1220 4896 1372 4954 εἶπεν
1403 4903 1583 4974 αὐτῷ·
1622 4905 1684 4956 Εί
1741 4905 1966 4958 καλέσαι

395 5003 456 5040 σε
490 4987 742 5060 πάρεισιν
774 4991 823 5042 οἱ
868 4990 1143 5063 ἄνθρωποι
1171 4986 1338 5059 οῦτοι,
1380 4994 1620 5059 ἀναστὰς
1665 4997 1967 5069 ἀκολούθη-

466 5147 578 5216 (71)
615 5147 928 5218 Declinavil.
961 5148 1138 5206 Judic.
1172 5169 1283 5218 siv,
1315 5153 1372 5218 5,
1404 5152 1457 5209 6.

463 5218 575 5295 (72)
616 5217 684 5295 Iit
712 5219 1238 5295 vineam._Coniplut.
1271 5217 1368 5277 ed.
1405 5226 1486 5295 είς
1518 5224 1879 5295 ἀμπελῶνας,
1913 5227 1969 5283 id

389 5303 469 5342 est
506 5311 522 5336 ε
561 5291 611 5342 in
637 5290 843 5342 vineas.
882 5308 900 5341 ι
936 5289 998 5344 Et
1025 5289 1145 5358 poSt
1194 5309 1378 5347 vocem
1409 5289 1622 5359 λέοντος
1672 5296 1727 5351 in
1776 5289 1967 5353 eadem

391 5359 603 5431 additur
627 5359 955 5431 όρυόμενος,
986 5361 1035 5413 id
1054 5373 1136 5416 est
1164 5380 1182 5414 ι
1225 5365 1460 5431 rugiens.
1495 5385 1513 5416 ι

463 5429 575 5503 (75)
624 5429 1072 5503 Vociferatisuut.
1101 5429 1392 5503 Judicfxv,
1426 5436 1510 5489 M.
1545 5435 1729 5492 Graeca
1761 5437 1849 5495 ed.
1887 5440 1968 5503 είς

392 5499 752 5580 summa.»
800 5515 895 5566 pro
957 5502 1038 5580 είς
1081 5502 1406 5580 ἀπάντησιν.
1459 5506 1525 5558 Ει
1565 5507 1820 5578 ἐγένετο,
1869 5499 1967 5580 pro

390 5569 654 5639 ἐγένοντο.
681 5569 746 5622 Et
773 5571 1059 5635 στυππίον,
1090 5589 1184 5639 pro
1217 5569 1503 5628 στῦππιον.

474 5638 577 5717 ’74)
611 5640 882 5694 Dalidam.
929 5641 1431 5717 In_ll_e_brmo_fon1e
1457 5687 1472 5710 ,
1504 5656 1558 5700 et
1609 5648 1659 5700 in
1693 5649 1964 5717 Complut.

389 5708 627 5764 editione
667 5721 893 5765 vocatur
929 5730 946 5762 ι
984 5711 1171 5768 Dalila.
1216 5733 1234 5765 ι
1269 5713 1323 5768 1η
1366 5708 1806 5774 Francofurtensi
1832 5708 1968 5774 'vero

392 5777 656 5860 editione,
739 5790 903 5860 atque
941 5797 970 5835 a
1011 5780 1236 5860 Didvuio
1279 5802 1300 5835 σ
1345 5785 1610 5860 Dalida._g_
1663 5787 1768 5844 Pro
1823 5789 1966 5860 ὑπὲρ

393 5847 584 5916 φίλων,
619 5851 762 5921 quod
796 5847 958 5908 habet
986 5853 1310 5926 codex,lego
1339 5855 1674 5924 ὑπερφιλῶν.

2073 1983 2154 2023 eo.
2201 1986 2221 2019 ι
2262 1967 2398 2023 Nam
2435 1969 2595 2039 hujus
2640 1967 2852 2024 Domini
2889 1970 3188 2038 potentiam
3237 1971 3412 2025 Moses
3444 1986 3661 2040 quoque

2072 2056 2404 2126 experientia
2428 2068 2761 2127 compertam
2791 2060 3016 2126 habens,
3048 2061 3158 2115 ait:
3195 2080 3212 2111 ι
3245 2062 3524 2127 Quomodo
3545 2061 3657 2136 (76)

2072 2160 2427 2220 persequetur
2468 2167 2607 2206 unus
2642 2151 2823 2215 mille,
2853 2163 2906 2206 et
2941 2155 3046 2206 duo
3085 2154 3436 2208 dimovehunt
3472 2157 3658 2210 decent

2073 2240 2262 2305 millia,
2297 2240 2399 2294 ui-si
2435 2239 2697 2294 Dominus
2723 2241 3040 2296 tradidisset
3065 2257 3182 2306 eos,
3218 2253 3272 2296 et
3299 2243 3440 2298 Deus
3473 2243 3660 2299 vendi-

2071 2332 2238 2386 disset
2273 2333 2404 2388 eos?
2440 2351 2458 2384 ι
2493 2332 2633 2398 Quin
2669 2333 2818 2386 illum
2864 2333 3030 2387 etiam
3053 2373 3066 2396 ,
3103 2335 3194 2402 qui
3236 2335 3304 2390 ab
3341 2335 3478 2390 Isaia
3508 2335 3658 2390 visus

2070 2433 2153 2477 est
2183 2423 2335 2493 (77),
2379 2440 2396 2474 ι
2438 2421 2642 2492 Regem
2669 2461 2684 2488 ,
2720 2423 3003 2476 Dominum
3042 2422 3318 2489 Sabaoth,
3356 2423 3409 2478 in
3439 2423 3657 2477 excelso

2073 2514 2268 2568 throno
2326 2523 2380 2568 et
2434 2514 2646 2568 elevato
2690 2514 3010 2575 sedentem,
3077 2530 3099 2565 ι
3151 2514 3204 2568 in
3263 2515 3425 2568 domo
3471 2513 3659 2584 gloriae

2069 2605 2249 2675 plena,
2273 2617 2432 2674 atque
2459 2621 2487 2658 a
2513 2605 2833 2673 seraphimis
2859 2616 2938 2660 ter
2961 2624 2980 2656 ‹
3006 2605 3238 2660 Sanctus
3263 2624 3281 2656 ι
3302 2604 3659 2661 clamantibus

2070 2697 2399 2753 celebratum
2421 2737 2437 2762 ,
2473 2700 2735 2766 propheta
2767 2698 2985 2766 quidem
3015 2698 3181 2769 242
3232 2698 3450 2754 Patrem
3486 2713 3658 2768 agno-

2069 2787 2182 2853 vit;
2235 2785 2472 2852 Joannes
2520 2789 2633 2857 (78)
2666 2803 2794 2842 vero
2842 2789 3080 2852 Filium;
3129 2790 3329 2844 Paulus
3372 2799 3555 2844 autem
3591 2790 3642 2842 in

2067 2878 2242 2945 Actis,
2271 2880 2340 2934 ob
2369 2881 2710 2935 identitatem
2757 2879 3001 2946 deitatis,
3033 2881 3496 2949 sapientissimum
3535 2881 3659 2948 Spi-

2071 2975 2239 3029 ritum
2271 2988 2394 3028 esse
2429 2973 2725 3028 declaravit
2755 2974 2838 3028 his
2867 2975 3048 3029 verbis
3083 2991 3096 3027 :
3148 2991 3165 3023 ι
3210 2972 3357 3027 Bene
3385 2971 3500 3044 (79)
3533 2972 3658 3041 Spi-

2071 3067 2212 3120 ritus
2267 3076 2490 3120 sanctus
2545 3065 2759 3120 locutus
2805 3077 2890 3119 est
2940 3066 3007 3119 ad
3066 3075 3248 3134 patres
3301 3077 3508 3120 vestros
3561 3081 3660 3134 per

2071 3155 2261 3211 Isaiam
2297 3157 2615 3226 pr0phetam
2648 3157 2834 3211 dicens
2866 3177 2878 3210 :
2915 3157 3059 3212 Vade
3107 3158 3172 3211 ad
3201 3157 3454 3227 populum
3487 3157 3652 3221 hunc,

2070 3248 2229 3302 etdic
2250 3247 2339 3302 ei:
2368 3248 2513 3301 Aure
2542 3247 2794 3312 audietis,
2825 3258 2880 3301 et
2904 3263 3008 3302 nou
3039 3247 3372 3320 intelligetis,
3403 3267 3422 3300 ι
3462 3259 3655 3318 etquae

2070 3347 2390 3408 sequuntur.
2411 3339 2481 3392 At
2509 3338 2747 3393 haeretici
2778 3354 2923 3402 eam,
2956 3354 3118 3407 quam
3149 3339 3300 3394 initio
3333 3340 3650 3410 elegerunt,

2070 3432 2213 3484 viam
2245 3440 2511 3495 tenentes,
2540 3439 2596 3484 et
2625 3432 2868 3500 proprias
2927 3432 3322 3500 speculatioues
3352 3433 3656 3488 doctrinas-

2070 3538 2175 3592 que
2208 3537 2303 3592 per
2329 3522 2565 3576 medium
2600 3522 2761 3578 veluti
2808 3525 2974 3579 chaos
3005 3535 3386 3594 promoventes
3413 3564 3428 3590 ,
3467 3525 3518 3578 in
3545 3524 3650 3578 hoc

2074 3617 2240 3671 etiam
2275 3617 2558 3671 oraculum
2594 3617 2890 3680 insultant,
2920 3633 2985 3670 ac
3022 3628 3261 3683 temere,
3293 3625 3352 3671 ut
3392 3616 3651 3682 assolent,

2071 3709 2472 3773 c0ntradicunt,
2506 3719 2668 3778 atque
2701 3709 3034 3778 impietatem
3059 3723 3180 3763 cum
3202 3707 3501 3778 impietate,
3529 3722 3656 3762 cum

2071 3799 2262 3870 primis
2289 3799 2498 3854 scilicet
2519 3800 2698 3854 verbis
2721 3799 2956 3854 secunda
2986 3809 3041 3854 et
3073 3799 3257 3868 tertia,
3315 3798 3573 3868 colligare
3602 3808 3658 3853 et

2073 3899 2290 3945 nectere
2316 3900 2605 3955 conantur,
2635 3889 2816 3946 futiles
2846 3892 3012 3946 hasce
3041 3892 3276 3946 rationes
3309 3889 3652 3960 proferendo.

2071 3978 2214 4035 Nihil
2258 3981 2506 4037 mirabile
2535 3981 2832 4052 (inquiunt)
2873 3992 2966 4036 aut
3007 3981 3225 4037 deitatis
3265 3982 3543 4051 proprium
3584 3983 3651 4036 de

2075 4071 2277 4142 Spiritu
2309 4083 2499 4127 saneto
2529 4088 2557 4126 a
2595 4072 2759 4127 Paulo
2799 4075 3001 4127 dictum
3045 4073 3468 4142 deprehenditur
3502 4071 3556 4126 in
3586 4071 3656 4126 iis

2071 4161 2292 4216 verbis:
2332 4179 2351 4213 ι
2385 4160 2528 4216 Bene
2559 4163 2795 4232 Spiritus
2827 4174 3050 4218 sanctus
3086 4163 3298 4218 locutus
3341 4171 3424 4218 est
3455 4163 3524 4216 ad
3559 4175 3656 4232 pa-

2075 4259 2185 4306 tres
2214 4260 2422 4306 vestros
2463 4267 2554 4320 per
2573 4250 2765 4305 Isaiam
2795 4253 3111 4321 prophetam
3141 4251 3329 4306 dicens
3361 4267 3376 4304 :
3416 4247 3556 4302 Vade
3585 4248 3655 4301 ad

2071 4344 2329 4416 populum
2389 4347 2550 4412 hunc,
2607 4355 2654 4399 et
2700 4347 2784 4398 dic
2821 4347 2870 4400 ei
2927 4363 2947 4397 ι
2997 4345 3113 4399 hzec
3158 4352 3214 4398 et
3259 4341 3396 4397 haec.
3449 4339 3657 4409 Saepius

2075 4435 2244 4501 enim,
2273 4435 2550 4505 inquiunt,
2608 4436 2871 4506 contingit
2923 4444 2983 4490 ut
3011 4434 3198 4489 eadem
3227 4433 3388 4488 modo
3418 4445 3485 4486 ex
3528 4445 3654 4500 per-

2077 4541 2210 4580 soua
2251 4527 2343 4582 Dei
2387 4526 2654 4588 dicantur,
2691 4527 2850 4580 modo
2879 4540 3008 4579 vero
3038 4540 3106 4579 ex
3147 4537 3378 4594 persona
3416 4522 3654 4591 prophe-

2075 4626 2179 4683 tae,
2222 4627 2317 4672 aut
2368 4617 2545 4689 angeli
2576 4617 2900 4682 efferantur;
2946 4626 3002 4670 ut
3036 4631 3158 4671 cum
3189 4616 3256 4669 de
3302 4614 3405 4668 hoc
3431 4613 3654 4668 oraculo

2073 4707 2310 4764 Joannes
2342 4709 2420 4763 ait
2456 4727 2471 4763 :
2512 4727 2531 4761 ι
2570 4707 2695 4763 Haec
2734 4707 2872 4762 dixit
2906 4707 3018 4779 (80)
3043 4707 3242 4770 Isaias,
3275 4705 3490 4775 quando
3520 4705 3657 4759 vidit

2073 4798 2300 4870 gloriam
2331 4796 2470 4868 ejus.
2496 4816 2517 4851 ι
2549 4799 2756 4852 Etcum
2792 4798 3044 4853 Salvator
3078 4798 3130 4852 in
3154 4797 3402 4850 Matthaeo
3431 4795 3606 4865 inquit
3634 4811 3651 4850 :

2079 4908 2099 4942 ι
2129 4889 2276 4945 Bene
2306 4889 2650 4958 prophetavit
2679 4888 2792 4960 (8i)
2841 4889 3012 4945 Isaias
3064 4889 3252 4944 dicens
3280 4886 3388 4959 (82)
3418 4904 3432 4940 :
3473 4886 3654 4951 Popu-

2074 4982 2158 5038 lus
2180 4981 2272 5038 hic
2295 4980 2454 5036 labiis
2490 4995 2577 5036 me
2599 4982 2832 5036 bouorat
2853 5021 2870 5048 ,
2901 4977 3067 5036 corde
3091 4989 3274 5035 autem
3304 4978 3461 5049 longe
3496 4979 3652 5035 abest

2170 5161 2262 5232 75)
2301 5160 2644 5232 Exsurreasit.
2678 5162 2856 5220 Judic.
2890 5179 3005 5229 xvr,
3042 5163 3134 5220 21.

2173 5231 2264 5300 76)
2302 5231 2596 5297 Quomodo.
2639 5234 2796 5288 Deut.
2833 5249 3006 5298 xxx",
3043 5233 3136 5292 50.

2141 5302 2256 5371 (77)
2303 5303 2458 5356 Visus
2484 5314 2580 5358 est.
2614 5302 2719 5358 Isa.
2748 5319 2824 5369 vl,
2861 5304 2911 5368 1,
2948 5305 3001 5370 5,
3026 5305 3081 5358 5.

2155 5373 2270 5442 (78)
2307 5372 2560 5428 Joannes.
2595 5374 2725 5442 Cap.
2763 5389 2840 5429 xu
2861 5415 2876 5440 ,
2906 5374 2997 5430 41.
3030 5372 3166 5429 Vide
3191 5413 3206 5438 ,
3231 5375 3275 5429 si
3309 5375 3470 5442 libet,
3504 5373 3652 5428 Hila-

2069 5442 2136 5496 rii
2167 5443 2364 5514 librum
2397 5459 2426 5495 ν
2468 5443 2544 5498 De
2565 5443 2740 5508 Trin.,
2775 5461 2922 5498 num.
2956 5445 3036 5498 52Δ
3058 5457 3112 5499 et
3131 5459 3284 5514 seqq.

2143 5513 2256 5583 (79)
2294 5513 2455 5567 Bene.
2486 5514 2608 5568 Act.
2634 5529 2828 5579 xxvm,
2860 5514 2954 5570 25.
2985 5515 3118 5570 Vide
3146 5513 3261 5570 not.
3287 5517 3379 5578 41,
3410 5528 3532 5583 pag.
3558 5513 3643 5568 58.

2141 5583 2255 5647 (ευ)
2294 5584 2426 5638 llaec
2455 5583 2610 5639 dixit.
2640 5583 2834 5639 Joann.
2873 5601 2971 5647 xu,
3003 5584 3093 5638 41.

2140 5652 2251 5724 (81)
2297 5653 2436 5707 Bene
2461 5655 2803 5722 prophetavit.
2867 5655 3058 5709 Matth.
3111 5669 3200 5721 xv,
3230 5654 3282 5720 7,
3306 5654 3358 5709 8.
3395 5652 3646 5723 Evange-

2073 5721 2222 5794 Iistaei
2233 5721 2443 5779 textum
2466 5721 2745 5794 abbreviat
2767 5725 3044 5794 Didymus.

2143 5793 2257 5864 (82)
2292 5794 2500 5849 Discus.
2544 5793 2648 5849 Isa.
2685 5809 2838 5861 ms,
2871 5793 2961 5850 15.
