  <div class='ocr_page' id='page_1' title='image "/cluster/home/n/w/nwhite01/storage/ocr_20150623/39/coo.31924054869361/337.png"; bbox 0 0 4054 6412; ppageno 0'>
   <div class='ocr_carea' id='block_1_1' title="bbox 406 376 2007 436">
    <p class='ocr_par' dir='ltr' id='par_1_1' title="bbox 406 376 2002 434">
     <span class='ocr_line' id='line_1_1' title="bbox 406 376 2002 434; baseline -0.003 0"><span class='ocrx_word' id='word_1_1' title='bbox 406 376 513 434; x_wconf 74' lang='lat'><strong>659</strong></span> <span class='ocrx_word' id='word_1_2' title='bbox 1681 376 1920 432; x_wconf 78' lang='lat' dir='ltr'><strong>DIDYMI</strong></span> <span class='ocrx_word' id='word_1_3' title='bbox 1958 377 2002 431; x_wconf 84' lang='lat' dir='ltr'><strong>A</strong></span> 
     </span>
    </p>
   </div>
   <div class='ocr_carea' id='block_1_2' title="bbox 2114 376 3664 436">
    <p class='ocr_par' dir='ltr' id='par_1_2' title="bbox 2114 376 3664 436">
     <span class='ocr_line' id='line_1_2' title="bbox 2114 376 3664 436; baseline 0.002 -3"><span class='ocrx_word' id='word_1_4' title='bbox 2114 376 2428 434; x_wconf 69' lang='lat' dir='ltr'><strong>[ANDRINI</strong></span> <span class='ocrx_word' id='word_1_5' title='bbox 3559 379 3664 436; x_wconf 61' lang='lat'>669-</span> 
     </span>
    </p>
   </div>
   <div class='ocr_carea' id='block_1_3' title="bbox 405 489 2007 568">
    <p class='ocr_par' dir='ltr' id='par_1_3' title="bbox 405 489 1984 563">
     <span class='ocr_line' id='line_1_3' title="bbox 405 489 1984 563; baseline 0.001 -19"><span class='ocrx_word' id='word_1_6' title='bbox 405 507 444 550; x_wconf 79' lang='lat' dir='ltr'><strong>a</strong></span> <span class='ocrx_word' id='word_1_7' title='bbox 477 506 581 547; x_wconf 90' lang='lat' dir='ltr'><strong>me.</strong></span> <span class='ocrx_word' id='word_1_8' title='bbox 615 509 633 542; x_wconf 80' lang='grc' dir='ltr'><strong>ι</strong></span> <span class='ocrx_word' id='word_1_9' title='bbox 678 489 887 545; x_wconf 87' lang='lat' dir='ltr'><strong>Etcum</strong></span> <span class='ocrx_word' id='word_1_10' title='bbox 928 489 1124 546; x_wconf 83' lang='lat' dir='ltr'><strong>Paulus</strong></span> <span class='ocrx_word' id='word_1_11' title='bbox 1157 491 1210 544; x_wconf 91' lang='lat' dir='ltr'><strong>in</strong></span> <span class='ocrx_word' id='word_1_12' title='bbox 1243 491 1348 545; x_wconf 89' lang='lat' dir='ltr'><strong>alio</strong></span> <span class='ocrx_word' id='word_1_13' title='bbox 1371 492 1606 563; x_wconf 84' lang='lat' dir='ltr'><strong>capitulo</strong></span> <span class='ocrx_word' id='word_1_14' title='bbox 1642 493 1719 547; x_wconf 91' lang='lat' dir='ltr'><strong>ait</strong></span> <span class='ocrx_word' id='word_1_15' title='bbox 1757 513 1770 548; x_wconf 88' lang='lat'><strong>:</strong></span> <span class='ocrx_word' id='word_1_16' title='bbox 1802 513 1821 546; x_wconf 76' lang='grc' dir='ltr'><strong>ι</strong></span> <span class='ocrx_word' id='word_1_17' title='bbox 1862 493 1984 547; x_wconf 87' lang='lat' dir='ltr'><strong>Sic-</strong></span> 
     </span>
    </p>
   </div>
   <div class='ocr_carea' id='block_1_4' title="bbox 2114 489 3666 568">
    <p class='ocr_par' dir='ltr' id='par_1_4' title="bbox 2114 493 3666 568">
     <span class='ocr_line' id='line_1_4' title="bbox 2114 493 3666 568; baseline 0.001 -21"><span class='ocrx_word' id='word_1_18' title='bbox 2114 513 2184 550; x_wconf 65' lang='grc' dir='ltr'><strong>ιον</strong></span> <span class='ocrx_word' id='word_1_19' title='bbox 2226 494 2443 557; x_wconf 76' lang='grc' dir='ltr'>αὐτοῖς’</span> <span class='ocrx_word' id='word_1_20' title='bbox 2486 493 2622 548; x_wconf 80' lang='grc' dir='ltr'>ἀλλὰ</span> <span class='ocrx_word' id='word_1_21' title='bbox 2664 493 2945 566; x_wconf 76' lang='grc' dir='ltr'>τδ“ῥῆμα,</span> <span class='ocrx_word' id='word_1_22' title='bbox 2988 495 3017 548; x_wconf 80' lang='lat'><strong>6</strong></span> <span class='ocrx_word' id='word_1_23' title='bbox 3054 494 3121 549; x_wconf 76' lang='grc' dir='ltr'><strong>ἂν</strong></span> <span class='ocrx_word' id='word_1_24' title='bbox 3151 495 3368 565; x_wconf 82' lang='grc' dir='ltr'>λαλήσω</span> <span class='ocrx_word' id='word_1_25' title='bbox 3402 496 3540 568; x_wconf 81' lang='grc' dir='ltr'>πρὸς</span> <span class='ocrx_word' id='word_1_26' title='bbox 3582 513 3666 564; x_wconf 76' lang='grc' dir='ltr'><strong>σε,</strong></span> 
     </span>
    </p>
   </div>
   <div class='ocr_carea' id='block_1_5' title="bbox 411 583 2007 659">
    <p class='ocr_par' dir='ltr' id='par_1_5' title="bbox 411 583 1986 655">
     <span class='ocr_line' id='line_1_5' title="bbox 411 583 1986 655; baseline -0.002 -15"><span class='ocrx_word' id='word_1_27' title='bbox 411 598 472 640; x_wconf 88' lang='grc' dir='ltr'><strong>ιιι</strong></span> <span class='ocrx_word' id='word_1_28' title='bbox 516 585 684 640; x_wconf 82' lang='lat' dir='ltr'><strong>David</strong></span> <span class='ocrx_word' id='word_1_29' title='bbox 733 584 849 654; x_wconf 81' lang='grc'>(85)</span> <span class='ocrx_word' id='word_1_30' title='bbox 877 583 1070 638; x_wconf 89' lang='lat' dir='ltr'><strong>tribuit</strong></span> <span class='ocrx_word' id='word_1_31' title='bbox 1100 584 1487 639; x_wconf 71' lang='lat' dir='ltr'><strong>beatitudinem</strong></span> <span class='ocrx_word' id='word_1_32' title='bbox 1523 603 1536 640; x_wconf 91' lang='lat'>:</span> <span class='ocrx_word' id='word_1_33' title='bbox 1579 585 1728 640; x_wconf 80' lang='lat' dir='ltr'><strong>Beati</strong></span> <span class='ocrx_word' id='word_1_34' title='bbox 1757 601 1986 655; x_wconf 90' lang='lat' dir='ltr'><strong>quorum</strong></span> 
     </span>
    </p>
   </div>
   <div class='ocr_carea' id='block_1_6' title="bbox 2114 583 3664 659">
    <p class='ocr_par' dir='ltr' id='par_1_6' title="bbox 2114 584 3664 659">
     <span class='ocr_line' id='line_1_6' title="bbox 2114 584 3664 659; baseline 0.002 -20"><span class='ocrx_word' id='word_1_35' title='bbox 2114 587 2247 642; x_wconf 63' lang='grc' dir='ltr'>ποῦτο</span> <span class='ocrx_word' id='word_1_36' title='bbox 2275 587 2552 656; x_wconf 69' lang='grc' dir='ltr'>ποιήσεις*</span> <span class='ocrx_word' id='word_1_37' title='bbox 2586 606 2605 637; x_wconf 77' lang='grc' dir='ltr'><strong>ι</strong></span> <span class='ocrx_word' id='word_1_38' title='bbox 2639 584 2731 640; x_wconf 83' lang='grc' dir='ltr'>καὶ</span> <span class='ocrx_word' id='word_1_39' title='bbox 2767 586 2883 656; x_wconf 81' lang='grc' dir='ltr'>μεθ’</span> <span class='ocrx_word' id='word_1_40' title='bbox 2915 586 3108 659; x_wconf 70' lang='grc' dir='ltr'><strong>’ἐτεριι⁹</strong></span> <span class='ocrx_word' id='word_1_41' title='bbox 3144 607 3162 639; x_wconf 76' lang='grc' dir='ltr'><strong>ι</strong></span> <span class='ocrx_word' id='word_1_42' title='bbox 3196 585 3386 651; x_wconf 84' lang='grc' dir='ltr'>Εἶπεν,</span> <span class='ocrx_word' id='word_1_43' title='bbox 3423 608 3441 640; x_wconf 76' lang='grc' dir='ltr'><strong>ι</strong></span> <span class='ocrx_word' id='word_1_44' title='bbox 3477 589 3664 658; x_wconf 62' lang='grc' dir='ltr'>φησιν.</span> 
     </span>
    </p>
   </div>
   <div class='ocr_carea' id='block_1_7' title="bbox 415 676 1991 745">
    <p class='ocr_par' dir='ltr' id='par_1_7' title="bbox 415 676 1991 745">
     <span class='ocr_line' id='line_1_7' title="bbox 415 676 1991 745; baseline -0.001 -15"><span class='ocrx_word' id='word_1_45' title='bbox 415 677 654 731; x_wconf 63' lang='lat' dir='ltr'><strong>remissa;</strong></span> <span class='ocrx_word' id='word_1_46' title='bbox 703 687 831 730; x_wconf 82' lang='lat' dir='ltr'><strong>Sunt</strong></span> <span class='ocrx_word' id='word_1_47' title='bbox 894 676 1253 744; x_wconf 82' lang='lat' dir='ltr'><strong>iniquitates,</strong></span> <span class='ocrx_word' id='word_1_48' title='bbox 1297 687 1350 730; x_wconf 87' lang='lat' dir='ltr'><strong>et</strong></span> <span class='ocrx_word' id='word_1_49' title='bbox 1399 692 1626 745; x_wconf 85' lang='lat' dir='ltr'><strong>quorum</strong></span> <span class='ocrx_word' id='word_1_50' title='bbox 1671 685 1812 730; x_wconf 85' lang='lat' dir='ltr'><strong>tecta</strong></span> <span class='ocrx_word' id='word_1_51' title='bbox 1865 684 1991 730; x_wconf 90' lang='lat' dir='ltr'><strong>sunt</strong></span> 
     </span>
    </p>
   </div>
   <div class='ocr_carea' id='block_1_8' title="bbox 413 767 1992 837">
    <p class='ocr_par' dir='ltr' id='par_1_8' title="bbox 413 767 1992 837">
     <span class='ocr_line' id='line_1_8' title="bbox 413 767 1992 837; baseline -0.003 -15"><span class='ocrx_word' id='word_1_52' title='bbox 413 778 659 837; x_wconf 89' lang='lat' dir='ltr'><strong>peccata.</strong></span> <span class='ocrx_word' id='word_1_53' title='bbox 691 786 710 819; x_wconf 78' lang='grc' dir='ltr'><strong>ι</strong></span> <span class='ocrx_word' id='word_1_54' title='bbox 743 767 858 821; x_wconf 88' lang='lat' dir='ltr'><strong>Non</strong></span> <span class='ocrx_word' id='word_1_55' title='bbox 902 772 980 820; x_wconf 86' lang='lat' dir='ltr'><strong>ait</strong></span> <span class='ocrx_word' id='word_1_56' title='bbox 1009 768 1283 837; x_wconf 84' lang='lat' dir='ltr'><strong>(inquiunt</strong></span> <span class='ocrx_word' id='word_1_57' title='bbox 1311 769 1431 837; x_wconf 78' lang='lat' dir='ltr'><strong>ipsi)</strong></span> <span class='ocrx_word' id='word_1_58' title='bbox 1461 787 1474 821; x_wconf 91' lang='lat'><strong>:</strong></span> <span class='ocrx_word' id='word_1_59' title='bbox 1511 787 1528 818; x_wconf 86' lang='grc' dir='ltr'><strong>ι</strong></span> <span class='ocrx_word' id='word_1_60' title='bbox 1563 769 1714 821; x_wconf 82' lang='lat' dir='ltr'><strong>Sicut</strong></span> <span class='ocrx_word' id='word_1_61' title='bbox 1740 767 1880 822; x_wconf 84' lang='lat' dir='ltr'><strong>Deus</strong></span> <span class='ocrx_word' id='word_1_62' title='bbox 1899 781 1992 832; x_wconf 86' lang='lat' dir='ltr'><strong>per</strong></span> 
     </span>
    </p>
   </div>
   <div class='ocr_carea' id='block_1_9' title="bbox 414 855 1994 928">
    <p class='ocr_par' dir='ltr' id='par_1_9' title="bbox 414 855 1994 928">
     <span class='ocr_line' id='line_1_9' title="bbox 414 855 1994 928; baseline -0.002 -16"><span class='ocrx_word' id='word_1_63' title='bbox 414 857 584 912; x_wconf 82' lang='lat' dir='ltr'><strong>David</strong></span> <span class='ocrx_word' id='word_1_64' title='bbox 612 857 766 912; x_wconf 87' lang='lat' dir='ltr'><strong>dicit.</strong></span> <span class='ocrx_word' id='word_1_65' title='bbox 809 877 828 909; x_wconf 82' lang='grc' dir='ltr'><strong>ι</strong></span> <span class='ocrx_word' id='word_1_66' title='bbox 863 856 928 911; x_wconf 85' lang='grc' dir='ltr'>Ει</span> <span class='ocrx_word' id='word_1_67' title='bbox 953 857 1076 910; x_wconf 88' lang='lat' dir='ltr'><strong>alibi</strong></span> <span class='ocrx_word' id='word_1_68' title='bbox 1112 877 1126 911; x_wconf 92' lang='lat'>:</span> <span class='ocrx_word' id='word_1_69' title='bbox 1169 877 1187 908; x_wconf 82' lang='grc' dir='ltr'><strong>ι</strong></span> <span class='ocrx_word' id='word_1_70' title='bbox 1222 857 1286 911; x_wconf 84' lang='grc' dir='ltr'>Ει</span> <span class='ocrx_word' id='word_1_71' title='bbox 1309 857 1457 912; x_wconf 90' lang='lat' dir='ltr'><strong>venit</strong></span> <span class='ocrx_word' id='word_1_72' title='bbox 1485 857 1594 928; x_wconf 67' lang='lat'>(84)</span> <span class='ocrx_word' id='word_1_73' title='bbox 1633 858 1771 912; x_wconf 88' lang='lat' dir='ltr'><strong>Deus</strong></span> <span class='ocrx_word' id='word_1_74' title='bbox 1798 859 1863 911; x_wconf 87' lang='lat' dir='ltr'><strong>ad</strong></span> <span class='ocrx_word' id='word_1_75' title='bbox 1893 855 1994 910; x_wconf 86' lang='lat' dir='ltr'><strong>Ba-</strong></span> 
     </span>
    </p>
   </div>
   <div class='ocr_carea' id='block_1_10' title="bbox 415 945 1995 1016">
    <p class='ocr_par' dir='ltr' id='par_1_10' title="bbox 415 945 1995 1016">
     <span class='ocr_line' id='line_1_10' title="bbox 415 945 1995 1016; baseline 0 -14"><span class='ocrx_word' id='word_1_76' title='bbox 415 945 559 1002; x_wconf 80' lang='lat' dir='ltr'><strong>laam</strong></span> <span class='ocrx_word' id='word_1_77' title='bbox 592 957 771 1016; x_wconf 88' lang='lat' dir='ltr'><strong>nocte,</strong></span> <span class='ocrx_word' id='word_1_78' title='bbox 803 959 858 1004; x_wconf 91' lang='lat' dir='ltr'><strong>et</strong></span> <span class='ocrx_word' id='word_1_79' title='bbox 883 949 1019 1003; x_wconf 81' lang='lat' dir='ltr'><strong>dixit</strong></span> <span class='ocrx_word' id='word_1_80' title='bbox 1048 951 1096 1004; x_wconf 90' lang='lat' dir='ltr'><strong>ei</strong></span> <span class='ocrx_word' id='word_1_81' title='bbox 1131 967 1146 1004; x_wconf 90' lang='lat'><strong>:</strong></span> <span class='ocrx_word' id='word_1_82' title='bbox 1182 947 1238 1003; x_wconf 91' lang='lat' dir='ltr'><strong>Si</strong></span> <span class='ocrx_word' id='word_1_83' title='bbox 1268 965 1466 1004; x_wconf 89' lang='lat' dir='ltr'><strong>vocare</strong></span> <span class='ocrx_word' id='word_1_84' title='bbox 1497 959 1546 1003; x_wconf 90' lang='lat' dir='ltr'><strong>te</strong></span> <span class='ocrx_word' id='word_1_85' title='bbox 1572 952 1790 1004; x_wconf 89' lang='lat' dir='ltr'><strong>veniunt</strong></span> <span class='ocrx_word' id='word_1_86' title='bbox 1820 951 1995 1004; x_wconf 90' lang='lat' dir='ltr'><strong>homi-</strong></span> 
     </span>
    </p>
   </div>
   <div class='ocr_carea' id='block_1_11' title="bbox 416 1041 1996 1111">
    <p class='ocr_par' dir='ltr' id='par_1_11' title="bbox 416 1041 1996 1111">
     <span class='ocr_line' id='line_1_11' title="bbox 416 1041 1996 1111; baseline 0.002 -17"><span class='ocrx_word' id='word_1_87' title='bbox 416 1056 517 1096; x_wconf 87' lang='lat' dir='ltr'><strong>nes</strong></span> <span class='ocrx_word' id='word_1_88' title='bbox 547 1041 624 1107; x_wconf 88' lang='lat' dir='ltr'><strong>hi,</strong></span> <span class='ocrx_word' id='word_1_89' title='bbox 655 1055 882 1110; x_wconf 78' lang='lat' dir='ltr'><strong>surgens</strong></span> <span class='ocrx_word' id='word_1_90' title='bbox 914 1056 1144 1109; x_wconf 86' lang='lat' dir='ltr'><strong>sequere</strong></span> <span class='ocrx_word' id='word_1_91' title='bbox 1174 1056 1268 1095; x_wconf 87' lang='lat' dir='ltr'><strong>eos</strong></span> <span class='ocrx_word' id='word_1_92' title='bbox 1301 1059 1314 1095; x_wconf 92' lang='lat'><strong>:</strong></span> <span class='ocrx_word' id='word_1_93' title='bbox 1343 1042 1438 1097; x_wconf 90' lang='lat' dir='ltr'><strong>sed</strong></span> <span class='ocrx_word' id='word_1_94' title='bbox 1465 1043 1689 1096; x_wconf 81' lang='lat' dir='ltr'><strong>verbum</strong></span> <span class='ocrx_word' id='word_1_95' title='bbox 1720 1043 1996 1111; x_wconf 82' lang='lat' dir='ltr'><strong>quodcun-</strong></span> 
     </span>
    </p>
   </div>
   <div class='ocr_carea' id='block_1_12' title="bbox 419 1132 1998 1202">
    <p class='ocr_par' dir='ltr' id='par_1_12' title="bbox 419 1132 1998 1202">
     <span class='ocr_line' id='line_1_12' title="bbox 419 1132 1998 1202; baseline 0.004 -20"><span class='ocrx_word' id='word_1_96' title='bbox 419 1147 523 1202; x_wconf 86' lang='lat' dir='ltr'><strong>que</strong></span> <span class='ocrx_word' id='word_1_97' title='bbox 542 1132 733 1201; x_wconf 88' lang='lat' dir='ltr'><strong>loquar</strong></span> <span class='ocrx_word' id='word_1_98' title='bbox 752 1133 818 1185; x_wconf 92' lang='lat' dir='ltr'><strong>ad</strong></span> <span class='ocrx_word' id='word_1_99' title='bbox 846 1140 919 1194; x_wconf 87' lang='lat' dir='ltr'><strong>te,</strong></span> <span class='ocrx_word' id='word_1_100' title='bbox 954 1133 1054 1185; x_wconf 92' lang='lat' dir='ltr'><strong>hoc</strong></span> <span class='ocrx_word' id='word_1_101' title='bbox 1079 1133 1272 1198; x_wconf 85' lang='lat' dir='ltr'><strong>facies;</strong></span> <span class='ocrx_word' id='word_1_102' title='bbox 1305 1153 1328 1185; x_wconf 71' lang='grc' dir='ltr'><strong>ι</strong></span> <span class='ocrx_word' id='word_1_103' title='bbox 1367 1144 1424 1188; x_wconf 90' lang='lat' dir='ltr'><strong>et</strong></span> <span class='ocrx_word' id='word_1_104' title='bbox 1467 1142 1586 1202; x_wconf 88' lang='lat' dir='ltr'><strong>post</strong></span> <span class='ocrx_word' id='word_1_105' title='bbox 1612 1133 1715 1187; x_wconf 84' lang='lat' dir='ltr'><strong>alia</strong></span> <span class='ocrx_word' id='word_1_106' title='bbox 1747 1151 1761 1188; x_wconf 93' lang='lat'><strong>:</strong></span> <span class='ocrx_word' id='word_1_107' title='bbox 1797 1153 1816 1184; x_wconf 76' lang='grc' dir='ltr'><strong>ι</strong></span> <span class='ocrx_word' id='word_1_108' title='bbox 1855 1135 1998 1188; x_wconf 81' lang='lat' dir='ltr'><strong>Dixit</strong></span> 
     </span>
    </p>
   </div>
   <div class='ocr_carea' id='block_1_13' title="bbox 422 1223 1994 1294">
    <p class='ocr_par' dir='ltr' id='par_1_13' title="bbox 422 1223 1994 1294">
     <span class='ocr_line' id='line_1_13' title="bbox 422 1223 1994 1294; baseline 0.003 -16"><span class='ocrx_word' id='word_1_109' title='bbox 422 1225 538 1294; x_wconf 80' lang='lat'>(85)</span> <span class='ocrx_word' id='word_1_110' title='bbox 593 1224 792 1294; x_wconf 86' lang='lat' dir='ltr'><strong>(inquit</strong></span> <span class='ocrx_word' id='word_1_111' title='bbox 841 1223 1149 1293; x_wconf 89' lang='lat' dir='ltr'><strong>Scriptura)</strong></span> <span class='ocrx_word' id='word_1_112' title='bbox 1208 1224 1429 1294; x_wconf 81' lang='lat' dir='ltr'><strong>angelus</strong></span> <span class='ocrx_word' id='word_1_113' title='bbox 1481 1225 1573 1279; x_wconf 89' lang='lat' dir='ltr'><strong>Dei</strong></span> <span class='ocrx_word' id='word_1_114' title='bbox 1625 1226 1692 1279; x_wconf 85' lang='lat' dir='ltr'><strong>ad</strong></span> <span class='ocrx_word' id='word_1_115' title='bbox 1732 1225 1994 1283; x_wconf 87' lang='lat' dir='ltr'><strong>Balaam:</strong></span> 
     </span>
    </p>
   </div>
   <div class='ocr_carea' id='block_1_14' title="bbox 421 1315 1996 1381">
    <p class='ocr_par' dir='ltr' id='par_1_14' title="bbox 421 1315 1996 1381">
     <span class='ocr_line' id='line_1_14' title="bbox 421 1315 1996 1381; baseline -0.002 -11"><span class='ocrx_word' id='word_1_116' title='bbox 421 1317 572 1372; x_wconf 79' lang='lat' dir='ltr'><strong>Vade</strong></span> <span class='ocrx_word' id='word_1_117' title='bbox 601 1330 703 1370; x_wconf 85' lang='lat' dir='ltr'><strong>una</strong></span> <span class='ocrx_word' id='word_1_118' title='bbox 735 1331 856 1368; x_wconf 91' lang='lat' dir='ltr'><strong>cum</strong></span> <span class='ocrx_word' id='word_1_119' title='bbox 880 1315 1186 1369; x_wconf 90' lang='lat' dir='ltr'><strong>hominibus</strong></span> <span class='ocrx_word' id='word_1_120' title='bbox 1213 1315 1328 1370; x_wconf 86' lang='lat' dir='ltr'><strong>his:</strong></span> <span class='ocrx_word' id='word_1_121' title='bbox 1358 1327 1727 1370; x_wconf 86' lang='lat' dir='ltr'><strong>verumtamen</strong></span> <span class='ocrx_word' id='word_1_122' title='bbox 1751 1317 1996 1381; x_wconf 84' lang='lat' dir='ltr'><strong>verbum,</strong></span> 
     </span>
    </p>
   </div>
   <div class='ocr_carea' id='block_1_15' title="bbox 423 1406 1998 1478">
    <p class='ocr_par' dir='ltr' id='par_1_15' title="bbox 423 1406 1998 1478">
     <span class='ocr_line' id='line_1_15' title="bbox 423 1406 1998 1478; baseline -0.001 -16"><span class='ocrx_word' id='word_1_123' title='bbox 423 1409 781 1478; x_wconf 83' lang='lat' dir='ltr'><strong>quodcunque</strong></span> <span class='ocrx_word' id='word_1_124' title='bbox 813 1407 1004 1461; x_wconf 81' lang='lat' dir='ltr'><strong>dixero</strong></span> <span class='ocrx_word' id='word_1_125' title='bbox 1048 1408 1178 1472; x_wconf 88' lang='lat' dir='ltr'><strong>tibi,</strong></span> <span class='ocrx_word' id='word_1_126' title='bbox 1211 1407 1312 1461; x_wconf 91' lang='lat' dir='ltr'><strong>hoc</strong></span> <span class='ocrx_word' id='word_1_127' title='bbox 1339 1407 1458 1461; x_wconf 85' lang='lat' dir='ltr'><strong>vide</strong></span> <span class='ocrx_word' id='word_1_128' title='bbox 1488 1417 1546 1461; x_wconf 92' lang='lat' dir='ltr'><strong>ut</strong></span> <span class='ocrx_word' id='word_1_129' title='bbox 1593 1407 1782 1461; x_wconf 81' lang='lat' dir='ltr'><strong>facias.</strong></span> <span class='ocrx_word' id='word_1_130' title='bbox 1822 1425 1843 1459; x_wconf 77' lang='grc' dir='ltr'><strong>ι</strong></span> <span class='ocrx_word' id='word_1_131' title='bbox 1881 1406 1998 1462; x_wconf 84' lang='grc' dir='ltr'>Νοιι</span> 
     </span>
    </p>
   </div>
   <div class='ocr_carea' id='block_1_16' title="bbox 421 1497 1998 1570">
    <p class='ocr_par' dir='ltr' id='par_1_16' title="bbox 421 1497 1998 1570">
     <span class='ocr_line' id='line_1_16' title="bbox 421 1497 1998 1570; baseline -0.001 -15"><span class='ocrx_word' id='word_1_132' title='bbox 421 1501 558 1555; x_wconf 82' lang='lat' dir='ltr'><strong>dixit</strong></span> <span class='ocrx_word' id='word_1_133' title='bbox 605 1500 654 1553; x_wconf 90' lang='lat' dir='ltr'><strong>ei</strong></span> <span class='ocrx_word' id='word_1_134' title='bbox 706 1498 1042 1570; x_wconf 89' lang='lat' dir='ltr'><strong>(inquiunt):</strong></span> <span class='ocrx_word' id='word_1_135' title='bbox 1091 1497 1247 1564; x_wconf 87' lang='lat' dir='ltr'><strong>Quod</strong></span> <span class='ocrx_word' id='word_1_136' title='bbox 1294 1498 1432 1552; x_wconf 83' lang='lat' dir='ltr'><strong>dixit</strong></span> <span class='ocrx_word' id='word_1_137' title='bbox 1483 1499 1576 1554; x_wconf 90' lang='lat' dir='ltr'><strong>tibi</strong></span> <span class='ocrx_word' id='word_1_138' title='bbox 1629 1501 1808 1566; x_wconf 87' lang='lat' dir='ltr'><strong>Deus;</strong></span> <span class='ocrx_word' id='word_1_139' title='bbox 1859 1500 1998 1554; x_wconf 85' lang='lat' dir='ltr'><strong>sed:</strong></span> 
     </span>
    </p>
   </div>
   <div class='ocr_carea' id='block_1_17' title="bbox 427 1589 2000 1659">
    <p class='ocr_par' dir='ltr' id='par_1_17' title="bbox 427 1589 2000 1659">
     <span class='ocr_line' id='line_1_17' title="bbox 427 1589 2000 1659; baseline 0 -15"><span class='ocrx_word' id='word_1_140' title='bbox 427 1609 451 1644; x_wconf 74' lang='grc' dir='ltr'><strong>ι</strong></span> <span class='ocrx_word' id='word_1_141' title='bbox 483 1589 850 1658; x_wconf 87' lang='lat' dir='ltr'><strong>Quodcunque</strong></span> <span class='ocrx_word' id='word_1_142' title='bbox 873 1591 1060 1644; x_wconf 81' lang='lat' dir='ltr'><strong>dixero</strong></span> <span class='ocrx_word' id='word_1_143' title='bbox 1091 1591 1212 1644; x_wconf 91' lang='lat' dir='ltr'><strong>tibi.</strong></span> <span class='ocrx_word' id='word_1_144' title='bbox 1249 1609 1269 1642; x_wconf 81' lang='grc' dir='ltr'><strong>ι</strong></span> <span class='ocrx_word' id='word_1_145' title='bbox 1305 1591 1458 1646; x_wconf 87' lang='lat' dir='ltr'><strong>Talia</strong></span> <span class='ocrx_word' id='word_1_146' title='bbox 1501 1601 1670 1654; x_wconf 92' lang='lat' dir='ltr'><strong>sunt,</strong></span> <span class='ocrx_word' id='word_1_147' title='bbox 1705 1601 1868 1659; x_wconf 87' lang='lat' dir='ltr'><strong>atque</strong></span> <span class='ocrx_word' id='word_1_148' title='bbox 1906 1607 2000 1645; x_wconf 84' lang='lat' dir='ltr'><strong>ea-</strong></span> 
     </span>
    </p>
   </div>
   <div class='ocr_carea' id='block_1_18' title="bbox 426 1681 2004 1752">
    <p class='ocr_par' dir='ltr' id='par_1_18' title="bbox 426 1681 2004 1752">
     <span class='ocr_line' id='line_1_18' title="bbox 426 1681 2004 1752; baseline 0 -16"><span class='ocrx_word' id='word_1_149' title='bbox 426 1691 588 1736; x_wconf 87' lang='lat' dir='ltr'><strong>tenus</strong></span> <span class='ocrx_word' id='word_1_150' title='bbox 617 1696 783 1750; x_wconf 87' lang='lat' dir='ltr'><strong>prava</strong></span> <span class='ocrx_word' id='word_1_151' title='bbox 819 1696 939 1750; x_wconf 72' lang='lat' dir='ltr'><strong>qua:</strong></span> <span class='ocrx_word' id='word_1_152' title='bbox 983 1681 1057 1735; x_wconf 92' lang='lat' dir='ltr'><strong>illi</strong></span> <span class='ocrx_word' id='word_1_153' title='bbox 1101 1681 1404 1752; x_wconf 78' lang='lat' dir='ltr'><strong>proferunt.</strong></span> <span class='ocrx_word' id='word_1_154' title='bbox 1440 1684 1512 1736; x_wconf 85' lang='lat' dir='ltr'><strong>At</strong></span> <span class='ocrx_word' id='word_1_155' title='bbox 1541 1697 1608 1736; x_wconf 94' lang='lat' dir='ltr'><strong>ne</strong></span> <span class='ocrx_word' id='word_1_156' title='bbox 1653 1681 2004 1751; x_wconf 82' lang='lat' dir='ltr'><strong>sibimetipsis</strong></span> 
     </span>
    </p>
   </div>
   <div class='ocr_carea' id='block_1_19' title="bbox 2100 678 3667 750">
    <p class='ocr_par' dir='ltr' id='par_1_19' title="bbox 2100 678 3667 750">
     <span class='ocr_line' id='line_1_19' title="bbox 2100 678 3667 750; baseline 0 -18"><span class='ocrx_word' id='word_1_157' title='bbox 2100 701 2118 732; x_wconf 80' lang='grc' dir='ltr'><strong>ι</strong></span> <span class='ocrx_word' id='word_1_158' title='bbox 2154 683 2181 733; x_wconf 99' lang='lat'><strong>6</strong></span> <span class='ocrx_word' id='word_1_159' title='bbox 2215 679 2444 748; x_wconf 78' lang='grc' dir='ltr'>ἄγγελος</span> <span class='ocrx_word' id='word_1_160' title='bbox 2473 678 2566 732; x_wconf 84' lang='grc' dir='ltr'><strong>τοῦ</strong></span> <span class='ocrx_word' id='word_1_161' title='bbox 2599 678 2733 731; x_wconf 85' lang='grc' dir='ltr'>Θεοῦ</span> <span class='ocrx_word' id='word_1_162' title='bbox 2769 679 2903 748; x_wconf 86' lang='grc' dir='ltr'>πρὸς</span> <span class='ocrx_word' id='word_1_163' title='bbox 2945 679 3174 750; x_wconf 86' lang='grc' dir='ltr'>Βαλαάμ</span> <span class='ocrx_word' id='word_1_164' title='bbox 3195 698 3208 710; x_wconf 89' lang='grc'><strong>·</strong></span> <span class='ocrx_word' id='word_1_165' title='bbox 3246 679 3667 750; x_wconf 81' lang='grc' dir='ltr'>Συμπορεύθητι</span> 
     </span>
    </p>
   </div>
   <div class='ocr_carea' id='block_1_20' title="bbox 2096 769 3668 843">
    <p class='ocr_par' dir='ltr' id='par_1_20' title="bbox 2096 769 3668 843">
     <span class='ocr_line' id='line_1_20' title="bbox 2096 769 3668 843; baseline 0.001 -19"><span class='ocrx_word' id='word_1_166' title='bbox 2096 771 2237 843; x_wconf 79' lang='grc' dir='ltr'>μετὰ</span> <span class='ocrx_word' id='word_1_167' title='bbox 2278 769 2389 824; x_wconf 86' lang='grc' dir='ltr'><strong>τῶν</strong></span> <span class='ocrx_word' id='word_1_168' title='bbox 2425 769 2730 840; x_wconf 82' lang='grc' dir='ltr'>ἀνθρώπων</span> <span class='ocrx_word' id='word_1_169' title='bbox 2771 771 3016 822; x_wconf 75' lang='grc' dir='ltr'>τούτων·</span> <span class='ocrx_word' id='word_1_170' title='bbox 3055 771 3196 841; x_wconf 79' lang='grc' dir='ltr'>πλὴν</span> <span class='ocrx_word' id='word_1_171' title='bbox 3221 771 3282 824; x_wconf 83' lang='grc' dir='ltr'><strong>τδ</strong></span> <span class='ocrx_word' id='word_1_172' title='bbox 3314 771 3488 843; x_wconf 78' lang='grc' dir='ltr'>ῥῆμα,</span> <span class='ocrx_word' id='word_1_173' title='bbox 3516 772 3544 824; x_wconf 81' lang='grc' dir='ltr'>ὃ</span> <span class='ocrx_word' id='word_1_174' title='bbox 3573 771 3668 828; x_wconf 70' lang='grc' dir='ltr'>ἐὰν</span> 
     </span>
    </p>
   </div>
   <div class='ocr_carea' id='block_1_21' title="bbox 2095 855 3671 931">
    <p class='ocr_par' dir='ltr' id='par_1_21' title="bbox 2095 855 3671 931">
     <span class='ocr_line' id='line_1_21' title="bbox 2095 855 3671 931; baseline 0 -18"><span class='ocrx_word' id='word_1_175' title='bbox 2095 859 2234 914; x_wconf 81' lang='grc' dir='ltr'>εἴπω</span> <span class='ocrx_word' id='word_1_176' title='bbox 2261 859 2396 931; x_wconf 82' lang='grc' dir='ltr'>πρὸς</span> <span class='ocrx_word' id='word_1_177' title='bbox 2442 859 2522 922; x_wconf 81' lang='grc' dir='ltr'><strong>σὲ,</strong></span> <span class='ocrx_word' id='word_1_178' title='bbox 2552 857 2712 910; x_wconf 88' lang='grc' dir='ltr'>τοῦτο</span> <span class='ocrx_word' id='word_1_179' title='bbox 2743 857 2955 931; x_wconf 78' lang='grc' dir='ltr'><strong>φυλάξῃ</strong></span> <span class='ocrx_word' id='word_1_180' title='bbox 2987 859 3244 928; x_wconf 77' lang='grc' dir='ltr'>ποιῆσαιο</span> <span class='ocrx_word' id='word_1_181' title='bbox 3281 879 3300 910; x_wconf 82' lang='grc' dir='ltr'><strong>ι</strong></span> <span class='ocrx_word' id='word_1_182' title='bbox 3332 859 3427 912; x_wconf 76' lang='grc' dir='ltr'>καὶ</span> <span class='ocrx_word' id='word_1_183' title='bbox 3453 861 3553 914; x_wconf 83' lang='grc' dir='ltr'>οὐκ</span> <span class='ocrx_word' id='word_1_184' title='bbox 3592 855 3671 913; x_wconf 77' lang='grc' dir='ltr'><strong>εῖ-</strong></span> 
     </span>
    </p>
   </div>
   <div class='ocr_carea' id='block_1_22' title="bbox 2099 945 3669 1022">
    <p class='ocr_par' dir='ltr' id='par_1_22' title="bbox 2099 945 3669 1022">
     <span class='ocr_line' id='line_1_22' title="bbox 2099 945 3669 1022; baseline 0 -16"><span class='ocrx_word' id='word_1_185' title='bbox 2099 970 2200 1006; x_wconf 87' lang='grc' dir='ltr'><strong>πεν</strong></span> <span class='ocrx_word' id='word_1_186' title='bbox 2230 945 2426 1022; x_wconf 72' lang='grc' dir='ltr'>αὐτῷ,</span> <span class='ocrx_word' id='word_1_187' title='bbox 2459 951 2656 1022; x_wconf 83' lang='grc' dir='ltr'>φησίν·</span> <span class='ocrx_word' id='word_1_188' title='bbox 2695 951 2760 1004; x_wconf 89' lang='grc' dir='ltr'><em>Ὃ</em></span> <span class='ocrx_word' id='word_1_189' title='bbox 2788 946 2942 1003; x_wconf 74' lang='grc' dir='ltr'>εἶπέν</span> <span class='ocrx_word' id='word_1_190' title='bbox 2985 955 3119 1006; x_wconf 88' lang='grc' dir='ltr'><strong>σοιὸ</strong></span> <span class='ocrx_word' id='word_1_191' title='bbox 3155 952 3320 1016; x_wconf 75' lang='grc' dir='ltr'><strong>Θεόςο</strong></span> <span class='ocrx_word' id='word_1_192' title='bbox 3357 953 3494 1018; x_wconf 81' lang='grc' dir='ltr'>ἀλλ’,</span> <span class='ocrx_word' id='word_1_193' title='bbox 3533 974 3552 1005; x_wconf 86' lang='grc'>‹</span> <span class='ocrx_word' id='word_1_194' title='bbox 3603 956 3669 1007; x_wconf 88' lang='grc' dir='ltr'><em>Ὃ</em></span> 
     </span>
    </p>
   </div>
   <div class='ocr_carea' id='block_1_23' title="bbox 2097 1042 3673 1106">
    <p class='ocr_par' dir='ltr' id='par_1_23' title="bbox 2097 1042 3673 1106">
     <span class='ocr_line' id='line_1_23' title="bbox 2097 1042 3673 1106; baseline -0.002 -7"><span class='ocrx_word' id='word_1_195' title='bbox 2097 1045 2194 1099; x_wconf 75' lang='grc' dir='ltr'><strong>ἐὰν</strong></span> <span class='ocrx_word' id='word_1_196' title='bbox 2223 1046 2362 1098; x_wconf 77' lang='grc' dir='ltr'>εἴπω</span> <span class='ocrx_word' id='word_1_197' title='bbox 2397 1061 2499 1096; x_wconf 91' lang='grc' dir='ltr'>σοι.</span> <span class='ocrx_word' id='word_1_198' title='bbox 2540 1062 2558 1093; x_wconf 81' lang='grc' dir='ltr'><strong>ι</strong></span> <span class='ocrx_word' id='word_1_199' title='bbox 2602 1042 2689 1094; x_wconf 84' lang='grc' dir='ltr'>Ἐν</span> <span class='ocrx_word' id='word_1_200' title='bbox 2719 1042 2982 1105; x_wconf 75' lang='grc' dir='ltr'><strong>τοιούτοις</strong></span> <span class='ocrx_word' id='word_1_201' title='bbox 3023 1045 3214 1106; x_wconf 79' lang='grc' dir='ltr'>κακοῖς</span> <span class='ocrx_word' id='word_1_202' title='bbox 3256 1043 3325 1096; x_wconf 79' lang='grc' dir='ltr'><strong>τά</strong></span> <span class='ocrx_word' id='word_1_203' title='bbox 3365 1045 3486 1097; x_wconf 76' lang='grc' dir='ltr'>κατῗ</span> <span class='ocrx_word' id='word_1_204' title='bbox 3530 1043 3673 1097; x_wconf 81' lang='grc' dir='ltr'>ὲκεί-</span> 
     </span>
    </p>
   </div>
   <div class='ocr_carea' id='block_1_24' title="bbox 2097 1133 3672 1206">
    <p class='ocr_par' dir='ltr' id='par_1_24' title="bbox 2097 1133 3672 1206">
     <span class='ocr_line' id='line_1_24' title="bbox 2097 1133 3672 1206; baseline -0.002 -15"><span class='ocrx_word' id='word_1_205' title='bbox 2097 1154 2253 1200; x_wconf 72' lang='grc' dir='ltr'>νουςο</span> <span class='ocrx_word' id='word_1_206' title='bbox 2287 1137 2384 1189; x_wconf 71' lang='grc' dir='ltr'>καὶ</span> <span class='ocrx_word' id='word_1_207' title='bbox 2414 1136 2488 1206; x_wconf 82' lang='grc' dir='ltr'>μὴ</span> <span class='ocrx_word' id='word_1_208' title='bbox 2518 1135 2594 1198; x_wconf 86' lang='grc' dir='ltr'>ὡς</span> <span class='ocrx_word' id='word_1_209' title='bbox 2624 1133 2951 1206; x_wconf 76' lang='grc' dir='ltr'><strong>κρατοῦντες</strong></span> <span class='ocrx_word' id='word_1_210' title='bbox 2979 1133 3448 1204; x_wconf 82' lang='grc' dir='ltr'>σεμνυνέσθωσαν.</span> <span class='ocrx_word' id='word_1_211' title='bbox 3485 1136 3672 1206; x_wconf 83' lang='grc' dir='ltr'><strong>Ἡμεῖς</strong></span> 
     </span>
    </p>
   </div>
   <div class='ocr_carea' id='block_1_25' title="bbox 2099 1223 3670 1296">
    <p class='ocr_par' dir='ltr' id='par_1_25' title="bbox 2099 1223 3670 1296">
     <span class='ocr_line' id='line_1_25' title="bbox 2099 1223 3670 1296; baseline -0.001 -16"><span class='ocrx_word' id='word_1_212' title='bbox 2099 1227 2158 1280; x_wconf 80' lang='grc' dir='ltr'>δὲ</span> <span class='ocrx_word' id='word_1_213' title='bbox 2187 1226 2487 1290; x_wconf 86' lang='grc' dir='ltr'>δείσαντες,</span> <span class='ocrx_word' id='word_1_214' title='bbox 2517 1227 2590 1296; x_wconf 87' lang='grc' dir='ltr'><strong>μή</strong></span> <span class='ocrx_word' id='word_1_215' title='bbox 2626 1242 2769 1278; x_wconf 89' lang='grc' dir='ltr'>τισιν</span> <span class='ocrx_word' id='word_1_216' title='bbox 2801 1224 3042 1294; x_wconf 77' lang='grc' dir='ltr'><strong>δόξωμεν</strong></span> <span class='ocrx_word' id='word_1_217' title='bbox 3067 1223 3324 1294; x_wconf 83' lang='grc' dir='ltr'>χρῆσθαι,</span> <span class='ocrx_word' id='word_1_218' title='bbox 3352 1225 3429 1288; x_wconf 86' lang='grc' dir='ltr'>ὡς</span> <span class='ocrx_word' id='word_1_219' title='bbox 3456 1227 3670 1294; x_wconf 76' lang='grc' dir='ltr'>ἐκεῖνοι,</span> 
     </span>
    </p>
   </div>
   <div class='ocr_carea' id='block_1_26' title="bbox 2103 1317 3674 1389">
    <p class='ocr_par' dir='ltr' id='par_1_26' title="bbox 2103 1317 3674 1389">
     <span class='ocr_line' id='line_1_26' title="bbox 2103 1317 3674 1389; baseline 0.001 -16"><span class='ocrx_word' id='word_1_220' title='bbox 2103 1320 2359 1389; x_wconf 79' lang='grc' dir='ltr'>σοφιστοῦ</span> <span class='ocrx_word' id='word_1_221' title='bbox 2393 1336 2538 1382; x_wconf 82' lang='grc' dir='ltr'>τινος</span> <span class='ocrx_word' id='word_1_222' title='bbox 2577 1319 2652 1382; x_wconf 84' lang='grc' dir='ltr'>ὼς</span> <span class='ocrx_word' id='word_1_223' title='bbox 2700 1317 2918 1388; x_wconf 81' lang='grc' dir='ltr'>άληθῶς</span> <span class='ocrx_word' id='word_1_224' title='bbox 2968 1317 3239 1389; x_wconf 80' lang='grc' dir='ltr'><strong>εἰρωνείᾳ,</strong></span> <span class='ocrx_word' id='word_1_225' title='bbox 3296 1318 3456 1382; x_wconf 75' lang='grc' dir='ltr'>εὐθὺς</span> <span class='ocrx_word' id='word_1_226' title='bbox 3492 1319 3568 1380; x_wconf 86' lang='grc' dir='ltr'><strong>ὡς</strong></span> <span class='ocrx_word' id='word_1_227' title='bbox 3608 1321 3674 1374; x_wconf 81' lang='grc' dir='ltr'><strong>ἐκ</strong></span> 
     </span>
    </p>
   </div>
   <div class='ocr_carea' id='block_1_27' title="bbox 2101 1408 3676 1483">
    <p class='ocr_par' dir='ltr' id='par_1_27' title="bbox 2101 1408 3676 1483">
     <span class='ocr_line' id='line_1_27' title="bbox 2101 1408 3676 1483; baseline 0 -17"><span class='ocrx_word' id='word_1_228' title='bbox 2101 1411 2329 1483; x_wconf 86' lang='grc' dir='ltr'>πρώτης</span> <span class='ocrx_word' id='word_1_229' title='bbox 2358 1410 2542 1481; x_wconf 79' lang='grc' dir='ltr'>σχεδὸν</span> <span class='ocrx_word' id='word_1_230' title='bbox 2579 1410 2870 1480; x_wconf 72' lang='grc' dir='ltr'>συλλαϐῆς,</span> <span class='ocrx_word' id='word_1_231' title='bbox 2901 1408 3043 1462; x_wconf 74' lang='grc' dir='ltr'>οὕτω</span> <span class='ocrx_word' id='word_1_232' title='bbox 3071 1409 3230 1480; x_wconf 82' lang='grc' dir='ltr'>μέχρι</span> <span class='ocrx_word' id='word_1_233' title='bbox 3265 1410 3358 1462; x_wconf 77' lang='grc' dir='ltr'><strong>καὶ</strong></span> <span class='ocrx_word' id='word_1_234' title='bbox 3391 1410 3554 1464; x_wconf 74' lang='grc' dir='ltr'>αὑτοῦ</span> <span class='ocrx_word' id='word_1_235' title='bbox 3579 1409 3676 1466; x_wconf 79' lang='grc' dir='ltr'><strong>τοῦ</strong></span> 
     </span>
    </p>
   </div>
   <div class='ocr_carea' id='block_1_28' title="bbox 2101 1499 3676 1573">
    <p class='ocr_par' dir='ltr' id='par_1_28' title="bbox 2101 1499 3676 1573">
     <span class='ocr_line' id='line_1_28' title="bbox 2101 1499 3676 1573; baseline -0.002 -16"><span class='ocrx_word' id='word_1_236' title='bbox 2101 1503 2314 1566; x_wconf 79' lang='grc' dir='ltr'><strong>τέλους,</strong></span> <span class='ocrx_word' id='word_1_237' title='bbox 2359 1502 2619 1572; x_wconf 76' lang='grc' dir='ltr'>πλείστην</span> <span class='ocrx_word' id='word_1_238' title='bbox 2647 1501 2772 1554; x_wconf 80' lang='grc' dir='ltr'>τινὰ</span> <span class='ocrx_word' id='word_1_239' title='bbox 2799 1500 2898 1569; x_wconf 78' lang='grc' dir='ltr'>τῆς</span> <span class='ocrx_word' id='word_1_240' title='bbox 2936 1499 3193 1568; x_wconf 84' lang='grc' dir='ltr'>ἀληθείας</span> <span class='ocrx_word' id='word_1_241' title='bbox 3237 1501 3489 1571; x_wconf 82' lang='grc' dir='ltr'>πρόνοιαν</span> <span class='ocrx_word' id='word_1_242' title='bbox 3519 1501 3676 1573; x_wconf 84' lang='grc' dir='ltr'>ποιή-</span> 
     </span>
    </p>
   </div>
   <div class='ocr_carea' id='block_1_29' title="bbox 2110 1587 3677 1664">
    <p class='ocr_par' dir='ltr' id='par_1_29' title="bbox 2110 1587 3677 1664">
     <span class='ocr_line' id='line_1_29' title="bbox 2110 1587 3677 1664; baseline -0.003 -16"><span class='ocrx_word' id='word_1_243' title='bbox 2110 1611 2316 1664; x_wconf 88' lang='grc' dir='ltr'>σωμεν,</span> <span class='ocrx_word' id='word_1_244' title='bbox 2352 1593 2720 1662; x_wconf 82' lang='grc' dir='ltr'>διελέγχοντες</span> <span class='ocrx_word' id='word_1_245' title='bbox 2750 1589 2963 1653; x_wconf 79' lang='grc' dir='ltr'>αὐτούς.</span> <span class='ocrx_word' id='word_1_246' title='bbox 2988 1591 3132 1643; x_wconf 83' lang='grc' dir='ltr'>Ἰστε</span> <span class='ocrx_word' id='word_1_247' title='bbox 3155 1591 3218 1661; x_wconf 81' lang='grc' dir='ltr'>δὴ</span> <span class='ocrx_word' id='word_1_248' title='bbox 3251 1587 3366 1657; x_wconf 79' lang='grc' dir='ltr'>οὖν,</span> <span class='ocrx_word' id='word_1_249' title='bbox 3400 1593 3447 1645; x_wconf 80' lang='lat' dir='ltr'><strong>oi</strong></span> <span class='ocrx_word' id='word_1_250' title='bbox 3478 1609 3677 1662; x_wconf 86' lang='grc' dir='ltr'>συγγε-</span> 
     </span>
    </p>
   </div>
   <div class='ocr_carea' id='block_1_30' title="bbox 2103 1686 3677 1762">
    <p class='ocr_par' dir='ltr' id='par_1_30' title="bbox 2103 1686 3677 1762">
     <span class='ocr_line' id='line_1_30' title="bbox 2103 1686 3677 1762; baseline -0.004 -17"><span class='ocrx_word' id='word_1_251' title='bbox 2103 1691 2322 1762; x_wconf 88' lang='grc' dir='ltr'>νόμενοι</span> <span class='ocrx_word' id='word_1_252' title='bbox 2373 1687 2452 1759; x_wconf 86' lang='grc' dir='ltr'>τῷ</span> <span class='ocrx_word' id='word_1_253' title='bbox 2479 1705 2540 1740; x_wconf 89' lang='grc' dir='ltr'><strong>τε</strong></span> <span class='ocrx_word' id='word_1_254' title='bbox 2574 1687 2676 1757; x_wconf 82' lang='grc' dir='ltr'>τῆς</span> <span class='ocrx_word' id='word_1_255' title='bbox 2707 1686 3046 1758; x_wconf 82' lang='grc' dir='ltr'>προφητείας</span> <span class='ocrx_word' id='word_1_256' title='bbox 3071 1686 3237 1756; x_wconf 77' lang='grc' dir='ltr'>λόγῳ,</span> <span class='ocrx_word' id='word_1_257' title='bbox 3265 1688 3359 1740; x_wconf 75' lang='grc' dir='ltr'>καὶ</span> <span class='ocrx_word' id='word_1_258' title='bbox 3397 1689 3506 1751; x_wconf 81' lang='grc' dir='ltr'>τοῖς</span> <span class='ocrx_word' id='word_1_259' title='bbox 3543 1705 3677 1758; x_wconf 65' lang='grc' dir='ltr'>μνη-</span> 
     </span>
    </p>
   </div>
   <div class='ocr_carea' id='block_1_31' title="bbox 424 1771 2007 1855">
    <p class='ocr_par' dir='ltr' id='par_1_31' title="bbox 424 1771 2005 1843">
     <span class='ocr_line' id='line_1_31' title="bbox 424 1771 2005 1843; baseline 0.001 -15"><span class='ocrx_word' id='word_1_260' title='bbox 424 1774 574 1843; x_wconf 88' lang='lat' dir='ltr'><strong>quasi</strong></span> <span class='ocrx_word' id='word_1_261' title='bbox 608 1774 840 1827; x_wconf 87' lang='lat' dir='ltr'><strong>victores</strong></span> <span class='ocrx_word' id='word_1_262' title='bbox 871 1773 1236 1828; x_wconf 87' lang='lat' dir='ltr'><strong>blandiantur.</strong></span> <span class='ocrx_word' id='word_1_263' title='bbox 1276 1771 1385 1830; x_wconf 84' lang='lat' dir='ltr'><strong>Nos</strong></span> <span class='ocrx_word' id='word_1_264' title='bbox 1430 1789 1560 1828; x_wconf 87' lang='lat' dir='ltr'><strong>vero</strong></span> <span class='ocrx_word' id='word_1_265' title='bbox 1595 1783 1897 1828; x_wconf 82' lang='lat' dir='ltr'><strong>metuentes</strong></span> <span class='ocrx_word' id='word_1_266' title='bbox 1935 1787 2005 1828; x_wconf 88' lang='lat' dir='ltr'><strong>ne</strong></span> 
     </span>
    </p>
   </div>
   <div class='ocr_carea' id='block_1_32' title="bbox 2114 1771 3675 1855">
    <p class='ocr_par' dir='ltr' id='par_1_32' title="bbox 2114 1777 3675 1855">
     <span class='ocr_line' id='line_1_32' title="bbox 2114 1777 3675 1855; baseline -0.001 -20"><span class='ocrx_word' id='word_1_267' title='bbox 2114 1781 2450 1855; x_wconf 81' lang='grc' dir='ltr'>μονευθείσιν</span> <span class='ocrx_word' id='word_1_268' title='bbox 2495 1779 2662 1842; x_wconf 86' lang='grc' dir='ltr'>θείοις</span> <span class='ocrx_word' id='word_1_269' title='bbox 2705 1779 2981 1848; x_wconf 78' lang='grc' dir='ltr'>γραφίοις,</span> <span class='ocrx_word' id='word_1_270' title='bbox 3030 1777 3106 1841; x_wconf 84' lang='grc' dir='ltr'>ὡς</span> <span class='ocrx_word' id='word_1_271' title='bbox 3142 1779 3169 1830; x_wconf 87' lang='lat'><strong>6</strong></span> <span class='ocrx_word' id='word_1_272' title='bbox 3221 1779 3448 1842; x_wconf 75' lang='grc' dir='ltr'>Ἡσαΐας</span> <span class='ocrx_word' id='word_1_273' title='bbox 3487 1779 3675 1833; x_wconf 86' lang='grc' dir='ltr'>κελευ-</span> 
     </span>
    </p>
   </div>
   <div class='ocr_carea' id='block_1_33' title="bbox 424 1847 2007 1944">
    <p class='ocr_par' dir='ltr' id='par_1_33' title="bbox 424 1864 2002 1937">
     <span class='ocr_line' id='line_1_33' title="bbox 424 1864 2002 1937; baseline 0 -17"><span class='ocrx_word' id='word_1_274' title='bbox 424 1864 694 1934; x_wconf 86' lang='lat' dir='ltr'><strong>aliquibus</strong></span> <span class='ocrx_word' id='word_1_275' title='bbox 715 1865 908 1930; x_wconf 88' lang='lat' dir='ltr'><strong>ironia,</strong></span> <span class='ocrx_word' id='word_1_276' title='bbox 943 1866 1046 1918; x_wconf 90' lang='lat' dir='ltr'><strong>hoc</strong></span> <span class='ocrx_word' id='word_1_277' title='bbox 1069 1875 1173 1932; x_wconf 90' lang='lat' dir='ltr'><strong>est,</strong></span> <span class='ocrx_word' id='word_1_278' title='bbox 1201 1865 1638 1919; x_wconf 80' lang='lat' dir='ltr'><strong>dissimulatione</strong></span> <span class='ocrx_word' id='word_1_279' title='bbox 1665 1864 1784 1937; x_wconf 88' lang='lat'>(86)</span> <span class='ocrx_word' id='word_1_280' title='bbox 1815 1879 2002 1920; x_wconf 86' lang='lat' dir='ltr'><strong>revera</strong></span> 
     </span>
    </p>
   </div>
   <div class='ocr_carea' id='block_1_34' title="bbox 2114 1847 3676 1944">
    <p class='ocr_par' dir='ltr' id='par_1_34' title="bbox 2114 1847 3676 1944">
     <span class='ocr_line' id='line_1_34' title="bbox 2114 1847 3676 1944; baseline -0.004 -16"><span class='ocrx_word' id='word_1_281' title='bbox 2114 1847 2258 1938; x_wconf 72' lang='grc' dir='ltr'>σθεὶς</span> <span class='ocrx_word' id='word_1_282' title='bbox 2293 1871 2448 1944; x_wconf 81' lang='grc' dir='ltr'>παρὰ</span> <span class='ocrx_word' id='word_1_283' title='bbox 2489 1871 2582 1924; x_wconf 89' lang='grc' dir='ltr'><strong>τοῦ</strong></span> <span class='ocrx_word' id='word_1_284' title='bbox 2631 1847 2943 1940; x_wconf 81' lang='grc' dir='ltr'>καθημένου</span> <span class='ocrx_word' id='word_1_285' title='bbox 2972 1869 3064 1921; x_wconf 72' lang='grc' dir='ltr'><strong>ἐπὶ</strong></span> <span class='ocrx_word' id='word_1_286' title='bbox 3091 1869 3184 1922; x_wconf 89' lang='grc' dir='ltr'><strong>τοῦ</strong></span> <span class='ocrx_word' id='word_1_287' title='bbox 3219 1870 3434 1923; x_wconf 79' lang='grc' dir='ltr'>αἰωνίου</span> <span class='ocrx_word' id='word_1_288' title='bbox 3463 1869 3676 1941; x_wconf 85' lang='grc' dir='ltr'>θρόνου,</span> 
     </span>
    </p>
   </div>
   <div class='ocr_carea' id='block_1_35' title="bbox 425 1955 2003 2028">
    <p class='ocr_par' dir='ltr' id='par_1_35' title="bbox 425 1955 2003 2028">
     <span class='ocr_line' id='line_1_35' title="bbox 425 1955 2003 2028; baseline -0.003 -14"><span class='ocrx_word' id='word_1_289' title='bbox 425 1957 788 2028; x_wconf 82' lang='lat' dir='ltr'><strong>scphistarum</strong></span> <span class='ocrx_word' id='word_1_290' title='bbox 820 1957 1038 2026; x_wconf 89' lang='lat' dir='ltr'><strong>propria</strong></span> <span class='ocrx_word' id='word_1_291' title='bbox 1071 1955 1232 2027; x_wconf 62' lang='grc'><strong>243</strong></span> <span class='ocrx_word' id='word_1_292' title='bbox 1279 1956 1354 2010; x_wconf 90' lang='lat' dir='ltr'><strong>uti</strong></span> <span class='ocrx_word' id='word_1_293' title='bbox 1382 1955 1683 2020; x_wconf 79' lang='lat' dir='ltr'><strong>videamur,</strong></span> <span class='ocrx_word' id='word_1_294' title='bbox 1712 1966 1770 2009; x_wconf 94' lang='lat' dir='ltr'><strong>ut</strong></span> <span class='ocrx_word' id='word_1_295' title='bbox 1801 1957 1896 2024; x_wconf 87' lang='lat' dir='ltr'><strong>ipsi</strong></span> <span class='ocrx_word' id='word_1_296' title='bbox 1923 1955 2003 2010; x_wconf 79' lang='lat' dir='ltr'><strong>[a-</strong></span> 
     </span>
    </p>
   </div>
   <div class='ocr_carea' id='block_1_36' title="bbox 427 2049 2000 2119">
    <p class='ocr_par' dir='ltr' id='par_1_36' title="bbox 427 2049 2000 2119">
     <span class='ocr_line' id='line_1_36' title="bbox 427 2049 2000 2119; baseline -0.003 -12"><span class='ocrx_word' id='word_1_297' title='bbox 427 2052 612 2119; x_wconf 88' lang='lat' dir='ltr'><strong>ciuut,</strong></span> <span class='ocrx_word' id='word_1_298' title='bbox 641 2051 693 2106; x_wconf 92' lang='lat' dir='ltr'><strong>id</strong></span> <span class='ocrx_word' id='word_1_299' title='bbox 726 2052 962 2105; x_wconf 79' lang='lat' dir='ltr'><strong>maxime</strong></span> <span class='ocrx_word' id='word_1_300' title='bbox 990 2064 1274 2114; x_wconf 91' lang='lat' dir='ltr'><strong>curemus,</strong></span> <span class='ocrx_word' id='word_1_301' title='bbox 1312 2049 1438 2102; x_wconf 90' lang='lat' dir='ltr'><strong>dum</strong></span> <span class='ocrx_word' id='word_1_302' title='bbox 1463 2063 1558 2104; x_wconf 86' lang='lat' dir='ltr'><strong>eos</strong></span> <span class='ocrx_word' id='word_1_303' title='bbox 1601 2049 2000 2118; x_wconf 78' lang='lat' dir='ltr'><strong>redarguimus,</strong></span> 
     </span>
    </p>
   </div>
   <div class='ocr_carea' id='block_1_37' title="bbox 428 2143 2005 2215">
    <p class='ocr_par' dir='ltr' id='par_1_37' title="bbox 428 2143 2005 2215">
     <span class='ocr_line' id='line_1_37' title="bbox 428 2143 2005 2215; baseline -0.001 -16"><span class='ocrx_word' id='word_1_304' title='bbox 428 2157 462 2199; x_wconf 86' lang='lat' dir='ltr'><strong>a</strong></span> <span class='ocrx_word' id='word_1_305' title='bbox 488 2143 661 2214; x_wconf 90' lang='lat' dir='ltr'><strong>prima</strong></span> <span class='ocrx_word' id='word_1_306' title='bbox 708 2145 822 2200; x_wconf 89' lang='lat' dir='ltr'><strong>lere</strong></span> <span class='ocrx_word' id='word_1_307' title='bbox 863 2145 1091 2215; x_wconf 79' lang='lat' dir='ltr'><strong>syllaba,</strong></span> <span class='ocrx_word' id='word_1_308' title='bbox 1128 2154 1188 2200; x_wconf 92' lang='lat' dir='ltr'><strong>ut</strong></span> <span class='ocrx_word' id='word_1_309' title='bbox 1215 2145 1296 2200; x_wconf 90' lang='lat' dir='ltr'><strong>sic</strong></span> <span class='ocrx_word' id='word_1_310' title='bbox 1331 2144 1544 2214; x_wconf 90' lang='lat' dir='ltr'><strong>loquar,</strong></span> <span class='ocrx_word' id='word_1_311' title='bbox 1611 2159 1780 2212; x_wconf 89' lang='lat' dir='ltr'><strong>usque</strong></span> <span class='ocrx_word' id='word_1_312' title='bbox 1809 2143 1874 2198; x_wconf 85' lang='lat' dir='ltr'><strong>ad</strong></span> <span class='ocrx_word' id='word_1_313' title='bbox 1907 2159 2005 2198; x_wconf 88' lang='lat' dir='ltr'><strong>ex-</strong></span> 
     </span>
    </p>
   </div>
   <div class='ocr_carea' id='block_1_38' title="bbox 357 2221 2001 2305">
    <p class='ocr_par' dir='ltr' id='par_1_38' title="bbox 357 2221 2001 2305">
     <span class='ocr_line' id='line_1_38' title="bbox 357 2221 2001 2305; baseline 0.001 -17"><span class='ocrx_word' id='word_1_314' title='bbox 357 2221 361 2224; x_wconf 19' lang='lat'><strong><em>.</em></strong></span> <span class='ocrx_word' id='word_1_315' title='bbox 431 2245 660 2291; x_wconf 80' lang='lat' dir='ltr'><strong>tremant</strong></span> <span class='ocrx_word' id='word_1_316' title='bbox 688 2277 704 2300; x_wconf 91' lang='lat'><strong>,</strong></span> <span class='ocrx_word' id='word_1_317' title='bbox 741 2244 801 2289; x_wconf 90' lang='lat' dir='ltr'><strong>ut</strong></span> <span class='ocrx_word' id='word_1_318' title='bbox 854 2235 1142 2290; x_wconf 85' lang='lat' dir='ltr'><strong>veritatem</strong></span> <span class='ocrx_word' id='word_1_319' title='bbox 1197 2236 1250 2289; x_wconf 92' lang='lat' dir='ltr'><strong>in</strong></span> <span class='ocrx_word' id='word_1_320' title='bbox 1295 2251 1391 2291; x_wconf 91' lang='lat' dir='ltr'><strong>ore</strong></span> <span class='ocrx_word' id='word_1_321' title='bbox 1440 2251 1654 2305; x_wconf 85' lang='lat' dir='ltr'><strong>semper</strong></span> <span class='ocrx_word' id='word_1_322' title='bbox 1689 2237 2001 2290; x_wconf 86' lang='lat' dir='ltr'><strong>habeamus.</strong></span> 
     </span>
    </p>
   </div>
   <div class='ocr_carea' id='block_1_39' title="bbox 429 2325 2002 2395">
    <p class='ocr_par' dir='ltr' id='par_1_39' title="bbox 429 2325 2002 2395">
     <span class='ocr_line' id='line_1_39' title="bbox 429 2325 2002 2395; baseline -0.001 -15"><span class='ocrx_word' id='word_1_323' title='bbox 429 2325 614 2394; x_wconf 83' lang='lat' dir='ltr'><strong>Itaque</strong></span> <span class='ocrx_word' id='word_1_324' title='bbox 652 2335 710 2379; x_wconf 90' lang='lat' dir='ltr'><strong>ut</strong></span> <span class='ocrx_word' id='word_1_325' title='bbox 735 2326 802 2380; x_wconf 89' lang='lat' dir='ltr'><strong>ad</strong></span> <span class='ocrx_word' id='word_1_326' title='bbox 833 2341 952 2391; x_wconf 87' lang='lat' dir='ltr'><strong>vos,</strong></span> <span class='ocrx_word' id='word_1_327' title='bbox 1002 2327 1094 2393; x_wconf 86' lang='lat' dir='ltr'><strong>qui</strong></span> <span class='ocrx_word' id='word_1_328' title='bbox 1121 2326 1174 2380; x_wconf 94' lang='lat' dir='ltr'><strong>in</strong></span> <span class='ocrx_word' id='word_1_329' title='bbox 1200 2325 1514 2395; x_wconf 88' lang='lat' dir='ltr'><strong>prophetico</strong></span> <span class='ocrx_word' id='word_1_330' title='bbox 1548 2341 1826 2392; x_wconf 86' lang='lat' dir='ltr'><strong>sermone,</strong></span> <span class='ocrx_word' id='word_1_331' title='bbox 1867 2335 1923 2378; x_wconf 88' lang='lat' dir='ltr'><strong>et</strong></span> <span class='ocrx_word' id='word_1_332' title='bbox 1950 2327 2002 2379; x_wconf 94' lang='lat' dir='ltr'><strong>in</strong></span> 
     </span>
    </p>
   </div>
   <div class='ocr_carea' id='block_1_40' title="bbox 429 2417 2005 2488">
    <p class='ocr_par' dir='ltr' id='par_1_40' title="bbox 429 2417 2005 2488">
     <span class='ocr_line' id='line_1_40' title="bbox 429 2417 2005 2488; baseline -0.001 -16"><span class='ocrx_word' id='word_1_333' title='bbox 429 2418 646 2483; x_wconf 82' lang='lat' dir='ltr'><strong>divinis,</strong></span> <span class='ocrx_word' id='word_1_334' title='bbox 681 2433 802 2488; x_wconf 73' lang='lat' dir='ltr'><strong>qua:</strong></span> <span class='ocrx_word' id='word_1_335' title='bbox 853 2431 1275 2473; x_wconf 87' lang='lat' dir='ltr'><strong>commemorata</strong></span> <span class='ocrx_word' id='word_1_336' title='bbox 1329 2427 1491 2481; x_wconf 87' lang='lat' dir='ltr'><strong>sunt,</strong></span> <span class='ocrx_word' id='word_1_337' title='bbox 1543 2417 1778 2471; x_wconf 87' lang='lat' dir='ltr'><strong>oraculis</strong></span> <span class='ocrx_word' id='word_1_338' title='bbox 1807 2420 2005 2472; x_wconf 82' lang='lat' dir='ltr'><strong>versati</strong></span> 
     </span>
    </p>
   </div>
   <div class='ocr_carea' id='block_1_41' title="bbox 429 2507 2006 2577">
    <p class='ocr_par' dir='ltr' id='par_1_41' title="bbox 429 2507 2006 2577">
     <span class='ocr_line' id='line_1_41' title="bbox 429 2507 2006 2577; baseline -0.001 -13"><span class='ocrx_word' id='word_1_339' title='bbox 429 2508 581 2574; x_wconf 85' lang='lat' dir='ltr'><strong>estis,</strong></span> <span class='ocrx_word' id='word_1_340' title='bbox 607 2509 904 2563; x_wconf 89' lang='lat' dir='ltr'><strong>orationem</strong></span> <span class='ocrx_word' id='word_1_341' title='bbox 927 2520 1262 2572; x_wconf 85' lang='lat' dir='ltr'><strong>convertam,</strong></span> <span class='ocrx_word' id='word_1_342' title='bbox 1284 2511 1452 2564; x_wconf 88' lang='lat' dir='ltr'><strong>nostis</strong></span> <span class='ocrx_word' id='word_1_343' title='bbox 1471 2523 1601 2564; x_wconf 89' lang='lat' dir='ltr'><strong>sane</strong></span> <span class='ocrx_word' id='word_1_344' title='bbox 1628 2507 1816 2562; x_wconf 89' lang='lat' dir='ltr'><strong>Isaiam</strong></span> <span class='ocrx_word' id='word_1_345' title='bbox 1853 2507 2006 2577; x_wconf 83' lang='lat' dir='ltr'><strong>jussu</strong></span> 
     </span>
    </p>
   </div>
   <div class='ocr_carea' id='block_1_42' title="bbox 432 2600 2002 2670">
    <p class='ocr_par' dir='ltr' id='par_1_42' title="bbox 432 2600 2002 2670">
     <span class='ocr_line' id='line_1_42' title="bbox 432 2600 2002 2670; baseline -0.001 -14"><span class='ocrx_word' id='word_1_346' title='bbox 432 2601 602 2665; x_wconf 87' lang='lat' dir='ltr'><strong>illius,</strong></span> <span class='ocrx_word' id='word_1_347' title='bbox 629 2600 720 2670; x_wconf 91' lang='lat' dir='ltr'><strong>qui</strong></span> <span class='ocrx_word' id='word_1_348' title='bbox 753 2601 804 2654; x_wconf 93' lang='lat' dir='ltr'><strong>in</strong></span> <span class='ocrx_word' id='word_1_349' title='bbox 826 2609 1030 2655; x_wconf 69' lang='lat' dir='ltr'><strong>aeterno</strong></span> <span class='ocrx_word' id='word_1_350' title='bbox 1065 2603 1260 2656; x_wconf 89' lang='lat' dir='ltr'><strong>throno</strong></span> <span class='ocrx_word' id='word_1_351' title='bbox 1294 2601 1482 2667; x_wconf 88' lang='lat' dir='ltr'><strong>sedet,</strong></span> <span class='ocrx_word' id='word_1_352' title='bbox 1518 2617 1580 2656; x_wconf 91' lang='lat' dir='ltr'><strong>ea</strong></span> <span class='ocrx_word' id='word_1_353' title='bbox 1622 2602 2002 2670; x_wconf 83' lang='lat' dir='ltr'><strong>prophetasse,</strong></span> 
     </span>
    </p>
   </div>
   <div class='ocr_carea' id='block_1_43' title="bbox 432 2692 2006 2765">
    <p class='ocr_par' dir='ltr' id='par_1_43' title="bbox 432 2692 2006 2765">
     <span class='ocr_line' id='line_1_43' title="bbox 432 2692 2006 2765; baseline -0.001 -19"><span class='ocrx_word' id='word_1_354' title='bbox 432 2707 554 2762; x_wconf 66' lang='lat' dir='ltr'><strong>quae</strong></span> <span class='ocrx_word' id='word_1_355' title='bbox 581 2695 648 2748; x_wconf 85' lang='lat' dir='ltr'><strong>ab</strong></span> <span class='ocrx_word' id='word_1_356' title='bbox 676 2692 769 2749; x_wconf 93' lang='lat' dir='ltr'><strong>illo</strong></span> <span class='ocrx_word' id='word_1_357' title='bbox 812 2693 879 2748; x_wconf 89' lang='lat' dir='ltr'><strong>ad</strong></span> <span class='ocrx_word' id='word_1_358' title='bbox 915 2694 1140 2749; x_wconf 84' lang='lat' dir='ltr'><strong>verbum</strong></span> <span class='ocrx_word' id='word_1_359' title='bbox 1183 2695 1361 2750; x_wconf 86' lang='lat' dir='ltr'><strong>dicere</strong></span> <span class='ocrx_word' id='word_1_360' title='bbox 1383 2695 1570 2765; x_wconf 84' lang='lat' dir='ltr'><strong>jussus</strong></span> <span class='ocrx_word' id='word_1_361' title='bbox 1601 2702 1686 2748; x_wconf 90' lang='lat' dir='ltr'><strong>est</strong></span> <span class='ocrx_word' id='word_1_362' title='bbox 1720 2713 1734 2748; x_wconf 89' lang='lat'><strong>:</strong></span> <span class='ocrx_word' id='word_1_363' title='bbox 1769 2709 1888 2747; x_wconf 85' lang='lat' dir='ltr'><strong>nam</strong></span> <span class='ocrx_word' id='word_1_364' title='bbox 1915 2694 2006 2762; x_wconf 91' lang='lat' dir='ltr'><strong>qui</strong></span> 
     </span>
    </p>
   </div>
   <div class='ocr_carea' id='block_1_44' title="bbox 432 2783 2009 2857">
    <p class='ocr_par' dir='ltr' id='par_1_44' title="bbox 432 2783 2009 2857">
     <span class='ocr_line' id='line_1_44' title="bbox 432 2783 2009 2857; baseline 0 -19"><span class='ocrx_word' id='word_1_365' title='bbox 432 2787 762 2856; x_wconf 85' lang='lat' dir='ltr'><strong>prophetat,</strong></span> <span class='ocrx_word' id='word_1_366' title='bbox 817 2785 912 2841; x_wconf 92' lang='lat' dir='ltr'><strong>Dei</strong></span> <span class='ocrx_word' id='word_1_367' title='bbox 952 2788 1212 2857; x_wconf 89' lang='lat' dir='ltr'><strong>propheta</strong></span> <span class='ocrx_word' id='word_1_368' title='bbox 1249 2796 1368 2852; x_wconf 88' lang='lat' dir='ltr'><strong>est,</strong></span> <span class='ocrx_word' id='word_1_369' title='bbox 1399 2802 1508 2841; x_wconf 92' lang='lat' dir='ltr'><strong>non</strong></span> <span class='ocrx_word' id='word_1_370' title='bbox 1547 2787 1628 2841; x_wconf 90' lang='lat' dir='ltr'><strong>sui</strong></span> <span class='ocrx_word' id='word_1_371' title='bbox 1672 2787 1860 2856; x_wconf 87' lang='lat' dir='ltr'><strong>ipsius.</strong></span> <span class='ocrx_word' id='word_1_372' title='bbox 1903 2783 2009 2840; x_wconf 90' lang='lat' dir='ltr'><strong>Per</strong></span> 
     </span>
    </p>
   </div>
   <div class='ocr_carea' id='block_1_45' title="bbox 432 2877 2011 2950">
    <p class='ocr_par' dir='ltr' id='par_1_45' title="bbox 432 2877 2011 2950">
     <span class='ocr_line' id='line_1_45' title="bbox 432 2877 2011 2950; baseline -0.002 -17"><span class='ocrx_word' id='word_1_373' title='bbox 432 2879 632 2934; x_wconf 86' lang='lat' dir='ltr'><strong>Isaiam</strong></span> <span class='ocrx_word' id='word_1_374' title='bbox 677 2878 863 2949; x_wconf 79' lang='lat' dir='ltr'><strong>igitur,</strong></span> <span class='ocrx_word' id='word_1_375' title='bbox 918 2887 1012 2932; x_wconf 88' lang='lat' dir='ltr'><strong>aut</strong></span> <span class='ocrx_word' id='word_1_376' title='bbox 1063 2878 1131 2932; x_wconf 87' lang='lat' dir='ltr'><strong>ab</strong></span> <span class='ocrx_word' id='word_1_377' title='bbox 1174 2878 1308 2933; x_wconf 82' lang='lat' dir='ltr'><strong>Isaia</strong></span> <span class='ocrx_word' id='word_1_378' title='bbox 1361 2877 1582 2950; x_wconf 89' lang='lat' dir='ltr'><strong>(eodem</strong></span> <span class='ocrx_word' id='word_1_379' title='bbox 1629 2878 1774 2932; x_wconf 92' lang='lat' dir='ltr'><strong>enim</strong></span> <span class='ocrx_word' id='word_1_380' title='bbox 1817 2878 2011 2932; x_wconf 90' lang='lat' dir='ltr'><strong>recidit</strong></span> 
     </span>
    </p>
   </div>
   <div class='ocr_carea' id='block_1_46' title="bbox 431 2969 2006 3040">
    <p class='ocr_par' dir='ltr' id='par_1_46' title="bbox 431 2969 2006 3040">
     <span class='ocr_line' id='line_1_46' title="bbox 431 2969 2006 3040; baseline -0.001 -16"><span class='ocrx_word' id='word_1_381' title='bbox 431 2969 744 3040; x_wconf 90' lang='lat' dir='ltr'><strong>utrumque)</strong></span> <span class='ocrx_word' id='word_1_382' title='bbox 775 2979 966 3040; x_wconf 89' lang='lat' dir='ltr'><strong>potens</strong></span> <span class='ocrx_word' id='word_1_383' title='bbox 1008 2985 1114 3025; x_wconf 85' lang='lat' dir='ltr'><strong>vox</strong></span> <span class='ocrx_word' id='word_1_384' title='bbox 1149 2971 1322 3036; x_wconf 88' lang='lat' dir='ltr'><strong>illius,</strong></span> <span class='ocrx_word' id='word_1_385' title='bbox 1356 2983 1517 3040; x_wconf 89' lang='lat' dir='ltr'><strong>quem</strong></span> <span class='ocrx_word' id='word_1_386' title='bbox 1543 2970 1660 3039; x_wconf 81' lang='lat' dir='ltr'><strong>ipse</strong></span> <span class='ocrx_word' id='word_1_387' title='bbox 1691 2969 2006 3038; x_wconf 88' lang='lat' dir='ltr'><strong>conspexit,</strong></span> 
     </span>
    </p>
   </div>
   <div class='ocr_carea' id='block_1_47' title="bbox 433 3059 2006 3133">
    <p class='ocr_par' dir='ltr' id='par_1_47' title="bbox 433 3059 2006 3133">
     <span class='ocr_line' id='line_1_47' title="bbox 433 3059 2006 3133; baseline -0.004 -15"><span class='ocrx_word' id='word_1_388' title='bbox 433 3077 708 3133; x_wconf 87' lang='lat' dir='ltr'><strong>quemque</strong></span> <span class='ocrx_word' id='word_1_389' title='bbox 731 3060 931 3116; x_wconf 88' lang='lat' dir='ltr'><strong>Paulus</strong></span> <span class='ocrx_word' id='word_1_390' title='bbox 965 3059 1227 3129; x_wconf 86' lang='lat' dir='ltr'><strong>Spiritum</strong></span> <span class='ocrx_word' id='word_1_391' title='bbox 1258 3072 1503 3115; x_wconf 88' lang='lat' dir='ltr'><strong>sanctqu</strong></span> <span class='ocrx_word' id='word_1_392' title='bbox 1534 3077 1654 3116; x_wconf 88' lang='lat' dir='ltr'><strong>esse</strong></span> <span class='ocrx_word' id='word_1_393' title='bbox 1693 3061 2006 3123; x_wconf 87' lang='lat' dir='ltr'><strong>denuntiat,</strong></span> 
     </span>
    </p>
   </div>
   <div class='ocr_carea' id='block_1_48' title="bbox 2105 1959 3679 2038">
    <p class='ocr_par' dir='ltr' id='par_1_48' title="bbox 2105 1959 3679 2038">
     <span class='ocr_line' id='line_1_48' title="bbox 2105 1959 3679 2038; baseline -0.004 -18"><span class='ocrx_word' id='word_1_394' title='bbox 2105 1969 2534 2038; x_wconf 81' lang='grc' dir='ltr'>προεφήτευσεν,</span> <span class='ocrx_word' id='word_1_395' title='bbox 2569 1962 2712 2032; x_wconf 77' lang='grc' dir='ltr'>ἅπερ</span> <span class='ocrx_word' id='word_1_396' title='bbox 2737 1959 2884 2031; x_wconf 78' lang='grc' dir='ltr'>αὐτῴ</span> <span class='ocrx_word' id='word_1_397' title='bbox 2913 1963 3121 2023; x_wconf 79' lang='grc' dir='ltr'>ἐκεῖνος</span> <span class='ocrx_word' id='word_1_398' title='bbox 3158 1961 3298 2014; x_wconf 75' lang='grc' dir='ltr'>κατὰ</span> <span class='ocrx_word' id='word_1_399' title='bbox 3337 1959 3478 2025; x_wconf 77' lang='grc' dir='ltr'>λέξιν</span> <span class='ocrx_word' id='word_1_400' title='bbox 3508 1964 3679 2014; x_wconf 76' lang='grc' dir='ltr'>εἰπεῖν</span> 
     </span>
    </p>
   </div>
   <div class='ocr_carea' id='block_1_49' title="bbox 2105 2051 3678 2124">
    <p class='ocr_par' dir='ltr' id='par_1_49' title="bbox 2105 2051 3678 2124">
     <span class='ocr_line' id='line_1_49' title="bbox 2105 2051 3678 2124; baseline -0.003 -13"><span class='ocrx_word' id='word_1_401' title='bbox 2105 2055 2410 2112; x_wconf 75' lang='grc' dir='ltr'>ἐνετείλατο</span> <span class='ocrx_word' id='word_1_402' title='bbox 2433 2072 2448 2086; x_wconf 87' lang='grc'><strong>·</strong></span> <span class='ocrx_word' id='word_1_403' title='bbox 2495 2055 2524 2106; x_wconf 89' lang='lat'><strong>6</strong></span> <span class='ocrx_word' id='word_1_404' title='bbox 2562 2053 2671 2124; x_wconf 86' lang='grc' dir='ltr'>γὰρ</span> <span class='ocrx_word' id='word_1_405' title='bbox 2720 2051 3080 2123; x_wconf 78' lang='grc' dir='ltr'>προφητεύων</span> <span class='ocrx_word' id='word_1_406' title='bbox 3138 2051 3305 2115; x_wconf 85' lang='grc' dir='ltr'>Θεοῦ,</span> <span class='ocrx_word' id='word_1_407' title='bbox 3335 2053 3454 2123; x_wconf 75' lang='grc' dir='ltr'><strong>οὐχ).</strong></span> <span class='ocrx_word' id='word_1_408' title='bbox 3489 2053 3678 2106; x_wconf 82' lang='grc' dir='ltr'>ἑαυτοῦ</span> 
     </span>
    </p>
   </div>
   <div class='ocr_carea' id='block_1_50' title="bbox 2105 2142 3678 2220">
    <p class='ocr_par' dir='ltr' id='par_1_50' title="bbox 2105 2142 3678 2220">
     <span class='ocr_line' id='line_1_50' title="bbox 2105 2142 3678 2220; baseline -0.003 -19"><span class='ocrx_word' id='word_1_409' title='bbox 2105 2151 2393 2220; x_wconf 66' lang='grc' dir='ltr'>προφήτης</span> <span class='ocrx_word' id='word_1_410' title='bbox 2415 2145 2582 2198; x_wconf 73' lang='grc' dir='ltr'>ἐστίν.</span> <span class='ocrx_word' id='word_1_411' title='bbox 2603 2145 2765 2196; x_wconf 81' lang='grc' dir='ltr'>Ὥστε</span> <span class='ocrx_word' id='word_1_412' title='bbox 2782 2142 2872 2196; x_wconf 82' lang='grc' dir='ltr'><strong>διὰ</strong></span> <span class='ocrx_word' id='word_1_413' title='bbox 2893 2143 3143 2207; x_wconf 79' lang='grc' dir='ltr'>Ἡσαΐου,</span> <span class='ocrx_word' id='word_1_414' title='bbox 3162 2145 3280 2215; x_wconf 78' lang='grc' dir='ltr'>ήτοι</span> <span class='ocrx_word' id='word_1_415' title='bbox 3301 2143 3678 2216; x_wconf 76' lang='grc' dir='ltr'>παρὰἮσαῖου</span> 
     </span>
    </p>
   </div>
   <div class='ocr_carea' id='block_1_51' title="bbox 2107 2234 3682 2314">
    <p class='ocr_par' dir='ltr' id='par_1_51' title="bbox 2107 2234 3682 2314">
     <span class='ocr_line' id='line_1_51' title="bbox 2107 2234 3682 2314; baseline -0.001 -22"><span class='ocrx_word' id='word_1_416' title='bbox 2107 2239 2341 2314; x_wconf 84' lang='grc' dir='ltr'>(ταυτὸν</span> <span class='ocrx_word' id='word_1_417' title='bbox 2387 2239 2496 2308; x_wconf 90' lang='grc' dir='ltr'><strong>γάρ</strong></span> <span class='ocrx_word' id='word_1_418' title='bbox 2535 2239 2682 2290; x_wconf 72' lang='grc' dir='ltr'>ἐστιν</span> <span class='ocrx_word' id='word_1_419' title='bbox 2735 2237 2962 2304; x_wconf 83' lang='grc' dir='ltr'>εἰπεῖν),</span> <span class='ocrx_word' id='word_1_420' title='bbox 3004 2237 3038 2306; x_wconf 85' lang='grc' dir='ltr'><strong>ἡ</strong></span> <span class='ocrx_word' id='word_1_421' title='bbox 3085 2234 3180 2288; x_wconf 89' lang='grc' dir='ltr'><strong>τοῦ</strong></span> <span class='ocrx_word' id='word_1_422' title='bbox 3231 2235 3486 2306; x_wconf 80' lang='grc' dir='ltr'>ὀφθέντος</span> <span class='ocrx_word' id='word_1_423' title='bbox 3532 2236 3682 2308; x_wconf 81' lang='grc' dir='ltr'>αὐτῷ</span> 
     </span>
    </p>
   </div>
   <div class='ocr_carea' id='block_1_52' title="bbox 2106 2323 3684 2405">
    <p class='ocr_par' dir='ltr' id='par_1_52' title="bbox 2106 2323 3684 2405">
     <span class='ocr_line' id='line_1_52' title="bbox 2106 2323 3684 2405; baseline -0.005 -17"><span class='ocrx_word' id='word_1_424' title='bbox 2106 2330 2347 2405; x_wconf 83' lang='grc' dir='ltr'>κραταιά</span> <span class='ocrx_word' id='word_1_425' title='bbox 2392 2329 2566 2398; x_wconf 77' lang='grc' dir='ltr'>φωνὴ,</span> <span class='ocrx_word' id='word_1_426' title='bbox 2599 2328 2658 2382; x_wconf 81' lang='grc' dir='ltr'>ὃν</span> <span class='ocrx_word' id='word_1_427' title='bbox 2697 2330 2725 2381; x_wconf 92' lang='lat'><strong>6</strong></span> <span class='ocrx_word' id='word_1_428' title='bbox 2758 2326 2972 2390; x_wconf 80' lang='grc' dir='ltr'>Παῦλος</span> <span class='ocrx_word' id='word_1_429' title='bbox 3002 2327 3062 2380; x_wconf 87' lang='grc' dir='ltr'><strong>τὸ</strong></span> <span class='ocrx_word' id='word_1_430' title='bbox 3096 2327 3250 2396; x_wconf 76' lang='grc' dir='ltr'>ἅγιον</span> <span class='ocrx_word' id='word_1_431' title='bbox 3294 2327 3516 2398; x_wconf 83' lang='grc' dir='ltr'>Πνεῦμα</span> <span class='ocrx_word' id='word_1_432' title='bbox 3544 2323 3684 2382; x_wconf 72' lang='grc' dir='ltr'>εἶναι</span> 
     </span>
    </p>
   </div>
   <div class='ocr_carea' id='block_1_53' title="bbox 2107 2415 3679 2491">
    <p class='ocr_par' dir='ltr' id='par_1_53' title="bbox 2107 2415 3679 2491">
     <span class='ocr_line' id='line_1_53' title="bbox 2107 2415 3679 2491; baseline -0.006 -14"><span class='ocrx_word' id='word_1_433' title='bbox 2107 2419 2488 2491; x_wconf 80' lang='grc' dir='ltr'>κατήγγειλεν,</span> <span class='ocrx_word' id='word_1_434' title='bbox 2526 2419 2848 2489; x_wconf 79' lang='grc' dir='ltr'>ἀπηγγέλθη</span> <span class='ocrx_word' id='word_1_435' title='bbox 2867 2457 2880 2482; x_wconf 84' lang='grc'><strong>,</strong></span> <span class='ocrx_word' id='word_1_436' title='bbox 2914 2419 3003 2470; x_wconf 87' lang='grc' dir='ltr'>ὅτε</span> <span class='ocrx_word' id='word_1_437' title='bbox 3039 2417 3144 2470; x_wconf 78' lang='grc' dir='ltr'>ἴδεν</span> <span class='ocrx_word' id='word_1_438' title='bbox 3173 2417 3274 2484; x_wconf 82' lang='grc' dir='ltr'><strong>τὴν</strong></span> <span class='ocrx_word' id='word_1_439' title='bbox 3302 2415 3456 2480; x_wconf 77' lang='grc' dir='ltr'>δόξαν</span> <span class='ocrx_word' id='word_1_440' title='bbox 3485 2416 3679 2469; x_wconf 74' lang='grc' dir='ltr'>αὐτοῦ·</span> 
     </span>
    </p>
   </div>
   <div class='ocr_carea' id='block_1_54' title="bbox 2107 2506 3688 2584">
    <p class='ocr_par' dir='ltr' id='par_1_54' title="bbox 2107 2506 3688 2584">
     <span class='ocr_line' id='line_1_54' title="bbox 2107 2506 3688 2584; baseline -0.003 -17"><span class='ocrx_word' id='word_1_441' title='bbox 2107 2515 2167 2568; x_wconf 83' lang='grc' dir='ltr'><strong>οὐ</strong></span> <span class='ocrx_word' id='word_1_442' title='bbox 2203 2513 2387 2584; x_wconf 83' lang='grc' dir='ltr'>μέντοι</span> <span class='ocrx_word' id='word_1_443' title='bbox 2418 2513 2537 2564; x_wconf 83' lang='grc' dir='ltr'>κατ’</span> <span class='ocrx_word' id='word_1_444' title='bbox 2566 2509 2816 2574; x_wconf 75' lang='grc' dir='ltr'>ἐξουσίαν</span> <span class='ocrx_word' id='word_1_445' title='bbox 2846 2509 2978 2562; x_wconf 81' lang='grc' dir='ltr'>ίδίαν</span> <span class='ocrx_word' id='word_1_446' title='bbox 3006 2508 3211 2578; x_wconf 82' lang='grc' dir='ltr'>ταύτην</span> <span class='ocrx_word' id='word_1_447' title='bbox 3239 2506 3556 2579; x_wconf 75' lang='grc' dir='ltr'>ἐφθέγξατο,</span> <span class='ocrx_word' id='word_1_448' title='bbox 3583 2507 3688 2562; x_wconf 77' lang='grc' dir='ltr'>κᾶν</span> 
     </span>
    </p>
   </div>
   <div class='ocr_carea' id='block_1_55' title="bbox 2108 2596 3686 2674">
    <p class='ocr_par' dir='ltr' id='par_1_55' title="bbox 2108 2596 3686 2674">
     <span class='ocr_line' id='line_1_55' title="bbox 2108 2596 3686 2674; baseline -0.005 -14"><span class='ocrx_word' id='word_1_449' title='bbox 2108 2624 2211 2660; x_wconf 89' lang='grc' dir='ltr'><strong>που</strong></span> <span class='ocrx_word' id='word_1_450' title='bbox 2243 2603 2459 2674; x_wconf 73' lang='grc' dir='ltr'>ἐλέχθη,</span> <span class='ocrx_word' id='word_1_451' title='bbox 2489 2603 2572 2656; x_wconf 82' lang='grc' dir='ltr'>ὅτι</span> <span class='ocrx_word' id='word_1_452' title='bbox 2618 2621 2637 2653; x_wconf 81' lang='grc' dir='ltr'><strong>ι</strong></span> <span class='ocrx_word' id='word_1_453' title='bbox 2699 2602 2933 2664; x_wconf 76' lang='grc' dir='ltr'>Ἡσαΐας</span> <span class='ocrx_word' id='word_1_454' title='bbox 2960 2596 3136 2662; x_wconf 87' lang='grc' dir='ltr'>εἶπεν,</span> <span class='ocrx_word' id='word_1_455' title='bbox 3165 2619 3184 2652; x_wconf 81' lang='grc' dir='ltr'><strong>ι</strong></span> <span class='ocrx_word' id='word_1_456' title='bbox 3228 2599 3322 2652; x_wconf 76' lang='grc' dir='ltr'><strong>καὶ</strong></span> <span class='ocrx_word' id='word_1_457' title='bbox 3353 2599 3475 2670; x_wconf 75' lang='grc' dir='ltr'>οὐχὶ</span> <span class='ocrx_word' id='word_1_458' title='bbox 3501 2601 3529 2652; x_wconf 87' lang='lat'><strong>6</strong></span> <span class='ocrx_word' id='word_1_459' title='bbox 3553 2598 3686 2664; x_wconf 80' lang='grc' dir='ltr'>Θεὸς</span> 
     </span>
    </p>
   </div>
   <div class='ocr_carea' id='block_1_56' title="bbox 2109 2689 3684 2766">
    <p class='ocr_par' dir='ltr' id='par_1_56' title="bbox 2109 2689 3684 2766">
     <span class='ocr_line' id='line_1_56' title="bbox 2109 2689 3684 2766; baseline -0.003 -17"><span class='ocrx_word' id='word_1_460' title='bbox 2109 2695 2324 2766; x_wconf 79' lang='grc' dir='ltr'>Πατὴρ,</span> <span class='ocrx_word' id='word_1_461' title='bbox 2354 2694 2388 2764; x_wconf 88' lang='grc' dir='ltr'>ἢ</span> <span class='ocrx_word' id='word_1_462' title='bbox 2423 2696 2452 2747; x_wconf 91' lang='lat'><strong>6</strong></span> <span class='ocrx_word' id='word_1_463' title='bbox 2485 2694 2634 2756; x_wconf 82' lang='grc' dir='ltr'>Υἱὸς,</span> <span class='ocrx_word' id='word_1_464' title='bbox 2674 2692 2708 2763; x_wconf 75' lang='grc' dir='ltr'>ἢ</span> <span class='ocrx_word' id='word_1_465' title='bbox 2744 2693 2804 2744; x_wconf 80' lang='grc' dir='ltr'>τὸ</span> <span class='ocrx_word' id='word_1_466' title='bbox 2836 2691 3062 2762; x_wconf 85' lang='grc' dir='ltr'>Πνεῦμα</span> <span class='ocrx_word' id='word_1_467' title='bbox 3096 2689 3261 2744; x_wconf 85' lang='grc' dir='ltr'>αὐτοῦ</span> <span class='ocrx_word' id='word_1_468' title='bbox 3300 2690 3388 2743; x_wconf 80' lang='grc' dir='ltr'>διὰ</span> <span class='ocrx_word' id='word_1_469' title='bbox 3440 2690 3684 2745; x_wconf 75' lang='grc' dir='ltr'>Ἡσαΐου.</span> 
     </span>
    </p>
   </div>
   <div class='ocr_carea' id='block_1_57' title="bbox 2111 2782 3688 2858">
    <p class='ocr_par' dir='ltr' id='par_1_57' title="bbox 2111 2782 3688 2858">
     <span class='ocr_line' id='line_1_57' title="bbox 2111 2782 3688 2858; baseline -0.004 -14"><span class='ocrx_word' id='word_1_470' title='bbox 2111 2790 2246 2844; x_wconf 77' lang='grc' dir='ltr'>Οὐδὲ</span> <span class='ocrx_word' id='word_1_471' title='bbox 2281 2788 2387 2858; x_wconf 79' lang='grc' dir='ltr'>μὴν</span> <span class='ocrx_word' id='word_1_472' title='bbox 2436 2785 2822 2856; x_wconf 80' lang='grc' dir='ltr'>ἐπλανήθησαν</span> <span class='ocrx_word' id='word_1_473' title='bbox 2855 2784 2904 2836; x_wconf 85' lang='lat' dir='ltr'><strong>oi</strong></span> <span class='ocrx_word' id='word_1_474' title='bbox 2935 2782 3224 2836; x_wconf 81' lang='grc' dir='ltr'>ἀπόστολοι</span> <span class='ocrx_word' id='word_1_475' title='bbox 3245 2820 3260 2847; x_wconf 89' lang='grc'><strong>,</strong></span> <span class='ocrx_word' id='word_1_476' title='bbox 3295 2783 3346 2835; x_wconf 83' lang='grc' dir='ltr'><strong>οἱ</strong></span> <span class='ocrx_word' id='word_1_477' title='bbox 3378 2784 3442 2836; x_wconf 83' lang='grc' dir='ltr'>ὲκ</span> <span class='ocrx_word' id='word_1_478' title='bbox 3484 2782 3688 2837; x_wconf 80' lang='grc' dir='ltr'>παίδων</span> 
     </span>
    </p>
   </div>
   <div class='ocr_carea' id='block_1_58' title="bbox 2110 2874 3688 2950">
    <p class='ocr_par' dir='ltr' id='par_1_58' title="bbox 2110 2874 3688 2950">
     <span class='ocr_line' id='line_1_58' title="bbox 2110 2874 3688 2950; baseline -0.006 -13"><span class='ocrx_word' id='word_1_479' title='bbox 2110 2883 2276 2945; x_wconf 78' lang='grc' dir='ltr'>εὐθὺς</span> <span class='ocrx_word' id='word_1_480' title='bbox 2303 2883 2426 2943; x_wconf 87' lang='grc' dir='ltr'>ταῖς</span> <span class='ocrx_word' id='word_1_481' title='bbox 2447 2880 2692 2950; x_wconf 81' lang='grc' dir='ltr'>Γραφαῖς</span> <span class='ocrx_word' id='word_1_482' title='bbox 2717 2875 3166 2947; x_wconf 84' lang='grc' dir='ltr'>ὲντεθραμμένοι.</span> <span class='ocrx_word' id='word_1_483' title='bbox 3195 2876 3290 2928; x_wconf 82' lang='grc' dir='ltr'><strong>καὶ</strong></span> <span class='ocrx_word' id='word_1_484' title='bbox 3311 2874 3688 2938; x_wconf 82' lang='grc' dir='ltr'>πιστευθέντες</span> 
     </span>
    </p>
   </div>
   <div class='ocr_carea' id='block_1_59' title="bbox 2108 2967 3688 3045">
    <p class='ocr_par' dir='ltr' id='par_1_59' title="bbox 2108 2967 3688 3045">
     <span class='ocr_line' id='line_1_59' title="bbox 2108 2967 3688 3045; baseline -0.006 -16"><span class='ocrx_word' id='word_1_485' title='bbox 2108 2977 2211 3045; x_wconf 76' lang='grc' dir='ltr'>τῆς</span> <span class='ocrx_word' id='word_1_486' title='bbox 2253 2975 2384 3038; x_wconf 87' lang='grc' dir='ltr'>νέας</span> <span class='ocrx_word' id='word_1_487' title='bbox 2409 2972 2636 3044; x_wconf 79' lang='grc' dir='ltr'>χάριτος</span> <span class='ocrx_word' id='word_1_488' title='bbox 2689 2970 2750 3024; x_wconf 84' lang='grc' dir='ltr'>τὺ</span> <span class='ocrx_word' id='word_1_489' title='bbox 2792 2971 3076 3040; x_wconf 84' lang='grc' dir='ltr'>κήρυγμα,</span> <span class='ocrx_word' id='word_1_490' title='bbox 3112 2967 3242 3039; x_wconf 70' lang='grc' dir='ltr'><strong>[ΗΞ</strong></span> <span class='ocrx_word' id='word_1_491' title='bbox 3267 2969 3321 3040; x_wconf 84' lang='lat' dir='ltr'><strong>b]</strong></span> <span class='ocrx_word' id='word_1_492' title='bbox 3363 2969 3414 3021; x_wconf 83' lang='lat' dir='ltr'><strong>oi.</strong></span> <span class='ocrx_word' id='word_1_493' title='bbox 3453 2969 3688 3038; x_wconf 80' lang='grc' dir='ltr'>ἔχοντες,</span> 
     </span>
    </p>
   </div>
   <div class='ocr_carea' id='block_1_60' title="bbox 2109 3059 3690 3136">
    <p class='ocr_par' dir='ltr' id='par_1_60' title="bbox 2109 3059 3690 3136">
     <span class='ocr_line' id='line_1_60' title="bbox 2109 3059 3690 3136; baseline -0.006 -14"><span class='ocrx_word' id='word_1_494' title='bbox 2109 3067 2198 3122; x_wconf 82' lang='grc' dir='ltr'>διὰ</span> <span class='ocrx_word' id='word_1_495' title='bbox 2230 3067 2329 3136; x_wconf 87' lang='grc' dir='ltr'>τὴν</span> <span class='ocrx_word' id='word_1_496' title='bbox 2355 3064 2673 3134; x_wconf 85' lang='grc' dir='ltr'>ἁγαθότητα</span> <span class='ocrx_word' id='word_1_497' title='bbox 2711 3061 2814 3132; x_wconf 83' lang='grc' dir='ltr'>τῆς</span> <span class='ocrx_word' id='word_1_498' title='bbox 2843 3063 2900 3114; x_wconf 84' lang='grc' dir='ltr'>ὲν</span> <span class='ocrx_word' id='word_1_499' title='bbox 2938 3062 3127 3132; x_wconf 84' lang='grc' dir='ltr'>μονάδι</span> <span class='ocrx_word' id='word_1_500' title='bbox 3155 3060 3386 3131; x_wconf 82' lang='grc' dir='ltr'>Τριάδος</span> <span class='ocrx_word' id='word_1_501' title='bbox 3406 3101 3421 3125; x_wconf 93' lang='grc'><strong>,</strong></span> <span class='ocrx_word' id='word_1_502' title='bbox 3454 3059 3491 3114; x_wconf 77' lang='grc' dir='ltr'>ἃ</span> <span class='ocrx_word' id='word_1_503' title='bbox 3524 3062 3690 3132; x_wconf 87' lang='grc' dir='ltr'>μήπω</span> 
     </span>
    </p>
   </div>
   <div class='ocr_carea' id='block_1_61' title="bbox 432 3152 2007 3248">
    <p class='ocr_par' dir='ltr' id='par_1_61' title="bbox 432 3152 2007 3224">
     <span class='ocr_line' id='line_1_61' title="bbox 432 3152 2007 3224; baseline -0.002 -15"><span class='ocrx_word' id='word_1_504' title='bbox 432 3165 564 3210; x_wconf 88' lang='lat' dir='ltr'><strong>tunc</strong></span> <span class='ocrx_word' id='word_1_505' title='bbox 609 3156 926 3210; x_wconf 88' lang='lat' dir='ltr'><strong>annuntiata</strong></span> <span class='ocrx_word' id='word_1_506' title='bbox 975 3167 1095 3218; x_wconf 89' lang='lat' dir='ltr'><strong>est,</strong></span> <span class='ocrx_word' id='word_1_507' title='bbox 1135 3156 1350 3224; x_wconf 88' lang='lat' dir='ltr'><strong>quando</strong></span> <span class='ocrx_word' id='word_1_508' title='bbox 1390 3156 1524 3209; x_wconf 87' lang='lat' dir='ltr'><strong>vidit</strong></span> <span class='ocrx_word' id='word_1_509' title='bbox 1579 3155 1793 3222; x_wconf 89' lang='lat' dir='ltr'><strong>quidem</strong></span> <span class='ocrx_word' id='word_1_510' title='bbox 1842 3152 2007 3206; x_wconf 86' lang='lat' dir='ltr'><strong>Isaias</strong></span> 
     </span>
    </p>
   </div>
   <div class='ocr_carea' id='block_1_62' title="bbox 2114 3152 3690 3248">
    <p class='ocr_par' dir='ltr' id='par_1_62' title="bbox 2114 3152 3690 3228">
     <span class='ocr_line' id='line_1_62' title="bbox 2114 3152 3690 3228; baseline -0.006 -16"><span class='ocrx_word' id='word_1_511' title='bbox 2114 3177 2200 3223; x_wconf 88' lang='grc' dir='ltr'><strong>τις</strong></span> <span class='ocrx_word' id='word_1_512' title='bbox 2231 3157 2341 3210; x_wconf 83' lang='grc' dir='ltr'>τῶν</span> <span class='ocrx_word' id='word_1_513' title='bbox 2373 3155 2678 3228; x_wconf 81' lang='grc' dir='ltr'>ἀνθρώπων</span> <span class='ocrx_word' id='word_1_514' title='bbox 2705 3153 2802 3208; x_wconf 82' lang='grc' dir='ltr'>καὶ</span> <span class='ocrx_word' id='word_1_515' title='bbox 2833 3153 3043 3224; x_wconf 75' lang='grc' dir='ltr'>ἔτερος.</span> <span class='ocrx_word' id='word_1_516' title='bbox 3100 3153 3262 3207; x_wconf 80' lang='grc' dir='ltr'>Ἀλλὰ</span> <span class='ocrx_word' id='word_1_517' title='bbox 3291 3153 3387 3207; x_wconf 73' lang='grc' dir='ltr'>καὶ</span> <span class='ocrx_word' id='word_1_518' title='bbox 3439 3152 3690 3221; x_wconf 84' lang='grc' dir='ltr'>Ἰωάννης</span> 
     </span>
    </p>
   </div>
   <div class='ocr_carea' id='block_1_63' title="bbox 431 3245 2005 3319">
    <p class='ocr_par' dir='ltr' id='par_1_63' title="bbox 431 3245 2005 3319">
     <span class='ocr_line' id='line_1_63' title="bbox 431 3245 2005 3319; baseline -0.002 -17"><span class='ocrx_word' id='word_1_519' title='bbox 431 3248 549 3319; x_wconf 83' lang='lat' dir='ltr'><strong>ipse</strong></span> <span class='ocrx_word' id='word_1_520' title='bbox 578 3247 806 3317; x_wconf 73' lang='lat' dir='ltr'><strong>gloriam</strong></span> <span class='ocrx_word' id='word_1_521' title='bbox 839 3249 1018 3313; x_wconf 93' lang='lat' dir='ltr'><strong>illius;</strong></span> <span class='ocrx_word' id='word_1_522' title='bbox 1056 3254 1150 3302; x_wconf 83' lang='lat' dir='ltr'><strong>sed</strong></span> <span class='ocrx_word' id='word_1_523' title='bbox 1187 3249 1406 3318; x_wconf 89' lang='lat' dir='ltr'><strong>propria</strong></span> <span class='ocrx_word' id='word_1_524' title='bbox 1437 3256 1700 3317; x_wconf 88' lang='lat' dir='ltr'><strong>potestate</strong></span> <span class='ocrx_word' id='word_1_525' title='bbox 1737 3248 1802 3301; x_wconf 86' lang='lat' dir='ltr'><strong>de</strong></span> <span class='ocrx_word' id='word_1_526' title='bbox 1829 3262 1892 3299; x_wconf 83' lang='lat' dir='ltr'><strong>ea</strong></span> <span class='ocrx_word' id='word_1_527' title='bbox 1925 3245 2005 3299; x_wconf 84' lang='lat' dir='ltr'><strong>lo-</strong></span> 
     </span>
    </p>
   </div>
   <div class='ocr_carea' id='block_1_64' title="bbox 430 3335 2009 3406">
    <p class='ocr_par' dir='ltr' id='par_1_64' title="bbox 430 3335 2009 3406">
     <span class='ocr_line' id='line_1_64' title="bbox 430 3335 2009 3406; baseline -0.003 -14"><span class='ocrx_word' id='word_1_528' title='bbox 430 3348 589 3392; x_wconf 84' lang='lat' dir='ltr'><strong>cutus</strong></span> <span class='ocrx_word' id='word_1_529' title='bbox 605 3351 710 3392; x_wconf 90' lang='lat' dir='ltr'><strong>non</strong></span> <span class='ocrx_word' id='word_1_530' title='bbox 732 3345 834 3401; x_wconf 89' lang='lat' dir='ltr'><strong>est,</strong></span> <span class='ocrx_word' id='word_1_531' title='bbox 869 3339 1118 3406; x_wconf 89' lang='lat' dir='ltr'><strong>quamvis</strong></span> <span class='ocrx_word' id='word_1_532' title='bbox 1143 3337 1342 3392; x_wconf 87' lang='lat' dir='ltr'><strong>alicubi</strong></span> <span class='ocrx_word' id='word_1_533' title='bbox 1373 3337 1635 3404; x_wconf 89' lang='lat' dir='ltr'><strong>scriptum</strong></span> <span class='ocrx_word' id='word_1_534' title='bbox 1660 3335 1770 3390; x_wconf 88' lang='lat' dir='ltr'><strong>sit:</strong></span> <span class='ocrx_word' id='word_1_535' title='bbox 1795 3354 1814 3387; x_wconf 76' lang='grc' dir='ltr'><strong>ι</strong></span> <span class='ocrx_word' id='word_1_536' title='bbox 1843 3335 2009 3388; x_wconf 90' lang='lat' dir='ltr'><strong>Isaias</strong></span> 
     </span>
    </p>
   </div>
   <div class='ocr_carea' id='block_1_65' title="bbox 431 3427 2008 3496">
    <p class='ocr_par' dir='ltr' id='par_1_65' title="bbox 431 3427 2008 3496">
     <span class='ocr_line' id='line_1_65' title="bbox 431 3427 2008 3496; baseline -0.003 -11"><span class='ocrx_word' id='word_1_537' title='bbox 431 3430 608 3496; x_wconf 80' lang='lat' dir='ltr'><strong>dixit;</strong></span> <span class='ocrx_word' id='word_1_538' title='bbox 644 3449 664 3482; x_wconf 73' lang='grc' dir='ltr'><strong>ι</strong></span> <span class='ocrx_word' id='word_1_539' title='bbox 723 3445 832 3485; x_wconf 90' lang='lat' dir='ltr'><strong>non</strong></span> <span class='ocrx_word' id='word_1_540' title='bbox 866 3445 1031 3486; x_wconf 82' lang='lat' dir='ltr'><strong>Vero:</strong></span> <span class='ocrx_word' id='word_1_541' title='bbox 1072 3430 1215 3485; x_wconf 89' lang='lat' dir='ltr'><strong>Dixit</strong></span> <span class='ocrx_word' id='word_1_542' title='bbox 1271 3430 1411 3484; x_wconf 89' lang='lat' dir='ltr'><strong>Deus</strong></span> <span class='ocrx_word' id='word_1_543' title='bbox 1457 3429 1649 3495; x_wconf 87' lang='lat' dir='ltr'><strong>Pater,</strong></span> <span class='ocrx_word' id='word_1_544' title='bbox 1693 3435 1784 3481; x_wconf 89' lang='lat' dir='ltr'><strong>aut</strong></span> <span class='ocrx_word' id='word_1_545' title='bbox 1811 3427 2008 3491; x_wconf 84' lang='lat' dir='ltr'><strong>Filius,</strong></span> 
     </span>
    </p>
   </div>
   <div class='ocr_carea' id='block_1_66' title="bbox 433 3521 2011 3594">
    <p class='ocr_par' dir='ltr' id='par_1_66' title="bbox 433 3521 2011 3594">
     <span class='ocr_line' id='line_1_66' title="bbox 433 3521 2011 3594; baseline -0.003 -16"><span class='ocrx_word' id='word_1_546' title='bbox 433 3533 529 3579; x_wconf 83' lang='lat' dir='ltr'><strong>aut</strong></span> <span class='ocrx_word' id='word_1_547' title='bbox 578 3521 814 3594; x_wconf 85' lang='lat' dir='ltr'><strong>Spiritus</strong></span> <span class='ocrx_word' id='word_1_548' title='bbox 870 3526 989 3590; x_wconf 68' lang='lat' dir='ltr'><strong>eius</strong></span> <span class='ocrx_word' id='word_1_549' title='bbox 1041 3539 1137 3594; x_wconf 90' lang='lat' dir='ltr'><strong>per</strong></span> <span class='ocrx_word' id='word_1_550' title='bbox 1175 3522 1388 3578; x_wconf 88' lang='lat' dir='ltr'><strong>Isaiam.</strong></span> <span class='ocrx_word' id='word_1_551' title='bbox 1455 3522 1561 3577; x_wconf 89' lang='lat' dir='ltr'><strong>Sed</strong></span> <span class='ocrx_word' id='word_1_552' title='bbox 1609 3536 1714 3576; x_wconf 89' lang='lat' dir='ltr'><strong>non</strong></span> <span class='ocrx_word' id='word_1_553' title='bbox 1757 3529 2011 3574; x_wconf 84' lang='lat' dir='ltr'><strong>errarunt</strong></span> 
     </span>
    </p>
   </div>
   <div class='ocr_carea' id='block_1_67' title="bbox 434 3612 2008 3686">
    <p class='ocr_par' dir='ltr' id='par_1_67' title="bbox 434 3612 2008 3686">
     <span class='ocr_line' id='line_1_67' title="bbox 434 3612 2008 3686; baseline -0.003 -16"><span class='ocrx_word' id='word_1_554' title='bbox 434 3614 702 3686; x_wconf 85' lang='lat' dir='ltr'><strong>apostoli,</strong></span> <span class='ocrx_word' id='word_1_555' title='bbox 737 3615 828 3684; x_wconf 90' lang='lat' dir='ltr'><strong>qui</strong></span> <span class='ocrx_word' id='word_1_556' title='bbox 875 3630 905 3668; x_wconf 91' lang='lat' dir='ltr'><strong>a</strong></span> <span class='ocrx_word' id='word_1_557' title='bbox 959 3615 1192 3684; x_wconf 90' lang='lat' dir='ltr'><strong>pueritia</strong></span> <span class='ocrx_word' id='word_1_558' title='bbox 1227 3612 1341 3683; x_wconf 79' lang='lat'>(87)</span> <span class='ocrx_word' id='word_1_559' title='bbox 1386 3615 1440 3668; x_wconf 93' lang='lat' dir='ltr'><strong>in</strong></span> <span class='ocrx_word' id='word_1_560' title='bbox 1494 3613 1792 3683; x_wconf 87' lang='lat' dir='ltr'><strong>Scripturis</strong></span> <span class='ocrx_word' id='word_1_561' title='bbox 1826 3613 2008 3668; x_wconf 79' lang='lat' dir='ltr'><strong>statim</strong></span> 
     </span>
    </p>
   </div>
   <div class='ocr_carea' id='block_1_68' title="bbox 441 3705 2015 3774">
    <p class='ocr_par' dir='ltr' id='par_1_68' title="bbox 441 3705 2015 3774">
     <span class='ocr_line' id='line_1_68' title="bbox 441 3705 2015 3774; baseline -0.002 -14"><span class='ocrx_word' id='word_1_562' title='bbox 441 3707 692 3762; x_wconf 84' lang='lat' dir='ltr'><strong>innutriti</strong></span> <span class='ocrx_word' id='word_1_563' title='bbox 740 3707 989 3771; x_wconf 78' lang='lat' dir='ltr'><strong>fuerant,</strong></span> <span class='ocrx_word' id='word_1_564' title='bbox 1030 3705 1336 3774; x_wconf 87' lang='lat' dir='ltr'><strong>quibusque</strong></span> <span class='ocrx_word' id='word_1_565' title='bbox 1389 3720 1540 3759; x_wconf 82' lang='lat' dir='ltr'><strong>novae</strong></span> <span class='ocrx_word' id='word_1_566' title='bbox 1591 3705 1779 3774; x_wconf 65' lang='lat' dir='ltr'><strong>gratia!</strong></span> <span class='ocrx_word' id='word_1_567' title='bbox 1823 3705 2015 3774; x_wconf 69' lang='lat' dir='ltr'><strong>Praedi-</strong></span> 
     </span>
    </p>
   </div>
   <div class='ocr_carea' id='block_1_69' title="bbox 435 3795 2015 3866">
    <p class='ocr_par' dir='ltr' id='par_1_69' title="bbox 435 3795 2015 3866">
     <span class='ocr_line' id='line_1_69' title="bbox 435 3795 2015 3866; baseline -0.001 -14"><span class='ocrx_word' id='word_1_568' title='bbox 435 3795 586 3852; x_wconf 86' lang='lat' dir='ltr'><strong>catio</strong></span> <span class='ocrx_word' id='word_1_569' title='bbox 616 3797 822 3852; x_wconf 87' lang='lat' dir='ltr'><strong>credita</strong></span> <span class='ocrx_word' id='word_1_570' title='bbox 851 3807 970 3851; x_wconf 86' lang='lat' dir='ltr'><strong>erat</strong></span> <span class='ocrx_word' id='word_1_571' title='bbox 993 3835 1010 3862; x_wconf 94' lang='lat'><strong>,</strong></span> <span class='ocrx_word' id='word_1_572' title='bbox 1041 3796 1242 3865; x_wconf 89' lang='lat' dir='ltr'><strong>quique</strong></span> <span class='ocrx_word' id='word_1_573' title='bbox 1281 3796 1350 3850; x_wconf 91' lang='lat' dir='ltr'><strong>ob</strong></span> <span class='ocrx_word' id='word_1_574' title='bbox 1375 3795 1520 3851; x_wconf 88' lang='lat' dir='ltr'><strong>illius</strong></span> <span class='ocrx_word' id='word_1_575' title='bbox 1549 3795 1862 3861; x_wconf 84' lang='lat' dir='ltr'><strong>Trinitatis,</strong></span> <span class='ocrx_word' id='word_1_576' title='bbox 1895 3810 2015 3866; x_wconf 76' lang='lat' dir='ltr'><strong>qua:</strong></span> 
     </span>
    </p>
   </div>
   <div class='ocr_carea' id='block_1_70' title="bbox 439 3889 2016 3956">
    <p class='ocr_par' dir='ltr' id='par_1_70' title="bbox 439 3889 2016 3956">
     <span class='ocr_line' id='line_1_70' title="bbox 439 3889 2016 3956; baseline -0.001 -12"><span class='ocrx_word' id='word_1_577' title='bbox 439 3889 495 3944; x_wconf 89' lang='lat' dir='ltr'><strong>in</strong></span> <span class='ocrx_word' id='word_1_578' title='bbox 517 3889 725 3945; x_wconf 87' lang='lat' dir='ltr'><strong>unitate</strong></span> <span class='ocrx_word' id='word_1_579' title='bbox 752 3889 1000 3954; x_wconf 81' lang='lat' dir='ltr'><strong>exsistit,</strong></span> <span class='ocrx_word' id='word_1_580' title='bbox 1037 3889 1368 3954; x_wconf 89' lang='lat' dir='ltr'><strong>bonitatem,</strong></span> <span class='ocrx_word' id='word_1_581' title='bbox 1413 3904 1481 3942; x_wconf 86' lang='lat' dir='ltr'><strong>ea</strong></span> <span class='ocrx_word' id='word_1_582' title='bbox 1513 3889 1847 3954; x_wconf 89' lang='lat' dir='ltr'><strong>habuerunt,</strong></span> <span class='ocrx_word' id='word_1_583' title='bbox 1895 3903 2016 3956; x_wconf 65' lang='lat' dir='ltr'><strong>quae</strong></span> 
     </span>
    </p>
   </div>
   <div class='ocr_carea' id='block_1_71' title="bbox 435 3979 2014 4046">
    <p class='ocr_par' dir='ltr' id='par_1_71' title="bbox 435 3979 2014 4046">
     <span class='ocr_line' id='line_1_71' title="bbox 435 3979 2014 4046; baseline -0.004 -7"><span class='ocrx_word' id='word_1_584' title='bbox 435 3983 676 4040; x_wconf 73' lang='lat' dir='ltr'><strong>nondum</strong></span> <span class='ocrx_word' id='word_1_585' title='bbox 710 3981 851 4038; x_wconf 90' lang='lat' dir='ltr'><strong>ullus</strong></span> <span class='ocrx_word' id='word_1_586' title='bbox 903 3982 1042 4036; x_wconf 88' lang='lat' dir='ltr'><strong>alius</strong></span> <span class='ocrx_word' id='word_1_587' title='bbox 1089 3982 1356 4038; x_wconf 85' lang='lat' dir='ltr'><strong>habuerat</strong></span> <span class='ocrx_word' id='word_1_588' title='bbox 1392 3996 1460 4036; x_wconf 89' lang='lat' dir='ltr'><strong>ex</strong></span> <span class='ocrx_word' id='word_1_589' title='bbox 1503 3979 1832 4036; x_wconf 79' lang='lat' dir='ltr'><strong>hominibus.</strong></span> <span class='ocrx_word' id='word_1_590' title='bbox 1875 3979 2014 4046; x_wconf 79' lang='lat' dir='ltr'><strong>Quin</strong></span> 
     </span>
    </p>
   </div>
   <div class='ocr_carea' id='block_1_72' title="bbox 435 4073 2016 4149">
    <p class='ocr_par' dir='ltr' id='par_1_72' title="bbox 435 4073 2016 4149">
     <span class='ocr_line' id='line_1_72' title="bbox 435 4073 2016 4149; baseline -0.003 -17"><span class='ocrx_word' id='word_1_591' title='bbox 435 4075 699 4137; x_wconf 80' lang='lat' dir='ltr'><strong>Joannem</strong></span> <span class='ocrx_word' id='word_1_592' title='bbox 726 4090 942 4149; x_wconf 84' lang='lat' dir='ltr'><strong>quoque</strong></span> <span class='ocrx_word' id='word_1_593' title='bbox 966 4077 1039 4132; x_wconf 86' lang='lat' dir='ltr'><strong>ita</strong></span> <span class='ocrx_word' id='word_1_594' title='bbox 1065 4077 1179 4132; x_wconf 64' lang='lat' dir='ltr'><strong>haec</strong></span> <span class='ocrx_word' id='word_1_595' title='bbox 1218 4075 1567 4142; x_wconf 82' lang='lat' dir='ltr'><strong>intellexisse,</strong></span> <span class='ocrx_word' id='word_1_596' title='bbox 1605 4086 1665 4128; x_wconf 92' lang='lat' dir='ltr'><strong>nt</strong></span> <span class='ocrx_word' id='word_1_597' title='bbox 1691 4089 1720 4128; x_wconf 89' lang='lat' dir='ltr'><strong>a</strong></span> <span class='ocrx_word' id='word_1_598' title='bbox 1751 4073 1887 4128; x_wconf 86' lang='lat' dir='ltr'><strong>Filio</strong></span> <span class='ocrx_word' id='word_1_599' title='bbox 1921 4073 2016 4128; x_wconf 85' lang='lat' dir='ltr'><strong>Dei</strong></span> 
     </span>
    </p>
   </div>
   <div class='ocr_carea' id='block_1_73' title="bbox 437 4165 2016 4236">
    <p class='ocr_par' dir='ltr' id='par_1_73' title="bbox 437 4165 2016 4236">
     <span class='ocr_line' id='line_1_73' title="bbox 437 4165 2016 4236; baseline -0.006 -8"><span class='ocrx_word' id='word_1_600' title='bbox 437 4173 582 4228; x_wconf 90' lang='lat' dir='ltr'><strong>dicta</strong></span> <span class='ocrx_word' id='word_1_601' title='bbox 615 4170 812 4236; x_wconf 82' lang='lat' dir='ltr'><strong>forent,</strong></span> <span class='ocrx_word' id='word_1_602' title='bbox 845 4170 1070 4224; x_wconf 89' lang='lat' dir='ltr'><strong>Paulum</strong></span> <span class='ocrx_word' id='word_1_603' title='bbox 1101 4184 1230 4224; x_wconf 89' lang='lat' dir='ltr'><strong>vero</strong></span> <span class='ocrx_word' id='word_1_604' title='bbox 1260 4168 1339 4224; x_wconf 92' lang='lat' dir='ltr'><strong>sic</strong></span> <span class='ocrx_word' id='word_1_605' title='bbox 1365 4185 1427 4223; x_wconf 90' lang='lat' dir='ltr'><strong>ea</strong></span> <span class='ocrx_word' id='word_1_606' title='bbox 1456 4167 1750 4236; x_wconf 85' lang='lat' dir='ltr'><strong>accepisse,</strong></span> <span class='ocrx_word' id='word_1_607' title='bbox 1787 4175 1843 4220; x_wconf 90' lang='lat' dir='ltr'><strong>ut</strong></span> <span class='ocrx_word' id='word_1_608' title='bbox 1875 4165 2016 4221; x_wconf 88' lang='lat' dir='ltr'><strong>dicta</strong></span> 
     </span>
    </p>
   </div>
   <div class='ocr_carea' id='block_1_74' title="bbox 435 4258 2014 4331">
    <p class='ocr_par' dir='ltr' id='par_1_74' title="bbox 435 4258 2014 4331">
     <span class='ocr_line' id='line_1_74' title="bbox 435 4258 2014 4331; baseline -0.006 -11"><span class='ocrx_word' id='word_1_609' title='bbox 435 4273 676 4322; x_wconf 88' lang='lat' dir='ltr'><strong>essenta</strong></span> <span class='ocrx_word' id='word_1_610' title='bbox 705 4263 907 4331; x_wconf 87' lang='lat' dir='ltr'><strong>Spiritu</strong></span> <span class='ocrx_word' id='word_1_611' title='bbox 935 4270 1146 4326; x_wconf 89' lang='lat' dir='ltr'><strong>sancto,</strong></span> <span class='ocrx_word' id='word_1_612' title='bbox 1179 4260 1262 4314; x_wconf 93' lang='lat' dir='ltr'><strong>vel</strong></span> <span class='ocrx_word' id='word_1_613' title='bbox 1291 4275 1454 4326; x_wconf 71' lang='lat' dir='ltr'><strong>czeco,</strong></span> <span class='ocrx_word' id='word_1_614' title='bbox 1487 4269 1545 4314; x_wconf 91' lang='lat' dir='ltr'><strong>ut</strong></span> <span class='ocrx_word' id='word_1_615' title='bbox 1583 4259 1757 4324; x_wconf 87' lang='lat' dir='ltr'><strong>aiunt,</strong></span> <span class='ocrx_word' id='word_1_616' title='bbox 1800 4258 2014 4328; x_wconf 85' lang='lat' dir='ltr'><strong>perspi--</strong></span> 
     </span>
    </p>
   </div>
   <div class='ocr_carea' id='block_1_75' title="bbox 427 4349 2013 4424">
    <p class='ocr_par' dir='ltr' id='par_1_75' title="bbox 427 4349 2013 4424">
     <span class='ocr_line' id='line_1_75' title="bbox 427 4349 2013 4424; baseline -0.008 -8"><span class='ocrx_word' id='word_1_617' title='bbox 427 4372 597 4416; x_wconf 67' lang='lat' dir='ltr'><strong>cuum</strong></span> <span class='ocrx_word' id='word_1_618' title='bbox 627 4363 734 4411; x_wconf 89' lang='lat' dir='ltr'><strong>est.</strong></span> <span class='ocrx_word' id='word_1_619' title='bbox 759 4355 972 4410; x_wconf 87' lang='lat' dir='ltr'><strong>Etenim</strong></span> <span class='ocrx_word' id='word_1_620' title='bbox 1003 4353 1174 4408; x_wconf 72' lang='lat' dir='ltr'><strong>beatae</strong></span> <span class='ocrx_word' id='word_1_621' title='bbox 1201 4354 1318 4408; x_wconf 73' lang='lat' dir='ltr'><strong>istae</strong></span> <span class='ocrx_word' id='word_1_622' title='bbox 1343 4353 1656 4424; x_wconf 86' lang='lat' dir='ltr'><strong>hypostases</strong></span> <span class='ocrx_word' id='word_1_623' title='bbox 1675 4349 2013 4420; x_wconf 69' lang='lat' dir='ltr'><strong>praecipiunt,</strong></span> 
     </span>
    </p>
   </div>
   <div class='ocr_carea' id='block_1_76' title="bbox 438 4443 2010 4516">
    <p class='ocr_par' dir='ltr' id='par_1_76' title="bbox 438 4443 2010 4516">
     <span class='ocr_line' id='line_1_76' title="bbox 438 4443 2010 4516; baseline -0.004 -14"><span class='ocrx_word' id='word_1_624' title='bbox 438 4448 752 4516; x_wconf 74' lang='lat' dir='ltr'><strong>angelorum</strong></span> <span class='ocrx_word' id='word_1_625' title='bbox 813 4461 938 4502; x_wconf 88' lang='lat' dir='ltr'><strong>vero</strong></span> <span class='ocrx_word' id='word_1_626' title='bbox 985 4447 1070 4500; x_wconf 87' lang='lat' dir='ltr'><strong>vel</strong></span> <span class='ocrx_word' id='word_1_627' title='bbox 1121 4447 1361 4501; x_wconf 91' lang='lat' dir='ltr'><strong>omnium</strong></span> <span class='ocrx_word' id='word_1_628' title='bbox 1415 4453 1610 4498; x_wconf 83' lang='lat' dir='ltr'><strong>natura</strong></span> <span class='ocrx_word' id='word_1_629' title='bbox 1654 4443 2010 4512; x_wconf 89' lang='lat' dir='ltr'><strong>obtemperat.</strong></span> 
     </span>
    </p>
   </div>
   <div class='ocr_carea' id='block_1_77' title="bbox 2115 3241 3691 3322">
    <p class='ocr_par' dir='ltr' id='par_1_77' title="bbox 2115 3241 3691 3322">
     <span class='ocr_line' id='line_1_77' title="bbox 2115 3241 3691 3322; baseline -0.005 -20"><span class='ocrx_word' id='word_1_630' title='bbox 2115 3249 2270 3322; x_wconf 82' lang='grc' dir='ltr'>δῆλός</span> <span class='ocrx_word' id='word_1_631' title='bbox 2301 3249 2438 3312; x_wconf 75' lang='grc' dir='ltr'>ἐστι,</span> <span class='ocrx_word' id='word_1_632' title='bbox 2473 3245 2616 3300; x_wconf 85' lang='grc' dir='ltr'>καθά</span> <span class='ocrx_word' id='word_1_633' title='bbox 2667 3263 2822 3316; x_wconf 85' lang='grc' dir='ltr'>φασι,</span> <span class='ocrx_word' id='word_1_634' title='bbox 2855 3245 2950 3298; x_wconf 73' lang='grc' dir='ltr'>καὶ</span> <span class='ocrx_word' id='word_1_635' title='bbox 2998 3243 3205 3312; x_wconf 76' lang='grc' dir='ltr'>τυφλῷ,</span> <span class='ocrx_word' id='word_1_636' title='bbox 3237 3243 3414 3297; x_wconf 84' lang='grc' dir='ltr'>ταῦτα</span> <span class='ocrx_word' id='word_1_637' title='bbox 3443 3242 3534 3296; x_wconf 78' lang='grc' dir='ltr'><strong>τὸν</strong></span> <span class='ocrx_word' id='word_1_638' title='bbox 3563 3241 3691 3295; x_wconf 80' lang='grc' dir='ltr'>Υίὺν</span> 
     </span>
    </p>
   </div>
   <div class='ocr_carea' id='block_1_78' title="bbox 2113 3331 3685 3410">
    <p class='ocr_par' dir='ltr' id='par_1_78' title="bbox 2113 3331 3685 3410">
     <span class='ocr_line' id='line_1_78' title="bbox 2113 3331 3685 3410; baseline -0.006 -14"><span class='ocrx_word' id='word_1_639' title='bbox 2113 3341 2210 3396; x_wconf 89' lang='grc' dir='ltr'><strong>τοῦ</strong></span> <span class='ocrx_word' id='word_1_640' title='bbox 2240 3340 2376 3394; x_wconf 85' lang='grc' dir='ltr'>Θεοῦ</span> <span class='ocrx_word' id='word_1_641' title='bbox 2411 3344 2610 3410; x_wconf 84' lang='grc' dir='ltr'>νοήσας</span> <span class='ocrx_word' id='word_1_642' title='bbox 2650 3338 2964 3408; x_wconf 75' lang='grc' dir='ltr'>εἰρηκέναιο</span> <span class='ocrx_word' id='word_1_643' title='bbox 3007 3337 3103 3390; x_wconf 74' lang='grc' dir='ltr'><strong>καὶ</strong></span> <span class='ocrx_word' id='word_1_644' title='bbox 3149 3335 3380 3398; x_wconf 79' lang='grc' dir='ltr'>Παῦλος,</span> <span class='ocrx_word' id='word_1_645' title='bbox 3420 3335 3482 3388; x_wconf 80' lang='grc' dir='ltr'><strong>τὸ</strong></span> <span class='ocrx_word' id='word_1_646' title='bbox 3528 3331 3685 3402; x_wconf 74' lang='grc' dir='ltr'>ἅγιον</span> 
     </span>
    </p>
   </div>
   <div class='ocr_carea' id='block_1_79' title="bbox 2116 3416 3680 3504">
    <p class='ocr_par' dir='ltr' id='par_1_79' title="bbox 2116 3416 3680 3504">
     <span class='ocr_line' id='line_1_79' title="bbox 2116 3416 3680 3504; baseline -0.006 -17"><span class='ocrx_word' id='word_1_647' title='bbox 2116 3431 2367 3504; x_wconf 86' lang='grc' dir='ltr'>Πνεῦμα.</span> <span class='ocrx_word' id='word_1_648' title='bbox 2402 3430 2700 3485; x_wconf 82' lang='grc' dir='ltr'>Κελεύουσι</span> <span class='ocrx_word' id='word_1_649' title='bbox 2723 3428 2836 3500; x_wconf 83' lang='grc' dir='ltr'>γὰρ</span> <span class='ocrx_word' id='word_1_650' title='bbox 2861 3431 2917 3482; x_wconf 79' lang='grc' dir='ltr'><strong>αἱ</strong></span> <span class='ocrx_word' id='word_1_651' title='bbox 2949 3429 3218 3500; x_wconf 84' lang='grc' dir='ltr'>μακάριαι</span> <span class='ocrx_word' id='word_1_652' title='bbox 3245 3427 3568 3488; x_wconf 86' lang='grc' dir='ltr'>ὑποστάσεις</span> <span class='ocrx_word' id='word_1_653' title='bbox 3596 3416 3680 3480; x_wconf 78' lang='grc' dir='ltr'><strong>αὗ-</strong></span> 
     </span>
    </p>
   </div>
   <div class='ocr_carea' id='block_1_80' title="bbox 2114 3519 3680 3593">
    <p class='ocr_par' dir='ltr' id='par_1_80' title="bbox 2114 3519 3680 3593">
     <span class='ocr_line' id='line_1_80' title="bbox 2114 3519 3680 3593; baseline -0.006 -13"><span class='ocrx_word' id='word_1_654' title='bbox 2114 3544 2229 3591; x_wconf 85' lang='grc' dir='ltr'>ται,</span> <span class='ocrx_word' id='word_1_655' title='bbox 2261 3525 2398 3579; x_wconf 72' lang='grc' dir='ltr'>εἴκει</span> <span class='ocrx_word' id='word_1_656' title='bbox 2431 3525 2488 3578; x_wconf 79' lang='grc' dir='ltr'>δὲ</span> <span class='ocrx_word' id='word_1_657' title='bbox 2515 3525 2549 3593; x_wconf 89' lang='grc' dir='ltr'><strong>ή</strong></span> <span class='ocrx_word' id='word_1_658' title='bbox 2578 3522 2829 3592; x_wconf 82' lang='grc' dir='ltr'>ἀγγέλων</span> <span class='ocrx_word' id='word_1_659' title='bbox 2857 3522 2950 3575; x_wconf 64' lang='grc' dir='ltr'><strong>καὶ⁵</strong></span> <span class='ocrx_word' id='word_1_660' title='bbox 2977 3521 3194 3574; x_wconf 89' lang='grc' dir='ltr'>πάντων</span> <span class='ocrx_word' id='word_1_661' title='bbox 3235 3519 3422 3590; x_wconf 80' lang='grc' dir='ltr'>φύσις.</span> <span class='ocrx_word' id='word_1_662' title='bbox 3461 3519 3680 3589; x_wconf 66' lang='grc' dir='ltr'>Ἡγεμοε</span> 
     </span>
    </p>
   </div>
   <div class='ocr_carea' id='block_1_81' title="bbox 2119 3608 3692 3686">
    <p class='ocr_par' dir='ltr' id='par_1_81' title="bbox 2119 3608 3692 3686">
     <span class='ocr_line' id='line_1_81' title="bbox 2119 3608 3692 3686; baseline -0.006 -16"><span class='ocrx_word' id='word_1_663' title='bbox 2119 3616 2336 3671; x_wconf 84' lang='grc' dir='ltr'>νεύουσι</span> <span class='ocrx_word' id='word_1_664' title='bbox 2369 3615 2477 3686; x_wconf 88' lang='grc' dir='ltr'>γὰρ</span> <span class='ocrx_word' id='word_1_665' title='bbox 2509 3612 2836 3684; x_wconf 84' lang='grc' dir='ltr'>βασιλικῶς,</span> <span class='ocrx_word' id='word_1_666' title='bbox 2867 3613 2962 3666; x_wconf 77' lang='grc' dir='ltr'>καὶ</span> <span class='ocrx_word' id='word_1_667' title='bbox 2994 3611 3358 3683; x_wconf 84' lang='grc' dir='ltr'>κατάρχουσιν</span> <span class='ocrx_word' id='word_1_668' title='bbox 3389 3608 3692 3679; x_wconf 78' lang='grc' dir='ltr'>αὐτοφυῶς,</span> 
     </span>
    </p>
   </div>
   <div class='ocr_carea' id='block_1_82' title="bbox 2121 3695 3694 3777">
    <p class='ocr_par' dir='ltr' id='par_1_82' title="bbox 2121 3695 3694 3777">
     <span class='ocr_line' id='line_1_82' title="bbox 2121 3695 3694 3777; baseline -0.006 -15"><span class='ocrx_word' id='word_1_669' title='bbox 2121 3707 2213 3762; x_wconf 83' lang='grc' dir='ltr'>διὰ</span> <span class='ocrx_word' id='word_1_670' title='bbox 2241 3708 2342 3777; x_wconf 80' lang='grc' dir='ltr'>τὴν</span> <span class='ocrx_word' id='word_1_671' title='bbox 2371 3705 2791 3777; x_wconf 78' lang='grc' dir='ltr'>ἀπαράλλακτον</span> <span class='ocrx_word' id='word_1_672' title='bbox 2820 3705 2957 3775; x_wconf 89' lang='grc' dir='ltr'>πρὸς</span> <span class='ocrx_word' id='word_1_673' title='bbox 2983 3704 3075 3756; x_wconf 86' lang='grc' dir='ltr'><strong>τὸν</strong></span> <span class='ocrx_word' id='word_1_674' title='bbox 3105 3701 3166 3768; x_wconf 77' lang='grc' dir='ltr'>ἐξ</span> <span class='ocrx_word' id='word_1_675' title='bbox 3191 3695 3253 3756; x_wconf 75' lang='grc' dir='ltr'><strong>οὗ</strong></span> <span class='ocrx_word' id='word_1_676' title='bbox 3283 3701 3550 3774; x_wconf 83' lang='grc' dir='ltr'>προῆλθον</span> <span class='ocrx_word' id='word_1_677' title='bbox 3578 3703 3694 3755; x_wconf 87' lang='grc' dir='ltr'>Πα-</span> 
     </span>
    </p>
   </div>
   <div class='ocr_carea' id='block_1_83' title="bbox 2115 3794 3694 3872">
    <p class='ocr_par' dir='ltr' id='par_1_83' title="bbox 2115 3794 3694 3872">
     <span class='ocr_line' id='line_1_83' title="bbox 2115 3794 3694 3872; baseline -0.004 -20"><span class='ocrx_word' id='word_1_678' title='bbox 2115 3801 2250 3872; x_wconf 81' lang='grc' dir='ltr'>τέρα</span> <span class='ocrx_word' id='word_1_679' title='bbox 2275 3797 2526 3869; x_wconf 87' lang='grc' dir='ltr'>θεότητα,</span> <span class='ocrx_word' id='word_1_680' title='bbox 2558 3798 2652 3850; x_wconf 77' lang='grc' dir='ltr'><strong>καὶ</strong></span> <span class='ocrx_word' id='word_1_681' title='bbox 2674 3797 2936 3865; x_wconf 84' lang='grc' dir='ltr'>ἀνάγεται</span> <span class='ocrx_word' id='word_1_682' title='bbox 2967 3795 3143 3849; x_wconf 85' lang='grc' dir='ltr'>πάντα</span> <span class='ocrx_word' id='word_1_683' title='bbox 3169 3797 3250 3859; x_wconf 82' lang='grc' dir='ltr'><strong>είς</strong></span> <span class='ocrx_word' id='word_1_684' title='bbox 3278 3796 3503 3849; x_wconf 74' lang='grc' dir='ltr'>ἐκεῖνον.</span> <span class='ocrx_word' id='word_1_685' title='bbox 3537 3794 3694 3864; x_wconf 87' lang='grc' dir='ltr'>Ἔχε-</span> 
     </span>
    </p>
   </div>
   <div class='ocr_carea' id='block_1_84' title="bbox 2115 3884 3692 3959">
    <p class='ocr_par' dir='ltr' id='par_1_84' title="bbox 2115 3884 3692 3959">
     <span class='ocr_line' id='line_1_84' title="bbox 2115 3884 3692 3959; baseline -0.005 -15"><span class='ocrx_word' id='word_1_686' title='bbox 2115 3908 2208 3944; x_wconf 89' lang='grc' dir='ltr'><strong>ται</strong></span> <span class='ocrx_word' id='word_1_687' title='bbox 2231 3885 2325 3942; x_wconf 81' lang='grc' dir='ltr'>οὖν</span> <span class='ocrx_word' id='word_1_688' title='bbox 2353 3887 2411 3942; x_wconf 77' lang='grc' dir='ltr'>ἒν</span> <span class='ocrx_word' id='word_1_689' title='bbox 2435 3887 2621 3940; x_wconf 89' lang='grc' dir='ltr'>τοῦτο·</span> <span class='ocrx_word' id='word_1_690' title='bbox 2649 3887 2836 3959; x_wconf 76' lang='grc' dir='ltr'>ἓτερον</span> <span class='ocrx_word' id='word_1_691' title='bbox 2855 3887 2933 3953; x_wconf 83' lang='grc' dir='ltr'><strong>δὲ,</strong></span> <span class='ocrx_word' id='word_1_692' title='bbox 2959 3888 3042 3940; x_wconf 85' lang='grc' dir='ltr'>ὅτι</span> <span class='ocrx_word' id='word_1_693' title='bbox 3069 3887 3154 3950; x_wconf 88' lang='grc' dir='ltr'><strong>τίς</strong></span> <span class='ocrx_word' id='word_1_694' title='bbox 3182 3885 3249 3940; x_wconf 83' lang='grc' dir='ltr'><strong>ἂν</strong></span> <span class='ocrx_word' id='word_1_695' title='bbox 3271 3884 3460 3956; x_wconf 81' lang='grc' dir='ltr'>ὀφθείη</span> <span class='ocrx_word' id='word_1_696' title='bbox 3488 3885 3692 3956; x_wconf 76' lang='grc' dir='ltr'>ἕτερος,</span> 
     </span>
    </p>
   </div>
   <div class='ocr_carea' id='block_1_85' title="bbox 2117 3975 3696 4052">
    <p class='ocr_par' dir='ltr' id='par_1_85' title="bbox 2117 3975 3696 4052">
     <span class='ocr_line' id='line_1_85' title="bbox 2117 3975 3696 4052; baseline -0.004 -17"><span class='ocrx_word' id='word_1_697' title='bbox 2117 3976 2272 4052; x_wconf 81' lang='grc' dir='ltr'>ᾧτινι</span> <span class='ocrx_word' id='word_1_698' title='bbox 2301 3979 2740 4050; x_wconf 77' lang='grc' dir='ltr'>συμφωνότερον,</span> <span class='ocrx_word' id='word_1_699' title='bbox 2772 3979 2806 4049; x_wconf 80' lang='grc' dir='ltr'>ἢ</span> <span class='ocrx_word' id='word_1_700' title='bbox 2841 3977 3296 4051; x_wconf 86' lang='grc' dir='ltr'>προσφορώτερον</span> <span class='ocrx_word' id='word_1_701' title='bbox 3319 3976 3512 4040; x_wconf 84' lang='grc' dir='ltr'>ταῦτα,</span> <span class='ocrx_word' id='word_1_702' title='bbox 3539 3975 3608 4029; x_wconf 82' lang='grc' dir='ltr'>τὰ</span> <span class='ocrx_word' id='word_1_703' title='bbox 3631 3977 3696 4029; x_wconf 70' lang='grc' dir='ltr'>ἐκ</span> 
     </span>
    </p>
   </div>
   <div class='ocr_carea' id='block_1_86' title="bbox 2117 4067 3696 4144">
    <p class='ocr_par' dir='ltr' id='par_1_86' title="bbox 2117 4067 3696 4144">
     <span class='ocr_line' id='line_1_86' title="bbox 2117 4067 3696 4144; baseline -0.004 -17"><span class='ocrx_word' id='word_1_704' title='bbox 2117 4071 2411 4144; x_wconf 86' lang='grc' dir='ltr'>προσώπου</span> <span class='ocrx_word' id='word_1_705' title='bbox 2447 4068 2544 4123; x_wconf 89' lang='grc' dir='ltr'><strong>τοῦ</strong></span> <span class='ocrx_word' id='word_1_706' title='bbox 2572 4067 2709 4122; x_wconf 88' lang='grc' dir='ltr'>Θεοῦ</span> <span class='ocrx_word' id='word_1_707' title='bbox 2754 4069 2969 4139; x_wconf 85' lang='grc' dir='ltr'>Πατρὸς</span> <span class='ocrx_word' id='word_1_708' title='bbox 2999 4069 3466 4140; x_wconf 77' lang='grc' dir='ltr'>προφητευθέντα,</span> <span class='ocrx_word' id='word_1_709' title='bbox 3495 4067 3696 4132; x_wconf 82' lang='grc' dir='ltr'>δόξειεν</span> 
     </span>
    </p>
   </div>
   <div class='ocr_carea' id='block_1_87' title="bbox 2119 4159 3697 4236">
    <p class='ocr_par' dir='ltr' id='par_1_87' title="bbox 2119 4159 3697 4236">
     <span class='ocr_line' id='line_1_87' title="bbox 2119 4159 3697 4236; baseline -0.007 -16"><span class='ocrx_word' id='word_1_710' title='bbox 2119 4161 2520 4236; x_wconf 76' lang='grc' dir='ltr'>ἐπιγράφεσθαι</span> <span class='ocrx_word' id='word_1_711' title='bbox 2557 4161 2635 4225; x_wconf 82' lang='grc' dir='ltr'>ὡς</span> <span class='ocrx_word' id='word_1_712' title='bbox 2677 4159 2956 4232; x_wconf 85' lang='grc' dir='ltr'>είρηκότι;</span> <span class='ocrx_word' id='word_1_713' title='bbox 3005 4160 3174 4224; x_wconf 86' lang='grc' dir='ltr'>Ποίας</span> <span class='ocrx_word' id='word_1_714' title='bbox 3211 4159 3268 4212; x_wconf 80' lang='grc' dir='ltr'>δὲ</span> <span class='ocrx_word' id='word_1_715' title='bbox 3319 4159 3697 4231; x_wconf 83' lang='grc' dir='ltr'>κατακρίσεως</span> 
     </span>
    </p>
   </div>
   <div class='ocr_carea' id='block_1_88' title="bbox 2119 4252 3696 4326">
    <p class='ocr_par' dir='ltr' id='par_1_88' title="bbox 2119 4252 3696 4326">
     <span class='ocr_line' id='line_1_88' title="bbox 2119 4252 3696 4326; baseline -0.005 -14"><span class='ocrx_word' id='word_1_716' title='bbox 2119 4259 2220 4313; x_wconf 83' lang='grc' dir='ltr'><strong>οὐκ</strong></span> <span class='ocrx_word' id='word_1_717' title='bbox 2245 4257 2390 4310; x_wconf 72' lang='grc' dir='ltr'>ἐστιν</span> <span class='ocrx_word' id='word_1_718' title='bbox 2422 4256 2572 4321; x_wconf 79' lang='grc' dir='ltr'>ἄξιος</span> <span class='ocrx_word' id='word_1_719' title='bbox 2595 4257 2625 4309; x_wconf 90' lang='lat'><strong>6</strong></span> <span class='ocrx_word' id='word_1_720' title='bbox 2664 4255 2765 4324; x_wconf 77' lang='grc' dir='ltr'>τὴν</span> <span class='ocrx_word' id='word_1_721' title='bbox 2795 4255 2926 4326; x_wconf 73' lang='grc' dir='ltr'>περὶ</span> <span class='ocrx_word' id='word_1_722' title='bbox 2957 4253 3053 4308; x_wconf 86' lang='grc' dir='ltr'><strong>τοῦ</strong></span> <span class='ocrx_word' id='word_1_723' title='bbox 3096 4253 3403 4325; x_wconf 86' lang='grc' dir='ltr'>κρείττονος</span> <span class='ocrx_word' id='word_1_724' title='bbox 3438 4252 3696 4322; x_wconf 82' lang='grc' dir='ltr'>ἀλήθειαν</span> 
     </span>
    </p>
   </div>
   <div class='ocr_carea' id='block_1_89' title="bbox 2119 4339 3696 4418">
    <p class='ocr_par' dir='ltr' id='par_1_89' title="bbox 2119 4339 3696 4418">
     <span class='ocr_line' id='line_1_89' title="bbox 2119 4339 3696 4418; baseline -0.005 -16"><span class='ocrx_word' id='word_1_725' title='bbox 2119 4345 2335 4418; x_wconf 83' lang='grc' dir='ltr'>τολμῶν</span> <span class='ocrx_word' id='word_1_726' title='bbox 2374 4345 2856 4416; x_wconf 87' lang='grc' dir='ltr'>παραχαράττειν,</span> <span class='ocrx_word' id='word_1_727' title='bbox 2907 4343 3003 4396; x_wconf 73' lang='grc' dir='ltr'><strong>καὶ</strong></span> <span class='ocrx_word' id='word_1_728' title='bbox 3036 4343 3461 4414; x_wconf 82' lang='grc' dir='ltr'>παρευδοκιμεῖν</span> <span class='ocrx_word' id='word_1_729' title='bbox 3498 4339 3696 4394; x_wconf 77' lang='grc' dir='ltr'>ἐθέλων</span> 
     </span>
    </p>
   </div>
   <div class='ocr_carea' id='block_1_90' title="bbox 2133 4433 3697 4506">
    <p class='ocr_par' dir='ltr' id='par_1_90' title="bbox 2133 4433 3697 4506">
     <span class='ocr_line' id='line_1_90' title="bbox 2133 4433 3697 4506; baseline -0.005 -14"><span class='ocrx_word' id='word_1_730' title='bbox 2133 4437 2388 4506; x_wconf 87' lang='grc' dir='ltr'>Ἰωάννην</span> <span class='ocrx_word' id='word_1_731' title='bbox 2421 4437 2517 4490; x_wconf 79' lang='grc' dir='ltr'>καὶ</span> <span class='ocrx_word' id='word_1_732' title='bbox 2542 4434 2775 4500; x_wconf 90' lang='grc' dir='ltr'>Παῦλον,</span> <span class='ocrx_word' id='word_1_733' title='bbox 2805 4435 2933 4498; x_wconf 77' lang='grc' dir='ltr'>τοὺς</span> <span class='ocrx_word' id='word_1_734' title='bbox 2966 4435 3092 4504; x_wconf 87' lang='grc' dir='ltr'>μήτ’</span> <span class='ocrx_word' id='word_1_735' title='bbox 3131 4435 3524 4504; x_wconf 84' lang='grc' dir='ltr'>ἀγνοήσαντας,</span> <span class='ocrx_word' id='word_1_736' title='bbox 3573 4433 3697 4502; x_wconf 80' lang='grc' dir='ltr'>μήτ’</span> 
     </span>
    </p>
   </div>
   <div class='ocr_carea' id='block_1_91' title="bbox 437 4523 2007 4610">
    <p class='ocr_par' dir='ltr' id='par_1_91' title="bbox 437 4533 2007 4610">
     <span class='ocr_line' id='line_1_91' title="bbox 437 4533 2007 4610; baseline -0.004 -16"><span class='ocrx_word' id='word_1_737' title='bbox 437 4537 706 4595; x_wconf 76' lang='lat' dir='ltr'><strong>Nimirum</strong></span> <span class='ocrx_word' id='word_1_738' title='bbox 736 4549 973 4610; x_wconf 65' lang='lat' dir='ltr'><strong>praesunt</strong></span> <span class='ocrx_word' id='word_1_739' title='bbox 1001 4537 1122 4602; x_wconf 67' lang='lat' dir='ltr'><strong>illae,</strong></span> <span class='ocrx_word' id='word_1_740' title='bbox 1153 4547 1316 4607; x_wconf 87' lang='lat' dir='ltr'><strong>atque</strong></span> <span class='ocrx_word' id='word_1_741' title='bbox 1339 4536 1610 4606; x_wconf 88' lang='lat' dir='ltr'><strong>imperant</strong></span> <span class='ocrx_word' id='word_1_742' title='bbox 1633 4534 1782 4603; x_wconf 75' lang='lat' dir='ltr'><strong>regio</strong></span> <span class='ocrx_word' id='word_1_743' title='bbox 1814 4533 1974 4588; x_wconf 87' lang='lat' dir='ltr'><strong>modo</strong></span> <span class='ocrx_word' id='word_1_744' title='bbox 1999 4551 2007 4600; x_wconf 63' lang='grc' dir='ltr'><strong><em>ς</em></strong></span> 
     </span>
    </p>
   </div>
   <div class='ocr_carea' id='block_1_92' title="bbox 2114 4523 3698 4610">
    <p class='ocr_par' dir='ltr' id='par_1_92' title="bbox 2125 4523 3698 4602">
     <span class='ocr_line' id='line_1_92' title="bbox 2125 4523 3698 4602; baseline -0.006 -17"><span class='ocrx_word' id='word_1_745' title='bbox 2125 4527 2573 4602; x_wconf 79' lang='grc' dir='ltr'>ἀποκρύψαντας,</span> <span class='ocrx_word' id='word_1_746' title='bbox 2605 4526 2852 4598; x_wconf 75' lang='grc' dir='ltr'>ἐναργῶς</span> <span class='ocrx_word' id='word_1_747' title='bbox 2883 4526 2940 4580; x_wconf 76' lang='grc' dir='ltr'>δὲ</span> <span class='ocrx_word' id='word_1_748' title='bbox 2968 4528 3064 4580; x_wconf 70' lang='grc' dir='ltr'><strong>καὶ</strong></span> <span class='ocrx_word' id='word_1_749' title='bbox 3093 4525 3306 4599; x_wconf 86' lang='grc' dir='ltr'>τρανῶς</span> <span class='ocrx_word' id='word_1_750' title='bbox 3327 4525 3395 4580; x_wconf 83' lang='grc' dir='ltr'>τὰ</span> <span class='ocrx_word' id='word_1_751' title='bbox 3421 4527 3550 4596; x_wconf 77' lang='grc' dir='ltr'>περὶ</span> <span class='ocrx_word' id='word_1_752' title='bbox 3574 4523 3698 4578; x_wconf 87' lang='grc' dir='ltr'>τού-</span> 
     </span>
    </p>
   </div>
   <div class='ocr_carea' id='block_1_93' title="bbox 439 4624 2018 4700">
    <p class='ocr_par' dir='ltr' id='par_1_93' title="bbox 439 4624 2018 4700">
     <span class='ocr_line' id='line_1_93' title="bbox 439 4624 2018 4700; baseline -0.003 -17"><span class='ocrx_word' id='word_1_753' title='bbox 439 4640 497 4683; x_wconf 83' lang='lat' dir='ltr'><strong>et</strong></span> <span class='ocrx_word' id='word_1_754' title='bbox 541 4645 636 4697; x_wconf 86' lang='lat' dir='ltr'><strong>per</strong></span> <span class='ocrx_word' id='word_1_755' title='bbox 674 4629 946 4700; x_wconf 89' lang='lat' dir='ltr'><strong>propriam</strong></span> <span class='ocrx_word' id='word_1_756' title='bbox 993 4638 1247 4682; x_wconf 86' lang='lat' dir='ltr'><strong>naturam</strong></span> <span class='ocrx_word' id='word_1_757' title='bbox 1292 4628 1362 4683; x_wconf 89' lang='lat' dir='ltr'><strong>ob</strong></span> <span class='ocrx_word' id='word_1_758' title='bbox 1404 4625 1740 4680; x_wconf 89' lang='lat' dir='ltr'><strong>identitatem</strong></span> <span class='ocrx_word' id='word_1_759' title='bbox 1798 4624 2018 4679; x_wconf 88' lang='lat' dir='ltr'><strong>deitatis</strong></span> 
     </span>
    </p>
   </div>
   <div class='ocr_carea' id='block_1_94' title="bbox 341 4715 2015 4791">
    <p class='ocr_par' dir='ltr' id='par_1_94' title="bbox 341 4715 2015 4791">
     <span class='ocr_line' id='line_1_94' title="bbox 341 4715 2015 4791; baseline -0.003 -18"><span class='ocrx_word' id='word_1_760' title='bbox 341 4757 346 4764; x_wconf 83' lang='lat'><strong>.</strong></span> <span class='ocrx_word' id='word_1_761' title='bbox 442 4735 564 4774; x_wconf 85' lang='lat' dir='ltr'><strong>cum</strong></span> <span class='ocrx_word' id='word_1_762' title='bbox 587 4719 748 4776; x_wconf 87' lang='lat' dir='ltr'><strong>Patre</strong></span> <span class='ocrx_word' id='word_1_763' title='bbox 771 4735 840 4776; x_wconf 86' lang='lat' dir='ltr'><strong>ex</strong></span> <span class='ocrx_word' id='word_1_764' title='bbox 877 4735 984 4790; x_wconf 90' lang='lat' dir='ltr'><strong>quo</strong></span> <span class='ocrx_word' id='word_1_765' title='bbox 1015 4721 1144 4791; x_wconf 63' lang='lat' dir='ltr'><strong>ipsa:</strong></span> <span class='ocrx_word' id='word_1_766' title='bbox 1182 4726 1606 4791; x_wconf 89' lang='lat' dir='ltr'><strong>processerunt,</strong></span> <span class='ocrx_word' id='word_1_767' title='bbox 1645 4715 2015 4781; x_wconf 87' lang='lat' dir='ltr'><strong>dominantur,</strong></span> 
     </span>
    </p>
   </div>
   <div class='ocr_carea' id='block_1_95' title="bbox 508 4865 2016 4940">
    <p class='ocr_par' dir='ltr' id='par_1_95' title="bbox 508 4865 2016 4940">
     <span class='ocr_line' id='line_1_95' title="bbox 508 4865 2016 4940; baseline -0.002 -16"><span class='ocrx_word' id='word_1_768' title='bbox 508 4868 620 4940; x_wconf 77' lang='lat'>(85)</span> <span class='ocrx_word' id='word_1_769' title='bbox 657 4867 803 4924; x_wconf 85' lang='lat' dir='ltr'><strong>Sicut</strong></span> <span class='ocrx_word' id='word_1_770' title='bbox 829 4870 1021 4927; x_wconf 76' lang='lat' dir='ltr'><strong>David.</strong></span> <span class='ocrx_word' id='word_1_771' title='bbox 1045 4869 1206 4928; x_wconf 82' lang='lat' dir='ltr'><strong>Rom.</strong></span> <span class='ocrx_word' id='word_1_772' title='bbox 1257 4885 1330 4934; x_wconf 86' lang='lat' dir='ltr'><strong>tv,</strong></span> <span class='ocrx_word' id='word_1_773' title='bbox 1382 4868 1436 4933; x_wconf 85' lang='lat'><strong>6,</strong></span> <span class='ocrx_word' id='word_1_774' title='bbox 1457 4869 1515 4923; x_wconf 87' lang='lat'><strong>7.</strong></span> <span class='ocrx_word' id='word_1_775' title='bbox 1542 4868 1672 4926; x_wconf 91' lang='lat' dir='ltr'><strong>Post</strong></span> <span class='ocrx_word' id='word_1_776' title='bbox 1691 4865 1876 4922; x_wconf 84' lang='lat' dir='ltr'><strong>vocem</strong></span> <span class='ocrx_word' id='word_1_777' title='bbox 1911 4882 2016 4937; x_wconf 87' lang='grc' dir='ltr'>μα-</span> 
     </span>
    </p>
   </div>
   <div class='ocr_carea' id='block_1_96' title="bbox 444 4941 1494 5011">
    <p class='ocr_par' dir='ltr' id='par_1_96' title="bbox 444 4941 1494 5011">
     <span class='ocr_line' id='line_1_96' title="bbox 444 4941 1494 5011; baseline -0.003 -16"><span class='ocrx_word' id='word_1_778' title='bbox 444 4941 712 5011; x_wconf 60' lang='grc' dir='ltr'>καρισμρν</span> <span class='ocrx_word' id='word_1_779' title='bbox 748 4943 1000 5011; x_wconf 86' lang='lat' dir='ltr'><strong>nonnulla</strong></span> <span class='ocrx_word' id='word_1_780' title='bbox 1035 4942 1120 4994; x_wconf 93' lang='lat' dir='ltr'><strong>hic</strong></span> <span class='ocrx_word' id='word_1_781' title='bbox 1151 4941 1494 5011; x_wconf 75' lang='lat' dir='ltr'><strong>omittuntur.</strong></span> 
     </span>
    </p>
   </div>
   <div class='ocr_carea' id='block_1_97' title="bbox 519 5007 2016 5078">
    <p class='ocr_par' dir='ltr' id='par_1_97' title="bbox 519 5007 2016 5078">
     <span class='ocr_line' id='line_1_97' title="bbox 519 5007 2016 5078; baseline -0.002 -15"><span class='ocrx_word' id='word_1_782' title='bbox 519 5007 630 5078; x_wconf 69' lang='lat'>(84)</span> <span class='ocrx_word' id='word_1_783' title='bbox 658 5007 722 5062; x_wconf 82' lang='lat' dir='ltr'><strong>Et</strong></span> <span class='ocrx_word' id='word_1_784' title='bbox 741 5011 899 5064; x_wconf 82' lang='lat' dir='ltr'><strong>venit.</strong></span> <span class='ocrx_word' id='word_1_785' title='bbox 919 5010 1075 5064; x_wconf 87' lang='lat' dir='ltr'><strong>Num.</strong></span> <span class='ocrx_word' id='word_1_786' title='bbox 1092 5025 1236 5078; x_wconf 78' lang='lat' dir='ltr'><strong>xxii,</strong></span> <span class='ocrx_word' id='word_1_787' title='bbox 1255 5009 1344 5062; x_wconf 70' lang='lat'><strong>20.</strong></span> <span class='ocrx_word' id='word_1_788' title='bbox 1363 5009 1630 5078; x_wconf 84' lang='lat' dir='ltr'><strong>Complut.</strong></span> <span class='ocrx_word' id='word_1_789' title='bbox 1655 5008 1854 5078; x_wconf 86' lang='lat' dir='ltr'><strong>editio:</strong></span> <span class='ocrx_word' id='word_1_790' title='bbox 1873 5021 2016 5078; x_wconf 89' lang='grc' dir='ltr'>παρ-</span> 
     </span>
    </p>
   </div>
   <div class='ocr_carea' id='block_1_98' title="bbox 443 5077 2020 5204">
    <p class='ocr_par' dir='ltr' id='par_1_98' title="bbox 443 5077 2020 5204">
     <span class='ocr_line' id='line_1_98' title="bbox 443 5077 2020 5204; baseline -0.001 -72"><span class='ocrx_word' id='word_1_791' title='bbox 443 5077 727 5204; x_wconf 46' lang='grc' dir='ltr'><strong>ἓῗπῷιίιέο</strong></span> <span class='ocrx_word' id='word_1_792' title='bbox 764 5080 1038 5150; x_wconf 82' lang='grc' dir='ltr'>πάρεισιν.</span> <span class='ocrx_word' id='word_1_793' title='bbox 1078 5077 1186 5136; x_wconf 88' lang='lat' dir='ltr'><strong>Sed</strong></span> <span class='ocrx_word' id='word_1_794' title='bbox 1225 5077 1700 5135; x_wconf 81' lang='lat' dir='ltr'><strong>Francofurtensis</strong></span> <span class='ocrx_word' id='word_1_795' title='bbox 1741 5077 1908 5132; x_wconf 84' lang='lat' dir='ltr'><strong>habet</strong></span> <span class='ocrx_word' id='word_1_796' title='bbox 1958 5077 2020 5130; x_wconf 87' lang='lat' dir='ltr'><strong>ut</strong></span> 
     </span>
    </p>
   </div>
   <div class='ocr_carea' id='block_1_99' title="bbox 497 5165 1110 5204">
    <p class='ocr_par' dir='ltr' id='par_1_99' title="bbox 497 5165 1110 5204">
     <span class='ocr_line' id='line_1_99' title="bbox 497 5165 1110 5204; baseline -0.003 0"><span class='ocrx_word' id='word_1_797' title='bbox 497 5165 728 5204; x_wconf 77' lang='lat' dir='ltr'><strong>IUVIIIUS.</strong></span> <span class='ocrx_word' id='word_1_798' title='bbox 1106 5181 1110 5188; x_wconf 89' lang='grc'><strong>·</strong></span> 
     </span>
    </p>
   </div>
   <div class='ocr_carea' id='block_1_100' title="bbox 522 5216 2026 5291">
    <p class='ocr_par' dir='ltr' id='par_1_100' title="bbox 522 5216 2026 5291">
     <span class='ocr_line' id='line_1_100' title="bbox 522 5216 2026 5291; baseline -0.004 -17"><span class='ocrx_word' id='word_1_799' title='bbox 522 5216 631 5291; x_wconf 81' lang='grc'><strong>(85)</strong></span> <span class='ocrx_word' id='word_1_800' title='bbox 675 5217 843 5291; x_wconf 70' lang='lat' dir='ltr'><strong>Dixit.</strong></span> <span class='ocrx_word' id='word_1_801' title='bbox 883 5216 1041 5273; x_wconf 82' lang='lat' dir='ltr'><strong>Num.</strong></span> <span class='ocrx_word' id='word_1_802' title='bbox 1071 5234 1226 5291; x_wconf 65' lang='grc' dir='ltr'>χιιι,</span> <span class='ocrx_word' id='word_1_803' title='bbox 1253 5217 1344 5291; x_wconf 68' lang='grc'><strong>55.</strong></span> <span class='ocrx_word' id='word_1_804' title='bbox 1391 5219 1577 5291; x_wconf 74' lang='lat' dir='ltr'><strong>Graeca</strong></span> <span class='ocrx_word' id='word_1_805' title='bbox 1626 5217 1796 5291; x_wconf 82' lang='lat' dir='ltr'><strong>Biblia</strong></span> <span class='ocrx_word' id='word_1_806' title='bbox 1836 5225 2026 5272; x_wconf 89' lang='lat' dir='ltr'><strong>carent</strong></span> 
     </span>
    </p>
   </div>
   <div class='ocr_carea' id='block_1_101' title="bbox 447 5287 2025 5370">
    <p class='ocr_par' dir='ltr' id='par_1_101' title="bbox 447 5287 2025 5370">
     <span class='ocr_line' id='line_1_101' title="bbox 447 5287 2025 5370; baseline -0.022 2"><span class='ocrx_word' id='word_1_807' title='bbox 447 5287 582 5370; x_wconf 56' lang='grc' dir='ltr'>Ϋίῖέθ</span> <span class='ocrx_word' id='word_1_808' title='bbox 613 5287 832 5370; x_wconf 57' lang='grc' dir='ltr'><strong>,τοξδῗων</strong></span> <span class='ocrx_word' id='word_1_809' title='bbox 854 5327 894 5366; x_wconf 69' lang='grc' dir='ltr'>υ,</span> <span class='ocrx_word' id='word_1_810' title='bbox 920 5299 978 5370; x_wconf 64' lang='lat'><strong>,9}</strong></span> <span class='ocrx_word' id='word_1_811' title='bbox 1009 5305 1106 5358; x_wconf 71' lang='grc' dir='ltr'><strong>Ρτο</strong></span> <span class='ocrx_word' id='word_1_812' title='bbox 1143 5287 1356 5370; x_wconf 66' lang='grc' dir='ltr'>φυλάξῃ</span> <span class='ocrx_word' id='word_1_813' title='bbox 1414 5289 1632 5370; x_wconf 78' lang='grc' dir='ltr'>ποιῆσαι</span> <span class='ocrx_word' id='word_1_814' title='bbox 1677 5288 1878 5370; x_wconf 70' lang='lat' dir='ltr'><strong>habent</strong></span> <span class='ocrx_word' id='word_1_815' title='bbox 1923 5303 2025 5354; x_wconf 84' lang='grc' dir='ltr'><strong>φυ-</strong></span> 
     </span>
    </p>
   </div>
   <div class='ocr_carea' id='block_1_102' title="bbox 448 5357 2024 5432">
    <p class='ocr_par' dir='ltr' id='par_1_102' title="bbox 448 5357 2024 5432">
     <span class='ocr_line' id='line_1_102' title="bbox 448 5357 2024 5432; baseline -0.003 -20"><span class='ocrx_word' id='word_1_816' title='bbox 448 5357 586 5432; x_wconf 80' lang='grc' dir='ltr'>λάξῃ</span> <span class='ocrx_word' id='word_1_817' title='bbox 617 5358 894 5432; x_wconf 75' lang='grc' dir='ltr'>λαλῆσαι,</span> <span class='ocrx_word' id='word_1_818' title='bbox 918 5357 969 5412; x_wconf 90' lang='lat' dir='ltr'><strong>id</strong></span> <span class='ocrx_word' id='word_1_819' title='bbox 998 5357 1098 5432; x_wconf 73' lang='lat' dir='ltr'><strong>_est</strong></span> <span class='ocrx_word' id='word_1_820' title='bbox 1121 5357 1388 5414; x_wconf 71' lang='lat' dir='ltr'><strong>«cavebis</strong></span> <span class='ocrx_word' id='word_1_821' title='bbox 1421 5373 1488 5412; x_wconf 92' lang='lat' dir='ltr'><strong>ne</strong></span> <span class='ocrx_word' id='word_1_822' title='bbox 1529 5357 1767 5428; x_wconf 87' lang='lat' dir='ltr'><strong>loquaris</strong></span> <span class='ocrx_word' id='word_1_823' title='bbox 1803 5374 1818 5410; x_wconf 84' lang='lat'><strong>:</strong></span> <span class='ocrx_word' id='word_1_824' title='bbox 1861 5375 1882 5408; x_wconf 78' lang='grc' dir='ltr'><strong>ι</strong></span> <span class='ocrx_word' id='word_1_825' title='bbox 1916 5370 2024 5425; x_wconf 90' lang='lat' dir='ltr'><strong>quo</strong></span> 
     </span>
    </p>
   </div>
   <div class='ocr_carea' id='block_1_103' title="bbox 451 5415 1189 5496">
    <p class='ocr_par' dir='ltr' id='par_1_103' title="bbox 451 5415 1189 5496">
     <span class='ocr_line' id='line_1_103' title="bbox 451 5415 1189 5496; baseline 0 -14"><span class='ocrx_word' id='word_1_826' title='bbox 451 5415 609 5484; x_wconf 69' lang='lat' dir='ltr'><strong>nimii)</strong></span> <span class='ocrx_word' id='word_1_827' title='bbox 648 5415 928 5496; x_wconf 52' lang='lat' dir='ltr'><strong>legendum</strong></span> <span class='ocrx_word' id='word_1_828' title='bbox 960 5429 1189 5483; x_wconf 90' lang='lat' dir='ltr'><strong>videtur.</strong></span> 
     </span>
    </p>
   </div>
   <div class='ocr_carea' id='block_1_104' title="bbox 520 5494 2023 5568">
    <p class='ocr_par' dir='ltr' id='par_1_104' title="bbox 520 5494 2023 5568">
     <span class='ocr_line' id='line_1_104' title="bbox 520 5494 2023 5568; baseline -0.005 -11"><span class='ocrx_word' id='word_1_829' title='bbox 520 5499 632 5568; x_wconf 84' lang='lat'>(86)</span> <span class='ocrx_word' id='word_1_830' title='bbox 685 5494 1138 5568; x_wconf 76' lang='lat' dir='ltr'><strong>Dissimulatione.</strong></span> <span class='ocrx_word' id='word_1_831' title='bbox 1179 5496 1422 5564; x_wconf 78' lang='lat' dir='ltr'><strong>Respicit</strong></span> <span class='ocrx_word' id='word_1_832' title='bbox 1453 5496 1797 5568; x_wconf 80' lang='lat' dir='ltr'><strong>Socraticam</strong></span> <span class='ocrx_word' id='word_1_833' title='bbox 1824 5494 2023 5568; x_wconf 89' lang='lat' dir='ltr'><strong>_cuivis</strong></span> 
     </span>
    </p>
   </div>
   <div class='ocr_carea' id='block_1_105' title="bbox 450 5565 2019 5634">
    <p class='ocr_par' dir='ltr' id='par_1_105' title="bbox 450 5565 2019 5634">
     <span class='ocr_line' id='line_1_105' title="bbox 450 5565 2019 5634; baseline -0.004 -9"><span class='ocrx_word' id='word_1_834' title='bbox 450 5565 792 5624; x_wconf 85' lang='lat' dir='ltr'><strong>notissimam</strong></span> <span class='ocrx_word' id='word_1_835' title='bbox 827 5567 1098 5634; x_wconf 89' lang='lat' dir='ltr'><strong>ironiam,</strong></span> <span class='ocrx_word' id='word_1_836' title='bbox 1145 5583 1306 5634; x_wconf 86' lang='lat' dir='ltr'><strong>quam</strong></span> <span class='ocrx_word' id='word_1_837' title='bbox 1349 5567 1608 5634; x_wconf 73' lang='lat' dir='ltr'><strong>sophista:</strong></span> <span class='ocrx_word' id='word_1_838' title='bbox 1643 5565 1836 5617; x_wconf 85' lang='lat' dir='ltr'><strong>imitati</strong></span> <span class='ocrx_word' id='word_1_839' title='bbox 1875 5575 2019 5618; x_wconf 88' lang='lat' dir='ltr'><strong>sunt.</strong></span> 
     </span>
    </p>
   </div>
   <div class='ocr_carea' id='block_1_106' title="bbox 454 5634 2021 5708">
    <p class='ocr_par' dir='ltr' id='par_1_106' title="bbox 454 5634 2021 5708">
     <span class='ocr_line' id='line_1_106' title="bbox 454 5634 2021 5708; baseline -0.003 -16"><span class='ocrx_word' id='word_1_840' title='bbox 454 5657 477 5692; x_wconf 70' lang='grc' dir='ltr'><em>α</em></span> <span class='ocrx_word' id='word_1_841' title='bbox 515 5643 766 5696; x_wconf 82' lang='lat' dir='ltr'><strong>Socrates</strong></span> <span class='ocrx_word' id='word_1_842' title='bbox 792 5635 994 5708; x_wconf 89' lang='lat' dir='ltr'><strong>(inquit</strong></span> <span class='ocrx_word' id='word_1_843' title='bbox 1027 5636 1218 5692; x_wconf 86' lang='lat' dir='ltr'><strong>Cicero</strong></span> <span class='ocrx_word' id='word_1_844' title='bbox 1244 5638 1321 5708; x_wconf 12' lang='lat' dir='ltr'><strong>fin</strong></span> <span class='ocrx_word' id='word_1_845' title='bbox 1357 5645 1568 5708; x_wconf 85' lang='lat' dir='ltr'><strong>quarto_</strong></span> <span class='ocrx_word' id='word_1_846' title='bbox 1589 5634 2021 5708; x_wconf 62' lang='lat' dir='ltr'><strong>Academicorum</strong></span> 
     </span>
    </p>
   </div>
   <div class='ocr_carea' id='block_1_107' title="bbox 446 5703 2018 5779">
    <p class='ocr_par' dir='ltr' id='par_1_107' title="bbox 446 5703 2018 5779">
     <span class='ocr_line' id='line_1_107' title="bbox 446 5703 2018 5779; baseline -0.004 -17"><span class='ocrx_word' id='word_1_847' title='bbox 446 5703 818 5779; x_wconf 71' lang='lat' dir='ltr'><strong>quwstionum)</strong></span> <span class='ocrx_word' id='word_1_848' title='bbox 863 5703 930 5762; x_wconf 85' lang='lat' dir='ltr'><strong>de</strong></span> <span class='ocrx_word' id='word_1_849' title='bbox 964 5723 1026 5779; x_wconf 79' lang='lat' dir='ltr'><strong>_se</strong></span> <span class='ocrx_word' id='word_1_850' title='bbox 1066 5708 1181 5776; x_wconf 90' lang='lat' dir='ltr'><strong>ipse</strong></span> <span class='ocrx_word' id='word_1_851' title='bbox 1223 5706 1511 5779; x_wconf 78' lang='lat' dir='ltr'><strong>detrahens</strong></span> <span class='ocrx_word' id='word_1_852' title='bbox 1556 5703 2018 5779; x_wconf 67' lang='lat' dir='ltr'><strong>indispntatione.</strong></span> 
     </span>
    </p>
   </div>
   <div class='ocr_carea' id='block_1_108' title="bbox 451 5771 2022 5846">
    <p class='ocr_par' dir='ltr' id='par_1_108' title="bbox 451 5771 2022 5846">
     <span class='ocr_line' id='line_1_108' title="bbox 451 5771 2022 5846; baseline -0.002 -16"><span class='ocrx_word' id='word_1_853' title='bbox 451 5771 572 5846; x_wconf 80' lang='lat' dir='ltr'><strong>plus</strong></span> <span class='ocrx_word' id='word_1_854' title='bbox 589 5771 889 5834; x_wconf 84' lang='lat' dir='ltr'><strong>‘trihuebat</strong></span> <span class='ocrx_word' id='word_1_855' title='bbox 942 5777 1008 5832; x_wconf 91' lang='lat' dir='ltr'><strong>iis</strong></span> <span class='ocrx_word' id='word_1_856' title='bbox 1061 5771 1198 5846; x_wconf 71' lang='lat' dir='ltr'><strong>quos</strong></span> <span class='ocrx_word' id='word_1_857' title='bbox 1244 5775 1458 5832; x_wconf 88' lang='lat' dir='ltr'><strong>volebat</strong></span> <span class='ocrx_word' id='word_1_858' title='bbox 1507 5774 1770 5846; x_wconf 73' lang='lat' dir='ltr'><strong>refellere.</strong></span> <span class='ocrx_word' id='word_1_859' title='bbox 1837 5771 2022 5843; x_wconf 88' lang='lat' dir='ltr'><strong>Itaque</strong></span> 
     </span>
    </p>
   </div>
   <div class='ocr_carea' id='block_1_109' title="bbox 453 5843 2021 5920">
    <p class='ocr_par' dir='ltr' id='par_1_109' title="bbox 453 5843 2021 5920">
     <span class='ocr_line' id='line_1_109' title="bbox 453 5843 2021 5920; baseline -0.001 -18"><span class='ocrx_word' id='word_1_860' title='bbox 453 5843 576 5905; x_wconf 79' lang='lat' dir='ltr'><strong>cum</strong></span> <span class='ocrx_word' id='word_1_861' title='bbox 644 5847 795 5904; x_wconf 88' lang='lat' dir='ltr'><strong>aliud</strong></span> <span class='ocrx_word' id='word_1_862' title='bbox 858 5843 1091 5905; x_wconf 41' lang='lat' dir='ltr'><strong>diceret‘</strong></span> <span class='ocrx_word' id='word_1_863' title='bbox 1123 5857 1286 5920; x_wconf 88' lang='lat' dir='ltr'><strong>atque</strong></span> <span class='ocrx_word' id='word_1_864' title='bbox 1351 5846 1612 5912; x_wconf 85' lang='lat' dir='ltr'><strong>sentiret,</strong></span> <span class='ocrx_word' id='word_1_865' title='bbox 1667 5843 1897 5899; x_wconf 86' lang='lat' dir='ltr'><strong>libenter</strong></span> <span class='ocrx_word' id='word_1_866' title='bbox 1947 5846 2021 5900; x_wconf 86' lang='lat' dir='ltr'><strong>uti</strong></span> 
     </span>
    </p>
   </div>
   <div class='ocr_carea' id='block_1_110' title="bbox 2125 4619 3694 4692">
    <p class='ocr_par' dir='ltr' id='par_1_110' title="bbox 2125 4619 3694 4692">
     <span class='ocr_line' id='line_1_110' title="bbox 2125 4619 3694 4692; baseline -0.004 -14"><span class='ocrx_word' id='word_1_867' title='bbox 2125 4641 2217 4678; x_wconf 92' lang='grc' dir='ltr'><strong>του</strong></span> <span class='ocrx_word' id='word_1_868' title='bbox 2250 4625 2332 4686; x_wconf 82' lang='grc' dir='ltr'><strong>είς</strong></span> <span class='ocrx_word' id='word_1_869' title='bbox 2359 4624 2570 4686; x_wconf 84' lang='grc' dir='ltr'>πάντας</span> <span class='ocrx_word' id='word_1_870' title='bbox 2592 4620 3094 4692; x_wconf 78' lang='grc' dir='ltr'>ὲξαγορεύσανταςς</span> <span class='ocrx_word' id='word_1_871' title='bbox 3126 4623 3236 4674; x_wconf 76' lang='grc' dir='ltr'><strong>Καὶ</strong></span> <span class='ocrx_word' id='word_1_872' title='bbox 3257 4623 3408 4674; x_wconf 79' lang='grc' dir='ltr'>πᾶσα</span> <span class='ocrx_word' id='word_1_873' title='bbox 3428 4619 3485 4673; x_wconf 88' lang='grc' dir='ltr'>δὲ</span> <span class='ocrx_word' id='word_1_874' title='bbox 3507 4619 3694 4691; x_wconf 81' lang='grc' dir='ltr'>Γραφὴ</span> 
     </span>
    </p>
   </div>
   <div class='ocr_carea' id='block_1_111' title="bbox 2125 4710 3789 4786">
    <p class='ocr_par' dir='ltr' id='par_1_111' title="bbox 2125 4710 3789 4786">
     <span class='ocr_line' id='line_1_111' title="bbox 2125 4710 3789 4786; baseline -0.004 -18"><span class='ocrx_word' id='word_1_875' title='bbox 2125 4714 2240 4786; x_wconf 73' lang='grc' dir='ltr'>ἔχει</span> <span class='ocrx_word' id='word_1_876' title='bbox 2272 4731 2324 4768; x_wconf 87' lang='grc' dir='ltr'><strong>τι</strong></span> <span class='ocrx_word' id='word_1_877' title='bbox 2351 4714 2530 4786; x_wconf 86' lang='grc' dir='ltr'>νόημα</span> <span class='ocrx_word' id='word_1_878' title='bbox 2553 4712 2682 4786; x_wconf 78' lang='grc' dir='ltr'>περὶ</span> <span class='ocrx_word' id='word_1_879' title='bbox 2707 4713 2808 4784; x_wconf 82' lang='grc' dir='ltr'>τῆς</span> <span class='ocrx_word' id='word_1_880' title='bbox 2834 4712 2930 4767; x_wconf 88' lang='grc' dir='ltr'><strong>τοῦ</strong></span> <span class='ocrx_word' id='word_1_881' title='bbox 2959 4711 3350 4784; x_wconf 85' lang='grc' dir='ltr'>μεγαλωνύμου</span> <span class='ocrx_word' id='word_1_882' title='bbox 3382 4710 3697 4782; x_wconf 86' lang='grc' dir='ltr'>Πνεύματος</span> <span class='ocrx_word' id='word_1_883' title='bbox 3785 4753 3789 4755; x_wconf 94' lang='grc'>.</span> 
     </span>
    </p>
   </div>
   <div class='ocr_carea' id='block_1_112' title="bbox 2122 4861 3696 4934">
    <p class='ocr_par' dir='ltr' id='par_1_112' title="bbox 2122 4861 3696 4934">
     <span class='ocr_line' id='line_1_112' title="bbox 2122 4861 3696 4934; baseline -0.004 -14"><span class='ocrx_word' id='word_1_884' title='bbox 2122 4864 2314 4921; x_wconf 87' lang='lat' dir='ltr'><strong>solitus</strong></span> <span class='ocrx_word' id='word_1_885' title='bbox 2347 4874 2432 4920; x_wconf 86' lang='lat' dir='ltr'><strong>est</strong></span> <span class='ocrx_word' id='word_1_886' title='bbox 2479 4879 2541 4919; x_wconf 85' lang='lat' dir='ltr'><strong>ea</strong></span> <span class='ocrx_word' id='word_1_887' title='bbox 2573 4864 3001 4920; x_wconf 89' lang='lat' dir='ltr'><strong>dissimulatione</strong></span> <span class='ocrx_word' id='word_1_888' title='bbox 3027 4904 3042 4930; x_wconf 94' lang='lat'><strong>,</strong></span> <span class='ocrx_word' id='word_1_889' title='bbox 3097 4877 3261 4934; x_wconf 91' lang='lat' dir='ltr'><strong>quam</strong></span> <span class='ocrx_word' id='word_1_890' title='bbox 3306 4861 3479 4918; x_wconf 62' lang='lat' dir='ltr'><strong>Graeci</strong></span> <span class='ocrx_word' id='word_1_891' title='bbox 3532 4861 3696 4933; x_wconf 77' lang='grc' dir='ltr'>εἰρω-</span> 
     </span>
    </p>
   </div>
   <div class='ocr_carea' id='block_1_113' title="bbox 2122 4935 2568 4990">
    <p class='ocr_par' dir='ltr' id='par_1_113' title="bbox 2122 4935 2568 4990">
     <span class='ocr_line' id='line_1_113' title="bbox 2122 4935 2568 4990; baseline -0.013 0"><span class='ocrx_word' id='word_1_892' title='bbox 2122 4935 2272 4990; x_wconf 86' lang='grc' dir='ltr'>νείαν</span> <span class='ocrx_word' id='word_1_893' title='bbox 2305 4946 2516 4990; x_wconf 81' lang='lat' dir='ltr'><strong>vocant.</strong></span> <span class='ocrx_word' id='word_1_894' title='bbox 2551 4953 2568 4984; x_wconf 85' lang='grc' dir='ltr'><strong>ι</strong></span> 
     </span>
    </p>
   </div>
   <div class='ocr_carea' id='block_1_114' title="bbox 2200 4999 3700 5075">
    <p class='ocr_par' dir='ltr' id='par_1_114' title="bbox 2200 4999 3700 5075">
     <span class='ocr_line' id='line_1_114' title="bbox 2200 4999 3700 5075; baseline -0.005 -15"><span class='ocrx_word' id='word_1_895' title='bbox 2200 5007 2314 5075; x_wconf 80' lang='lat'>(8&#39;!)</span> <span class='ocrx_word' id='word_1_896' title='bbox 2355 5007 2392 5058; x_wconf 82' lang='lat'><strong>.4</strong></span> <span class='ocrx_word' id='word_1_897' title='bbox 2421 5005 2666 5072; x_wconf 81' lang='lat' dir='ltr'><strong>pueritia.</strong></span> <span class='ocrx_word' id='word_1_898' title='bbox 2694 5002 2982 5075; x_wconf 79' lang='lat' dir='ltr'><strong>Duodecim</strong></span> <span class='ocrx_word' id='word_1_899' title='bbox 3019 5002 3314 5075; x_wconf 42' lang='lat' dir='ltr'><strong>apostolos</strong></span> <span class='ocrx_word' id='word_1_900' title='bbox 3345 5001 3505 5075; x_wconf 84' lang='lat' dir='ltr'><strong>rudes</strong></span> <span class='ocrx_word' id='word_1_901' title='bbox 3545 4999 3700 5075; x_wconf 84' lang='lat' dir='ltr'><strong>plane</strong></span> 
     </span>
    </p>
   </div>
   <div class='ocr_carea' id='block_1_115' title="bbox 2130 5071 3698 5144">
    <p class='ocr_par' dir='ltr' id='par_1_115' title="bbox 2130 5071 3698 5144">
     <span class='ocr_line' id='line_1_115' title="bbox 2130 5071 3698 5144; baseline -0.005 -14"><span class='ocrx_word' id='word_1_902' title='bbox 2130 5071 2295 5144; x_wconf 82' lang='lat' dir='ltr'><strong>atque</strong></span> <span class='ocrx_word' id='word_1_903' title='bbox 2348 5077 2568 5142; x_wconf 73' lang='lat' dir='ltr'><strong>ignaros</strong></span> <span class='ocrx_word' id='word_1_904' title='bbox 2623 5085 2748 5127; x_wconf 88' lang='lat' dir='ltr'><strong>tunc</strong></span> <span class='ocrx_word' id='word_1_905' title='bbox 2779 5073 2968 5136; x_wconf 82' lang='lat' dir='ltr'><strong>fuisse.</strong></span> <span class='ocrx_word' id='word_1_906' title='bbox 3019 5089 3139 5126; x_wconf 88' lang='lat' dir='ltr'><strong>cum</strong></span> <span class='ocrx_word' id='word_1_907' title='bbox 3175 5088 3205 5126; x_wconf 93' lang='lat' dir='ltr'><strong>a</strong></span> <span class='ocrx_word' id='word_1_908' title='bbox 3257 5072 3474 5144; x_wconf 83' lang='lat' dir='ltr'><strong>Christo</strong></span> <span class='ocrx_word' id='word_1_909' title='bbox 3524 5071 3698 5144; x_wconf 77' lang='lat' dir='ltr'><strong>vocati</strong></span> 
     </span>
    </p>
   </div>
   <div class='ocr_carea' id='block_1_116' title="bbox 2130 5140 3703 5208">
    <p class='ocr_par' dir='ltr' id='par_1_116' title="bbox 2130 5140 3703 5208">
     <span class='ocr_line' id='line_1_116' title="bbox 2130 5140 3703 5208; baseline -0.006 -9"><span class='ocrx_word' id='word_1_910' title='bbox 2130 5140 2280 5207; x_wconf 85' lang='lat' dir='ltr'><strong>sunt,</strong></span> <span class='ocrx_word' id='word_1_911' title='bbox 2322 5140 2386 5198; x_wconf 82' lang='lat' dir='ltr'><strong>ac</strong></span> <span class='ocrx_word' id='word_1_912' title='bbox 2429 5145 2607 5198; x_wconf 88' lang='lat' dir='ltr'><strong>divina</strong></span> <span class='ocrx_word' id='word_1_913' title='bbox 2643 5153 2846 5198; x_wconf 90' lang='lat' dir='ltr'><strong>tantum</strong></span> <span class='ocrx_word' id='word_1_914' title='bbox 2887 5145 3108 5197; x_wconf 80' lang='lat' dir='ltr'><strong>scientia</strong></span> <span class='ocrx_word' id='word_1_915' title='bbox 3140 5151 3321 5208; x_wconf 88' lang='lat' dir='ltr'><strong>postea</strong></span> <span class='ocrx_word' id='word_1_916' title='bbox 3355 5143 3578 5195; x_wconf 86' lang='lat' dir='ltr'><strong>donatos</strong></span> <span class='ocrx_word' id='word_1_917' title='bbox 3620 5140 3703 5191; x_wconf 79' lang='lat' dir='ltr'><strong>af-</strong></span> 
     </span>
    </p>
   </div>
   <div class='ocr_carea' id='block_1_117' title="bbox 2132 5210 3702 5282">
    <p class='ocr_par' dir='ltr' id='par_1_117' title="bbox 2132 5210 3702 5282">
     <span class='ocr_line' id='line_1_117' title="bbox 2132 5210 3702 5282; baseline -0.003 -14"><span class='ocrx_word' id='word_1_918' title='bbox 2132 5217 2349 5268; x_wconf 82' lang='lat' dir='ltr'><strong>ﬁrmant</strong></span> <span class='ocrx_word' id='word_1_919' title='bbox 2395 5215 2565 5269; x_wconf 85' lang='lat' dir='ltr'><strong>sancti</strong></span> <span class='ocrx_word' id='word_1_920' title='bbox 2612 5213 2821 5282; x_wconf 91' lang='lat' dir='ltr'><strong>Patres,</strong></span> <span class='ocrx_word' id='word_1_921' title='bbox 2862 5229 3101 5282; x_wconf 84' lang='lat' dir='ltr'><strong>quorum</strong></span> <span class='ocrx_word' id='word_1_922' title='bbox 3137 5212 3302 5266; x_wconf 85' lang='lat' dir='ltr'><strong>verba</strong></span> <span class='ocrx_word' id='word_1_923' title='bbox 3357 5212 3438 5264; x_wconf 86' lang='lat' dir='ltr'><strong>vir</strong></span> <span class='ocrx_word' id='word_1_924' title='bbox 3471 5210 3702 5266; x_wconf 86' lang='lat' dir='ltr'><strong>celebris</strong></span> 
     </span>
    </p>
   </div>
   <div class='ocr_carea' id='block_1_118' title="bbox 2129 5281 3702 5348">
    <p class='ocr_par' dir='ltr' id='par_1_118' title="bbox 2129 5281 3702 5348">
     <span class='ocr_line' id='line_1_118' title="bbox 2129 5281 3702 5348; baseline -0.005 -8"><span class='ocrx_word' id='word_1_925' title='bbox 2129 5285 2364 5340; x_wconf 84' lang='lat' dir='ltr'><strong>Joannes</strong></span> <span class='ocrx_word' id='word_1_926' title='bbox 2397 5283 2619 5338; x_wconf 82' lang='lat' dir='ltr'><strong>Lamius</strong></span> <span class='ocrx_word' id='word_1_927' title='bbox 2639 5281 2796 5336; x_wconf 81' lang='lat' dir='ltr'><strong>aﬂert</strong></span> <span class='ocrx_word' id='word_1_928' title='bbox 2831 5281 2892 5337; x_wconf 11' lang='lat' dir='ltr'><strong>in?</strong></span> <span class='ocrx_word' id='word_1_929' title='bbox 2911 5284 3047 5336; x_wconf 87' lang='lat' dir='ltr'><strong>libro</strong></span> <span class='ocrx_word' id='word_1_930' title='bbox 3075 5281 3148 5334; x_wconf 79' lang='lat' dir='ltr'><strong>De</strong></span> <span class='ocrx_word' id='word_1_931' title='bbox 3173 5282 3468 5336; x_wconf 82' lang='lat' dir='ltr'><strong>eruditione</strong></span> <span class='ocrx_word' id='word_1_932' title='bbox 3492 5289 3702 5348; x_wconf 80' lang='lat' dir='ltr'><strong>aposto-</strong></span> 
     </span>
    </p>
   </div>
   <div class='ocr_carea' id='block_1_119' title="bbox 2131 5350 3701 5424">
    <p class='ocr_par' dir='ltr' id='par_1_119' title="bbox 2131 5350 3701 5424">
     <span class='ocr_line' id='line_1_119' title="bbox 2131 5350 3701 5424; baseline -0.003 -17"><span class='ocrx_word' id='word_1_933' title='bbox 2131 5356 2324 5417; x_wconf 85' lang='lat' dir='ltr'><strong>lorum,</strong></span> <span class='ocrx_word' id='word_1_934' title='bbox 2355 5370 2474 5424; x_wconf 86' lang='lat' dir='ltr'><strong>cap.</strong></span> <span class='ocrx_word' id='word_1_935' title='bbox 2517 5353 2550 5406; x_wconf 92' lang='lat'><strong>8</strong></span> <span class='ocrx_word' id='word_1_936' title='bbox 2609 5367 2674 5404; x_wconf 87' lang='lat' dir='ltr'><strong>ac</strong></span> <span class='ocrx_word' id='word_1_937' title='bbox 2706 5351 2794 5405; x_wconf 73' lang='lat'><strong>15.</strong></span> <span class='ocrx_word' id='word_1_938' title='bbox 2822 5353 2916 5406; x_wconf 85' lang='lat' dir='ltr'><strong>His</strong></span> <span class='ocrx_word' id='word_1_939' title='bbox 2945 5369 3056 5424; x_wconf 2' lang='lat' dir='ltr'><strong>non)</strong></span> <span class='ocrx_word' id='word_1_940' title='bbox 3081 5352 3413 5424; x_wconf 65' lang='lat' dir='ltr'><strong>adversatur,</strong></span> <span class='ocrx_word' id='word_1_941' title='bbox 3442 5352 3492 5424; x_wconf 81' lang='lat' dir='ltr'><strong>ni</strong></span> <span class='ocrx_word' id='word_1_942' title='bbox 3526 5350 3701 5424; x_wconf 79' lang='lat' dir='ltr'><strong>tallor,</strong></span> 
     </span>
    </p>
   </div>
   <div class='ocr_carea' id='block_1_120' title="bbox 2133 5419 3705 5494">
    <p class='ocr_par' dir='ltr' id='par_1_120' title="bbox 2133 5419 3705 5494">
     <span class='ocr_line' id='line_1_120' title="bbox 2133 5419 3705 5494; baseline -0.005 -15"><span class='ocrx_word' id='word_1_943' title='bbox 2133 5419 2576 5494; x_wconf 53' lang='lat' dir='ltr'><strong>Didymus,&#39;dum</strong></span> <span class='ocrx_word' id='word_1_944' title='bbox 2614 5437 2756 5494; x_wconf 48' lang='lat' dir='ltr'><strong>eos}</strong></span> <span class='ocrx_word' id='word_1_945' title='bbox 2805 5440 2834 5474; x_wconf 88' lang='lat' dir='ltr'><strong>a</strong></span> <span class='ocrx_word' id='word_1_946' title='bbox 2866 5422 3095 5494; x_wconf 75' lang='lat' dir='ltr'><strong>pueritia</strong></span> <span class='ocrx_word' id='word_1_947' title='bbox 3133 5422 3191 5494; x_wconf 86' lang='lat' dir='ltr'><strong>_in</strong></span> <span class='ocrx_word' id='word_1_948' title='bbox 3227 5419 3705 5494; x_wconf 22' lang='lat' dir='ltr'><strong>Scripturisin‘nu-</strong></span> 
     </span>
    </p>
   </div>
   <div class='ocr_carea' id='block_1_121' title="bbox 2134 5489 3704 5548">
    <p class='ocr_par' dir='ltr' id='par_1_121' title="bbox 2134 5489 3704 5548">
     <span class='ocr_line' id='line_1_121' title="bbox 2134 5489 3704 5548; baseline -0.004 0"><span class='ocrx_word' id='word_1_949' title='bbox 2134 5489 2288 5548; x_wconf 73' lang='lat' dir='ltr'><strong>tritus</strong></span> <span class='ocrx_word' id='word_1_950' title='bbox 2326 5513 2344 5546; x_wconf 78' lang='grc' dir='ltr'><strong>ι</strong></span> <span class='ocrx_word' id='word_1_951' title='bbox 2375 5493 2503 5548; x_wconf 80' lang='lat' dir='ltr'><strong>dicit</strong></span> <span class='ocrx_word' id='word_1_952' title='bbox 2537 5510 2551 5542; x_wconf 85' lang='lat'><strong>:</strong></span> <span class='ocrx_word' id='word_1_953' title='bbox 2599 5491 2728 5545; x_wconf 90' lang='lat' dir='ltr'><strong>nihil</strong></span> <span class='ocrx_word' id='word_1_954' title='bbox 2769 5489 2910 5545; x_wconf 90' lang='lat' dir='ltr'><strong>enim</strong></span> <span class='ocrx_word' id='word_1_955' title='bbox 2956 5491 3098 5544; x_wconf 85' lang='lat' dir='ltr'><strong>aliud</strong></span> <span class='ocrx_word' id='word_1_956' title='bbox 3133 5491 3217 5544; x_wconf 84' lang='lat' dir='ltr'><strong>his</strong></span> <span class='ocrx_word' id='word_1_957' title='bbox 3265 5490 3444 5544; x_wconf 86' lang='lat' dir='ltr'><strong>verbis</strong></span> <span class='ocrx_word' id='word_1_958' title='bbox 3469 5489 3704 5544; x_wconf 89' lang='lat' dir='ltr'><strong>voluisse</strong></span> 
     </span>
    </p>
   </div>
   <div class='ocr_carea' id='block_1_122' title="bbox 2131 5559 3700 5632">
    <p class='ocr_par' dir='ltr' id='par_1_122' title="bbox 2131 5559 3700 5632">
     <span class='ocr_line' id='line_1_122' title="bbox 2131 5559 3700 5632; baseline -0.001 -18"><span class='ocrx_word' id='word_1_959' title='bbox 2131 5565 2362 5624; x_wconf 88' lang='lat' dir='ltr'><strong>videtur,</strong></span> <span class='ocrx_word' id='word_1_960' title='bbox 2415 5576 2574 5632; x_wconf 89' lang='lat' dir='ltr'><strong>quam</strong></span> <span class='ocrx_word' id='word_1_961' title='bbox 2623 5561 2768 5632; x_wconf 78' lang='lat' dir='ltr'><strong>ipsos</strong></span> <span class='ocrx_word' id='word_1_962' title='bbox 2811 5572 2864 5616; x_wconf 88' lang='lat' dir='ltr'><strong>et</strong></span> <span class='ocrx_word' id='word_1_963' title='bbox 2913 5563 3315 5632; x_wconf 82' lang='lat' dir='ltr'><strong>Scripturarum</strong></span> <span class='ocrx_word' id='word_1_964' title='bbox 3369 5559 3591 5613; x_wconf 85' lang='lat' dir='ltr'><strong>lectioni</strong></span> <span class='ocrx_word' id='word_1_965' title='bbox 3645 5561 3700 5632; x_wconf 76' lang='lat' dir='ltr'><strong>in</strong></span> 
     </span>
    </p>
   </div>
   <div class='ocr_carea' id='block_1_123' title="bbox 2127 5629 3705 5704">
    <p class='ocr_par' dir='ltr' id='par_1_123' title="bbox 2127 5629 3705 5704">
     <span class='ocr_line' id='line_1_123' title="bbox 2127 5629 3705 5704; baseline -0.005 -16"><span class='ocrx_word' id='word_1_966' title='bbox 2127 5629 2818 5704; x_wconf 56' lang='lat' dir='ltr'><strong>synagogis&#39;interl&#39;uisse,</strong></span> <span class='ocrx_word' id='word_1_967' title='bbox 2879 5642 2936 5687; x_wconf 87' lang='lat' dir='ltr'><strong>et</strong></span> <span class='ocrx_word' id='word_1_968' title='bbox 2987 5629 3262 5700; x_wconf 77' lang='lat' dir='ltr'><strong>religionis</strong></span> <span class='ocrx_word' id='word_1_969' title='bbox 3330 5629 3705 5704; x_wconf 78' lang='lat' dir='ltr'><strong>dogtnata___ah</strong></span> 
     </span>
    </p>
   </div>
   <div class='ocr_carea' id='block_1_124' title="bbox 2131 5696 3705 5770">
    <p class='ocr_par' dir='ltr' id='par_1_124' title="bbox 2131 5696 3705 5770">
     <span class='ocr_line' id='line_1_124' title="bbox 2131 5696 3705 5770; baseline -0.004 -15"><span class='ocrx_word' id='word_1_970' title='bbox 2131 5696 2363 5756; x_wconf 72' lang='lat' dir='ltr'><strong>ineunte</strong></span> <span class='ocrx_word' id='word_1_971' title='bbox 2401 5710 2561 5755; x_wconf 71' lang='lat' dir='ltr'><strong>aztate</strong></span> <span class='ocrx_word' id='word_1_972' title='bbox 2611 5696 2830 5770; x_wconf 79' lang='lat' dir='ltr'><strong>edoctus</strong></span> <span class='ocrx_word' id='word_1_973' title='bbox 2873 5717 2991 5756; x_wconf 83' lang='lat' dir='ltr'><strong>esse</strong></span> <span class='ocrx_word' id='word_1_974' title='bbox 3025 5717 3042 5754; x_wconf 86' lang='lat'><strong>:</strong></span> <span class='ocrx_word' id='word_1_975' title='bbox 3081 5696 3311 5770; x_wconf 77' lang='lat' dir='ltr'><strong>quorum</strong></span> <span class='ocrx_word' id='word_1_976' title='bbox 3360 5696 3525 5752; x_wconf 79' lang='lat' dir='ltr'><strong>unum</strong></span> <span class='ocrx_word' id='word_1_977' title='bbox 3577 5696 3705 5770; x_wconf 84' lang='lat' dir='ltr'><strong>illud</strong></span> 
     </span>
    </p>
   </div>
   <div class='ocr_carea' id='block_1_125' title="bbox 2131 5769 3710 5852">
    <p class='ocr_par' dir='ltr' id='par_1_125' title="bbox 2131 5769 3710 5852">
     <span class='ocr_line' id='line_1_125' title="bbox 2131 5769 3710 5852; baseline -0.001 -28"><span class='ocrx_word' id='word_1_978' title='bbox 2131 5778 2248 5852; x_wconf 74' lang='lat' dir='ltr'><strong>erat</strong></span> <span class='ocrx_word' id='word_1_979' title='bbox 2269 5811 2283 5835; x_wconf 93' lang='lat'><strong>,</strong></span> <span class='ocrx_word' id='word_1_980' title='bbox 2310 5772 2608 5852; x_wconf 75' lang='lat' dir='ltr'><strong>prophetas</strong></span> <span class='ocrx_word' id='word_1_981' title='bbox 2642 5769 2752 5826; x_wconf 88' lang='lat' dir='ltr'><strong>Deo</strong></span> <span class='ocrx_word' id='word_1_982' title='bbox 2789 5772 3000 5827; x_wconf 82' lang='lat' dir='ltr'><strong>alllaute</strong></span> <span class='ocrx_word' id='word_1_983' title='bbox 3025 5809 3039 5836; x_wconf 84' lang='lat'><strong>,</strong></span> <span class='ocrx_word' id='word_1_984' title='bbox 3073 5787 3136 5828; x_wconf 84' lang='lat' dir='ltr'><strong>ac</strong></span> <span class='ocrx_word' id='word_1_985' title='bbox 3161 5771 3341 5826; x_wconf 86' lang='lat' dir='ltr'><strong>divina</strong></span> <span class='ocrx_word' id='word_1_986' title='bbox 3385 5769 3710 5824; x_wconf 79' lang='lat' dir='ltr'><strong>auctoritate</strong></span> 
     </span>
    </p>
   </div>
   <div class='ocr_carea' id='block_1_126' title="bbox 2131 5857 2439 5912">
    <p class='ocr_par' dir='ltr' id='par_1_126' title="bbox 2131 5857 2439 5912">
     <span class='ocr_line' id='line_1_126' title="bbox 2131 5857 2439 5912; baseline -0.006 -14"><span class='ocrx_word' id='word_1_987' title='bbox 2131 5857 2439 5912; x_wconf 78' lang='lat' dir='ltr'><strong>scripsisse.</strong></span> 
     </span>
    </p>
   </div>
  </div>
