4054 6414
403 382 501 441 Ml

1427 388 1516 443 DE
1555 387 1930 445 TRINITATE
1969 390 2171 448 LIBER
2214 391 2596 447 SECUNDUS.

3551 386 3661 445 66%

405 496 723 566 μονὸτητος,
774 496 938 565 ήτουν
991 497 1278 569 θεότητος,
1336 497 1670 571 ἐξῃρημένον
1736 502 1833 571 μὲν
1890 502 1977 555 καὶ

2087 513 2141 555 et
2178 503 2244 557 ad
2275 519 2395 557 eum
2448 501 2630 556 omnia
2664 499 2990 555 referuntur.
3017 500 3095 554 Ac
3122 500 3291 570 prima
3330 499 3544 570 quidem
3574 516 3659 556 re-

402 586 738 639 ἀσύντακτον
788 587 1068 651 παντελῶς
1115 589 1225 642 τῶν
1250 590 1408 653 ὅλων,
1458 593 1886 662 συντεταγμένον
1922 592 1981 645 δὲ

401 681 497 731 καὶ
530 677 823 748 σύμφωνον
852 680 950 751 τῆς
978 682 1315 753 πρωτίστης,
1343 684 1437 735 καὶ
1457 684 1859 755 γενεσιουργοῦ,
1887 683 1982 736 καὶ

402 768 738 839 ἁσυγκρίτου
770 767 1004 837 φύσεως.
1042 771 1107 823 Τί
1149 772 1256 842 γὰρ
1286 773 1385 825 οὐκ
1416 774 1503 825 ἀεὶ
1529 773 1638 826 τῶν
1666 772 1885 841 ἀγαθῶν
1912 773 1979 825 δι’

404 859 590 922 αὑτοῦ,
619 861 711 913 καὶ⁵
742 865 873 932 παρ’
914 862 1105 929 αὑτοῦ,
1134 862 1215 916 ἐτι
1252 864 1356 934 μὴν
1389 866 1482 918 καὶ
1510 865 1661 936 παρὰ
1698 864 1792 918 τοῦ
1826 881 1981 935 μονο-

404 951 595 1019 γενοῦς
641 952 770 1005 Υἱοῦ
807 953 1025 1025 εὐδοκία
1065 954 1160 1008 τοῦ
1198 956 1334 1008 Θεοῦ
1384 957 1631 1028 Πατρός;
1670 957 1837 1010 ’Ὅταν
1887 952 1981 1010 οὖν

405 1042 535 1114 λέγῃ
564 1046 591 1096 6
622 1045 721 1114 μὲν
766 1045 1122 1115 ’Υμνολόγοςο
1166 1066 1184 1098 ι
1221 1048 1295 1100 Τὸ
1330 1048 1557 1116 Πνεῦμα
1607 1064 1699 1100 σου
1731 1048 1792 1100 τὸ
1825 1048 1980 1116 ἅγιον

2082 595 2299 663 sponsio
2352 604 2437 649 est
2486 595 2599 648 haec
2630 592 2771 663 (88).
2819 594 3004 647 Altera
3046 606 3175 646 vero
3213 602 3296 645 est
3331 590 3656 659 hujusmodi.

2082 685 2339 750 Quisnam
2395 684 2534 738 alius
2555 682 2792 751 conspici
2820 682 2887 736 ab
2917 681 3054 736 lsaia
3085 682 3296 751 potuit,
3338 682 3424 735 cui
3457 697 3659 737 conve-

2084 776 2318 831 nientius
2359 784 2451 830 aut
2476 774 2661 829 utilius
2690 775 2824 837 haec,
2856 787 2975 842 quae
3000 787 3065 826 ex
3094 786 3327 840 persona
3359 772 3452 826 Dei
3481 772 3661 826 Patris

2084 883 2113 921 a
2155 866 2412 937 propheta
2454 866 2653 934 scripta
2682 871 2841 930 sunt,
2883 862 3045 916 tribui
3076 862 3359 916 videantur
3398 870 3659 930 tanquam

2082 957 2132 1010 ei
2171 958 2261 1025 qui
2297 955 2388 1010 illa
2423 953 2847 1021 dixeritiQuali
2875 962 3053 1006 autem
3085 952 3533 1006 condenmatione
3578 952 3661 1006 di-

2081 1064 2243 1118 gnum
2273 1044 2397 1103 eum
2442 1049 2720 1113 dicemus,
2764 1047 2855 1117 qui
2903 1061 3087 1101 veram
3121 1046 3188 1101 de
3224 1045 3503 1100 divinitate
3541 1045 3656 1117 (89)

408 1135 482 1204 μὴ
512 1135 809 1208 ὰντανέλῃς
837 1136 931 1188 ἀπ’
959 1135 1094 1206 ἐμοῦ
1115 1153 1128 1167 ο
1156 1155 1173 1187 ι
1199 1139 1228 1190 6
1255 1138 1310 1190 δὲ
1336 1136 1547 1201 Παῦλος
1567 1154 1581 1168 ο
1612 1156 1630 1189 ι
1658 1138 1720 1189 Ei
1751 1136 1977 1207 Πνεῦμα

2081 1140 2380 1195 doctrinam
2422 1142 2730 1196 adulterare
2765 1140 2947 1204 audet,
3006 1154 3068 1195 ac
3109 1138 3274 1211 2M
3304 1138 3562 1194 Joannem
3601 1146 3660 1195 et

402 1227 558 1291 ἂγιον
598 1225 819 1278 ἐλάϐετε
889 1227 1277 1291 πιστεύσαντες
1305 1244 1320 1258 ο
1364 1247 1383 1280 ι
1417 1228 1655 1301 ἐπιφέρῃ
1686 1244 1781 1280 τεο
1819 1247 1838 1278 r
1886 1228 1977 1291 Εἰς

2081 1228 2305 1285 Paulum
2342 1230 2604 1287 infamare
2636 1232 2769 1294 vult,
2804 1231 2893 1300 qui
2918 1245 3036 1285 eam
3071 1244 3202 1285 sane
3233 1244 3407 1297 neque
3433 1230 3657 1299 ignora-

402 1316 456 1367 τί
488 1311 580 1369 οῦν
613 1316 1011 1387 ἐϐαπτίσθητες
1050 1341 1068 1367 υ
1092 1316 1145 1369 εἴ
1170 1333 1233 1386 γε
1290 1316 1364 1388 μὴ
1389 1320 1469 1381 εἰς
1522 1318 1584 1370 τὸ
1623 1319 1776 1386 ἆγιον
1810 1318 1977 1372 Πνεῦ-

2084 1330 2241 1384 runt,
2285 1336 2385 1376 nec
2414 1323 2686 1385 celarunt,
2718 1321 2810 1375 sed
2840 1320 3092 1375 omnibus
3120 1334 3151 1374 e
3180 1320 3453 1375 contrario
3482 1320 3659 1374 mani-

407 1423 485 1477 μα
511 1407 911 1479 ἐϐαπτίσθητε’
973 1407 1099 1479 [115
1152 1408 1207 1479 a]
1254 1411 1282 1462 6
1336 1409 1393 1461 δέ
1453 1411 1747 1481 μονογενὴς
1793 1410 1925 1472 Θεός
1960 1426 1975 1442 ’

2081 1409 2217 1465 feste
2246 1421 2303 1464 et
2322 1410 2602 1464 evidenter
2634 1425 2720 1475 ea,
2747 1425 2867 1479 qua:
2889 1409 2954 1462 ad
2979 1409 3155 1477 ipsum
3190 1409 3482 1477 pertinent,
3514 1425 3656 1480 prae-

411 1515 432 1547 r
472 1497 747 1569 Συμφέρει-
800 1498 961 1568 ὑμῖν,
1010 1498 1097 1551 ἵνα
1144 1497 1255 1566 ἐγὼ
1301 1498 1547 1554 ἀπέλθω.
1592 1499 1717 1552 Ἐὰν
1753 1501 1864 1573 γὰρ
1906 1500 1977 1572 μὴ

2085 1501 2375 1555 dicarunt?
2435 1501 2632 1555 Verum
2682 1500 2961 1570 Scriptura
3011 1510 3119 1555 tota
3178 1499 3362 1570 inclyti
3420 1499 3653 1569 Spiritus

403 1587 515 1655 ἐγὼ
546 1588 795 1652 ἀπέλθω,
830 1590 1035 1651 ἐκεῖνος
1062 1589 1163 1641 οὐκ
1205 1589 1456 1660 ἔρχεται,
1502 1590 1563 1643 τὸ
1612 1589 1839 1662 Πνεῦμα
1881 1593 1977 1662 τῆς

2081 1593 2360 1655 unitatem,
2396 1593 2511 1647 sive
2535 1593 2787 1647 deitatem
2837 1592 2991 1647 nobis
3019 1593 3250 1656 indicat,
3280 1594 3406 1648 dum
3437 1593 3505 1649 de
3535 1593 3653 1662 ipso

403 1678 681 1749 ἀληθείας,
710 1678 738 1732 ὃ
773 1678 924 1749 παρὰ
971 1679 1065 1732 τοῦ
1106 1679 1316 1751 Πατρὸς
1354 1680 1749 1752 ἐκπορεύεταιο
1801 1700 1821 1735 ι
1865 1684 1977 1748 καὶ,

2081 1684 2158 1738 sic
2189 1682 2442 1751 loquitur,
2469 1690 2526 1736 ut
2566 1685 2633 1735 ab
2663 1682 2915 1737 omnibus
2942 1682 3099 1751 plane
3140 1683 3299 1738 rebus
3327 1698 3448 1738 eum
3478 1698 3654 1755 segre-

406 1788 428 1821 (
485 1769 671 1839 Ὑμεῖς
699 1769 755 1821 δὲ
789 1769 1024 1840 λήψεσθε
1054 1769 1304 1840 δύναμιν,
1349 1770 1441 1824 τοῦ
1478 1771 1633 1839 ἁγίου
1664 1772 1977 1843 Πνεύματος

2081 1782 2193 1843 get,
2217 1788 2281 1828 ac
2301 1781 2575 1839 secernat,
2600 1781 2761 1842 atque
2796 1774 2847 1827 in
2874 1775 3064 1829 eodem
3094 1774 3285 1829 ordine
3311 1790 3432 1829 cum
3453 1778 3649 1844 prima,

400 1858 722 1923 ἐπελθόντος
753 1860 839 1928 ἐφ’
880 1862 1054 1930 ὑμᾶς’
1091 1879 1111 1912 ι
1144 1862 1240 1915 καὶ
1289 1864 1318 1916 ὁ
1369 1862 1501 1927 Θεὸς
1550 1864 1739 1936 Πατὴρ
1791 1866 1847 1916 ἐν
1897 1863 1976 1934 τῷ

2081 1871 2137 1919 et
2158 1864 2443 1922 creatrice,
2464 1872 2520 1917 et
2547 1863 2960 1933 incomparabili
2990 1873 3179 1919 natura
3205 1864 3430 1920 collucet
3454 1906 3470 1932 ,
3496 1867 3654 1935 eique

414 1950 683 2023 Ἀγγαίῳο
716 1972 733 2003 ι
772 1952 906 2005 Μεθ’
938 1952 1090 2023 ὑμῶν
1122 1953 1233 2021 ἐγώ
1268 1956 1402 2025 εἰμι,
1429 1953 1575 2031 λέγει
1605 1955 1808 2025 Κύριος
1841 1972 1976 2008 παν-

2082 1959 2406 2011 concordem
2440 1955 2624 2010 faciat.
2653 1954 2935 2022 Quodnam
2978 1958 3120 2012 enim
3156 1958 3352 2011 bonum
3374 1968 3478 2024 est,
3509 1959 3653 2029 quod

398 2046 707 2116 τοκράτωρ,
750 2045 844 2098 καὶ
882 2045 943 2098 τὸ
974 2046 1203 2116 Πνεῦμά
1246 2064 1348 2117 μου
1382 2048 1684 2118 ἐφέστηκεν
1725 2049 1783 2101 ἐν
1825 2048 1974 2119 μέσῳ

2082 2062 2176 2118 per
2213 2048 2385 2117 ipsum
2414 2062 2644 2115 semper,
2675 2056 2728 2102 et
2759 2048 2827 2102 ab
2851 2049 2986 2116 ipso,
3026 2048 3166 2103 sicut
3197 2058 3252 2103 et
3276 2049 3345 2104 ab
3372 2051 3652 2119 unigenito

401 2136 592 2206 ὑμῶν’
634 2154 653 2186 ι
683 2136 734 2188 τί
780 2137 1024 2206 φήσομεν
1062 2138 1261 2199 αὐτοὺς
1310 2137 1560 2206 φάσκειν,
1595 2137 1629 2209 ἢ
1668 2139 1750 2190 ὅτι
1788 2137 1975 2209 θεῖκὴν

2080 2139 2239 2205 Filio,
2276 2154 2398 2193 cum
2449 2138 2842 2209 complacentia
2879 2140 2970 2192 Dei
3004 2138 3217 2207 Patris,
3249 2156 3353 2194 non
3392 2140 3652 2196 exsistat?

400 2226 565 2297 φύσιν
592 2227 688 2279 καὶ
712 2226 931 2296 μέθεξιν
949 2228 1135 2291 αὑτοῦ,
1164 2230 1257 2282 καὶ
1279 2229 1570 2299 άγιασμὸν,
1599 2230 1693 2281 καὶ
1710 2230 1773 2300 δη
1783 2247 1974 2300 μιουρ-

2082 2229 2215 2284 Cum
2240 2243 2370 2298 ergo
2391 2229 2468 2281 ait
2492 2228 2843 2299 hymnologus
2880 2230 3093 2298 quidem
3127 2249 3140 2284 :
3182 2248 3201 2281 ι
3252 2228 3510 2298 Spiritum
3533 2230 3653 2303 (90)

397 2319 566 2388 γικὴν
588 2318 837 2389 δύναμιν,
870 2318 1237 2392 καθαίρουσαν
1268 2323 1301 2391 ή
1312 2320 1448 2391 μῶν,
1478 2322 1571 2374 καὶ
1600 2316 1710 2375 οἷον
1736 2321 1976 2393 ἀπολαμ-

2083 2331 2231 2374 tuum
2271 2330 2517 2375 sanctum
2568 2335 2634 2374 ne
2678 2321 2893 2376 auferas
2952 2336 2981 2375 a
3019 2336 3133 2388 me;
3180 2341 3199 2374 ι
3243 2322 3443 2378 Paulus
3482 2338 3653 2380 vero:

398 2400 711 2480 πρύνουσαν
740 2409 838 2481 τὴν
866 2409 1031 2481 ζωὴν,
1074 2412 1168 2464 καὶ
1206 2413 1263 2465 ἐν
1294 2414 1460 2466 πᾶσιν
1490 2413 1832 2484 ἀρωγοῦσαν,
1865 2431 1973 2466 πα-

2086 2434 2107 2467 (
2143 2414 2198 2469 Si
2236 2413 2496 2483 Spiritum
2531 2412 2642 2484 (9|)
2686 2424 2934 2467 sanctum
2961 2414 3250 2483 accepistis
3279 2415 3600 2471 credentes?
3626 2435 3647 2469 ι

400 2502 708 2574 ραδιδόντες
753 2503 908 2556 ταῦτ’
957 2502 1339 2573 ἐξεφώνησαν;
1372 2505 1542 2557 Ὅταν
1584 2504 1642 2557 δὲ
1683 2505 1775 2557 καὶ
1813 2504 1973 2559 πάλιν

2079 2502 2408 2572 subjungens
2448 2520 2461 2556 :
2545 2520 2562 2554 ι
2604 2502 2660 2556 In
2712 2518 2819 2571 quo
2863 2516 2992 2572 ergo
3030 2503 3285 2570 baptizati
3332 2504 3507 2561 estis?
3541 2523 3561 2557 ι
3606 2505 3654 2561 si

397 2593 534 2665 λέγῃ
559 2596 588 2646 6
619 2593 750 2658 Θεὸς
785 2596 973 2666 Πατήρ
994 2609 1007 2623 ⁸
1063 2612 1082 2646 ι
1118 2596 1273 2661 Οὐαὶ,
1309 2595 1505 2649 τέχναι
1538 2596 1742 2668 Βουλὴν
1788 2598 1975 2668 ἐποιή-

2080 2610 2273 2663 nempe
2304 2595 2358 2648 in
2390 2593 2591 2664 Spiritu
2631 2604 2818 2647 sancto
2853 2608 2957 2646 non
3014 2598 3147 2648 estis
3188 2595 3482 2664 haptizati;
3517 2592 3655 2654 Uni--

399 2701 551 2747 σατε,
585 2686 644 2737 οὺ
670 2685 737 2737 δι’
759 2685 894 2756 ἐμοῦ
912 2703 926 2717 ·
955 2687 1048 2739 καὶ
1074 2687 1369 2757 συνθήκας,
1398 2689 1459 2741 οὺ
1488 2686 1577 2742 διὰ
1601 2688 1695 2741 τοῦ
1726 2687 1977 2759 Πνεῦμα-λ

2079 2687 2291 2758 genitus
2347 2700 2475 2739 vero
2520 2686 2709 2740 Deus:
2746 2703 2765 2736 ι
2808 2684 3038 2753 Expedit
3092 2686 3205 2756 (9‘2)
3244 2688 3413 2754 vobis,
3449 2697 3507 2742 ut
3556 2703 3653 2760 ego

396 2777 493 2840 τός
522 2794 652 2848 μου’
689 2798 709 2831 ι
757 2775 845 2850 ἆρ’
875 2780 975 2833 οὐκ
1013 2780 1298 2852 ἀραρότως
1337 2782 1654 2853 Ἀρειανῶν,
1682 2784 1776 2836 καὶ
1804 2784 1970 2837 Εὐνο-

2079 2781 2266 2835 abeam
2299 2797 2311 2833 :
2344 2781 2387 2833 si
2417 2779 2558 2832 enim
2581 2791 2680 2846 ego
2709 2792 2815 2831 non
2841 2776 3043 2841 abiero,
3071 2777 3158 2832 ille
3186 2793 3291 2832 non
3320 2779 3503 2843 venit,
3534 2778 3644 2848 Spi-

399 2868 631 2942 μιανῶν,
658 2871 752 2925 καὶ
783 2872 1202 2926 Μακεδονιανῶν
1225 2872 1329 2943 τὴν
1352 2873 1445 2926 ἐπὶ
1470 2876 1533 2944 τῇ
1562 2874 1771 2944 αἱρέσει
1794 2874 1971 2928 ἀθλιό-

2080 2872 2216 2926 ritus
2256 2887 2277 2921 ι
2320 2869 2564 2924 scilicetr
2605 2867 2976 2938 veritatis,qui
3006 2884 3035 2922 a
3065 2867 3222 2926 Patre
3237 2871 3652 2939 proceditpet:

395 2977 539 3031 τητα
581 2961 674 3013 καλ⁵
716 2962 1095 3033 ταλαιπωρίαν
1141 2962 1552 3034 ἐπιμέμφεται;
1591 2965 1734 3033 Πρὸς
1763 2963 1972 3027 τούτοις

2085 2978 2104 3011 r
2143 2960 2250 3014 Vos
2279 2972 2406 3011 vero
2441 2956 2554 3027 (93)
2586 2956 2863 3024 accipietis
2896 2958 3185 3023 virtutem,
3227 2958 3427 3028 Spiritu
3468 2971 3652 3017 sancto

397 3053 642 3123 φαίημεν
688 3053 776 3121 ἂν,
822 3055 899 3118 ὠς
933 3054 1022 3107 διὰ
1059 3054 1219 3107 τοῦτο
1247 3056 1462 3127 ἐγράφη
1486 3071 1497 3083 ·
1536 3074 1555 3107 ι
1589 3055 1772 3108 Ταῦτα
1818 3052 1971 3110 εἷπεν

2079 3052 2499 3121 superveniente
2542 3048 2595 3103 in
2646 3063 2780 3107 vos;
2813 3066 2831 3099 ι
2869 3048 2935 3102 Ει
2960 3048 3103 3103 Deus
3140 3049 3299 3104 Pater
3334 3053 3384 3104 in
3414 3054 3609 3122 Aggmo
3631 3068 3654 3109 :

410 3145 636 3209 Ἡσαΐας
655 3162 669 3176 ·
704 3164 723 3198 ι
751 3146 865 3213 καὶ,
893 3164 911 3197 ι
947 3145 1107 3200 Καθὰ
1130 3145 1292 3200 Δαυῒδ
1315 3146 1491 3216 λέγει·
1520 3167 1538 3200 ι
1569 3147 1634 3200 ἵν’
1661 3148 1689 3200 6
1714 3147 1856 3211 θεῖος
1879 3147 1967 3200 θε-

2083 3141 2426 3201 (Vobiscum
2473 3136 2586 3208 (94)
2615 3152 2713 3207 ego
2753 3153 2909 3201 sum,
2960 3137 3090 3191 dicit
3116 3137 3372 3194 Dominus
3407 3140 3653 3211 omnipo-

399 3238 540 3308 σμὸς
563 3204 961 3310 φάίνηταιίδιὰ
988 3238 1141 3292 ποίου
1180 3239 1336 3309 ἁγίου
1366 3204 1723 3311 κεκήρυκται.
1753 3204 1888 3312 Περὶ
1914 3241 1971 3294 δὲ

2079 3242 2243 3288 tens:
2285 3240 2338 3287 et
2369 3204 2603 3299 Spiritus
2641 3204 2793 3283 meus
2822 3230 2973 3285 stetit
2999 3230 3052 3283 in
3110 3230 3286 3284 medio
3325 3204 3583 3285 vestrum:
3623 3250 3646 3286 ι

394 3330 492 3385 τοῦ
535 3330 674 3384 κατὰ
721 3331 813 3383 τὸν
860 3331 1089 3402 Βαλαὰμ
1136 3332 1370 3401 ἀγγέλου
1406 3332 1660 3387 τοσοῦτον
1714 3332 1969 3404 ἐροῦμεν,

2079 3323 2207 3378 Cum
2256 3321 2390 3386 haec,
2423 3321 2674 3389 inquam,
2706 3321 2872 3375 divini
2915 3321 3208 3389 scriptores
3245 3321 3432 3375 dicunt
3453 3363 3469 3387 ,
3497 3323 3650 3392 quid-

395 3420 476 3485 ὡς
495 3421 594 3473 οὐκ
624 3422 736 3492 ἔχει
766 3420 834 3475 τὰ
863 3424 981 3476 κατ’
1005 3423 1169 3477 αὑτὸν
1199 3423 1309 3477 τῶν
1340 3424 1471 3495 περὶ
1499 3423 1594 3479 τοῦ
1631 3424 1779 3477 θείου
1810 3424 1976 3479 Πνεύ-

2079 3430 2198 3468 nam
2232 3412 2375 3467 aliud
2410 3413 2525 3467 illos
2560 3413 2791 3468 voluisse
2836 3413 3173 3483 inquieinus,
3206 3413 3345 3477 nisi,
3382 3415 3505 3469 dum
3537 3415 3650 3470 haec

398 3528 590 3581 ματος,
621 3511 788 3585 ῆρτοῦ
834 3513 966 3567 Υίοῦ
1007 3513 1160 3586 παρὰ
1206 3514 1420 3569 Παύλου
1456 3516 1551 3569 καὶ
1592 3516 1840 3571 Ἰωάννου
1872 3533 1973 3569 κυ-

2079 3505 2434 3569 tradiderunt,
2466 3504 2704 3558 divinam
2733 3504 2966 3573 Spiritus
2995 3505 3166 3559 sancti
3194 3516 3440 3559 naturam
3462 3544 3478 3570 ,
3509 3506 3649 3575 ejus-

399 3603 533 3673 ρίως
574 3604 937 3675 πεφασμένων
993 3607 1212 3661 ἐοικότα
1263 3607 1438 3677 λόγον.
1475 3610 1535 3663 '0
1584 3608 1693 3681 γὰρ
1745 3608 1975 3677 ἄγγελος

2079 3599 2306 3666 demque
2333 3596 2568 3666 Spiritus
2592 3598 3161 3664 communicationem,
3194 3608 3250 3653 et
3282 3599 3649 3655 sanctificandi

395 3696 758 3761 ἀποσταλεὶς,
809 3696 953 3769 ἆπερ
1000 3700 1028 3753 6
1080 3698 1213 3763 Θεὸς
1263 3700 1528 3771 ὑπέσχετο
1577 3701 1672 3754 ἐπὶ
1729 3700 1974 3772 μέλλοντι

2079 3701 2182 3755 vim
2207 3743 2220 3766 ,
2254 3709 2308 3754 et
2344 3699 2667 3769 creatricem
2702 3694 3003 3768 potentiam
3024 3738 3040 3764 ,
3070 3715 3190 3770 qute
3220 3710 3383 3754 vitam
3413 3711 3649 3755 nostram

396 3787 573 3858 χρόνῳ
611 3788 867 3859 δηλώσειν
894 3790 970 3860 τῷ
1013 3790 1262 3862 Βαλαὰμ,
1304 3791 1609 3863 διήγγειλεν
1667 3793 1767 3845 οὐκ
1811 3792 1974 3856 αὐτὸς

2079 3791 2334 3845 emundat
2364 3790 2500 3861 (95),
2531 3805 2595 3845 ac
2625 3790 2789 3843 veluti
2818 3790 3105 3853 illuminat,
3132 3801 3294 3860 atque
3321 3791 3372 3844 in
3403 3791 3649 3846 omnibus

395 3873 456 3926 δὲ
501 3870 638 3930 εἶναι
669 3877 864 3949 ἐνοήθη
900 3880 929 3932 6
960 3878 1111 3943 Θεὸς,
1163 3881 1306 3935 καθὰ
1335 3884 1363 3935 ὁ
1394 3883 1522 3946 Υἱὸς
1556 3885 1652 3936 καὶ
1706 3882 1767 3936 τὸ
1815 3883 1971 3952 ἅγιον

2079 3885 2388 3953 opitulatur,
2433 3883 2815 3938 celebrarunt?
2859 3883 2995 3938 Cum
3037 3899 3166 3939 vero
3197 3899 3383 3937 rursus
3412 3884 3487 3938 ait
3512 3883 3649 3938 Deus

399 3964 625 4037 Πνεῦμα
657 3968 954 4040 ἐνοήθησαν
1001 3967 1140 4023 εἶναι
1186 3972 1234 4024 οἱ
1273 3970 1630 4043 λελαληκότες
1668 3973 1737 4025 τὰ
1783 3972 1975 4025 ἐνταλ-

2079 3976 2237 4030 Pater
2271 3994 2285 4031 :
2334 3994 2354 4028 ι
2399 3976 2508 4040 Vae,
2540 3974 2632 4029 ﬁlii
2665 3974 2775 4045 (96)
2812 3976 2824 4029 ί
2858 3975 3139 4030 consilium
3170 3974 3395 4040 fecistis,
3426 3988 3530 4027 non
3558 3986 3649 4042 pel

399 4057 561 4112 θέντα
606 4058 682 4130 τῷ
715 4060 909 4132 Ἠσαῖᾳ
961 4063 1113 4133 παρὰ
1162 4062 1257 4115 τοῦ
1311 4064 1677 4134 καθεζομένου
1731 4066 1824 4117 ἐπὶ
1877 4063 1972 4117 τοῦ

2079 4082 2198 4133 me,
2232 4077 2285 4123 et
2334 4069 2737 4133 conventiones,
2783 4082 2889 4120 non
2945 4081 3040 4137 per
3081 4065 3336 4133 Spiritum
3388 4080 3585 4126 meum,
3627 4081 3647 4115 ι

400 4148 581 4204 θεῖκοῦ
632 4151 845 4223 θρόνου,
883 4152 977 4206 καὶ
1011 4156 1068 4207 ἐν
1102 4154 1242 4224 φωτὶ
1291 4155 1484 4227 ἀφάτῳ
1531 4156 1625 4209 καὶ
1666 4155 1793 4229 δόξῃ
1828 4157 1975 4209 ἀνει-

2079 4171 2256 4210 nonne
2287 4156 2613 4211 Arianorum
2641 4196 2657 4222 ,
2694 4167 2747 4209 et
2788 4155 3243 4209 Eunornianorum
3269 4194 3285 4219 ,
3320 4163 3373 4209 et
3411 4153 3649 4208 Macedo-

402 4241 584 4315 κάστῳ
612 4243 967 4316 ὑπάρχοντος.
1014 4246 1309 4300 Κάνταῦθα
1342 4247 1544 4312 τοίνυν,
1587 4247 1662 4311 ὼς
1713 4248 1784 4300 τὰ
1814 4249 1975 4318 ἡμῶν

2080 4247 2363 4302 nianorum
2419 4247 2691 4301 miseriam
2736 4259 2901 4315 atque
2937 4245 3337 4306 infelicitatem,
3371 4245 3439 4297 ob
3462 4257 3649 4297 eorum

403 4336 503 4406 μὲν
540 4337 735 4406 φαῦλα,
766 4337 817 4409 [1
834 4339 894 4391 l5
920 4336 973 4409 b]
1000 4338 1070 4390 τὰ
1094 4338 1150 4391 δὲ
1176 4339 1356 4392 αὐτῶν
1378 4339 1573 4411 σεμνὰ,
1603 4341 1698 4393 καὶ
1732 4341 1977 4404 πλείονος

2080 4339 2350 4402 hzeresim,
2382 4338 2766 4393 convenienter
2788 4349 3019 4408 apteque
3044 4335 3352 4407 redarguit?
3379 4336 3457 4388 Ad
3487 4335 3601 4389 haec
3634 4350 3651 4388 :

399 4428 633 4500 σπουδῆς
656 4431 749 4483 καὶ
774 4430 1008 4494 πίστεως
1039 4431 1165 4497 ἄξια
1193 4430 1489 4502 πειρῶνται
1515 4432 1811 4486 δεικνύναι.
1837 4434 1977 4504 Συμ-

2080 4433 2200 4486 ideo
2245 4430 2505 4501 scriptum
2547 4445 2667 4485 esse
2704 4429 2968 4492 dicimus,
3019 4447 3037 4480 ι
3068 4427 3193 4482 llaec
3243 4426 3379 4481 dixit
3405 4425 3592 4486 Isaias,
3626 4441 3651 4475 ι

400 4520 590 4591 μιγίαν
624 4522 747 4575 τινὰ
785 4522 877 4575 καὶ
918 4522 1235 4593 συμφωνίαν
1275 4522 1372 4575 τοῦ
1411 4520 1556 4574 θείου
1586 4523 1725 4594 πρὸς
1758 4523 1827 4575 τὰ
1861 4523 1976 4575 κτί-

2079 4532 2174 4589 et,
2219 4540 2239 4574 ι
2291 4522 2446 4577 Sicut
2503 4520 2670 4575 David
2704 4521 2864 4585 dicit,
2908 4537 2929 4571 ι
2982 4527 3040 4572 ιιι
3074 4525 3361 4587 appareat,
3394 4516 3516 4585 quis
3565 4514 3655 4569 ille

396 4630 581 4684 σματα
628 4613 980 4684 ἐργάζονται,
1029 4616 1123 4668 κει)⁹
1164 4613 1716 4682 συγκαταϐάλλουσιν,
1762 4614 1838 4676 ὼς
1871 4616 1972 4668 οὐκ

2080 4621 2298 4671 sanctus
2355 4614 2458 4679 sit,
2518 4625 2616 4677 per
2675 4625 2835 4678 quem
2886 4608 3125 4662 divinum
3190 4607 3463 4661 oraculum
3517 4620 3655 4674 prae-

396 4704 582 4771 ἵσασι,
629 4709 751 4771 ταῖς
806 4706 1014 4771 θεῐκαῖς
1068 4706 1370 4778 ὑπολήψεσι
1405 4704 1500 4759 τοῦ
1556 4707 1647 4759 ἀεὶ
1696 4706 1968 4771 ὡσαύτως

2080 4708 2316 4763 dicatum
2341 4713 2445 4762 est.
2479 4702 2640 4775 245
2682 4704 2834 4769 Quod
2862 4718 2990 4758 vero
3019 4701 3087 4757 ad
3123 4700 3373 4771 angelum
3414 4709 3650 4771 spectat,
3729 4763 3738 4774 _

2077 4891 2165 4935 clo
2192 4878 2605 4949 superveniente
2649 4878 2701 4930 in
2740 4891 2874 4949 vos;
2916 4894 2937 4926 ι
2979 4890 3085 4929 non
3119 4888 3248 4929 vero
3283 4894 3294 4928 :
3326 4893 3351 4949 _r
3395 4888 3652 4949 superve-

2071 4944 2273 5003 nientis
2312 4948 2544 5017 Spiritus
2582 4946 2752 5001 sancti
2784 4946 2837 5000 in
2879 4960 2994 5011 vos,
3034 4962 3053 4995 ι
3098 4945 3396 5017 prresertim
3431 4944 3650 5017 cumam

2075 5020 2284 5087 Didymi
2339 5013 2476 5071 libro
2514 5018 2591 5072 De
2622 5016 2822 5083 Spiritu
2859 5023 3040 5087 sancto
3084 5032 3231 5068 num.
3266 5013 3328 5076 ϐ,
3376 5014 3463 5068 ubi
3512 5013 3646 5087 editi

2079 5085 2200 5143 libri
2233 5089 2431 5143 habent
2487 5106 2505 5139 ι
2547 5086 2976 5155 supervenientis
3001 5126 3015 5147 ,
3056 5104 3074 5138 ι
3110 5095 3166 5140 et
3219 5085 3649 5155 c:r_-tera,cor_lex

2073 5175 2176 5212 ms.
2219 5158 2559 5213 bibliothecae
2604 5153 2801 5211 nostrae
2841 5156 2899 5209 S.
2933 5154 3227 5210 Salvatoris
3266 5153 3519 5210 Bononiae
3556 5153 3651 5209 ha-

2077 5230 2201 5283 bent
2235 5247 2248 5281 :
2290 5247 2308 5279 ι
2346 5227 2759 5295 superveniente
2787 5226 2835 5278 in
2860 5241 2954 5279 vos
2976 5224 3178 5294 Spiritu
3210 5236 3418 5280 sancto.
3463 5244 3482 5275 ι

2142 5299 2251 5369 (94)
2296 5297 2586 5369 V_obiscu_m.
2625 5298 2757 5369 Agg.
2800 5312 2873 5357 ιι,
2900 5295 3020 5369 S‘et
3047 5295 3098 5349 6.

466 4884 577 4954 (88)
610 4882 702 4937 Est
727 4887 858 4940 haec.
890 4884 1092 4948 Codex,
1125 4881 1305 4954 έχεται
1327 4876 1421 4935 οῦν
1455 4880 1513 4936 ἐν
1542 4880 1719 4936 τοῦτο.
1762 4880 1968 4951 Legen-

395 4953 524 5025 dnin
554 4955 782 5025 fortasse
812 4955 960 5025 ἔχετε
996 4970 1092 5025 pro
1132 4953 1333 5025 ἔχεται.

460 4972 524 5008 im
554 4972 782 5009 turiasse
812 4972 960 5025 εχετε
996 4972 1092 5023 pro
1132 4972 1172 5004 ε·
1195 4972 1333 5005 εται.

460 5023 573 5094 (89)
620 5024 694 5077 De
731 5023 1114 5094 ιίὶυἰηὶιαιεκΙιι
1145 4972 1336 5094 érzeco
1359 5062 1374 5084 ,
1421 5021 1550 5094 περὶ
1581 5020 1676 5094 τοῦ
1719 5019 1967 5092 κρείττο-

395 5088 509 5158 νος.
544 5088 721 5147 Simili
756 5097 913 5148 modo
941 5109 969 5147 a
998 5092 1272 5148 Clemente
1312 5092 1365 5145 in
1396 5088 1588 5161 quinto
1619 5088 1964 5156 Stroinntum,

399 5169 469 5218 ah
503 5166 800 5219 Athanasio
835 5176 941 5218 tom
973 5163 1185 5233 l,,pag.
1217 5161 1344 5227 515,
1378 5160 1433 5216 et
1462 5163 1529 5216 ab
1560 5161 1683 5214 aliis
1705 5160 1845 5214 Deus
1875 5175 1970 5214 vo-

396 5245 553 5306 catur
566 5304 571 5306 Α
584 5235 611 5287 6
625 5235 695 5306 “K
706 5235 945 5306 ρείττιυνΣ

494 5304 582 5374 90)
615 5301 889 5374 Spiritum.
925 5301 1066 5357 Psal.
1094 5318 1147 5366 L,
1181 5302 1248 5355 12
1278 5317 1395 5374 (seu

493 5360 583 5440 91')
621 5360 674 5427 Si
714 5373 986 5441 Spiritum.
1020 5360 1144 5427 Act.
1177 5360 1295 5438 xu,
1319 5372 1442 5441 {et
1475 5360 1529 5426 5⁷.

2145 5360 2258 5440 (95)
2300 5365 2587 5421 Emundat.
2619 5360 2817 5425 (ludes,
2855 5364 3229 5437 καθαίρουσιν.
3254 5364 3399 5435 Lego
3452 5360 3649 5418 καθαί-

468 5440 581 5513 (92)
622 5440 864 5511 Expedit.
911 5441 1068 5513 Joan.
1117 5457 1245 5513 xvii,
1277 5443 1327 5495 7.
1373 5440 1543 5513 Biblia
1594 5456 1690 5510 pro
1716 5441 1963 5513 ἐκεῖνος,

2079 5454 2348 5513 ρουςιανο--
2460 5504 2604 5513 --.-.
2889 5505 2903 5513 .
2977 5505 3008 5513 ,.
3141 5505 3154 5513 .
3245 5479 3249 5483 ·

396 5513 449 5567 id
474 5501 713 5584 est'iilc,
739 5516 934 5566 habent
959 5515 987 5566 6
1021 5501 1396 5584 Παράκλητος,
1454 5512 1505 5565 id
1541 5501 1622 5584 est
1656 5501 1964 5584 «Paracle;

2079 5501 2090 5512 ’
2148 5510 2258 5580 (96)
2278 5580 2288 5584 Δ
2310 5506 2416 5569 Vw,
2443 5506 2564 5584 ﬁlii.
2585 5504 2851 5584 ls_a._xx_x_,
2881 5505 2935 5559 Ι.
2966 5502 3438 5584 gompluILedillo
3469 5501 3647 5584 εὈύαὶ

398 5594 507 5637 tus.
540 5600 559 5632 ι
597 5570 771 5636 Verba
810 5599 935 5637 vero
967 5584 1052 5636 illa
1088 5570 1121 5635 ε’
1153 5602 1170 5632 ι
1226 5570 1463 5651 Spiritus
1490 5581 1752 5641 veritatis.
1784 5583 1899 5648 qui,
1941 5600 1960 5633 ι

2079 5570 2252 5651 τεκνα’
2267 5570 2584 5651 ἀποστ-ἆται.
2616 5577 2755 5651 Τάδε
2771 5570 2948 5651 ,λέγει’
2966 5570 3187 5651 ριος⁵
3217 5573 3645 5651 Καὶιέπνοιήσατι

394 5666 532 5715 etc.,
573 5668 674 5721 non
718 5653 877 5708 habet
906 5652 1185 5719 Scriptura
1214 5642 1318 5707 hoc
1346 5652 1564 5715 inloco,
1598 5651 1688 5703 sed
1712 5642 1893 5721 alibi.’

2084 5649 2301 5721 βουλὴν,
2332 5649 2393 5701 οῦ
2428 5649 2495 5701 δι’
2518 5648 2674 5721 ἐμοῦζ
2701 5648 2806 5721 καὶΔ
2826 5642 3128 5721 συνθήκην,
3158 5662 3210 5697 κ.
3249 5660 3299 5694 τ.
3332 5642 3380 5695 λ.
3409 5642 3646 5721 Franco-
3696 5654 3697 5657 ‘

472 5712 580 5789 (9⁷5)
629 5719 727 5774 Vos
770 5739 913 5776 vero.
959 5712 1080 5776 Act.
1118 5739 1166 5784 ι,
1214 5724 1267 5776 8.
1337 5712 1707 5776 Passioneiani
1761 5720 1964 5775 codicis

2079 5712 2331 5773 I‘nrtetisis
2393 5734 2487 5786 pro
2524 5712 2617 5771 καὶ
2660 5717 2952 5788 ἐποιήσατε
2981 5712 3169 5789 habet
3209 5722 3412 5764 tantum
3453 5712 3641 5789 636th-

396 5780 629 5859 scriptor
679 5801 799 5858 post
836 5808 1020 5847 vocem
1060 5780 1286 5861 δύναμιν
1353 5790 1797 5861 interpunctionis
1868 5805 1965 5843 no-

2079 5806 2218 5842 πατεο
2269 5798 2324 5845 et
2358 5780 2454 5858 pro
2479 5789 2752 5860 συνθήκην
2803 5780 2963 5841 habet
3012 5784 3282 5853 συνθήκας
3299 5821 3314 5846 ν
3368 5792 3427 5836 υι
3458 5780 3638 5853 ἯΜῨ·

402 5873 513 5918 tam
545 5862 635 5918 hic
671 5866 919 5933 apposuit
952 5880 965 5917 :
1009 5860 1501 5933 itaquc’transtuli:
1549 5880 1566 5913 ι
1605 5860 1805 5931 Spiritu
1834 5874 1960 5915 san-
2067 5876 2209 5916 inus.
