  <div class='ocr_page' id='page_1' title='image "/cluster/home/n/w/nwhite01/storage/ocr_20150623/39/coo.31924054869361/339.png"; bbox 0 0 4054 6404; ppageno 0'>
   <div class='ocr_carea' id='block_1_1' title="bbox 418 383 529 442">
    <p class='ocr_par' dir='ltr' id='par_1_1' title="bbox 418 383 529 442">
     <span class='ocr_line' id='line_1_1' title="bbox 418 383 529 442; baseline -0.018 0"><span class='ocrx_word' id='word_1_1' title='bbox 418 383 529 442; x_wconf 76' lang='lat'><em>665</em></span> 
     </span>
    </p>
   </div>
   <div class='ocr_carea' id='block_1_2' title="bbox 1705 375 2452 433">
    <p class='ocr_par' dir='ltr' id='par_1_2' title="bbox 1705 375 2452 433">
     <span class='ocr_line' id='line_1_2' title="bbox 1705 375 2452 433; baseline 0.003 -2"><span class='ocrx_word' id='word_1_2' title='bbox 1705 375 1939 433; x_wconf 76' lang='lat' dir='ltr'><strong>DIDYMI</strong></span> <span class='ocrx_word' id='word_1_3' title='bbox 1978 375 2452 433; x_wconf 80' lang='lat' dir='ltr'><strong>ALEXANDRINI</strong></span> 
     </span>
    </p>
   </div>
   <div class='ocr_carea' id='block_1_3' title="bbox 3583 365 3689 428">
    <p class='ocr_par' dir='ltr' id='par_1_3' title="bbox 3583 365 3689 428">
     <span class='ocr_line' id='line_1_3' title="bbox 3583 365 3689 428; baseline 0.028 -4"><span class='ocrx_word' id='word_1_4' title='bbox 3583 365 3689 428; x_wconf 65' lang='grc' dir='ltr'>ει...</span> 
     </span>
    </p>
   </div>
   <div class='ocr_carea' id='block_1_4' title="bbox 426 490 2014 574">
    <p class='ocr_par' dir='ltr' id='par_1_4' title="bbox 426 495 2011 574">
     <span class='ocr_line' id='line_1_4' title="bbox 426 495 2011 574; baseline -0.004 -18"><span class='ocrx_word' id='word_1_5' title='bbox 426 502 518 574; x_wconf 84' lang='lat' dir='ltr'><strong>qui</strong></span> <span class='ocrx_word' id='word_1_6' title='bbox 546 499 858 554; x_wconf 85' lang='lat' dir='ltr'><strong>Balaamum</strong></span> <span class='ocrx_word' id='word_1_7' title='bbox 893 497 1160 552; x_wconf 89' lang='lat' dir='ltr'><strong>allocutus</strong></span> <span class='ocrx_word' id='word_1_8' title='bbox 1193 505 1299 562; x_wconf 90' lang='lat' dir='ltr'><strong>est,</strong></span> <span class='ocrx_word' id='word_1_9' title='bbox 1344 495 1755 564; x_wconf 88' lang='lat' dir='ltr'><strong>respondemus,</strong></span> <span class='ocrx_word' id='word_1_10' title='bbox 1803 510 1924 564; x_wconf 74' lang='lat' dir='ltr'><strong>qua:</strong></span> <span class='ocrx_word' id='word_1_11' title='bbox 1945 496 2011 549; x_wconf 90' lang='lat' dir='ltr'><strong>de</strong></span> 
     </span>
    </p>
   </div>
   <div class='ocr_carea' id='block_1_5' title="bbox 2118 490 3692 574">
    <p class='ocr_par' dir='ltr' id='par_1_5' title="bbox 2118 490 3692 567">
     <span class='ocr_line' id='line_1_5' title="bbox 2118 490 3692 567; baseline -0.001 -20"><span class='ocrx_word' id='word_1_12' title='bbox 2118 494 2328 566; x_wconf 76' lang='grc' dir='ltr'>ἔχοντος</span> <span class='ocrx_word' id='word_1_13' title='bbox 2372 495 2509 567; x_wconf 87' lang='grc' dir='ltr'>πρὸς</span> <span class='ocrx_word' id='word_1_14' title='bbox 2553 494 2646 548; x_wconf 82' lang='grc' dir='ltr'><strong>τὸν</strong></span> <span class='ocrx_word' id='word_1_15' title='bbox 2700 495 2832 548; x_wconf 78' lang='grc' dir='ltr'>Θεὸν</span> <span class='ocrx_word' id='word_1_16' title='bbox 2871 493 3094 565; x_wconf 81' lang='grc' dir='ltr'>Πατέρα</span> <span class='ocrx_word' id='word_1_17' title='bbox 3150 493 3305 560; x_wconf 79' lang='grc' dir='ltr'>ἁγίου</span> <span class='ocrx_word' id='word_1_18' title='bbox 3348 490 3692 564; x_wconf 79' lang='grc' dir='ltr'>Πνεύματος,</span> 
     </span>
    </p>
   </div>
   <div class='ocr_carea' id='block_1_6' title="bbox 427 585 2009 653">
    <p class='ocr_par' dir='ltr' id='par_1_6' title="bbox 427 585 2009 653">
     <span class='ocr_line' id='line_1_6' title="bbox 427 585 2009 653; baseline -0.004 -7"><span class='ocrx_word' id='word_1_19' title='bbox 427 593 518 646; x_wconf 91' lang='lat' dir='ltr'><strong>illo</strong></span> <span class='ocrx_word' id='word_1_20' title='bbox 550 591 823 653; x_wconf 88' lang='lat' dir='ltr'><strong>dicuntur,</strong></span> <span class='ocrx_word' id='word_1_21' title='bbox 877 588 944 642; x_wconf 90' lang='lat' dir='ltr'><strong>iis</strong></span> <span class='ocrx_word' id='word_1_22' title='bbox 987 587 1184 642; x_wconf 86' lang='lat' dir='ltr'><strong>similia</strong></span> <span class='ocrx_word' id='word_1_23' title='bbox 1221 601 1329 640; x_wconf 94' lang='lat' dir='ltr'><strong>non</strong></span> <span class='ocrx_word' id='word_1_24' title='bbox 1375 601 1516 647; x_wconf 86' lang='lat' dir='ltr'><strong>esse,</strong></span> <span class='ocrx_word' id='word_1_25' title='bbox 1555 599 1674 653; x_wconf 65' lang='lat' dir='ltr'><strong>qua!</strong></span> <span class='ocrx_word' id='word_1_26' title='bbox 1719 586 1786 637; x_wconf 76' lang='lat' dir='ltr'><strong>de</strong></span> <span class='ocrx_word' id='word_1_27' title='bbox 1827 585 2009 640; x_wconf 90' lang='lat' dir='ltr'><strong>divino</strong></span> 
     </span>
    </p>
   </div>
   <div class='ocr_carea' id='block_1_7' title="bbox 425 674 2010 752">
    <p class='ocr_par' dir='ltr' id='par_1_7' title="bbox 425 674 2010 752">
     <span class='ocr_line' id='line_1_7' title="bbox 425 674 2010 752; baseline -0.006 -14"><span class='ocrx_word' id='word_1_28' title='bbox 425 681 653 752; x_wconf 87' lang='lat' dir='ltr'><strong>Spiritu,</strong></span> <span class='ocrx_word' id='word_1_29' title='bbox 685 689 778 732; x_wconf 90' lang='lat' dir='ltr'><strong>aut</strong></span> <span class='ocrx_word' id='word_1_30' title='bbox 805 681 870 732; x_wconf 92' lang='lat' dir='ltr'><strong>de</strong></span> <span class='ocrx_word' id='word_1_31' title='bbox 909 677 1044 731; x_wconf 80' lang='lat' dir='ltr'><strong>Filio</strong></span> <span class='ocrx_word' id='word_1_32' title='bbox 1073 693 1101 730; x_wconf 88' lang='lat' dir='ltr'><strong>a</strong></span> <span class='ocrx_word' id='word_1_33' title='bbox 1147 676 1313 730; x_wconf 87' lang='lat' dir='ltr'><strong>Paulo</strong></span> <span class='ocrx_word' id='word_1_34' title='bbox 1354 686 1409 729; x_wconf 90' lang='lat' dir='ltr'><strong>et</strong></span> <span class='ocrx_word' id='word_1_35' title='bbox 1440 674 1646 728; x_wconf 84' lang='lat' dir='ltr'><strong>Joanne</strong></span> <span class='ocrx_word' id='word_1_36' title='bbox 1681 674 1898 742; x_wconf 87' lang='lat' dir='ltr'><strong>proprie</strong></span> <span class='ocrx_word' id='word_1_37' title='bbox 1925 675 2010 730; x_wconf 87' lang='lat' dir='ltr'><strong>di-</strong></span> 
     </span>
    </p>
   </div>
   <div class='ocr_carea' id='block_1_8' title="bbox 424 765 2004 836">
    <p class='ocr_par' dir='ltr' id='par_1_8' title="bbox 424 765 2004 836">
     <span class='ocr_line' id='line_1_8' title="bbox 424 765 2004 836; baseline -0.004 -8"><span class='ocrx_word' id='word_1_38' title='bbox 424 785 509 828; x_wconf 90' lang='lat' dir='ltr'><strong>cta</strong></span> <span class='ocrx_word' id='word_1_39' title='bbox 539 783 684 836; x_wconf 84' lang='lat' dir='ltr'><strong>sunt,</strong></span> <span class='ocrx_word' id='word_1_40' title='bbox 717 771 808 824; x_wconf 88' lang='lat' dir='ltr'><strong>sed</strong></span> <span class='ocrx_word' id='word_1_41' title='bbox 843 782 964 824; x_wconf 88' lang='lat' dir='ltr'><strong>esse</strong></span> <span class='ocrx_word' id='word_1_42' title='bbox 995 769 1220 822; x_wconf 59' lang='lat' dir='ltr'><strong>diversae</strong></span> <span class='ocrx_word' id='word_1_43' title='bbox 1271 768 1521 820; x_wconf 79' lang='lat' dir='ltr'><strong>rationis.</strong></span> <span class='ocrx_word' id='word_1_44' title='bbox 1573 765 1810 834; x_wconf 81' lang='lat' dir='ltr'><strong>Angelus</strong></span> <span class='ocrx_word' id='word_1_45' title='bbox 1857 768 2004 821; x_wconf 94' lang='lat' dir='ltr'><strong>enim</strong></span> 
     </span>
    </p>
   </div>
   <div class='ocr_carea' id='block_1_9' title="bbox 421 855 2007 930">
    <p class='ocr_par' dir='ltr' id='par_1_9' title="bbox 421 855 2007 930">
     <span class='ocr_line' id='line_1_9' title="bbox 421 855 2007 930; baseline -0.004 -14"><span class='ocrx_word' id='word_1_46' title='bbox 421 861 534 923; x_wconf 81' lang='lat' dir='ltr'><strong>ille,</strong></span> <span class='ocrx_word' id='word_1_47' title='bbox 566 863 659 930; x_wconf 87' lang='lat' dir='ltr'><strong>qui</strong></span> <span class='ocrx_word' id='word_1_48' title='bbox 703 869 830 913; x_wconf 90' lang='lat' dir='ltr'><strong>tunc</strong></span> <span class='ocrx_word' id='word_1_49' title='bbox 880 859 1077 912; x_wconf 82' lang='lat' dir='ltr'><strong>missus</strong></span> <span class='ocrx_word' id='word_1_50' title='bbox 1133 856 1254 924; x_wconf 81' lang='lat' dir='ltr'><strong>fuit,</strong></span> <span class='ocrx_word' id='word_1_51' title='bbox 1300 872 1365 911; x_wconf 86' lang='lat' dir='ltr'><strong>ea</strong></span> <span class='ocrx_word' id='word_1_52' title='bbox 1417 859 1683 912; x_wconf 84' lang='lat' dir='ltr'><strong>nuntiavit</strong></span> <span class='ocrx_word' id='word_1_53' title='bbox 1733 855 2007 922; x_wconf 84' lang='lat' dir='ltr'><strong>Balanmo,</strong></span> 
     </span>
    </p>
   </div>
   <div class='ocr_carea' id='block_1_10' title="bbox 425 950 2011 1022">
    <p class='ocr_par' dir='ltr' id='par_1_10' title="bbox 425 950 2011 1022">
     <span class='ocr_line' id='line_1_10' title="bbox 425 950 2011 1022; baseline -0.002 -16"><span class='ocrx_word' id='word_1_54' title='bbox 425 968 547 1022; x_wconf 83' lang='lat' dir='ltr'><strong>quae</strong></span> <span class='ocrx_word' id='word_1_55' title='bbox 580 951 855 1021; x_wconf 84' lang='lat' dir='ltr'><strong>pollicitus</strong></span> <span class='ocrx_word' id='word_1_56' title='bbox 889 958 1008 1004; x_wconf 88' lang='lat' dir='ltr'><strong>erat</strong></span> <span class='ocrx_word' id='word_1_57' title='bbox 1041 950 1182 1004; x_wconf 81' lang='lat' dir='ltr'><strong>Deus</strong></span> <span class='ocrx_word' id='word_1_58' title='bbox 1213 963 1273 1004; x_wconf 90' lang='lat' dir='ltr'><strong>se</strong></span> <span class='ocrx_word' id='word_1_59' title='bbox 1297 957 1526 1003; x_wconf 89' lang='lat' dir='ltr'><strong>venturo</strong></span> <span class='ocrx_word' id='word_1_60' title='bbox 1552 958 1796 1020; x_wconf 82' lang='lat' dir='ltr'><strong>tempore</strong></span> <span class='ocrx_word' id='word_1_61' title='bbox 1837 951 2011 1004; x_wconf 90' lang='lat' dir='ltr'><strong>mani-</strong></span> 
     </span>
    </p>
   </div>
   <div class='ocr_carea' id='block_1_11' title="bbox 426 1041 2009 1110">
    <p class='ocr_par' dir='ltr' id='par_1_11' title="bbox 426 1041 2009 1110">
     <span class='ocr_line' id='line_1_11' title="bbox 426 1041 2009 1110; baseline -0.001 -13"><span class='ocrx_word' id='word_1_62' title='bbox 426 1045 794 1098; x_wconf 80' lang='lat' dir='ltr'><strong>festaturum:</strong></span> <span class='ocrx_word' id='word_1_63' title='bbox 832 1055 1098 1110; x_wconf 89' lang='lat' dir='ltr'><strong>nusquam</strong></span> <span class='ocrx_word' id='word_1_64' title='bbox 1149 1055 1281 1095; x_wconf 88' lang='lat' dir='ltr'><strong>vero</strong></span> <span class='ocrx_word' id='word_1_65' title='bbox 1334 1041 1538 1096; x_wconf 90' lang='lat' dir='ltr'><strong>indicat</strong></span> <span class='ocrx_word' id='word_1_66' title='bbox 1589 1057 1747 1096; x_wconf 89' lang='lat' dir='ltr'><strong>sacer</strong></span> <span class='ocrx_word' id='word_1_67' title='bbox 1805 1053 2009 1107; x_wconf 77' lang='lat' dir='ltr'><strong>textus,</strong></span> 
     </span>
    </p>
   </div>
   <div class='ocr_carea' id='block_1_12' title="bbox 427 1133 2013 1205">
    <p class='ocr_par' dir='ltr' id='par_1_12' title="bbox 427 1133 2013 1205">
     <span class='ocr_line' id='line_1_12' title="bbox 427 1133 2013 1205; baseline 0.001 -16"><span class='ocrx_word' id='word_1_68' title='bbox 427 1135 679 1205; x_wconf 81' lang='lat' dir='ltr'><strong>angelum</strong></span> <span class='ocrx_word' id='word_1_69' title='bbox 723 1133 866 1188; x_wconf 91' lang='lat' dir='ltr'><strong>illum</strong></span> <span class='ocrx_word' id='word_1_70' title='bbox 899 1147 1021 1188; x_wconf 81' lang='lat' dir='ltr'><strong>esse</strong></span> <span class='ocrx_word' id='word_1_71' title='bbox 1055 1133 1226 1201; x_wconf 85' lang='lat' dir='ltr'><strong>ipsum</strong></span> <span class='ocrx_word' id='word_1_72' title='bbox 1281 1133 1468 1190; x_wconf 91' lang='lat' dir='ltr'><strong>Deum.</strong></span> <span class='ocrx_word' id='word_1_73' title='bbox 1525 1133 1698 1188; x_wconf 80' lang='lat' dir='ltr'><strong>Filius</strong></span> <span class='ocrx_word' id='word_1_74' title='bbox 1748 1145 1926 1189; x_wconf 90' lang='lat' dir='ltr'><strong>autem</strong></span> <span class='ocrx_word' id='word_1_75' title='bbox 1981 1150 2013 1190; x_wconf 89' lang='lat' dir='ltr'><strong>e</strong></span> 
     </span>
    </p>
   </div>
   <div class='ocr_carea' id='block_1_13' title="bbox 426 1224 2008 1293">
    <p class='ocr_par' dir='ltr' id='par_1_13' title="bbox 426 1224 2008 1293">
     <span class='ocr_line' id='line_1_13' title="bbox 426 1224 2008 1293; baseline 0 -12"><span class='ocrx_word' id='word_1_76' title='bbox 426 1227 728 1289; x_wconf 84' lang='lat' dir='ltr'><strong>contrario,</strong></span> <span class='ocrx_word' id='word_1_77' title='bbox 782 1240 845 1278; x_wconf 91' lang='lat' dir='ltr'><strong>ac</strong></span> <span class='ocrx_word' id='word_1_78' title='bbox 887 1224 1128 1293; x_wconf 84' lang='lat' dir='ltr'><strong>Spiritus</strong></span> <span class='ocrx_word' id='word_1_79' title='bbox 1163 1234 1388 1277; x_wconf 84' lang='lat' dir='ltr'><strong>sanctus</strong></span> <span class='ocrx_word' id='word_1_80' title='bbox 1435 1225 1469 1277; x_wconf 92' lang='lat' dir='ltr'><strong>ii</strong></span> <span class='ocrx_word' id='word_1_81' title='bbox 1505 1239 1629 1279; x_wconf 87' lang='lat' dir='ltr'><strong>esse</strong></span> <span class='ocrx_word' id='word_1_82' title='bbox 1675 1226 1933 1279; x_wconf 77' lang='lat' dir='ltr'><strong>dicuntur</strong></span> <span class='ocrx_word' id='word_1_83' title='bbox 1980 1242 2008 1281; x_wconf 90' lang='lat' dir='ltr'><strong>a</strong></span> 
     </span>
    </p>
   </div>
   <div class='ocr_carea' id='block_1_14' title="bbox 431 1315 2013 1386">
    <p class='ocr_par' dir='ltr' id='par_1_14' title="bbox 431 1315 2013 1386">
     <span class='ocr_line' id='line_1_14' title="bbox 431 1315 2013 1386; baseline 0 -14"><span class='ocrx_word' id='word_1_84' title='bbox 431 1318 740 1386; x_wconf 89' lang='lat' dir='ltr'><strong>Scriptura,</strong></span> <span class='ocrx_word' id='word_1_85' title='bbox 773 1316 864 1385; x_wconf 85' lang='lat' dir='ltr'><strong>qui</strong></span> <span class='ocrx_word' id='word_1_86' title='bbox 892 1315 1256 1385; x_wconf 86' lang='lat' dir='ltr'><strong>loquebantur</strong></span> <span class='ocrx_word' id='word_1_87' title='bbox 1283 1331 1402 1384; x_wconf 71' lang='lat' dir='ltr'><strong>qua:</strong></span> <span class='ocrx_word' id='word_1_88' title='bbox 1434 1316 1584 1372; x_wconf 71' lang='lat' dir='ltr'><strong>Isaiae</strong></span> <span class='ocrx_word' id='word_1_89' title='bbox 1619 1327 1750 1372; x_wconf 91' lang='lat' dir='ltr'><strong>tunc</strong></span> <span class='ocrx_word' id='word_1_90' title='bbox 1787 1322 2013 1372; x_wconf 64' lang='lat' dir='ltr'><strong>manda-</strong></span> 
     </span>
    </p>
   </div>
   <div class='ocr_carea' id='block_1_15' title="bbox 427 1407 2012 1477">
    <p class='ocr_par' dir='ltr' id='par_1_15' title="bbox 427 1407 2012 1477">
     <span class='ocr_line' id='line_1_15' title="bbox 427 1407 2012 1477; baseline 0.004 -15"><span class='ocrx_word' id='word_1_91' title='bbox 427 1409 506 1463; x_wconf 90' lang='lat' dir='ltr'><strong>vit</strong></span> <span class='ocrx_word' id='word_1_92' title='bbox 541 1408 630 1462; x_wconf 88' lang='lat' dir='ltr'><strong>ille</strong></span> <span class='ocrx_word' id='word_1_93' title='bbox 655 1448 670 1473; x_wconf 98' lang='lat'><strong>,</strong></span> <span class='ocrx_word' id='word_1_94' title='bbox 703 1407 792 1476; x_wconf 89' lang='lat' dir='ltr'><strong>qui</strong></span> <span class='ocrx_word' id='word_1_95' title='bbox 821 1417 876 1461; x_wconf 93' lang='lat' dir='ltr'><strong>et</strong></span> <span class='ocrx_word' id='word_1_96' title='bbox 917 1407 971 1460; x_wconf 90' lang='lat' dir='ltr'><strong>in</strong></span> <span class='ocrx_word' id='word_1_97' title='bbox 1005 1407 1188 1461; x_wconf 92' lang='lat' dir='ltr'><strong>divino</strong></span> <span class='ocrx_word' id='word_1_98' title='bbox 1221 1408 1422 1462; x_wconf 90' lang='lat' dir='ltr'><strong>throno</strong></span> <span class='ocrx_word' id='word_1_99' title='bbox 1469 1411 1660 1465; x_wconf 90' lang='lat' dir='ltr'><strong>sedere</strong></span> <span class='ocrx_word' id='word_1_100' title='bbox 1700 1411 1927 1477; x_wconf 90' lang='lat' dir='ltr'><strong>dicitur,</strong></span> <span class='ocrx_word' id='word_1_101' title='bbox 1957 1423 2012 1469; x_wconf 91' lang='lat' dir='ltr'><strong>et</strong></span> 
     </span>
    </p>
   </div>
   <div class='ocr_carea' id='block_1_16' title="bbox 428 1498 2008 1574">
    <p class='ocr_par' dir='ltr' id='par_1_16' title="bbox 428 1498 2008 1574">
     <span class='ocr_line' id='line_1_16' title="bbox 428 1498 2008 1574; baseline 0.004 -19"><span class='ocrx_word' id='word_1_102' title='bbox 428 1499 484 1555; x_wconf 80' lang='lat' dir='ltr'><strong>in</strong></span> <span class='ocrx_word' id='word_1_103' title='bbox 511 1500 634 1554; x_wconf 91' lang='lat' dir='ltr'><strong>luce</strong></span> <span class='ocrx_word' id='word_1_104' title='bbox 664 1498 924 1555; x_wconf 83' lang='lat' dir='ltr'><strong>inell&#39;abili</strong></span> <span class='ocrx_word' id='word_1_105' title='bbox 949 1509 1056 1564; x_wconf 91' lang='lat' dir='ltr'><strong>est,</strong></span> <span class='ocrx_word' id='word_1_106' title='bbox 1085 1508 1247 1568; x_wconf 89' lang='lat' dir='ltr'><strong>atque</strong></span> <span class='ocrx_word' id='word_1_107' title='bbox 1280 1499 1334 1553; x_wconf 89' lang='lat' dir='ltr'><strong>in</strong></span> <span class='ocrx_word' id='word_1_108' title='bbox 1372 1501 1544 1569; x_wconf 81' lang='lat' dir='ltr'><strong>gloria</strong></span> <span class='ocrx_word' id='word_1_109' title='bbox 1580 1503 2008 1574; x_wconf 85' lang='lat' dir='ltr'><strong>incomparabili.</strong></span> 
     </span>
    </p>
   </div>
   <div class='ocr_carea' id='block_1_17' title="bbox 430 1590 2009 1663">
    <p class='ocr_par' dir='ltr' id='par_1_17' title="bbox 430 1590 2009 1663">
     <span class='ocr_line' id='line_1_17' title="bbox 430 1590 2009 1663; baseline 0.004 -19"><span class='ocrx_word' id='word_1_110' title='bbox 430 1590 539 1644; x_wconf 85' lang='lat' dir='ltr'><strong>Sed</strong></span> <span class='ocrx_word' id='word_1_111' title='bbox 568 1590 653 1644; x_wconf 92' lang='lat' dir='ltr'><strong>hic</strong></span> <span class='ocrx_word' id='word_1_112' title='bbox 695 1605 912 1659; x_wconf 92' lang='lat' dir='ltr'><strong>quoque</strong></span> <span class='ocrx_word' id='word_1_113' title='bbox 953 1605 1016 1644; x_wconf 86' lang='lat' dir='ltr'><strong>ea</strong></span> <span class='ocrx_word' id='word_1_114' title='bbox 1054 1590 1294 1659; x_wconf 85' lang='lat' dir='ltr'><strong>quidem,</strong></span> <span class='ocrx_word' id='word_1_115' title='bbox 1331 1607 1452 1661; x_wconf 65' lang='lat' dir='ltr'><strong>quae</strong></span> <span class='ocrx_word' id='word_1_116' title='bbox 1490 1593 1745 1648; x_wconf 90' lang='lat' dir='ltr'><strong>dicuntur</strong></span> <span class='ocrx_word' id='word_1_117' title='bbox 1771 1610 1800 1648; x_wconf 77' lang='grc' dir='ltr'><strong>ιι</strong></span> <span class='ocrx_word' id='word_1_118' title='bbox 1833 1596 2009 1663; x_wconf 90' lang='lat' dir='ltr'><strong>nobis,</strong></span> 
     </span>
    </p>
   </div>
   <div class='ocr_carea' id='block_1_18' title="bbox 428 1667 2014 1755">
    <p class='ocr_par' dir='ltr' id='par_1_18' title="bbox 428 1667 2014 1755">
     <span class='ocr_line' id='line_1_18' title="bbox 428 1667 2014 1755; baseline 0.003 -19"><span class='ocrx_word' id='word_1_119' title='bbox 428 1681 631 1736; x_wconf 88' lang='lat' dir='ltr'><strong>nullius</strong></span> <span class='ocrx_word' id='word_1_120' title='bbox 677 1694 798 1735; x_wconf 91' lang='lat' dir='ltr'><strong>esse</strong></span> <span class='ocrx_word' id='word_1_121' title='bbox 837 1667 1002 1749; x_wconf 77' lang='lat' dir='ltr'><strong>pretii</strong></span> <span class='ocrx_word' id='word_1_122' title='bbox 1037 1691 1313 1735; x_wconf 89' lang='lat' dir='ltr'><strong>conantur</strong></span> <span class='ocrx_word' id='word_1_123' title='bbox 1356 1683 1682 1738; x_wconf 87' lang='lat' dir='ltr'><strong>ostendere:</strong></span> <span class='ocrx_word' id='word_1_124' title='bbox 1733 1701 1854 1755; x_wconf 70' lang='lat' dir='ltr'><strong>qua:</strong></span> <span class='ocrx_word' id='word_1_125' title='bbox 1882 1699 2014 1741; x_wconf 89' lang='lat' dir='ltr'><strong>vero</strong></span> 
     </span>
    </p>
   </div>
   <div class='ocr_carea' id='block_1_19' title="bbox 429 1772 2012 1842">
    <p class='ocr_par' dir='ltr' id='par_1_19' title="bbox 429 1772 2012 1842">
     <span class='ocr_line' id='line_1_19' title="bbox 429 1772 2012 1842; baseline 0.004 -15"><span class='ocrx_word' id='word_1_126' title='bbox 429 1773 583 1827; x_wconf 86' lang='lat' dir='ltr'><strong>aiunt</strong></span> <span class='ocrx_word' id='word_1_127' title='bbox 629 1772 752 1840; x_wconf 87' lang='lat' dir='ltr'><strong>ipsi,</strong></span> <span class='ocrx_word' id='word_1_128' title='bbox 788 1773 1041 1842; x_wconf 78' lang='lat' dir='ltr'><strong>graviora</strong></span> <span class='ocrx_word' id='word_1_129' title='bbox 1080 1786 1224 1836; x_wconf 88' lang='lat' dir='ltr'><strong>esse,</strong></span> <span class='ocrx_word' id='word_1_130' title='bbox 1275 1787 1340 1826; x_wconf 89' lang='lat' dir='ltr'><strong>ac</strong></span> <span class='ocrx_word' id='word_1_131' title='bbox 1371 1773 1631 1840; x_wconf 86' lang='lat' dir='ltr'><strong>majorem</strong></span> <span class='ocrx_word' id='word_1_132' title='bbox 1681 1792 1803 1830; x_wconf 89' lang='lat' dir='ltr'><strong>cum</strong></span> <span class='ocrx_word' id='word_1_133' title='bbox 1845 1778 2012 1832; x_wconf 74' lang='lat' dir='ltr'><strong>animi</strong></span> 
     </span>
    </p>
   </div>
   <div class='ocr_carea' id='block_1_20' title="bbox 2111 581 3695 654">
    <p class='ocr_par' dir='ltr' id='par_1_20' title="bbox 2111 581 3695 654">
     <span class='ocr_line' id='line_1_20' title="bbox 2111 581 3695 654; baseline -0.004 -16"><span class='ocrx_word' id='word_1_134' title='bbox 2111 585 2210 648; x_wconf 87' lang='grc' dir='ltr'><strong>τάς</strong></span> <span class='ocrx_word' id='word_1_135' title='bbox 2241 602 2301 637; x_wconf 91' lang='grc' dir='ltr'><strong>τε</strong></span> <span class='ocrx_word' id='word_1_136' title='bbox 2334 584 2499 638; x_wconf 79' lang='grc' dir='ltr'>αὑτοῦ</span> <span class='ocrx_word' id='word_1_137' title='bbox 2532 584 2626 636; x_wconf 89' lang='grc' dir='ltr'><strong>τοῦ</strong></span> <span class='ocrx_word' id='word_1_138' title='bbox 2663 583 2796 637; x_wconf 88' lang='grc' dir='ltr'>Θεοῦ</span> <span class='ocrx_word' id='word_1_139' title='bbox 2837 583 3052 654; x_wconf 87' lang='grc' dir='ltr'>Πατρὸς</span> <span class='ocrx_word' id='word_1_140' title='bbox 3098 582 3193 635; x_wconf 74' lang='grc' dir='ltr'>καὶ</span> <span class='ocrx_word' id='word_1_141' title='bbox 3235 581 3330 635; x_wconf 87' lang='grc' dir='ltr'><strong>τοῦ</strong></span> <span class='ocrx_word' id='word_1_142' title='bbox 3373 582 3695 652; x_wconf 78' lang='grc' dir='ltr'><strong>μονογενοῦς</strong></span> 
     </span>
    </p>
   </div>
   <div class='ocr_carea' id='block_1_21' title="bbox 2111 673 3696 747">
    <p class='ocr_par' dir='ltr' id='par_1_21' title="bbox 2111 673 3696 747">
     <span class='ocr_line' id='line_1_21' title="bbox 2111 673 3696 747; baseline -0.005 -14"><span class='ocrx_word' id='word_1_143' title='bbox 2111 679 2278 733; x_wconf 85' lang='grc' dir='ltr'>αὑτοῦ</span> <span class='ocrx_word' id='word_1_144' title='bbox 2314 678 2466 741; x_wconf 84' lang='grc' dir='ltr'>Υίοῦ,</span> <span class='ocrx_word' id='word_1_145' title='bbox 2497 678 2592 730; x_wconf 76' lang='grc' dir='ltr'><strong>καὶ</strong></span> <span class='ocrx_word' id='word_1_146' title='bbox 2637 675 2995 747; x_wconf 81' lang='grc' dir='ltr'>ὑποδηλοῦσιν</span> <span class='ocrx_word' id='word_1_147' title='bbox 3025 674 3117 727; x_wconf 81' lang='grc' dir='ltr'>τὸν</span> <span class='ocrx_word' id='word_1_148' title='bbox 3154 675 3402 735; x_wconf 76' lang='grc' dir='ltr'>Ἡσαΐαν,</span> <span class='ocrx_word' id='word_1_149' title='bbox 3430 673 3574 742; x_wconf 82' lang='grc' dir='ltr'><strong>τάχα</strong></span> <span class='ocrx_word' id='word_1_150' title='bbox 3601 673 3696 726; x_wconf 77' lang='grc' dir='ltr'><strong>ἐπὶ</strong></span> 
     </span>
    </p>
   </div>
   <div class='ocr_carea' id='block_1_22' title="bbox 2111 762 3697 839">
    <p class='ocr_par' dir='ltr' id='par_1_22' title="bbox 2111 762 3697 839">
     <span class='ocr_line' id='line_1_22' title="bbox 2111 762 3697 839; baseline -0.004 -19"><span class='ocrx_word' id='word_1_151' title='bbox 2111 768 2205 822; x_wconf 91' lang='grc' dir='ltr'><strong>τοῦ</strong></span> <span class='ocrx_word' id='word_1_152' title='bbox 2255 767 2508 839; x_wconf 82' lang='grc' dir='ltr'>οὐρανίου</span> <span class='ocrx_word' id='word_1_153' title='bbox 2555 765 2888 820; x_wconf 82' lang='grc' dir='ltr'>καθεσθέντα</span> <span class='ocrx_word' id='word_1_154' title='bbox 2917 765 3132 835; x_wconf 86' lang='grc' dir='ltr'>θρόνου,</span> <span class='ocrx_word' id='word_1_155' title='bbox 3176 764 3272 817; x_wconf 76' lang='grc' dir='ltr'>καὶ</span> <span class='ocrx_word' id='word_1_156' title='bbox 3318 762 3697 833; x_wconf 80' lang='grc' dir='ltr'>προστάξαντα</span> 
     </span>
    </p>
   </div>
   <div class='ocr_carea' id='block_1_23' title="bbox 2114 856 3698 933">
    <p class='ocr_par' dir='ltr' id='par_1_23' title="bbox 2114 856 3698 933">
     <span class='ocr_line' id='line_1_23' title="bbox 2114 856 3698 933; baseline -0.006 -17"><span class='ocrx_word' id='word_1_157' title='bbox 2114 861 2324 933; x_wconf 77' lang='grc' dir='ltr'>ἑαυτῷ·</span> <span class='ocrx_word' id='word_1_158' title='bbox 2365 881 2383 913; x_wconf 86' lang='grc' dir='ltr'><strong>ι</strong></span> <span class='ocrx_word' id='word_1_159' title='bbox 2414 859 2718 931; x_wconf 78' lang='grc' dir='ltr'>Πορεύθητι</span> <span class='ocrx_word' id='word_1_160' title='bbox 2748 858 2885 929; x_wconf 78' lang='grc' dir='ltr'>πρὸς</span> <span class='ocrx_word' id='word_1_161' title='bbox 2922 857 3016 911; x_wconf 84' lang='grc' dir='ltr'><strong>τὸν</strong></span> <span class='ocrx_word' id='word_1_162' title='bbox 3049 857 3178 910; x_wconf 84' lang='grc' dir='ltr'>λαὸν</span> <span class='ocrx_word' id='word_1_163' title='bbox 3205 857 3415 916; x_wconf 87' lang='grc' dir='ltr'>τοῦτον,</span> <span class='ocrx_word' id='word_1_164' title='bbox 3441 857 3535 908; x_wconf 71' lang='grc' dir='ltr'>καὶ</span> <span class='ocrx_word' id='word_1_165' title='bbox 3574 856 3698 908; x_wconf 80' lang='grc' dir='ltr'>εἰπὲ</span> 
     </span>
    </p>
   </div>
   <div class='ocr_carea' id='block_1_24' title="bbox 2113 944 3698 1024">
    <p class='ocr_par' dir='ltr' id='par_1_24' title="bbox 2113 944 3698 1024">
     <span class='ocr_line' id='line_1_24' title="bbox 2113 944 3698 1024; baseline -0.005 -17"><span class='ocrx_word' id='word_1_166' title='bbox 2113 954 2284 1024; x_wconf 78' lang='grc' dir='ltr'>αὐτῷ,</span> <span class='ocrx_word' id='word_1_167' title='bbox 2317 971 2335 1004; x_wconf 78' lang='grc' dir='ltr'><strong>ι</strong></span> <span class='ocrx_word' id='word_1_168' title='bbox 2391 951 2539 1022; x_wconf 72' lang='grc' dir='ltr'>ἅπερ</span> <span class='ocrx_word' id='word_1_169' title='bbox 2587 950 2931 1022; x_wconf 80' lang='grc' dir='ltr'>προσετάχθη</span> <span class='ocrx_word' id='word_1_170' title='bbox 2979 952 3174 1002; x_wconf 74' lang='grc' dir='ltr'>εἰπεῖν.</span> <span class='ocrx_word' id='word_1_171' title='bbox 3211 950 3401 1018; x_wconf 76' lang='grc' dir='ltr'>Ἡμεῖς</span> <span class='ocrx_word' id='word_1_172' title='bbox 3455 947 3552 1018; x_wconf 81' lang='grc' dir='ltr'><strong>μὲν</strong></span> <span class='ocrx_word' id='word_1_173' title='bbox 3601 944 3698 1000; x_wconf 78' lang='grc' dir='ltr'>οὖν</span> 
     </span>
    </p>
   </div>
   <div class='ocr_carea' id='block_1_25' title="bbox 2115 1039 3701 1112">
    <p class='ocr_par' dir='ltr' id='par_1_25' title="bbox 2115 1039 3701 1112">
     <span class='ocr_line' id='line_1_25' title="bbox 2115 1039 3701 1112; baseline -0.003 -16"><span class='ocrx_word' id='word_1_174' title='bbox 2115 1044 2377 1112; x_wconf 81' lang='grc' dir='ltr'>ἄντικρυς</span> <span class='ocrx_word' id='word_1_175' title='bbox 2417 1041 2797 1112; x_wconf 81' lang='grc' dir='ltr'>θαυμάζομεν,</span> <span class='ocrx_word' id='word_1_176' title='bbox 2844 1043 2892 1092; x_wconf 83' lang='grc' dir='ltr'>εἰ</span> <span class='ocrx_word' id='word_1_177' title='bbox 2954 1040 3028 1110; x_wconf 84' lang='grc' dir='ltr'>μὴ</span> <span class='ocrx_word' id='word_1_178' title='bbox 3079 1041 3182 1110; x_wconf 80' lang='grc' dir='ltr'><strong>ήδη</strong></span> <span class='ocrx_word' id='word_1_179' title='bbox 3234 1040 3329 1093; x_wconf 61' lang='grc' dir='ltr'><strong>καὶ⁵</strong></span> <span class='ocrx_word' id='word_1_180' title='bbox 3385 1039 3540 1092; x_wconf 54' lang='grc' dir='ltr'><strong>αὐτοὶ¹</strong></span> <span class='ocrx_word' id='word_1_181' title='bbox 3593 1039 3701 1107; x_wconf 77' lang='grc' dir='ltr'>τῆς</span> 
     </span>
    </p>
   </div>
   <div class='ocr_carea' id='block_1_26' title="bbox 2115 1131 3699 1201">
    <p class='ocr_par' dir='ltr' id='par_1_26' title="bbox 2115 1131 3699 1201">
     <span class='ocr_line' id='line_1_26' title="bbox 2115 1131 3699 1201; baseline -0.003 -12"><span class='ocrx_word' id='word_1_182' title='bbox 2115 1136 2346 1198; x_wconf 81' lang='grc' dir='ltr'>ἀτοπίας</span> <span class='ocrx_word' id='word_1_183' title='bbox 2407 1135 2502 1188; x_wconf 75' lang='grc' dir='ltr'><strong>καὶ</strong></span> <span class='ocrx_word' id='word_1_184' title='bbox 2559 1133 2844 1197; x_wconf 83' lang='grc' dir='ltr'>ἀσθενείας</span> <span class='ocrx_word' id='word_1_185' title='bbox 2910 1132 3018 1185; x_wconf 84' lang='grc' dir='ltr'>τῶν</span> <span class='ocrx_word' id='word_1_186' title='bbox 3068 1132 3286 1186; x_wconf 87' lang='grc' dir='ltr'>οίκείων</span> <span class='ocrx_word' id='word_1_187' title='bbox 3344 1131 3699 1201; x_wconf 77' lang='grc' dir='ltr'>δοξασμάτων</span> 
     </span>
    </p>
   </div>
   <div class='ocr_carea' id='block_1_27' title="bbox 2116 1223 3698 1295">
    <p class='ocr_par' dir='ltr' id='par_1_27' title="bbox 2116 1223 3698 1295">
     <span class='ocr_line' id='line_1_27' title="bbox 2116 1223 3698 1295; baseline -0.002 -16"><span class='ocrx_word' id='word_1_188' title='bbox 2116 1225 2484 1288; x_wconf 77' lang='grc' dir='ltr'>αἰσθάνονται,</span> <span class='ocrx_word' id='word_1_189' title='bbox 2531 1225 2626 1277; x_wconf 72' lang='grc' dir='ltr'>καὶ</span> <span class='ocrx_word' id='word_1_190' title='bbox 2654 1225 2731 1288; x_wconf 85' lang='grc' dir='ltr'>ὡς</span> <span class='ocrx_word' id='word_1_191' title='bbox 2769 1224 2966 1293; x_wconf 81' lang='grc' dir='ltr'>γελοῖοί</span> <span class='ocrx_word' id='word_1_192' title='bbox 2997 1227 3125 1286; x_wconf 74' lang='grc' dir='ltr'>εἰσι,</span> <span class='ocrx_word' id='word_1_193' title='bbox 3172 1223 3399 1278; x_wconf 85' lang='grc' dir='ltr'>τοιαῦτα</span> <span class='ocrx_word' id='word_1_194' title='bbox 3442 1225 3569 1295; x_wconf 73' lang='grc' dir='ltr'>περὶ</span> <span class='ocrx_word' id='word_1_195' title='bbox 3601 1225 3698 1277; x_wconf 88' lang='grc' dir='ltr'><strong>τοῦ</strong></span> 
     </span>
    </p>
   </div>
   <div class='ocr_carea' id='block_1_28' title="bbox 2115 1313 3699 1386">
    <p class='ocr_par' dir='ltr' id='par_1_28' title="bbox 2115 1313 3699 1386">
     <span class='ocr_line' id='line_1_28' title="bbox 2115 1313 3699 1386; baseline 0.001 -19"><span class='ocrx_word' id='word_1_196' title='bbox 2115 1313 2252 1368; x_wconf 88' lang='grc' dir='ltr'>Θεοῦ</span> <span class='ocrx_word' id='word_1_197' title='bbox 2302 1315 2695 1385; x_wconf 83' lang='grc' dir='ltr'>διανοούμενοι,</span> <span class='ocrx_word' id='word_1_198' title='bbox 2743 1315 2835 1369; x_wconf 67' lang='grc' dir='ltr'>καὶ</span> <span class='ocrx_word' id='word_1_199' title='bbox 2887 1315 2955 1368; x_wconf 80' lang='grc' dir='ltr'>τὰ</span> <span class='ocrx_word' id='word_1_200' title='bbox 3020 1316 3166 1386; x_wconf 80' lang='grc' dir='ltr'>σαφῆ</span> <span class='ocrx_word' id='word_1_201' title='bbox 3215 1315 3293 1378; x_wconf 84' lang='grc' dir='ltr'>ὡς</span> <span class='ocrx_word' id='word_1_202' title='bbox 3347 1315 3699 1386; x_wconf 86' lang='grc' dir='ltr'>δυσδιαίτητα</span> 
     </span>
    </p>
   </div>
   <div class='ocr_carea' id='block_1_29' title="bbox 2115 1403 3698 1476">
    <p class='ocr_par' dir='ltr' id='par_1_29' title="bbox 2115 1403 3698 1476">
     <span class='ocr_line' id='line_1_29' title="bbox 2115 1403 3698 1476; baseline 0.002 -20"><span class='ocrx_word' id='word_1_203' title='bbox 2115 1403 2553 1476; x_wconf 77' lang='grc' dir='ltr'>διαστρέφοντες.</span> <span class='ocrx_word' id='word_1_204' title='bbox 2593 1405 2705 1458; x_wconf 79' lang='grc' dir='ltr'><strong>Καὶ</strong></span> <span class='ocrx_word' id='word_1_205' title='bbox 2750 1405 2974 1476; x_wconf 77' lang='grc' dir='ltr'>οἰόμεθα</span> <span class='ocrx_word' id='word_1_206' title='bbox 3022 1406 3096 1476; x_wconf 82' lang='grc' dir='ltr'>μὴ</span> <span class='ocrx_word' id='word_1_207' title='bbox 3152 1406 3478 1475; x_wconf 82' lang='grc' dir='ltr'>σφάλλεσθαι</span> <span class='ocrx_word' id='word_1_208' title='bbox 3524 1406 3698 1471; x_wconf 77' lang='grc' dir='ltr'>οὕτως</span> 
     </span>
    </p>
   </div>
   <div class='ocr_carea' id='block_1_30' title="bbox 2115 1497 3702 1569">
    <p class='ocr_par' dir='ltr' id='par_1_30' title="bbox 2115 1497 3702 1569">
     <span class='ocr_line' id='line_1_30' title="bbox 2115 1497 3702 1569; baseline 0.001 -19"><span class='ocrx_word' id='word_1_209' title='bbox 2115 1497 2351 1568; x_wconf 76' lang='grc' dir='ltr'>ἔχοντες,</span> <span class='ocrx_word' id='word_1_210' title='bbox 2399 1498 2480 1550; x_wconf 86' lang='grc' dir='ltr'>ὅτι</span> <span class='ocrx_word' id='word_1_211' title='bbox 2531 1499 2647 1563; x_wconf 82' lang='grc' dir='ltr'>τοῖς</span> <span class='ocrx_word' id='word_1_212' title='bbox 2698 1498 2818 1550; x_wconf 87' lang='grc' dir='ltr'>κατ’</span> <span class='ocrx_word' id='word_1_213' title='bbox 2860 1499 3058 1562; x_wconf 79' lang='grc' dir='ltr'>αὐτοὺς</span> <span class='ocrx_word' id='word_1_214' title='bbox 3097 1501 3126 1552; x_wconf 98' lang='lat'><strong>6</strong></span> <span class='ocrx_word' id='word_1_215' title='bbox 3164 1498 3516 1569; x_wconf 86' lang='grc' dir='ltr'>μακρόθυμος</span> <span class='ocrx_word' id='word_1_216' title='bbox 3564 1499 3702 1564; x_wconf 80' lang='grc' dir='ltr'>Θεὸς</span> 
     </span>
    </p>
   </div>
   <div class='ocr_carea' id='block_1_31' title="bbox 2117 1590 3701 1662">
    <p class='ocr_par' dir='ltr' id='par_1_31' title="bbox 2117 1590 3701 1662">
     <span class='ocr_line' id='line_1_31' title="bbox 2117 1590 3701 1662; baseline 0.003 -20"><span class='ocrx_word' id='word_1_217' title='bbox 2117 1590 2422 1661; x_wconf 88' lang='grc' dir='ltr'>παριστῶν,</span> <span class='ocrx_word' id='word_1_218' title='bbox 2452 1591 2528 1653; x_wconf 83' lang='grc' dir='ltr'>ὼς</span> <span class='ocrx_word' id='word_1_219' title='bbox 2564 1592 2662 1662; x_wconf 78' lang='grc' dir='ltr'><strong>οὐχ</strong></span> <span class='ocrx_word' id='word_1_220' title='bbox 2710 1591 3063 1646; x_wconf 84' lang='grc' dir='ltr'>ὑπολείπεται</span> <span class='ocrx_word' id='word_1_221' title='bbox 3119 1593 3303 1656; x_wconf 80' lang='grc' dir='ltr'>αὐτοῖς</span> <span class='ocrx_word' id='word_1_222' title='bbox 3345 1593 3455 1646; x_wconf 76' lang='grc' dir='ltr'>οὔτ’</span> <span class='ocrx_word' id='word_1_223' title='bbox 3485 1593 3701 1648; x_wconf 81' lang='grc' dir='ltr'>ἀντιλο-</span> 
     </span>
    </p>
   </div>
   <div class='ocr_carea' id='block_1_32' title="bbox 2116 1682 3703 1755">
    <p class='ocr_par' dir='ltr' id='par_1_32' title="bbox 2116 1682 3703 1755">
     <span class='ocr_line' id='line_1_32' title="bbox 2116 1682 3703 1755; baseline 0.003 -21"><span class='ocrx_word' id='word_1_224' title='bbox 2116 1682 2242 1751; x_wconf 88' lang='grc' dir='ltr'>γίας</span> <span class='ocrx_word' id='word_1_225' title='bbox 2297 1683 2578 1748; x_wconf 85' lang='grc' dir='ltr'>ὑπόθεσις,</span> <span class='ocrx_word' id='word_1_226' title='bbox 2631 1683 2744 1737; x_wconf 74' lang='grc' dir='ltr'>οὔτ’</span> <span class='ocrx_word' id='word_1_227' title='bbox 2801 1683 3098 1752; x_wconf 80' lang='grc' dir='ltr'>ἀπολογίας</span> <span class='ocrx_word' id='word_1_228' title='bbox 3151 1684 3412 1755; x_wconf 83' lang='grc' dir='ltr'>ἀφορμὴ,</span> <span class='ocrx_word' id='word_1_229' title='bbox 3458 1685 3549 1738; x_wconf 83' lang='grc' dir='ltr'>διὰ</span> <span class='ocrx_word' id='word_1_230' title='bbox 3601 1683 3703 1739; x_wconf 77' lang='grc' dir='ltr'><strong>τοῦ</strong></span> 
     </span>
    </p>
   </div>
   <div class='ocr_carea' id='block_1_33' title="bbox 2131 1774 3706 1848">
    <p class='ocr_par' dir='ltr' id='par_1_33' title="bbox 2131 1774 3706 1848">
     <span class='ocr_line' id='line_1_33' title="bbox 2131 1774 3706 1848; baseline 0.002 -22"><span class='ocrx_word' id='word_1_231' title='bbox 2131 1775 2391 1845; x_wconf 77' lang='grc' dir='ltr'>Ἰεζεκιὴλ</span> <span class='ocrx_word' id='word_1_232' title='bbox 2437 1775 2572 1847; x_wconf 72' lang='grc' dir='ltr'>ἔφη·</span> <span class='ocrx_word' id='word_1_233' title='bbox 2611 1795 2629 1827; x_wconf 90' lang='lat'><strong>«</strong></span> <span class='ocrx_word' id='word_1_234' title='bbox 2660 1777 2722 1828; x_wconf 89' lang='grc' dir='ltr'>Εί</span> <span class='ocrx_word' id='word_1_235' title='bbox 2757 1777 2946 1848; x_wconf 77' lang='grc' dir='ltr'>Πατὴρ</span> <span class='ocrx_word' id='word_1_236' title='bbox 2997 1774 3107 1843; x_wconf 77' lang='grc' dir='ltr'>ἐγώ</span> <span class='ocrx_word' id='word_1_237' title='bbox 3154 1777 3293 1845; x_wconf 77' lang='grc' dir='ltr'>εἰμι,</span> <span class='ocrx_word' id='word_1_238' title='bbox 3337 1775 3440 1828; x_wconf 85' lang='grc' dir='ltr'><strong>ποῦ</strong></span> <span class='ocrx_word' id='word_1_239' title='bbox 3485 1777 3630 1828; x_wconf 79' lang='grc' dir='ltr'>ἐστιν</span> <span class='ocrx_word' id='word_1_240' title='bbox 3672 1776 3706 1829; x_wconf 84' lang='lat'><strong>6</strong></span> 
     </span>
    </p>
   </div>
   <div class='ocr_carea' id='block_1_34' title="bbox 431 1838 2014 1940">
    <p class='ocr_par' dir='ltr' id='par_1_34' title="bbox 431 1838 2011 1934">
     <span class='ocr_line' id='line_1_34' title="bbox 431 1838 2011 1934; baseline 0.003 -16"><span class='ocrx_word' id='word_1_241' title='bbox 431 1838 813 1920; x_wconf 36' lang='lat' dir='ltr'><strong>attentio—nemv</strong></span> <span class='ocrx_word' id='word_1_242' title='bbox 833 1875 947 1919; x_wconf 85' lang='lat' dir='ltr'><strong>tum</strong></span> <span class='ocrx_word' id='word_1_243' title='bbox 982 1864 1139 1918; x_wconf 75' lang='lat' dir='ltr'><strong>[idem</strong></span> <span class='ocrx_word' id='word_1_244' title='bbox 1192 1838 1519 1934; x_wconf 83' lang='lat' dir='ltr'><strong>promereri.</strong></span> <span class='ocrx_word' id='word_1_245' title='bbox 1563 1865 2011 1923; x_wconf 82' lang='lat' dir='ltr'><strong>Commistionem</strong></span> 
     </span>
    </p>
   </div>
   <div class='ocr_carea' id='block_1_35' title="bbox 2118 1838 3703 1940">
    <p class='ocr_par' dir='ltr' id='par_1_35' title="bbox 2118 1838 3703 1940">
     <span class='ocr_line' id='line_1_35' title="bbox 2118 1838 3703 1940; baseline 0.001 -22"><span class='ocrx_word' id='word_1_246' title='bbox 2118 1867 2283 1935; x_wconf 79' lang='grc' dir='ltr'>φόϐος</span> <span class='ocrx_word' id='word_1_247' title='bbox 2330 1838 2610 1937; x_wconf 36' lang='grc' dir='ltr'>μου;-Καὶ</span> <span class='ocrx_word' id='word_1_248' title='bbox 2641 1869 2690 1919; x_wconf 88' lang='grc' dir='ltr'><strong>εί</strong></span> <span class='ocrx_word' id='word_1_249' title='bbox 2741 1838 2944 1939; x_wconf 70' lang='grc' dir='ltr'>Κύριος</span> <span class='ocrx_word' id='word_1_250' title='bbox 2993 1838 3104 1935; x_wconf 77' lang='grc' dir='ltr'><strong>ἐγώ</strong></span> <span class='ocrx_word' id='word_1_251' title='bbox 3147 1838 3287 1938; x_wconf 79' lang='grc' dir='ltr'>εἰμι,</span> <span class='ocrx_word' id='word_1_252' title='bbox 3332 1868 3435 1922; x_wconf 86' lang='grc' dir='ltr'><strong>ποῦ</strong></span> <span class='ocrx_word' id='word_1_253' title='bbox 3486 1869 3630 1920; x_wconf 79' lang='grc' dir='ltr'>ἐστιν</span> <span class='ocrx_word' id='word_1_254' title='bbox 3664 1870 3703 1940; x_wconf 79' lang='grc' dir='ltr'>ἡ</span> 
     </span>
    </p>
   </div>
   <div class='ocr_carea' id='block_1_36' title="bbox 429 1957 2011 2028">
    <p class='ocr_par' dir='ltr' id='par_1_36' title="bbox 429 1957 2011 2028">
     <span class='ocr_line' id='line_1_36' title="bbox 429 1957 2011 2028; baseline 0.002 -15"><span class='ocrx_word' id='word_1_255' title='bbox 429 1957 638 2014; x_wconf 83' lang='lat' dir='ltr'><strong>scilicet</strong></span> <span class='ocrx_word' id='word_1_256' title='bbox 667 1959 956 2028; x_wconf 87' lang='lat' dir='ltr'><strong>quamdam</strong></span> <span class='ocrx_word' id='word_1_257' title='bbox 988 1959 1516 2028; x_wconf 89' lang='lat' dir='ltr'><strong>consensionemque</strong></span> <span class='ocrx_word' id='word_1_258' title='bbox 1558 1959 1858 2015; x_wconf 80' lang='lat' dir='ltr'><strong>divinitatis</strong></span> <span class='ocrx_word' id='word_1_259' title='bbox 1887 1977 2011 2016; x_wconf 79' lang='lat' dir='ltr'><strong>cum</strong></span> 
     </span>
    </p>
   </div>
   <div class='ocr_carea' id='block_1_37' title="bbox 428 2048 2016 2122">
    <p class='ocr_par' dir='ltr' id='par_1_37' title="bbox 428 2048 2016 2122">
     <span class='ocr_line' id='line_1_37' title="bbox 428 2048 2016 2122; baseline 0.002 -17"><span class='ocrx_word' id='word_1_260' title='bbox 428 2048 702 2105; x_wconf 84' lang='lat' dir='ltr'><strong>creaturis</strong></span> <span class='ocrx_word' id='word_1_261' title='bbox 748 2049 1286 2114; x_wconf 84' lang='lat' dir='ltr'><strong>comminiscuntur;</strong></span> <span class='ocrx_word' id='word_1_262' title='bbox 1339 2064 1516 2119; x_wconf 88' lang='lat' dir='ltr'><strong>neque</strong></span> <span class='ocrx_word' id='word_1_263' title='bbox 1576 2051 1902 2122; x_wconf 90' lang='lat' dir='ltr'><strong>intelligunt,</strong></span> <span class='ocrx_word' id='word_1_264' title='bbox 1955 2069 2016 2109; x_wconf 91' lang='lat' dir='ltr'><strong>se</strong></span> 
     </span>
    </p>
   </div>
   <div class='ocr_carea' id='block_1_38' title="bbox 429 2137 2008 2211">
    <p class='ocr_par' dir='ltr' id='par_1_38' title="bbox 429 2137 2008 2211">
     <span class='ocr_line' id='line_1_38' title="bbox 429 2137 2008 2211; baseline 0.003 -19"><span class='ocrx_word' id='word_1_265' title='bbox 429 2153 538 2192; x_wconf 86' lang='lat' dir='ltr'><strong>una</strong></span> <span class='ocrx_word' id='word_1_266' title='bbox 572 2153 695 2193; x_wconf 91' lang='lat' dir='ltr'><strong>cum</strong></span> <span class='ocrx_word' id='word_1_267' title='bbox 728 2137 928 2193; x_wconf 80' lang='lat' dir='ltr'><strong>divinis</strong></span> <span class='ocrx_word' id='word_1_268' title='bbox 957 2137 1201 2207; x_wconf 88' lang='lat' dir='ltr'><strong>Spiritus</strong></span> <span class='ocrx_word' id='word_1_269' title='bbox 1229 2139 1422 2205; x_wconf 82' lang='lat' dir='ltr'><strong>sancti,</strong></span> <span class='ocrx_word' id='word_1_270' title='bbox 1453 2140 1547 2210; x_wconf 90' lang='lat' dir='ltr'><strong>qui</strong></span> <span class='ocrx_word' id='word_1_271' title='bbox 1567 2142 1756 2195; x_wconf 88' lang='lat' dir='ltr'><strong>eodem</strong></span> <span class='ocrx_word' id='word_1_272' title='bbox 1787 2156 2008 2211; x_wconf 90' lang='lat' dir='ltr'><strong>semper</strong></span> 
     </span>
    </p>
   </div>
   <div class='ocr_carea' id='block_1_39' title="bbox 427 2229 2017 2300">
    <p class='ocr_par' dir='ltr' id='par_1_39' title="bbox 427 2229 2017 2300">
     <span class='ocr_line' id='line_1_39' title="bbox 427 2229 2017 2300; baseline 0.002 -14"><span class='ocrx_word' id='word_1_273' title='bbox 427 2233 592 2286; x_wconf 90' lang='lat' dir='ltr'><strong>modo</strong></span> <span class='ocrx_word' id='word_1_274' title='bbox 620 2246 678 2286; x_wconf 88' lang='lat' dir='ltr'><strong>se</strong></span> <span class='ocrx_word' id='word_1_275' title='bbox 703 2231 867 2286; x_wconf 85' lang='lat' dir='ltr'><strong>habet</strong></span> <span class='ocrx_word' id='word_1_276' title='bbox 887 2231 954 2286; x_wconf 90' lang='lat' dir='ltr'><strong>ad</strong></span> <span class='ocrx_word' id='word_1_277' title='bbox 987 2231 1153 2284; x_wconf 88' lang='lat' dir='ltr'><strong>Deum</strong></span> <span class='ocrx_word' id='word_1_278' title='bbox 1201 2229 1442 2300; x_wconf 86' lang='lat' dir='ltr'><strong>Patrem,</strong></span> <span class='ocrx_word' id='word_1_279' title='bbox 1472 2233 1616 2287; x_wconf 90' lang='lat' dir='ltr'><strong>notis</strong></span> <span class='ocrx_word' id='word_1_280' title='bbox 1653 2241 1707 2287; x_wconf 92' lang='lat' dir='ltr'><strong>et</strong></span> <span class='ocrx_word' id='word_1_281' title='bbox 1737 2235 2017 2291; x_wconf 84' lang='lat' dir='ltr'><strong>characte-</strong></span> 
     </span>
    </p>
   </div>
   <div class='ocr_carea' id='block_1_40' title="bbox 427 2323 2013 2396">
    <p class='ocr_par' dir='ltr' id='par_1_40' title="bbox 427 2323 2013 2396">
     <span class='ocr_line' id='line_1_40' title="bbox 427 2323 2013 2396; baseline 0.004 -18"><span class='ocrx_word' id='word_1_282' title='bbox 427 2324 584 2378; x_wconf 86' lang='lat' dir='ltr'><strong>ribus</strong></span> <span class='ocrx_word' id='word_1_283' title='bbox 615 2333 770 2379; x_wconf 89' lang='lat' dir='ltr'><strong>notas</strong></span> <span class='ocrx_word' id='word_1_284' title='bbox 803 2323 966 2379; x_wconf 87' lang='lat' dir='ltr'><strong>etiam</strong></span> <span class='ocrx_word' id='word_1_285' title='bbox 999 2333 1054 2378; x_wconf 92' lang='lat' dir='ltr'><strong>et</strong></span> <span class='ocrx_word' id='word_1_286' title='bbox 1106 2326 1454 2378; x_wconf 84' lang='lat' dir='ltr'><strong>characteres</strong></span> <span class='ocrx_word' id='word_1_287' title='bbox 1503 2325 1808 2396; x_wconf 90' lang='lat' dir='ltr'><strong>deprimere</strong></span> <span class='ocrx_word' id='word_1_288' title='bbox 1843 2329 2013 2396; x_wconf 87' lang='lat' dir='ltr'><strong>ipsius</strong></span> 
     </span>
    </p>
   </div>
   <div class='ocr_carea' id='block_1_41' title="bbox 431 2414 2013 2488">
    <p class='ocr_par' dir='ltr' id='par_1_41' title="bbox 431 2414 2013 2488">
     <span class='ocr_line' id='line_1_41' title="bbox 431 2414 2013 2488; baseline 0.003 -19"><span class='ocrx_word' id='word_1_289' title='bbox 431 2414 530 2470; x_wconf 82' lang='lat' dir='ltr'><strong>Dei</strong></span> <span class='ocrx_word' id='word_1_290' title='bbox 576 2415 778 2478; x_wconf 84' lang='lat' dir='ltr'><strong>Patris.</strong></span> <span class='ocrx_word' id='word_1_291' title='bbox 823 2426 878 2470; x_wconf 88' lang='lat' dir='ltr'><strong>et</strong></span> <span class='ocrx_word' id='word_1_292' title='bbox 931 2417 1192 2483; x_wconf 81' lang='lat' dir='ltr'><strong>unigeniti</strong></span> <span class='ocrx_word' id='word_1_293' title='bbox 1245 2417 1361 2486; x_wconf 81' lang='lat' dir='ltr'><strong>ejus</strong></span> <span class='ocrx_word' id='word_1_294' title='bbox 1397 2417 1555 2484; x_wconf 83' lang='lat' dir='ltr'><strong>Filii;</strong></span> <span class='ocrx_word' id='word_1_295' title='bbox 1608 2428 1772 2488; x_wconf 88' lang='lat' dir='ltr'><strong>atque</strong></span> <span class='ocrx_word' id='word_1_296' title='bbox 1820 2418 2013 2474; x_wconf 85' lang='lat' dir='ltr'><strong>Isaiam</strong></span> 
     </span>
    </p>
   </div>
   <div class='ocr_carea' id='block_1_42' title="bbox 428 2503 2016 2564">
    <p class='ocr_par' dir='ltr' id='par_1_42' title="bbox 428 2503 2016 2564">
     <span class='ocr_line' id='line_1_42' title="bbox 428 2503 2016 2564; baseline 0.003 -5"><span class='ocrx_word' id='word_1_297' title='bbox 428 2503 667 2560; x_wconf 74' lang='lat' dir='ltr'><strong>“fortasse</strong></span> <span class='ocrx_word' id='word_1_298' title='bbox 700 2506 755 2560; x_wconf 91' lang='lat' dir='ltr'><strong>in</strong></span> <span class='ocrx_word' id='word_1_299' title='bbox 793 2506 1000 2560; x_wconf 70' lang='lat' dir='ltr'><strong>cmlesti</strong></span> <span class='ocrx_word' id='word_1_300' title='bbox 1037 2507 1231 2560; x_wconf 89' lang='lat' dir='ltr'><strong>throno</strong></span> <span class='ocrx_word' id='word_1_301' title='bbox 1273 2507 1553 2561; x_wconf 85' lang='lat' dir='ltr'><strong>sedentem</strong></span> <span class='ocrx_word' id='word_1_302' title='bbox 1602 2509 1845 2563; x_wconf 78' lang='lat' dir='ltr'><strong>exhiberi</strong></span> <span class='ocrx_word' id='word_1_303' title='bbox 1889 2509 2016 2564; x_wconf 88' lang='lat' dir='ltr'><strong>sub-</strong></span> 
     </span>
    </p>
   </div>
   <div class='ocr_carea' id='block_1_43' title="bbox 432 2596 2012 2667">
    <p class='ocr_par' dir='ltr' id='par_1_43' title="bbox 432 2596 2012 2667">
     <span class='ocr_line' id='line_1_43' title="bbox 432 2596 2012 2667; baseline 0.004 -17"><span class='ocrx_word' id='word_1_304' title='bbox 432 2596 702 2661; x_wconf 86' lang='lat' dir='ltr'><strong>indicant,</strong></span> <span class='ocrx_word' id='word_1_305' title='bbox 731 2613 793 2652; x_wconf 91' lang='lat' dir='ltr'><strong>ac</strong></span> <span class='ocrx_word' id='word_1_306' title='bbox 838 2598 1156 2666; x_wconf 87' lang='lat' dir='ltr'><strong>sibimetipsi</strong></span> <span class='ocrx_word' id='word_1_307' title='bbox 1194 2598 1632 2667; x_wconf 77' lang='lat' dir='ltr'><strong>praecipientem:</strong></span> <span class='ocrx_word' id='word_1_308' title='bbox 1674 2619 1693 2652; x_wconf 96' lang='lat'><strong>«</strong></span> <span class='ocrx_word' id='word_1_309' title='bbox 1764 2600 1912 2655; x_wconf 86' lang='lat' dir='ltr'><strong>Vade</strong></span> <span class='ocrx_word' id='word_1_310' title='bbox 1946 2604 2012 2657; x_wconf 88' lang='lat' dir='ltr'><strong>ad</strong></span> 
     </span>
    </p>
   </div>
   <div class='ocr_carea' id='block_1_44' title="bbox 430 2687 2009 2759">
    <p class='ocr_par' dir='ltr' id='par_1_44' title="bbox 430 2687 2009 2759">
     <span class='ocr_line' id='line_1_44' title="bbox 430 2687 2009 2759; baseline 0.004 -20"><span class='ocrx_word' id='word_1_311' title='bbox 430 2687 689 2757; x_wconf 87' lang='lat' dir='ltr'><strong>populum</strong></span> <span class='ocrx_word' id='word_1_312' title='bbox 733 2687 897 2752; x_wconf 89' lang='lat' dir='ltr'><strong>hunc,</strong></span> <span class='ocrx_word' id='word_1_313' title='bbox 924 2697 980 2742; x_wconf 89' lang='lat' dir='ltr'><strong>et</strong></span> <span class='ocrx_word' id='word_1_314' title='bbox 1012 2689 1098 2744; x_wconf 89' lang='lat' dir='ltr'><strong>dic</strong></span> <span class='ocrx_word' id='word_1_315' title='bbox 1143 2688 1192 2742; x_wconf 91' lang='lat' dir='ltr'><strong>ei</strong></span> <span class='ocrx_word' id='word_1_316' title='bbox 1235 2707 1254 2740; x_wconf 73' lang='grc' dir='ltr'><strong>ι</strong></span> <span class='ocrx_word' id='word_1_317' title='bbox 1301 2703 1421 2756; x_wconf 67' lang='lat' dir='ltr'><strong>quae</strong></span> <span class='ocrx_word' id='word_1_318' title='bbox 1463 2689 1650 2759; x_wconf 87' lang='lat' dir='ltr'><strong>jussus</strong></span> <span class='ocrx_word' id='word_1_319' title='bbox 1677 2702 1761 2746; x_wconf 91' lang='lat' dir='ltr'><strong>est</strong></span> <span class='ocrx_word' id='word_1_320' title='bbox 1807 2693 2009 2747; x_wconf 80' lang='lat' dir='ltr'><strong>dicere.</strong></span> 
     </span>
    </p>
   </div>
   <div class='ocr_carea' id='block_1_45' title="bbox 431 2777 2015 2851">
    <p class='ocr_par' dir='ltr' id='par_1_45' title="bbox 431 2777 2015 2851">
     <span class='ocr_line' id='line_1_45' title="bbox 431 2777 2015 2851; baseline 0.002 -18"><span class='ocrx_word' id='word_1_321' title='bbox 431 2777 545 2834; x_wconf 82' lang='lat' dir='ltr'><strong>Nos</strong></span> <span class='ocrx_word' id='word_1_322' title='bbox 567 2793 697 2847; x_wconf 79' lang='lat' dir='ltr'><strong>vero</strong></span> <span class='ocrx_word' id='word_1_323' title='bbox 725 2778 854 2832; x_wconf 92' lang='lat' dir='ltr'><strong>illud</strong></span> <span class='ocrx_word' id='word_1_324' title='bbox 887 2779 1046 2848; x_wconf 90' lang='lat' dir='ltr'><strong>plane</strong></span> <span class='ocrx_word' id='word_1_325' title='bbox 1091 2780 1382 2844; x_wconf 88' lang='lat' dir='ltr'><strong>miramur,</strong></span> <span class='ocrx_word' id='word_1_326' title='bbox 1417 2781 1562 2849; x_wconf 92' lang='lat' dir='ltr'><strong>quod</strong></span> <span class='ocrx_word' id='word_1_327' title='bbox 1606 2781 1720 2850; x_wconf 85' lang='lat' dir='ltr'><strong>jam</strong></span> <span class='ocrx_word' id='word_1_328' title='bbox 1761 2783 1844 2836; x_wconf 87' lang='lat' dir='ltr'><strong>vel</strong></span> <span class='ocrx_word' id='word_1_329' title='bbox 1886 2783 2015 2851; x_wconf 84' lang='lat' dir='ltr'><strong>ipsi-</strong></span> 
     </span>
    </p>
   </div>
   <div class='ocr_carea' id='block_1_46' title="bbox 432 2868 2012 2937">
    <p class='ocr_par' dir='ltr' id='par_1_46' title="bbox 432 2868 2012 2937">
     <span class='ocr_line' id='line_1_46' title="bbox 432 2868 2012 2937; baseline 0.002 -16"><span class='ocrx_word' id='word_1_330' title='bbox 432 2877 546 2921; x_wconf 88' lang='lat' dir='ltr'><strong>met</strong></span> <span class='ocrx_word' id='word_1_331' title='bbox 577 2882 798 2925; x_wconf 87' lang='lat' dir='ltr'><strong>suarum</strong></span> <span class='ocrx_word' id='word_1_332' title='bbox 845 2868 1216 2937; x_wconf 86' lang='lat' dir='ltr'><strong>opiuationum</strong></span> <span class='ocrx_word' id='word_1_333' title='bbox 1264 2869 1658 2923; x_wconf 89' lang='lat' dir='ltr'><strong>absurditatem</strong></span> <span class='ocrx_word' id='word_1_334' title='bbox 1725 2870 2012 2925; x_wconf 84' lang='lat' dir='ltr'><strong>imbecilli-</strong></span> 
     </span>
    </p>
   </div>
   <div class='ocr_carea' id='block_1_47' title="bbox 431 2959 2014 3028">
    <p class='ocr_par' dir='ltr' id='par_1_47' title="bbox 431 2959 2014 3028">
     <span class='ocr_line' id='line_1_47' title="bbox 431 2959 2014 3028; baseline 0.004 -18"><span class='ocrx_word' id='word_1_335' title='bbox 431 2962 712 3026; x_wconf 79' lang='lat' dir='ltr'><strong>tatemque</strong></span> <span class='ocrx_word' id='word_1_336' title='bbox 750 2973 855 3011; x_wconf 92' lang='lat' dir='ltr'><strong>non</strong></span> <span class='ocrx_word' id='word_1_337' title='bbox 883 2959 1144 3022; x_wconf 88' lang='lat' dir='ltr'><strong>sentiant,</strong></span> <span class='ocrx_word' id='word_1_338' title='bbox 1174 2973 1275 3012; x_wconf 92' lang='lat' dir='ltr'><strong>nec</strong></span> <span class='ocrx_word' id='word_1_339' title='bbox 1307 2959 1544 3023; x_wconf 86' lang='lat' dir='ltr'><strong>videant,</strong></span> <span class='ocrx_word' id='word_1_340' title='bbox 1578 2975 1741 3028; x_wconf 87' lang='lat' dir='ltr'><strong>quam</strong></span> <span class='ocrx_word' id='word_1_341' title='bbox 1774 2960 1886 3015; x_wconf 82' lang='lat' dir='ltr'><strong>risu</strong></span> <span class='ocrx_word' id='word_1_342' title='bbox 1931 2962 2014 3016; x_wconf 89' lang='lat' dir='ltr'><strong>di-</strong></span> 
     </span>
    </p>
   </div>
   <div class='ocr_carea' id='block_1_48' title="bbox 433 3046 2013 3121">
    <p class='ocr_par' dir='ltr' id='par_1_48' title="bbox 433 3046 2013 3121">
     <span class='ocr_line' id='line_1_48' title="bbox 433 3046 2013 3121; baseline 0.006 -22"><span class='ocrx_word' id='word_1_343' title='bbox 433 3046 525 3115; x_wconf 85' lang='lat' dir='ltr'><strong>gni</strong></span> <span class='ocrx_word' id='word_1_344' title='bbox 571 3047 701 3112; x_wconf 91' lang='lat' dir='ltr'><strong>sint,</strong></span> <span class='ocrx_word' id='word_1_345' title='bbox 737 3046 867 3101; x_wconf 93' lang='lat' dir='ltr'><strong>dum</strong></span> <span class='ocrx_word' id='word_1_346' title='bbox 906 3047 1030 3101; x_wconf 89' lang='lat' dir='ltr'><strong>talia</strong></span> <span class='ocrx_word' id='word_1_347' title='bbox 1087 3050 1154 3102; x_wconf 91' lang='lat' dir='ltr'><strong>de</strong></span> <span class='ocrx_word' id='word_1_348' title='bbox 1205 3047 1315 3102; x_wconf 90' lang='lat' dir='ltr'><strong>Deo</strong></span> <span class='ocrx_word' id='word_1_349' title='bbox 1349 3051 1612 3118; x_wconf 86' lang='lat' dir='ltr'><strong>cogitant,</strong></span> <span class='ocrx_word' id='word_1_350' title='bbox 1666 3066 1729 3104; x_wconf 90' lang='lat' dir='ltr'><strong>ac</strong></span> <span class='ocrx_word' id='word_1_351' title='bbox 1779 3067 1840 3105; x_wconf 88' lang='lat' dir='ltr'><strong>ea</strong></span> <span class='ocrx_word' id='word_1_352' title='bbox 1892 3067 2013 3121; x_wconf 66' lang='lat' dir='ltr'><strong>quae</strong></span> 
     </span>
    </p>
   </div>
   <div class='ocr_carea' id='block_1_49' title="bbox 2115 1957 3707 2030">
    <p class='ocr_par' dir='ltr' id='par_1_49' title="bbox 2115 1957 3707 2030">
     <span class='ocr_line' id='line_1_49' title="bbox 2115 1957 3707 2030; baseline 0.001 -21"><span class='ocrx_word' id='word_1_353' title='bbox 2115 1957 2243 2022; x_wconf 85' lang='grc' dir='ltr'>δόξα</span> <span class='ocrx_word' id='word_1_354' title='bbox 2282 1974 2414 2029; x_wconf 91' lang='grc' dir='ltr'>μου;</span> <span class='ocrx_word' id='word_1_355' title='bbox 2441 1981 2459 2011; x_wconf 74' lang='grc' dir='ltr'><strong>ι</strong></span> <span class='ocrx_word' id='word_1_356' title='bbox 2509 1959 2673 2012; x_wconf 84' lang='grc' dir='ltr'>Ἀλλὰ</span> <span class='ocrx_word' id='word_1_357' title='bbox 2714 1960 2890 2013; x_wconf 88' lang='grc' dir='ltr'>ταῦτα</span> <span class='ocrx_word' id='word_1_358' title='bbox 2939 1959 3038 2030; x_wconf 85' lang='grc' dir='ltr'><strong>μὲν</strong></span> <span class='ocrx_word' id='word_1_359' title='bbox 3071 1958 3272 2023; x_wconf 77' lang='grc' dir='ltr'>οὕτως·</span> <span class='ocrx_word' id='word_1_360' title='bbox 3304 1959 3390 2028; x_wconf 81' lang='grc' dir='ltr'><strong>ἐφ’</strong></span> <span class='ocrx_word' id='word_1_361' title='bbox 3421 1959 3450 2012; x_wconf 83' lang='lat'><strong>6</strong></span> <span class='ocrx_word' id='word_1_362' title='bbox 3479 1959 3535 2011; x_wconf 82' lang='grc' dir='ltr'>δὲ</span> <span class='ocrx_word' id='word_1_363' title='bbox 3570 1961 3707 2029; x_wconf 80' lang='grc' dir='ltr'>ἡμῖν</span> 
     </span>
    </p>
   </div>
   <div class='ocr_carea' id='block_1_50' title="bbox 2115 2049 3708 2124">
    <p class='ocr_par' dir='ltr' id='par_1_50' title="bbox 2115 2049 3708 2124">
     <span class='ocr_line' id='line_1_50' title="bbox 2115 2049 3708 2124; baseline 0.001 -20"><span class='ocrx_word' id='word_1_364' title='bbox 2115 2053 2145 2104; x_wconf 88' lang='lat'><strong>6</strong></span> <span class='ocrx_word' id='word_1_365' title='bbox 2185 2050 2345 2118; x_wconf 88' lang='grc' dir='ltr'>λόγος</span> <span class='ocrx_word' id='word_1_366' title='bbox 2398 2049 2693 2122; x_wconf 83' lang='grc' dir='ltr'>ὥρμηται,</span> <span class='ocrx_word' id='word_1_367' title='bbox 2752 2053 3017 2124; x_wconf 82' lang='grc' dir='ltr'>μετιτέον.</span> <span class='ocrx_word' id='word_1_368' title='bbox 3064 2053 3290 2124; x_wconf 84' lang='grc' dir='ltr'>’Ἰδωμεν</span> <span class='ocrx_word' id='word_1_369' title='bbox 3344 2052 3423 2111; x_wconf 80' lang='grc' dir='ltr'><strong>δὲ.</strong></span> <span class='ocrx_word' id='word_1_370' title='bbox 3456 2051 3510 2104; x_wconf 93' lang='grc' dir='ltr'><strong>τί</strong></span> <span class='ocrx_word' id='word_1_371' title='bbox 3551 2051 3708 2119; x_wconf 83' lang='grc' dir='ltr'>λέγει</span> 
     </span>
    </p>
   </div>
   <div class='ocr_carea' id='block_1_51' title="bbox 2115 2140 3704 2217">
    <p class='ocr_par' dir='ltr' id='par_1_51' title="bbox 2115 2140 3704 2217">
     <span class='ocr_line' id='line_1_51' title="bbox 2115 2140 3704 2217; baseline 0.001 -20"><span class='ocrx_word' id='word_1_372' title='bbox 2115 2143 2211 2197; x_wconf 75' lang='grc' dir='ltr'><strong>καὶ</strong></span> <span class='ocrx_word' id='word_1_373' title='bbox 2251 2140 2410 2208; x_wconf 80' lang='grc' dir='ltr'>αὖθις</span> <span class='ocrx_word' id='word_1_374' title='bbox 2449 2146 2478 2198; x_wconf 87' lang='lat'><strong>6</strong></span> <span class='ocrx_word' id='word_1_375' title='bbox 2508 2145 2740 2210; x_wconf 78' lang='grc' dir='ltr'>Παῦλος,</span> <span class='ocrx_word' id='word_1_376' title='bbox 2787 2146 3169 2217; x_wconf 83' lang='grc' dir='ltr'>Φιλιππησίοις</span> <span class='ocrx_word' id='word_1_377' title='bbox 3223 2162 3482 2216; x_wconf 79' lang='grc' dir='ltr'>γραφων·</span> <span class='ocrx_word' id='word_1_378' title='bbox 3527 2164 3545 2196; x_wconf 90' lang='lat'><strong>«</strong></span> <span class='ocrx_word' id='word_1_379' title='bbox 3577 2145 3704 2198; x_wconf 71' lang='grc' dir='ltr'><strong>θλι-</strong></span> 
     </span>
    </p>
   </div>
   <div class='ocr_carea' id='block_1_52' title="bbox 2116 2235 3707 2309">
    <p class='ocr_par' dir='ltr' id='par_1_52' title="bbox 2116 2235 3707 2309">
     <span class='ocr_line' id='line_1_52' title="bbox 2116 2235 3707 2309; baseline 0.001 -23"><span class='ocrx_word' id='word_1_380' title='bbox 2116 2251 2250 2287; x_wconf 89' lang='grc' dir='ltr'>πετε</span> <span class='ocrx_word' id='word_1_381' title='bbox 2291 2235 2390 2306; x_wconf 82' lang='grc' dir='ltr'><strong>τὴν</strong></span> <span class='ocrx_word' id='word_1_382' title='bbox 2423 2239 2774 2308; x_wconf 84' lang='grc' dir='ltr'>κατατομήν·</span> <span class='ocrx_word' id='word_1_383' title='bbox 2807 2239 2970 2308; x_wconf 74' lang='grc' dir='ltr'>ἡμεῖς</span> <span class='ocrx_word' id='word_1_384' title='bbox 3001 2237 3110 2309; x_wconf 88' lang='grc' dir='ltr'><strong>γάρ</strong></span> <span class='ocrx_word' id='word_1_385' title='bbox 3153 2237 3320 2307; x_wconf 82' lang='grc' dir='ltr'>ἐσμεν</span> <span class='ocrx_word' id='word_1_386' title='bbox 3343 2239 3376 2306; x_wconf 85' lang='grc' dir='ltr'><strong>ή</strong></span> <span class='ocrx_word' id='word_1_387' title='bbox 3408 2237 3707 2307; x_wconf 81' lang='grc' dir='ltr'>περιτομὴ,</span> 
     </span>
    </p>
   </div>
   <div class='ocr_carea' id='block_1_53' title="bbox 2115 2326 3708 2398">
    <p class='ocr_par' dir='ltr' id='par_1_53' title="bbox 2115 2326 3708 2398">
     <span class='ocr_line' id='line_1_53' title="bbox 2115 2326 3708 2398; baseline 0.003 -20"><span class='ocrx_word' id='word_1_388' title='bbox 2115 2329 2164 2379; x_wconf 90' lang='grc' dir='ltr'>οἱ</span> <span class='ocrx_word' id='word_1_389' title='bbox 2213 2326 2491 2396; x_wconf 86' lang='grc' dir='ltr'>Πνεύματι</span> <span class='ocrx_word' id='word_1_390' title='bbox 2523 2327 2658 2380; x_wconf 87' lang='grc' dir='ltr'>Θεοῦ</span> <span class='ocrx_word' id='word_1_391' title='bbox 2702 2326 3079 2398; x_wconf 81' lang='grc' dir='ltr'>λατρεύοντες,</span> <span class='ocrx_word' id='word_1_392' title='bbox 3111 2327 3206 2380; x_wconf 70' lang='grc' dir='ltr'>καὶ</span> <span class='ocrx_word' id='word_1_393' title='bbox 3259 2326 3605 2396; x_wconf 85' lang='grc' dir='ltr'>καυχώμενοι</span> <span class='ocrx_word' id='word_1_394' title='bbox 3647 2330 3708 2382; x_wconf 61' lang='lat' dir='ltr'><strong>tu</strong></span> 
     </span>
    </p>
   </div>
   <div class='ocr_carea' id='block_1_54' title="bbox 2115 2413 3708 2488">
    <p class='ocr_par' dir='ltr' id='par_1_54' title="bbox 2115 2413 3708 2488">
     <span class='ocr_line' id='line_1_54' title="bbox 2115 2413 3708 2488; baseline 0.002 -19"><span class='ocrx_word' id='word_1_395' title='bbox 2115 2416 2338 2488; x_wconf 86' lang='grc' dir='ltr'>Χριστῷ</span> <span class='ocrx_word' id='word_1_396' title='bbox 2373 2416 2568 2488; x_wconf 88' lang='grc' dir='ltr'>Ἰησοῦ.</span> <span class='ocrx_word' id='word_1_397' title='bbox 2612 2436 2631 2468; x_wconf 85' lang='grc'>›</span> <span class='ocrx_word' id='word_1_398' title='bbox 2677 2417 2810 2481; x_wconf 85' lang='grc' dir='ltr'>Θεὸς</span> <span class='ocrx_word' id='word_1_399' title='bbox 2835 2413 2926 2471; x_wconf 82' lang='grc' dir='ltr'><strong>οὖν</strong></span> <span class='ocrx_word' id='word_1_400' title='bbox 2952 2419 3013 2471; x_wconf 84' lang='grc' dir='ltr'><strong>τὸ</strong></span> <span class='ocrx_word' id='word_1_401' title='bbox 3052 2419 3205 2487; x_wconf 82' lang='grc' dir='ltr'>ἆγιον</span> <span class='ocrx_word' id='word_1_402' title='bbox 3237 2419 3483 2488; x_wconf 86' lang='grc' dir='ltr'>Πνεῦμα,</span> <span class='ocrx_word' id='word_1_403' title='bbox 3526 2419 3708 2472; x_wconf 76' lang='grc' dir='ltr'>πᾶσαν</span> 
     </span>
    </p>
   </div>
   <div class='ocr_carea' id='block_1_55' title="bbox 2117 2509 3708 2582">
    <p class='ocr_par' dir='ltr' id='par_1_55' title="bbox 2117 2509 3708 2582">
     <span class='ocr_line' id='line_1_55' title="bbox 2117 2509 3708 2582; baseline 0 -21"><span class='ocrx_word' id='word_1_404' title='bbox 2117 2509 2592 2580; x_wconf 83' lang='grc' dir='ltr'>άναπεμπομένην</span> <span class='ocrx_word' id='word_1_405' title='bbox 2621 2509 2812 2563; x_wconf 85' lang='grc' dir='ltr'>θυσίαν</span> <span class='ocrx_word' id='word_1_406' title='bbox 2851 2512 2949 2563; x_wconf 80' lang='grc' dir='ltr'><strong>σὺν</strong></span> <span class='ocrx_word' id='word_1_407' title='bbox 2990 2510 3070 2581; x_wconf 86' lang='grc' dir='ltr'>τῷ</span> <span class='ocrx_word' id='word_1_408' title='bbox 3106 2512 3284 2582; x_wconf 76' lang='grc' dir='ltr'>Πατρὶ</span> <span class='ocrx_word' id='word_1_409' title='bbox 3331 2511 3426 2564; x_wconf 82' lang='grc' dir='ltr'>καὶ</span> <span class='ocrx_word' id='word_1_410' title='bbox 3467 2510 3546 2582; x_wconf 85' lang='grc' dir='ltr'><strong>τῷ</strong></span> <span class='ocrx_word' id='word_1_411' title='bbox 3591 2510 3708 2581; x_wconf 81' lang='grc' dir='ltr'>Υίῷ</span> 
     </span>
    </p>
   </div>
   <div class='ocr_carea' id='block_1_56' title="bbox 2116 2599 3708 2673">
    <p class='ocr_par' dir='ltr' id='par_1_56' title="bbox 2116 2599 3708 2673">
     <span class='ocr_line' id='line_1_56' title="bbox 2116 2599 3708 2673; baseline -0.001 -20"><span class='ocrx_word' id='word_1_412' title='bbox 2116 2600 2438 2672; x_wconf 82' lang='grc' dir='ltr'>δεχόμενον·</span> <span class='ocrx_word' id='word_1_413' title='bbox 2494 2601 2717 2673; x_wconf 80' lang='grc' dir='ltr'>εὔδηλον</span> <span class='ocrx_word' id='word_1_414' title='bbox 2774 2601 2913 2672; x_wconf 83' lang='grc' dir='ltr'>γὰρ,</span> <span class='ocrx_word' id='word_1_415' title='bbox 2963 2603 3040 2665; x_wconf 85' lang='grc' dir='ltr'>ὠς</span> <span class='ocrx_word' id='word_1_416' title='bbox 3091 2604 3126 2672; x_wconf 88' lang='grc' dir='ltr'><strong>ή</strong></span> <span class='ocrx_word' id='word_1_417' title='bbox 3183 2601 3408 2672; x_wconf 90' lang='grc' dir='ltr'>λατρεία</span> <span class='ocrx_word' id='word_1_418' title='bbox 3462 2600 3542 2672; x_wconf 82' lang='grc' dir='ltr'>τῷ</span> <span class='ocrx_word' id='word_1_419' title='bbox 3585 2599 3708 2662; x_wconf 83' lang='grc' dir='ltr'>Θεῷ</span> 
     </span>
    </p>
   </div>
   <div class='ocr_carea' id='block_1_57' title="bbox 2088 2689 3712 2765">
    <p class='ocr_par' dir='ltr' id='par_1_57' title="bbox 2088 2689 3712 2765">
     <span class='ocr_line' id='line_1_57' title="bbox 2088 2689 3712 2765; baseline -0.001 -21"><span class='ocrx_word' id='word_1_420' title='bbox 2088 2689 2268 2764; x_wconf 83' lang='grc' dir='ltr'>’μόνῳ</span> <span class='ocrx_word' id='word_1_421' title='bbox 2315 2693 2609 2763; x_wconf 80' lang='grc' dir='ltr'>ὀφείλεται.</span> <span class='ocrx_word' id='word_1_422' title='bbox 2655 2693 2794 2746; x_wconf 83' lang='grc' dir='ltr'>Ἀλλ’</span> <span class='ocrx_word' id='word_1_423' title='bbox 2839 2695 2888 2746; x_wconf 82' lang='grc' dir='ltr'><strong>οἱ</strong></span> <span class='ocrx_word' id='word_1_424' title='bbox 2951 2694 3223 2765; x_wconf 71' lang='grc' dir='ltr'>αἱρετικοὶ</span> <span class='ocrx_word' id='word_1_425' title='bbox 3282 2692 3518 2764; x_wconf 86' lang='grc' dir='ltr'>κόρακες</span> <span class='ocrx_word' id='word_1_426' title='bbox 3579 2690 3712 2761; x_wconf 83' lang='grc' dir='ltr'>βλέ-</span> 
     </span>
    </p>
   </div>
   <div class='ocr_carea' id='block_1_58' title="bbox 2117 2783 3706 2856">
    <p class='ocr_par' dir='ltr' id='par_1_58' title="bbox 2117 2783 3706 2856">
     <span class='ocr_line' id='line_1_58' title="bbox 2117 2783 3706 2856; baseline -0.002 -20"><span class='ocrx_word' id='word_1_427' title='bbox 2117 2800 2251 2836; x_wconf 86' lang='grc' dir='ltr'>πετε</span> <span class='ocrx_word' id='word_1_428' title='bbox 2283 2783 2401 2847; x_wconf 84' lang='grc' dir='ltr'>πῶς</span> <span class='ocrx_word' id='word_1_429' title='bbox 2446 2787 2560 2848; x_wconf 83' lang='grc' dir='ltr'>τοῖς</span> <span class='ocrx_word' id='word_1_430' title='bbox 2591 2785 2756 2847; x_wconf 85' lang='grc' dir='ltr'>θείοις</span> <span class='ocrx_word' id='word_1_431' title='bbox 2802 2784 3148 2856; x_wconf 83' lang='grc' dir='ltr'>λυμήνασθαι</span> <span class='ocrx_word' id='word_1_432' title='bbox 3196 2783 3560 2855; x_wconf 77' lang='grc' dir='ltr'>ἐπεχείρησαν</span> <span class='ocrx_word' id='word_1_433' title='bbox 3598 2783 3706 2854; x_wconf 65' lang='grc' dir='ltr'>ρην</span> 
     </span>
    </p>
   </div>
   <div class='ocr_carea' id='block_1_59' title="bbox 2115 2874 3710 2947">
    <p class='ocr_par' dir='ltr' id='par_1_59' title="bbox 2115 2874 3710 2947">
     <span class='ocr_line' id='line_1_59' title="bbox 2115 2874 3710 2947; baseline 0.001 -19"><span class='ocrx_word' id='word_1_434' title='bbox 2115 2878 2249 2940; x_wconf 80' lang='grc' dir='ltr'>τοῖς,</span> <span class='ocrx_word' id='word_1_435' title='bbox 2280 2875 2348 2928; x_wconf 86' lang='grc' dir='ltr'>δι’</span> <span class='ocrx_word' id='word_1_436' title='bbox 2381 2876 2498 2939; x_wconf 80' lang='grc' dir='ltr'>ἐνὸς</span> <span class='ocrx_word' id='word_1_437' title='bbox 2549 2877 2814 2947; x_wconf 88' lang='grc' dir='ltr'>στοιχείου</span> <span class='ocrx_word' id='word_1_438' title='bbox 2863 2877 3213 2946; x_wconf 74' lang='grc' dir='ltr'>ὑπαλλαγῆς·</span> <span class='ocrx_word' id='word_1_439' title='bbox 3261 2875 3408 2938; x_wconf 80' lang='grc' dir='ltr'>τινὲς</span> <span class='ocrx_word' id='word_1_440' title='bbox 3451 2874 3561 2945; x_wconf 86' lang='grc' dir='ltr'>γὰρ</span> <span class='ocrx_word' id='word_1_441' title='bbox 3611 2876 3710 2930; x_wconf 81' lang='grc' dir='ltr'>αὑ-</span> 
     </span>
    </p>
   </div>
   <div class='ocr_carea' id='block_1_60' title="bbox 2114 2965 3706 3038">
    <p class='ocr_par' dir='ltr' id='par_1_60' title="bbox 2114 2965 3706 3038">
     <span class='ocr_line' id='line_1_60' title="bbox 2114 2965 3706 3038; baseline 0.001 -21"><span class='ocrx_word' id='word_1_442' title='bbox 2114 2966 2224 3019; x_wconf 82' lang='grc' dir='ltr'><strong>τῶν</strong></span> <span class='ocrx_word' id='word_1_443' title='bbox 2271 2967 2558 3036; x_wconf 81' lang='grc' dir='ltr'>ἐποίησαν,</span> <span class='ocrx_word' id='word_1_444' title='bbox 2614 2969 2722 3020; x_wconf 78' lang='grc' dir='ltr'>«οί</span> <span class='ocrx_word' id='word_1_445' title='bbox 2766 2965 3048 3038; x_wconf 88' lang='grc' dir='ltr'>Πνεύματι</span> <span class='ocrx_word' id='word_1_446' title='bbox 3105 2965 3226 3036; x_wconf 87' lang='grc' dir='ltr'>Θεῷ</span> <span class='ocrx_word' id='word_1_447' title='bbox 3275 2965 3653 3036; x_wconf 82' lang='grc' dir='ltr'>λατρεύοντες,</span> <span class='ocrx_word' id='word_1_448' title='bbox 3683 2985 3706 3019; x_wconf 73' lang='grc' dir='ltr'><strong>ι</strong></span> 
     </span>
    </p>
   </div>
   <div class='ocr_carea' id='block_1_61' title="bbox 2118 3057 3710 3129">
    <p class='ocr_par' dir='ltr' id='par_1_61' title="bbox 2118 3057 3710 3129">
     <span class='ocr_line' id='line_1_61' title="bbox 2118 3057 3710 3129; baseline 0.001 -19"><span class='ocrx_word' id='word_1_449' title='bbox 2118 3058 2204 3110; x_wconf 82' lang='grc' dir='ltr'><strong>ἵνα</strong></span> <span class='ocrx_word' id='word_1_450' title='bbox 2237 3057 2310 3128; x_wconf 84' lang='grc' dir='ltr'>μὴ</span> <span class='ocrx_word' id='word_1_451' title='bbox 2336 3057 2608 3110; x_wconf 84' lang='grc' dir='ltr'>δείκνυται</span> <span class='ocrx_word' id='word_1_452' title='bbox 2642 3060 2674 3128; x_wconf 89' lang='grc' dir='ltr'><strong>ή</strong></span> <span class='ocrx_word' id='word_1_453' title='bbox 2702 3057 2832 3129; x_wconf 76' lang='grc'><strong>[114</strong></span> <span class='ocrx_word' id='word_1_454' title='bbox 2852 3057 2907 3129; x_wconf 87' lang='lat' dir='ltr'><strong>a]</strong></span> <span class='ocrx_word' id='word_1_455' title='bbox 2940 3058 3167 3128; x_wconf 85' lang='grc' dir='ltr'>λατρεία</span> <span class='ocrx_word' id='word_1_456' title='bbox 3202 3058 3282 3128; x_wconf 82' lang='grc' dir='ltr'>τῷ</span> <span class='ocrx_word' id='word_1_457' title='bbox 3307 3059 3584 3129; x_wconf 86' lang='grc' dir='ltr'>Πνεύματι</span> <span class='ocrx_word' id='word_1_458' title='bbox 3607 3058 3710 3112; x_wconf 83' lang='grc' dir='ltr'><strong>τοῦ</strong></span> 
     </span>
    </p>
   </div>
   <div class='ocr_carea' id='block_1_62' title="bbox 431 3138 2014 3233">
    <p class='ocr_par' dir='ltr' id='par_1_62' title="bbox 431 3138 2010 3211">
     <span class='ocr_line' id='line_1_62' title="bbox 431 3138 2010 3211; baseline 0.002 -17"><span class='ocrx_word' id='word_1_459' title='bbox 431 3138 723 3194; x_wconf 77' lang='lat' dir='ltr'><strong>manifesta</strong></span> <span class='ocrx_word' id='word_1_460' title='bbox 768 3147 914 3205; x_wconf 90' lang='lat' dir='ltr'><strong>sunt,</strong></span> <span class='ocrx_word' id='word_1_461' title='bbox 974 3143 1128 3211; x_wconf 87' lang='lat' dir='ltr'><strong>quasi</strong></span> <span class='ocrx_word' id='word_1_462' title='bbox 1185 3141 1251 3195; x_wconf 91' lang='lat' dir='ltr'><strong>ad</strong></span> <span class='ocrx_word' id='word_1_463' title='bbox 1312 3143 1675 3197; x_wconf 87' lang='lat' dir='ltr'><strong>dirimendum</strong></span> <span class='ocrx_word' id='word_1_464' title='bbox 1741 3144 2010 3208; x_wconf 77' lang='lat' dir='ltr'><strong>didicilia,</strong></span> 
     </span>
    </p>
   </div>
   <div class='ocr_carea' id='block_1_63' title="bbox 2118 3138 3710 3233">
    <p class='ocr_par' dir='ltr' id='par_1_63' title="bbox 2118 3145 3710 3221">
     <span class='ocr_line' id='line_1_63' title="bbox 2118 3145 3710 3221; baseline 0.003 -22"><span class='ocrx_word' id='word_1_465' title='bbox 2118 3145 2276 3209; x_wconf 85' lang='grc' dir='ltr'>Θεοῦ,</span> <span class='ocrx_word' id='word_1_466' title='bbox 2307 3146 2423 3199; x_wconf 83' lang='grc' dir='ltr'>ἀλλ’</span> <span class='ocrx_word' id='word_1_467' title='bbox 2480 3149 2539 3202; x_wconf 83' lang='grc' dir='ltr'>ὲν</span> <span class='ocrx_word' id='word_1_468' title='bbox 2571 3147 2846 3218; x_wconf 86' lang='grc' dir='ltr'>πνεύματι</span> <span class='ocrx_word' id='word_1_469' title='bbox 2895 3148 2971 3218; x_wconf 84' lang='grc' dir='ltr'>τῷ</span> <span class='ocrx_word' id='word_1_470' title='bbox 3019 3148 3139 3219; x_wconf 84' lang='grc' dir='ltr'>Θεῷ</span> <span class='ocrx_word' id='word_1_471' title='bbox 3185 3151 3282 3202; x_wconf 75' lang='grc' dir='ltr'><strong>καὶ</strong></span> <span class='ocrx_word' id='word_1_472' title='bbox 3334 3149 3512 3220; x_wconf 73' lang='grc' dir='ltr'>Πατρὶ</span> <span class='ocrx_word' id='word_1_473' title='bbox 3561 3150 3710 3221; x_wconf 82' lang='grc' dir='ltr'>μόνῳ</span> 
     </span>
    </p>
   </div>
   <div class='ocr_carea' id='block_1_64' title="bbox 434 3231 2014 3312">
    <p class='ocr_par' dir='ltr' id='par_1_64' title="bbox 434 3231 2014 3303">
     <span class='ocr_line' id='line_1_64' title="bbox 434 3231 2014 3303; baseline 0.003 -18"><span class='ocrx_word' id='word_1_474' title='bbox 434 3239 776 3302; x_wconf 85' lang='lat' dir='ltr'><strong>pervertunt.</strong></span> <span class='ocrx_word' id='word_1_475' title='bbox 809 3231 993 3301; x_wconf 84' lang='lat' dir='ltr'><strong>Neque</strong></span> <span class='ocrx_word' id='word_1_476' title='bbox 1018 3247 1146 3286; x_wconf 88' lang='lat' dir='ltr'><strong>vero</strong></span> <span class='ocrx_word' id='word_1_477' title='bbox 1178 3249 1275 3289; x_wconf 93' lang='lat' dir='ltr'><strong>nos</strong></span> <span class='ocrx_word' id='word_1_478' title='bbox 1299 3249 1486 3290; x_wconf 89' lang='lat' dir='ltr'><strong>errare</strong></span> <span class='ocrx_word' id='word_1_479' title='bbox 1509 3237 1860 3303; x_wconf 80' lang='lat' dir='ltr'><strong>arbitrantur,</strong></span> <span class='ocrx_word' id='word_1_480' title='bbox 1887 3238 2014 3290; x_wconf 86' lang='lat' dir='ltr'><strong>dum</strong></span> 
     </span>
    </p>
   </div>
   <div class='ocr_carea' id='block_1_65' title="bbox 2118 3231 3708 3312">
    <p class='ocr_par' dir='ltr' id='par_1_65' title="bbox 2118 3239 3708 3312">
     <span class='ocr_line' id='line_1_65' title="bbox 2118 3239 3708 3312; baseline 0.002 -21"><span class='ocrx_word' id='word_1_481' title='bbox 2118 3239 2526 3310; x_wconf 84' lang='grc' dir='ltr'>προσαγομένη.</span> <span class='ocrx_word' id='word_1_482' title='bbox 2558 3240 2770 3310; x_wconf 85' lang='grc' dir='ltr'>’Ὠσπερ</span> <span class='ocrx_word' id='word_1_483' title='bbox 2819 3241 2914 3292; x_wconf 76' lang='grc' dir='ltr'><strong>καὶ</strong></span> <span class='ocrx_word' id='word_1_484' title='bbox 2968 3241 3026 3291; x_wconf 77' lang='grc' dir='ltr'><strong>ὲν</strong></span> <span class='ocrx_word' id='word_1_485' title='bbox 3077 3244 3144 3311; x_wconf 80' lang='grc' dir='ltr'>τῇ</span> <span class='ocrx_word' id='word_1_486' title='bbox 3199 3241 3336 3311; x_wconf 84' lang='grc' dir='ltr'>πρὸς</span> <span class='ocrx_word' id='word_1_487' title='bbox 3383 3241 3708 3312; x_wconf 75' lang='grc' dir='ltr'>Κορινθίους</span> 
     </span>
    </p>
   </div>
   <div class='ocr_carea' id='block_1_66' title="bbox 432 3322 2013 3397">
    <p class='ocr_par' dir='ltr' id='par_1_66' title="bbox 432 3322 2013 3397">
     <span class='ocr_line' id='line_1_66' title="bbox 432 3322 2013 3397; baseline 0.001 -20"><span class='ocrx_word' id='word_1_488' title='bbox 432 3325 510 3377; x_wconf 87' lang='lat' dir='ltr'><strong>ita</strong></span> <span class='ocrx_word' id='word_1_489' title='bbox 555 3324 867 3379; x_wconf 89' lang='lat' dir='ltr'><strong>sentimus:</strong></span> <span class='ocrx_word' id='word_1_490' title='bbox 913 3339 1038 3377; x_wconf 89' lang='lat' dir='ltr'><strong>nam</strong></span> <span class='ocrx_word' id='word_1_491' title='bbox 1091 3322 1182 3392; x_wconf 88' lang='lat' dir='ltr'><strong>iis,</strong></span> <span class='ocrx_word' id='word_1_492' title='bbox 1240 3325 1332 3393; x_wconf 91' lang='lat' dir='ltr'><strong>qui</strong></span> <span class='ocrx_word' id='word_1_493' title='bbox 1386 3341 1509 3380; x_wconf 88' lang='lat' dir='ltr'><strong>cum</strong></span> <span class='ocrx_word' id='word_1_494' title='bbox 1561 3327 1697 3397; x_wconf 91' lang='lat' dir='ltr'><strong>ipsis</strong></span> <span class='ocrx_word' id='word_1_495' title='bbox 1753 3327 2013 3392; x_wconf 89' lang='lat' dir='ltr'><strong>sentiunt,</strong></span> 
     </span>
    </p>
   </div>
   <div class='ocr_carea' id='block_1_67' title="bbox 430 3413 2015 3487">
    <p class='ocr_par' dir='ltr' id='par_1_67' title="bbox 430 3413 2015 3487">
     <span class='ocr_line' id='line_1_67' title="bbox 430 3413 2015 3487; baseline 0.001 -15"><span class='ocrx_word' id='word_1_496' title='bbox 430 3414 759 3484; x_wconf 85' lang='lat' dir='ltr'><strong>longanimis</strong></span> <span class='ocrx_word' id='word_1_497' title='bbox 815 3413 962 3470; x_wconf 87' lang='lat' dir='ltr'><strong>Deus</strong></span> <span class='ocrx_word' id='word_1_498' title='bbox 1015 3416 1314 3471; x_wconf 90' lang='lat' dir='ltr'><strong>ostendens</strong></span> <span class='ocrx_word' id='word_1_499' title='bbox 1363 3419 1567 3471; x_wconf 88' lang='lat' dir='ltr'><strong>nullum</strong></span> <span class='ocrx_word' id='word_1_500' title='bbox 1623 3419 1857 3487; x_wconf 88' lang='lat' dir='ltr'><strong>relinqui</strong></span> <span class='ocrx_word' id='word_1_501' title='bbox 1913 3435 2015 3474; x_wconf 90' lang='lat' dir='ltr'><strong>nec</strong></span> 
     </span>
    </p>
   </div>
   <div class='ocr_carea' id='block_1_68' title="bbox 436 3508 2011 3580">
    <p class='ocr_par' dir='ltr' id='par_1_68' title="bbox 436 3508 2011 3580">
     <span class='ocr_line' id='line_1_68' title="bbox 436 3508 2011 3580; baseline 0.002 -18"><span class='ocrx_word' id='word_1_502' title='bbox 436 3515 758 3579; x_wconf 67' lang='lat' dir='ltr'><strong>praetextum</strong></span> <span class='ocrx_word' id='word_1_503' title='bbox 788 3509 854 3560; x_wconf 90' lang='lat' dir='ltr'><strong>ad</strong></span> <span class='ocrx_word' id='word_1_504' title='bbox 883 3508 1390 3573; x_wconf 88' lang='lat' dir='ltr'><strong>contradicendum,</strong></span> <span class='ocrx_word' id='word_1_505' title='bbox 1425 3525 1605 3578; x_wconf 90' lang='lat' dir='ltr'><strong>neque</strong></span> <span class='ocrx_word' id='word_1_506' title='bbox 1630 3522 2011 3580; x_wconf 81' lang='lat' dir='ltr'><strong>argumentum</strong></span> 
     </span>
    </p>
   </div>
   <div class='ocr_carea' id='block_1_69' title="bbox 433 3595 2014 3670">
    <p class='ocr_par' dir='ltr' id='par_1_69' title="bbox 433 3595 2014 3670">
     <span class='ocr_line' id='line_1_69' title="bbox 433 3595 2014 3670; baseline 0.002 -19"><span class='ocrx_word' id='word_1_507' title='bbox 433 3598 499 3652; x_wconf 87' lang='lat' dir='ltr'><strong>ad</strong></span> <span class='ocrx_word' id='word_1_508' title='bbox 531 3611 652 3651; x_wconf 89' lang='lat' dir='ltr'><strong>sese</strong></span> <span class='ocrx_word' id='word_1_509' title='bbox 679 3595 1065 3661; x_wconf 83' lang='lat' dir='ltr'><strong>defendendos,</strong></span> <span class='ocrx_word' id='word_1_510' title='bbox 1100 3611 1197 3666; x_wconf 89' lang='lat' dir='ltr'><strong>per</strong></span> <span class='ocrx_word' id='word_1_511' title='bbox 1226 3597 1569 3654; x_wconf 84' lang='lat' dir='ltr'><strong>Ezechielem</strong></span> <span class='ocrx_word' id='word_1_512' title='bbox 1606 3600 1683 3652; x_wconf 89' lang='lat' dir='ltr'><strong>ait</strong></span> <span class='ocrx_word' id='word_1_513' title='bbox 1711 3618 1724 3652; x_wconf 88' lang='lat'>:</span> <span class='ocrx_word' id='word_1_514' title='bbox 1761 3617 1781 3650; x_wconf 90' lang='lat'><strong>«</strong></span> <span class='ocrx_word' id='word_1_515' title='bbox 1829 3599 1886 3653; x_wconf 93' lang='lat' dir='ltr'><strong>Si</strong></span> <span class='ocrx_word' id='word_1_516' title='bbox 1915 3617 2014 3670; x_wconf 85' lang='lat' dir='ltr'><strong>pa-</strong></span> 
     </span>
    </p>
   </div>
   <div class='ocr_carea' id='block_1_70' title="bbox 435 3690 2018 3762">
    <p class='ocr_par' dir='ltr' id='par_1_70' title="bbox 435 3690 2018 3762">
     <span class='ocr_line' id='line_1_70' title="bbox 435 3690 2018 3762; baseline 0.002 -16"><span class='ocrx_word' id='word_1_517' title='bbox 435 3701 519 3746; x_wconf 90' lang='lat' dir='ltr'><strong>ter</strong></span> <span class='ocrx_word' id='word_1_518' title='bbox 543 3690 655 3762; x_wconf 89' lang='lat'><strong>(97)</strong></span> <span class='ocrx_word' id='word_1_519' title='bbox 682 3705 782 3759; x_wconf 83' lang='lat' dir='ltr'><strong>ego</strong></span> <span class='ocrx_word' id='word_1_520' title='bbox 815 3705 957 3756; x_wconf 89' lang='lat' dir='ltr'><strong>sum,</strong></span> <span class='ocrx_word' id='word_1_521' title='bbox 998 3691 1090 3745; x_wconf 93' lang='lat' dir='ltr'><strong>ubi</strong></span> <span class='ocrx_word' id='word_1_522' title='bbox 1129 3698 1213 3746; x_wconf 85' lang='lat' dir='ltr'><strong>est</strong></span> <span class='ocrx_word' id='word_1_523' title='bbox 1244 3692 1408 3746; x_wconf 89' lang='lat' dir='ltr'><strong>timor</strong></span> <span class='ocrx_word' id='word_1_524' title='bbox 1453 3692 1648 3748; x_wconf 87' lang='lat' dir='ltr'><strong>meus?</strong></span> <span class='ocrx_word' id='word_1_525' title='bbox 1693 3701 1771 3757; x_wconf 90' lang='lat' dir='ltr'><strong>et,</strong></span> <span class='ocrx_word' id='word_1_526' title='bbox 1823 3693 1867 3748; x_wconf 89' lang='lat' dir='ltr'><strong>si</strong></span> <span class='ocrx_word' id='word_1_527' title='bbox 1904 3695 2018 3749; x_wconf 89' lang='lat' dir='ltr'><strong>Do-</strong></span> 
     </span>
    </p>
   </div>
   <div class='ocr_carea' id='block_1_71' title="bbox 432 3785 2018 3856">
    <p class='ocr_par' dir='ltr' id='par_1_71' title="bbox 432 3785 2018 3856">
     <span class='ocr_line' id='line_1_71' title="bbox 432 3785 2018 3856; baseline 0.003 -16"><span class='ocrx_word' id='word_1_528' title='bbox 432 3787 616 3840; x_wconf 90' lang='lat' dir='ltr'><strong>minus</strong></span> <span class='ocrx_word' id='word_1_529' title='bbox 665 3801 765 3853; x_wconf 89' lang='lat' dir='ltr'><strong>ego</strong></span> <span class='ocrx_word' id='word_1_530' title='bbox 814 3799 956 3850; x_wconf 89' lang='lat' dir='ltr'><strong>sum,</strong></span> <span class='ocrx_word' id='word_1_531' title='bbox 991 3785 1082 3839; x_wconf 88' lang='lat' dir='ltr'><strong>ubi</strong></span> <span class='ocrx_word' id='word_1_532' title='bbox 1133 3794 1221 3840; x_wconf 90' lang='lat' dir='ltr'><strong>est</strong></span> <span class='ocrx_word' id='word_1_533' title='bbox 1256 3785 1426 3856; x_wconf 85' lang='lat' dir='ltr'><strong>gloria</strong></span> <span class='ocrx_word' id='word_1_534' title='bbox 1469 3801 1586 3840; x_wconf 88' lang='lat' dir='ltr'><strong>mea</strong></span> <span class='ocrx_word' id='word_1_535' title='bbox 1624 3787 1647 3840; x_wconf 85' lang='lat'><strong>?</strong></span> <span class='ocrx_word' id='word_1_536' title='bbox 1697 3807 1716 3840; x_wconf 75' lang='grc' dir='ltr'><strong>ι</strong></span> <span class='ocrx_word' id='word_1_537' title='bbox 1759 3788 1863 3842; x_wconf 90' lang='lat' dir='ltr'><strong>Sed</strong></span> <span class='ocrx_word' id='word_1_538' title='bbox 1903 3790 2018 3845; x_wconf 65' lang='lat' dir='ltr'><strong>hac</strong></span> 
     </span>
    </p>
   </div>
   <div class='ocr_carea' id='block_1_72' title="bbox 435 3878 2014 3945">
    <p class='ocr_par' dir='ltr' id='par_1_72' title="bbox 435 3878 2014 3945">
     <span class='ocr_line' id='line_1_72' title="bbox 435 3878 2014 3945; baseline 0 -9"><span class='ocrx_word' id='word_1_539' title='bbox 435 3881 720 3936; x_wconf 87' lang='lat' dir='ltr'><strong>hactenus.</strong></span> <span class='ocrx_word' id='word_1_540' title='bbox 756 3879 887 3934; x_wconf 88' lang='lat' dir='ltr'><strong>Illuc</strong></span> <span class='ocrx_word' id='word_1_541' title='bbox 917 3885 1096 3932; x_wconf 86' lang='lat' dir='ltr'><strong>autem</strong></span> <span class='ocrx_word' id='word_1_542' title='bbox 1142 3878 1330 3933; x_wconf 88' lang='lat' dir='ltr'><strong>redeat</strong></span> <span class='ocrx_word' id='word_1_543' title='bbox 1360 3879 1558 3945; x_wconf 88' lang='lat' dir='ltr'><strong>oratio,</strong></span> <span class='ocrx_word' id='word_1_544' title='bbox 1589 3880 1730 3933; x_wconf 88' lang='lat' dir='ltr'><strong>unde</strong></span> <span class='ocrx_word' id='word_1_545' title='bbox 1770 3879 2014 3936; x_wconf 90' lang='lat' dir='ltr'><strong>divertit.</strong></span> 
     </span>
    </p>
   </div>
   <div class='ocr_carea' id='block_1_73' title="bbox 433 3969 2017 4039">
    <p class='ocr_par' dir='ltr' id='par_1_73' title="bbox 433 3969 2017 4039">
     <span class='ocr_line' id='line_1_73' title="bbox 433 3969 2017 4039; baseline 0 -11"><span class='ocrx_word' id='word_1_546' title='bbox 433 3971 726 4028; x_wconf 78' lang='lat' dir='ltr'><strong>Videamus</strong></span> <span class='ocrx_word' id='word_1_547' title='bbox 761 3987 892 4027; x_wconf 89' lang='lat' dir='ltr'><strong>vero</strong></span> <span class='ocrx_word' id='word_1_548' title='bbox 936 3971 1066 4039; x_wconf 89' lang='lat' dir='ltr'><strong>quid</strong></span> <span class='ocrx_word' id='word_1_549' title='bbox 1121 3986 1312 4028; x_wconf 88' lang='lat' dir='ltr'><strong>rursus</strong></span> <span class='ocrx_word' id='word_1_550' title='bbox 1346 3973 1492 4026; x_wconf 89' lang='lat' dir='ltr'><strong>dicat</strong></span> <span class='ocrx_word' id='word_1_551' title='bbox 1541 3969 1743 4026; x_wconf 89' lang='lat' dir='ltr'><strong>Paulus</strong></span> <span class='ocrx_word' id='word_1_552' title='bbox 1777 3975 1843 4028; x_wconf 85' lang='lat' dir='ltr'><strong>ad</strong></span> <span class='ocrx_word' id='word_1_553' title='bbox 1883 3971 2017 4028; x_wconf 85' lang='lat' dir='ltr'><strong>Phi-</strong></span> 
     </span>
    </p>
   </div>
   <div class='ocr_carea' id='block_1_74' title="bbox 431 4060 2012 4135">
    <p class='ocr_par' dir='ltr' id='par_1_74' title="bbox 431 4060 2012 4135">
     <span class='ocr_line' id='line_1_74' title="bbox 431 4060 2012 4135; baseline -0.001 -16"><span class='ocrx_word' id='word_1_554' title='bbox 431 4063 705 4135; x_wconf 89' lang='lat' dir='ltr'><strong>lippenses</strong></span> <span class='ocrx_word' id='word_1_555' title='bbox 753 4061 867 4134; x_wconf 83' lang='lat'><strong>(98)</strong></span> <span class='ocrx_word' id='word_1_556' title='bbox 923 4064 1220 4118; x_wconf 85' lang='lat' dir='ltr'><strong>scribens:</strong></span> <span class='ocrx_word' id='word_1_557' title='bbox 1261 4081 1282 4114; x_wconf 93' lang='lat'><strong>«</strong></span> <span class='ocrx_word' id='word_1_558' title='bbox 1331 4060 1526 4116; x_wconf 81' lang='lat' dir='ltr'><strong>Videte</strong></span> <span class='ocrx_word' id='word_1_559' title='bbox 1580 4061 1692 4132; x_wconf 88' lang='lat'><strong>(99)</strong></span> <span class='ocrx_word' id='word_1_560' title='bbox 1741 4063 2012 4118; x_wconf 83' lang='lat' dir='ltr'><strong>concisio-</strong></span> 
     </span>
    </p>
   </div>
   <div class='ocr_carea' id='block_1_75' title="bbox 433 4155 2015 4225">
    <p class='ocr_par' dir='ltr' id='par_1_75' title="bbox 433 4155 2015 4225">
     <span class='ocr_line' id='line_1_75' title="bbox 433 4155 2015 4225; baseline -0.001 -13"><span class='ocrx_word' id='word_1_561' title='bbox 433 4173 599 4212; x_wconf 87' lang='lat' dir='ltr'><strong>nem:</strong></span> <span class='ocrx_word' id='word_1_562' title='bbox 659 4171 759 4212; x_wconf 89' lang='lat' dir='ltr'><strong>nos</strong></span> <span class='ocrx_word' id='word_1_563' title='bbox 803 4156 947 4212; x_wconf 89' lang='lat' dir='ltr'><strong>enim</strong></span> <span class='ocrx_word' id='word_1_564' title='bbox 1000 4169 1190 4211; x_wconf 86' lang='lat' dir='ltr'><strong>sumus</strong></span> <span class='ocrx_word' id='word_1_565' title='bbox 1232 4155 1600 4219; x_wconf 88' lang='lat' dir='ltr'><strong>circumcisio,</strong></span> <span class='ocrx_word' id='word_1_566' title='bbox 1655 4155 1746 4225; x_wconf 89' lang='lat' dir='ltr'><strong>qui</strong></span> <span class='ocrx_word' id='word_1_567' title='bbox 1789 4156 2015 4223; x_wconf 87' lang='lat' dir='ltr'><strong>Spiritui</strong></span> 
     </span>
    </p>
   </div>
   <div class='ocr_carea' id='block_1_76' title="bbox 431 4247 2018 4324">
    <p class='ocr_par' dir='ltr' id='par_1_76' title="bbox 431 4247 2018 4324">
     <span class='ocr_line' id='line_1_76' title="bbox 431 4247 2018 4324; baseline 0.001 -22"><span class='ocrx_word' id='word_1_568' title='bbox 431 4249 602 4324; x_wconf 67' lang='grc'><strong>246</strong></span> <span class='ocrx_word' id='word_1_569' title='bbox 645 4247 741 4304; x_wconf 90' lang='lat' dir='ltr'><strong>Dei</strong></span> <span class='ocrx_word' id='word_1_570' title='bbox 797 4249 876 4321; x_wconf 72' lang='lat'><strong>(1)</strong></span> <span class='ocrx_word' id='word_1_571' title='bbox 930 4248 1219 4314; x_wconf 87' lang='lat' dir='ltr'><strong>servimus,</strong></span> <span class='ocrx_word' id='word_1_572' title='bbox 1261 4257 1318 4303; x_wconf 89' lang='lat' dir='ltr'><strong>et</strong></span> <span class='ocrx_word' id='word_1_573' title='bbox 1357 4247 1657 4319; x_wconf 85' lang='lat' dir='ltr'><strong>gloriamur</strong></span> <span class='ocrx_word' id='word_1_574' title='bbox 1703 4248 1761 4302; x_wconf 87' lang='lat' dir='ltr'><strong>in</strong></span> <span class='ocrx_word' id='word_1_575' title='bbox 1802 4247 2018 4304; x_wconf 87' lang='lat' dir='ltr'><strong>Christo</strong></span> 
     </span>
    </p>
   </div>
   <div class='ocr_carea' id='block_1_77' title="bbox 505 4423 2009 4500">
    <p class='ocr_par' dir='ltr' id='par_1_77' title="bbox 505 4423 2009 4500">
     <span class='ocr_line' id='line_1_77' title="bbox 505 4423 2009 4500; baseline -0.003 -17"><span class='ocrx_word' id='word_1_576' title='bbox 505 4428 620 4500; x_wconf 85' lang='lat'><strong>(97)</strong></span> <span class='ocrx_word' id='word_1_577' title='bbox 669 4424 730 4482; x_wconf 85' lang='lat' dir='ltr'><strong>Si</strong></span> <span class='ocrx_word' id='word_1_578' title='bbox 755 4437 926 4494; x_wconf 85' lang='lat' dir='ltr'><strong>pater.</strong></span> <span class='ocrx_word' id='word_1_579' title='bbox 955 4424 1072 4482; x_wconf 80' lang='lat' dir='ltr'><strong>Non</strong></span> <span class='ocrx_word' id='word_1_580' title='bbox 1097 4423 1466 4500; x_wconf 81' lang='lat' dir='ltr'><strong>in_Eze_chiel_e</strong></span> <span class='ocrx_word' id='word_1_581' title='bbox 1496 4425 1612 4500; x_wconf 69' lang='lat' dir='ltr'><strong>haec</strong></span> <span class='ocrx_word' id='word_1_582' title='bbox 1640 4433 1879 4487; x_wconf 81' lang='lat' dir='ltr'><strong>exstant,</strong></span> <span class='ocrx_word' id='word_1_583' title='bbox 1902 4423 2009 4500; x_wconf 74' lang='lat' dir='ltr'><strong>sed</strong></span> 
     </span>
    </p>
   </div>
   <div class='ocr_carea' id='block_1_78' title="bbox 2116 3327 3710 3399">
    <p class='ocr_par' dir='ltr' id='par_1_78' title="bbox 2116 3327 3710 3399">
     <span class='ocr_line' id='line_1_78' title="bbox 2116 3327 3710 3399; baseline 0.001 -18"><span class='ocrx_word' id='word_1_584' title='bbox 2116 3327 2212 3382; x_wconf 85' lang='grc' dir='ltr'><strong>τοῦ</strong></span> <span class='ocrx_word' id='word_1_585' title='bbox 2263 3328 2479 3381; x_wconf 83' lang='grc' dir='ltr'>Παύλου</span> <span class='ocrx_word' id='word_1_586' title='bbox 2532 3329 2910 3398; x_wconf 81' lang='grc' dir='ltr'>γεγραφότος·</span> <span class='ocrx_word' id='word_1_587' title='bbox 2967 3349 2984 3379; x_wconf 92' lang='lat'><strong>«</strong></span> <span class='ocrx_word' id='word_1_588' title='bbox 3015 3330 3079 3382; x_wconf 85' lang='lat' dir='ltr'><strong>El.</strong></span> <span class='ocrx_word' id='word_1_589' title='bbox 3129 3329 3186 3382; x_wconf 87' lang='grc' dir='ltr'>δὲ</span> <span class='ocrx_word' id='word_1_590' title='bbox 3225 3329 3290 3382; x_wconf 85' lang='grc' dir='ltr'><strong>τὸ</strong></span> <span class='ocrx_word' id='word_1_591' title='bbox 3339 3329 3563 3399; x_wconf 87' lang='grc' dir='ltr'>Πνεῦμα</span> <span class='ocrx_word' id='word_1_592' title='bbox 3607 3327 3710 3382; x_wconf 77' lang='grc' dir='ltr'><strong>τοῦ</strong></span> 
     </span>
    </p>
   </div>
   <div class='ocr_carea' id='block_1_79' title="bbox 2115 3418 3713 3491">
    <p class='ocr_par' dir='ltr' id='par_1_79' title="bbox 2115 3418 3713 3491">
     <span class='ocr_line' id='line_1_79' title="bbox 2115 3418 3713 3491; baseline 0.001 -18"><span class='ocrx_word' id='word_1_593' title='bbox 2115 3418 2429 3491; x_wconf 76' lang='grc' dir='ltr'>ἐγείραντος</span> <span class='ocrx_word' id='word_1_594' title='bbox 2486 3421 2692 3490; x_wconf 81' lang='grc' dir='ltr'>Ἰησοῦν</span> <span class='ocrx_word' id='word_1_595' title='bbox 2748 3420 2984 3490; x_wconf 82' lang='grc' dir='ltr'>Χριστὸν</span> <span class='ocrx_word' id='word_1_596' title='bbox 3063 3422 3129 3473; x_wconf 83' lang='grc' dir='ltr'>ὲκ</span> <span class='ocrx_word' id='word_1_597' title='bbox 3184 3421 3396 3491; x_wconf 86' lang='grc' dir='ltr'>νεκρῶν</span> <span class='ocrx_word' id='word_1_598' title='bbox 3450 3422 3589 3474; x_wconf 83' lang='grc' dir='ltr'>οἰκεῖ</span> <span class='ocrx_word' id='word_1_599' title='bbox 3647 3421 3713 3475; x_wconf 82' lang='grc' dir='ltr'>ὲν</span> 
     </span>
    </p>
   </div>
   <div class='ocr_carea' id='block_1_80' title="bbox 2117 3512 3711 3584">
    <p class='ocr_par' dir='ltr' id='par_1_80' title="bbox 2117 3512 3711 3584">
     <span class='ocr_line' id='line_1_80' title="bbox 2117 3512 3711 3584; baseline 0.001 -19"><span class='ocrx_word' id='word_1_600' title='bbox 2117 3513 2285 3584; x_wconf 81' lang='grc' dir='ltr'>ὑμῖν·</span> <span class='ocrx_word' id='word_1_601' title='bbox 2317 3515 2346 3566; x_wconf 94' lang='lat'><strong>6</strong></span> <span class='ocrx_word' id='word_1_602' title='bbox 2394 3513 2619 3583; x_wconf 79' lang='grc' dir='ltr'>ἐγείρας</span> <span class='ocrx_word' id='word_1_603' title='bbox 2675 3512 2911 3584; x_wconf 79' lang='grc' dir='ltr'>Χριστὸν</span> <span class='ocrx_word' id='word_1_604' title='bbox 2953 3512 3158 3584; x_wconf 79' lang='grc' dir='ltr'>Ἰησοῦν</span> <span class='ocrx_word' id='word_1_605' title='bbox 3207 3515 3273 3567; x_wconf 79' lang='grc' dir='ltr'>ἐκ</span> <span class='ocrx_word' id='word_1_606' title='bbox 3314 3513 3524 3583; x_wconf 69' lang='grc' dir='ltr'>νεκρῶν</span> <span class='ocrx_word' id='word_1_607' title='bbox 3568 3513 3711 3577; x_wconf 79' lang='grc' dir='ltr'><strong>ζωο-</strong></span> 
     </span>
    </p>
   </div>
   <div class='ocr_carea' id='block_1_81' title="bbox 2115 3602 3711 3674">
    <p class='ocr_par' dir='ltr' id='par_1_81' title="bbox 2115 3602 3711 3674">
     <span class='ocr_line' id='line_1_81' title="bbox 2115 3602 3711 3674; baseline 0.001 -19"><span class='ocrx_word' id='word_1_608' title='bbox 2115 3605 2330 3674; x_wconf 87' lang='grc' dir='ltr'>ποιήσει</span> <span class='ocrx_word' id='word_1_609' title='bbox 2369 3607 2463 3657; x_wconf 85' lang='grc' dir='ltr'>κα¹ι</span> <span class='ocrx_word' id='word_1_610' title='bbox 2486 3604 2554 3657; x_wconf 83' lang='grc' dir='ltr'><strong>τά</strong></span> <span class='ocrx_word' id='word_1_611' title='bbox 2601 3603 2770 3674; x_wconf 81' lang='grc' dir='ltr'>θνητὰ</span> <span class='ocrx_word' id='word_1_612' title='bbox 2804 3602 2957 3674; x_wconf 86' lang='grc' dir='ltr'>ὑμῶν</span> <span class='ocrx_word' id='word_1_613' title='bbox 3004 3603 3254 3672; x_wconf 82' lang='grc' dir='ltr'>σώματα,</span> <span class='ocrx_word' id='word_1_614' title='bbox 3293 3604 3381 3658; x_wconf 85' lang='grc' dir='ltr'>διὰ</span> <span class='ocrx_word' id='word_1_615' title='bbox 3413 3602 3508 3658; x_wconf 88' lang='grc' dir='ltr'><strong>τοῦ</strong></span> <span class='ocrx_word' id='word_1_616' title='bbox 3561 3605 3711 3657; x_wconf 74' lang='grc' dir='ltr'>ένοι-</span> 
     </span>
    </p>
   </div>
   <div class='ocr_carea' id='block_1_82' title="bbox 2119 3695 3712 3767">
    <p class='ocr_par' dir='ltr' id='par_1_82' title="bbox 2119 3695 3712 3767">
     <span class='ocr_line' id='line_1_82' title="bbox 2119 3695 3712 3767; baseline 0 -18"><span class='ocrx_word' id='word_1_617' title='bbox 2119 3695 2343 3759; x_wconf 86' lang='grc' dir='ltr'>κοῦντος</span> <span class='ocrx_word' id='word_1_618' title='bbox 2374 3695 2539 3748; x_wconf 84' lang='grc' dir='ltr'>αὐτοῦ</span> <span class='ocrx_word' id='word_1_619' title='bbox 2593 3695 2913 3766; x_wconf 84' lang='grc' dir='ltr'>Πνεύματος</span> <span class='ocrx_word' id='word_1_620' title='bbox 2959 3697 3016 3749; x_wconf 86' lang='grc' dir='ltr'>ὲν</span> <span class='ocrx_word' id='word_1_621' title='bbox 3067 3697 3228 3767; x_wconf 83' lang='grc' dir='ltr'>ὑμῖν·</span> <span class='ocrx_word' id='word_1_622' title='bbox 3253 3715 3272 3747; x_wconf 81' lang='grc' dir='ltr'><strong>ι</strong></span> <span class='ocrx_word' id='word_1_623' title='bbox 3319 3699 3517 3749; x_wconf 74' lang='grc' dir='ltr'>ἐκεῖνοι</span> <span class='ocrx_word' id='word_1_624' title='bbox 3551 3696 3712 3749; x_wconf 84' lang='grc' dir='ltr'>ὲναλ-</span> 
     </span>
    </p>
   </div>
   <div class='ocr_carea' id='block_1_83' title="bbox 2118 3787 3712 3860">
    <p class='ocr_par' dir='ltr' id='par_1_83' title="bbox 2118 3787 3712 3860">
     <span class='ocr_line' id='line_1_83' title="bbox 2118 3787 3712 3860; baseline 0 -19"><span class='ocrx_word' id='word_1_625' title='bbox 2118 3787 2378 3853; x_wconf 81' lang='grc' dir='ltr'>λάξαντες</span> <span class='ocrx_word' id='word_1_626' title='bbox 2421 3788 2718 3859; x_wconf 74' lang='grc' dir='ltr'>ἐποίησαν·</span> <span class='ocrx_word' id='word_1_627' title='bbox 2759 3789 2858 3842; x_wconf 79' lang='grc' dir='ltr'><strong>Διὰ</strong></span> <span class='ocrx_word' id='word_1_628' title='bbox 2885 3789 2946 3841; x_wconf 84' lang='grc' dir='ltr'><strong>τὸ</strong></span> <span class='ocrx_word' id='word_1_629' title='bbox 2989 3788 3232 3843; x_wconf 75' lang='grc' dir='ltr'>ἐνοικοῦν</span> <span class='ocrx_word' id='word_1_630' title='bbox 3270 3789 3435 3842; x_wconf 79' lang='grc' dir='ltr'>αὐτοῦ</span> <span class='ocrx_word' id='word_1_631' title='bbox 3479 3788 3712 3860; x_wconf 80' lang='grc' dir='ltr'>Πνεῦμα</span> 
     </span>
    </p>
   </div>
   <div class='ocr_carea' id='block_1_84' title="bbox 2118 3879 3712 3952">
    <p class='ocr_par' dir='ltr' id='par_1_84' title="bbox 2118 3879 3712 3952">
     <span class='ocr_line' id='line_1_84' title="bbox 2118 3879 3712 3952; baseline -0.003 -18"><span class='ocrx_word' id='word_1_632' title='bbox 2118 3883 2177 3934; x_wconf 82' lang='grc' dir='ltr'>ὲν</span> <span class='ocrx_word' id='word_1_633' title='bbox 2214 3881 2373 3952; x_wconf 81' lang='grc' dir='ltr'>ὑμῖν·</span> <span class='ocrx_word' id='word_1_634' title='bbox 2421 3880 2508 3933; x_wconf 82' lang='grc' dir='ltr'>ἵνα</span> <span class='ocrx_word' id='word_1_635' title='bbox 2563 3880 2640 3951; x_wconf 80' lang='grc' dir='ltr'>μὴ</span> <span class='ocrx_word' id='word_1_636' title='bbox 2688 3879 2950 3945; x_wconf 72' lang='grc' dir='ltr'>ζωοποιδν</span> <span class='ocrx_word' id='word_1_637' title='bbox 2992 3881 3088 3933; x_wconf 78' lang='grc' dir='ltr'>καὶ</span> <span class='ocrx_word' id='word_1_638' title='bbox 3127 3880 3456 3951; x_wconf 84' lang='grc' dir='ltr'>δημιουργὸν</span> <span class='ocrx_word' id='word_1_639' title='bbox 3495 3879 3712 3932; x_wconf 79' lang='grc' dir='ltr'>δείκνυ.</span> 
     </span>
    </p>
   </div>
   <div class='ocr_carea' id='block_1_85' title="bbox 2118 3971 3705 4043">
    <p class='ocr_par' dir='ltr' id='par_1_85' title="bbox 2118 3971 3705 4043">
     <span class='ocr_line' id='line_1_85' title="bbox 2118 3971 3705 4043; baseline -0.001 -18"><span class='ocrx_word' id='word_1_640' title='bbox 2118 3989 2232 4026; x_wconf 88' lang='grc' dir='ltr'>ται.</span> <span class='ocrx_word' id='word_1_641' title='bbox 2296 3973 2406 4025; x_wconf 71' lang='grc' dir='ltr'><strong>Καὶ</strong></span> <span class='ocrx_word' id='word_1_642' title='bbox 2445 3971 2743 4041; x_wconf 85' lang='grc' dir='ltr'>Ῥωμαίοις</span> <span class='ocrx_word' id='word_1_643' title='bbox 2812 3971 3126 4043; x_wconf 79' lang='grc' dir='ltr'>γράψαντος</span> <span class='ocrx_word' id='word_1_644' title='bbox 3195 3971 3394 4025; x_wconf 83' lang='grc' dir='ltr'>αὐτοῦ·</span> <span class='ocrx_word' id='word_1_645' title='bbox 3454 3971 3578 4024; x_wconf 76' lang='lat' dir='ltr'><strong>«&quot;H</strong></span> <span class='ocrx_word' id='word_1_646' title='bbox 3641 3988 3705 4024; x_wconf 85' lang='grc' dir='ltr'><strong>τε</strong></span> 
     </span>
    </p>
   </div>
   <div class='ocr_carea' id='block_1_86' title="bbox 2120 4060 3708 4133">
    <p class='ocr_par' dir='ltr' id='par_1_86' title="bbox 2120 4060 3708 4133">
     <span class='ocr_line' id='line_1_86' title="bbox 2120 4060 3708 4133; baseline -0.003 -17"><span class='ocrx_word' id='word_1_647' title='bbox 2120 4063 2290 4124; x_wconf 79' lang='grc' dir='ltr'>ἀΐδιος</span> <span class='ocrx_word' id='word_1_648' title='bbox 2328 4060 2492 4116; x_wconf 82' lang='grc' dir='ltr'>αὐτοῦ</span> <span class='ocrx_word' id='word_1_649' title='bbox 2540 4061 2768 4132; x_wconf 83' lang='grc' dir='ltr'>δύναμις</span> <span class='ocrx_word' id='word_1_650' title='bbox 2800 4061 2895 4116; x_wconf 82' lang='grc' dir='ltr'>καὶ</span> <span class='ocrx_word' id='word_1_651' title='bbox 2939 4061 3186 4133; x_wconf 87' lang='grc' dir='ltr'>θειότης·</span> <span class='ocrx_word' id='word_1_652' title='bbox 3215 4079 3233 4112; x_wconf 75' lang='grc' dir='ltr'><strong>ι</strong></span> <span class='ocrx_word' id='word_1_653' title='bbox 3278 4063 3474 4114; x_wconf 75' lang='grc' dir='ltr'>ἐκεῖνοι</span> <span class='ocrx_word' id='word_1_654' title='bbox 3513 4061 3708 4132; x_wconf 70' lang='grc' dir='ltr'>ἐποίη-</span> 
     </span>
    </p>
   </div>
   <div class='ocr_carea' id='block_1_87' title="bbox 2122 4150 3708 4224">
    <p class='ocr_par' dir='ltr' id='par_1_87' title="bbox 2122 4150 3708 4224">
     <span class='ocr_line' id='line_1_87' title="bbox 2122 4150 3708 4224; baseline -0.003 -14"><span class='ocrx_word' id='word_1_655' title='bbox 2122 4172 2243 4220; x_wconf 88' lang='grc' dir='ltr'>σαν,</span> <span class='ocrx_word' id='word_1_656' title='bbox 2279 4155 2504 4224; x_wconf 87' lang='grc' dir='ltr'>θεότης·</span> <span class='ocrx_word' id='word_1_657' title='bbox 2551 4154 2700 4207; x_wconf 78' lang='grc' dir='ltr'>ἔστιν</span> <span class='ocrx_word' id='word_1_658' title='bbox 2742 4153 2800 4207; x_wconf 78' lang='grc' dir='ltr'>δὲ</span> <span class='ocrx_word' id='word_1_659' title='bbox 2847 4153 2909 4206; x_wconf 83' lang='grc' dir='ltr'><strong>τὸ</strong></span> <span class='ocrx_word' id='word_1_660' title='bbox 2953 4152 3114 4206; x_wconf 80' lang='grc' dir='ltr'>αὐτό·</span> <span class='ocrx_word' id='word_1_661' title='bbox 3165 4151 3278 4206; x_wconf 79' lang='grc' dir='ltr'>ἀλλ’</span> <span class='ocrx_word' id='word_1_662' title='bbox 3303 4153 3451 4222; x_wconf 82' lang='grc' dir='ltr'>ὅμως</span> <span class='ocrx_word' id='word_1_663' title='bbox 3503 4150 3591 4204; x_wconf 81' lang='grc' dir='ltr'><strong>διὰ</strong></span> <span class='ocrx_word' id='word_1_664' title='bbox 3642 4150 3708 4205; x_wconf 80' lang='grc' dir='ltr'><strong>τὸ</strong></span> 
     </span>
    </p>
   </div>
   <div class='ocr_carea' id='block_1_88' title="bbox 2125 4242 3708 4317">
    <p class='ocr_par' dir='ltr' id='par_1_88' title="bbox 2125 4242 3708 4317">
     <span class='ocr_line' id='line_1_88' title="bbox 2125 4242 3708 4317; baseline -0.004 -17"><span class='ocrx_word' id='word_1_665' title='bbox 2125 4246 2442 4301; x_wconf 86' lang='grc' dir='ltr'>στενοῦσθαι</span> <span class='ocrx_word' id='word_1_666' title='bbox 2485 4247 2587 4310; x_wconf 83' lang='grc' dir='ltr'>τὰς</span> <span class='ocrx_word' id='word_1_667' title='bbox 2626 4245 2882 4317; x_wconf 76' lang='grc' dir='ltr'>περὶτοῦ</span> <span class='ocrx_word' id='word_1_668' title='bbox 2938 4243 3336 4315; x_wconf 85' lang='grc' dir='ltr'>μεγαλωνύμου</span> <span class='ocrx_word' id='word_1_669' title='bbox 3385 4242 3708 4313; x_wconf 80' lang='grc' dir='ltr'>Πνεύματος</span> 
     </span>
    </p>
   </div>
   <div class='ocr_carea' id='block_1_89' title="bbox 2121 4422 3706 4492">
    <p class='ocr_par' dir='ltr' id='par_1_89' title="bbox 2121 4422 3706 4492">
     <span class='ocr_line' id='line_1_89' title="bbox 2121 4422 3706 4492; baseline 0 -15"><span class='ocrx_word' id='word_1_670' title='bbox 2121 4424 2298 4478; x_wconf 69' lang='lat' dir='ltr'><strong>noniae</strong></span> <span class='ocrx_word' id='word_1_671' title='bbox 2355 4423 2646 4492; x_wconf 79' lang='lat' dir='ltr'><strong>Evangelia</strong></span> <span class='ocrx_word' id='word_1_672' title='bbox 2689 4439 2752 4478; x_wconf 90' lang='lat' dir='ltr'><strong>ac</strong></span> <span class='ocrx_word' id='word_1_673' title='bbox 2787 4423 2940 4477; x_wconf 89' lang='lat' dir='ltr'><strong>Pauli</strong></span> <span class='ocrx_word' id='word_1_674' title='bbox 2993 4423 3264 4491; x_wconf 81' lang='lat' dir='ltr'><strong>Epistolas</strong></span> <span class='ocrx_word' id='word_1_675' title='bbox 3308 4422 3612 4482; x_wconf 84' lang='lat' dir='ltr'><strong>continens.</strong></span> <span class='ocrx_word' id='word_1_676' title='bbox 3645 4431 3706 4477; x_wconf 87' lang='lat' dir='ltr'><strong>et</strong></span> 
     </span>
    </p>
   </div>
   <div class='ocr_carea' id='block_1_90' title="bbox 433 4492 3704 4567">
    <p class='ocr_par' dir='ltr' id='par_1_90' title="bbox 433 4492 3704 4567">
     <span class='ocr_line' id='line_1_90' title="bbox 433 4492 3704 4567; baseline -0.003 -13"><span class='ocrx_word' id='word_1_677' title='bbox 433 4492 664 4554; x_wconf 76' lang='lat' dir='ltr'><strong>Malach.</strong></span> <span class='ocrx_word' id='word_1_678' title='bbox 705 4492 825 4567; x_wconf 82' lang='lat' dir='ltr'><strong>cap.</strong></span> <span class='ocrx_word' id='word_1_679' title='bbox 864 4513 903 4562; x_wconf 91' lang='grc' dir='ltr'><strong>ι,</strong></span> <span class='ocrx_word' id='word_1_680' title='bbox 946 4511 1089 4552; x_wconf 86' lang='lat' dir='ltr'><strong>vers.</strong></span> <span class='ocrx_word' id='word_1_681' title='bbox 1141 4495 1199 4560; x_wconf 87' lang='grc'>6,</span> <span class='ocrx_word' id='word_1_682' title='bbox 1245 4495 1334 4567; x_wconf 73' lang='lat' dir='ltr'><strong>ubi</strong></span> <span class='ocrx_word' id='word_1_683' title='bbox 1362 4498 1531 4567; x_wconf 74' lang='lat' dir='ltr'><strong>etiam</strong></span> <span class='ocrx_word' id='word_1_684' title='bbox 1571 4495 1788 4549; x_wconf 85' lang='lat' dir='ltr'><strong>inverso</strong></span> <span class='ocrx_word' id='word_1_685' title='bbox 1809 4495 2011 4567; x_wconf 72' lang='lat' dir='ltr'><strong>ordine</strong></span> <span class='ocrx_word' id='word_1_686' title='bbox 2044 4555 2080 4567; x_wconf 69' lang='lat'><strong>__</strong></span> <span class='ocrx_word' id='word_1_687' title='bbox 2116 4495 2432 4567; x_wconf 52' lang='lat' dir='ltr'><strong>steculoau</strong></span> <span class='ocrx_word' id='word_1_688' title='bbox 2472 4494 2734 4567; x_wconf 73' lang='lat' dir='ltr'><strong>scriptus,</strong></span> <span class='ocrx_word' id='word_1_689' title='bbox 2768 4505 2890 4567; x_wconf 73' lang='lat' dir='ltr'><strong>tres</strong></span> <span class='ocrx_word' id='word_1_690' title='bbox 2938 4497 3068 4567; x_wconf 81' lang='lat' dir='ltr'><strong>item</strong></span> <span class='ocrx_word' id='word_1_691' title='bbox 3092 4495 3320 4567; x_wconf 67' lang='lat' dir='ltr'><strong>codices</strong></span> <span class='ocrx_word' id='word_1_692' title='bbox 3356 4492 3704 4567; x_wconf 80' lang='lat' dir='ltr'><strong>in_ma_rgine</strong></span> 
     </span>
    </p>
   </div>
   <div class='ocr_carea' id='block_1_91' title="bbox 433 4555 2014 4639">
    <p class='ocr_par' dir='ltr' id='par_1_91' title="bbox 433 4555 2009 4639">
     <span class='ocr_line' id='line_1_91' title="bbox 433 4555 2009 4639; baseline -0.005 -15"><span class='ocrx_word' id='word_1_693' title='bbox 433 4555 945 4639; x_wconf 14' lang='lat' dir='ltr'><strong>legunturgin&#39;hunc</strong></span> <span class='ocrx_word' id='word_1_694' title='bbox 984 4555 1249 4639; x_wconf 38' lang='lat' dir='ltr'><strong>modum:</strong></span> <span class='ocrx_word' id='word_1_695' title='bbox 1273 4566 1337 4639; x_wconf 82' lang='lat' dir='ltr'><strong>El</strong></span> <span class='ocrx_word' id='word_1_696' title='bbox 1360 4566 1553 4639; x_wconf 76' lang='grc' dir='ltr'>Πατήρ</span> <span class='ocrx_word' id='word_1_697' title='bbox 1583 4567 1702 4639; x_wconf 79' lang='grc' dir='ltr'>ειμι</span> <span class='ocrx_word' id='word_1_698' title='bbox 1732 4562 1882 4639; x_wconf 55' lang='lat' dir='ltr'><strong>syth,</strong></span> <span class='ocrx_word' id='word_1_699' title='bbox 1907 4563 2009 4616; x_wconf 91' lang='grc' dir='ltr'><strong>ποῦ</strong></span> 
     </span>
    </p>
   </div>
   <div class='ocr_carea' id='block_1_92' title="bbox 2118 4555 3701 4639">
    <p class='ocr_par' dir='ltr' id='par_1_92' title="bbox 2118 4555 3701 4639">
     <span class='ocr_line' id='line_1_92' title="bbox 2118 4555 3701 4639; baseline 0.001 -23"><span class='ocrx_word' id='word_1_700' title='bbox 2118 4555 2599 4639; x_wconf 53' lang='lat' dir='ltr'><strong>liralicoi&#39;urtensis&#39;</strong></span> <span class='ocrx_word' id='word_1_701' title='bbox 2652 4555 2906 4618; x_wconf 83' lang='lat' dir='ltr'><strong>editionis</strong></span> <span class='ocrx_word' id='word_1_702' title='bbox 2957 4563 3105 4616; x_wconf 88' lang='lat' dir='ltr'><strong>citati</strong></span> <span class='ocrx_word' id='word_1_703' title='bbox 3158 4564 3356 4639; x_wconf 64' lang='lat' dir='ltr'><strong>habent</strong></span> <span class='ocrx_word' id='word_1_704' title='bbox 3420 4555 3701 4639; x_wconf 64' lang='grc' dir='ltr'>Πνεῦματι</span> 
     </span>
    </p>
   </div>
   <div class='ocr_carea' id='block_1_93' title="bbox 435 4635 2019 4708">
    <p class='ocr_par' dir='ltr' id='par_1_93' title="bbox 435 4635 2019 4708">
     <span class='ocr_line' id='line_1_93' title="bbox 435 4635 2019 4708; baseline -0.004 -16"><span class='ocrx_word' id='word_1_705' title='bbox 435 4635 593 4708; x_wconf 65' lang='grc' dir='ltr'>ἐστιν</span> <span class='ocrx_word' id='word_1_706' title='bbox 613 4638 647 4708; x_wconf 85' lang='grc' dir='ltr'>ὴ</span> <span class='ocrx_word' id='word_1_707' title='bbox 680 4635 804 4702; x_wconf 83' lang='grc' dir='ltr'>δόξα</span> <span class='ocrx_word' id='word_1_708' title='bbox 839 4651 976 4708; x_wconf 78' lang='grc' dir='ltr'>μου;</span> <span class='ocrx_word' id='word_1_709' title='bbox 1011 4636 1106 4689; x_wconf 79' lang='grc' dir='ltr'><strong>καὶ</strong></span> <span class='ocrx_word' id='word_1_710' title='bbox 1130 4638 1178 4689; x_wconf 83' lang='grc' dir='ltr'><strong>εί</strong></span> <span class='ocrx_word' id='word_1_711' title='bbox 1206 4636 1410 4706; x_wconf 85' lang='grc' dir='ltr'>Κύριός</span> <span class='ocrx_word' id='word_1_712' title='bbox 1437 4635 1551 4706; x_wconf 75' lang='grc' dir='ltr'>εἰμι</span> <span class='ocrx_word' id='word_1_713' title='bbox 1579 4635 1714 4704; x_wconf 76' lang='grc' dir='ltr'>ἐγὼ,</span> <span class='ocrx_word' id='word_1_714' title='bbox 1745 4635 1849 4708; x_wconf 87' lang='grc' dir='ltr'><strong>ποῦ</strong></span> <span class='ocrx_word' id='word_1_715' title='bbox 1870 4637 2019 4708; x_wconf 70' lang='grc' dir='ltr'>εστιν</span> 
     </span>
    </p>
   </div>
   <div class='ocr_carea' id='block_1_94' title="bbox 433 4707 2020 4778">
    <p class='ocr_par' dir='ltr' id='par_1_94' title="bbox 433 4707 2020 4778">
     <span class='ocr_line' id='line_1_94' title="bbox 433 4707 2020 4778; baseline -0.004 -15"><span class='ocrx_word' id='word_1_716' title='bbox 433 4711 466 4763; x_wconf 90' lang='lat'><strong>6</strong></span> <span class='ocrx_word' id='word_1_717' title='bbox 498 4707 660 4778; x_wconf 79' lang='grc' dir='ltr'>φόϐος</span> <span class='ocrx_word' id='word_1_718' title='bbox 689 4724 790 4777; x_wconf 88' lang='grc' dir='ltr'><strong>μου</strong></span> <span class='ocrx_word' id='word_1_719' title='bbox 815 4707 923 4774; x_wconf 59' lang='grc' dir='ltr'>;“ιιι</span> <span class='ocrx_word' id='word_1_720' title='bbox 946 4718 1030 4778; x_wconf 72' lang='lat' dir='ltr'><strong>est</strong></span> <span class='ocrx_word' id='word_1_721' title='bbox 1061 4725 1075 4760; x_wconf 93' lang='lat'><strong>:</strong></span> <span class='ocrx_word' id='word_1_722' title='bbox 1125 4724 1145 4758; x_wconf 94' lang='lat'><strong>«</strong></span> <span class='ocrx_word' id='word_1_723' title='bbox 1171 4708 1227 4760; x_wconf 82' lang='lat' dir='ltr'><strong>Si</strong></span> <span class='ocrx_word' id='word_1_724' title='bbox 1273 4716 1427 4776; x_wconf 87' lang='lat' dir='ltr'><strong>pater</strong></span> <span class='ocrx_word' id='word_1_725' title='bbox 1467 4722 1587 4760; x_wconf 89' lang='lat' dir='ltr'><strong>sum</strong></span> <span class='ocrx_word' id='word_1_726' title='bbox 1619 4721 1742 4773; x_wconf 82' lang='lat' dir='ltr'><strong>ego,</strong></span> <span class='ocrx_word' id='word_1_727' title='bbox 1802 4707 1892 4778; x_wconf 87' lang='lat' dir='ltr'><strong>ubi</strong></span> <span class='ocrx_word' id='word_1_728' title='bbox 1936 4713 2020 4758; x_wconf 90' lang='lat' dir='ltr'><strong>est</strong></span> 
     </span>
    </p>
   </div>
   <div class='ocr_carea' id='block_1_95' title="bbox 439 4775 2019 4849">
    <p class='ocr_par' dir='ltr' id='par_1_95' title="bbox 439 4775 2019 4849">
     <span class='ocr_line' id='line_1_95' title="bbox 439 4775 2019 4849; baseline -0.003 -18"><span class='ocrx_word' id='word_1_729' title='bbox 439 4775 794 4849; x_wconf 73' lang='lat' dir='ltr'><strong>gloriaman</strong></span> <span class='ocrx_word' id='word_1_730' title='bbox 832 4784 887 4831; x_wconf 95' lang='grc' dir='ltr'><strong>ει</strong></span> <span class='ocrx_word' id='word_1_731' title='bbox 909 4778 964 4849; x_wconf 89' lang='lat' dir='ltr'><strong>_si</strong></span> <span class='ocrx_word' id='word_1_732' title='bbox 1005 4775 1428 4849; x_wconf 76' lang='lat' dir='ltr'><strong>Dominussum</strong></span> <span class='ocrx_word' id='word_1_733' title='bbox 1461 4791 1580 4849; x_wconf 81' lang='lat' dir='ltr'><strong>ego,</strong></span> <span class='ocrx_word' id='word_1_734' title='bbox 1623 4777 1712 4830; x_wconf 87' lang='lat' dir='ltr'><strong>ubi</strong></span> <span class='ocrx_word' id='word_1_735' title='bbox 1744 4784 1830 4831; x_wconf 88' lang='lat' dir='ltr'><strong>est</strong></span> <span class='ocrx_word' id='word_1_736' title='bbox 1857 4775 2019 4849; x_wconf 71' lang='lat' dir='ltr'><strong>timor</strong></span> 
     </span>
    </p>
   </div>
   <div class='ocr_carea' id='block_1_96' title="bbox 440 4843 2019 4915">
    <p class='ocr_par' dir='ltr' id='par_1_96' title="bbox 440 4843 2019 4915">
     <span class='ocr_line' id='line_1_96' title="bbox 440 4843 2019 4915; baseline -0.003 -13"><span class='ocrx_word' id='word_1_737' title='bbox 440 4843 636 4902; x_wconf 74' lang='lat' dir='ltr'><strong>meus?</strong></span> <span class='ocrx_word' id='word_1_738' title='bbox 662 4865 679 4896; x_wconf 77' lang='grc' dir='ltr'><strong>ι</strong></span> <span class='ocrx_word' id='word_1_739' title='bbox 718 4859 878 4915; x_wconf 86' lang='lat' dir='ltr'><strong>atque</strong></span> <span class='ocrx_word' id='word_1_740' title='bbox 907 4847 984 4901; x_wconf 90' lang='lat' dir='ltr'><strong>ita</strong></span> <span class='ocrx_word' id='word_1_741' title='bbox 1027 4849 1248 4901; x_wconf 91' lang='lat' dir='ltr'><strong>omnino</strong></span> <span class='ocrx_word' id='word_1_742' title='bbox 1295 4843 1577 4914; x_wconf 79' lang='lat' dir='ltr'><strong>legendum</strong></span> <span class='ocrx_word' id='word_1_743' title='bbox 1618 4856 1706 4901; x_wconf 84' lang='lat' dir='ltr'><strong>est</strong></span> <span class='ocrx_word' id='word_1_744' title='bbox 1744 4861 1868 4901; x_wconf 90' lang='lat' dir='ltr'><strong>cum</strong></span> <span class='ocrx_word' id='word_1_745' title='bbox 1913 4843 2019 4898; x_wconf 85' lang='lat' dir='ltr'><strong>He-</strong></span> 
     </span>
    </p>
   </div>
   <div class='ocr_carea' id='block_1_97' title="bbox 438 4916 2020 4989">
    <p class='ocr_par' dir='ltr' id='par_1_97' title="bbox 438 4916 2020 4989">
     <span class='ocr_line' id='line_1_97' title="bbox 438 4916 2020 4989; baseline -0.002 -16"><span class='ocrx_word' id='word_1_746' title='bbox 438 4919 586 4974; x_wconf 80' lang='lat' dir='ltr'><strong>braeo</strong></span> <span class='ocrx_word' id='word_1_747' title='bbox 627 4927 796 4982; x_wconf 84' lang='lat' dir='ltr'><strong>textu,</strong></span> <span class='ocrx_word' id='word_1_748' title='bbox 834 4933 959 4971; x_wconf 90' lang='lat' dir='ltr'><strong>cum</strong></span> <span class='ocrx_word' id='word_1_749' title='bbox 996 4916 1245 4989; x_wconf 83' lang='lat' dir='ltr'><strong>Vulgata,</strong></span> <span class='ocrx_word' id='word_1_750' title='bbox 1280 4917 1508 4985; x_wconf 84' lang='lat' dir='ltr'><strong>aliisque</strong></span> <span class='ocrx_word' id='word_1_751' title='bbox 1544 4917 1797 4973; x_wconf 89' lang='lat' dir='ltr'><strong>omnibus</strong></span> <span class='ocrx_word' id='word_1_752' title='bbox 1826 4916 2020 4971; x_wconf 86' lang='lat' dir='ltr'><strong>editio-</strong></span> 
     </span>
    </p>
   </div>
   <div class='ocr_carea' id='block_1_98' title="bbox 439 4989 842 5041">
    <p class='ocr_par' dir='ltr' id='par_1_98' title="bbox 439 4989 842 5041">
     <span class='ocr_line' id='line_1_98' title="bbox 439 4989 842 5041; baseline -0.017 0"><span class='ocrx_word' id='word_1_753' title='bbox 439 4989 620 5041; x_wconf 84' lang='lat' dir='ltr'><strong>nibus.</strong></span> <span class='ocrx_word' id='word_1_754' title='bbox 835 5027 842 5034; x_wconf 94' lang='lat'><strong>.</strong></span> 
     </span>
    </p>
   </div>
   <div class='ocr_carea' id='block_1_99' title="bbox 437 5052 2019 5180">
    <p class='ocr_par' dir='ltr' id='par_1_99' title="bbox 437 5052 2019 5180">
     <span class='ocr_line' id='line_1_99' title="bbox 511 5052 2019 5128; baseline -0.002 -17"><span class='ocrx_word' id='word_1_755' title='bbox 511 5056 622 5128; x_wconf 85' lang='lat'><strong>(98)</strong></span> <span class='ocrx_word' id='word_1_756' title='bbox 661 5055 743 5107; x_wconf 79' lang='lat' dir='ltr'><strong>Ad</strong></span> <span class='ocrx_word' id='word_1_757' title='bbox 793 5052 1171 5124; x_wconf 73' lang='lat' dir='ltr'><strong>Pliilippemer.</strong></span> <span class='ocrx_word' id='word_1_758' title='bbox 1226 5056 1428 5118; x_wconf 87' lang='lat' dir='ltr'><strong>Codex,</strong></span> <span class='ocrx_word' id='word_1_759' title='bbox 1482 5055 1847 5120; x_wconf 83' lang='grc' dir='ltr'>Φιλιππισίοις</span> <span class='ocrx_word' id='word_1_760' title='bbox 1921 5069 2019 5125; x_wconf 89' lang='lat' dir='ltr'><strong>pro</strong></span> 
     </span>
     <span class='ocr_line' id='line_1_100' title="bbox 437 5126 840 5180; baseline -0.005 0"><span class='ocrx_word' id='word_1_761' title='bbox 437 5126 840 5180; x_wconf 74' lang='grc' dir='ltr'>Φιλιππησίοις.</span> 
     </span>
    </p>
   </div>
   <div class='ocr_carea' id='block_1_100' title="bbox 487 5139 840 5188">
    <p class='ocr_par' dir='ltr' id='par_1_100' title="bbox 487 5139 840 5188">
     <span class='ocr_line' id='line_1_101' title="bbox 487 5139 840 5188; baseline -0.003 -9"><span class='ocrx_word' id='word_1_762' title='bbox 487 5139 840 5188; x_wconf 75' lang='grc' dir='ltr'>ιλιππησιοις.</span> 
     </span>
    </p>
   </div>
   <div class='ocr_carea' id='block_1_101' title="bbox 514 5195 1412 5268">
    <p class='ocr_par' dir='ltr' id='par_1_101' title="bbox 514 5195 1412 5268">
     <span class='ocr_line' id='line_1_102' title="bbox 514 5195 1412 5268; baseline 0.001 -20"><span class='ocrx_word' id='word_1_763' title='bbox 514 5196 628 5268; x_wconf 78' lang='lat'><strong>(99)</strong></span> <span class='ocrx_word' id='word_1_764' title='bbox 647 5195 862 5268; x_wconf 56' lang='lat' dir='ltr'><strong>Videte.</strong></span> <span class='ocrx_word' id='word_1_765' title='bbox 896 5195 1126 5268; x_wconf 65' lang='lat' dir='ltr'><strong>Philipp.</strong></span> <span class='ocrx_word' id='word_1_766' title='bbox 1165 5213 1246 5268; x_wconf 86' lang='grc' dir='ltr'>ιιι,</span> <span class='ocrx_word' id='word_1_767' title='bbox 1276 5197 1331 5257; x_wconf 71' lang='lat'><strong>2,</strong></span> <span class='ocrx_word' id='word_1_768' title='bbox 1360 5195 1412 5249; x_wconf 80' lang='grc'>5.</span> 
     </span>
    </p>
   </div>
   <div class='ocr_carea' id='block_1_102' title="bbox 512 5265 2020 5339">
    <p class='ocr_par' dir='ltr' id='par_1_102' title="bbox 512 5265 2020 5339">
     <span class='ocr_line' id='line_1_103' title="bbox 512 5265 2020 5339; baseline -0.001 -19"><span class='ocrx_word' id='word_1_769' title='bbox 512 5265 1030 5339; x_wconf 21' lang='grc' dir='ltr'>(θἐῃὶνὶιιιίμυεὶ.</span> <span class='ocrx_word' id='word_1_770' title='bbox 1085 5267 1404 5322; x_wconf 88' lang='lat' dir='ltr'><strong>Lectionum</strong></span> <span class='ocrx_word' id='word_1_771' title='bbox 1458 5277 1775 5339; x_wconf 76' lang='lat' dir='ltr'><strong>varietatem</strong></span> <span class='ocrx_word' id='word_1_772' title='bbox 1817 5265 2020 5339; x_wconf 72' lang='lat' dir='ltr'><strong>habent</strong></span> 
     </span>
    </p>
   </div>
   <div class='ocr_carea' id='block_1_103' title="bbox 439 5335 2017 5406">
    <p class='ocr_par' dir='ltr' id='par_1_103' title="bbox 439 5335 2017 5406">
     <span class='ocr_line' id='line_1_104' title="bbox 439 5335 2017 5406; baseline -0.003 -14"><span class='ocrx_word' id='word_1_773' title='bbox 439 5338 495 5392; x_wconf 87' lang='lat' dir='ltr'><strong>in</strong></span> <span class='ocrx_word' id='word_1_774' title='bbox 521 5335 647 5390; x_wconf 61' lang='lat' dir='ltr'><strong>&#39;hoc</strong></span> <span class='ocrx_word' id='word_1_775' title='bbox 685 5335 835 5390; x_wconf 87' lang='lat' dir='ltr'><strong>Pauli</strong></span> <span class='ocrx_word' id='word_1_776' title='bbox 859 5336 996 5406; x_wconf 68' lang='lat' dir='ltr'><strong>loco</strong></span> <span class='ocrx_word' id='word_1_777' title='bbox 1036 5349 1214 5392; x_wconf 85' lang='lat' dir='ltr'><strong>vetera</strong></span> <span class='ocrx_word' id='word_1_778' title='bbox 1257 5338 1587 5406; x_wconf 75' lang='lat' dir='ltr'><strong>exemplaria</strong></span> <span class='ocrx_word' id='word_1_779' title='bbox 1633 5353 1754 5391; x_wconf 91' lang='lat' dir='ltr'><strong>cum</strong></span> <span class='ocrx_word' id='word_1_780' title='bbox 1805 5335 2017 5406; x_wconf 66' lang='lat' dir='ltr'><strong>Graeca,</strong></span> 
     </span>
    </p>
   </div>
   <div class='ocr_carea' id='block_1_104' title="bbox 441 5405 2017 5476">
    <p class='ocr_par' dir='ltr' id='par_1_104' title="bbox 441 5405 2017 5476">
     <span class='ocr_line' id='line_1_105' title="bbox 441 5405 2017 5476; baseline -0.004 -14"><span class='ocrx_word' id='word_1_781' title='bbox 441 5419 556 5462; x_wconf 90' lang='lat' dir='ltr'><strong>tum</strong></span> <span class='ocrx_word' id='word_1_782' title='bbox 598 5406 812 5461; x_wconf 87' lang='lat' dir='ltr'><strong>Latina.</strong></span> <span class='ocrx_word' id='word_1_783' title='bbox 857 5405 990 5460; x_wconf 87' lang='lat' dir='ltr'><strong>Nam</strong></span> <span class='ocrx_word' id='word_1_784' title='bbox 1037 5407 1213 5476; x_wconf 89' lang='lat' dir='ltr'><strong>primo</strong></span> <span class='ocrx_word' id='word_1_785' title='bbox 1243 5405 1446 5476; x_wconf 65' lang='lat' dir='ltr'><strong>Graeca:</strong></span> <span class='ocrx_word' id='word_1_786' title='bbox 1477 5407 1742 5476; x_wconf 86' lang='lat' dir='ltr'><strong>editiones</strong></span> <span class='ocrx_word' id='word_1_787' title='bbox 1771 5405 2017 5474; x_wconf 90' lang='lat' dir='ltr'><strong>complu-</strong></span> 
     </span>
    </p>
   </div>
   <div class='ocr_carea' id='block_1_105' title="bbox 440 5474 2019 5542">
    <p class='ocr_par' dir='ltr' id='par_1_105' title="bbox 440 5474 2019 5542">
     <span class='ocr_line' id='line_1_106' title="bbox 440 5474 2019 5542; baseline -0.003 -10"><span class='ocrx_word' id='word_1_788' title='bbox 440 5495 550 5542; x_wconf 84' lang='lat' dir='ltr'><strong>res,</strong></span> <span class='ocrx_word' id='word_1_789' title='bbox 589 5491 647 5529; x_wconf 91' lang='lat' dir='ltr'><strong>ut</strong></span> <span class='ocrx_word' id='word_1_790' title='bbox 674 5476 866 5530; x_wconf 84' lang='lat' dir='ltr'><strong>Aldina</strong></span> <span class='ocrx_word' id='word_1_791' title='bbox 901 5474 1233 5540; x_wconf 42' lang='lat' dir='ltr'><strong>anni—1518,</strong></span> <span class='ocrx_word' id='word_1_792' title='bbox 1266 5474 1754 5541; x_wconf 84' lang='lat' dir='ltr'><strong>Francnfurtensis,</strong></span> <span class='ocrx_word' id='word_1_793' title='bbox 1803 5487 1857 5530; x_wconf 90' lang='lat' dir='ltr'><strong>et</strong></span> <span class='ocrx_word' id='word_1_794' title='bbox 1901 5476 2019 5528; x_wconf 57' lang='lat' dir='ltr'><strong>alia:</strong></span> 
     </span>
    </p>
   </div>
   <div class='ocr_carea' id='block_1_106' title="bbox 438 5544 2019 5619">
    <p class='ocr_par' dir='ltr' id='par_1_106' title="bbox 438 5544 2019 5619">
     <span class='ocr_line' id='line_1_107' title="bbox 438 5544 2019 5619; baseline -0.003 -16"><span class='ocrx_word' id='word_1_795' title='bbox 438 5565 539 5619; x_wconf 91' lang='lat' dir='ltr'><strong>pro</strong></span> <span class='ocrx_word' id='word_1_796' title='bbox 563 5547 846 5619; x_wconf 82' lang='grc' dir='ltr'>Πνεύματι</span> <span class='ocrx_word' id='word_1_797' title='bbox 889 5546 1026 5619; x_wconf 82' lang='grc' dir='ltr'>Θεοῦ</span> <span class='ocrx_word' id='word_1_798' title='bbox 1054 5548 1254 5619; x_wconf 83' lang='lat' dir='ltr'><strong>habent</strong></span> <span class='ocrx_word' id='word_1_799' title='bbox 1272 5544 1552 5619; x_wconf 74' lang='grc' dir='ltr'>Πνεύματι</span> <span class='ocrx_word' id='word_1_800' title='bbox 1573 5546 1803 5619; x_wconf 45' lang='grc' dir='ltr'>Θεῷριι</span> <span class='ocrx_word' id='word_1_801' title='bbox 1827 5559 2019 5619; x_wconf 86' lang='lat' dir='ltr'><strong>sensus</strong></span> 
     </span>
    </p>
   </div>
   <div class='ocr_carea' id='block_1_107' title="bbox 439 5615 2020 5686">
    <p class='ocr_par' dir='ltr' id='par_1_107' title="bbox 439 5615 2020 5686">
     <span class='ocr_line' id='line_1_108' title="bbox 439 5615 2020 5686; baseline -0.003 -14"><span class='ocrx_word' id='word_1_802' title='bbox 439 5615 512 5672; x_wconf 76' lang='lat' dir='ltr'><strong>sit</strong></span> <span class='ocrx_word' id='word_1_803' title='bbox 546 5637 560 5673; x_wconf 89' lang='lat'><strong>:</strong></span> <span class='ocrx_word' id='word_1_804' title='bbox 598 5636 616 5668; x_wconf 91' lang='lat'><strong>«</strong></span> <span class='ocrx_word' id='word_1_805' title='bbox 643 5615 742 5682; x_wconf 82' lang='lat' dir='ltr'><strong>Qui</strong></span> <span class='ocrx_word' id='word_1_806' title='bbox 770 5617 961 5684; x_wconf 90' lang='lat' dir='ltr'><strong>spiritu</strong></span> <span class='ocrx_word' id='word_1_807' title='bbox 999 5620 1112 5686; x_wconf 88' lang='lat' dir='ltr'><strong>De_o</strong></span> <span class='ocrx_word' id='word_1_808' title='bbox 1141 5618 1281 5682; x_wconf 90' lang='lat' dir='ltr'><strong>(vel,</strong></span> <span class='ocrx_word' id='word_1_809' title='bbox 1322 5615 1434 5682; x_wconf 81' lang='lat' dir='ltr'><strong>Qui</strong></span> <span class='ocrx_word' id='word_1_810' title='bbox 1461 5615 1686 5683; x_wconf 87' lang='lat' dir='ltr'><strong>Spiritui</strong></span> <span class='ocrx_word' id='word_1_811' title='bbox 1718 5615 1860 5686; x_wconf 79' lang='lat' dir='ltr'><strong>Deo)</strong></span> <span class='ocrx_word' id='word_1_812' title='bbox 1904 5631 2020 5670; x_wconf 88' lang='lat' dir='ltr'><strong>ser-</strong></span> 
     </span>
    </p>
   </div>
   <div class='ocr_carea' id='block_1_108' title="bbox 438 5684 2016 5754">
    <p class='ocr_par' dir='ltr' id='par_1_108' title="bbox 438 5684 2016 5754">
     <span class='ocr_line' id='line_1_109' title="bbox 438 5684 2016 5754; baseline -0.001 -16"><span class='ocrx_word' id='word_1_813' title='bbox 438 5687 641 5754; x_wconf 68' lang='lat' dir='ltr'><strong>vimus.</strong></span> <span class='ocrx_word' id='word_1_814' title='bbox 675 5706 693 5738; x_wconf 80' lang='grc' dir='ltr'><strong>ι</strong></span> <span class='ocrx_word' id='word_1_815' title='bbox 760 5686 1011 5742; x_wconf 89' lang='lat' dir='ltr'><strong>Secundo</strong></span> <span class='ocrx_word' id='word_1_816' title='bbox 1057 5684 1454 5754; x_wconf 82' lang='lat' dir='ltr'><strong>Complutensis</strong></span> <span class='ocrx_word' id='word_1_817' title='bbox 1502 5688 1668 5742; x_wconf 88' lang='lat' dir='ltr'><strong>editio</strong></span> <span class='ocrx_word' id='word_1_818' title='bbox 1707 5684 1893 5739; x_wconf 65' lang='lat' dir='ltr'><strong>Grmca</strong></span> <span class='ocrx_word' id='word_1_819' title='bbox 1947 5699 2016 5738; x_wconf 77' lang='lat' dir='ltr'><strong>ex</strong></span> 
     </span>
    </p>
   </div>
   <div class='ocr_carea' id='block_1_109' title="bbox 442 5746 2018 5826">
    <p class='ocr_par' dir='ltr' id='par_1_109' title="bbox 442 5746 2018 5826">
     <span class='ocr_line' id='line_1_110' title="bbox 442 5746 2018 5826; baseline -0.001 -19"><span class='ocrx_word' id='word_1_820' title='bbox 442 5746 825 5826; x_wconf 68' lang='lat' dir='ltr'><strong>vettBtjssimis</strong></span> <span class='ocrx_word' id='word_1_821' title='bbox 858 5746 1493 5826; x_wconf 63' lang='lat' dir='ltr'><strong>membranis&#39;expressa.</strong></span> <span class='ocrx_word' id='word_1_822' title='bbox 1541 5757 1706 5811; x_wconf 84' lang='lat' dir='ltr'><strong>codex</strong></span> <span class='ocrx_word' id='word_1_823' title='bbox 1752 5757 2018 5826; x_wconf 76' lang='lat' dir='ltr'><strong>membra-</strong></span> 
     </span>
    </p>
   </div>
   <div class='ocr_carea' id='block_1_110' title="bbox 436 5823 2016 5887">
    <p class='ocr_par' dir='ltr' id='par_1_110' title="bbox 436 5823 2016 5887">
     <span class='ocr_line' id='line_1_111' title="bbox 436 5823 2016 5887; baseline 0.003 -9"><span class='ocrx_word' id='word_1_824' title='bbox 436 5835 579 5879; x_wconf 85' lang='lat' dir='ltr'><strong>neus</strong></span> <span class='ocrx_word' id='word_1_825' title='bbox 603 5823 822 5884; x_wconf 66' lang='lat' dir='ltr'><strong>Graecus</strong></span> <span class='ocrx_word' id='word_1_826' title='bbox 852 5825 1198 5887; x_wconf 72' lang='lat' dir='ltr'><strong>bibliothecae</strong></span> <span class='ocrx_word' id='word_1_827' title='bbox 1233 5823 1431 5884; x_wconf 71' lang='lat' dir='ltr'><strong>nostrae</strong></span> <span class='ocrx_word' id='word_1_828' title='bbox 1477 5826 1536 5885; x_wconf 89' lang='lat' dir='ltr'><strong>S.</strong></span> <span class='ocrx_word' id='word_1_829' title='bbox 1575 5826 1876 5884; x_wconf 87' lang='lat' dir='ltr'><strong>Salvatoris</strong></span> <span class='ocrx_word' id='word_1_830' title='bbox 1913 5823 2016 5882; x_wconf 86' lang='lat' dir='ltr'><strong>Bo-</strong></span> 
     </span>
    </p>
   </div>
   <div class='ocr_carea' id='block_1_111' title="bbox 2128 4631 3703 4702">
    <p class='ocr_par' dir='ltr' id='par_1_111' title="bbox 2128 4631 3703 4702">
     <span class='ocr_line' id='line_1_112' title="bbox 2128 4631 3703 4702; baseline 0 -17"><span class='ocrx_word' id='word_1_831' title='bbox 2128 4632 2264 4686; x_wconf 87' lang='grc' dir='ltr'>Θεοῦ</span> <span class='ocrx_word' id='word_1_832' title='bbox 2289 4651 2303 4664; x_wconf 87' lang='grc'><strong>·</strong></span> <span class='ocrx_word' id='word_1_833' title='bbox 2336 4635 2443 4687; x_wconf 92' lang='lat' dir='ltr'><strong>imo</strong></span> <span class='ocrx_word' id='word_1_834' title='bbox 2501 4653 2518 4684; x_wconf 96' lang='lat'><strong>«</strong></span> <span class='ocrx_word' id='word_1_835' title='bbox 2550 4649 2759 4694; x_wconf 89' lang='lat' dir='ltr'><strong>omnes,</strong></span> <span class='ocrx_word' id='word_1_836' title='bbox 2787 4645 2874 4685; x_wconf 86' lang='lat' dir='ltr'><strong>aut</strong></span> <span class='ocrx_word' id='word_1_837' title='bbox 2923 4648 3057 4702; x_wconf 91' lang='lat' dir='ltr'><strong>pene</strong></span> <span class='ocrx_word' id='word_1_838' title='bbox 3085 4648 3274 4686; x_wconf 89' lang='lat' dir='ltr'><strong>omnes</strong></span> <span class='ocrx_word' id='word_1_839' title='bbox 3303 4631 3475 4686; x_wconf 73' lang='lat' dir='ltr'><strong>Grazci</strong></span> <span class='ocrx_word' id='word_1_840' title='bbox 3503 4650 3522 4682; x_wconf 77' lang='grc' dir='ltr'><strong>ι</strong></span> <span class='ocrx_word' id='word_1_841' title='bbox 3552 4633 3703 4685; x_wconf 88' lang='lat' dir='ltr'><strong>codi-</strong></span> 
     </span>
    </p>
   </div>
   <div class='ocr_carea' id='block_1_112' title="bbox 2125 4702 3703 4772">
    <p class='ocr_par' dir='ltr' id='par_1_112' title="bbox 2125 4702 3703 4772">
     <span class='ocr_line' id='line_1_113' title="bbox 2125 4702 3703 4772; baseline -0.001 -15"><span class='ocrx_word' id='word_1_842' title='bbox 2125 4719 2217 4758; x_wconf 90' lang='lat' dir='ltr'><strong>ces</strong></span> <span class='ocrx_word' id='word_1_843' title='bbox 2259 4704 2543 4772; x_wconf 88' lang='lat' dir='ltr'><strong>Augustini</strong></span> <span class='ocrx_word' id='word_1_844' title='bbox 2579 4712 2739 4757; x_wconf 66' lang='lat' dir='ltr'><strong>aetate</strong></span> <span class='ocrx_word' id='word_1_845' title='bbox 2786 4704 2923 4757; x_wconf 87' lang='lat' dir='ltr'><strong>hanc</strong></span> <span class='ocrx_word' id='word_1_846' title='bbox 2965 4703 3234 4756; x_wconf 88' lang='lat' dir='ltr'><strong>habebant</strong></span> <span class='ocrx_word' id='word_1_847' title='bbox 3275 4702 3590 4772; x_wconf 84' lang='lat' dir='ltr'><strong>lectionem,</strong></span> <span class='ocrx_word' id='word_1_848' title='bbox 3642 4710 3703 4760; x_wconf 89' lang='grc' dir='ltr'><strong>ιιι</strong></span> 
     </span>
    </p>
   </div>
   <div class='ocr_carea' id='block_1_113' title="bbox 2129 4771 3700 4841">
    <p class='ocr_par' dir='ltr' id='par_1_113' title="bbox 2129 4771 3700 4841">
     <span class='ocr_line' id='line_1_114' title="bbox 2129 4771 3700 4841; baseline 0.001 -15"><span class='ocrx_word' id='word_1_849' title='bbox 2129 4771 2627 4841; x_wconf 63' lang='grc' dir='ltr'>ιεειιιιιιέἰμεειιιει.</span> <span class='ocrx_word' id='word_1_850' title='bbox 2663 4772 2848 4828; x_wconf 92' lang='lat' dir='ltr'><strong>Tertio</strong></span> <span class='ocrx_word' id='word_1_851' title='bbox 2879 4773 3102 4825; x_wconf 72' lang='lat' dir='ltr'><strong>Latinus</strong></span> <span class='ocrx_word' id='word_1_852' title='bbox 3135 4783 3333 4824; x_wconf 68' lang='lat' dir='ltr'><strong>nostra:</strong></span> <span class='ocrx_word' id='word_1_853' title='bbox 3365 4771 3700 4828; x_wconf 70' lang='lat' dir='ltr'><strong>bibliotheca:</strong></span> 
     </span>
    </p>
   </div>
   <div class='ocr_carea' id='block_1_114' title="bbox 2125 4841 3698 4909">
    <p class='ocr_par' dir='ltr' id='par_1_114' title="bbox 2125 4841 3698 4909">
     <span class='ocr_line' id='line_1_115' title="bbox 2125 4841 3698 4909; baseline -0.001 -12"><span class='ocrx_word' id='word_1_854' title='bbox 2125 4845 2292 4898; x_wconf 83' lang='lat' dir='ltr'><strong>codex</strong></span> <span class='ocrx_word' id='word_1_855' title='bbox 2323 4844 2520 4898; x_wconf 65' lang='lat' dir='ltr'><strong>sazculo</strong></span> <span class='ocrx_word' id='word_1_856' title='bbox 2563 4858 2614 4896; x_wconf 74' lang='grc' dir='ltr'><strong>ιιι</strong></span> <span class='ocrx_word' id='word_1_857' title='bbox 2665 4853 2940 4906; x_wconf 83' lang='lat' dir='ltr'><strong>exaratus,</strong></span> <span class='ocrx_word' id='word_1_858' title='bbox 2989 4852 3043 4894; x_wconf 85' lang='lat' dir='ltr'><strong>et</strong></span> <span class='ocrx_word' id='word_1_859' title='bbox 3081 4841 3230 4895; x_wconf 87' lang='lat' dir='ltr'><strong>Pauli</strong></span> <span class='ocrx_word' id='word_1_860' title='bbox 3270 4841 3538 4909; x_wconf 86' lang='lat' dir='ltr'><strong>Epistolas</strong></span> <span class='ocrx_word' id='word_1_861' title='bbox 3573 4858 3698 4896; x_wconf 87' lang='lat' dir='ltr'><strong>cum</strong></span> 
     </span>
    </p>
   </div>
   <div class='ocr_carea' id='block_1_115' title="bbox 2126 4911 3699 4982">
    <p class='ocr_par' dir='ltr' id='par_1_115' title="bbox 2126 4911 3699 4982">
     <span class='ocr_line' id='line_1_116' title="bbox 2126 4911 3699 4982; baseline 0 -18"><span class='ocrx_word' id='word_1_862' title='bbox 2126 4914 2320 4982; x_wconf 84' lang='lat' dir='ltr'><strong>glossis</strong></span> <span class='ocrx_word' id='word_1_863' title='bbox 2345 4915 2650 4975; x_wconf 88' lang='lat' dir='ltr'><strong>continens,</strong></span> <span class='ocrx_word' id='word_1_864' title='bbox 2697 4914 2899 4967; x_wconf 85' lang='lat' dir='ltr'><strong>habet:</strong></span> <span class='ocrx_word' id='word_1_865' title='bbox 2950 4912 3093 4982; x_wconf 90' lang='lat' dir='ltr'><strong>«Qui</strong></span> <span class='ocrx_word' id='word_1_866' title='bbox 3145 4911 3349 4979; x_wconf 89' lang='lat' dir='ltr'><strong>Spiritu</strong></span> <span class='ocrx_word' id='word_1_867' title='bbox 3392 4912 3481 4964; x_wconf 78' lang='lat' dir='ltr'><strong>Dei</strong></span> <span class='ocrx_word' id='word_1_868' title='bbox 3508 4912 3699 4982; x_wconf 44' lang='lat' dir='ltr'><strong>servi:</strong></span> 
     </span>
    </p>
   </div>
   <div class='ocr_carea' id='block_1_116' title="bbox 2127 4979 3696 5052">
    <p class='ocr_par' dir='ltr' id='par_1_116' title="bbox 2127 4979 3696 5052">
     <span class='ocr_line' id='line_1_117' title="bbox 2127 4979 3696 5052; baseline -0.001 -18"><span class='ocrx_word' id='word_1_869' title='bbox 2127 4979 2247 5052; x_wconf 69' lang='lat' dir='ltr'><strong>inus</strong></span> <span class='ocrx_word' id='word_1_870' title='bbox 2278 5001 2292 5036; x_wconf 89' lang='lat'><strong>:</strong></span> <span class='ocrx_word' id='word_1_871' title='bbox 2323 5003 2342 5036; x_wconf 75' lang='grc' dir='ltr'><strong>ι</strong></span> <span class='ocrx_word' id='word_1_872' title='bbox 2379 5000 2484 5050; x_wconf 90' lang='lat' dir='ltr'><strong>quo</strong></span> <span class='ocrx_word' id='word_1_873' title='bbox 2513 4987 2670 5036; x_wconf 84' lang='lat' dir='ltr'><strong>modo</strong></span> <span class='ocrx_word' id='word_1_874' title='bbox 2703 4983 2851 5036; x_wconf 90' lang='lat' dir='ltr'><strong>locus</strong></span> <span class='ocrx_word' id='word_1_875' title='bbox 2881 4983 2968 5036; x_wconf 89' lang='lat' dir='ltr'><strong>hic</strong></span> <span class='ocrx_word' id='word_1_876' title='bbox 2998 4981 3192 5052; x_wconf 81' lang='lat' dir='ltr'><strong>legitur</strong></span> <span class='ocrx_word' id='word_1_877' title='bbox 3221 4982 3380 5052; x_wconf 73' lang='lat' dir='ltr'><strong>etiam</strong></span> <span class='ocrx_word' id='word_1_878' title='bbox 3419 4979 3696 5052; x_wconf 20' lang='lat' dir='ltr'><strong>iniLyrani</strong></span> 
     </span>
    </p>
   </div>
   <div class='ocr_carea' id='block_1_117' title="bbox 2124 5051 3700 5116">
    <p class='ocr_par' dir='ltr' id='par_1_117' title="bbox 2124 5051 3700 5116">
     <span class='ocr_line' id='line_1_118' title="bbox 2124 5051 3700 5116; baseline -0.001 -8"><span class='ocrx_word' id='word_1_879' title='bbox 2124 5051 2312 5108; x_wconf 86' lang='lat' dir='ltr'><strong>Bibliis</strong></span> <span class='ocrx_word' id='word_1_880' title='bbox 2337 5055 2592 5107; x_wconf 87' lang='lat' dir='ltr'><strong>editionis</strong></span> <span class='ocrx_word' id='word_1_881' title='bbox 2621 5053 2838 5109; x_wconf 75' lang='lat' dir='ltr'><strong>Venetae</strong></span> <span class='ocrx_word' id='word_1_882' title='bbox 2869 5054 2994 5104; x_wconf 87' lang='lat' dir='ltr'><strong>anni</strong></span> <span class='ocrx_word' id='word_1_883' title='bbox 3037 5051 3194 5104; x_wconf 75' lang='lat' dir='ltr'><strong>M85.</strong></span> <span class='ocrx_word' id='word_1_884' title='bbox 3233 5051 3438 5116; x_wconf 86' lang='lat' dir='ltr'><strong>Quarto</strong></span> <span class='ocrx_word' id='word_1_885' title='bbox 3473 5051 3700 5106; x_wconf 75' lang='lat' dir='ltr'><strong>Latinus</strong></span> 
     </span>
    </p>
   </div>
   <div class='ocr_carea' id='block_1_118' title="bbox 2126 5121 3698 5177">
    <p class='ocr_par' dir='ltr' id='par_1_118' title="bbox 2126 5121 3698 5177">
     <span class='ocr_line' id='line_1_119' title="bbox 2126 5121 3698 5177; baseline 0 -1"><span class='ocrx_word' id='word_1_886' title='bbox 2126 5123 2264 5177; x_wconf 88' lang='lat' dir='ltr'><strong>alius</strong></span> <span class='ocrx_word' id='word_1_887' title='bbox 2292 5135 2492 5177; x_wconf 75' lang='lat' dir='ltr'><strong>nostra:</strong></span> <span class='ocrx_word' id='word_1_888' title='bbox 2528 5123 2868 5176; x_wconf 66' lang='lat' dir='ltr'><strong>bibliotheca:</strong></span> <span class='ocrx_word' id='word_1_889' title='bbox 2891 5123 3060 5175; x_wconf 82' lang='lat' dir='ltr'><strong>codex</strong></span> <span class='ocrx_word' id='word_1_890' title='bbox 3101 5123 3476 5174; x_wconf 82' lang='lat' dir='ltr'><strong>tnemhraneus</strong></span> <span class='ocrx_word' id='word_1_891' title='bbox 3501 5121 3698 5176; x_wconf 56' lang='lat' dir='ltr'><strong>saculo</strong></span> 
     </span>
    </p>
   </div>
   <div class='ocr_carea' id='block_1_119' title="bbox 2125 5189 3690 5261">
    <p class='ocr_par' dir='ltr' id='par_1_119' title="bbox 2125 5189 3690 5261">
     <span class='ocr_line' id='line_1_120' title="bbox 2125 5189 3690 5261; baseline -0.001 -16"><span class='ocrx_word' id='word_1_892' title='bbox 2125 5194 2343 5247; x_wconf 84' lang='lat' dir='ltr'><strong>circiter</strong></span> <span class='ocrx_word' id='word_1_893' title='bbox 2381 5209 2474 5247; x_wconf 71' lang='grc' dir='ltr'>χιιι</span> <span class='ocrx_word' id='word_1_894' title='bbox 2523 5194 2758 5261; x_wconf 87' lang='lat' dir='ltr'><strong>scriptus</strong></span> <span class='ocrx_word' id='word_1_895' title='bbox 2812 5194 3017 5246; x_wconf 71' lang='lat' dir='ltr'><strong>hahet‘.</strong></span> <span class='ocrx_word' id='word_1_896' title='bbox 3059 5191 3187 5256; x_wconf 89' lang='lat' dir='ltr'><strong>«Qui</strong></span> <span class='ocrx_word' id='word_1_897' title='bbox 3237 5189 3458 5260; x_wconf 87' lang='lat' dir='ltr'><strong>Spiritui</strong></span> <span class='ocrx_word' id='word_1_898' title='bbox 3501 5190 3630 5255; x_wconf 88' lang='lat' dir='ltr'><strong>Deo,</strong></span> <span class='ocrx_word' id='word_1_899' title='bbox 3671 5211 3690 5243; x_wconf 69' lang='grc' dir='ltr'><strong><em>υ</em></strong></span> 
     </span>
    </p>
   </div>
   <div class='ocr_carea' id='block_1_120' title="bbox 2124 5261 3694 5332">
    <p class='ocr_par' dir='ltr' id='par_1_120' title="bbox 2124 5261 3694 5332">
     <span class='ocr_line' id='line_1_121' title="bbox 2124 5261 3694 5332; baseline -0.003 -15"><span class='ocrx_word' id='word_1_900' title='bbox 2124 5275 2234 5317; x_wconf 87' lang='lat' dir='ltr'><strong>etc.</strong></span> <span class='ocrx_word' id='word_1_901' title='bbox 2301 5265 2521 5317; x_wconf 88' lang='lat' dir='ltr'><strong>Demum</strong></span> <span class='ocrx_word' id='word_1_902' title='bbox 2570 5263 2793 5332; x_wconf 79' lang='lat' dir='ltr'><strong>Vulgata</strong></span> <span class='ocrx_word' id='word_1_903' title='bbox 2849 5262 3019 5316; x_wconf 88' lang='lat' dir='ltr'><strong>editio</strong></span> <span class='ocrx_word' id='word_1_904' title='bbox 3071 5261 3236 5332; x_wconf 88' lang='lat' dir='ltr'><strong>habet</strong></span> <span class='ocrx_word' id='word_1_905' title='bbox 3271 5280 3282 5315; x_wconf 95' lang='lat'>:</span> <span class='ocrx_word' id='word_1_906' title='bbox 3319 5280 3336 5311; x_wconf 88' lang='lat'><strong>«</strong></span> <span class='ocrx_word' id='word_1_907' title='bbox 3369 5261 3467 5326; x_wconf 86' lang='lat' dir='ltr'><strong>Qui</strong></span> <span class='ocrx_word' id='word_1_908' title='bbox 3506 5261 3694 5326; x_wconf 87' lang='lat' dir='ltr'><strong>spiritu</strong></span> 
     </span>
    </p>
   </div>
   <div class='ocr_carea' id='block_1_121' title="bbox 2125 5331 3697 5387">
    <p class='ocr_par' dir='ltr' id='par_1_121' title="bbox 2125 5331 3697 5387">
     <span class='ocr_line' id='line_1_122' title="bbox 2125 5331 3697 5387; baseline -0.004 0"><span class='ocrx_word' id='word_1_909' title='bbox 2125 5333 2394 5387; x_wconf 80' lang='lat' dir='ltr'><strong>servimus</strong></span> <span class='ocrx_word' id='word_1_910' title='bbox 2427 5334 2553 5386; x_wconf 83' lang='lat' dir='ltr'><strong>Deo.</strong></span> <span class='ocrx_word' id='word_1_911' title='bbox 2582 5353 2600 5385; x_wconf 79' lang='grc' dir='ltr'><strong>ι</strong></span> <span class='ocrx_word' id='word_1_912' title='bbox 2643 5331 2719 5387; x_wconf 78' lang='lat' dir='ltr'><strong>Ex</strong></span> <span class='ocrx_word' id='word_1_913' title='bbox 2750 5334 2831 5386; x_wconf 89' lang='lat' dir='ltr'><strong>his</strong></span> <span class='ocrx_word' id='word_1_914' title='bbox 2863 5333 3115 5385; x_wconf 88' lang='lat' dir='ltr'><strong>omnibus</strong></span> <span class='ocrx_word' id='word_1_915' title='bbox 3151 5331 3470 5385; x_wconf 90' lang='lat' dir='ltr'><strong>lectionibus</strong></span> <span class='ocrx_word' id='word_1_916' title='bbox 3505 5345 3697 5383; x_wconf 75' lang='lat' dir='ltr'><strong>secun-</strong></span> 
     </span>
    </p>
   </div>
   <div class='ocr_carea' id='block_1_122' title="bbox 2125 5401 3692 5522">
    <p class='ocr_par' dir='ltr' id='par_1_122' title="bbox 2125 5401 3692 5522">
     <span class='ocr_line' id='line_1_123' title="bbox 2125 5401 3692 5522; baseline -0.003 -66"><span class='ocrx_word' id='word_1_917' title='bbox 2125 5404 2245 5456; x_wconf 86' lang='lat' dir='ltr'><strong>dam</strong></span> <span class='ocrx_word' id='word_1_918' title='bbox 2271 5403 2610 5483; x_wconf 71' lang='lat' dir='ltr'><strong>amplectitur</strong></span> <span class='ocrx_word' id='word_1_919' title='bbox 2639 5404 2896 5482; x_wconf 74' lang='lat' dir='ltr'><strong>Didymus</strong></span> <span class='ocrx_word' id='word_1_920' title='bbox 2927 5418 3046 5482; x_wconf 72' lang='lat' dir='ltr'><strong>cum</strong></span> <span class='ocrx_word' id='word_1_921' title='bbox 3073 5401 3183 5482; x_wconf 80' lang='lat' dir='ltr'><strong>hic,</strong></span> <span class='ocrx_word' id='word_1_922' title='bbox 3205 5412 3314 5483; x_wconf 80' lang='lat' dir='ltr'><strong>tum</strong></span> <span class='ocrx_word' id='word_1_923' title='bbox 3332 5416 3502 5522; x_wconf 58' lang='lat' dir='ltr'><strong>segni.</strong></span> <span class='ocrx_word' id='word_1_924' title='bbox 3525 5401 3692 5480; x_wconf 52' lang='lat' dir='ltr'><strong>i546.</strong></span> 
     </span>
     <span class='ocr_line' id='line_1_124' title="bbox 2125 5471 3692 5522; baseline 0 0"><span class='ocrx_word' id='word_1_925' title='bbox 2125 5473 2193 5522; x_wconf 82' lang='lat' dir='ltr'><strong>At</strong></span> <span class='ocrx_word' id='word_1_926' title='bbox 2238 5489 2464 5522; x_wconf 79' lang='lat' dir='ltr'><strong>nnniam</strong></span> <span class='ocrx_word' id='word_1_927' title='bbox 2527 5483 2745 5522; x_wconf 82' lang='lat' dir='ltr'><strong>secutus</strong></span> <span class='ocrx_word' id='word_1_928' title='bbox 2793 5473 3064 5522; x_wconf 79' lang='lat' dir='ltr'><strong>vulebttur</strong></span> <span class='ocrx_word' id='word_1_929' title='bbox 3113 5487 3164 5522; x_wconf 89' lang='grc' dir='ltr'><strong>ιιι</strong></span> <span class='ocrx_word' id='word_1_930' title='bbox 3208 5472 3346 5522; x_wconf 78' lang='grc' dir='ltr'><strong>ΙΙΙ)Γο</strong></span> <span class='ocrx_word' id='word_1_931' title='bbox 3429 5486 3455 5521; x_wconf 91' lang='lat' dir='ltr'><strong>e</strong></span> <span class='ocrx_word' id='word_1_932' title='bbox 3493 5471 3692 5522; x_wconf 81' lang='lat' dir='ltr'><strong>Summ</strong></span> 
     </span>
    </p>
   </div>
   <div class='ocr_carea' id='block_1_123' title="bbox 2123 5471 3696 5542">
    <p class='ocr_par' dir='ltr' id='par_1_123' title="bbox 2123 5471 3696 5542">
     <span class='ocr_line' id='line_1_125' title="bbox 2123 5471 3696 5542; baseline -0.002 -16"><span class='ocrx_word' id='word_1_933' title='bbox 2123 5473 2193 5526; x_wconf 82' lang='lat' dir='ltr'><strong>At</strong></span> <span class='ocrx_word' id='word_1_934' title='bbox 2238 5475 2464 5542; x_wconf 89' lang='lat' dir='ltr'><strong>primam</strong></span> <span class='ocrx_word' id='word_1_935' title='bbox 2527 5471 2751 5542; x_wconf 82' lang='lat' dir='ltr'><strong>secutus</strong></span> <span class='ocrx_word' id='word_1_936' title='bbox 2793 5472 3064 5525; x_wconf 84' lang='lat' dir='ltr'><strong>videbitur</strong></span> <span class='ocrx_word' id='word_1_937' title='bbox 3113 5473 3164 5542; x_wconf 86' lang='lat' dir='ltr'><strong>in</strong></span> <span class='ocrx_word' id='word_1_938' title='bbox 3208 5472 3346 5542; x_wconf 89' lang='lat' dir='ltr'><strong>libro</strong></span> <span class='ocrx_word' id='word_1_939' title='bbox 3379 5471 3696 5542; x_wconf 14' lang='lat' dir='ltr'><strong>DerSpiriiu</strong></span> 
     </span>
    </p>
   </div>
   <div class='ocr_carea' id='block_1_124' title="bbox 2125 5541 3694 5610">
    <p class='ocr_par' dir='ltr' id='par_1_124' title="bbox 2125 5541 3694 5610">
     <span class='ocr_line' id='line_1_126' title="bbox 2125 5541 3694 5610; baseline -0.001 -15"><span class='ocrx_word' id='word_1_940' title='bbox 2125 5541 2330 5608; x_wconf 73' lang='lat' dir='ltr'><strong>saneto,</strong></span> <span class='ocrx_word' id='word_1_941' title='bbox 2366 5558 2514 5594; x_wconf 88' lang='lat' dir='ltr'><strong>num.</strong></span> <span class='ocrx_word' id='word_1_942' title='bbox 2549 5541 2638 5608; x_wconf 85' lang='lat'><strong>57,</strong></span> <span class='ocrx_word' id='word_1_943' title='bbox 2682 5543 2725 5594; x_wconf 90' lang='lat' dir='ltr'><strong>si</strong></span> <span class='ocrx_word' id='word_1_944' title='bbox 2749 5543 2892 5594; x_wconf 85' lang='lat' dir='ltr'><strong>edita</strong></span> <span class='ocrx_word' id='word_1_945' title='bbox 2929 5541 3258 5610; x_wconf 72' lang='lat' dir='ltr'><strong>exemplaria</strong></span> <span class='ocrx_word' id='word_1_946' title='bbox 3294 5541 3544 5594; x_wconf 85' lang='lat' dir='ltr'><strong>consulas</strong></span> <span class='ocrx_word' id='word_1_947' title='bbox 3574 5557 3588 5594; x_wconf 89' lang='lat'><strong>:</strong></span> <span class='ocrx_word' id='word_1_948' title='bbox 3618 5541 3694 5594; x_wconf 88' lang='lat' dir='ltr'><strong>sic</strong></span> 
     </span>
    </p>
   </div>
   <div class='ocr_carea' id='block_1_125' title="bbox 2125 5611 3696 5683">
    <p class='ocr_par' dir='ltr' id='par_1_125' title="bbox 2125 5611 3696 5683">
     <span class='ocr_line' id='line_1_127' title="bbox 2125 5611 3696 5683; baseline -0.001 -19"><span class='ocrx_word' id='word_1_949' title='bbox 2125 5614 2270 5665; x_wconf 91' lang='lat' dir='ltr'><strong>enim</strong></span> <span class='ocrx_word' id='word_1_950' title='bbox 2330 5613 2529 5683; x_wconf 77' lang='lat' dir='ltr'><strong>habent</strong></span> <span class='ocrx_word' id='word_1_951' title='bbox 2563 5630 2578 5666; x_wconf 88' lang='lat'><strong>:</strong></span> <span class='ocrx_word' id='word_1_952' title='bbox 2619 5630 2638 5663; x_wconf 91' lang='lat'><strong>«</strong></span> <span class='ocrx_word' id='word_1_953' title='bbox 2665 5611 2722 5664; x_wconf 89' lang='lat' dir='ltr'><strong>ln</strong></span> <span class='ocrx_word' id='word_1_954' title='bbox 2749 5680 2757 5683; x_wconf 89' lang='lat'>_</span> <span class='ocrx_word' id='word_1_955' title='bbox 2781 5613 2920 5664; x_wconf 86' lang='lat' dir='ltr'><strong>hanc</strong></span> <span class='ocrx_word' id='word_1_956' title='bbox 2958 5612 3223 5683; x_wconf 71' lang='lat' dir='ltr'><strong>congruit</strong></span> <span class='ocrx_word' id='word_1_957' title='bbox 3274 5611 3618 5683; x_wconf 71' lang='lat' dir='ltr'><strong>voluntatem</strong></span> <span class='ocrx_word' id='word_1_958' title='bbox 3642 5619 3696 5663; x_wconf 78' lang='lat' dir='ltr'><strong>et</strong></span> 
     </span>
    </p>
   </div>
   <div class='ocr_carea' id='block_1_126' title="bbox 2127 5680 3697 5750">
    <p class='ocr_par' dir='ltr' id='par_1_126' title="bbox 2127 5680 3697 5750">
     <span class='ocr_line' id='line_1_128' title="bbox 2127 5680 3697 5750; baseline -0.003 -14"><span class='ocrx_word' id='word_1_959' title='bbox 2127 5683 2254 5736; x_wconf 88' lang='lat' dir='ltr'><strong>illud</strong></span> <span class='ocrx_word' id='word_1_960' title='bbox 2288 5699 2302 5736; x_wconf 90' lang='lat'><strong>:</strong></span> <span class='ocrx_word' id='word_1_961' title='bbox 2335 5681 2476 5735; x_wconf 84' lang='lat' dir='ltr'><strong>«Nos</strong></span> <span class='ocrx_word' id='word_1_962' title='bbox 2495 5697 2684 5736; x_wconf 90' lang='lat' dir='ltr'><strong>sumus</strong></span> <span class='ocrx_word' id='word_1_963' title='bbox 2712 5680 3199 5750; x_wconf 46' lang='lat' dir='ltr'><strong>circumcisiofqui</strong></span> <span class='ocrx_word' id='word_1_964' title='bbox 3241 5682 3434 5750; x_wconf 89' lang='lat' dir='ltr'><strong>spiritu</strong></span> <span class='ocrx_word' id='word_1_965' title='bbox 3474 5681 3697 5733; x_wconf 86' lang='lat' dir='ltr'><strong>Domino</strong></span> 
     </span>
    </p>
   </div>
   <div class='ocr_carea' id='block_1_127' title="bbox 2125 5749 3698 5814">
    <p class='ocr_par' dir='ltr' id='par_1_127' title="bbox 2125 5749 3698 5814">
     <span class='ocr_line' id='line_1_129' title="bbox 2125 5749 3698 5814; baseline -0.003 -8"><span class='ocrx_word' id='word_1_966' title='bbox 2125 5753 2426 5806; x_wconf 89' lang='lat' dir='ltr'><strong>servientes</strong></span> <span class='ocrx_word' id='word_1_967' title='bbox 2469 5767 2722 5806; x_wconf 67' lang='lat' dir='ltr'><strong>srnnus...</strong></span> <span class='ocrx_word' id='word_1_968' title='bbox 2751 5769 2771 5802; x_wconf 84' lang='grc'><strong>›</strong></span> <span class='ocrx_word' id='word_1_969' title='bbox 2805 5749 2906 5814; x_wconf 84' lang='lat' dir='ltr'><strong>Qui</strong></span> <span class='ocrx_word' id='word_1_970' title='bbox 2932 5753 3075 5804; x_wconf 86' lang='lat' dir='ltr'><strong>enim</strong></span> <span class='ocrx_word' id='word_1_971' title='bbox 3127 5749 3231 5804; x_wconf 86' lang='lat' dir='ltr'><strong>non</strong></span> <span class='ocrx_word' id='word_1_972' title='bbox 3267 5749 3446 5804; x_wconf 88' lang='lat' dir='ltr'><strong>littera</strong></span> <span class='ocrx_word' id='word_1_973' title='bbox 3481 5765 3698 5803; x_wconf 87' lang='lat' dir='ltr'><strong>carnem</strong></span> 
     </span>
    </p>
   </div>
   <div class='ocr_carea' id='block_1_128' title="bbox 2126 5821 3698 5890">
    <p class='ocr_par' dir='ltr' id='par_1_128' title="bbox 2126 5821 3698 5890">
     <span class='ocr_line' id='line_1_130' title="bbox 2126 5821 3698 5890; baseline -0.003 -12"><span class='ocrx_word' id='word_1_974' title='bbox 2126 5823 2441 5890; x_wconf 86' lang='lat' dir='ltr'><strong>concidunt,</strong></span> <span class='ocrx_word' id='word_1_975' title='bbox 2501 5824 2597 5879; x_wconf 87' lang='lat' dir='ltr'><strong>sed</strong></span> <span class='ocrx_word' id='word_1_976' title='bbox 2650 5837 2745 5878; x_wconf 87' lang='lat' dir='ltr'><strong>cor</strong></span> <span class='ocrx_word' id='word_1_977' title='bbox 2803 5821 2998 5878; x_wconf 86' lang='lat' dir='ltr'><strong>suiritu</strong></span> <span class='ocrx_word' id='word_1_978' title='bbox 3056 5821 3612 5883; x_wconf 73' lang='lat' dir='ltr'><strong>circumcitluut....</strong></span> <span class='ocrx_word' id='word_1_979' title='bbox 3645 5821 3698 5874; x_wconf 87' lang='lat' dir='ltr'><strong>hi</strong></span> 
     </span>
    </p>
   </div>
  </div>
