4054 6402
386 361 496 416 665

1428 367 1516 422 DE
1556 365 1934 422 TRINITATE
1972 366 2176 421 LIBER
2217 366 2607 425 SECUNDUS.

3537 368 3644 427 660

387 477 714 544 ἀποδείξεις,
764 479 865 544 τὰς
916 480 1004 534 διὰ
1070 479 1164 534 τοῦ
1217 481 1469 552 εἰρῆσθαι
1539 484 1671 536 αὐτὸ
1743 483 1968 553 Πνεῦμα

2091 483 2217 538 Iesu.
2265 502 2284 535 ι
2340 483 2484 538 Deus
2541 498 2672 555 ergo
2717 493 2804 540 est
2854 482 3092 554 Spiritus
3139 494 3375 546 sanctus,
3437 487 3644 540 sacriﬁ-

389 567 550 630 θεῖον,
578 570 840 640 δηλούσας
866 574 998 626 αὐτὸ
1026 572 1179 626 Θεόν.
1205 575 1315 627 Καὶ
1342 575 1435 627 τοῦ
1465 577 1746 646 προφήτου
1785 575 1966 647 Ἀμὼς

389 661 456 713 ὲκ
517 661 808 726 προσώπου
885 664 979 716 τοῦ
1044 663 1201 730 ἁγίου
1267 667 1582 736 Πνεύματος
1643 669 1962 738 εἰρηκότος·

396 767 416 802 ι
451 751 580 803 Ἰδοὺ
611 752 720 820 ἐγὼ
751 753 985 824 στερεῶν
1009 755 1263 826 βροντήν·
1291 775 1308 807 ι
1344 757 1610 828 περιεῖλον
1664 758 1723 810 τὸ
1748 780 1764 808 ι
1788 757 1961 827 ἐγώ-ι

393 841 480 895 ἰνα
514 842 588 912 μὴ
616 843 888 899 δείκνυται
913 845 1004 898 τοῦ
1031 847 1186 915 ἁγίου
1219 847 1534 917 Πνεύματος
1566 850 1598 919 ἡ
1632 849 1803 920 φωνὴ,
1831 849 1969 904 ἀλλὰ

391 933 498 1002 γὰρ
545 934 638 986 τοῦ
687 935 927 1007 Πατρὸς,
977 938 1009 1009 ἢ
1057 938 1151 991 τοῦ
1207 940 1506 1010 προφήτου.
1553 943 1668 996 Ούκ
1719 941 1865 995 ἔστιν
1913 943 1970 996 δὲ

392 1024 530 1088 τέως
581 1025 674 1078 τοῦ
726 1028 939 1100 Πατρὸς
982 1030 1076 1082 κα)⁵
1129 1029 1286 1094 Θεοῦ,
1318 1031 1404 1084 διὰ
1435 1032 1495 1084 τὸ
1543 1032 1688 1101 ἔχειν
1734 1033 1969 1097 εὐθέωςο

401 1135 420 1167 ι
462 1118 844 1187 Ἀπαγγέλλων
879 1124 959 1184 είς
989 1121 1308 1194 ἀνθρώπους
1337 1124 1427 1178 τὸν
1468 1125 1700 1196 Χριστὸν
1731 1126 1924 1180 αὑτοῦ·
1947 1146 1965 1177 ι

398 1207 490 1260 καὶ
532 1208 606 1279 μὴ
637 1211 842 1263 είπεῖν’
875 1212 978 1264 Τὸν
1007 1213 1240 1283 Χριστόν
1274 1231 1396 1284 μου,
1435 1215 1510 1278 ὡς
1554 1217 1612 1267 ἐν
1643 1215 1840 1286 ψαλμῷ
1887 1217 1974 1270 λέ-

397 1314 510 1365 γει·
552 1317 570 1349 ι
610 1299 910 1371 Ἠτοίμασα
957 1302 1148 1372 λύχνον
1188 1303 1264 1375 τῷ
1294 1305 1512 1375 Χριστῷ
1543 1323 1664 1376 μου.
1694 1326 1711 1356 ι
1752 1308 1860 1358 Καὶ
1905 1308 1962 1360 ἐν

402 1389 616 1453 πολλοῖς
667 1392 723 1444 δὲ
786 1393 1065 1460 φαίνονται
1143 1394 1602 1466 παρα-τρώσαντες
1663 1395 1976 1468 ἐξεπίτηδες

398 1482 713 1548 κάντεῦθεν,
746 1485 844 1556 τὴν
875 1485 1080 1556 ἀκριϐῆ
1124 1486 1416 1554 διάγνωσιν
1461 1487 1568 1540 τῶν
1617 1488 1976 1542 νοθευθέντων

399 1572 600 1638 τόπων,
643 1577 704 1628 τό
744 1594 807 1644 γε
856 1579 944 1630 ἐπ’
985 1578 1202 1642 αὐτοῖς.
1247 1580 1629 1646 ἀφανίσαντες.
1663 1581 1773 1633 Καὶ
1822 1580 1978 1633 τοῦτο

399 1663 552 1719 οὔπω
601 1662 668 1738 ἦν
712 1669 902 1734 δεινὸν,
957 1671 1158 1742 καίπερ
1213 1669 1272 1724 ὃν
1323 1671 1530 1742 σφόδρα
1579 1672 1768 1732 δεινὸν,
1817 1675 1866 1725 εί
1903 1671 1977 1743 μὴ

399 1756 545 1812 οὕτω
578 1763 707 1832 παρ’
737 1763 958 1818 ἐκείνων
993 1763 1457 1836 παραποιηθεῖσαι
1489 1764 1660 1834 βίϐλοι
1689 1761 1851 1834 ἦλθον
1885 1767 1978 1818 καὶ

2069 575 2209 628 ciqu
2249 574 2326 645 (2)
2353 589 2533 636 omne,
2582 575 2725 645 quod
2753 592 2783 629 a
2832 577 2987 630 nobis
3033 576 3272 630 oblatum
3311 576 3494 639 fuerit,
3538 593 3643 631 una

2069 682 2190 719 cum
2223 665 2384 720 Patre
2407 676 2458 721 et
2487 665 2626 721 Filio
2675 667 2974 736 excipiens.
3012 667 3141 720 Nam
3167 668 3488 722 servitutem
3520 683 3646 737 pro-

2071 760 2187 826 prie
2228 758 2449 821 dictam,
2492 774 2584 812 seu
2633 759 2901 820 lutreiam,
2939 759 3038 813 soli
3074 760 3182 812 Deo
3212 759 3393 814 deberi
3426 759 3650 813 manife-

2069 861 2210 902 Stum
2238 859 2339 903 est.
2376 848 2482 904 Sed
2515 851 2690 904 videte
2721 852 2993 919 quomodo
3023 850 3259 904 hairetici
3290 850 3433 903 corvi
3471 849 3646 902 divina

2074 938 2234 991 verba
2263 955 2612 1009 corrumpere
2641 940 2716 1010 (5)
2753 941 2930 994 conati
2961 950 3091 995 sunt
3132 956 3230 1009 per
3258 940 3416 994 ttuius
3461 941 3652 994 littera:

2073 1032 2421 1084 mutationem
2455 1049 2467 1084 :
2511 1031 2733 1100 quidam
2779 1032 2920 1086 enim
2955 1031 3192 1100 ipsorum
3240 1031 3486 1086 fecerunt
3517 1029 3597 1099 (4)
3635 1047 3648 1083 :

2078 1138 2096 1171 ι
2133 1122 2231 1186 Qui
2253 1122 2442 1190 spiritu
2471 1123 2576 1176 Deo
2601 1124 2902 1186 servimus;
2931 1143 2950 1175 ι
2985 1122 3294 1177 neservitus
3308 1121 3534 1185 scilicet,
3557 1135 3651 1174 seu

2073 1213 2288 1277 latreia,
2335 1215 2558 1284 Spiritui
2595 1215 2685 1269 Dei
2717 1215 2895 1269 oblata
2928 1215 3213 1280 iudicetur,
3251 1213 3341 1267 sed
3373 1215 3422 1266 itt
3459 1213 3652 1278 spiritu

2074 1311 2171 1364 soli
2219 1312 2328 1364 Deo
2354 1322 2400 1365 et
2437 1309 2606 1365 Patri.
2660 1310 2734 1364 Ita
2789 1311 2955 1365 etiam
2989 1311 3040 1364 in
3077 1310 3311 1380 Epistola
3352 1312 3418 1362 ad
3461 1307 3654 1362 Corin~

2077 1403 2218 1456 tltios
2256 1419 2377 1454 cum
2405 1401 2604 1456 Paulus
2635 1402 2916 1472 scripserit
2949 1419 2962 1456 :
3009 1419 3028 1452 σ
3069 1400 3125 1455 Si
3161 1410 3341 1454 autern
3369 1398 3446 1468 (5)
3473 1398 3654 1467 Spiri-

2077 1503 2162 1547 tus
2207 1492 2370 1564 247
2419 1495 2555 1560 cjus,
2597 1494 2688 1562 qui
2720 1493 3005 1547 suscitavit
3042 1491 3224 1547 Jesum
3263 1491 3538 1546 Christum
3583 1503 3650 1542 ex

2078 1587 2327 1650 mortuis,
2376 1585 2587 1639 habitat
2632 1585 2684 1638 in
2718 1585 2908 1648 vobis;
2960 1585 3006 1637 is
3036 1584 3126 1652 qui
3180 1583 3465 1637 suscitavit
3494 1581 3656 1636 Clu-i-

2078 1676 2426 1731 sttunJesum
2471 1691 2538 1731 ex
2575 1676 2828 1739 mortuis,
2871 1676 3167 1729 viviﬁcabit
3199 1675 3362 1728 etiam
3405 1671 3652 1726 mortalia

2082 1778 2259 1824 vestra
2291 1785 2516 1838 corpora
2556 1784 2653 1837 per
2697 1767 3090 1823 inbabitantem
3131 1767 3247 1838 ejus
3286 1765 3546 1835 Spiritqu
3589 1763 3652 1817 in

402 1849 486 1914 είς
519 1851 694 1921 ὀρθῶς
747 1855 1142 1920 πιστεύοντας,
1199 1857 1554 1928 ἀμαντεύτως
1607 1859 1828 1928 ἔχοντας
1877 1859 1976 1929 τῆς

2091 1861 2266 1912 ,τοιήδε
2307 1877 2325 1910 ι
2367 1859 2441 1912 illi
2499 1859 2875 1924 immutarunt,
2930 1872 2995 1911 ac
3039 1855 3282 1911 fecerunt
3316 1875 3330 1910 :
3382 1874 3400 1907 ι
3437 1864 3656 1925 propter

403 1941 655 2012 τοιαύτης
690 1943 1058 2016 ῥᾳδιουργίας.

2091 1949 2470 2002 inltabitantetn
2521 1947 2636 2018 ejus
2677 1947 2936 2016 Spiritum
2977 1948 3029 2001 in
3065 1947 3215 2001 vobis
3249 1963 3263 1999 :
3302 1966 3320 1998 ι
3357 1960 3423 2000 ne
3467 1943 3658 1998 videli-

402 2046 491 2090 cet
529 2036 762 2104 Spiritus
814 2039 1091 2095 vivilicaus
1139 2051 1195 2096 et
1251 2041 1481 2097 Creator
1528 2043 1834 2096 denotetur.
1903 2044 1970 2097 Et
2008 2059 2129 2097 cum
2182 2043 2440 2098 Romanis
2509 2043 2648 2098 idem
2719 2043 3022 2112 scripserit,
3064 2040 3555 2111 «Sempitcrnaque
3579 2039 3656 2109 (6)

409 2129 522 2198 ejus
565 2133 731 2188 virtus
783 2151 847 2188 ac
899 2137 1174 2201 divinitas,
1223 2157 1242 2190 ι
1276 2138 1352 2191 illi
1383 2137 1651 2200 fecerunt,
1687 2159 1705 2189 ι
1733 2139 1924 2194 deitas.
1958 2158 1977 2190 ι
2025 2138 2115 2192 Est
2147 2150 2326 2193 autem
2365 2155 2526 2192 unum
2562 2148 2618 2193 et
2680 2139 2821 2192 idem
2854 2155 2869 2192 :
2917 2147 3155 2192 attamen
3195 2136 3274 2191 sic
3339 2135 3411 2189 illi
3455 2135 3657 2188 immu-

408 2233 616 2290 tarunt,
661 2236 719 2280 ut
764 2228 1216 2293 testimoniorum,
1261 2245 1381 2299 qua:
1422 2231 1488 2285 de
1539 2231 1738 2301 inclyto
1774 2229 1978 2300 Spiritu
2017 2231 2159 2284 dicta
2193 2239 2340 2294 sunt,
2366 2229 2446 2283 vis
2477 2229 2826 2283 imminuatur
2855 2228 2957 2299 (Ἰ),
3020 2243 3209 2283 eorum
3273 2226 3502 2291 scilicet,
3537 2239 3658 2294 quat

408 2462 538 2502 vere
579 2447 765 2517 spiritu
805 2450 1112 2503 circumcisi
1153 2459 1299 2506 sunt.
1331 2471 1348 2503 ι
1409 2451 1607 2505 Verum
1675 2453 1726 2505 in
1783 2453 1977 2509 codice

412 2527 596 2590 nostro
614 2534 714 2572 ms.
744 2521 981 2587 szepiusa
1011 2537 1094 2572 me
1117 2521 1524 2590 t-itatolegitur:
1558 2541 1575 2571 ι
1602 2521 1657 2574 ltt
1685 2524 1821 2576 banc
1851 2539 1980 2575 con-

413 2587 562 2658 gruit
586 2590 909 2658 voluntatem
941 2601 993 2642 et
1021 2590 1147 2642 illud
1177 2608 1189 2643 :
1233 2587 1371 2644 Nos_
1399 2606 1585 2644 suums
1616 2593 1979 2653 circumcisio,

411 2657 505 2723 qui
583 2657 782 2726 Spiritu
830 2658 920 2711 Dei
957 2661 1277 2722 servientes,
1325 2671 1376 2716 et
1411 2677 1514 2713 non
1545 2663 1594 2713 itt
1627 2677 1787 2714 carne
1814 2664 1981 2716 conli-

416 2727 621 2780 “lentes.
655 2727 753 2794 Qui
807 2729 973 2793 enim,
1001 2747 1019 2779 ι
1049 2740 1102 2782 et
1144 2731 1367 2797 reliqua.
1398 2730 1600 2784 Deinde
1642 2733 1982 2786 animadver-

415 2797 628 2870 tendum
672 2807 775 2860 est,
809 2813 915 2851 non
941 2814 1096 2870 Araro
1145 2798 1426 2870 Didymum
1468 2801 1520 2852 in
1561 2800 1791 2854 diversis
1825 2803 1982 2856 unius

414 2866 763 2938 eiusdemque
803 2868 982 2933 operis
1020 2869 1150 2922 locis
1193 2866 1354 2923 unum
1391 2885 1455 2924 ac
1503 2871 1640 2923 idem
1687 2872 1978 2938 Scriptum

419 2937 784 2990 testimonium
817 2938 1043 2992 diversis
1063 2940 1233 2993 modis
1258 2941 1457 3006 legere,
1483 2951 1572 2992 aut
1597 2937 1936 3004 interpretari
1961 2961 1976 2994 :

419 3006 576 3076 tutius
607 3009 680 3060 rei
721 3007 871 3074 plura
915 3009 1157 3075 exempla
1201 3009 1250 3062 iu
1300 3011 1446 3064 bisce
1508 3010 1638 3076 ipsis
1692 3011 1843 3065 libris
1902 3011 1977 3064 De

427 3073 680 3130 Trinitate
717 3073 899 3129 videre
932 3073 1086 3132 licet.
1111 3077 1250 3131 Nihil
1281 3079 1458 3140 taque
1489 3073 1652 3142 esset,
1679 3097 1775 3132 cur
1811 3082 1977 3133 mira-

422 3161 620 3217 remur,
659 3147 782 3200 siin
822 3147 956 3200 libro
983 3150 1196 3217 quidem
1248 3148 1320 3201 De
1360 3147 1559 3215 Spiritu
1603 3161 1782 3202 sancto
1816 3166 1972 3203 unam

419 3215 699 3268 lectionem
736 3227 953 3271 secutus
993 3215 1172 3281 esset,
1219 3218 1269 3271 iu
1315 3219 1462 3273 hisce
1508 3233 1634 3272 vero
1687 3220 1839 3273 libris
1877 3236 1982 3273 tton

421 3301 621 3351 paucos
646 3297 762 3354 post
795 3302 966 3341 annos
990 3289 1320 3354 rmnpositis,
1353 3305 1409 3342 re
1442 3290 1701 3341 maturius
1738 3291 1988 3343 conside-

419 3363 560 3417 rata,
587 3371 702 3408 eam
731 3356 898 3423 ipsam
927 3358 1208 3412 lectionem
1243 3359 1698 3421 reprehendisset,
1727 3376 1790 3412 ac
1824 3361 1987 3413 aliam

420 3436 638 3477 secutus
666 3426 822 3478 foret.

492 3493 968 3564 (2)7Sacriﬁrium.
1015 3497 1150 3551 ilinc
1201 3499 1490 3560 colligitur,
1542 3499 1678 3552 idem
1721 3498 1987 3551 interdum

422 3563 799 3636 esseDidytno
838 3565 1028 3620 θυσίαν
1080 3586 1143 3620 ac
1177 3566 1454 3636 λατρείαν,
1505 3580 1732 3636 utroque
1783 3568 1991 3621 scilicet

422 3633 684 3707 vocabulo
723 3640 1092 3707 «gsacrilicium
1115 3656 1132 3688 ι
1169 3641 1238 3692 ab
1267 3633 1330 3692 eo
1362 3633 1656 3707 designari.
1703 3638 1833 3692 Vide
1876 3649 1987 3694 not.

424 3702 517 3765 5i,
551 3720 671 3770 pag.
710 3705 798 3759 67.

497 3775 572 3895 (1’6)
601 3771 957 3845 Corrumpere.
995 3775 1196 3840 Codex,
1222 3775 1600 3848 λοιμήνασθαι.
1637 3778 1776 3846 Lego
1826 3776 1994 3848 λυμή-

497 3860 528 3895 σ
564 3860 638 3895 αι.

425 3860 638 3900 νασυαι.

501 3914 572 3985 (4)
614 3912 891 3970 Fecerunt.
923 3914 1204 3970 Mirabitur
1235 3915 1464 3970 fortasse
1493 3919 1634 3984 quis,
1655 3934 1771 3971 eam
1803 3917 1993 3971 lectio-

427 4001 571 4057 nem,
613 4001 771 4057 quam
808 3986 1071 4054 pleneque
1103 3987 1294 4057 saltem
1347 3985 1585 4057 Vulgata:
1629 3988 1995 4043 translationis

427 4055 693 4127 editiones
729 4056 947 4127 habent,
977 4056 1248 4125 suggillari
1291 4073 1318 4108 a
1358 4055 1601 4127 Didyme,
1639 4059 1794 4127 quasi
1826 4061 1996 4110 conli-

429 4137 578 4197 ctam
601 4126 668 4177 ab
708 4125 996 4180 lunt-elicis.
1040 4129 1111 4178 At
1137 4127 1328 4179 licebat
1361 4125 1568 4197 Didymi
1609 4125 1765 4182 actate
1795 4128 1844 4180 id
1873 4143 1996 4179 seu-

435 4193 536 4249 tire
567 4194 665 4247 bac
708 4199 773 4248 de
825 4210 898 4254 re,
947 4202 1087 4260 quod
1135 4199 1306 4266 magis
1343 4193 1630 4252 arrideret.
1680 4197 1995 4251 Ambrosius

436 4276 768 4337 sane__atque
800 4267 1130 4337 Augustinus
1161 4267 1211 4320 id
1242 4282 1436 4334 Ipsum,
1470 4271 1611 4336 quod
1647 4270 1731 4322 hic
1768 4285 1795 4320 a
1832 4266 1993 4337 Didy-

435 4349 523 4386 mo
544 4335 819 4396 dictatum,
856 4345 908 4387 et
942 4336 1009 4389 ab
1040 4337 1324 4390 Ambrosio
1360 4335 1592 4391 fortasse
1629 4339 1824 4391 lectum
1881 4335 1997 4389 fuc-

434 4413 538 4476 rat,
595 4404 851 4476 sull'ragio
895 4419 991 4458 suo
1041 4415 1222 4473 postea
1271 4411 1732 4476 comprobarunt:
1767 4418 1994 4474 uterque

430 4474 574 4526 enim
617 4485 670 4528 et
704 4474 938 4542 Spiritus
976 4477 1145 4530 sancti
1190 4474 1526 4530 divinitatem
1584 4495 1649 4532 ex
1689 4477 1790 4531 hoc
1841 4476 1990 4528 Pauli

431 4545 550 4616 loco
596 4526 1002 4616 demoitstravit,
1059 4558 1113 4600 et
1162 4547 1439 4601 lectionem
1488 4547 1666 4612 illam,
1720 4545 1991 4616 πνεύματι
2024 4526 2070 4584 υ

427 4611 570 4683 Θεῷ,
613 4614 664 4668 id
702 4624 783 4668 est
842 4616 1074 4684 «spiritu
1122 4617 1252 4680 Deo,
1279 4637 1297 4668 ι
1362 4629 1419 4669 ιιι
1461 4618 1702 4672 ﬁctiliam
1742 4611 1991 4684 esplosit.

429 4686 744 4755 Ambrosius
795 4688 1008 4754 quidem
1058 4685 1110 4739 in
1161 4687 1297 4742 libro
1356 4702 1391 4740 ll
1427 4687 1502 4740 De
1546 4687 1750 4755 Spiritu
1790 4699 1992 4750 saucio,

431 4770 553 4822 cap.
592 4754 647 4820 5,
677 4758 789 4808 lucc
825 4755 1041 4826 scripsit
1075 4775 1086 4810 :
1125 4775 1143 4807 ι
1175 4757 1239 4810 Et
1271 4758 1522 4825 quoniam
1561 4754 1856 4812 creatorem
1884 4759 1998 4826 Spi-

429 4827 596 4878 ritum
637 4838 859 4878 noverat
889 4825 1170 4894 (PullltlS).
1205 4829 1359 4879 docet
1393 4828 1568 4879 eidem
1607 4825 1947 4881 serviendum
1978 4843 1992 4879 :

435 4915 455 4944 ς
495 4895 677 4948 Videte
709 4910 873 4948 canes
907 4896 1103 4961 videte,
1131 4898 1298 4950 utalos
1330 4899 1626 4965 operarios,
1674 4899 1849 4950 videte
1873 4912 1997 4949 cou-

430 4965 698 5037 tisioueut
720 4986 733 5018 :
764 4982 859 5019 nos
881 4969 1021 5037 enim
1048 4982 1232 5020 sumus
1258 4967 1618 5037 circumcisio,
1643 4969 1730 5037 qui
1774 4965 1996 5037 Spiritui

434 5034 528 5088 Dei
563 5035 846 5088 servimus.
877 5055 895 5086 ι
949 5035 1100 5102 Quod
1131 5037 1174 5089 si
1211 5037 1334 5106 quis
1380 5041 1444 5091 de
1491 5034 1825 5090 Latinorum
1850 5036 1998 5089 codi-

430 5121 557 5175 cum
601 5107 860 5175 varietate
912 5109 1223 5166 couteudit,
1277 5123 1506 5173 quorum
1552 5108 1759 5175 aliquos
1808 5106 1995 5173 perlidi

434 5173 784 5239 falsaverunt,
827 5174 1320 5242 Gratcoanspiciat
1365 5179 1600 5234 codices,
1643 5173 1705 5228 iet
1751 5177 1998 5230 advertat

433 5246 561 5312 quia
595 5245 664 5297 ibi
694 5248 951 5318 scriptum
987 5258 1068 5300 est
1097 5266 1111 5301 :
1143 5248 1206 5300 Οί
1241 5245 1676 5318 ΠνεύματιίΘεοῦ
1709 5245 2001 5318 λατρεύοντ

431 5331 550 5377 τες,
589 5318 730 5384 quod
765 5317 1147 5384 interpretatur
1170 5316 1437 5372 Latinus:
1471 5336 1489 5368 ι
1513 5317 1610 5384 Qui
1646 5316 1868 5384 Spiritui
1909 5316 1997 5368 Dei

434 5385 718 5438 servimus.
750 5405 769 5437 ι
829 5386 970 5456 Ergo
1014 5404 1134 5439 cum
1181 5389 1523 5442 serviendum
1577 5388 1719 5442 dicat
1777 5386 2000 5456 Spiritui

437 5456 578 5508 idem
619 5455 927 5524 Apostolus,
985 5458 1073 5525 qui
1130 5473 1234 5510 non
1281 5471 1566 5519 creaturzc,
1627 5459 1719 5511 sed
1757 5455 2002 5511 Creatori

435 5525 634 5578 asserit
679 5527 1051 5589 serviendum;
1093 5529 1370 5581 evidenter
1410 5541 1595 5596 utique
1637 5536 1692 5580 et
1732 5529 1843 5596 ipse
1877 5542 2004 5579 san-

435 5608 580 5649 ctum
604 5596 836 5648 ostendit
859 5597 1116 5662 Spiritum
1149 5609 1466 5652 creatorem.
1498 5638 1510 5650 .
1533 5619 1577 5651 ,ι
1618 5599 1743 5651 Post
1778 5601 2006 5651 Ambro-

436 5667 575 5738 sium
612 5679 738 5718 vero
769 5667 1183 5738 Atrgustiuusiu
1223 5668 1359 5721 libro
1396 5669 1613 5738 quidem
1650 5683 1704 5722 ttt
1741 5671 1808 5721 ad
1836 5665 2005 5719 Boui-

440 5733 655 5802 facium,
687 5750 806 5802 cap.
834 5733 887 5799 7’,
932 5751 1079 5789 num.
1108 5736 1199 5800 2‘2,
1255 5740 1393 5793 hanc
1413 5733 1724 5793 'lectionum
1773 5738 2006 5791 varieta-

442 5815 1002 5871 temconnntmorat,
1052 5809 1184 5876 quin
1239 5809 1398 5862 ullam
1472 5825 1538 5864 ex
1608 5810 1713 5865 illis
1773 5809 2004 5878 rejiciat.

2096 2472 2113 2504 ι
2144 2451 2276 2505 Nam
2311 2467 2374 2505 ex
2405 2468 2512 2521 quo
2557 2453 2676 2506 loco
2723 2450 2964 2522 (inquit)
3013 2451 3252 2520 suscepit
3291 2449 3409 2522 ba’c
3457 2449 3658 2522 dicere,

2090 2524 2169 2576 sic
2229 2537 2456 2576 exorsus
2520 2534 2652 2576 est:
2692 2541 2711 2574 ι
2739 2521 2951 2576 Videte
2979 2537 3177 2578 canes.
3203 2559 3218 2574 .
3248 2562 3263 2576 .
3341 2521 3449 2574 Nos
3515 2521 3658 2572 enim

2088 2607 2278 2645 sumus
2300 2593 2665 2654 circumcisio,
2693 2593 2782 2660 qui
2811 2593 3000 2659 spiritu
3039 2589 3149 2645 Deo
3188 2591 3451 2644 servimus
3476 2606 3524 2660 gi
3556 2589 3662 2650 vel.

2090 2664 2230 2714 sicut
2264 2662 2503 2715 nonnulli
2526 2659 2740 2716 codices
2770 2662 2990 2724 habent,
3041 2678 3060 2711 ‹
3085 2662 3176 2729 qui
3210 2660 3435 2730 Spiritui
3464 2659 3607 2730 Deo,
3637 2677 3656 2709 ι

2089 2733 2194 2793 vel,
2232 2750 2250 2782 ι
2278 2731 2502 2800 Spiritui
2532 2733 2621 2785 Dei
2655 2731 2940 2790 servimus,
2972 2741 3025 2784 et
3056 2728 3353 2800 gloriamur
3375 2731 3426 2782 in
3448 2728 3664 2783 Christo

2094 2820 2112 2849 ι
2164 2799 2410 2865 Ιθειι,“ει
2455 2817 2558 2855 nou
2595 2802 2643 2854 in
2678 2815 2843 2855 carne
2898 2799 3144 2855 lidentes.
3173 2819 3191 2852 ι
3236 2799 3431 2853 Verum
3467 2815 3585 2868 cap.
3629 2801 3662 2851 7

2087 2871 2208 2924 libri
2242 2889 2255 2924 I
2307 2869 2383 2922 De
2415 2869 2670 2924 Trinitate
2700 2871 2902 2936 aliquot
2928 2881 3054 2923 ante
3085 2886 3255 2924 annos
3286 2872 3400 2923 haec
3426 2868 3660 2938 scripse—

2090 2953 2171 2993 rat
2198 2957 2344 2994 ntun.
2377 2941 2482 2994 l3:
2515 2960 2532 2990 ι
2560 2941 2822 2994 Similiter
2859 2949 2914 2993 et
2956 2942 3020 2994 de
3061 2941 3262 3008 Spiritu
3310 2948 3497 2992 sancto
3544 2938 3659 2990 cnl-

2085 3009 2217 3063 lecta
2259 3021 2382 3062 sunt
2440 3011 2770 3073 testimonia,
2824 3009 3018 3077 quibus
3063 3023 3188 3063 ante
3227 3025 3344 3066 nos,
3398 3009 3488 3072 qui
3545 3008 3660 3060 haec

2083 3080 2894 3147 disputaveruntabundantius,
2932 3079 3010 3133 usi
3054 3091 3202 3143 sunt,
3245 3082 3335 3149 (an
3372 3077 3657 3149 Didymqu

2093 3165 2306 3216 quoque
2333 3149 2417 3203 hic
2452 3150 3077 3219 respicitAugustinus?)
3111 3151 3232 3217 quia
3255 3159 3309 3202 et
3347 3149 3460 3219 ipse
3496 3148 3658 3219 Deus,

2092 3230 2144 3272 et
2192 3235 2298 3272 non
2342 3229 2627 3271 creatura.
2655 3256 2671 3272 .
2703 3261 2716 3275 .
2768 3218 3000 3272 Maxime
3039 3217 3167 3272 vero
3211 3219 3300 3271 illo
3359 3218 3476 3271 loco
3531 3217 3662 3272 satis

2093 3289 2280 3350 claret,
2316 3290 2455 3355 quod
2493 3289 2725 3356 Spiritus
2764 3301 2986 3342 sanctus
3027 3304 3129 3342 ttOn
3163 3290 3234 3340 sit
3261 3297 3535 3348 creatura,
3570 3286 3661 3338 ubi

2087 3359 2344 3425 jubemur
2375 3375 2477 3410 non
2508 3359 2711 3412 δυτικὴ-ε
2752 3371 3038 3421 creaturae,
3086 3362 3180 3411 sed
3219 3357 3462 3412 Creatori
3501 3371 3515 3408 :
3557 3370 3661 3408 non

2096 3444 2159 3482 eo
2185 3429 2362 3488 modo,
2400 3444 2504 3495 quo
2528 3427 2783 3494 jubemur
2812 3445 2904 3491 per
2931 3428 3251 3480 rharitatem
3290 3430 3492 3481 servire
3529 3425 3663 3479 invi-

2093 3513 2232 3556 cem,
2264 3500 2404 3566 quod
2428 3505 2509 3550 est
2540 3499 2727 3552 Graece
2769 3497 3061 3560 δουλεύειν,
3110 3501 3202 3550 sed
3246 3512 3310 3549 eo
3348 3498 3525 3556 modo,
3557 3511 3664 3564 qtto

2096 3579 2298 3620 tantum
2331 3568 2436 3620 Deo
2467 3570 2721 3628 servitur,
2757 3571 2897 3637 quod
2934 3579 3015 3621 est
3048 3567 3233 3622 Graece
3260 3566 3542 3636 λατρεύειν
3563 3605 3579 3637 ._
3603 3606 3617 3618 .
3645 3603 3661 3617 .

2093 3637 2261 3692 Porro
2306 3639 2348 3690 si
2395 3639 2483 3692 tali
2536 3635 2797 3691 servitute
2841 3648 3102 3692 creatnrae
3155 3635 3377 3690 servire,
3413 3635 3664 3702 prohibe-

2097 3723 2216 3760 mur
2241 3747 2254 3762 .
2283 3745 2297 3758 .
2328 3745 2342 3759 .
2371 3749 2386 3763 .
2414 3747 2429 3771 ,
2479 3723 2584 3760 non
2617 3719 2699 3760 est
2731 3708 2917 3777 utique
2964 3718 3216 3761 creatura
3259 3707 3664 3777 Spiritusrsan-

2095 3787 2235 3843 ctus,
2262 3781 2346 3830 cui
2385 3782 2451 3831 ab
2478 3779 2730 3830 omnibus
2765 3776 2969 3832 sanctis
3007 3778 3128 3830 talis
3173 3779 3407 3831 servitus
3439 3776 3664 3828 exhibe-

2103 3857 2212 3910 tur,
2262 3847 2473 3900 dicettle
2505 3847 2761 3914 Apostolo
2792 3865 2804 3900 :
2842 3870 2859 3897 ι
2884 3847 2988 3901 Nos
3033 3849 3173 3902 enim
3211 3862 3397 3900 sumus
3435 3848 3667 3899 circum-

2101 3917 2254 3987 cisio,
2281 3918 2514 3987 Spiritui
2553 3917 2642 3970 Dei
2669 3918 2988 3980 servientes,
3016 3937 3034 3968 ι
3070 3919 3210 3987 quod
3278 3917 3442 3987 estin
3477 3914 3667 3987 ϐιωᾳο

2095 3984 2469 4057 λατρεύοντες.
2501 3987 2690 4057 Plures
2737 3987 2880 4041 enim
2917 3984 3130 4042 codices
3168 3989 3329 4040 etiam
3364 3985 3535 4057 Lalittj
3589 3986 3668 4057 sic

2098 4054 2300 4109 habent
2345 4075 2358 4111 :
2411 4057 2552 4123 «Qui
2624 4055 2846 4126 Spiritui
2914 4057 3003 4111 Dei
3063 4060 3328 4111 servimus
3373 4074 3442 4126 ξ»
3495 4054 3668 4110 01·ωοί

2097 4137 2275 4178 autem
2306 4144 2513 4191 omnes,
2549 4139 2640 4179 aut
2667 4124 2814 4194 pene
2847 4143 3056 4182 omnes.
3102 4126 3156 4180 ltt
3185 4124 3459 4180 nonnullis
3485 4135 3664 4194 autem

2097 4196 2493 4263 exetnplaribus
2564 4193 2771 4252 Latinis
2837 4199 3135 4250 invenimus
3189 4213 3330 4259 non,
3397 4193 3665 4263 «Spiritui

2101 4265 2190 4317 Dei
2214 4333 2219 4334 γ
2243 4262 2529 4329 Servimus,
2553 4286 2571 4317 ι
2616 4269 2732 4329 sed,
2773 4285 2790 4316 ι
2819 4269 3008 4334 spiritu
3049 4268 3154 4320 Deo
3185 4269 3466 4320 servimus.
3493 4284 3510 4314 ι
3559 4262 3665 4316 Sed

2095 4335 2185 4403 qui
2211 4333 2264 4387 in
2297 4339 2396 4389 hoc
2421 4347 2626 4400 errant,
2656 4348 2708 4390 et
2743 4333 3050 4389 auctoritati
3084 4338 3315 4406 graviori
3342 4335 3664 4406 cederede-

2097 4414 2360 4469 trcctant,
2433 4408 2670 4474 nunquid
2732 4417 2786 4458 et
2839 4407 2964 4458 illttd
3026 4405 3233 4458 varium
3291 4407 3338 4457 iu
3391 4405 3667 4457 codicibus

2099 4475 2370 4544 reperiunt
2393 4495 2404 4528 :
2427 4473 2687 4530 (NeSCitis
2713 4476 2835 4544 quia
2859 4492 3084 4544 corpora
3114 4487 3338 4536 vestra,»
3366 4483 3419 4526 et
3449 4487 3665 4544 rmtera.

2165 4542 2242 4616 (5)
2373 4557 2567 4599 autent.
2591 4542 2747 4600 Rom.
2786 4559 2898 4609 vut,
2937 4547 3020 4598 Η.
3049 4543 3180 4599 Vide
3214 4557 3368 4600 notas
3401 4544 3470 4598 55
3490 4552 3543 4598 et
3575 4542 3669 4607 56,

2098 4629 2216 4683 pag.
2247 4615 2365 4668 180.

2125 4715 2132 4721 -
2169 4686 2245 4752 (ti;
2281 4685 2732 4751 Sempiteruaque.
2771 4687 2935 4740 Rom.
2971 4701 3008 4747 ι,
3038 4685 3128 4740 20.

2196 4754 2247 4822 7)
2280 4755 2672 4826 rlmminuatur.
2717 4755 2860 4819 lianc,
2921 4760 2972 4809 tti
3028 4757 3204 4819 l'allor,
3252 4755 3458 4826 Didymi
3516 4770 3673 4810 mens

2098 4836 2181 4878 est
2219 4843 2230 4877 :
2267 4825 2526 4878 Catholici
2579 4824 2836 4892 Spiritum
2877 4835 3122 4879 sant-tum
3173 4824 3494 4881 Deum—esse
3542 4842 3670 4895 pro-

2100 4899 2228 4966 bant
2254 4911 2318 4966 ex
2351 4895 2415 4948 iis
2437 4897 2730 4966 Scriptura:
2760 4897 2913 4966 locis,
2947 4896 2999 4949 in
3019 4897 3211 4965 quibus
3238 4898 3348 4966 ipse
3375 4897 3676 4964 appellatur

2106 4981 2125 5013 ‹
2155 4964 2385 5032 Spiritus
2428 4965 2660 5036 divinus.
2688 4984 2705 5015 ι
2739 4965 2895 5036 (Vide
2934 4964 3102 5035 segni.
3146 4967 3214 5020 56
3253 4964 3284 5020 ὰ
3323 4977 3375 5020 et
3411 4968 3486 5036 b.)
3539 4967 3674 5020 Nam

2100 5039 2286 5087 eodem
2317 5035 2472 5085 modo
2513 5052 2530 5084 ι
2559 5035 2798 5088 divinum
2828 5056 2846 5087 ι
2890 5037 3086 5090 Paulus
3130 5049 3280 5090 vocat
3315 5037 3476 5091 etiam
3509 5039 3675 5090 Deum

2102 5103 2337 5167 Patrem,
2367 5104 2492 5156 dum
2517 5104 2632 5168 eius
2677 5123 2696 5155 ι
2727 5109 3060 5159 diVinitatem
3093 5125 3111 5157 ι
3162 5109 3404 5160 nominat
3448 5111 3600 5160 ltom.
3633 5121 3674 5171 ι,

2101 5173 2172 5228 20
2197 5190 2210 5237 ;
2248 5173 2483 5242 loquitur
2512 5177 2652 5227 enim
2680 5177 2750 5229 ibi
2778 5176 2842 5230 de
2876 5179 2981 5230 Deo
3008 5175 3188 5230 Patre.
3223 5177 3472 5231 llaeretici
3499 5179 3676 5245 itaque

2105 5254 2162 5296 ιιι
2191 5246 2345 5296 istam
2367 5245 2770 5298 Catbolicorutn
2803 5247 3065 5299 rationem
3105 5249 3462 5311 iulirmarent,
3495 5249 3545 5299 in
3575 5251 3676 5300 hoc

2104 5313 2252 5366 Pauli
2310 5313 2430 5366 loco
2491 5329 2674 5368 vocem
2729 5313 2961 5388 θειότης,
3023 5318 3072 5370 id
3133 5329 3217 5372 est
3281 5335 3300 5368 ι
3341 5319 3677 5378 ύὶνὶιιίι;ιε,ι

2103 5393 2500 5458 expunxerunt,
2573 5399 2638 5439 ac
2680 5400 2775 5458 pro
2837 5402 2900 5441 ea
2949 5389 3284 5456 scripserunt
3333 5389 3678 5458 Iegeruntque

2105 5452 2321 5528 θεότης,
2353 5455 2402 5506 id
2437 5463 2521 5528 est
2563 5472 2580 5506 ι
2605 5457 2801 5528 deitas.
2831 5475 2850 5528 ι
2895 5458 3008 5528 Ipse
3051 5452 3546 5528 tatneuiDidimus,
3584 5452 3680 5508 aut

2105 5535 2252 5576 certe
2272 5524 2541 5598 librarius,
2576 5541 2696 5595 pag.
2735 5524 2804 5578 73
2837 5524 2965 5598 legit
2988 5526 3196 5598 θεότης.
3231 5524 3682 5598 ΙΙΙιιιΙίιιιΙιὶλριιιιτ

2109 5604 2257 5647 terea
2289 5595 2339 5646 itt
2369 5593 2602 5666 mentem
2651 5593 2816 5659 venit,
2857 5593 3146 5666 Didymuut
3172 5600 3412 5666 fortasse
3440 5595 3507 5666 in,
3526 5593 3678 5666 Pauli

2107 5666 2286 5734 verbis
2323 5680 2342 5714 ‹
2369 5665 2582 5719 virtutis
2605 5684 2623 5716 ι
2665 5667 2878 5720 nomine
2919 5663 3135 5732 Filium,
3171 5667 3260 5734 qui
3313 5667 3364 5717 in
3398 5663 3415 5717 l
3445 5665 3510 5715 ad
3549 5664 3675 5717 Cor.

2109 5748 2148 5796 I,
2176 5732 2266 5809 24,
2299 5734 2510 5809 dicitur.
2531 5736 2751 5809 (virtus
2773 5755 2791 5786 ι
2828 5735 3038 5809 Patris;
3068 5753 3087 5809 ι
3117 5732 3415 5809 divinitatis
3437 5742 3682 5809 “autem

2110 5804 2368 5860 vacabulo
2412 5822 2431 5856 ι
2462 5803 2700 5860 divinum
2731 5825 2750 5858 ι
2771 5806 3045 5874 Spiritum
3073 5805 3394 5876 intelligere.
