4054 6404
369 376 478 430 069

1400 378 1490 435 DE
1528 380 1909 438 TBINITATE
1946 382 2155 438 LIBER
2191 382 2578 440 SECUNDUS.

3533 392 3639 448 670

369 489 465 545 καὶ
488 491 603 555 τοῖς
622 488 786 553 θείοις
798 489 899 561 τῆς
920 489 1301 564 κολυμϐήθρας
1323 494 1558 566 ῥείθροις
1571 497 1669 569 τὴν
1688 499 1957 571 τοσαύτην

2072 514 2154 554 nae
2213 500 2328 571 (14)
2383 500 2602 555 ﬂuentis
2651 508 2854 556 tantam
2909 501 3168 572 gehennae
3228 503 3643 575 inexstingnibi-

368 584 468 653 τῆς
492 582 718 651 γεέννης
736 582 995 637 ἄσϐεστον
1017 584 1410 639 κατασϐέννυσι
1433 588 1627 657 φλόγα.
1650 592 1837 644 Διτταὶ
1851 593 1959 662 γὰρ

368 673 608 742 γίνονται
639 672 860 741 κυήσεις
888 672 1217 743 ἀνθρώποις,
1250 678 1282 746 ἡ
1318 676 1416 746 μὲν
1449 679 1512 731 ἐκ
1538 678 1791 749 σώματος
1824 683 1960 751 ἡμε-

368 764 548 834 τέρου,
575 765 610 832 ἡ
640 764 697 816 δὲ
731 767 797 816 ἐκ
830 763 923 816 τοῦ
958 764 1103 819 θείου
1133 767 1470 838 Πνεύματος.
1500 771 1638 842 Περὶ
1665 771 1721 824 δὲ
1753 772 1959 827 τούτων

368 854 579 917 οἰκείως
647 853 890 925 ἔγραζαν
955 854 1274 926 δογματικοὶ
1336 857 1547 930 ἄνδρες·
1615 860 1961 931 παραγράψω

369 949 411 1001 δ’
438 948 667 1001 ἑκάστου
705 947 766 999 τό
802 964 861 999 τε
896 947 1066 1018 ὄνομα
1100 949 1194 1002 καὶ
1242 950 1374 1003 αὐτὸ
1391 950 1452 1003 τὸ
1471 952 1735 1023 διήγημα.
1776 954 1960 1007 Ἰωάν-

369 1055 485 1112 νης·
530 1058 550 1091 ι
584 1039 739 1091 Ὅσοι
766 1039 822 1092 δὲ
860 1039 1051 1092 ἔλαϐον
1088 1042 1271 1107 αὑτὸν,
1327 1041 1529 1097 ἔδωκεν
1579 1046 1763 1109 αύτοῖς
1808 1045 1961 1112 ἐξου-

372 1132 491 1184 σίαν
514 1131 683 1183 τέκνα
740 1130 875 1183 Θεοῦ
932 1131 1211 1199 γενέσθαι,
1250 1136 1364 1197 τοῖς
1414 1137 1759 1191 πιστεύουσιν
1792 1140 1871 1201 εἰς
1899 1142 1961 1191 τὸ

368 1222 541 1293 ὄνομα
578 1222 761 1276 αὑτοῦ·
797 1223 847 1276 οἳ
888 1224 987 1277 ούκ
1012 1224 1071 1290 ἐξ
1097 1225 1367 1295 αἱμάτων,
1400 1228 1521 1281 οὐδὲ
1554 1230 1619 1281 ἐκ
1651 1228 1961 1300 θελήματος

370 1313 593 1384 σαρκὸς,
649 1313 772 1367 οὐδὲ
822 1316 886 1366 ἐκ
945 1313 1250 1386 θελήματος
1282 1316 1499 1388 ἀνδρὸς,
1545 1319 1659 1373 ἀλλ’
1711 1322 1777 1373 ἐκ
1823 1320 1959 1375 Θεοῦ

372 1405 757 1476 ἐγεννήθησαν.
803 1426 822 1458 ι
876 1407 1054 1471 Ὅσοι,
1114 1408 1302 1478 φησὶν,
1366 1412 1694 1466 ἐπίστευσαν
1734 1414 1815 1477 εἰς
1866 1413 1960 1467 τὸν

369 1498 622 1570 Χριστὸν,
655 1498 901 1563 ἐδέξαντο
923 1498 1170 1563 ἐξουσίαν
1192 1500 1357 1555 τέκνα
1373 1502 1505 1556 Θεοῦ
1529 1504 1800 1573 γενέσθαι,
1816 1504 1960 1559 τοῦτ’

368 1589 517 1642 ἔστιν
540 1589 635 1642 τοῦ
666 1589 821 1659 ἁγίου
856 1591 1195 1661 Πνεύματος,
1228 1594 1322 1646 καὶ
1378 1595 1702 1665 συγγένειαν
1749 1597 1955 1668 κτήσαι

372 1682 496 1735 σθαι
534 1683 671 1754 πρὸς
696 1683 788 1736 τὸν
824 1683 980 1748 Θεὸν,
1016 1684 1144 1756 [115
1185 1684 1239 1758 a]
1270 1682 1339 1759 ἦς
1371 1686 1471 1740 ούκ
1523 1687 1836 1758 ἠξιώθησαν
1860 1690 1960 1758 ἄγτ

368 1773 538 1841 γελοι.
596 1773 781 1844 Δηλῶν
840 1775 969 1846 γὰρ,
1033 1776 1115 1829 ὅτι
1162 1778 1192 1829 ὁ
1258 1776 1465 1845 γεννῶν
1511 1778 1643 1842 Θεὸς
1705 1781 1766 1832 τὸ
1808 1779 1961 1847 ἅγιον

2066 591 2168 644 lem
2201 590 2313 660 (15)
2346 589 2511 662 25.9
2542 590 2817 645 ﬂammam
2854 590 2966 663 (16)
3009 594 3323 663 exstinguit.
3364 595 3491 649 Duae
3518 609 3643 652 sunt

2065 683 2208 736 enim
2240 683 2547 736 hominibus
2572 683 2979 751 conceptiones,
3004 682 3172 737 altera
3203 699 3269 738 ex
3302 687 3503 740 nostris
3526 702 3644 741 cor-

2067 775 2310 843 poribus,
2339 773 2508 828 altera
2542 789 2609 828 ex
2643 774 2825 828 divino
2863 774 3092 842 Spiritu.
3141 775 3216 829 De
3254 785 3483 843 utraque
3522 788 3644 848 apte

2066 859 2405 928 scripserunt
2441 861 2731 928 dogmatici
2766 861 2889 914 viri.
2913 862 3027 933 Ego
3056 877 3187 917 vero
3220 865 3645 936 uniuscujusque

2065 961 2122 1004 et
2177 966 2375 1004 nomen
2426 950 2721 1015 ascribam,
2774 961 2831 1004 et
2883 952 3187 1006 doctrinam
3244 953 3436 1023 ipsam.
3490 954 3647 1011 Joan-

2067 1058 2162 1097 nes
2192 1062 2205 1097 :
2239 1061 2257 1093 I
2295 1043 2570 1112 Quotquot
2596 1043 2707 1115 (17)
2741 1055 2921 1097 autem
2948 1055 3277 1113 acceperunt
3321 1062 3468 1111 eum,
3499 1048 3647 1104 dedit

2065 1134 2146 1188 eis
2180 1142 2500 1203 potestatem
2531 1133 2672 1187 ﬁlios
2706 1133 2797 1187 Dei
2851 1132 2989 1198 ﬁeri,
3039 1134 3126 1189 his
3177 1135 3271 1204 qui
3311 1138 3539 1203 credunt
3586 1141 3640 1195 in

2067 1240 2264 1279 nomen
2296 1225 2432 1293 ejus,
2461 1224 2554 1293 qui
2593 1239 2700 1278 non
2733 1240 2797 1279 ex
2835 1225 3209 1293 sanguinibus,
3242 1241 3418 1295 neque
3456 1244 3523 1283 ex
3553 1245 3648 1285 vo-

2067 1314 2276 1370 luntate
2327 1315 2532 1382 carnis,
2600 1330 2778 1384 neque
2814 1330 2881 1370 ex
2937 1316 3213 1371 voluntate
3264 1319 3390 1386 viri,
3425 1321 3518 1375 sed
3568 1337 3636 1377 ex

2067 1408 2178 1463 Deo
2201 1410 2314 1463 nati
2344 1420 2471 1463 sunt
2494 1407 2627 1479 (18).
2660 1428 2678 1460 ι
2715 1406 3013 1477 Quotquot,
3058 1409 3253 1478 inquit,
3286 1412 3338 1465 in
3369 1412 3643 1467 Christum

2066 1501 2435 1565 crediderunt,
2465 1508 2790 1570 potestatem
2819 1512 3143 1568 acceperunt
3184 1511 3243 1556 ut
3273 1503 3367 1557 lilii
3398 1504 3490 1559 Dei
3521 1505 3641 1559 etii-

2067 1602 2346 1656 cerentnr,
2371 1592 2423 1646 id
2456 1599 2559 1654 est,
2605 1591 2840 1660 Spiritus
2870 1592 3065 1657 sancti,
3109 1601 3275 1662 utque
3316 1610 3648 1666 congeneres

2067 1685 2262 1740 ﬁerent
2305 1683 2444 1750 Dei;
2493 1683 2845 1753 quo'bonore
2885 1685 3086 1755 dignati
3120 1702 3226 1740 non
3279 1696 3405 1740 sunt
3446 1687 3646 1756 angeli.

2072 1772 2139 1828 Ut
2181 1774 2328 1827 enim
2411 1772 2763 1837 ostenderet,
2819 1773 2963 1841 quod
3029 1788 3298 1842 generans
3355 1772 3445 1826 ille
3507 1772 3649 1829 Deus

370 1865 599 1936 Πνεῦμά
628 1866 797 1930 ἐστιν,
822 1868 1101 1938 ἐπήγαγεν
1141 1868 1251 1922 ἀπὸ
1282 1869 1378 1922 τοῦ
1417 1869 1675 1941 Χριστοῦ·
1708 1889 1727 1922 ι
1760 1870 1957 1941 Ἀμὴν,

2065 1865 2297 1933 Spiritus
2335 1876 2561 1918 sanctus
2592 1873 2700 1928 est,
2748 1861 3030 1931 subjunxit
3083 1879 3151 1918 ex
3196 1880 3427 1934 persona
3480 1864 3645 1919 Chri-

370 1957 519 2028 ἁμὴν
569 1957 711 2026 λέγω
759 1975 861 2012 σοι·
905 1959 1001 2014 ἐὰν
1046 1961 1120 2032 μή
1154 1979 1238 2025 τις
1263 1962 1498 2033 γεννηθῇ
1535 1962 1594 2027 ἐξ
1618 1962 1809 2027 ὓδατος
1864 1963 1958 2015 καὶ

368 2048 708 2120 Πνεύματος,
751 2051 814 2103 ού
870 2050 1095 2105 δύναται
1128 2053 1392 2107 εἰσελθεῖν
1427 2055 1507 2118 είς
1539 2054 1638 2127 τὴν
1687 2055 1961 2125 βασιλείαν

376 2141 474 2195 τοῦ
523 2141 680 2195 Θεοῦ.
738 2142 810 2195 Τὸ
866 2144 1264 2215 γεγεννημένον
1314 2145 1380 2198 ἐκ
1428 2147 1528 2216 τῆς
1570 2148 1771 2217 σαρκὸς
1828 2147 1965 2218 σάρξ

368 2235 539 2285 ἐστιν·
564 2232 658 2285 καὶ
690 2231 750 2285 τὸ
774 2233 1171 2303 γεγεννημένον
1196 2237 1260 2289 ἐκ
1294 2234 1388 2289 τοῦ
1418 2236 1557 2289 Πνεύ
1568 2254 1737 2307 ματος
1790 2239 1966 2291 Πνεῦ-

371 2324 451 2393 pi
503 2324 672 2377 ἐστιν.
722 2323 814 2394 Μὴ
868 2323 1175 2397 θαυμάσῃς,
1210 2328 1294 2380 ὅτι
1340 2324 1496 2381 εἶπόν
1526 2346 1628 2382 σοι·
1666 2332 1759 2383 Δεῖ
1817 2331 1963 2401 ὑμᾶς

367 2415 692 2486 γεννηθῆναι
744 2416 968 2471 ἄνωθεν.
1030 2420 1105 2472 Τὸ
1146 2419 1393 2492 Πνεῦμα,
1427 2423 1560 2475 ὅπου
1610 2421 1752 2476 θέλει
1816 2426 1959 2477 πνεῖ·

369 2505 468 2557 καὶ
500 2505 598 2577 τὴν
642 2507 825 2577 φωνὴν
869 2506 1033 2560 αὐτοῦ
1059 2507 1295 2573 ἀκούεις·
1328 2510 1442 2564 ἀλλ’
1475 2511 1575 2564 ούκ
1601 2507 1769 2576 οἶδας,
1797 2512 1962 2566 πόθεν

369 2596 612 2668 ἔρχεται,
651 2598 743 2650 καὶ
775 2598 877 2651 ποῦ
905 2588 1123 2668 ύτξάγει.
1170 2599 1360 2665 Οὕτως
1388 2601 1535 2656 ἐστιν
1573 2605 1680 2667 πᾶς
1709 2605 1737 2657 ὁ
1766 2620 1963 2672 γεγεν-

367 2688 601 2760 νημένος
629 2690 694 2742 ὲκ
740 2688 834 2741 τοῦ
864 2690 1201 2760 Πνεύματος.
1244 2712 1262 2742 ι
1302 2692 1392 2764 Τῷ
1421 2695 1616 2747 εἰπεῖν·
1651 2714 1669 2747 ι
1711 2695 1836 2749 Ἐὰν
1871 2696 1945 2767 μή

369 2797 456 2843 τις
476 2780 703 2851 γεννηθῇ
725 2780 784 2847 ἐξ
800 2779 990 2845 ὕδατος
1021 2782 1115 2836 καὶ
1141 2783 1477 2854 Πνεύματος,
1500 2787 1560 2840 ού
1584 2786 1808 2841 δύναται
1830 2789 1945 2840 εἱσ-

369 2868 545 2924 ελθεῖν
571 2871 649 2933 είς
675 2868 774 2940 τὴν
806 2869 1080 2940 βασιλείαν
1110 2869 1204 2924 τοῦ
1237 2870 1395 2925 Θεοῦ·
1446 2894 1463 2923 υ
1499 2874 1618 2938 καὶ,
1657 2891 1675 2924 I
1703 2875 1795 2926 Δεῖ
1818 2874 1964 2943 ὑμᾶς

370 2960 694 3033 γεννηθῆναι
717 2960 942 3015 ἄνωθεν·
985 2979 1004 3012 ι
1048 2962 1343 3034 ἐσήμανεν,
1376 2964 1474 3030 ὡς,
1506 2964 1608 3019 κᾶν
1643 2966 1723 3029 εἰς
1752 2964 1812 3018 τὸ
1840 2963 1960 3018 δνο-

470 3183 556 3247 14)
607 3182 855 3254 Piscium.
889 3185 1024 3240 Vide
1058 3193 1173 3240 not.
1199 3183 1288 3243 82.
1313 3200 1435 3254 pag.
1477 3185 1601 3240 156.

474 3255 559 3317 15)
596 3253 1111 3325 Inexstingnibilem.
1152 3253 1463 3309 AccuSatur
1492 3255 1775 3325 Origenes,
1809 3257 1952 3324 quod

372 3323 730 3394 reproborum
761 3327 813 3378 iI:
840 3323 1059 3381 inferno
1113 3340 1301 3391 pteuas
1347 3323 1741 3379 :nteruas'iore
1784 3323 1953 3392 nega-

371 3398 535 3450 verit.
568 3394 703 3449 Vide
728 3403 841 3451 not.
872 3397 928 3461 8,
965 3412 1089 3465 pag.
1118 3395 1244 3450 131.
1282 3395 1668 3463 Origenianum
1699 3410 1825 3450 vero
1854 3396 1957 3450 hac

374 3467 433 3521 in
487 3466 876 3536 re__DidymuIn
926 3482 1034 3520 non
1092 3480 1212 3519 esse
1262 3475 1488 3534 apparet
1534 3466 1699 3536 etiam
1740 3481 1804 3519 ex
1854 3465 1957 3520 hoc

375 3536 515 3590 loco.
545 3534 652 3589 Nec
680 3534 822 3589 enim
845 3537 1098 3591 ferendus
1128 3546 1272 3588 esset
1312 3536 1620 3588 calholirus
1651 3535 1953 3602 theologus,

374 3607 469 3673 qui
515 3606 783 3677 locutione
832 3606 943 3671 illa,
978 3604 1101 3677 ei];
1150 3605 1379 3677 γεέννης
1438 3604 1702 3677 ἄσϐεστον
1759 3605 1956 3674 φλόγα,

373 3675 668 3747 significari
685 3677 878 3747 vellett
906 3674 1161 3747 gehennae
1180 3674 1487 3747 ﬂammam)
1508 3690 1611 3747 non
1641 3693 1671 3747 «γ
1691 3675 1959 3731 inexstin-

376 3744 688 3815 nubilem,»
715 3746 807 3800 sed
840 3744 1308 3800 ιὶηέκειὶιιοιειιιι.»
1342 3744 1453 3799 Hac
1484 3746 1637 3799 enim.
1662 3746 1773 3814 ipsa
1800 3760 1954 3811 voce,

385 3815 672 3880 ἄσϐεστος,
710 3817 776 3869 ad
818 3816 1197 3885 declarandam
1254 3816 1645 3885 suppliciorum
1684 3816 1960 3869 aeternita-

378 3897 487 3939 tem
512 3901 643 3941 usus
693 3894 778 3940 est
834 3884 1084 3939 Christus
1138 3888 1275 3954 apud
1326 3884 1603 3949 Marcum,
1668 3900 1716 3939 c.
1760 3884 1956 3951 ικ,44,

374 3956 470 4019 45,
501 3956 641 4009 unde
694 3971 757 4010 ea
809 3956 1008 4009 locutio
1049 3954 1330 4019 desumpta
1385 3965 1519 4009 est:
1568 3958 1637 4009 ibi
1681 3956 1823 4008 enim
1883 3956 1960 4009 le-

378 4036 569 4089 gitur:
630 4027 724 4089 Εἰς
773 4027 873 4093 τὴν
924 4024 1187 4095 γέενναν,
1213 4027 1293 4087 είς
1330 4024 1391 4078 τὸ
1430 4024 1544 4095 πῦρ
1578 4025 1643 4095 τδί
1674 4023 1956 4090 ἄσϐεστον,

378 4096 515 4149 ὅπου
535 4098 564 4150 ὁ
591 4095 804 4167 σκώληξ
825 4095 1004 4149 αὐτῶν
1026 4094 1088 4148 ού
1118 4094 1367 4167 τελευτᾷ,
1387 4094 1559 4153 καὶτὸ
1586 4094 1697 4167 πῦρ
1721 4096 1780 4148 οὐ
1813 4096 1960 4148 σϐέν-

383 4149 558 4229 νυται,
591 4149 875 4231 idestiaut
909 4175 1060 4219 recte
1108 4168 1271 4218 vertit
1321 4149 1814 4234 Vulg..interpres,
1852 4184 1870 4217 I
1903 4167 1956 4219 in

384 4238 683 4303 gehennam
709 4237 851 4302 ignis
882 4235 1359 4305 iuexstiuguihilis,
1401 4235 1491 4287 uhi
1524 4236 1727 4290 vermis
1768 4250 1957 4289 eorum

386 4321 493 4359 non
528 4307 774 4369 moritur,
809 4317 863 4359 et
886 4305 1027 4375 ignis
1060 4323 1163 4375 non
1203 4306 1587 4373 exstinguitur.
1625 4324 1644 4357 ι
1686 4306 1816 4370 Quae
1865 4321 1959 4374 po-

383 4387 586 4431 streIna
628 4377 787 4429 verba
818 4392 884 4429 ex
916 4374 1117 4428 ultimo
1145 4374 1295 4429 Isaiae
1332 4375 1604 4430 versiculo
1640 4376 1957 4442 deprompta

381 4457 532 4510 sunt,
560 4448 647 4500 ubi
681 4462 776 4512 pro
800 4446 862 4499 οὐ
892 4444 1199 4504 σϐέννυται,
1231 4446 1280 4497 id
1331 4452 1415 4498 est
1463 4462 1480 4495 I
1525 4462 1629 4500 non
1660 4444 1959 4509 exsangui-

380 4526 492 4579 tur,
531 4535 549 4567 ι
579 4516 765 4571 Graeca
783 4516 948 4570 editio
977 4516 1166 4570 eodem
1192 4530 1353 4568 sensu
1393 4515 1598 4586 habet:
1634 4514 1693 4568 ού
1729 4512 1961 4586 σϐεσθή-

2066 1957 2132 2013 sti
2161 1976 2175 2011 :
2213 1976 2232 2008 ι
2270 1956 2440 2010 Amen
2471 1954 2582 2026 (19)
2617 1970 2775 2009 amen
2805 1955 2926 2010 dico
2960 1955 3053 2009 tibi
3083 1972 3099 2009 ι
3131 1955 3231 2009 nisi
3274 1956 3398 2024 quis
3424 1956 3643 2025 genitus

2057 2047 2222 2103 fuerit
2264 2062 2329 2103 ex
2379 2062 2519 2116 aqua
2578 2056 2634 2101 et
2685 2044 2910 2114 Spiritu,
2958 2061 3062 2099 non
3098 2054 3278 2115 potest
3324 2045 3551 2099 introire
3585 2044 3648 2098 in

2060 2153 2281 2209 regnum
2314 2138 2407 2191 Dei
2439 2155 2454 2204 ;
2484 2137 2626 2206 quod
2654 2137 2892 2206 genitum
2919 2145 3004 2191 est
3031 2150 3097 2190 ex
3136 2151 3325 2202 carne,
3358 2150 3485 2194 caro
3515 2144 3641 2200 est;

2057 2240 2115 2284 et
2147 2228 2290 2297 quod
2328 2229 2566 2298 genitum
2603 2236 2687 2282 est
2723 2242 2786 2281 ex
2837 2225 3065 2297 Spiritu,
3114 2225 3350 2296 Spiritus
3379 2236 3464 2281 est
3505 2223 3644 2297 (‘20).

2056 2318 2174 2374 Non
2207 2318 2442 2385 mireris,
2484 2317 2611 2387 quia
2645 2316 2756 2371 dixi
2790 2316 2928 2371 tibi:
2980 2315 3207 2384 Oportet
3242 2332 3339 2370 vos
3374 2316 3523 2370 nasci
3552 2316 3648 2370 de-

2058 2426 2167 2466 nuo
2190 2411 2324 2482 (aut,
2351 2430 2371 2463 ‹
2391 2408 2699 2481 desuper»).
2728 2407 2963 2477 Spiritus
2989 2408 3078 2462 ubi
3109 2408 3427 2477 vultspirat,
3455 2416 3510 2463 et
3548 2421 3644 2461 vo-

2059 2519 2176 2558 cem
2209 2502 2325 2571 ejus
2350 2503 2524 2566 audis,
2555 2501 2648 2557 sed
2678 2501 2857 2556 nescis
2879 2500 3022 2554 unde
3053 2501 3221 2567 venit,
3252 2511 3307 2555 et
3337 2516 3446 2571 quo
3472 2502 3644 2557 vadit.

2059 2596 2150 2653 Sic
2172 2603 2254 2650 est
2286 2594 2465 2649 omnis
2512 2593 2601 2663 qui
2647 2604 2805 2647 natus
2832 2600 2915 2647 est
2944 2607 3009 2647 ex
3040 2591 3269 2661 Spiritu.
3311 2609 3331 2643 ι
3365 2589 3499 2645 Cum
3528 2591 3643 2645 ait:

2065 2707 2083 2740 ι
2117 2687 2227 2742 Nisi
2264 2688 2383 2756 quis
2408 2688 2623 2756 genitus
2665 2685 2826 2741 fuerit
2851 2700 2919 2739 ex
2973 2698 3136 2753 aqua,
3171 2695 3224 2738 et
3272 2682 3499 2752 Spiritu,
3542 2699 3649 2738 non

2059 2787 2240 2847 potest
2270 2777 2497 2831 introire
2542 2776 2594 2830 in
2625 2791 2853 2845 regnum
2889 2774 3018 2840 Dei;
3062 2793 3081 2826 ι
3109 2783 3165 2828 et
3197 2792 3210 2828 :
3247 2792 3264 2824 I
3292 2774 3523 2844 Oportet
3555 2789 3651 2829 vos

2061 2868 2307 2939 generari
2334 2868 2512 2923 denuo
2542 2867 2563 2939 (
2588 2883 2681 2922 seu
2712 2887 2730 2919 I
2761 2869 2827 2923 de
2860 2867 3108 2939 coelo»).I
3130 2865 3649 2937 zﬁosiguihcavit,

2067 2960 2231 3031 quod,
2264 2957 2370 3014 etsi
2406 2957 2460 3012 in
2510 2973 2707 3013 nomen
2740 2957 2923 3014 Patris
2951 2966 3002 3014 et
3030 2957 3152 3013 Filii
3207 2958 3557 3025 crediderint,
3585 2972 3651 3013 ac

2062 3189 2251 3237 noster
2279 3180 2382 3235 ista
2416 3180 2581 3234 etiam
2617 3181 2668 3233 in
2695 3195 2755 3234 re
2776 3180 2844 3234 ah
2874 3178 2952 3234 eis
2983 3177 3246 3233 dissensit
3275 3179 3378 3233 hoc
3425 3179 3477 3233 in
3510 3178 3650 3242 loco,

2067 3263 2235 3321 atque
2266 3251 2317 3305 in
2347 3251 2758 3321 commentariis
2788 3254 2841 3303 in
2892 3248 3159 3321 Psalmos,
3182 3249 3248 3302 ad
3287 3249 3489 3321 vers.”8
3516 3249 3650 3321 psal-

2079 3318 2310 3380 mixvn,
2343 3321 2429 3374 ubi
2463 3321 2529 3373 de
2567 3319 2828 3386 improbis
2869 3319 3189 3388 resipiscere
3246 3319 3551 3388 nolentibus
3576 3318 3652 3388 ait

2058 3390 2209 3463 (pag.
2230 3390 2570 3463 528_catenaa
2603 3385 3046 3463 Gorderianaz)’:_
3069 3387 3415 3463 καταφλέξει
3445 3385 3652 3463 τδ-πύρ

2063 3458 2263 3525 αὐτοὺς
2303 3459 2365 3513 τὸ
2414 3458 2651 3522 αἰώνιον,
2704 3461 2755 3513 id
2812 3469 2914 3525 est,
2956 3477 2975 3510 I
3009 3458 3304 3512 Comhuret
3356 3459 3475 3514 illos
3511 3458 3652 3527 ignis

2065 3544 2323 3587 aeternus.
2361 3549 2380 3581 ι
2415 3532 2513 3597 Ac,
2546 3545 2613 3584 ne
2639 3531 2759 3598 quis
2795 3542 3055 3597 reponere
3085 3538 3269 3597 queat,
3294 3546 3313 3580 I
3340 3526 3594 3593 ﬂammae,
3621 3546 3643 3579 ι

2066 3612 2158 3657 aut
2194 3619 2213 3652 I
2250 3601 2392 3671 ignis
2426 3618 2445 3652 ι
2468 3615 2676 3671 ιιοιιίειι
2711 3601 2929 3669 proprie
2951 3601 3018 3671 ab
3056 3613 3122 3653 eo
3147 3614 3255 3653 non
3307 3600 3471 3665 sumi,
3506 3599 3652 3671 ipse-

2059 3680 2171 3727 met
2228 3668 2591 3741 ig'nemiillum
2655 3668 2825 3741 vocat:
2860 3688 2878 3720 I
2916 3669 3328 3741 elementuma
3394 3677 3535 3723 terra
3559 3668 3652 3741 di-

2060 3737 2297 3797 versum.
2342 3760 2360 3791 ι
2392 3740 2517 3794 Ηιιιο
2584 3739 2728 3793 enim
2775 3740 2998 3794 dictavit
3051 3739 3117 3792 ad
3166 3739 3299 3805 psal.
3368 3754 3485 3801 CIII,
3558 3737 3651 3805 55,

2059 3827 2184 3881 pag.
2216 3811 2288 3865 9?.
2315 3827 2334 3881 :7
2371 3810 2712 3881 ’Δμαρτωλοὶ
2747 3810 2844 3864 καὶ
2888 3808 3243 3881 ἄνομοι-τότε
3289 3808 3652 3881 ἐκλείψουσιν,

2059 3878 2159 3952 οὐχ
2190 3880 2399 3952 ἁπλῶς,
2429 3878 2538 3934 ἐιπὸ
2578 3880 2672 3952 τοῦ
2723 3880 2946 3952 παντὸς.
2993 3878 3375 3952 ἀλλ’-τῆς
3418 3880 3543 3952 γῆς,
3576 3878 3654 3942 ὡς

2064 3948 2263 4024 μηκέτι
2298 3951 2565 4024 ὑπάρχειν
2598 3951 2797 4024 αύτοὺς
2818 3953 2875 4004 ἐν
2893 3952 2960 4024 τῇ
2980 3953 3074 4024 γῇ,
3100 3948 3213 4001 ἀλλ’
3244 3950 3301 4003 ἐν
3322 3948 3516 4024 ⁵ἑτέρῳ
3545 3966 3653 4002 πα-

2064 3953 2263 4024 μηκέτι
2298 3953 2565 4023 ὑπάρχειν
2598 3953 2797 4014 αὐτοὺς
2818 3953 2960 4019 ἐντῆ
2980 3966 3014 4018 γ
3060 3989 3074 4012 ,
3100 3953 3213 4001 ἀλλ’
3244 3953 3301 4003 ἐν
3343 3953 3516 4020 ἑτέρῳ
3545 3966 3653 4002 πα-

2063 4023 2133 4094 ρὰ
2175 4023 2274 4092 τὴν
2317 4023 2420 4092 γῆν
2466 4020 2737 4092 στοιχείῳ·
2781 3953 3384 4144 παραδοθῇρσονταιγὰρ
3436 4019 3654 4100 πάντως

2063 4109 2164 4144 που
2200 4092 2278 4144 τῶ
2310 4092 2515 4144 αἱωνίω
2540 4092 2693 4144 πυοί·
2736 4093 2786 4144 id
2837 4101 2942 4144 est.
2982 4110 3000 4143 I
3083 4099 3361 4144 eccatores
3389 4098 3446 4144 et
3482 4091 3654 4144 iniuut

2061 4088 2164 4145 ῖπου
2200 4088 2278 4162 τῷ
2310 4088 2515 4162 αἰωνίῳ
2540 4088 2699 4163 πυρί·
2736 4088 2942 4163 idest,
2982 4110 3000 4143 I
3034 4088 3367 4163 Peccatores
3389 4098 3446 4145 et
3482 4088 3654 4163 iniqui

2062 4173 2190 4217 tunc
2221 4159 2630 4217 Ilelicient‘non'
2655 4162 2978 4228 simpliciter
3016 4161 3083 4215 de
3123 4162 3397 4222 universo,
3450 4161 3562 4228 sed
3587 4159 3654 4228 de

2064 4245 2230 4294 terra,
2265 4234 2420 4287 itaut
2449 4248 2554 4286 non
2588 4227 2816 4301 amplius
2851 4232 2905 4285 in
2953 4240 3096 4284 terra
3122 4240 3437 4301 (versentur,
3473 4227 3568 4282 sed
3600 4227 3654 4280 in
3700 4270 3705 4273 »

2060 4304 2165 4357 alio
2190 4303 2457 4357 elemento
2484 4320 2510 4355 a
2543 4300 2691 4355 terra
2716 4302 2953 4356 diverso.
2988 4300 3296 4355 Tradentur
3342 4301 3487 4353 enim
3524 4312 3648 4351 om-

2063 4374 2193 4427 nino
2228 4384 2430 4426 aeterno
2467 4373 2597 4440 igni.
2644 4390 2664 4422 ι

2136 4442 2247 4511 (17)
2276 4439 2556 4511 Quotquot.
2585 4440 2742 4494 JoaII.
2778 4456 2820 4505 ι,
2857 4439 2919 4493 12
2943 4448 2998 4493 et
3018 4440 3106 4511 13.

2135 4505 2246 4582 (18)
2274 4510 2406 4588 [luti
2430 4522 2572 4588 sunt.
2610 4512 2810 4588 (ξοδεχ,
2847 4510 3207 4588 ἐγενήθησαν.
3249 4506 3395 4588 μειερ
3424 4505 3651 4577 ἐγεννή-

381 4561 651 4650 ascanio
705 4561 791 4639 est
818 4561 865 4637 *ι
903 4561 1435 4654 rionvexstiuguetur.
1472 4603 1491 4635 ι
1531 4584 1607 4638 Ex
1639 4586 1722 4638 his
1777 4561 1954 4639 autem
1993 4561 2037 4616 Β
2065 4561 2259 4654 θησαν.
2296 4580 2448 4643 Vide,
2509 4561 2809 4654 si__placet,'
2841 4561 2959 4647 qua:
2994 4561 3200 4654 ile.h_ac
3251 4561 3499 4654 lecjt'iuné.
3530 4561 3654 4643 per-

381 4656 659 4724 Evangelii
703 4665 863 4723 atqne
889 4655 1043 4710 Isaiae
1086 4655 1221 4708 locis
1271 4654 1633 4722 sempiternas
1707 4654 1823 4708 l'ore
1857 4657 1953 4708 da-

385 4736 691 4780 mnatorum
713 4740 903 4794 poenas
924 4727 1170 4793 probant,
1197 4732 1253 4777 ut
1273 4724 1407 4777 alios
1437 4725 1705 4788 omittam,
1728 4724 1959 4778 Ambro-

381 4798 501 4851 sius
527 4796 619 4850 lib.
650 4810 688 4850 ιι
719 4795 793 4849 De
823 4797 945 4864 ﬁde,
966 4811 1087 4864 cap.
1111 4795 1200 4857 15,
1226 4804 1282 4848 et
1307 4796 1663 4863 Augustinus,
1695 4796 1784 4863 qui
1816 4796 1865 4847 in
1894 4794 1960 4848 li-

383 4867 486 4921 bro
536 4877 720 4920 contra
781 4865 1213 4920 Priscillianistas
1264 4874 1313 4917 et
1369 4864 1697 4932 Origem'stas
1727 4865 1793 4918 ad
1819 4865 1959 4919 Oro-

380 4939 548 5000 sium,
586 4951 732 4990 num.
759 4936 812 4999 7,
837 4954 854 4986 I
887 4935 1288 5001 Qualiscunque
1313 4934 1434 5003 (ait)
1468 4949 1625 5003 pmna
1655 4936 1958 5004 signiﬁcata

381 5010 454 5061 sit
491 5007 710 5061 nomine
738 5007 938 5060 vermis
989 5015 1150 5074 atque
1173 5005 1335 5074 ignis,
1365 5016 1512 5058 certe
1537 5005 1582 5058 si
1624 5019 1729 5058 n0n
1766 5006 1962 5058 morie-

387 5089 474 5130 tur
505 5092 601 5131 uec
633 5078 1033 5144 exstinguetur,
1065 5075 1184 5129 sine
1236 5076 1344 5129 line
1393 5076 1645 5143 praedicta
1693 5085 1798 5138 est,
1863 5091 1963 5130 nec

383 5147 526 5201 aiiud
551 5147 747 5215 agebat
778 5147 1059 5215 propheta,
1084 5160 1205 5199 cum
1226 5145 1329 5200 hoc
1361 5147 1587 5209 diceret,
1624 5144 1727 5199 nisi
1757 5155 1815 5198 ut
1840 5160 1961 5201 eam

382 5232 504 5271 ειηε
538 5220 644 5270 line
672 5218 1010 5281 praediceret.
1045 5235 1065 5267 ι

457 5286 569 5357 (16)
626 5285 953 5357 Flammam.
1006 5286 1365 5357 Hieronymus
1426 5286 1549 5357 liii.
1585 5301 1672 5349 III,
1733 5301 1852 5357 cap.
1905 5284 1961 5350 5,

384 5354 902 5411 roI'nInentarioruIn
940 5356 992 5408 in
1028 5354 1318 5417 Epistulam
1345 5357 1414 5409 ad
1446 5355 1724 5426 Ephesios,
1760 5355 1812 5408 in
1843 5358 1965 5423 qui-

388 5426 489 5496 bus
518 5429 667 5494 plura
702 5444 760 5479 se
789 5441 853 5480 ex
901 5426 1108 5496 Didymi
1149 5426 1614 5481 commentariolis
1664 5437 1965 5480 mutuatum

383 5495 614 5560 fatetur,
651 5513 671 5547 ι
720 5497 856 5550 Sunt
884 5495 1125 5564 plerique
1150 5496 1269 5565 (ait)
1295 5497 1386 5566 qui
1416 5497 1624 5564 dicunt,
1653 5512 1758 5551 non
1785 5498 1966 5549 l‘utura

390 5581 491 5634 pro
525 5567 766 5635 peccatis
816 5582 938 5619 esse
985 5566 1270 5634 supplicia,
1305 5581 1404 5621 nec
1439 5568 1783 5623 extrinsecus
1808 5566 1965 5618 adhi-

385 5636 567 5691 benda
619 5647 920 5700 tormenta,
976 5636 1142 5691 sed...
1175 5637 1569 5691 conscientiam
1612 5637 1795 5690 delicti
1846 5650 1968 5690 esse

388 5718 494 5774 pro
520 5720 704 5774 paena,
735 5707 1022 5776 dum..._in
1052 5707 1234 5761 animo
1271 5707 1410 5776 ignis
1435 5708 1825 5776 accenditur.»
1851 5705 1970 5759 Ori-

391 5787 797 5898 genemautem
844 5786 900 5830 et
927 5774 1556 5866 Origenianos'respicit,
1600 5786 1659 5831 ut
1679 5775 1872 5856 colligo
1901 5791 1965 5831 ex

415 5846 489 5898 Ib.
526 5859 566 5898 ιι
593 5860 649 5898 III
677 5844 949 5898 Ruﬁnum.
979 5863 1125 5898 num.
1173 5846 1226 5898 7-
1266 5863 1387 5898 nan.
1436 5845 1560 5898 496-
1599 5848 1670 5898 At
1713 5846 1965 5898 Dtdvmus

415 5845 489 5900 ib.
526 5859 566 5901 ιι
593 5847 649 5901 in
677 5844 949 5915 Ruﬁnum,
978 5863 1125 5903 num.
1173 5846 1226 5915 7,
1264 5844 1561 5922 pag._’496.
1598 5848 1670 5904 At
1713 5846 1973 5918 Didymus

2066 4645 2225 4707 docte
2279 4654 2498 4722 scripsit
2558 4645 2918 4722 Hieronymus
2986 4653 3053 4703 de
3112 4648 3275 4702 Prato
3314 4648 3380 4722 _i_II
3439 4645 3643 4722 Ohsgr:

2066 4723 2372 4778 vatiouihus
2392 4714 2451 4776 in
2483 4714 2781 4790 Sulpicium
2817 4720 3102 4786 Severum,
3153 4728 3285 4772 tom.
3314 4716 3374 4781 ll,
3398 4732 3521 4787 pag.
3549 4714 3656 4770 505

2065 4804 2121 4849 et
2149 4809 2301 4860 seqq.

2138 4862 2247 4933 (19)
2269 4859 2466 4933 4mm.
2492 4860 2646 4915 Joau.
2672 4876 2756 4925 III,
2780 4859 2909 4933 5-8.

2136 4925 2249 5054 (202
2281 4930 2514 4998 Spiritus
2541 4943 2636 4984 est.
2673 4930 2994 5009 Ambrosius
3016 4929 3111 4982 lih.
3140 4944 3200 5009 ιιι
3229 4925 3653 5008 Βοιδρεδοιιαο,

2137 5022 2188 5054 ι).
2255 5004 2308 5054 0.
2339 5014 2549 5054 sextum
2588 5003 2731 5054 hunc
2762 5000 3090 5053 versu-nium
3122 5015 3201 5052 διο
3236 5000 3360 5054 leIzIt
3391 5013 3405 5048 :
3443 5015 3462 5047 I
3499 4995 3652 5054 Quod

2068 4995 2188 5068 cap.
2221 4995 2549 5066 10,'sextum
2588 5003 2731 5055 hunc
2762 5000 3090 5053 versiculum
3122 5002 3201 5052 sic
3236 4998 3360 5067 legit
3391 5013 3405 5048 :
3443 5015 3462 5047 ι
3499 4995 3652 5062 Quod

2069 5087 2253 5128 natum
2286 5082 2368 5125 est
2392 5086 2459 5124 ex
2487 5086 2673 5134 carne,
2704 5086 2831 5124 caro
2860 5081 2976 5133 est;
3019 5071 3141 5137 quia
3189 5075 3254 5123 de
3279 5084 3445 5122 carne
3467 5077 3653 5120 natum

2068 5154 2152 5198 est
2180 5160 2198 5198 :
2253 5152 2307 5195 et
2352 5143 2495 5211 quod
2559 5153 2743 5194 natum
2772 5150 2856 5195 est
2903 5144 2971 5211 d_e
3008 5138 3247 5209 Spiritu,
3277 5139 3510 5211 Spiritus
3536 5146 3653 5197 est;

2070 5215 2211 5282 quia
2245 5208 2386 5266 Deus
2435 5212 2670 5278 Spiritus
2699 5220 2858 5282 est.)
2916 5208 3061 5282 Tum:
3102 5211 3337 5282 Arianos
3380 5208 3654 5282 objurgat,

2070 5276 2214 5352 quod
2245 5283 2404 5336 verba
2443 5276 2551 5344 illa,
2589 5298 2607 5331 ι
2646 5282 2781 5348 Quia
2810 5281 2951 5352 Deus
2972 5280 3206 5349 Spiritus
3234 5288 3350 5352 est,
3375 5296 3402 5352 I_
3429 5276 3657 5352 esacris

2071 5348 2345 5407 codicibus
2365 5352 2651 5415 eraserint,
2688 5366 2754 5405 ne
2785 5368 2804 5401 ι
2840 5351 2930 5405 Dei
2975 5370 2995 5401 ι
3018 5348 3230 5405 nomen
3262 5348 3489 5419 Spiritui
3513 5361 3642 5419 san-

2072 5436 2160 5477 cto
2194 5423 2353 5476 tribui
2408 5431 2716 5491 appareret.
2783 5439 2801 5472 ι
2839 5422 3016 5489 Atque
3056 5415 3528 5491 IItiIIaIn'(iIIquit)
3587 5415 3656 5466 de

2075 5494 2291 5556 vestris,
2324 5485 2500 5547 etnon
2541 5493 2704 5546 etiam
2723 5493 2789 5546 de
2828 5485 3081 5545 Ecclesiae
3116 5485 3392 5544 codicibus
3413 5485 3656 5556 auferre-

2077 5566 2166 5617 tis.
2201 5582 2220 5614 ι
2275 5554 2346 5617 At
2371 5579 2492 5618 cum
2522 5562 2784 5632 Didymus
2820 5561 2939 5636 haec
2969 5562 3221 5636 dictaret,
3263 5559 3411 5636 (rans
3435 5565 3529 5636 aut
3560 5554 3657 5636 (1e-

2077 5645 2219 5688 tecta
2248 5636 2482 5687 nomium
2511 5627 2652 5696 erat,
2689 5641 2782 5685 aut
2813 5632 3001 5686 saltem
3036 5627 3414 5684 Alexandrinis
3449 5627 3651 5692 ignota.

2074 5703 2187 5759 lino
2219 5704 2380 5759 verba
2414 5703 2522 5769 illa,
2555 5721 2575 5754 ι
2614 5702 2748 5767 Quia
2768 5703 2907 5757 Deus
2934 5701 3166 5772 Spiritus
3190 5708 3292 5772 est,
3334 5715 3353 5749 ι
3382 5707 3657 5772 nunquam

2077 5774 2130 5828 in
2187 5774 2294 5829 ulla
2342 5766 2565 5831 omnino
2619 5766 2917 5831 Bibliorum
2954 5766 3193 5827 editione
3241 5769 3348 5824 huc
3405 5766 3657 5820 reaituta

2077 5855 2224 5901 511111..
