4054 6406
499 399 600 454 67!

1757 396 1993 451 DIDYMI
2035 393 2216 450 ALEX
2228 391 2512 448 ANDRINI

3666 396 3766 450 672

499 497 754 580 htptizati
804 509 1025 575 fuerint,
1063 509 1162 563 nisi
1207 521 1386 563 tamen
1429 508 1711 577 aequaliter
1745 518 1798 563 et
1830 509 2085 564 similiter

2192 525 2266 578 μα
2299 506 2393 559 τοῦ
2423 505 2637 577 Πατρδς
2655 506 2749 558 καὶ
2777 503 2871 558 τοῦ
2911 503 3044 558 Υἱοῦ
3073 505 3434 560 πιστεύσωσιν
3458 505 3552 561 καὶ
3587 507 3771 578 βαπτι-

503 599 552 650 in
581 599 755 667 ipsam
788 597 1042 652 deitatem
1082 594 1321 666 Spiritus
1353 596 1526 650 sancti
1564 595 1915 656 crediderint,
1947 605 2001 648 et
2035 595 2086 648 iu

507 689 625 755 eius
680 703 878 743 nomen
941 688 1200 757 baptizati
1259 685 1479 750 fuerint,
1535 701 1760 756 regnum
1825 687 2086 740 emlorum

503 781 768 851 consequi
811 796 918 834 non
949 790 1199 849 possunt,
1241 787 1428 848 utpote
1461 779 1550 847 qui
1587 779 1931 846 baptismatis
1973 793 2088 848 per-

501 872 791 927 fectionem
837 889 942 926 non
993 873 1211 936 habent,
1255 881 1312 925 et
1338 871 1537 926 frustra
1570 881 1680 924 tres
1711 872 2091 925 imtnersiones

501 973 899 1032 susceperunt,
964 979 1030 1018 eo
1087 964 1228 1032 quod
1304 971 1427 1031 post
1491 962 1804 1030 baptisma,
1860 961 2090 1016 doxolo-

501 1057 646 1124 giam
680 1054 794 1125 (21)
839 1055 918 1124 (id
968 1063 1072 1117 est,
1109 1054 1522 1122 gloriﬁcationis
1559 1053 1844 1125 hymnum)
1893 1054 2089 1108 innnu-

502 1147 684 1213 tando,
716 1146 1084 1216 arqualitalem
1122 1145 1408 1201 Trinitatis
1459 1146 1820 1210 sustulerunt,
1874 1155 1929 1200 et
1963 1162 2088 1216 pro-

500 1237 648 1306 prias
672 1239 1042 1292 confessiones
1091 1238 1205 1307 (22)
1234 1238 1555 1305 transgressi
1608 1249 1736 1291 sunt
1772 1257 1785 1292 :
1821 1239 1914 1292 sed
1959 1255 2084 1294 cum

499 1345 624 1383 suas
661 1331 902 1399 ipsorum
928 1320 1298 1385 confessiones
1321 1331 1598 1396 violarint,
1631 1333 1858 1386 audiunt
1891 1349 1920 1385 a
1961 1349 2088 1387 san-

497 1423 601 1478 etis
631 1424 848 1490 quidem
881 1441 946 1479 ea
975 1439 1098 1494 qua:
1133 1439 1162 1478 a
1191 1424 1458 1494 Propheta
1497 1424 1552 1480 in
1586 1439 1733 1478 Lxxx
1765 1423 1974 1494 psalmo
2001 1425 2086 1478 di-

497 1526 582 1569 cta
612 1528 780 1571 sunt:
817 1535 837 1567 ‹
879 1515 1085 1571 Inimici
1131 1517 1244 1587 (23)
1292 1517 1504 1571 Domini
1535 1517 1746 1571 mentiti
1776 1529 1904 1570 sunt
1930 1517 2015 1583 ei;
2063 1535 2081 1568 ι

497 1618 529 1657 a
589 1603 725 1658 Filio
774 1616 976 1673 autem,
1027 1616 1084 1660 ut
1133 1607 1330 1676 legitur
1377 1621 1502 1661 cum
1576 1607 1629 1661 in
1673 1622 1786 1660 xvu
1831 1606 2083 1675 psalmo:

504 1716 522 1747 ι
562 1697 682 1751 Filii
717 1698 830 1768 (24)
877 1698 1038 1754 alieni
1094 1698 1305 1753 mentiti
1340 1708 1467 1753 sunt
1497 1699 1708 1763 mihi;r
1747 1708 1857 1751 tttm
1906 1699 1957 1753 itt
2004 1712 2034 1752 c
2069 1717 2082 1752 :

505 1803 522 1836 ι
558 1786 841 1840 Facientes
888 1787 1003 1859 (25)
1040 1788 1521 1858 praevaricationes
1555 1787 1680 1854 odi;
1715 1802 1821 1842 non
1855 1787 2088 1842 adhaesit

2193 598 2414 662 σθῶσιν,
2435 597 2529 650 καὶ
2555 598 2629 668 μὴ
2670 596 2798 660 ἴσως
2827 597 2924 650 καὶ
2972 593 3176 666 ὁμοίως
3206 599 3286 661 είς
3326 598 3425 669 τὴν
3472 599 3640 670 αὐτὴν
3660 599 3772 656 θεό-

2189 707 2332 762 τητα
2384 687 2478 742 τοῦ
2534 687 2690 756 ἁγίου
2723 686 3061 758 Πνεύματος,
3093 687 3187 740 ἆτε
3245 688 3320 758 μὴ
3367 689 3580 758 ἔχοντες
3605 690 3664 742 τὸ
3685 690 3771 744 τέ-

2189 782 2353 844 λειον,
2390 780 2483 832 καὶ
2521 779 2701 850 μάτην
2729 779 2827 841 τὰς
2849 782 2997 850 τρεῖς
3027 779 3350 844 καταδύσεις
3377 781 3680 852 δεξάμενοι,
3716 785 3770 838 ἐν

2189 872 2268 942 τῷ
2301 872 2644 926 ἐναλλάττειν
2679 870 2816 942 μετὰ
2856 871 2917 924 τὸ
2951 872 3234 943 βάπτισμα
3266 877 3331 945 τῇ
3374 875 3648 946 δοξολογίᾳ
3678 879 3771 948 τὴν

2193 965 2465 1035 ἰσοτιμίαν
2498 967 2600 1034 τῆς
2633 962 2883 1035 Τριάδος,
2936 963 3030 1016 καὶ
3083 966 3442 1035 παραϐαίνειν
3494 969 3594 1030 τὰς
3646 970 3773 1034 ἰδίας

2189 1057 2503 1129 ὁμολογίας,
2538 1055 2813 1127 βασιλείας
2862 1056 3107 1128 ούρανῷν
3154 1057 3451 1127 ἀξιωθῆναι
3485 1060 3547 1111 οὐ
3592 1059 3773 1114 δύναν-

2191 1166 2299 1203 ται·
2330 1148 2444 1202 ἀλλ’
2485 1147 2561 1212 ὡς
2600 1147 2852 1218 ὁμόλογοι
2903 1147 3218 1219 παραϐάται
3260 1149 3570 1217 ἀκούουσιν,
3630 1149 3774 1222 παρὰ

2195 1241 2294 1310 μὲν
2332 1238 2442 1291 τῶν
2472 1239 2663 1306 ἁγίων,
2690 1238 2760 1290 τὰ
2789 1237 3236 1309 προφητευθέντα
3268 1240 3324 1292 ὲν
3349 1247 3400 1292 π’
3433 1240 3652 1310 ψαλμῷ-
3676 1260 3694 1290 ‹
3713 1243 3771 1294 Oi

2190 1332 2377 1404 ἐχθροὶ
2418 1330 2621 1401 Κυρίου
2647 1329 2947 1398 ἐψεύσαντο
2970 1329 3136 1400 αὐτῷ’
3183 1351 3202 1381 υ
3240 1331 3388 1401 παρᾶ
3409 1332 3465 1384 δὲ
3498 1332 3593 1386 τοῦ
3624 1331 3769 1398 Υίοῦ,

2189 1425 2265 1487 ὡς
2299 1423 2412 1493 ἔχει
2453 1424 2511 1475 ἐν
2564 1422 2663 1491 μὲν
2696 1419 2760 1484 ιζ’
2787 1420 3006 1492 ψαλμῷ·
3052 1440 3071 1472 ι
3131 1422 3250 1475 Υἱοὶ
3299 1422 3569 1494 ἀλλότριοι
3617 1424 3772 1493 ἐψεύ-

2190 1515 2354 1569 σαντό
2403 1530 2512 1586 μοι·
2546 1534 2564 1565 ι
2605 1516 2662 1566 ὲν
2692 1512 2748 1565 δὲ
2787 1519 2854 1584 ρ’·
2896 1531 2914 1563 ι
2952 1511 3249 1575 Ποιοῦντας
3295 1514 3638 1582 παραϐάσεις
3661 1515 3776 1585 ἐμί-

2191 1623 2354 1677 σησα·
2387 1606 2490 1658 οὐκ
2518 1604 2783 1675 ἐκολλήθη
2815 1621 2906 1674 μοι
2965 1603 3162 1675 καρδία
3195 1604 3437 1674 σκαμ6ή’
3470 1623 3489 1656 ι
3539 1605 3690 1675 παρὰ
3721 1605 3774 1658 δὲ

2188 1698 2283 1752 τοῦ
2311 1698 2470 1767 ἁγίου
2511 1695 2851 1766 Πνεύματος,
2873 1694 2948 1756 ὡς
2994 1695 3285 1765 Ῥωμαίοις
3311 1696 3549 1766 ἐγράφη·
3575 1717 3592 1747 ι
3622 1697 3774 1760 Υἱους

2189 1792 2458 1862 ἐγέννησα
2486 1790 2580 1843 καὶ
2601 1788 2813 1858 ῦψωσα,
2835 1789 2988 1840 αὐτοὶ
3011 1787 3069 1840 δέ
3105 1805 3171 1857 με
3216 1786 3509 1858 ἢθέτησαψ
3542 1808 3559 1839 ι
3593 1787 3772 1844 ἀκούει

497 1881 628 1935 mihi
659 1897 754 1934 cor
786 1897 1046 1950 pravum;
1082 1902 1098 1932 ι
1131 1897 1161 1935 a
1192 1880 1398 1951 Spiritu
1427 1889 1619 1934 sancto
1653 1891 1859 1943 autem,
1895 1892 1951 1933 ut
1979 1878 2083 1932 Ro-

2192 1885 2244 1938 δὲ
2259 1883 2443 1937 λοιπὸν
2475 1882 2571 1936 καὶ
2600 1881 2661 1934 τὸ
2692 1879 2916 1950 Πνεῦμα
2943 1879 3036 1932 τοῦ
3065 1878 3201 1932 Θεοῦ
3227 1881 3284 1932 ὲν
3302 1878 3371 1944 ξε¹
3392 1879 3614 1951 ψαλμῷ·
3650 1899 3667 1931 ι
3691 1882 3774 1934 Ἐν

497 1973 670 2027 manis
701 1973 814 2042 (26)
849 1976 1111 2042 scriptum
1161 1982 1290 2028 est:
1341 1989 1361 2024 ι
1404 1971 1570 2026 Filios
1612 1972 1796 2042 genui,
1837 1984 1893 2026 et
1931 1973 2083 2027 exal-

497 2067 627 2129 tavi,
674 2068 774 2135 ipsi
817 2081 948 2120 vero
985 2081 1070 2120 me
1097 2065 1433 2135 prawaricati
1472 2074 1599 2118 sunt
1629 2064 1768 2134 (27).
1803 2084 1820 2116 ι
1859 2067 1935 2119 Ac
1968 2065 2086 2133 Spi-

495 2159 623 2213 ritui
655 2159 822 2214 etiam
856 2159 954 2214 Dei
1002 2158 1203 2212 dicitur
1247 2159 1299 2212 in
1329 2175 1432 2213 va
1461 2159 1669 2226 psalmo
1697 2176 1710 2213 :
1746 2178 1764 2210 ε
1805 2158 1863 2212 1η
1899 2159 2080 2213 multi-

497 2250 685 2304 tudine
730 2249 845 2320 (28)
875 2250 1095 2302 virtutis
1127 2259 1232 2304 tuae
1254 2253 1585 2304 mentientur
1613 2261 1665 2304 te
1711 2251 1828 2309 (seu
1863 2270 1882 2301 ‹
1915 2250 2010 2304 tibi
2036 2250 2080 2320 ι)

494 2341 704 2396 inimici
737 2342 832 2396 tui.
879 2361 898 2394 ι
927 2341 1197 2405 Praeterea
1245 2343 1296 2396 in
1337 2342 1499 2396 allato
1543 2342 1818 2413 Evangelii
1856 2344 1976 2397 loco
2009 2345 2087 2398 ait

495 2432 765 2496 Christus,
802 2450 821 2483 ι
846 2432 1075 2502 Oportet
1102 2433 1349 2503 generari
1381 2449 1446 2488 ex
1477 2450 1616 2502 aqua
1641 2453 1656 2500 ;
1679 2454 1698 2487 ι
1727 2437 1853 2504 quia
1881 2435 2084 2490 ablutio

496 2524 740 2578 sordium
770 2524 883 2595 (29)
909 2528 1178 2594 corporis,
1215 2541 1335 2593 qua:
1365 2527 1424 2579 ﬁt
1455 2527 1505 2579 in
1535 2527 1828 2594 baptismo,
1857 2528 2084 2592 indicat,

497 2632 593 2669 eos
609 2617 698 2683 qui
731 2617 1095 2684 baptizantt'tr.
1135 2618 1330 2670 iterum
1350 2619 1524 2671 creari
1563 2636 1592 2672 a
1623 2619 1831 2688 Spiritu
1865 2629 2080 2675 sancto.

498 2701 801 2757 Visibiliter
831 2706 975 2758 enim
998 2705 1210 2760 visibile
1245 2719 1489 2760 nostrum
1523 2724 1720 2777 corpus
1755 2711 1956 2778 piscina
1987 2725 2082 2778 pa-

499 2796 569 2849 rit
591 2797 703 2867 (50)
730 2798 1160 2852 ministrantibus
1184 2800 1556 2855 sacerdotibus
1586 2801 1731 2871 (51);
1764 2802 2083 2871 spiritaliter

497 2885 654 2956 251
690 2897 868 2940 autem
901 2903 1099 2958 corpus
1139 2889 1296 2942 simul
1328 2903 1382 2943 et
1423 2892 1684 2956 animam,
1718 2893 2084 2947 rniniSIranti-

499 2980 600 3032 bus
634 2978 865 3048 angelis,
899 2979 1136 3049 Spiritus
1165 2982 1280 3047 Dei,
1311 2984 1402 3051 qui
1434 2983 1687 3038 omnibus
1716 2984 2089 3054 intelligentiis

497 3071 786 3128 invisibilis
826 3083 926 3134 est,
967 3074 1206 3142 baptizat
1251 3076 1365 3145 ipse
1401 3078 1454 3130 in
1501 3076 1877 3146 semetipsum,
1911 3090 1965 3130 et
1999 3094 2087 3131 re-

2113 3255 2160 3318 C

2189 1976 2267 2047 τῷ
2297 1973 2492 2045 πλήθει
2534 1974 2632 2043 τῆς
2671 1969 2958 2040 δυνάμεώς
2990 1987 3083 2022 σου
3106 1967 3397 2038 ψεύσονταί
3430 1986 3488 2020 σε
3513 1970 3566 2021 οἱ
3599 1969 3774 2040 ἐχθροί

2190 2065 2388 2140 [1151)]
2422 2082 2537 2117 σου.
2561 2081 2580 2114 ι
2623 2058 2788 2114 Εἶπεν
2821 2060 2898 2114 δέ·
2941 2081 2959 2110 ι
2991 2063 3080 2112 Δεῖ
3095 2061 3422 2131 γεννηθῆναι
3452 2061 3511 2124 ἐξ
3531 2060 3769 2125 ὓδατος-ι

2188 2158 2376 2229 ἐπειδὴ
2403 2157 2464 2210 τδ
2489 2153 2796 2208 ἀποπλῦναι
2823 2155 2880 2205 ὲν
2907 2151 2983 2222 τῷ
3016 2151 3351 2222 βαπτίσματι
3375 2150 3463 2204 τὸν
3492 2151 3668 2222 ῥύπον
3689 2151 3775 2207 τοῦ

2189 2250 2442 2318 σώματος
2507 2243 2799 2316 γνώρισμά
2851 2245 2998 2294 ἐστιν
3050 2241 3157 2294 τῶν
3212 2241 3778 2312 ἀνακτιζομένωνύπὸ

2186 2341 2281 2395 τοῦ
2332 2341 2487 2410 ἁγίου
2530 2339 2871 2409 ΙῘνεύματος.
2935 2335 3178 2408 ὐρατῶς
3215 2337 3311 2406 μὲν
3343 2336 3452 2406 γὰρ
3481 2336 3548 2388 τὸ
3588 2337 3775 2408 ὁρατὸν

2187 2435 2346 2507 ἡμῶν
2407 2433 2601 2503 σῶμα,
2663 2431 2856 2502 ίερὲων
2926 2427 3363 2498 διακονουμένων
3419 2429 3451 2498 ὴ
3506 2427 3780 2499 κολυμϐή-

2187 2527 2292 2598 θρα
2348 2525 2554 2578 τίκτει·
2628 2522 2836 2594 νοητῶς
2907 2521 3000 2583 δὲ,
3063 2520 3224 2590 σῶμα
3284 2519 3420 2590 ὁμοῦ
3502 2521 3602 2574 ῖιιοι)⁸
3680 2521 3777 2590 ψυ-

2186 2619 2309 2691 χὴν,
2337 2617 2587 2687 ἀγγέλων
2622 2614 3102 2688 ὑπηρετουμένων,
3157 2613 3219 2666 τὸ
3267 2614 3472 2677 πάσαις
3528 2615 3776 2685 νοήσεσιν

2188 2711 2420 2781 ἀόρατον
2477 2706 2705 2777 Πνεῦμα
2742 2704 2838 2758 τοῦ
2882 2703 3018 2756 Θεοῦ
3051 2703 3300 2773 βαπτίζει
3346 2704 3427 2766 εἰς
3478 2705 3645 2757 ἑαυτὸ
3689 2704 3777 2756 καὶ

2187 2802 2476 2872 ἀναγεννᾷ.
2531 2801 2642 2852 Καὶ
2674 2797 2782 2868 γὰρ
2835 2798 2929 2849 καὶ
2982 2794 3291 2865 Βαπτιστὴς
3327 2795 3640 2865 ῑπορικῶς,
3691 2794 3778 2848 καὶ

2191 2892 2474 2962 ἑπομένως
2524 2889 2622 2959 τῷ,
2659 2907 2677 2939 ι
2721 2888 2812 2954 Ἐξ
2846 2887 3038 2948 ὓδατος
3076 2886 3169 2938 καὶ
3222 2885 3562 2956 Πνεύματος,
3589 2904 3606 2936 ι
3635 2879 3779 2939 εἶπεν

2190 2983 2320 3052 περὶ
2383 2981 2476 3034 τοῦ
2543 2978 2801 3050 Χριστοῦ·
2868 2996 2888 3028 ι
2943 2977 3181 3038 Ἐκεῖνος
3233 2977 3377 3046 ὑμᾶς
3423 2975 3676 3046 βαπτίσει
3724 2975 3779 3028 ὲν

2191 3075 2472 3147 Πνεύματι
2507 3073 2646 3146 ἁγίῳ
2691 3072 2786 3127 καὶ
2841 3069 2994 3142 πυρί.
3034 3088 3052 3122 ι
3095 3068 3445 3141 Ὀστρὰκινον
3477 3068 3591 3141 γὰρ
3615 3068 3674 3123 ὃν
3721 3065 3778 3122 τὸ

572 3312 684 3384 (21)
718 3313 1086 3396 Βοσοιορὶαηι.
1127 3314 1396 3396 Quosdam
1433 3316 1485 3370 in
1503 3316 1691 3396 stiglia
1726 3317 2086 3396 heterodoxos
2121 3308 2160 3318 “’
2191 3315 2512 3396 vid-epotam
2530 3313 2762 3396 δᾶμος.
2788 3310 2843 3396 9)
2866 3329 2878 3366 :
2900 3308 3038 3393 «Qui
3061 3308 3775 3396 commutaveruntgloriam

499 3399 566 3456 eo
594 3388 902 3456 nuperrime
931 3387 1042 3456 jam
1077 3387 1309 3450 venisse,
1329 3398 1388 3439 ut
1411 3406 1429 3437 ι
1467 3387 1876 3456 gloril‘tcatiquis
1907 3405 1926 3438 ι
1963 3402 2085 3441 ver-

501 3455 567 3508 ba
595 3469 658 3506 ex
688 3454 923 3522 Liturgia
943 3455 1136 3526 delere
1173 3454 1497 3526 niterentur,
1533 3458 1672 3526 quod
1705 3473 1733 3509 a
1764 3455 1821 3510 S.
1857 3456 2087 3510 Damaso

503 3540 637 3591 papa
667 3526 896 3592 primum
940 3525 1151 3580 invecta
1195 3524 1360 3580 fuisse
1412 3524 1686 3594 putarent,
1727 3527 1887 3579 didici
1920 3543 1987 3579 ex
2020 3527 2086 3579 li-

503 3596 742 3666 broqtti
797 3596 1122 3666 inscribitur
1156 3611 1230 3666 :}
1267 3595 1635 3651 Gentleman‘s
1665 3596 1942 3666 Magazine
1979 3599 2085 3650 vol.

503 3663 748 3735 XXXIII,
785 3665 868 3719 for
896 3665 985 3718 the
1005 3681 1134 3735 year
1161 3665 1317 3720 1⁵165.
1362 3687 1382 3720 ι
1406 3666 1480 3720 lbi
1517 3669 1658 3719 enim
1691 3663 1808 3735 pag.
1843 3665 1946 3719 535
1976 3668 2090 3720 haec

504 3734 754 3807 leguntur
775 3749 796 3807 :4
823 3753 841 3786 ‹
882 3735 972 3788 the
1007 3734 1277 3807 Doxology
1321 3738 1372 3790 in
1404 3753 1504 3791 our
1541 3734 1761 3806 Liturgy
1792 3736 1985 3794 should
2018 3739 2084 3790 he

505 3803 752 3876 (unitted,
779 3805 1017 3876 because
1049 3806 1089 3857 it
1113 3803 1233 3858 was
1246 3803 1368 3860 iirst
1399 3803 1714 3860 introduced
1733 3803 1808 3876 by
1831 3824 1860 3858 a
1887 3807 2084 3876 decree

503 3875 566 3925 of
600 3871 744 3946 Pope
777 3875 1058 3946 Damasus.
1096 3893 1114 3946 ι
1149 3876 1218 3928 At
1253 3871 1947 3946 gloriﬁcationishymnum
1985 3875 2090 3930 Da-

507 3943 643 3996 masi
669 3944 980 4016 pontiﬁcatu
1010 3945 1177 3998 multo
1201 3943 1562 4016 antiquiorem
1590 3962 1708 4000 esse
1725 3943 1962 4016 apparet
1981 3961 2084 4000 non

511 4018 776 4085 t_nodo_e§
822 4013 1055 4084 theologi
1090 4017 1258 4068 nostri
1285 4013 1482 4080 verbis,
1507 4032 1626 4082 qua:
1653 4028 1708 4070 et
1737 4013 1846 4080 hic,
1879 4025 1934 4070 et
1963 4031 2084 4085 pag.

504 4083 573 4137 98
591 4091 647 4136 et
681 4082 804 4150 105,
851 4093 905 4138 et
929 4082 1096 4153 seg'm.
1135 4086 1237 4140 I98
1269 4087 1319 4152 b,
1350 4102 1443 4141 seu
1492 4086 1593 4141 199
1618 4105 1670 4150 η,
1704 4087 1817 4154 ipse
1847 4082 2090 4149 dictavit,

504 4168 692 4228 verum
716 4158 982 4228 etiamhex
1011 4157 1131 4228 aliis
1150 4157 1404 4228 I’atribus
1427 4157 1650 4228 Didytno
1684 4157 2088 4228 vetustioribus.

504 4223 658 4296 Quod
687 4226 731 4276 si
757 4225 806 4280 in
855 4226 992 4279 libro
1025 4225 1100 4279 De
1137 4225 1282 4292 Spir.
1314 4238 1498 4281 sancto
1527 4223 1732 4280 nullam
1763 4229 1878 4295 ejus
1907 4227 2088 4296 hymni

508 4293 768 4365 Didymus
798 4296 1125 4350 mentionem
1154 4296 1306 4362 facit,
1337 4299 1386 4352 id
1412 4313 1477 4351 ex
1506 4312 1572 4351 eo
1602 4297 1680 4360 Iit,
1713 4293 1852 4365 quod
1873 4293 1955 4350 ibi
1977 4302 2088 4351 lue-

506 4367 709 4420 reticos
763 4367 1010 4438 refellere
1058 4368 1290 4422 voluerit
1333 4370 1667 4438 argumentis
1715 4383 1746 4420 e
1799 4367 2086 4436 Scriptura

507 4447 712 4507 tantum
745 4437 942 4494 ductis.
985 4448 1040 4490 ut
1075 4449 1302 4506 apparet
1339 4437 1412 4492 ex’
1439 4448 1551 4493 toto
1585 4439 1739 4501 libro,
1762 4453 1826 4491 ac
1859 4453 2090 4507 praeser-

503 4506 697 4579 timues
734 4524 959 4579 nurnero
986 4509 1266 4579 primo_ac
1294 4521 1590 4579 postremo.

581 4575 693 4644 (22)
734 4576 1118 4646 Confessiones.
1165 4577 1269 4632 Seu
1294 4575 1426 4632 lidei
1459 4578 1840 4646 professiones.

717 4646 946 4720 Inimici:
982 4647 1121 4720 Psal.
1147 4664 1310 4720 Lxxtt,
1342 4650 1409 4704 15
1439 4650 1555 4718 (seu
1589 4649 1700 4720 16).

576 4715 691 4788 (21)
733 4715 880 4788 filii.
917 4717 1056 4772 Psal.
1093 4735 1226 4783 xvtt,
1254 4719 1321 4774 49
1349 4715 1465 4788 (seu
1490 4720 1604 4787 46).

577 4785 692 4860 (25)
726 4785 1218 4860 facientemesal.
1251 4805 1300 4854 c,
1326 4785 1365 4842 ὅ
1385 4800 1440 4842 et
1470 4791 1502 4844 5
1531 4785 1646 4860 (seu
1688 4791 1722 4845 '5
1748 4800 1803 4843 et
1835 4788 1912 4857 «1).

580 4855 695 4923 (26)
727 4855 1001 4910 Romanis.
1041 4859 1216 4930 verba
1241 4862 1350 4926 illa,
1377 4879 1394 4911 ι
1435 4855 1600 4914 Filios
1624 4863 1808 4930 genui,
1856 4855 1879 4912 ri
1913 4869 1968 4913 et
1999 4875 2097 4914 ca:-

511 4931 648 5004 tera,
681 4941 782 4979 non
813 4937 1031 4980 exstant
1074 4929 1127 5004 i_n
1166 4930 1402 5004 Epistola
1446 4929 1845 5004 atLBoinanos,
1888 4933 1983 5004 sed
2041 4931 2097 4984 in

512 4991 648 5063 Isaia
675 5010 792 5061 cap.
838 5012 874 5058 I,
909 5012 1054 5050 vers.
1081 4999 1136 5063 2,
1171 4991 1259 5054 tibi
1286 5001 1475 5056 Graeca
1504 5000 1674 5055 Biblia
1698 5005 1777 5056 sic
1815 4991 2014 5055 habent
2037 5009 2097 5054 ut;

513 5062 647 5144 legit.
685 5064 964 5186 Didymus.
990 5062 1128 5120 Cum
1167 5073 1349 5140 itaque
1377 5071 1671 5125 verisimile
1709 5087 1814 5127 non
1839 5072 1932 5136 sit,
1982 5084 2097 5124 me-

513 5148 740 5186 mortam
801 5150 868 5186 ttc
904 5137 1215 5186 theologum
1250 5153 1492 5186 nostrum
1544 5141 1820 5186 fefellisse-
1848 5143 2097 5186 srrsninnr

513 5137 876 5211 tuoriam__ltic_
904 5137 1215 5211 theologum
1250 5137 1492 5195 nostrum
1543 5141 1822 5204 fefellisse,
1848 5143 2098 5211 suspicor

513 5203 692 5269 potius
714 5203 916 5276 aliquid
947 5221 976 5258 a
1011 5203 1232 5262 librario
1253 5211 1513 5264 omissum
1539 5225 1679 5276 esse,
1723 5203 2094 5268 testimonium

514 5288 704 5351 nempe
757 5289 821 5351 ex
880 5275 1117 5351 Epistola
1161 5281 1228 5332 ad
1269 5280 1542 5351 Romanos
1595 5283 1987 5351 desumptum:
2040 5292 2100 5336 ut

515 5344 738 5422 proinde
757 5342 907 5422 locus
925 5347 990 5422 _i_n
1024 5347 1170 5422 hunc
1221 5351 1303 5404 vel
1340 5349 1562 5422 ailinemﬁ
1588 5342 1805 5407 moduni
1839 5353 2098 5422 supplen-

512 5413 613 5492 dos
644 5414 758 5492 sit:_
793 5413 882 5492 Ὠς
925 5415 1509 5492 Ἱζωμαίοιςὼὲγράφηο
1546 5421 1681 5475 διότι
1728 5413 1958 5492 γνόντὲξ
2007 5421 2100 5477 τὸν

512 5434 613 5467 uus
644 5434 748 5468 stt:
808 5434 882 5476 u;
940 5434 1030 5469 rw
1119 5434 1216 5482 ιοις
1273 5434 1452 5491 εγραφ
1496 5439 1509 5453 ο
1546 5434 1681 5475 ato-rt
1728 5434 1949 5492 γνοντες
2007 5434 2100 5477 τον

512 5481 667 5568 θεὸν,
705 5484 802 5554 οὐχ
1128 5489 1433 5568 ’ἔδοξα-σαν.
1456 5439 1604 5568 Ἰςαι⁵
1625 5493 1994 5568 μῴίὲτεραχ
2015 5493 2103 5568 Oi-

514 5567 659 5618 τινες
721 5555 1062 5626 μετήλλαξαν
1091 5559 1189 5630 τὴν
1234 5560 1392 5624 δόξαν
1425 5561 1520 5614 τοῦ
1570 5555 1703 5615 Θεοῦ
1752 5565 1812 5616 ὲν
1855 5555 1932 5630 τῷ
1969 5563 2102 5633 ψεύο

513 5620 612 5678 δει.
674 5627 783 5702 ζα).
831 5627 986 5702 παρὰ
1040 5628 1256 5702 Ἡσαΐᾳι
1291 5630 1452 5694 Υἱοὺς
1482 5633 1767 5702 ἐγέννησα,
1786 5650 1842 5687 κ.
1869 5650 1920 5685 τ.
1945 5632 2019 5697 λ.,
2050 5634 2102 5690 id

516 5649 612 5678 υει.
675 5649 783 5680 nat
831 5649 986 5699 παρα
1056 5649 1256 5702 ιισαιᾳ·
1300 5649 1324 5682 1
1343 5649 1452 5694 ιους
1482 5649 1767 5704 εγεννησα,
1786 5650 1842 5687 κ.
1869 5650 1920 5685 τ.
1946 5649 2019 5697 Λ.,
2050 5649 2096 5689 tu

516 5696 832 5778 eskiSicut
868 5698 1128 5753 Romanis
1152 5703 1426 5778 scriptum
1450 5713 1534 5756 est
1563 5711 1706 5772 (Cap.
1727 5704 2096 5778 t,_vers._2t):

524 5777 541 5846 ι
579 5765 714 5846 Qui:
766 5783 889 5822 cum
938 5765 1322 5846 cognovissent
1367 5765 1695 5846 Deuttt,_'no'n
1747 5765 2101 5846 sicutheu'm

517 5845 550 5896 tt
575 5835 974 5895 orillcaveruut.
1009 5835 1035 5894 ἱ
1077 5839 1145 5897 Ει
1197 5851 1319 5912 post
1345 5841 1447 5898 alia
1478 5835 1631 5914 (ibid.
1679 5860 1819 5903 vers.
1860 5844 1956 5913 25;
2006 5843 2100 5900 sed

2194 3387 2285 3438 Dei
2315 3386 2366 3438 in
2403 3379 2684 3438 mendacio
2715 3379 2850 3453 (aut,
2886 3403 2904 3434 (
2937 3383 2988 3435 in
3019 3382 3361 3434 mendacium
3392 3381 3462 3449 ι).
3483 3399 3502 3432 ι
3545 3379 3614 3436 Et
3643 3385 3778 3450 apud

2195 3457 2388 3510 Isaiam
2426 3473 2440 3508 :
2472 3473 2488 3505 ι
2533 3453 2700 3508 Filios
2727 3453 2915 3519 genui,
2955 3471 2974 3504 δ
3001 3460 3108 3504 etc.

2285 3525 2378 3592 27)
2418 3524 2764 3577 Ρηευαι-ἱεοιί
2823 3532 2964 3575 sunt.
3003 3519 3116 3592 Vel,
3179 3539 3199 3572 ι
3237 3530 3566 3588 spreverunt
3614 3535 3720 3574 me.
3751 3539 3768 3571 ι

2193 3591 2364 3650 Prior
2387 3605 2566 3646 tamen
2615 3593 2992 3660 interpretatio
3018 3591 3230 3661 Didymi
3273 3605 3440 3660 scopo
3468 3605 3779 3646 accommo-

2193 3667 2391 3721 datior.
2421 3664 2552 3717 Vide
2579 3675 2691 3716 not.
2718 3664 2804 3720 92.
2839 3677 2960 3730 pag.
2981 3661 3107 3716 251.

2267 3735 2378 3805 (28)
2403 3734 2468 3787 1η
2496 3729 2856 3805 multitudine.
2885 3732 3026 3805 Psal.
3056 3749 3179 3805 μιν,
3199 3747 3346 3787 vers.
3447 3738 3564 3800 (seu
3597 3731 3677 3805 3).

2265 3799 2378 3873 (29)
2404 3805 2678 3859 Sardium.
2707 3804 2913 3868 Graece,
2941 3802 3033 3855 τὸν
3073 3803 3264 3873 ῥύπον,
3292 3818 3356 3855 ex
3392 3799 3491 3854 Isa.
3530 3815 3606 3864 Iv,
3635 3803 3690 3856 AI.

2265 3872 2378 3945 (50)
2406 3875 2577 3928 Parit.
2625 3874 2739 3928 Hac
2785 3874 2897 3945 ipsa
2957 3872 3523 3945 tran’slationeiutitur
3571 3872 3778 3945 Didymi

2194 3942 2421 4018 aequalis
2479 3944 2856 4018 Pacianusdn
2904 3959 3157 4018 sermone
3200 3946 3267 3998 de
3316 3942 3587 4018 baptismo
3639 3942 3782 4018 :‘_a_il

2194 4012 2362 4074 enim,
2398 4034 2416 4066 ι
2457 4025 2613 4083 partu
2646 4014 2830 4078 fontis,
2858 4014 3109 4068 manibus
3134 4012 3442 4068 sacerdotis
3470 4012 3782 4067 obstetricis

2197 4089 2315 4142 vice
2346 4086 2638 4153 Iungentis,
2669 4083 3034 4137 Christianum
3077 4085 3298 4148 eﬂ‘uudi,
3353 4084 3454 4136 Iide
3503 4093 3685 4136 tamen
3730 4083 3798 4150 in,

2195 4158 2448 4214 omnibus
2469 4155 2738 4222 pronuba.
2779 4173 2797 4205 ι
2832 4153 3020 4207 Alliuia
3055 4154 3255 4208 habent
3284 4154 3343 4206 S.
3367 4153 3534 4211 Zeno.
3559 4155 3777 4222 aliique.

2269 4227 2380 4298 (3i)
2411 4225 2839 4298 Minislrantilms
2867 4224 3248 4298 sacerdotibus.
3289 4224 3462 4298 Simili
3483 4222 3597 4277 fere
3623 4226 3779 4278 modo

2198 4293 2440 4366 loquitur
2471 4312 2646 4364 segni.
2673 4295 2774 4348 118
2808 4294 2859 4351 b.
2891 4293 3080 4348 Plures
3133 4306 3334 4354 autem,
3367 4294 3492 4366 dum
3536 4297 3783 4366 contere-

2198 4362 2358 4424 batur
2401 4362 2723 4434 baptismus,
2759 4366 3103 4418 ministrasse
3150 4384 3169 4416 ‹
3218 4364 3552 4434 sacerdotes.
3585 4381 3605 4414 ι
3641 4362 3780 4417 indi-

2197 4450 2286 4494 cat
2314 4437 2636 4491 Ambrosius
2678 4450 2893 4504 quoque
2934 4437 2987 4487 itt
3031 4435 3167 4490 libro
3214 4434 3288 4488 De
3332 4434 3626 4501 mysteriis;
3658 4447 3780 4487 nam

2199 4525 2318 4578 cap.
2347 4507 2404 4571 2,
2440 4523 2588 4560 num.
2616 4505 2672 4569 6,
2711 4506 3014 4578 baptizatos
3056 4505 3355 4573 alloquens,
3390 4505 3663 4578 «_Vitli_sti,
3703 4504 3783 4556 in-

2123 4577 2168 4632 D
2195 4573 2332 4646 quit,
2359 4579 2467 4631 illic
2496 4573 2942 4646 |evitam,_vidisti
2968 4578 3302 4628 sacerdotem
3327 4575 3508 4643 (editio
3538 4573 3782 4646 Romana

2195 4644 2381 4710 liabet,
2431 4644 2785 4707 sacerdotes),
2825 4647 3005 4699 vidisti
3053 4661 3322 4698 summum
3361 4645 3722 4698 sacerdotem.
3755 4660 3777 4696 ι

2197 4720 2264 4774 Ει
2286 4734 2406 4787 cap.
2445 4733 2496 4781 v,
2540 4733 2687 4769 num.
2723 4715 2791 4769 27
2825 4732 2841 4770 :
2873 4733 2892 4787 ς
2922 4714 3098 4769 Crede
3113 4731 3243 4787 ergo
3273 4717 3471 4787 adesse
3496 4714 3780 4787 Domin_um

2195 4784 2381 4846 Jesnm
2419 4789 2721 4842 invocatum
2747 4786 2996 4853 precibus
3019 4785 3382 4839 sacerdotum.
3406 4804 3424 4836 ι
3456 4784 3640 4852 Itaque
3676 4784 3782 4836 Ru-

2199 4864 2339 4915 Iinus
2374 4859 2426 4912 in
2456 4858 2710 4925 Apologia
2727 4857 2753 4910 I
2773 4857 2839 4910 de
2863 4857 3155 4924 semetipso
3172 4855 3252 4910 sic
3269 4855 3534 4923 loquitur:
3555 4874 3573 4906 ι
3600 4853 3778 4925 Ego"2

2201 4947 2296 5001 per
2321 4922 2550 4999 gratiam
2588 4922 2841 4997 baptismi
2879 4922 3624 5001 regeneratustsignaculum
3651 4922 3780 5001 tidei

2199 4993 2526 5056 consecutus
2556 4993 2674 5052 sum
2701 5012 2798 5067 per
2825 5008 3043 5052 sanctos
3074 4996 3218 5049 viros
3253 4996 3649 5060 Chromatium,
3687 4993 3782 5049 Jo-

2196 5075 2381 5126 vinum
2409 5079 2465 5124 et
2491 5067 2872 5136 Eusebium...,
2906 5082 3135 5136 quorum
3165 5067 3325 5128 alter,
3350 5077 3474 5118 tunc
3499 5068 3779 5136 presbyter

2198 5143 2368 5198 bealze
2417 5141 2690 5193 memoriae
2735 5135 3008 5191 Valeriani
3053 5136 3312 5206 (episcopi
3371 5135 3774 5204 Aquileiensis),

2199 5213 2340 5266 alter
2369 5210 2806 5273 archidiaconus,
2842 5208 2980 5260 alius
3015 5209 3296 5268 diaconus,
3329 5206 3601 5275 simulque
3625 5217 3778 5274 pater

2201 5282 2355 5342 mihi,
2392 5291 2446 5334 et
2479 5282 2666 5333 doctor
2700 5278 2928 5350 symboli
2960 5294 3026 5332 ac
3057 5275 3334 5350 lideiwfuit.
3371 5295 3390 5328 ι
3438 5277 3542 5350 Sed
3583 5275 3780 5329 clarius

2201 5353 2303 5407 hoc
2341 5354 2628 5419 exponitur
2653 5350 2704 5402 in
2732 5348 2783 5402 Ἴ
2811 5363 2875 5400 ex
2902 5349 2969 5419 i_is
3000 5349 3321 5409 canonibus,
3358 5348 3447 5419 qui
3478 5348 3731 5419 dicuntur
3751 5359 3778 5395 a

2200 5415 2789 5494 synodo'liomanorum
2807 5422 2872 5494 ad
2886 5417 3067 5494 Callos
3079 5419 3361 5494 episcopos
3376 5418 3547 5481 missi,
3564 5415 3776 5494 Sirnicio,

2203 5485 2513 5555 u'tvidetur,
2531 5490 2814 5558 pontilice:
2837 5489 2908 5542 ibi
2930 5491 3072 5542 enim
3100 5485 3213 5542 haec
3231 5485 3460 5556 legimus
3476 5487 3612 5558 apud
3637 5485 3778 5538 Con-

2203 5563 2489 5626 stantium,
2528 5557 2830 5632 pag._592:
2868 5575 2887 5608 ι
2928 5558 3408 5632 Pasclimtempore
3429 5557 3779 5632 presbyteret

2204 5621 2544 5702 diaconus;
2571 5621 2628 5683 iii
2656 5629 3118 5702 fontem_quoque
3153 5630 3252 5699 ipsi
3281 5621 3624 5702 descendunt
3650 5641 3666 5677 :
3705 5621 3778 5702 illi

2204 5704 2260 5758 in
2289 5701 2474 5771 ofﬁcio
2500 5708 2660 5765 sunt;
2691 5697 2962 5771 sedillius
2997 5697 3216 5771 (nempe
3253 5697 3517 5769 episcopi)
3577 5697 3778 5749 nomini

2203 5770 2338 5829 facti
2369 5786 2582 5827 summa
2605 5770 2944 5828 conceditur.
2977 5789 2998 5823 ι
