4054 6408
364 373 433 426 75
1372 363 1462 419 DE
1501 357 1880 418 TRINITATE
1923 357 2128 413 LIBER
2167 356 2559 414 SECUNDUS.

3497 357 3600 412 στι

333 489 673 550 ἀνθρώπειον
707 489 924 553 σκεῦος.
953 489 1125 544 δεῖται
1151 488 1417 562 πρότερον
1461 487 1557 541 τοῦ
1595 487 1703 542 ἀπὸ
1736 486 1924 547 ὕδατος

2032 489 2273 546 generat.
2330 480 2464 536 Nam
2512 479 2754 550 Baptisla
2801 493 3018 549 quoque
3083 477 3338 533 historice
3385 487 3439 532 et
3481 493 3614 532 coa-

336 583 658 654 καθαρσίου,
681 579 798 636 εἶτα
814 584 906 636 καὶ
928 580 1021 635 τοῦ
1041 583 1357 653 στερέμνιον
1383 581 1515 634 αὐτὸ
1537 578 1921 641 ἀποτελοῦντος

336 674 527 746 νοητοῦ
554 675 725 745 πυρὸς
753 677 801 742 (6
823 675 929 746 γὰρ
951 674 1081 737 Θεὸς
1107 674 1218 744 πῦρ
1245 671 1685 743 καταναλίσκον),
1704 671 1798 726 καὶ
1828 669 1889 723 οὗ
1911 698 1922 708 ο

337 784 415 819 τω
449 767 542 820 τοῦ
573 767 964 837 ἀπαρτίζοντος
985 766 1079 819 καὶ
1105 765 1541 830 ἀνακαινίζοντος
1573 765 1729 834 ἁγίου
1753 763 1924 817 Πνεῦ-

340 873 528 926 ματοςο
579 857 738 909 ὁπότε
775 853 912 908 οἶδεν
957 857 1017 909 τό
1051 874 1107 908 τε
1139 855 1249 928 πῦρ
1302 855 1362 909 τὸ
1399 853 1770 926 πνευματικὸν
1830 853 1924 906 καὶ

338 947 604 1018 ἀρδεύειν,
641 947 701 1000 τό
727 965 786 1000 τε
831 947 975 1019 ὕδωρ
1031 949 1124 1001 καὶ
1179 948 1565 1019 ἀναχωνεὺειν.
1623 943 1923 1011 Ἀπόδειξις

336 1040 391 1092 δέ
415 1039 626 1097 τούτου.
663 1039 690 1090 6
715 1037 926 1100 Παῦλος
957 1038 1182 1110 γράφων
1214 1039 1521 1111 Κορινθίοις
1553 1039 1613 1092 τό
1651 1039 1922 1110 δεύτερον·

343 1148 364 1180 ι
397 1131 650 1199 Ἔχοντες
696 1129 753 1181 δέ
806 1127 895 1181 τὸν
940 1128 1211 1200 θησαυρὸν
1262 1129 1450 1182 τοῦτον
1493 1129 1550 1181 ἐν
1583 1127 1924 1199 ὀστρακίνοις

338 1225 605 1278 σκεύεσιν.
651 1246 669 1277 ι
705 1224 794 1294 Τῷ
824 1224 881 1277 δέ
920 1241 983 1291 γε
1019 1225 1214 1276 εἰπεῖν’
1247 1242 1263 1272 ι
1302 1220 1374 1274 Τὸ
1403 1219 1800 1290 γεγεννημένον
1858 1219 1924 1271 ἐκ

337 1314 435 1382 τῆς
468 1313 668 1386 σαρκὸς
701 1312 837 1382 σάρξ
869 1312 1034 1365 ἐστιν’
1071 1312 1167 1364 καὶ
1204 1310 1262 1362 τὸ
1305 1309 1703 1380 γεγεννημένον
1732 1310 1795 1360 ἐκ
1827 1305 1922 1360 τοῦ

338 1404 650 1475 Πνεῦματος
672 1402 896 1474 Πνεῦμά
935 1405 1102 1455 ἐστιν·
1140 1422 1157 1452 ι
1202 1400 1438 1464 ἐδίδαξεν
1467 1401 1524 1452 ἐν
1553 1399 1815 1469 ἐπιτόμῳ,
1849 1399 1925 1462 ὡς

337 1499 365 1550 6
418 1497 722 1569 ἄνθρωπος,
779 1498 805 1548 6
866 1496 1239 1566 βαπτίσματος
1289 1492 1362 1564 μὴ
1410 1490 1609 1562 τυχὼν,
1664 1489 1924 1560 σαρκικὸς

336 1589 502 1650 ἐστιν,
539 1589 682 1642 τοῦτ’
711 1587 854 1640 ἐστιν
879 1587 1146 1655 ἀμέτοχος
1184 1585 1359 1655 φωτὸς
1381 1583 1704 1652 ἐπουρανίου
1733 1580 1923 1649 ισαφές

336 1681 465 1751 γὰρ,
491 1680 565 1744 ὼς
597 1684 630 1752 ὴ
687 1680 824 1750 σὰρξ
850 1681 907 1731 ἐν
931 1679 1038 1750 ὅσῳ
1067 1678 1130 1749 ζῇ
1155 1679 1290 1748 μετὰ
1315 1679 1411 1748 τῆς
1435 1678 1570 1740 ἰδίας
1597 1677 1773 1747 ψυχῆς
1790 1681 1926 1728 νοεῖ-

335 1780 469 1840 tat)’
501 1775 529 1826 6
560 1774 616 1826 δέ
635 1773 951 1843 βαπτισθεὶς
992 1771 1361 1838 πνευματικός
1414 1772 1585 1835 ἐστιν,
1633 1771 1755 1822 ἀντὶ
1802 1768 1917 1831 τοῦ,

2026 584 2287 627 sentanee
2319 573 2432 644 (52)
2455 589 2575 626 emn
2604 573 2707 627 hac
2743 571 3035 633 locutione,
3075 589 3092 620 ι
3125 569 3198 623 Ex
3235 585 3374 638 aqua
3403 580 3457 622 et
3488 569 3611 632 Spi-

2028 664 2155 725 ritu,
2187 682 2206 714 ι
2248 663 2318 716 ait
2355 665 2420 718 de
2462 663 2726 718 CIII‘iSlO:
2764 680 2781 712 ι
2814 661 2906 714 Ille
2943 659 3053 729 (55)
3095 675 3189 712 vos
3225 657 3523 726 baptizubit
3556 659 3630 712 in—

2026 755 2228 824 Spiritn
2255 765 2461 820 sancto,
2482 765 2536 808 et
2565 756 2705 824 igne.
2731 773 2748 804 ι
2772 752 2908 808 Cum
2941 755 3084 804 ettitn
3109 750 3270 803 lictile
3290 750 3360 803 sit
3383 765 3478 802 vas
3498 749 3609 820 (54)

2025 848 2358 910 humanum,
2415 847 2533 900 ideo
2581 847 2816 914 primum
2869 845 3109 914 indiget.
3160 847 3220 896 ut
3268 857 3365 910 per
3418 855 3612 909 aquam

2025 939 2373 1006 purificetur,
2405 937 2602 990 deinde
2640 946 2696 990 ut
2725 951 2821 1004 per
2845 935 3143 1004 Spil'ilaielll
3184 934 3362 1001 ignem
3395 932 3617 985 robore-

2028 1041 2134 1092 tur,
2185 1047 2248 1085 ac
2290 1030 2605 1100 perliciatur
2633 1028 2749 1099 (55)
2783 1029 3054 1096 (οειοιιίιιι
3093 1028 3234 1081 Deus
3268 1045 3286 1077 ι
3313 1025 3450 1094 ignis
3489 1039 3617 1077 cono

2025 1135 2245 1175 sumens
2279 1139 2296 1170 ι
2337 1118 2489 1191 [56])
2521 1141 2532 1174 :
2563 1129 2724 1188 alque
2756 1117 2829 1172 ita
2862 1116 3066 1186 Spiritu
3095 1124 3284 1170 sancto
3333 1115 3554 1183 indiget,
3589 1129 3616 1166 a

2025 1228 2132 1280 quo
2168 1211 2467 1280 perlectum
2518 1210 2612 1264 liat
2663 1219 2717 1263 et
2757 1219 3052 1264 renovetur
3083 1225 3098 1261 :
3132 1207 3281 1262 novit
3317 1205 3468 1260 enim
3503 1206 3617 1274 spi-

2025 1305 2200 1358 ritalis
2258 1305 2396 1372 ignis
2447 1303 2612 1356 etiam
2664 1302 2911 1372 irrigare,
2961 1301 3111 1354 novit
3161 1299 3428 1367 spiritalis
3477 1313 3616 1366 aqua

2024 1397 2187 1449 etiam
2223 1393 2541 1448 ret-onllare.
2589 1393 2640 1445 ld
2681 1409 2844 1458 porro
2875 1393 3212 1446 demonstrat
3249 1391 3468 1452 Paulus,
3497 1405 3618 1441 cum

2026 1487 2078 1540 in
2131 1487 2368 1541 secunda
2418 1485 2484 1538 ad
2530 1485 2841 1538 Corinthios
2880 1483 3109 1538 scribit:
3149 1502 3168 1534 ι
3201 1482 3469 1536 Habentes
3505 1481 3619 1551 (57)

2025 1592 2208 1633 autem
2249 1581 2566 1632 thesaurum
2623 1579 2768 1632 hunc
2823 1578 2875 1630 in
2910 1577 3052 1630 vasis
3102 1576 3380 1630 ﬁctilibus.
3417 1594 3436 1625 ι
3484 1574 3618 1629 Ωιιιιι

2025 1687 2156 1724 vero
2204 1672 2280 1723 ait
2319 1670 2592 1731 Christus,
2659 1687 2678 1720 ι
2710 1668 2864 1736 Quod
2907 1667 3144 1738 genitum
3192 1675 3275 1721 est
3313 1682 3379 1721 ex
3432 1681 3619 1728 carne,

2026 1779 2156 1818 caro
2204 1773 2309 1828 ρει,
2341 1763 2567 1830 etquod
2602 1762 2843 1827 genitum
2878 1771 2965 1814 e:.t
3005 1773 3072 1814 ex
3119 1759 3348 1826 Spiritu,
3384 1757 3623 1827 Spiritus

339 1864 560 1934 μέτοχος
600 1861 744 1932 ζωῆς
776 1860 1065 1914 ἀθανάτου.
1107 1861 1197 1931 Τῷ
1237 1861 1292 1914 δέ
1333 1862 1524 1913 εἰπεῖν·
1584 1880 1601 1911 ι
1641 1859 1713 1913 Τὸ
1745 1859 1918 1912 Πνεῦ-

2032 1866 2129 1919 est,
2162 1874 2182 1907 ι
2236 1856 2476 1908 breviter
2517 1854 2720 1919 docuit,
2774 1867 2898 1906 eum
2951 1851 3252 1914 hominem,
3301 1851 3393 1919 qui
3445 1851 3624 1918 bapti-

340 1972 437 2024 μα,
452 1955 581 2007 ὅπου
601 1953 741 2006 θέλει
761 1955 900 2005 πνεῖο
916 1972 932 2000 ι
957 1951 1016 2004 τὸ
1037 1950 1381 2014 αὐτεξούσιον
1399 1951 1492 2003 καὶ
1513 1950 1814 2004 παντοδύνα
1823 1966 1921 2021 μον

336 2045 498 2098 αὑτοῦ
528 2044 794 2113 ἐκφαίνει.
823 2043 912 2114 Τῷ
939 2044 995 2096 δὲ
1025 2045 1222 2096 εἰπεῖν’
1259 2062 1276 2093 ι
1317 2044 1428 2096 Καὶ
1465 2043 1563 2114 τὴν
1598 2044 1783 2114 φωνὴν
1825 2044 1924 2096 αὑ-

339 2137 429 2190 τοῦ
454 2136 689 2200 ἀκούεις·
748 2137 863 2188 ἀλλ’
891 2134 1018 2207 [116
1048 2135 1103 2207 α]
1143 2137 1244 2189 οὐκ
1273 2133 1440 2201 οἶδας,
1469 2137 1630 2191 πόθεν
1681 2137 1920 2208 ἔρχεται,

338 2230 431 2282 καὶ
473 2228 577 2280 ποῦ
627 2228 848 2294 ὑπάγει·
885 2248 903 2278 ι
954 2227 1104 2296 δηλοῖ
1145 2226 1220 2289 ὡς
1266 2227 1325 2279 οὐ
1356 2227 1652 2298 Νικοδήμῳ
1682 2227 1743 2280 τὸ
1771 2244 1924 2297 τηνι-

337 2319 513 2372 καῦτα
552 2319 822 2387 διελέγετο
860 2319 1025 2389 μόνῳ,
1087 2318 1222 2372 ἀλλά
1271 2319 1366 2372 καὶ
1421 2319 1631 2390 Ἀρείῳ,
1674 2319 1925 2389 Εὐνομίῳ

338 2429 394 2464 se
455 2412 547 2464 καὶ
579 2411 895 2481 Μακεδονίῳ
929 2411 1304 2483 προενεκάλει,
1336 2413 1451 2476 τοῖς
1489 2412 1588 2480 τὴν
1616 2411 1797 2482 φωνὴν
1829 2409 1924 2464 τοῦ

337 2503 492 2572 ἁγίου
525 2503 839 2574 Πνεύματος
893 2504 982 2556 διά
1031 2504 1140 2557 τῶν
1201 2505 1432 2576 Γραφῷν
1477 2503 1787 2568 ἀκούουσιν,
1832 2503 1926 2556 καὶ

337 2595 434 2647 oux
460 2594 676 2657 εἰδόσιν,
717 2594 792 2657 ὡς
824 2595 1064 2665 ἔρχεται,
1101 2595 1356 2666 ἀνάρχως
1405 2595 1738 2666 ἐκπορευθέν
1774 2595 1926 2665 παρά

338 2682 426 2736 τοῦ
462 2683 690 2754 Πατρὸς,
724 2684 782 2736 τὸ
811 2685 1087 2756 πανταχοῦ
1118 2687 1205 2738 ἀεὶ
1231 2687 1426 2757 παρὸν,
1459 2687 1551 2738 καὶ
1573 2686 1772 2755 ὑπάγει
1791 2687 1926 2758 πρὸς

336 2775 520 2839 αὐτὸν,
574 2775 650 2838 ὡς
708 2777 933 2847 Πνεῦμα
983 2776 1148 2830 αὑτοῦ
1213 2777 1515 2848 ἀχώριστον
1574 2780 1818 2849 ὑπάρχον
1856 2781 1922 2850 τῇ

337 2867 572 2939 θεότητιο
596 2869 852 2940 ἀρρήτως
881 2869 991 2942 γὰρ
1014 2870 1282 2942 προῆλθεν
1324 2873 1383 2936 ἐξ
1419 2872 1585 2926 αὑτοῦ
1621 2873 1802 2941 φύσει,
1829 2872 1926 2924 καὶ

337 2959 708 3030 ἐπέστραπται
733 2961 869 3033 πρὸς
899 2962 1081 3015 αὐτόν’
1108 2963 1203 3016 καὶ
1233 2964 1456 3034 πρόοδον
1491 2964 1588 3034 μὲν
1622 2965 1719 3035 τὴν
1744 2967 1806 3017 ἐκ
1829 2965 1922 3017 τοῦ

339 3055 549 3124 Πατρὸς
575 3053 804 3125 ἕχει,ὠς
846 3055 912 3108 ἂν
958 3054 1017 3120 ἐξ
1061 3057 1226 3108 αὑτοῦ
1265 3058 1720 3128 ἐκπορευόμενονο
1757 3057 1925 3129 μόνην

2024 1967 2198 2006 smum
2246 1967 2352 2004 non
2401 1950 2475 2004 sit
2521 1957 2871 2011 consecutus,
2909 1947 3184 2002 carnalem
3232 1963 3374 2008 esse.
3424 1946 3477 2000 id
3514 1956 3618 2008 est,

2027 2044 2273 2098 caelestis
2321 2043 2460 2097 lucis
2497 2043 2814 2111 participem
2849 2057 2953 2095 non
2999 2042 3266 2095 exsistere
3306 2040 3455 2112 (nam
3500 2055 3622 2108 per-

2027 2137 2276 2206 spicuum
2313 2145 2419 2200 est,
2448 2149 2692 2199 carnem,
2735 2143 3004 2202 quatenus
3032 2132 3145 2198 (58)
3177 2133 3305 2186 vivit
3338 2148 3461 2186 cum
3499 2147 3623 2200 pro-

2025 2229 2141 2299 pria
2178 2227 2384 2290 anima,
2415 2227 2505 2282 hic
2537 2226 2605 2280 ab
2631 2241 2698 2280 eo
2738 2223 2932 2295 accipi)
2975 2243 2988 2278 :
3027 2225 3117 2293 qui
3151 2236 3333 2279 autem
3376 2224 3622 2293 baptiza—

2032 2331 2119 2374 tus
2161 2323 2284 2385 l‘uit,
2323 2320 2628 2389 spiritalem
2671 2334 2812 2383 esse,
2867 2321 2966 2372 hoc
3003 2327 3089 2371 est
3137 2316 3456 2386 participem
3500 2320 3624 2368 vine

2029 2415 2371 2469 immortalis.
2403 2411 2504 2467 Ubi
2532 2427 2660 2466 vero
2687 2412 2884 2480 inquit,
2917 2428 2934 2460 ι
2965 2409 3203 2478 Spiritus
3228 2409 3316 2462 ubi
3343 2409 3458 2461 vult
3507 2408 3625 2474 Spi-

2029 2516 2134 2569 rat,
2163 2525 2180 2557 ι
2210 2505 2448 2559 ostendit
2474 2504 2618 2557 hunc
2641 2503 2855 2573 propria
2882 2509 3150 2570 potestate
3171 2500 3456 2570 przeditum
3479 2515 3623 2562 esse,

2027 2613 2189 2668 atque
2220 2598 2674 2666 omnipotentem.
2714 2594 2968 2663 lnquieus
3015 2605 3221 2657 autem,
3279 2613 3298 2644 ι
3332 2593 3398 2647 Et
3439 2608 3624 2646 vocem

2027 2693 2145 2760 ejus
2191 2691 2370 2755 audis,
2409 2691 2505 2744 sed
2565 2690 2745 2743 neseis
2783 2690 2927 2742 unde
2957 2687 3126 2750 venit,
3159 2696 3214 2741 et
3259 2702 3366 2754 quo
3402 2688 3568 2749 vadit,
3598 2704 3622 2738 s

2029 2786 2232 2838 indicat
2279 2798 2340 2837 se
2385 2798 2494 2836 non
2530 2781 2704 2836 solum
2755 2781 3108 2834 Nil-odemum
3158 2781 3230 2832 ibi
3276 2779 3498 2848 alloqui,
3532 2779 3625 2833 Sed

2033 2886 2088 2931 et
2128 2876 2342 2938 Arium,
2379 2883 2430 2928 et
2463 2874 2813 2934 Eunotnium,
2845 2881 2898 2923 et
2921 2870 3295 2924 Macedoninm
3334 2869 3630 2937 anticipate

2029 2967 2308 3029 incursare,
2346 2966 2438 3034 qui
2479 2965 2716 3034 Spiritus
2757 2962 2934 3016 sancti
2973 2977 3159 3016 vocem
3188 2977 3286 3030 per
3311 2962 3628 3030 Scripturas

2027 3060 2285 3120 audiunt,
2313 3073 2376 3112 ac
2408 3060 2685 3121 nesciunt,
2718 3059 2860 3123 quod
2887 3056 3000 3123 ipse
3025 3054 3224 3122 ubique
3248 3068 3467 3123 semper
3497 3070 3631 3122 pra:-

336 3147 392 3199 δὲ
441 3147 538 3218 τὴν
569 3149 648 3210 είς
675 3146 767 3199 τὸν
807 3146 1049 3219 Πατέρα,
1091 3148 1165 3211 ὡς
1209 3148 1275 3202 ἂν
1301 3148 1358 3201 ἓν
1403 3149 1498 3201 καὶ
1527 3149 1721 3202 ταυτὸν
1749 3150 1924 3220 ὑπάρ-

2032 3167 2156 3203 sens
2193 3151 2361 3222 venit,
2391 3150 2508 3201 sine
2546 3149 2700 3200 initio
2733 3147 3035 3214 procedens
3082 3161 3110 3196 ιι
3155 3143 3339 3205 Patre,
3392 3154 3443 3199 et
3477 3145 3628 3198 vadit

337 3256 450 3310 χον·
486 3238 800 3310 ἐπιστρέφει
844 3239 900 3290 δὲ
933 3240 1067 3309 πρὸς
1126 3239 1217 3292 τὸν
1264 3242 1601 3311 γεννήσαντα
1641 3241 1922 3312 προελθὸν,

336 3332 411 3393 ὡς
442 3331 506 3384 ἂν
529 3333 655 3400 μιᾶς
700 3331 792 3384 καί
817 3331 917 3400 τῆς
947 3333 1116 3403 αὐτῆς
1144 3332 1203 3384 ὃν
1227 3333 1437 3396 οὐσίας,
1465 3335 1560 3386 καὶ
1609 3334 1711 3403 τῆς
1735 3352 1928 3406 πατρι-⁵

337 3425 440 3495 κῆς
495 3423 598 3488 ἔξω
643 3424 896 3492 γενέσθαι
944 3425 1334 3496 συνυπάρξεως
1379 3425 1454 3497 μὴ
1483 3427 1803 3498 δυνάμενον.
1837 3428 1927 3499 Τῷ

340 3518 390 3568 se
428 3517 618 3568 εἰπεῖν’
660 3535 678 3568 ι
717 3515 904 3580 Οῦτως
935 3518 1083 3570 ἐστὶν
1110 3519 1219 3580 πᾶς
1247 3519 1274 3571 6
1308 3520 1704 3590 γεγεννημένος
1741 3521 1806 3574 ἐκ
1833 3520 1926 3574 τοῦ

340 3605 672 3677 Πνεύματος⁸
731 3627 750 3660 ι
811 3607 1070 3671 διδάσκει,
1128 3607 1204 3672 ὡς
1252 3608 1313 3662 τὸ
1373 3609 1599 3680 Πνεῦμα
1643 3608 1738 3663 τοῦ
1792 3610 1927 3664 Θεοῦ

342 3698 705 3768 πνευματικὸν
733 3699 918 3769 γεννᾷ,
947 3698 1042 3751 καὶ
1070 3699 1288 3768 λέγεται
1311 3700 1680 3770 πνευματικὸς
1715 3702 1779 3754 ἐκ
1827 3701 1928 3770 τῆς

338 3789 523 3856 ἕξεως,
555 3789 697 3842 καθά
731 3791 758 3842 6
789 3790 848 3856 ἐξ
885 3789 1171 3862 ἀνθρώπου
1200 3790 1414 3861 τεχθεὶς
1440 3793 1686 3846 καλεῖται
1712 3792 1927 3864 ἄνθρω-

339 3899 454 3945 πος.
495 3883 788 3950 Ἐπιφωνεῖ
813 3882 943 3951 γοῦν
985 3881 1063 3952 τῷ
1095 3882 1369 3955 τοιούτῳὸ
1400 3884 1676 3955 Μελῳδὸς’
1718 3905 1737 3936 ι
1775 3886 1930 3940 Ἀνα-

338 3972 748 4043 ιιαινισθήσεται
777 3971 851 4036 ὡς
887 3971 1048 4025 ἀετοῦ
1085 3973 1118 4044 ἡ
1166 3973 1357 4044 νεότης
1389 3990 1504 4026 σουο
1537 3991 1557 4026 ι
1605 3974 1721 4037 καὶ,
1753 3993 1770 4024 ι
1809 3975 1930 4027 Μα-

339 4062 540 4133 κάριοι,
573 4055 647 4116 ὧν
673 4061 952 4134 ἀφέθησαν
976 4063 1032 4116 αἱ
1065 4063 1307 4134 ἀνομίαι,
1340 4064 1434 4118 καὶ
1451 4060 1526 4119 ὧν
1549 4063 1933 4136 ἐπεκαλύφθη-

343 4168 444 4206 σαν
492 4155 546 4206 αι
577 4154 866 4226 ἁμαρτίαι.
906 4173 926 4206 ι
983 4154 1092 4207 Καὶ
1155 4155 1369 4220 Παῦλος
1429 4156 1487 4210 δὲ
1522 4156 1810 4221 συνιστῶν,
1851 4158 1933 4213 δτι

416 4394 527 4463 (52)
578 4395 950 4451 Consentanee.
1017 4396 1150 4453 Cod.
1216 4398 1506 4470 ἑπόμενος.

417 4484 540 4528 νως.

415 4535 526 4621 (ζὴ)
587 4535 704 4591 Ille.
772 4536 964 4593 Matth.
1020 4553 1104 4604 ιιι,
1157 4540 1246 4594 lt.
1294 4537 1467 4595 Biblia
1516 4557 1530 4594 :

338 4620 567 4668 εκεινος.

413 4677 528 4744 (54)
567 4676 820 4733 Fictile...
875 4695 985 4733 vos.
1040 4679 1272 4734 Locutio
1323 4677 1522 4734 hiblica
1567 4695 1630 4735 ex
1689 4681 1732 4735 ll
1799 4680 1925 4735 Cor.

342 4763 430 4823 tv,
450 4748 503 4800 7.
548 4747 731 4823 Mtjeris
761 4749 812 4801 iu
857 4765 988 4823 voce
1033 4750 1366 4823 κεραμεοῦν,
1415 4761 1577 4823 atque
1628 4750 1931 4823 Hesychius

345 4820 572 4893 habent_
601 4819 921 4890 ὀστρακινὸν
986 4819 1475 4893 [ιι-(ι’ὀστράκινον.
1522 4820 1588 4893 At
1643 4823 1695 4876 in
1738 4819 1932 4876 Bibliis

343 4903 408 4970 ea
432 4903 534 5008 lvox
560 4890 632 4942 ita
668 4905 881 4958 semper
910 4891 1193 4956 scribitur,
1227 4890 1285 4944 ut
1310 4907 1339 4945 a
1359 4891 1585 4946 librario
1606 4901 1797 4948 nostro
1828 4893 1932 4948 huc

345 4973 400 5008 tn
452 4974 572 5008 oco-

345 4973 400 5012 tn
434 4973 572 5014 IOCO.

414 5029 530 5098 (55)
559 5028 850 5082 Roboretur
884 5045 946 5083 ac
971 5030 1295 5100 perﬁciatur.
1328 5029 1744 5086 Sacramentnm
1799 5047 1930 5086 con-

345 5098 673 5153 ﬁrmationis
703 5101 907 5153 indicat
944 5116 972 5153 a
1001 5098 1275 5170 baptismo
1307 5103 1647 5157 distinctum.
1691 5103 1744 5156 In
1787 5103 1932 5156 Grae-

343 5185 412 5223 co
439 5179 619 5223 autem
651 5180 772 5239 est:
811 5188 828 5219 ι
867 5172 1147 5224 robustum
1188 5171 1522 5239 perﬁciatur.
1564 5192 1583 5224 ι
1619 5172 1737 5237 Quo
1771 5175 1932 5228 modo

346 5239 400 5293 iu
429 5240 568 5294 libro
596 5239 670 5292 De
705 5238 844 5313 Spir.
867 5253 1070 5306 sancto,
1093 5238 1239 5295 num.
1263 5245 1319 5309 6,
1350 5243 1425 5296 ait
1451 5243 1594 5296 idem
1623 5241 1927 5313 Didymus:

350 5328 371 5362 ι
413 5319 602 5363 sancta
625 5311 922 5378 perlicitur.
971 5329 990 5362 ι

419 5379 533 5446 (56)
574 5380 720 5502 [Ignis
753 5396 1082 5434 consumens.
1111 5381 1270 5437 Deut.
1302 5395 1376 5442 Iv.
1403 5381 1497 5448 24,
1531 5392 1586 5438 et
1621 5398 1702 5443 Ix.
1724 5381 1778 5436 5.

421 5449 536 5503 (57)
647 5449 877 5503 ubentcs.
950 5453 989 5503 ll
1035 5451 1162 5503 Ωον.
1236 5467 1312 5503 tv.
1368 5452 1420 5503 7.
1490 5453 1546 5503 In
1595 5452 1778 5503 Bibliis

421 5453 536 5520 (57)
591 5453 877 5507 Habentes.
950 5453 989 5506 ll
1035 5453 1162 5506 Cor.
1236 5467 1312 5515 Iv,
1368 5453 1420 5506 7.
1490 5453 1546 5507 In
1595 5453 1785 5506 Bibliis
1856 5453 1923 5506 Ie-

347 5518 762 5592 εἰιιιιςέχομεν,
817 5522 1018 5592 ἱιιμθει,
1076 5537 1096 5572 ι
1137 5522 1426 5586 habemus,
1469 5542 1488 5576 ι
1536 5538 1632 5591 pro
1687 5521 1923 5592 ἔχοντες.

443 5589 534 5658 58)
562 5589 856 5662 Quatenus.
886 5589 996 5662 ifel,
1021 5609 1038 5642 ι
1068 5593 1328 5662 quandiu.
1371 5612 1389 5644 ι
1426 5589 1606 5648 Codex
1653 5589 1930 5662 mendose,

345 5661 519 5714 tvdow
539 5677 638 5734 pro
662 5663 718 5734 ἐν
743 5661 872 5734 δσῳ.
895 5661 1255 5734 ὃίιιιὶίίηιιιοάο
1289 5663 1547 5734 Didymus
1583 5665 1650 5717 ad
1684 5678 1804 5734 cap.
1839 5679 1931 5729 xv,

348 5745 494 5784 vers.
530 5729 620 5794 29,
654 5729 772 5785 Jobi
803 5729 944 5800 (pag.
994 5732 1097 5785 295
1137 5743 1343 5786 catena:
1372 5729 1426 5786 in
1452 5734 1646 5787 Jobum
1685 5748 1715 5786 a
1745 5729 1933 5787 Nieeta

350 5803 710 5872 concinnatae)
739 5818 750 5852 :
780 5800 862 5855 Τὰ
889 5800 997 5871 γὰρ
1012 5801 1226 5873 δένδρα,
1251 5803 1308 5856 ἐν
1324 5803 1433 5874 ὅσῳ
1453 5804 1552 5876 μὲν
1578 5803 1816 5869 ἵσταται,
1839 5801 1934 5856 καὶ

1589 4399 1736 4471 Lego
1797 4401 1928 4454 ἐπο-

1589 4540 1754 4606 αὑτός
1829 4557 1928 4612 pro

647 5449 877 5507 ubentcs.
950 5453 989 5506 ll
1035 5451 1162 5506 Cor.
1236 5467 1312 5515 Iv,
1368 5452 1420 5506 7.
1490 5453 1546 5507 In
1595 5452 1785 5506 Bibliis
1856 5452 1950 5508 le-.

2033 3244 2098 3296 ad
2131 3257 2276 3306 eum,
2313 3250 2499 3310 utpote
2531 3239 2768 3306 Spiritus
2801 3237 2986 3304 ipsius.
3024 3245 3080 3290 et
3106 3237 3308 3291 deitate
3351 3237 3419 3290 ab
3443 3251 3508 3290 eo
3541 3237 3626 3290 in—

2035 3333 2359 3402 separaliilis
2407 3332 2678 3385 exsistens
2719 3327 3108 3384 :inell'abiliter
3160 3327 3305 3383 enim
3361 3330 3630 3397 processit

2037 3435 2228 3478 natura
2259 3423 2372 3494 (59)
2400 3439 2466 3476 ex
2509 3423 2648 3490 ipso,
2676 3420 2838 3490 252
2865 3429 2921 3474 et
2951 3434 3202 3474 reversus
3229 3428 3315 3473 est
3345 3419 3410 3472 ad
3447 3436 3572 3473 eum
3601 3439 3617 3475 :

2031 3527 2083 3570 et
2129 3531 2475 3585 progressum
2522 3513 2740 3583 quidem
2790 3528 2856 3566 ex
2895 3511 3055 3567 Patre
3098 3511 3281 3576 habet,
3329 3521 3514 3580 utpote
3559 3528 3627 3567 es

2033 3609 2151 3676 ipso
2203 3609 2542 3676 procedens;
2600 3605 2770 3658 solam
2805 3603 2920 3675 (40)
2951 3617 3131 3658 autem
3189 3604 3626 3675 progressionem

2035 3702 2088 3754 in
2135 3700 2352 3754 Patrem
2402 3700 2588 3762 habet,
2645 3709 2832 3763 utpote
2873 3700 2962 3769 qui
3013 3714 3178 3752 unum
3229 3707 3286 3752 et
3329 3699 3470 3753 idem
3503 3713 3626 3752 eum

2035 3795 2152 3864 ipso
2197 3803 2282 3848 est
2327 3793 2667 3848 :revertitur
2717 3803 2897 3847 autem
2947 3791 3013 3846 ad
3057 3790 3370 3846 Genitorem
3413 3791 3527 3861 (Η)
3576 3792 3628 3844 ἰιι

2035 3887 2404 3956 procedendo,
2456 3894 2642 3953 utpote
2692 3901 2782 3954 qui
2831 3895 2886 3940 et
2934 3896 3018 3938 est
3066 3884 3229 3938 unius
3275 3884 3632 3952 ejusdemque

2038 3994 2162 4033 eum
2211 3978 2302 4031 illo
2355 3980 2628 4041 essentne,
2663 3992 2840 4044 neque
2870 3991 2994 4032 esse
3030 3985 3210 4046 potest
3241 3989 3398 4030 extra
3451 3973 3630 4030 Patris

2039 4069 2509 4125 eoexsistentiam.
2564 4068 2804 4122 Diceudo
2848 4079 3054 4132 autem,
3105 4085 3125 4118 ι
3157 4066 3251 4122 Sic
3296 4074 3384 4120 est
3428 4068 3629 4133 omnis,

2040 4161 2132 4232 qui
2158 4161 2371 4229 genitus
2399 4167 2575 4213 estex
2607 4157 2833 4225 Spiritu,
2863 4175 2882 4208 ι
2919 4154 3078 4210 docet
3099 4169 3128 4208 ιι
3157 4154 3363 4224 Spiritu
3390 4152 3483 4207 Dei
3519 4153 3630 4221 spi-

2035 4400 2194 4455 σκιὰν
2224 4403 2386 4454 ποιεῖ’
2417 4395 2803 4468 ἀποτμηθέντα
2821 4394 3118 4468 δὲ,οὑκέτι⁶
3153 4393 3204 4447 id
3236 4401 3380 4468 est,_¢
3409 4391 3632 4445 arl'ores

2035 4473 2182 4526 enim
2212 4473 2452 4540 quandin
2482 4463 2652 4532 sta-nt,
2689 4469 2939 4521 umbram
2967 4466 3210 4528 faciunt;
3247 4463 3444 4516 excisa:
3478 4477 3581 4513 vn.
3607 4500 3627 4528 ,

2037 4557 2402 4610 Ιιθίιιιςιιμιτιιιι.
2451 4560 2469 4592 Ι

2109 4601 2497 4682 (59)’Ναιιινα.
2525 4608 2655 4677 Seu,
2683 4626 2701 4660 ι
2744 4622 2894 4663 vere.
2933 4624 2952 4657 ι
3007 4605 3142 4660 Vide
3188 4612 3303 4658 not.
3365 4601 3458 4666 64,
3500 4617 3622 4671 pag.

2107 4752 2226 4825 (40)
2251 4751 2454 4825 Solam,
2481 4759 2588 4805 etc.
2621 4749 2700 4805 Ne
2737 4747 2936 4825 inlerat
2967 4747 3094 4825 hinc
3123 4744 3505 4825 schis-matieus
3536 4743 3630 4798 ali-

2035 4815 2178 4890 Quis,
2203 4815 2472 4891 Spiritum
2497 4830 2769 4884 sanctum,
2798 4818 3007 4891 Didymi
3045 4816 3339 4891 sententia,
3369 4829 3434 4868 ex
3470 4815 3628 4891 l’atre

2037 4885 2414 4947 tantummodo
2467 4892 2783 4960 procedere,
2826 4885 2969 4958 quod
3032 4887 3079 4942 ei
3139 4885 3354 4960 tribuat
3385 4904 3404 4937 ι
3455 4885 3625 4940 solam

2033 4956 2556 5034 progressionemin
2594 4956 2856 5034 Patremi
2904 4978 2924 5012 ι
2975 4973 3098 5012 nam
3137 4957 3272 5034 ratio
3305 4956 3417 5020 illa,
3459 4970 3624 5034 quam

2036 5027 2353 5101 subiungit,
2395 5049 2414 5083 ι
2466 5041 2650 5097 utpote
2703 5031 2794 5100 qui
2849 5044 3016 5101 unum
3060 5037 3126 5101 et
3173 5027 3313 5080 idem
3354 5027 3627 5101 cum_ip_§o

2036 5095 2155 5168 est;
2185 5122 2201 5154 ι
2236 5095 2544 5170 huiusmodi
2605 5095 2822 5155 sensum
2877 5098 3142 5170 excludit,
3203 5111 3328 5150 eum
3371 5097 3440 5170 de
3475 5095 3628 5170 Filio

2035 5167 2252 5243 quoque.
2276 5167 2393 5226 eam
2441 5171 2623 5226 valere
2666 5181 2875 5225 certum
2915 5170 3006 5243 sit.
3042 5167 3163 5243 Id_eo
3190 5168 3628 5243 ergotlteoltigtts

2039 5233 2226 5297 noster
2253 5261 2270 5292 ι
2310 5243 2479 5296 solam
2511 5243 2952 5312 progressionem
2986 5239 3039 5312 in
3083 5233 3300 5312 Patrem
3340 5255 3362 5312 ι
3394 5233 3626 5312 Spiritui

2037 5325 2228 5368 sancto
2258 5314 2467 5376 trilmit,
2511 5307 2573 5366 ut
2616 5307 2735 5378 eius
2777 5331 2796 5363 ι
2843 5311 3177 5366 creationem
3215 5326 3234 5358 ι
3277 5307 3566 5362 iulleietur.
3602 5324 3622 5356 ι

2109 5384 2224 5453 (41)
2265 5383 2348 5435 Ad
2388 5377 2695 5454 genitorem.
2753 5381 2808 5435 In
2853 5382 3065 5454 Gnaeo.
3103 5377 3248 5454 «pb;
3292 5377 3386 5431 τὸν
3418 5378 3627 5454 χεννῇ-

2038 5448 2230 5517 σαντα,
2264 5455 2314 5507 id
2351 5448 2432 5509 est
2471 5471 2490 5505 ι
2524 5455 2592 5511 ad
2623 5467 2746 5506 eum
2765 5454 2856 5521 qui
2875 5450 3080 5524 genuit,
3121 5467 3140 5500 ι
3170 5449 3274 5524 vel,
3307 5467 3324 5498 ι
3353 5448 3430 5524 _ad
3460 5462 3626 5524 gene-

2038 5537 2270 5578 rantotn.
2321 5544 2340 5578 ι
2395 5524 2562 5578 Miror
2619 5518 2799 5578 autem
2858 5518 3146 5592 Didytnum
3198 5518 3312 5592 hac__
3353 5518 3624 5592 locutione

2038 5595 2115 5648 uti
2141 5605 2249 5648 tam
2275 5593 2604 5664 -itnpr0pria.
2637 5592 2766 5657 Sed,
2815 5592 2921 5664 nisi
2942 5585 3196 5664 mendum
3222 5630 3223 5633 η
3245 5588 3458 5664 aliquod
3495 5585 3626 5664 sub:

2039 5665 2131 5728 sit,
2163 5679 2224 5719 ea
2247 5667 2326 5720 sic
2348 5653 2532 5734 procul
2565 5665 2728 5734 dubio
2757 5653 3068 5734 accipienda
3094 5669 3199 5734 est,
3235 5667 3295 5712 ut
3323 5653 3455 5712 nihil
3474 5653 3627 5734 aliud

2038 5724 2250 5798 valeat,
2283 5724 2442 5807 quam
2484 5733 2617 5805 πρὸς
2669 5733 2763 5788 τὸν
2825 5724 3066 5803 Πατέρα,
3126 5727 3179 5783 id
3212 5739 3316 5797 eat,
3361 5745 3381 5781 ι
3423 5727 3489 5782 ad
3520 5724 3626 5782 Pa-

2043 5813 2198 5862 trem.
2238 5823 2257 5856 ι
