4054 6406
455 394 562 450 675

1697 384 1933 442 DIDYMI
1970 383 2443 441 ALEXANDRINI

3630 383 3737 438 67‘}

453 507 668 565 ritalem
710 505 827 579 (42)
852 505 1123 578 generari,
1178 513 1234 561 et
1272 503 1571 575 spiritalem
1613 503 1716 559 dici
1766 503 2039 558 hominem

2147 501 2267 566 τούς
2299 520 2359 556 τε
2394 501 2799 574 φωτιζομένους
2837 500 2899 555 τὸ
2935 499 3165 571 Πνεῦμα
3195 500 3486 573 ἀναγεννᾷ,
3515 501 3610 555 καὶ
3636 501 3736 556 τὴν

453 616 522 655 ex
564 598 792 662 habitu;
843 599 986 652 sicut
1016 597 1106 664 qui
1141 605 1302 651 natus
1328 603 1412 650 est
1440 611 1504 649 ex
1545 595 1784 658 homine,
1818 603 2041 649 vocatur
2078 666 2083 673 '

454 690 638 744 homo.
669 686 951 741 Acclamat
982 686 1164 756 itaque
1208 683 1513 753 hujusmodi
1558 685 1763 738 homini
1808 684 2040 753 spiritali

455 779 697 835 Melodus
749 779 1002 849 inquiens
1047 796 1061 833 :
1101 796 1121 830 ι
1154 777 1525 833 Reuovabitur
1572 775 1684 849 (45)
1741 788 1799 832 ut
1844 775 2040 846 aquila:

450 869 707 938 juventus
754 878 885 936 tua;
922 889 941 922 ι
991 880 1045 926 et
1078 890 1092 927 :
1129 887 1151 923 ι
1178 869 1327 925 Beati
1361 868 1474 940 (44)
1523 883 1753 938 quorum
1799 868 2041 922 remissae

454 969 586 1015 sunt
614 960 956 1031 iniquitates,
984 971 1040 1016 et
1064 976 1293 1031 quorum
1325 968 1463 1015 tecta
1495 968 1620 1014 sunt
1644 970 1886 1029 peccata.
1917 979 1937 1012 ι
1970 958 2042 1014 At

454 1051 657 1107 Paulus
692 1067 910 1122 quoque
951 1051 1219 1124 Spiritum
1255 1060 1310 1107 et
1338 1051 1671 1106 illuminatos
1705 1049 1821 1121 (seu
1863 1050 2041 1121 bapti-

454 1143 631 1216 zatos)
687 1158 1034 1216 regenerare,
1077 1151 1131 1199 et
1167 1145 1261 1199 Dei
1297 1144 1787 1199 denominationem
1831 1159 1899 1199 ex
1943 1159 2041 1198 na—

456 1244 574 1291 tura
611 1237 814 1291 habere
855 1237 1168 1303 conﬁrmat,
1198 1236 1325 1291 dum
1366 1237 1560 1292 scribit
1600 1237 1667 1289 ad
1701 1235 1883 1290 Titum
1919 1237 2041 1306 qui-

457 1326 606 1392 dem,
637 1327 777 1381 sicut
805 1328 1051 1398 superius
1082 1326 1196 1400 (45)
1226 1328 1432 1383 dictum
1464 1337 1550 1383 est
1577 1346 1591 1382 :
1634 1346 1654 1380 ι
1687 1327 2040 1398 Regeneraus

454 1431 556 1471 nos
600 1432 697 1486 per
737 1417 1016 1475 lavacrum
1068 1418 1525 1487 regenerationis,
1567 1427 1624 1473 et
1672 1417 2041 1472 renovationis

457 1507 695 1578 Spiritus
717 1509 913 1563 sancti.
942 1527 961 1561 ι
988 1508 1071 1563 Ad
1099 1509 1375 1565 Romanos
1398 1524 1562 1564 vero:
1588 1527 1608 1561 ι
1635 1509 1692 1563 Si
1724 1519 1904 1562 autem
1927 1507 2038 1579 (46)

455 1600 659 1669 Spiritu
705 1616 870 1672 Opera
921 1603 1167 1671 corporis
1204 1602 1314 1675 (47)
1346 1602 1723 1667 mortiﬁcatis,
1783 1602 1980 1657 vivetis
2017 1618 2031 1654 :

453 1692 763 1762 quicunque
830 1693 975 1748 enim
1032 1692 1239 1764 Spiritu
1292 1694 1385 1749 Dei
1451 1703 1728 1763 aguntur,
1808 1694 1864 1748 hi
1943 1693 2037 1748 ﬁlii

453 1781 550 1837 Dei
599 1792 728 1837 sunt
758 1799 773 1837 :
808 1798 914 1839 non
949 1778 1097 1839 enim
1142 1785 1433 1855 accepistis
1466 1785 1718 1855 spiritum
1754 1785 2038 1839 servitutis

2144 592 2239 646 τοῦ
2285 592 2420 646 Θεοῦ
2483 591 2855 664 προσηγορίαν
2905 590 3065 660 φύσει
3122 592 3406 663 κέκτηται,
3474 591 3733 663 ἔγραψεν,

2144 685 2282 756 πρὸς
2301 686 2399 755 μέν
2431 685 2608 747 Τῖτον,
2638 681 2821 747 καθὼς
2852 682 3114 755 ἀνωτέρω
3148 683 3362 754 ἐλέχθη·
3403 701 3423 734 ι
3476 683 3736 750 Ἀναγεν-

2143 777 2314 847 νήσας
2343 776 2493 846 ἡμᾶς
2527 774 2617 829 διὰ
2638 772 2864 847 λουτροῦ
2908 772 3350 843 παλιγγενεσίας,
3384 772 3479 825 καὶ
3510 772 3736 825 ἀνακαι-

2143 867 2338 929 νίσεως
2376 866 2692 936 Πνεῦματος
2722 864 2899 933 ἁγίου·
2931 883 2950 917 ι
2984 865 3121 935 πρὸς
3145 863 3203 916 δὲ
3262 861 3586 933 Ῥωμαίους·
3624 879 3643 911 ι
3670 860 3734 912 El

2140 954 2198 1009 δὲ
2228 954 2507 1025 Πνεῦματι
2558 954 2657 1018 τὰς
2709 953 2937 1025 πράξεις
2976 953 3071 1006 τοῦ
3128 951 3379 1023 σώματος
3412 950 3731 1013 θανατοῦτε,

2142 1047 2394 1119 ζήσεσθε·
2425 1049 2539 1102 ὅσοι
2572 1048 2681 1119 γάρ
2699 1046 2981 1118 Πνεῦμα-ει
3017 1044 3153 1099 Θεοῦ
3176 1045 3421 1114 ἄγονται,
3448 1037 3593 1097 οῦτοι
3626 1042 3735 1095 υἱοὶ

2141 1140 2278 1194 Θεοῦ
2306 1142 2466 1196 εἰσιν.
2498 1140 2574 1194 Οὐ
2623 1140 2732 1212 γὰρ
2766 1139 2990 1193 ἐλάϐετε
3036 1137 3263 1208 Πνεῦμα
3296 1135 3542 1199 δουλείας
3569 1134 3733 1188 πάλιν

2142 1234 2222 1296 εἰς
2269 1232 2452 1302 φόϐον·
2499 1232 2615 1286 ἀλλ’
2651 1233 2876 1285 ἐλάϐετε
2916 1232 3144 1303 Πνεῦμα
3174 1230 3300 1303 [116
3331 1228 3388 1302 ὁ]
3437 1227 3730 1290 υἱοθεσίας,

2142 1328 2200 1379 ἐν
2226 1318 2270 1394 ᾧ
2297 1325 2594 1396 κράζομεν·
2665 1324 2835 1378 Ἀϐϐά
2890 1326 2919 1377 ὁ
2959 1325 3170 1398 Πατήρ.
3214 1320 3357 1375 Αὐτὸ
3399 1321 3461 1374 τὸ
3504 1319 3732 1390 Πνεῦμα

2142 1421 2525 1490 συμμαρτυρεῖ
2562 1417 2642 1488 τῷ
2697 1417 2967 1488 πνεύματι
3018 1418 3196 1489 ἡμῶν,
3251 1418 3334 1471 ὅτι
3375 1416 3540 1485 ἐσμὲν
3564 1413 3735 1468 τέκνα

2141 1511 2299 1565 Θεοῦ·
2330 1511 2463 1564 εἰδὲ
2505 1511 2693 1574 τέκνα,
2728 1513 2821 1564 καὶ
2865 1510 3210 1580 κληρονόμοι,
3251 1507 3577 1579 κληρονόμοι
3632 1506 3733 1577 μὲν

2144 1599 2302 1665 Θεοῦ,
2360 1600 2791 1672 συγκληρονόμοι
2836 1600 2894 1653 δὲ
2938 1598 3196 1670 Χριστοῦ·
3248 1617 3267 1649 ι
3307 1598 3441 1670 πρὸς
3471 1598 3528 1651 δὲ
3561 1597 3732 1668 Τιμόα

2141 1690 2263 1746 θεον
2294 1693 2353 1745 ἐν
2378 1694 2444 1763 τῇ
2469 1692 2699 1763 δευτέρᾳ.
2731 1691 3039 1762 Ἐπιστολῇ·
3074 1710 3092 1742 ι
3121 1692 3197 1744 Οὐ
3231 1691 3341 1763 γὰρ
3376 1692 3574 1745 ἔδωκεν
3597 1693 3731 1762 ἡμῖν

2140 1785 2171 1834 ὁ
2210 1783 2343 1847 Θεὸς
2380 1782 2605 1855 Πνεῦμα
2635 1784 2902 1848 δουλείας,
2935 1783 3071 1837 ἀλλὰ
3109 1783 3413 1854 δυνάμεως,
3455 1783 3551 1836 καὶ
3587 1783 3731 1851 ἀγά-

459 1873 659 1928 iterum
694 1874 748 1927 in
784 1875 997 1939 timore,
1029 1875 1124 1930 sed
1155 1875 1442 1945 accepistis
1483 1873 1746 1946 Spiritum
1786 1875 2034 1946 adoptio-

2147 1890 2270 1945 πης,
2312 1875 2408 1928 καὶ
2448 1873 2851 1946 σωφρονισμοῦ.
2882 1894 2900 1927 ι
2938 1875 3063 1929 Ὅτι
3098 1874 3208 1948 γὰρ
3243 1875 3370 1947 περὶ
3422 1874 3515 1928 τοῦ
3574 1874 3732 1943 ἁγίου

454 1965 541 2019 nis
588 1965 643 2020 in
699 1965 866 2034 ﬁlios,
921 1967 979 2021 in
1021 1981 1131 2037 quo
1194 1967 1538 2023 clamamus:
1570 1967 1728 2023 Abba
1783 1967 2039 2040 (Pater).

453 2052 576 2124 Ipse
609 2054 723 2126 (48)
756 2055 992 2126 Spiritus
1050 2056 1418 2112 testimonium
1460 2058 1641 2112 reddit
1686 2058 1898 2128 spiritui
1940 2074 2040 2114 ne-

453 2140 788 2215 stro,'quod
836 2160 1024 2202 sumus
1065 2147 1159 2202 ﬁlii
1208 2147 1298 2202 Dei
1333 2164 1349 2202 :
1382 2147 1429 2202 si
1490 2157 1670 2203 autem
1713 2149 1831 2216 ﬁlii,
1874 2151 2037 2206 etiam

456 2235 735 2301 heredes;
785 2236 1031 2292 haeredes
1078 2237 1297 2307 quidem
1346 2238 1465 2302 Dei,
1503 2239 1819 2294 cohaeredes
1860 2249 2039 2295 autem

454 2326 685 2384 Christi.
715 2344 736 2380 ι
769 2327 851 2382 Ad
876 2326 1221 2383 Timotheum
1253 2343 1383 2384 vero
1413 2330 1468 2384 in
1499 2331 1737 2385 secunda
1762 2331 1997 2401 lspistola
2023 2350 2038 2386 :

461 2437 483 2473 ι
510 2418 633 2475 Non
679 2420 826 2474 enim
853 2420 966 2491 (49)
999 2422 1148 2476 dedit
1186 2422 1342 2478 nobis
1389 2421 1533 2479 Deus
1579 2423 1843 2494 Spiritum
1873 2425 2044 2479 servi-

459 2511 592 2567 tutis
621 2511 758 2584 (50),
809 2513 903 2567 sed
950 2514 1227 2583 potentiaa,
1267 2524 1321 2570 et
1355 2517 1666 2580 charitatis,
1700 2526 1757 2571 et
1787 2517 2045 2572 emenda-

458 2604 645 2660 tionis.
676 2623 696 2656 ι
727 2604 882 2673 Quod
913 2607 1057 2660 enim
1089 2606 1251 2677 253
1281 2606 1349 2662 de
1388 2608 1591 2678 Spiritu
1630 2619 1822 2664 sancto
1850 2609 2043 2678 loqua-

458 2705 572 2760 tur,
599 2711 665 2751 ex
701 2711 768 2750 eo
799 2697 963 2751 etiam
998 2709 1147 2765 patet
1176 2699 1317 2768 quod
1343 2699 1490 2754 dicat
1519 2716 1535 2755 :
1572 2717 1592 2752 (
1623 2698 1738 2754 Non
1770 2702 1917 2755 enim
1949 2714 2043 2754 ac-

459 2786 685 2856 cepistis
710 2786 973 2856 Spiritum
1008 2788 1290 2843 servitutis
1322 2791 1520 2845 iterum
1572 2790 1627 2845 in
1680 2792 1912 2856 timore;
1947 2792 2043 2845 sed

459 2877 752 2948 accepistis
816 2877 1081 2948 Spiritum
1143 2881 1453 2951 adoptionis
1500 2882 1554 2935 in
1620 2882 1860 2937 ﬁliosn
1917 2896 2043 2937 cum

463 2974 609 3030 enim
654 2973 767 3043 jam
826 2974 1077 3044 spiritum
1129 2985 1377 3029 nostrum
1421 2974 1648 3028 omnino
1697 2973 2043 3040 haberemus,

461 3068 773 3138 accepimus
815 3068 982 3122 etiam
1033 3067 1296 3137 Spiritum
1344 3066 1462 3122 Dei.
1513 3064 1859 3120 Manifestum
1914 3078 2046 3119 vero

467 3158 573 3214 hoc
607 3158 771 3212 etiam
805 3173 871 3213 ex
899 3172 965 3213 eo
998 3168 1102 3223 est,
1130 3157 1275 3226 quod
1319 3156 1680 3224 subjunxerit,
1711 3156 1887 3226 ipsum
1923 3155 2046 3225 Spi-

2143 1966 2457 2038 Πνεύματος
2491 1967 2818 2036 διαλέγεται,
2874 1966 3096 2040 εὔδηλον
3152 1969 3249 2023 καὶ
3293 1970 3359 2023 ἐκ
3405 1968 3499 2022 τοῦ
3535 1970 3730 2022 εἰπεῖν·

2148 2080 2167 2112 ι
2202 2060 2277 2113 Οὐ
2303 2059 2412 2131 γὰρ
2442 2060 2662 2114 ἐλάϐετε
2714 2059 2943 2131 Πνεῦμα
2968 2060 3212 2124 δουλείας
3245 2061 3407 2115 πάλιν
3429 2064 3509 2125 είς
3547 2061 3732 2130 «φόϐον,

2142 2151 2258 2205 ἀλλ’
2283 2150 2503 2206 ἐλάϐετε
2538 2151 2764 2223 Πνεῦμα
2808 2152 3104 2216 υἱοθεσίας.
3149 2173 3167 2205 ι
3208 2154 3467 2225 Ἔχοντες
3498 2154 3608 2225 γάρ
3633 2153 3735 2224 ἤδη

2142 2241 2363 2305 πάντως
2384 2241 2446 2294 τὸ
2479 2241 2770 2313 ἡμέτερον,
2790 2241 3057 2312 ἐλάϐομεν
3096 2243 3192 2295 καὶ
3223 2242 3407 2303 τὸτοῦ
3438 2243 3593 2296 Θεοῦ.
3630 2243 3734 2294 Σα-

2143 2332 2243 2401 φές
2299 2332 2355 2385 δέ
2382 2331 2542 2386 τοῦτο
2578 2333 2672 2386 καὶ
2707 2332 2816 2386 άπὸ
2851 2332 2944 2386 τοῦ
2970 2334 3296 2402 ἐπαγαγεῖν,
3334 2333 3412 2397 ὡς
3440 2354 3457 2385 ι
3490 2334 3635 2387 Αὐτὸ
3674 2330 3734 2386 τὸ

2142 2421 2370 2494 Πνεῦμα
2422 2427 2812 2497 συμμαρτυρεῖ
2862 2424 2943 2496 τῷ
2995 2426 3269 2497 πνεύματι
3321 2426 3502 2497 ἡμῶν.
3543 2445 3563 2479 ι
3592 2427 3731 2497 Ὀρσ

2141 2512 2257 2580 οὖν,
2286 2515 2405 2580 πῶς
2455 2516 2776 2589 παραδόξως
2819 2517 3097 2587 Δεσπότην
3128 2518 3458 2587 ἀπαγγέλλει
3490 2517 3551 2571 τὸ
3580 2517 3731 2587 ἆγιοκ

2145 2608 2388 2680 Πνεῦμα.
2442 2610 2501 2663 Ὁ
2534 2609 2644 2682 γάρ
2677 2610 2752 2683 μὴ
2782 2610 2856 2665 ὣν
2891 2610 3079 2674 δοῦλος
3133 2595 3418 2683 ἐλεύθερός
3444 2613 3610 2664 ἐστιν·
3641 2610 3732 2665 καὶ

2144 2704 2172 2756 ὁ
2195 2701 2497 2773 ἐλευθερῶν
2537 2703 2805 2776 δεσπότης
2834 2704 3193 2776 καθέστηκεν·
3218 2704 3393 2770 οὐδεὶς
3425 2705 3554 2776 γάρ,
3582 2705 3611 2758 ὃ
3640 2705 3733 2758 αὑ·

2142 2792 2235 2855 τὸς
2266 2793 2367 2846 οὐκ
2394 2792 2533 2863 ἔχει,
2566 2794 2714 2864 ἄλλῳ
2749 2794 3001 2866 παρέχει.
3033 2795 3146 2848 Καὶ
3183 2797 3211 2848 ὁ
3238 2797 3320 2856 είς
3349 2795 3620 2849 υἱοθεσίαν
3644 2793 3734 2847 καὶ

2144 2883 2508 2956 κληρονομίαν
2560 2885 2708 2953 ἄγων
2758 2885 2890 2949 Θεός
2957 2887 3139 2951 ἐστιν,
3193 2886 3476 2941 κοινωνίαν
3551 2885 3733 2939 οὐσίας

2145 2976 2243 3030 καὶ
2294 2977 2613 3041 δεσποτείας
2652 2977 2790 3048 ἔχων
2823 2978 2957 3049 πρὸς
2998 2980 3225 3043 ἐκεῖνον,
3257 2974 3466 3042 οὗτινος
3493 2978 3592 3048 τῆς
3621 2978 3708 3030 υῖο

2146 3068 2334 3133 θεσίας
2386 3071 2481 3123 καὶ
2519 3070 2887 3142 κληρονομίας
2938 3071 3099 3137 ἀξιοῖ.
3132 3070 3485 3143 Κληρονόμον
3513 3070 3570 3123 δὲ
3596 3071 3737 3142 γρά-

2153 3175 2261 3227 φει,
2302 3159 2538 3228 Χριστὸν
2597 3161 2715 3231 μὲν,
2756 3161 2832 3223 ὡς
2860 3159 3022 3229 φύσει
3058 3161 3203 3214 Υίόν
3233 3162 3379 3231 ἡμᾶς
3403 3161 3479 3224 δέ,
3503 3162 3578 3225 ὡς
3603 3161 3736 3229 ἀγαο

461 3249 629 3305 ritum
682 3249 1055 3305 testimonium
1110 3249 1337 3304 reddere
1398 3248 1611 3317 spiritui
1670 3257 1880 3302 nostro.
1939 3247 2044 3302 Sed

2152 3249 2336 3321 θότητι
2379 3250 2545 3304 αὑτοῦ
2577 3252 2677 3322 τῆς
2722 3250 3090 3323 κληρονομίας
3112 3252 3481 3323 ἀξιουμένους·
3505 3253 3726 3323 συγκληο

461 3343 585 3398 vide
655 3343 929 3414 quomodo
991 3352 1189 3414 praeter
1253 3342 1712 3412 exspectationem
1782 3340 2044 3410 Spiritum

461 3445 710 3491 sanctum
738 3435 1026 3491 Dominum
1078 3450 1201 3491 esse
1250 3435 1538 3489 annuntiat
1572 3452 1586 3487 :
1620 3448 1745 3487 nam
1797 3432 1889 3502 qui
1936 3448 2044 3506 non

462 3533 549 3580 est
574 3537 787 3591 servus,
818 3532 904 3581 est
937 3525 1109 3590 liber;
1152 3535 1208 3580 et
1240 3526 1330 3594 qui
1377 3523 1596 3587 liberat,
1637 3523 1898 3579 Dominus
1930 3532 2046 3589 est;

463 3630 628 3672 nemo
654 3616 799 3670 enim
839 3614 1045 3685 praebet
1077 3601 1235 3671 alteri
1280 3615 1425 3685 quod
1460 3615 1579 3687 ipse
1620 3630 1726 3669 non
1762 3615 1957 3678 habet;
1993 3623 2050 3668 et

465 3708 560 3778 qui
590 3708 658 3763 ad
689 3708 1033 3777 adoptionem
1064 3706 1179 3780 (51)
1211 3708 1263 3760 in
1297 3706 1459 3769 ﬁlios,
1490 3716 1541 3762 et
1574 3707 1641 3761 ad
1673 3706 2044 3761 hereditatem

2155 3342 2415 3413 ρονόμους
2445 3343 2503 3396 δὲ
2536 3342 2797 3414 Χριστοῦ,
2836 3344 2927 3397 διὰ
2977 3343 3074 3415 τὴν
3104 3343 3428 3398 ἀνέκλεκτον
3471 3343 3716 3415 ἐνανθρὼ

2153 3451 2320 3505 πησιν
2345 3435 2531 3487 αὐτοῦ.
2557 3434 2767 3507 Κρὰζει
2793 3435 2851 3489 δὲ
2875 3439 2932 3490 ἐν
2965 3438 3096 3508 ἡμῖν
3121 3437 3239 3490 ἀντὶ
3257 3435 3435 3507 ἡμῶν·
3459 3455 3477 3487 ι
3503 3436 3688 3490 Ἀϐϐά·
3715 3456 3738 3485 ι

2159 3527 2188 3580 ὃ
2247 3527 2396 3580 ἐστιν
2458 3528 2671 3600 Πατήρ·
2738 3530 3034 3599 ἐπειδήπερ
3104 3531 3265 3599 ἡμεῖς
3352 3527 3474 3582 οὔτε
3530 3529 3736 3599 γνήσιο⁹

2151 3618 2279 3684 υἱοὶ,
2335 3619 2411 3683 ὡς
2435 3620 2568 3674 αὐτὸ
2593 3622 2816 3692 γνήσιον
2868 3621 3126 3692 Πνεῦμα,
3149 3621 3243 3675 καὶ
3285 3620 3459 3683 ἄλλως
3490 3623 3736 3693 άπαρῤη-

2152 3708 2362 3763 σίαστοι
2391 3712 2526 3783 πρὸς
2557 3713 2814 3782 τοιαύτην
2842 3714 3024 3783 φωνήν

464 3797 634 3864 ducit,
664 3797 804 3851 Deus
833 3806 935 3861 est,
986 3798 1425 3853 communionem
1455 3797 1708 3853 essentia;
1752 3807 1808 3853 et
1838 3797 2227 3857 dominationis
2281 3817 2405 3858 cum
2475 3804 2568 3858 illo
2610 3806 2838 3870 habens,
2901 3806 3057 3873 cujus
3121 3804 3413 3873 adoptione
3480 3815 3531 3859 et
3569 3804 3726 3858 haere

463 3889 635 3948 ditate
672 3894 860 3963 dignos
896 3892 1045 3948 facit.
1084 3892 1340 3947 Haeredes
1366 3902 1544 3947 autem
1572 3893 1723 3959 dicit,
1791 3892 2071 3949 Christum
2111 3896 2354 3966 quidem,
2400 3909 2586 3967 utpote
2634 3912 2827 3955 natura
2902 3902 3139 3956 Filium:
3199 3917 3297 3955 nos
3331 3915 3480 3963 vero,
3532 3910 3736 3968 utpote.

466 3982 637 4055 ipsius
683 3984 1035 4056 benignitate,
1083 3984 1415 4040 hereditatis
1448 3984 1641 4054 dignos
1690 3984 1898 4052 iactos;
1944 3987 2257 4042 coheredes
2289 3998 2467 4044 autem
2533 3990 2759 4058 Christi,
2794 4003 3015 4063 propter
3079 3991 3405 4046 ineffabilem
3468 3991 3586 4059 ejus
3650 3992 3706 4046 In

465 4079 866 4134 carnationem.
930 4078 1142 4134 Clamat
1193 4092 1324 4134 vero
1375 4079 1428 4133 in
1494 4080 1649 4135 nobis
1692 4095 1792 4150 pro
1842 4082 2041 4137 nobis:
2082 4082 2261 4151 Abba,
2305 4086 2357 4140 id
2405 4098 2510 4152 est,
2564 4088 2769 4153 Pater;
2801 4090 2927 4158 quia
2977 4103 3075 4143 nos
3121 4101 3297 4155 neque
3360 4086 3575 4155 genuini
3644 4082 3739 4141 lilii

466 4186 679 4237 sumus,
719 4182 778 4225 ut
817 4172 932 4241 ipse
957 4179 1043 4226 est
1066 4171 1335 4241 genuinus
1364 4171 1627 4242 Spiritus,
1657 4188 1758 4229 nec
1780 4184 2043 4245 praeterea
2082 4175 2203 4231 sine
2237 4177 2420 4246 aliquo
2449 4189 2594 4234 metu
2624 4196 2743 4235 eam
2780 4196 2967 4235 vocem
2996 4179 3242 4250 proferre
3267 4180 3525 4232 audemus
3557 4195 3572 4233 :

466 4262 601 4329 Quis
631 4265 767 4318 enim
799 4279 975 4317 coram
1013 4279 1202 4332 magno
1237 4262 1340 4318 Deo
1371 4266 1565 4331 venire,

540 4336 644 4389 Aut
685 4335 849 4387 ullum
889 4336 1093 4388 verbum
1135 4333 1309 4388 dicere
1335 4334 1449 4406 (52)
1482 4347 1658 4409 quem,
1705 4353 1823 4409 cum
1853 4350 2045 4409 natura

1576 4407 1837 4478 [mortalis
1867 4408 1931 4461 sil
1949 4408 1975 4461 .7

539 4622 1016 4696 (42)“,Spirit'alem.
1044 4624 1218 4681 Simili
1245 4627 1405 4682 modo
1437 4626 1489 4680 in
1525 4626 1662 4680 libro
1693 4626 1769 4680 De
1798 4625 1940 4694 Spir.
1966 4624 2049 4691 S.,

468 4694 622 4768 Itum.
649 4694 682 4748 5
705 4698 913 4768 εμιδὶα
936 4706 987 4750 et
1017 4697 1063 4751 is
1091 4696 1443 4768 (inquit),qui
1469 4697 1702 4766 Spiritus
1730 4700 1901 4752 sancti
1930 4715 2055 4766 par-

472 4765 643 4836 ticeps
669 4765 928 4836 reﬁicitur,
953 4782 1049 4835 per
1077 4765 1520 4836 communionem
1540 4768 1660 4836 ejus
1695 4772 1755 4821 lit
1795 4765 2052 4834 spiritua-

474 4832 787 4908 lispariter,
827 4845 883 4887 et
912 4832 1154 4908 sanctus.
1191 4854 1210 4908 η
1246 4835 1376 4890 Vide
1394 4832 1644 4908 notas'ad
1666 4832 1837 4908 segm.
1870 4838 1971 4891 127
1995 4843 2046 4892 υ.

490 4928 493 4929 ν
544 4903 655 4972 (45)
695 4902 1066 4973 ῌεηουαὸὶιαν.
1092 4905 1233 4959 Psal.
1264 4921 1358 4973 cu,
1389 4906 1444 4963 5.

542 4972 655 5041 (44)
695 4972 863 5026 Beati.
900 4973 1041 5028 Psal.
1064 4989 1215 5039 χχιιι,
1250 4979 1303 5027 1.

544 5042 1348 5165 ξέδὶδὶῗίὲἒξὲ⁶ίιὲζξι¹ἷ¹’τῗὲοὲ,
1374 5046 1535 5165 “Qui?
1551 5045 1791 5165 $5.312?
1810 5047 2050 5165 32:13.3:

508 5126 594 5180 ag.
630 5111 754 5167 156.
780 5111 913 5167 Cod.
942 5111 1128 5179 habet,
1167 5114 1348 5183 Τῖτον,
1392 5132 1517 5172 cum
1551 5128 1777 5172 accentu
1810 5111 2050 5173 cireumé

509 5196 630 5236 ειο.

543 5250 656 5322 (46)
687 5250 750 5322 Si
770 5262 961 5305 autem.
986 5252 1145 5308 Rom.
1176 5269 1294 5317 vm,
1324 5256 1507 5311 15-17.

544 5320 658 5394 (47)
717 5320 891 5396 Opera
942 5327 1196 5396 corporis.
1254 5325 1475 5396 Vulgata
1529 5329 1812 5383 translatio
1860 5329 2049 5383 eodem

471 5391 647 5447 sensu
678 5408 693 5445 :
728 5410 749 5443 ι
783 5391 925 5445 facta
956 5394 1158 5447 carnis.
1202 5412 1222 5446 ι
1274 5391 1446 5462 Quam
1500 5397 1787 5451 lectionem
1857 5401 2053 5452 habent

472 5465 636 5517 etiam
663 5462 714 5515 in
754 5462 984 5535 theologi
1022 5465 1190 5535 nostri
1216 5466 1354 5521 libro
1384 5466 1460 5518 De
1482 5466 1624 5535 Spir.
1658 5467 1746 5528 8.,
1776 5484 1924 5521 num.
1957 5468 2048 5532 59,

474 5535 618 5587 edita
650 5532 1105 5602 exetuplaria.,At
1160 5536 1329 5588 codex
1363 5532 1546 5589 noster
1580 5552 1683 5590 ms.
1716 5539 1789 5590 ibi
1826 5539 1904 5590 sic
1959 5543 2054 5591 ha-

477 5603 566 5674 bet
596 5617 612 5654 :
649 5619 669 5653 c
705 5603 760 5656 Si
792 5601 970 5656 autem
1005 5601 1211 5673 Spiritu
1237 5620 1401 5674 opera
1423 5607 1604 5661 carnis
1626 5607 2049 5673 viviﬁcaveritis,

476 5673 722 5744 ‘rivetis:
757 5673 1067 5744 quicunque
1105 5676 1249 5728 enim
1275 5673 1505 5744 ’Spiritu
1546 5676 1635 5729 Dei
1671 5679 1968 5740 ducuntur,
2000 5680 2051 5732 hi

481 5742 572 5816 lilii
603 5742 697 5795 Dei
716 5754 862 5799 sunt.
907 5760 926 5795 ι
953 5742 1053 5801 Uhi
1089 5760 1246 5816 prmi
1286 5742 1737 5813 vivilicaveritis,i
1767 5747 2051 5816 legendum

481 5812 714 5877 videtur,
754 5828 774 5862 ι
814 5812 1287 5881 tuortilicaveritis,
1330 5836 1350 5869 ›
1386 5817 1489 5873 etsi
1541 5818 1654 5883 ejus
1692 5812 1907 5873 codicis
1956 5834 2051 5872 es-

2154 4267 2256 4335 Τίς
2284 4269 2398 4339 γάρ
2421 4288 2528 4325 κεν
2558 4272 2845 4342 μεγάλοιο
2877 4269 3182 4342 Θεοῦᾼκαί
3211 4269 3491 4342 ἐναντίον
3516 4268 3698 4323 ἔλθοι·

2225 4343 2301 4395 ’Ἡ
2321 4342 2478 4395 εἴποι
2501 4339 2568 4395 τι
2602 4339 2749 4408 ἔπος
2781 4342 2997 4410 θνητὸς
3024 4340 3140 4395 ἐὼν
3169 4339 3416 4411 raw-Mr;

2158 4628 2389 4695 scriptor
2415 4643 2565 4681 num.
2598 4628 2761 4681 etiam
2818 4626 2889 4680 42
2915 4626 3157 4696 ejusdem
3191 4626 3312 4679 libri
3356 4641 3542 4680 rursus
3594 4628 3737 4680 scri-

2155 4701 2344 4765 pserit,
2376 4716 2395 4748 ι
2444 4699 2874 4761 viviiieaveritis;
2912 4718 2930 4749 ι
2967 4713 3090 4753 cum
3133 4698 3205 4750 ihi
3250 4696 3331 4750 sic
3386 4698 3735 4752 exaraverit:

2161 4784 2180 4817 ι
2219 4767 2275 4822 Si
2311 4770 2431 4834 quis
2462 4781 2639 4821 autem
2673 4769 3071 4821 transcenderit
3097 4768 3262 4819 vitam
3300 4769 3500 4827 carnis,
3528 4779 3579 4819 et
3611 4765 3739 4835 Spi-

2154 4837 2260 4891 ritu
2286 4852 2448 4907 Opera
2484 4838 2599 4903 ejus
2633 4839 3011 4907 vivilicaverit,
3047 4839 3189 4890 vivet
3217 4836 3375 4891 beata
3421 4848 3735 4907 teternaque

2154 4906 2337 4962 vita...
2372 4927 2390 4959 ι
2423 4907 2572 4975 Quod
2601 4909 2643 4961 si
2663 4906 2867 4974 Spiritu
2898 4924 3061 4977 opera
3092 4911 3276 4961 carnis
3309 4906 3733 4967 viviﬁcaveritis,

2156 4979 2367 5032 vivetis.
2416 4997 2435 5028 ι
2473 4979 2577 5031 Sed
2610 4980 2822 5041 melius,
2862 4988 2921 5031 ut
2949 4980 3162 5047 opinor,
3196 4977 3339 5030 edita
3362 4978 3724 5044 exemplaria:

2154 5063 2275 5115 qua:
2306 5048 2477 5101 lector
2499 5051 2764 5109 consulet,
2799 5050 2842 5101 si
2873 5049 3108 5102 libuerit.

2227 5115 2341 5188 (48)
2369 5116 2507 5179 Ipse.
2542 5117 2694 5187 Vulg.
2725 5120 2824 5188 iul.
2861 5118 3055 5171 habet:
3090 5136 3108 5168 ι
3155 5117 3471 5188 Ιρεθηθιιῑῐη.
3509 5134 3535 5167 ι.
3564 5115 3732 5188 Didy-

2155 5203 2277 5240 mus
2291 5186 2481 5242 veroin
2502 5188 2593 5241 lib.
2615 5188 2692 5240 De
2710 5186 3070 5255 Spinsaucto,
3086 5204 3235 5241 num.
3251 5187 3341 5249 55,
3364 5201 3547 5241 vocem
3568 5186 3731 5252 illam,

2161 5274 2180 5307 ι
2212 5257 2380 5320 enim,
2420 5276 2438 5308 ι
2474 5260 2696 5312 omittit.
2733 5260 2804 5311 At
2849 5272 2968 5309 eam
3008 5260 3170 5311 habet
3224 5258 3420 5312 ibidem
3455 5272 3602 5308 num.
3638 5256 3732 5317 39.

2156 5327 2259 5380 nisi
2293 5344 2322 5378 a
2362 5328 2600 5380 librariis
2628 5330 2802 5380 addita
2865 5326 2966 5380 fuit
2997 5342 3062 5380 ex
3100 5327 3310 5381 Latinis
3337 5325 3546 5379 Bibliis.

2227 5396 2340 5465 (49)
2373 5395 2497 5450 Νοη
2526 5403 2684 5450 enim.
2720 5398 2762 5448 ll
2792 5395 2935 5450 Tim.
2960 5412 3000 5458 ι,
3030 5397 3063 5449 7

2145 5484 2157 5496 ·
2226 5466 2339 5538 (50)
2373 5468 2670 5538 Servitutis.
2705 5466 2872 5520 Biblia
2903 5486 2916 5520 :
2942 5466 3169 5538 δειλίας,
3202 5467 3253 5522 id
3280 5475 3362 5522 est
3402 5484 3421 5517 ι
3466 5466 3730 5530 ιίιηοτίε,ι

2154 5536 2253 5607 pro
2281 5537 2545 5599 δουλείας.
2569 5538 2702 5592 Vide
2737 5553 2908 5606 segni.
2939 5536 3008 5590 55
3035 5540 3085 5591 b.

2229 5607 2340 5677 (5i)
2367 5609 2468 5673 Qui
2516 5610 2584 5661 ad
2611 5603 2962 5674 adaptionem.
3006 5607 3061 5660 In
3103 5607 3238 5661 libro
3272 5622 3487 5675 quoque
3517 5605 3590 5658 De
3629 5603 3728 5675 Sp.

2159 5675 2245 5743 8.,
2279 5675 2426 5730 num.
2463 5677 2721 5739 416142,
2762 5679 2954 5730 similia
2990 5679 3214 5747 dictavit
3246 5677 3519 5747 Didymus.

2159 5747 2342 5870 2.832)
2382 5747 2599 5803 Verbum
2645 5750 2835 5801 dicere.
2873 5746 3004 5802 Vide
3053 5745 3273 5803 Homer.
3315 5745 3476 5800 Iliad.
3514 5747 3605 5801 lib.
3636 5760 3729 5810 xx,

2202 5838 2231 5870 ἶ)
2274 5857 2288 5870 ο

2202 5819 2288 5872 ὕυ.
