4054 6400
352 361 456 416 67'!

1374 357 1463 413 DE
1500 357 1880 416 TRlNITATE
1919 361 2125 419 LIBER
2163 360 2554 423 SECUNDUS.

3505 374 3612 430 678

350 477 580 552 Πρδςδὲ
625 433 875 540 Παλάτας
917 476 1045 548 περὶ
1101 475 1211 528 τῶν
1265 473 1668 545 βαπτισθέντων
1716 478 1840 550 [117
1874 479 1917 552 οξ

2037 480 2090 533 1η
2136 482 2374 552 Epistola
2421 499 2551 539 vero
2601 483 2667 538 ad
2700 482 2923 541 Galatas
2970 487 3037 541 de
3084 487 3152 543 iis
3216 470 3308 560 qni
3355 491 3614 560 haptizati

350 571 539 642 φησίν’
600 589 618 621 t
655 570 770 624 Οὐκ
819 568 899 622 ἔτι
938 566 988 621 εἶ
1034 567 1238 632 δοῦλος,
1271 568 1405 622 ἀλλὰ
1452 570 1585 635 υίός’
1622 572 1759 625 εἰδὲ
1793 572 1927 637 υἱὸς,

351 665 446 717 καὶ
480 660 818 732 κληρονόμος
858 658 990 713 Θεοῦ
1022 659 1110 713 διὰ
1143 661 1400 731 Χριστοῦ.
1443 680 1462 713 ι
1508 662 1815 733 Κορινθίοις
1873 662 1931 716 δὲ

347 756 417 809 τὰ
451 755 541 808 ἶσα
584 752 909 806 ἐπιστέλλει·
947 770 966 802 ι
1020 751 1178 805 Ἀλλά
1214 751 1605 816 ἀπελούσασθε,
1633 753 1746 807 ἀλλ’
1773 754 1932 825 ἡγιά-

352 851 535 921 σθητε,
594 849 708 903 ἀλλ’
740 847 1090 918 ἐδικαιώθητε
1121 849 1179 900 ἐν
1207 847 1286 918 τῷ
1338 848 1562 920 ὀνόματι
1587 849 1681 902 τοῦ
1722 851 1928 920 Κυρίου

349 941 504 1013 ἡμῶν
547 939 720 1011 Ἰησοῦ
759 939 1017 1011 Χριστοῦ,
1059 939 1151 993 καὶ
1186 940 1244 993 ἐν
1265 939 1343 1010 τῷ
1378 940 1655 1012 Πνεῦματι
1678 941 1772 994 τοῦ
1794 942 1929 996 Θεοῦ

306 1066 311 1070 -
349 1034 526 1105 ἡμῶν.
571 1053 591 1086 ι
639 1035 829 1105 Ι’Δθρει
880 1030 972 1086 οῦν
1006 1033 1101 1086 καὶ
1131 1035 1196 1086 ἐκ
1228 1033 1335 1086 τῶν
1371 1033 1550 1105 ῥητῶν
1589 1033 1815 1100 τούτων,
1854 1036 1931 1099 ὡς

347 1132 380 1200 ή
410 1128 808 1201 ἀπολύτρωσις,
832 1127 926 1180 καὶ
958 1127 987 1179 ὁ
1008 1125 1300 1195 ἁγιασμὸς,
1339 1126 1430 1180 καὶ
1463 1127 1496 1195 ἡ
1523 1126 1804 1191 δικαίωσις
1829 1128 1929 1182 οὑκ

347 1223 474 1276 ἄνευ
507 1221 602 1274 τοῦ
631 1220 892 1291 ὀνόματος
913 1217 1007 1272 τοῦ
1037 1218 1217 1271 θεῖκοῦ
1260 1217 1578 1289 Πνεῦματος
1606 1219 1923 1290 παρέχεται.

347 1311 457 1365 Καὶ
479 1310 641 1364 πάλιν
675 1312 731 1363 ἐν
760 1312 875 1372 ταῖς
905 1307 1172 1376 Πράξεσιν
1205 1306 1508 1379 ἠρώτησεν,
1564 1309 1747 1379 φησὶν,
1773 1308 1927 1372 τινὰς

349 1402 615 1474 μαθητὰς,
643 1400 829 1454 εἰπών’
868 1418 886 1451 t
927 1401 989 1452 Εἰ
1035 1399 1259 1469 Πνεῦμα
1285 1400 1436 1468 ἅγιον
1465 1399 1686 1453 ἐλάϐετε
1716 1401 1927 1454 πιστεύ-

348 1510 572 1558 σαντες;
619 1474 661 1543 ι’
699 1491 819 1544 Τῶν
868 1491 925 1545 δὲ
986 1491 1458 1562 ἀποκριναμένων,
1484 1492 1662 1545 ιἈλλ’
1695 1493 1817 1545 οὑδὲ
1877 1494 1926 1547 εἰ

346 1585 568 1656 Πνεῦμα
584 1584 737 1652 ἅγιόν
763 1585 932 1647 ἐστιν,
968 1581 1299 1651 ἠκούσαμεν·
1334 1599 1353 1631 ι
1388 1581 1513 1651 ἔφη·
1544 1601 1563 1633 t
1608 1583 1702 1646 Εἰς
1730 1583 1783 1635 τί
1833 1579 1927 1636 οὖν

345 1676 708 1746 ἐϐαπτίσθητε
732 1692 746 1739 ;
784 1694 801 1724 ι
852 1673 926 1736 ὡς
951 1673 1104 1725 οὐδὲν
1130 1671 1316 1741 ὄφελος
1355 1673 1666 1743 ἐσχηκότων
1693 1674 1803 1727 ἀπὸ
1829 1674 1923 1727 τοῦ

350 1768 425 1840 μὴ
453 1769 548 1821 καὶ
603 1768 684 1829 είς
714 1765 777 1819 τὸ
831 1764 987 1832 ἅγιον
1019 1762 1243 1833 Πνεῦμα
1289 1762 1349 1827 ἐξ
1384 1763 1496 1816 ἴσου
1525 1763 1809 1817 πιστεῦσαι
1832 1766 1926 1818 καὶ

2036 585 2165 627 sunt
2218 577 2393 646 inquit
2425 595 2439 631 :
2479 596 2498 628 ι
2527 577 2643 633 Non
2674 579 2786 648 jam
2817 577 2930 649 (55)
2971 595 3030 635 es
3058 595 3266 647 servus,
3306 585 3399 638 sed
3429 585 3610 641 lilius:

2037 665 2084 720 si
2127 679 2304 721 autem
2349 668 2510 732 lilius,
2549 671 2713 724 etiam
2756 672 2932 727 ltaares
2978 671 3071 727 Dei
3118 689 3215 742 per
3243 674 3551 743 Christum;
3590 696 3612 731 θ

2039 764 2095 809 et
2123 754 2424 811 Corinthiis
2447 757 2627 812 alIinia
2657 761 2850 815 scribit
2880 779 2894 815 :
2931 779 2951 812 ι
2983 762 3088 815 Sed
3118 763 3284 817 abluti
3316 763 3430 835 (54)
3462 770 3611 830 estis,

2035 846 2127 898 sed
2157 847 2487 902 sanetilicati
2521 849 2677 914 estis,
2713 850 2807 905 sed
2831 849 3118 918 justiticati
3150 852 3281 906 estis
3312 853 3363 906 in
3393 854 3615 908 nomine

2032 937 2245 993 Domini
2293 941 2463 994 nostri
2509 938 2638 995 Jesn
2671 942 2895 1008 Christi,
2944 944 3084 997 etin
3122 943 3329 1014 Spiritu
3378 946 3470 1000 Dei
3518 964 3613 1000 no-

2032 1030 2153 1083 stri.
2187 1049 2207 1081 ι
2239 1030 2479 1085 Observa
2507 1048 2692 1101 porro,
2719 1034 2845 1089 illud
2879 1051 2944 1090 ex
2976 1035 3062 1091 his
3086 1038 3253 1092 etiam
3286 1040 3468 1093 verbis
3494 1038 3611 1093 col-

2031 1119 2145 1191 ligi,
2184 1123 2633 1192 redemptionem,
2688 1135 2739 1180 et
2791 1127 3300 1191 sanctiﬁcationem,
3340 1128 3615 1196 etjnstiﬂ-

2031 1212 2298 1266 catiunem
2331 1229 2437 1267 non
2471 1215 2590 1269 sine
2623 1218 2844 1272 nomine
2875 1218 3040 1271 divini
3089 1216 3326 1287 Spiritus
3359 1221 3609 1289 praeberi.

2031 1297 2097 1351 Et
2130 1314 2321 1355 rursus
2371 1303 2423 1358 in
2472 1305 2624 1359 Actis
2673 1304 3044 1376 interrogavit",
3099 1307 3294 1377 inqttit,
3343 1311 3609 1378 quosdam

2030 1390 2369 1460 discipulos:
2410 1412 2430 1445 ι
2466 1394 2521 1449 Si
2576 1396 2835 1466 Spiritunt
2885 1397 2997 1469 (55)
3030 1410 3277 1454 sanctum
3321 1403 3611 1466 accepistis

2028 1484 2354 1539 credentes?
2383 1505 2403 1538 ›
2434 1486 2568 1541 Cum
2604 1504 2732 1543 vero
2757 1489 2830 1542 illi
2864 1491 3290 1559 respondissent,
3329 1510 3347 1543 ι
3380 1492 3486 1548 Sed
3515 1508 3612 1548 ne.

2027 1587 2133 1641 que
2182 1576 2225 1629 si
2285 1575 2526 1646 Spiritus
2567 1590 2788 1635 sanctus
2840 1592 2946 1647 est,
2991 1584 3314 1649 audivimus,
3357 1605 3377 1638 ι
3426 1587 3607 1643 dixit:

2034 1682 2052 1717 t
2087 1664 2141 1718 In
2174 1681 2284 1735 quo
2329 1685 2457 1737 ergo
2487 1672 2744 1739 baptizati
2800 1676 3012 1729 estis?)
3051 1678 3176 1745 quia
3226 1678 3436 1733 scilicet
3475 1678 3612 1735 nihil

2029 1753 2159 1822 ipsis
2188 1761 2462 1827 proderat,
2503 1762 2605 1815 nisi
2652 1764 2813 1817 etiam
2845 1764 2898 1817 in
2942 1764 3203 1834 Spiritunt
3247 1778 3494 1823 sanctum
3538 1784 3608 1825 ex

349 1860 733 1932 βαπτισθῆναι,
768 1858 843 1921 ὡς
868 1858 1191 1911 ἐπίστευσαν
1225 1857 1304 1918 είς
1330 1855 1422 1909 τὸν
1467 1856 1686 1925 Πατέρα
1723 1857 1917 1910 καὶτὸν

2026 1860 2182 1915 mqno
2214 1850 2522 1914 crederent,
2546 1862 2601 1906 et
2635 1855 3066 1923 baptizarentur,
3097 1857 3239 1911 sicut
3263 1859 3609 1915 crediderant

342 1953 492 2008 Υίόν.
518 1951 626 2005 Καὶ
649 1950 730 2004 ἔτι
756 1948 1186 2018 ἀπαγγέλλουσιν
1208 1950 1264 2001 αί
1294 1947 1530 2019 Πράεεις
1559 1949 1833 2017 ἀνωφελὲς
1863 1949 1924 2002 τὺ

343 2042 646 2114 βάπτισμα,
676 2038 799 2109 δίχα
826 2039 925 2109 τῆς
949 2037 1045 2090 τοῦ
1077 2036 1258 2090 θεῖκοῦ
1310 2037 1627 2108 Πνεύματος
1650 2038 1925 2108 ἐπιφοιτή·

342 2149 502 2195 σεως,
534 2130 628 2184 καὶ
655 2127 748 2182 τοῦ
772 2126 1044 2197 ἀγιασμοῦ
1094 2125 1281 2190 αὑτοῦ,
1322 2128 1379 2179 ἐν
1424 2125 1714 2190 συλλαϐαῖς
1738 2126 1922 2180 τοιαύ-

337 2238 480 2284 ταις·
517 2238 535 2271 ι
577 2218 931 2281 Ἀκούσαντες
960 2217 1015 2270 δὲ
1051 2219 1100 2270 οἱ
1125 2218 1181 2269 ἐν
1197 2215 1587 2287 Ἰεροσολύμοις
1610 2216 1920 2282 ἀπόστολοι,

337 2315 421 2368 ὅτι
443 2314 681 2367 δέδεκται
704 2313 737 2382 ἡ
772 2310 1052 2382 Σαμάρεια
1083 2309 1171 2364 τὸν
1192 2308 1346 2377 λόγον
1371 2310 1463 2362 τοῦ
1486 2308 1642 2373 Θεοῦ,
1668 2309 1915 2363 ἀπέστει-

336 2408 437 2464 λαν
460 2407 595 2478 πρὸς
625 2407 819 2469 αὐτοὺς
847 2404 1051 2475 Πέτρον
1079 2403 1175 2457 καὶ
1210 2403 1482 2473 Ἰωάννην·
1509 2403 1703 2466 οἵτινες
1747 2419 1918 2457 κατα-

337 2497 532 2561 ϐάντες
590 2495 966 2566 προσ-ηὔξαντο
1009 2494 1137 2564 περὶ
1164 2493 1365 2559 αὐτῶν,
1400 2493 1549 2557 ὅπως
1584 2493 1651 2548 ἂν
1679 2493 1919 2548 λάϐωσιν

336 2591 562 2660 Πνεῦμα
619 2588 793 2657 ἅγιον.
854 2586 989 2640 Οὑδέ
1020 2605 1106 2640 πω
1135 2582 1337 2658 γὰρῆν
1381 2587 1468 2640 ἐπ’
1508 2586 1685 2640 οὐδενὶ
1743 2587 1920 2641 αὑτῶν

335 2680 739 2744 ἐπιπεπτωκὸς,
778 2680 939 2751 μόνον
975 2679 1031 2733 δὲ
1083 2679 1508 2749 βεϐαπτισμένοι
1537 2681 1781 2752 ὑπῆρχον
1838 2683 1917 2744 εἰς

333 2775 396 2828 τὸ
444 2775 614 2843 ὄνομα
650 2772 747 2825 τοῦ
799 2771 1002 2842 Κυρίου
1066 2772 1263 2842 Ἰησοῦ.
1291 2773 1425 2827 Τότε
1452 2774 1771 2828 ἐπετίθεσαν
1818 2772 1917 2837 τὰς

275 2898 279 2901 -
334 2868 522 2937 χεῖρας
572 2867 658 2918 ἐπ’
692 2865 911 2930 αὐτοὺς,
948 2864 1041 2917 καὶ
1088 2864 1389 2935 ἐλάμϐανον
1424 2866 1651 2936 Πνεῦμα
1680 2867 1853 2935 ἅγιον.
1893 2886 1910 2919 ι

332 2959 409 3011 Τὸ
441 2958 547 3029 γὰρ
615 2956 780 3028 ἔχειν’
818 2975 836 3007 ‹
882 2956 1059 3009 Μόνον
1100 2956 1154 3009 δὲ
1194 2955 1616 3026 βεϐαπτισμένοι
1663 2958 1912 3029 ὑπῆρχον

333 3052 415 3113 είς
444 3049 506 3102 τὸ
553 3048 723 3118 ὄνομα
752 3048 845 3101 τοῦ
875 3048 1081 3119 Κυρίου
1126 3048 1324 3119 Ἰησοῦ,
1360 3069 1378 3100 ι
1398 3049 1577 3102 καὶτὸ
1625 3052 1916 3121 μετέπειτα

330 3140 627 3211 λαμϐάνειν
655 3139 716 3192 τὸ
748 3137 993 3208 Πνεῦμα,
1033 3138 1203 3208 δηλοῖ,
1234 3139 1310 3201 ὡς
1343 3140 1500 3207 μόνον
1531 3140 1652 3208 οὐχὶ
1698 3140 1913 3195 ἔλειπεν

331 3232 516 3294 αὐτοῖς
558 3232 592 3301 ὴ
650 3231 777 3302 περὶ
818 3229 909 3283 τοῦ
956 3228 1274 3299 Πνεῦματος
1321 3230 1640 3298 θεογνωσία·
1670 3231 1792 3303 [117
1834 3232 1908 3304 ω·

331 3322 447 3376 ἀλλ’
477 3323 558 3377 ὅτι
597 3323 691 3376 καὶ
726 3323 819 3375 σὺν
841 3320 917 3392 τῷ
946 3320 1063 3391 Υἱῷ
1098 3322 1194 3374 καὶ
1225 3320 1302 3391 τῷ
1332 3321 1610 3393 Πνεὺματι
1661 3325 1913 3397 συμπάρ-

328 3432 503 3476 εστιν,
530 3415 623 3467 καὶ
657 3413 1188 3484 συμμνημονεὺεται,
1218 3415 1313 3467 καὶ
1342 3418 1721 3486 συνευεργετεῖ
1744 3418 1772 3469 ὁ
1798 3417 1911 3469 Πα-

328 3507 433 3579 τὴρ
464 3507 556 3559 καὶ
585 3505 738 3569 Θεὸς,
767 3504 869 3558 κάν
908 3521 1036 3559 ποτε
1087 3503 1270 3567 ίδικῶς
1312 3503 1386 3575 μὴ
1440 3504 1737 3576 ὀνομασθῆ-
1771 3506 1804 3577 ἢ
1837 3506 1913 3569 ὡς

326 3599 373 3652 δ’
405 3596 471 3653 αὖ
506 3596 688 3661 πάλιν,
745 3596 849 3649 κᾶν
900 3595 1200 3667 σιωπηθείη
1253 3595 1331 3667 τῷ
1368 3595 1532 3666 λόγῳ,
1568 3597 1664 3650 καὶ
1723 3596 1796 3669 μὴ
1842 3599 1909 3668 τῇ

328 3690 532 3755 πίστει,
567 3690 595 3741 ὁ
632 3688 781 3752 Υἱὸς,
833 3686 866 3758 ἢ
915 3685 976 3739 τὺ
1038 3687 1288 3758 Πνεῦμα,
1355 3689 1754 3759 συμπάρεστιν,
1818 3691 1912 3742 καὶ

329 3780 870 3852 συμμνημονεὺεται,
908 3779 1002 3834 καὶ
1049 3778 1314 3843 συνσώζει
1372 3778 1491 3850 ἅμα
1534 3779 1613 3850 τῷ
1647 3779 1766 3850 Θεῷ
1818 3781 1912 3835 καὶ

328 3871 525 3942 Πατρί.
560 3869 669 3923 Καὶ
707 3869 885 3923 πάλιν·
927 3889 945 3922 t
980 3871 1089 3922 Καὶ
1117 3868 1584 3940 συναυλιζομένοις
1610 3872 1912 3941 παρήγγει-

326 3963 419 4016 λεν
454 3963 655 4027 αὑτοῖς,
687 3962 794 4015 ἀπὸ
831 3960 1217 4032 Ἱεροσολύμων
1276 3960 1351 4032 μὴ
1389 3961 1738 4033 χωρίζεσθαι⁹
1773 3962 1910 4014 ἀλλά

332 4054 645 4124 περιμένειν
674 4053 771 4124 τὴν
804 4053 1135 4121 ἐπαγγελίαν
1179 4054 1272 4105 τοῦ
1308 4053 1542 4125 Πατρός,
1578 4053 1645 4123 ἣν
1670 4053 1910 4123 ἠκούσα-

333 4145 394 4198 τέ
425 4163 542 4215 μου⁸
581 4145 704 4199 ’Ότι
746 4144 1001 4215 Ἰωάννης
1057 4143 1156 4215 μὲν
1203 4144 1498 4198 ἐϐάπτισεν
1530 4143 1704 4209 ὕδατι,
1754 4146 1911 4216 ὑμεῖς

334 4239 393 4294 δὲ
412 4243 465 4293 ἐν
490 4240 765 4311 Πνεῦματι
797 4240 938 4309 ἁγίῳ
978 4239 1437 4311 βαπτισθήσεσθε,
1486 4240 1547 4292 οὑ
1597 4241 1735 4310 μετὰ
1781 4241 1910 4293 πολ-

332 4330 428 4393 Αάς
455 4329 654 4392 ταύτας
699 4329 930 4401 ἡμέρας·
983 4349 1003 4381 ι
1062 4330 1156 4382 καὶ
1210 4329 1371 4382 πάλιν
1409 4329 1516 4381 ἀπὸ
1551 4330 1643 4382 τοῦ
1698 4331 1907 4401 Πέτρου

328 4423 457 4493 περὶ
519 4420 627 4474 τῶν
670 4421 729 4474 ἐν
771 4420 1081 4491 Καισαρείᾳ
1114 4420 1539 4489 βαπτισθέντων·
1569 4439 1588 4471 ι
1630 4422 1717 4473 Ἐν
1748 4421 1804 4473 δὲ
1829 4420 1910 4493 τῷ

2026 1938 2080 1992 in
2117 1937 2332 1994 Patrem
2374 1952 2428 1995 et
2453 1942 2668 1998 Filium.
2704 1944 2974 2000 Praeterea
3015 1946 3207 2003 inutile
3266 1962 3389 2004 esse
3429 1948 3607 2019 bapti-

2024 2044 2140 2084 sma
2169 2031 2288 2086 sine
2314 2033 2480 2088 divini
2508 2033 2744 2105 Spiritus
2769 2037 3003 2092 adventu
3031 2053 3096 2094 ac
3136 2040 3598 2109 sanctiﬁcatione,

2024 2123 2348 2178 annnntiant
2406 2126 2540 2179 Acta
2596 2126 2681 2181 his
2730 2127 2914 2184 verbis
2964 2146 2978 2183 :
3025 2147 3044 2180 ι
3076 2130 3211 2184 Cum
3261 2142 3442 2187 autem
3489 2132 3605 2207 (56)

2023 2213 2189 2287 254
2221 2216 2500 2272 audissent
2551 2220 2816 2286 apostoli,
2864 2222 2955 2291 qui
3012 2233 3171 2277 erant
3215 2222 3602 2296 Jerosolymis,

2022 2307 2166 2374 quod
2210 2308 2507 2377 recepisset
2541 2309 2784 2364 Samaria
2831 2314 3055 2366 verbum
3087 2311 3208 2381 Dei,
3241 2316 3506 2370 miserunt
3534 2315 3604 2372 ad

2021 2412 2116 2453 eos
2163 2398 2385 2454 Petrum
2426 2410 2481 2455 et
2513 2400 2798 2470 Joannem,
2848 2406 2939 2475 qui
2983 2406 3376 2463 descendentes
3410 2423 3605 2465 orave-

2022 2501 2151 2547 runt
2181 2509 2280 2565 pro
2331 2496 2485 2565 ipsis,
2537 2507 2599 2551 ut
2653 2499 2966 2567 acciperent
3003 2499 3266 2569 Spiritum
3308 2512 3602 2560 sanctum:

2024 2587 2259 2639 nondum
2305 2588 2448 2641 enim
2504 2590 2557 2644 in
2592 2604 2918 2661 quemquam
2965 2592 3179 2648 illorum
3210 2604 3459 2662 venerat,
3505 2597 3602 2650 sed

2022 2679 2280 2747 baptizati
2338 2689 2547 2736 tantum
2604 2693 2761 2737 erant
2806 2685 2863 2739 in
2897 2667 3137 2740 nomine
3186 2687 3398 2741 Domini
3449 2686 3600 2744 Jesu.

2018 2769 2173 2824 Tunc
2214 2773 2559 2839 impnnebant
2593 2775 2705 2847 (57)
2742 2793 2931 2831 manus
2982 2794 3145 2848 super
3193 2780 3336 2839 illos.
3370 2792 3421 2836 et
3460 2783 3603 2837 acri-

2020 2864 2238 2931 piebant
2275 2865 2538 2934 Spiritum
2582 2877 2853 2922 sanctum.
2889 2886 2907 2918 ι
2958 2870 3034 2923 Ex
3084 2870 3188 2926 illis
3216 2873 3361 2927 enim
3396 2874 3598 2941 Verbis,

2024 2972 2043 3003 ι
2075 2952 2179 3007 Sed
2234 2956 2486 3021 baptizati
2536 2965 2743 3010 tantum
2805 2971 2960 3015 erant
3008 2960 3060 3014 in
3117 2965 3337 3018 nomine
3384 2965 3599 3020 Domini

2015 3043 2163 3109 Jesn,
2198 3063 2216 3095 ι
2257 3054 2420 3113 atque
2462 3061 2528 3099 ex
2578 3061 2643 3100 co
2672 3048 2813 3115 quod
2850 3057 3034 3117 postea
3074 3054 3386 3119 acceperint
3426 3053 3600 3121 Spiri-

2020 3145 2156 3200 tum,
2211 3146 2454 3205 apparet,
2515 3154 2617 3191 non
2676 3140 2834 3192 modo
2887 3141 3018 3209 ipsis
3062 3140 3300 3196 defuisse
3338 3145 3593 3214 cognitio-

1941 3209 1983 3265 Ο
2019 3243 2164 3289 nem,
2201 3244 2305 3292 qua
2343 3228 2506 3280 Deum
2548 3230 2809 3296 Spiritum
2849 3240 3276 3299 cognoscerent,
3312 3236 3403 3287 sed
3432 3234 3597 3289 etiam

2013 3333 2133 3372 cmn
2184 3319 2317 3373 Filio
2377 3330 2429 3373 et
2468 3318 2672 3389 Spirittt
2714 3323 2871 3374 simul
2905 3324 3120 3385 adesse,
3150 3333 3202 3376 et
3244 3324 3403 3378 simul
3447 3342 3597 3381 cem-

2016 3410 2331 3471 tnemorari,
2379 3419 2433 3462 et
2482 3412 2642 3464 simul
2702 3413 2961 3467 beneﬁcia
3018 3414 3200 3484 largiri
3255 3416 3472 3472 Patrem
3531 3434 3595 3475 ac

2016 3498 2206 3562 Demn,
2236 3501 2337 3553 etsi
2368 3503 2663 3567 aliquando
2688 3504 2734 3557 is
2782 3505 3130 3572 peculiariter
3159 3523 3264 3560 non
3299 3508 3459 3562 fuerit
3495 3526 3593 3565 no-
3622 3516 3627 3521 ’

2015 3591 2252 3644 minatus
2291 3609 2303 3644 :
2333 3603 2425 3644 aut
2464 3592 2581 3646 vice
2609 3610 2786 3658 versa,
2828 3598 2927 3648 etsi
2961 3605 3209 3651 taceatur
3238 3600 3438 3666 verbts,
3484 3617 3592 3656 non

2015 3681 2118 3735 lide
2154 3681 2346 3749 Filius,
2381 3693 2477 3737 aut
2525 3684 2786 3754 Spiritus,
2822 3688 2983 3739 simul
3030 3702 3151 3741 cum
3200 3690 3308 3744 Deo
3338 3703 3393 3745 et
3434 3693 3592 3749 Patre

2014 3773 2208 3828 adesse
2254 3780 2543 3843 utramque
2583 3791 2893 3845 personam,
2944 3789 3000 3833 et
3049 3781 3210 3834 simul
3257 3799 3591 3841 commemo-

2015 3867 2161 3931 rari,
2218 3876 2273 3919 et
2333 3868 2493 3920 simul
2558 3869 2768 3923 salvare
2821 3869 2955 3942 (58).
3014 3874 3095 3925 Ac
3159 3889 3344 3927 rursus
3393 3892 3407 3929 :
3472 3894 3491 3926 ι
3529 3876 3593 3932 Et

2012 3973 2135 4011 cum
2168 3959 2280 4026 (59)
2316 3972 2501 4013 essent
2553 3964 2865 4029 congregati
2926 3965 2978 4017 itt
3030 3965 3220 4019 eadem
3269 3969 3427 4021 domo
3457 3970 3590 4040 (60),

2012 4052 2270 4120 praecepit
2317 4053 2419 4116 eis,
2459 4056 2525 4105 ab
2567 4051 2923 4124 Jerosnlymis
2980 4070 3046 4109 ne
3095 4058 3458 4120 discederent,
3496 4060 3591 4113 sed

2011 4154 2391 4212 exspectarent
2422 4146 2839 4213 promissionem
2880 4145 3082 4210 Patris,
3114 4165 3273 4216 quam
3306 4151 3534 4206 audistis
3560 4170 3590 4204 a

2012 4251 2098 4289 me
2129 4252 2142 4289 :
2172 4238 2296 4305 quia
2324 4233 2561 4290 Joannes
2597 4238 2813 4305 quidem
2848 4238 3142 4305 baptizavit
3174 4256 3338 4309 aqua,
3371 4257 3465 4297 vos
3492 4258 3593 4296 au-

2012 4334 2118 4381 tem
2157 4326 2210 4380 in
2242 4326 2449 4395 Spiritu
2477 4338 2666 4382 sancto
2694 4329 3123 4399 liaptiZabitnini,
3159 4349 3262 4387 non
3298 4346 3419 4404 post
3446 4337 3586 4391 tnttl-

2011 4425 2096 4471 tos
2134 4417 2232 4471 hos
2265 4421 2416 4484 dies;
2448 4436 2466 4469 ι
2508 4428 2562 4471 et
2591 4433 2782 4472 rursus
2820 4434 2886 4472 ex
2933 4436 3163 4489 persona
3214 4424 3360 4499 Petri
3398 4426 3464 4480 de
3495 4428 3586 4493 iis,

328 4513 593 4586 ἄρξασθαί
647 4531 712 4585 με
740 4513 940 4578 λαλεῖν,
989 4512 1257 4565 ἐπέπεσεν
1285 4512 1346 4565 τὸ
1394 4512 1617 4582 Πνεῦμα
1661 4513 1720 4566 τὸ
1751 4514 1903 4582 ἆγιον

2019 4510 2098 4578 qui
2160 4508 2213 4562 itt
2266 4510 2509 4563 Caesarea
2560 4509 2815 4576 baptizati
2870 4520 3063 4577 erant,
3124 4515 3383 4582 scriptum
3448 4529 3584 4573 est;

327 4608 413 4661 ἐπ’
435 4606 649 4670 αὐτοὺς,
705 4605 893 4677 ὥσπερ
917 4606 1009 4659 καὶ
1062 4604 1145 4673 ἐφ’
1181 4606 1327 4675 ἡμᾶς
1354 4606 1410 4658 ἐν
1437 4606 1598 4676 ἀρχῇ·
1626 4605 1902 4677 ἐμνήσθην

2019 4619 2032 4653 ι
2072 4600 2206 4655 Cum
2255 4614 2381 4653 vero
2406 4597 2831 4669 (6l)coepissent
2888 4600 3073 4669 loqui,
3122 4597 3319 4658 Cecidit
3353 4606 3588 4676 Spiritus

327 4699 383 4754 δὲ
413 4697 506 4752 τοῦ
543 4698 781 4771 ῥήματος
816 4696 908 4750 τοῦ
942 4697 1170 4768 Κυρίου,
1192 4696 1267 4759 ὡς
1288 4695 1494 4765 ἔλεγεν·
1534 4696 1786 4767 Ἰωάννης
1804 4698 1901 4767 μὲν

2019 4705 2237 4748 sanctus
2264 4688 2427 4761 Super
2455 4707 2568 4757 eos,
2612 4693 2752 4746 sicut
2781 4702 2835 4746 et
2863 4694 2914 4746 in
2945 4695 3124 4751 nosin
3165 4697 3319 4752 initio
3351 4718 3363 4753 :
3400 4716 3586 4755 recor-

326 4791 617 4845 ἐϐἀπτισεν
644 4787 817 4851 ῦδατι,
854 4788 1101 4859 ὑμεῖςδὲ
1155 4785 1591 4858 βαπτισθήσεσθε
1632 4789 1690 4839 ὲν
1739 4786 1904 4839 Πνεὺ-

2019 4787 2169 4839 datus
2228 4799 2346 4837 sum
2401 4793 2577 4836 autem
2638 4784 2787 4837 verbi
2843 4784 3079 4853 Domini,
3134 4790 3276 4843 sicut
3325 4793 3584 4850 diccbat:

325 4898 458 4953 ματι
511 4879 669 4951 ἁγίῳ.
711 4900 728 4931 t
781 4880 844 4933 Οί
903 4874 996 4931 οῦν
1055 4879 1113 4931 ἐν
1145 4875 1285 4947 ψιλῷ
1318 4875 1540 4946 ὀνόματι
1594 4874 1685 4927 τοῦ
1746 4874 1902 4943 ἀγίου

2019 4874 2244 4930 Ioannes
2271 4877 2488 4945 quidem
2520 4875 2818 4943 baptizavit
2860 4892 3023 4946 aqua,
3071 4895 3165 4935 vos
3194 4892 3372 4937 autem
3406 4886 3585 4955 bapti-

325 4972 656 5040 Πνεῦματος,
712 4968 805 5023 καὶ
832 4970 931 5039 οὐχ
958 4969 1034 5032 ὡς
1087 4968 1146 5021 ἐν
1176 4967 1398 5037 ὀνόματι
1428 4964 1563 5019 Θεοῦ
1614 4965 1707 5019 καὶ
1733 4963 1906 5018 Πνεύ-

2019 4968 2267 5022 zabimini
2319 4967 2375 5021 in
2425 4965 2631 5035 Spiritu
2679 4979 2889 5023 sancto.
2919 4988 2938 5019 ι
2983 4971 3083 5037 Qui
3128 4989 3259 5044 ergo
3300 4977 3583 5047 baptizan-

324 5079 494 5135 ματος
535 5061 691 5125 Θεοῦ,
737 5061 894 5132 φύσει
942 5061 1096 5125 ὄντος
1137 5058 1458 5131 Πνεὺματος
1483 5056 1670 5123 αὑτοῦ,
1707 5056 1903 5128 βαπτι-

392 5243 506 5313 (55)
535 5244 654 5299 Non
668 5243 802 5313 jam.
839 5246 1016 5301 Galat.
1042 5261 1118 5309 tv,
1146 5244 1202 5299 7.

392 5315 505 5382 (54)
534 5313 638 5367 Sed
687 5318 871 5370 abluti.
911 5319 926 5370 Ι
961 5319 1086 5372 Cor.
1124 5331 1198 5379 VI,
1228 5313 1315 5368 Η.

394 5384 506 5452 (55)
545 5384 603 5439 Si
632 5384 912 5453 Spiritum.
944 5388 1066 5441 Act.
1091 5402 1208 5449 xm,
1232 5386 1268 5438 2
1295 5394 1349 5437 et
1377 5384 1431 5437 ’5.

537 5456 665 5535 (Ilum
700 5465 895 5535 autem.
915 5459 1033 5535 Aﬂct.
1056 5472 1172 5520 vttt,
1203 5454 1421 5535 ’μί-17..
1547 5522 1587 5535 Ἀ
1739 5522 1798 5535 Ν

388 5522 498 5591 (57)
537 5523 898 5588 lmpnnebunl.
933 5527 1118 5581 Graeca
1153 5526 1315 5595 editio
1355 5540 1368 5575 :
1406 5522 1706 5579 ἐπετίθουν.
1739 5522 1894 5595 Didy-

322 5603 511 5675 muset
545 5595 628 5675 ltic
661 5594 1467 5675 θιιδοῇιιι.ΞΙῼ-ὺηπετίθεσαν..
1561 5664 1616 5675 m
1768 5664 1800 5675 ί.

392 5664 505 5731 (58)
557 5662 729 5716 Simul
753 5667 973 5718 salvere.
1006 5666 1206 5726 Codex,
1242 5665 1527 5729 συνσώζει.
1557 5664 1892 5732 Elegantius,

320 5741 383 5785 ut
414 5745 561 5804 puto,
623 5735 947 5788 seriberetttr
988 5733 1272 5798 συσσὼζει·
1312 5752 1432 5804 qua
1470 5735 1673 5789 ratione
1705 5736 1896 5788 scribi-

319 5815 444 5856 mus
501 5801 773 5869 σύσσιτος,
798 5804 1129 5871 συσπένδειν,
1161 5820 1265 5862 etc.
1310 5801 1368 5859 lit
1403 5802 1899 5873 Philasophumenis

2007 5069 2099 5113 tur
2137 5056 2250 5127 (62)
2285 5057 2337 5111 in
2394 5058 2540 5110 nudo
2583 5058 2804 5111 nomine
2852 5059 3089 5129 Spiritus
3132 5068 3324 5133 sancti,
3365 5079 3418 5124 et
3475 5087 3580 5126 non

2005 5250 2208 5321 tamen,
2234 5260 2367 5321 _cap.
2394 5246 2452 5312 2,
2480 5248 2737 5321 legimus,
2766 5247 3240 5321 ouvgaaqppévng.

2075 5313 2187 5382 (59)
2225 5315 2289 5368 Et
2314 5313 2452 5372 cum.
2489 5313 2609 5373 Act.
2641 5333 2679 5381 ι,
2709 5317 2743 5370 4
2772 5330 2829 5371 et
2858 5318 2912 5371 5.

2069 5383 2180 5456 (60)
2212 5384 2548 5456 Congregatt‘,
2567 5397 2672 5442 etc.
2693 5386 2987 5440 Bibliornm
3021 5388 3188 5444 editio
3219 5390 3420 5445 habet:
3454 5406 3580 5444 συν-

1994 5451 2369 5577 Ξυλιζόμενος,
2417 5451 2476 5512 id
2530 5467 2632 5521 est,
2669 5476 2688 5509 ι
2719 5473 2841 5511 cum
2901 5459 2967 5511 iis
3012 5473 3240 5515 versans
3293 5464 3345 5513 in
3390 5463 3577 5515 eadem

2033 5540 2173 5577 omo.
2213 5544 2233 5575 ι

2033 5540 2173 5577 omo.
2213 5544 2233 5575 ι

2073 5593 2182 5662 (61)
2219 5594 2351 5649 Cum
2380 5612 2518 5650 vero.
2550 5598 2673 5653 Act.
2710 5612 2789 5661 κι,
2819 5596 2886 5651 15
2916 5608 2968 5651 et
2992 5598 3075 5653 16.

2072 5664 2185 5745 ((52.)
2215 5666 2384 5746 Qui}...
2424 5667 2781 5735 baptizantur.
2817 5668 2869 5746 l_d
2899 5679 3003 5746 est,
3047 5688 3065 5720 ι
3104 5667 3565 5746 quihaplismttm

2001 5735 2296 5801 accipiunt,
2356 5737 2568 5816 inanem
2623 5753 2773 5816 spent
2825 5739 3043 5816 habent,
3086 5735 3134 5816 »ς
3164 5740 3264 5816 ttisi
3309 5737 3573 5816 Spiritum

2006 5813 2251 5861 Sanctum
2279 5808 2502 5863 credant
2534 5822 2654 5865 esse
2688 5808 2875 5864 Deum.
2922 5807 3014 5864 Sic
3044 5807 3188 5863 enim
3222 5809 3449 5876 benigne
3498 5807 3580 5861 vi-
