4054 6384
506 335 612 392 679

1747 329 1984 387 DlDYMl
2025 328 2505 386 ALEXANDlilN-l
3653 341 3745 398 686

506 472 764 531 tanquam
801 455 856 512 in
895 456 1118 514 nomine
1165 455 1284 520 Dei,
1328 462 1386 511 et
1427 452 1665 523 Spiritus
1695 451 1816 520 Dei,
1855 470 1946 524 qui
1989 469 2085 508 na-

2194 452 2433 524 ζόμενοι,
2467 454 2542 517 ὡς
2569 451 2724 507 ὕδατι
2767 451 2911 524 ψιλῴ
2949 451 3253 524 λουόμενοι,
3301 455 3554 527 ἀνόνητον
3587 456 3758 528 ἔχουσι

507 565 628 609 tura
667 561 755 608 est
783 550 1020 621 Spiritus
1045 549 1184 618 ejus,
1213 549 1248 604 ii
1284 557 1474 618 utpote
1524 564 1671 602 mera
1713 563 1853 618 aqua
1891 545 2083 611 abluti,

503 661 698 700 vanam
733 653 895 714 atque
937 642 1180 698 inutilem
1211 655 1362 710 spem
1411 641 1635 694 habent.
1669 640 1805 694 Cum
1846 640 1992 692 enim
2033 639 2086 692 in

505 735 711 806 piscina
757 733 1171 803 immergimur,
1219 729 1611 801 complacentia
1667 729 1760 783 Dei
1805 739 1859 782 et
1910 729 2089 783 Patris

505 841 603 894 per
637 825 868 896 gratiam
919 823 1158 894 Spiritus
1201 821 1344 891 ejus,
1377 822 1616 890 peccatis
1658 821 1950 882 nudamur,
1994 818 2091 874 de-

507 927 766 989 ponentes
796 916 958 988 255
1009 925 1245 970 veterem
1294 913 1589 977 hominem,
1630 921 1684 968 et
1721 913 1864 981 regia
1912 912 2088 982 ipsius

507 1011 746 1080 potentia
824 1023 1209 1078 regeneramur
1267 1015 1429 1075 atque
1495 1004 1900 1075 ohsignamur;
1964 1017 2088 1058 cum

504 1117 638 1156 vero
703 1117 771 1156 ex
825 1101 914 1154 illa
975 1098 1360 1160 ascendimus,
1424 1096 1698 1149 induimur
1749 1095 2087 1149 Salvatorem

505 1194 779 1249 Christum
815 1199 874 1246 ut
913 1192 1110 1246 stolam
1148 1187 1641 1256 incorruptibilem,
1674 1197 1730 1242 et
1767 1187 1960 1256 aequali
1993 1189 2090 1241 ho-

505 1299 640 1340 nore
687 1285 925 1354 dignam,
958 1299 1023 1337 ac
1068 1282 1156 1336 ille
1193 1283 1388 1351 dignus
1423 1291 1526 1341 est,
1555 1281 1645 1349 qui
1675 1295 1774 1333 nos
1799 1293 2088 1349 regenera-

505 1378 586 1433 vit
608 1386 663 1432 et
683 1376 1010 1448 obsignavit,
1047 1386 1268 1430 sanctus
1293 1374 1530 1443 Spiritus
1562 1391 1575 1426 :
1614 1391 1632 1422 i
1665 1374 1944 1442 Quotquot
1970 1370 2085 1443 (65)

504 1472 702 1531 enim,»
732 1468 903 1535 inquit
922 1465 1256 1536 Scriptura,i
1281 1467 1332 1520 in
1355 1467 1632 1522 Christum
1657 1466 1914 1534 baptizati
1935 1465 2086 1528 estis,

504 1559 779 1614 Christum
831 1558 1114 1620 induistis;
1152 1577 1170 1610 ι
1220 1568 1277 1612 et
1320 1573 1466 1621 eam,
1509 1557 1577 1611 de
1629 1572 1736 1626 qua
1794 1556 2091 1626 loquuntur

504 1652 821 1721 Scriptum,
858 1651 1190 1721 «imaginem
1222 1649 1336 1722 (64)
1374 1665 1439 1705 ac
1488 1649 1903 1704 similitudinem
1944 1649 2034 1703 Dei
2064 1668 2084 1700 ο

504 1745 820 1813 accipimus,
879 1759 1040 1812 quam
1081 1758 1471 1812 acceperamus
1513 1758 1612 1813 per
1646 1741 1886 1795 divinam
1917 1740 2088 1795 insuf-

2188 545 2286 616 τὴν
2331 545 2544 598 ἐλπίδα.
2609 543 2982 608 Καταδύοντες
3039 545 3139 616 μὲν
3190 545 3299 618 γὰρ
3355 548 3414 601 ὲν
3467 549 3534 619 τῇ
3572 546 3757 620 κολυμ-

2189 636 2406 708 ϐήθρᾳ,
2464 636 2684 706 εὐδοκία
2738 634 2831 690 τοῦ
2900 635 3036 689 Θεοῦ
3102 636 3198 689 καὶ
3257 638 3465 708 Πατρὸς
3531 639 3756 709 γυμνού-

2193 728 2354 798 μεθα,
2410 731 2477 798 τῇ
2534 729 2716 799 χάριτι
2750 726 2842 781 τοῦ
2897 727 3212 800 Πνεύματος
3249 730 3436 794 αὐτοῦ,
3460 730 3565 784 τῶν
3592 733 3759 802 ἁμαρ·

2187 820 2340 884 τιῶν,
2393 820 2777 890 ἀποτιθέμενοι
2817 821 2911 873 τὸν
2956 821 3185 875 παλαιὸν
3229 822 3534 894 ἄνθρωπον,
3573 825 3660 877 καὶ
3694 826 3755 894 τῇ

2192 911 2442 984 βασιλικῇ
2483 913 2646 966 αὐτοῦ
2679 913 2907 983 δυνάμει
2943 912 3366 984 ἀναγεννώμεοα
3399 916 3492 968 καὶ
3538 915 3758 986 σφράγι-

2190 1003 2425 1077 ζόμεθαο
2466 1007 2708 1068 ἀνιόντες
2759 1005 2816 1059 δὲ
2861 1005 3157 1077 ὲνδυόμεθά
3189 1025 3248 1060 τε
3271 1007 3362 1061 τὸν
3389 1009 3612 1079 Σωτῆρα
3642 1011 3760 1070 Χρι-

2191 1097 2337 1162 στὸν,
2384 1092 2884 1168 στολὴνᾶφθαρτον
2919 1097 3012 1150 καὶ
3050 1097 3294 1168 ἰσότιμον
3338 1098 3432 1151 τοῦ
3479 1100 3760 1172 ἀναγεννή-

2191 1207 2385 1254 σαντος
2429 1190 2524 1243 καὶ
2577 1189 2981 1261 σφραγίσαντος
3025 1191 3174 1260 ἡμᾶς
3215 1189 3369 1258 ἁγίου
3417 1189 3758 1260 Πνεύματος,

2190 1282 2249 1350 (ι
2285 1285 2439 1336 Ὅσοι
2473 1281 2603 1353 γὰρ,
2660 1300 2677 1332 t
2718 1282 2909 1353 φησὶν,
2943 1301 2962 1333 ι
3005 1283 3085 1346 εἰς
3119 1280 3354 1354 Χριστὸν
3384 1282 3758 1354 ἐϐαπτίσθητε,

2189 1373 2425 1444 Χριστὸν
2480 1371 2836 1426 ἐνεδύσασθε·
2879 1371 2938 1441 ι)
2979 1372 3073 1424 καὶ
3111 1372 3210 1442 τὴν
3261 1372 3648 1444 γεγραμμένην
3693 1375 3762 1426 εἰ·

2191 1463 2322 1517 κόνα
2369 1463 2463 1515 καὶ
2519 1463 2780 1531 ὁμοίωσιν
2835 1461 2928 1514 τοῦ
2987 1458 3122 1514 Θεοῦ
3181 1461 3659 1532 ἀπολαμὸάνομεν,
3701 1461 3760 1533 ἠν

2191 1553 2493 1625 ἐδεξάμεθα
2527 1553 2617 1606 διὰ
2643 1553 2737 1606 τοῦ
2769 1553 2952 1606 θεῖκοῦ
2982 1554 3380 1624 ὲμφυσήματος
3400 1592 3416 1616 ,
3445 1555 3540 1607 καὶ
3565 1553 3765 1608 ἀπωλέ-

2193 1666 2366 1718 σαμεν
2393 1647 2481 1701 διὰ
2505 1645 2600 1700 τοῦ
2629 1647 3050 1717 ἁμαρτήματος·
3075 1647 3168 1699 καὶ
3199 1643 3355 1709 αὖθις
3381 1645 3759 1717 εὑρισκόμεθα,

2193 1741 2322 1814 [118
2363 1741 2420 1813 a]
2467 1736 2571 1794 οἶοί
2617 1758 2721 1812 περ
2755 1741 2848 1793 ἐπὶ
2902 1739 2997 1794 τοῦ
3043 1741 3470 1812 πρωτοπλάστου
3519 1743 3766 1813 ἐγενήθη-

503 1835 798 1901 nationem,
833 1844 890 1890 et
922 1837 1278 1890 amiseramus
1331 1835 1444 1906 (65)
1491 1850 1589 1902 per
1649 1845 1970 1904 peccatum:
2021 1849 2082 1889 ac

2192 1836 2324 1906 μεν,’
2353 1833 2730 1904 ἀναμάρτητοι
2779 1832 2874 1886 καὶ
2917 1831 3252 1896 αὐτεξούσιοι
3273 1851 3288 1864 ο
3321 1833 3500 1888 ταῦτα
3535 1835 3640 1905 γὰρ
3672 1851 3762 1904 ση-

503 1928 684 1982 denuo
739 1927 926 1996 quales
985 1927 1038 1980 in
1093 1927 1428 1995 protnplasto
1478 1926 1702 1989 fuimus,
1751 1926 2078 1986 invenimur,

505 2018 710 2086 peccati
741 2027 1014 2086 expertes,
1052 2025 1108 2071 et
1147 2016 1364 2086 propria
1397 2015 1604 2086 praediti
1633 2025 1902 2086 poteSIate
1929 2014 2078 2086 (66):

505 2221 703 2276 dentur
733 2220 848 2274 haec
875 2218 1208 2287 accipienda,
1234 2227 1291 2270 ut
1311 2217 1377 2272 de
1401 2217 1731 2287 suscipiente
1752 2216 2082 2286 baptismum

505 2292 763 2360 loquatur
793 2291 1070 2359 Didymus,
1099 2304 1202 2341 non
1229 2304 1356 2360 vero
1390 2290 1456 2341 de
1501 2289 1752 2360 ministro
1780 2289 2081 2360 baptismi,

506 2357 663 2430 quasi
698 2357 1013 2423 invalidum,
1047 2367 1138 2430 aut
1168 2359 1359 2411 saltem
1389 2359 1724 2430 suscipienti
1767 2357 1986 2430 inutile
2011 2358 2084 2410 sit

506 2426 776 2499 baptisma
805 2431 871 2481 ab
892 2444 955 2482 eo
986 2428 1265 2493 collatum,
1312 2427 1400 2496 qui
1434 2443 1716 2499 perperam
1747 2427 1813 2481 de
1847 2426 2083 2499 Spiritus

506 2496 684 2554 sai—icti
734 2499 1020 2551 divinitate
1047 2499 1267 2560 sentiat,
1304 2499 1404 2552 etsi
1450 2497 1735 2551 formulam
1791 2513 1819 2549 a
1863 2496 2084 2550 ChriSto

509 2570 878 2639 praescriptam
929 2568 1242 2636 pronuntiet
1292 2569 1434 2621 inter
1491 2567 1893 2639 baptizandum.
1928 2565 2088 2638 (Vide

507 2636 678 2708 segm.
745 2636 849 2691 128
901 2638 994 2708 a).
1057 2641 1372 2704 Quanquam
1429 2649 1628 2708 norunt
1691 2636 2085 2708 theologi'non

508 2705 748 2763 doluisse
780 2705 1098 2775 etiain’post
1135 2708 1406 2760 Νἱοιιιιιιιιη
1428 2707 1717 2760 concilium
1744 2705 1954 2770 Patres,
1992 2705 2086 2775 qui

508 2781 836 2848 baptismum
869 2783 937 2831 ab
966 2777 1234 2831 haereticis
1273 2777 1530 2830 collatum
1574 2785 1632 2829 ut
1667 2777 1958 2848 invalidum
1988 2777 2085 2848 ha—

509 2844 694 2903 buere.
733 2848 906 2902 Meum
935 2863 1039 2900 non
1091 2857 1173 2901 est
1203 2849 1304 2901 hac
1335 2849 1400 2898 de
1432 2862 1489 2898 re
1520 2861 1662 2900 nunc
1693 2847 1982 2901 disserere.
2019 2844 2086 2897 ll-

510 2919 598 2973 liid
635 2928 845 2974 tantum
896 2917 1290 2981 animadverto,
1348 2915 1406 2970 S.
1444 2915 1802 2969 Athanasium
1833 2919 2086 2970 oratione

506 2989 543 3042 2
592 3000 773 3042 contra
821 2988 1069 3051 Arianos,
1104 3003 1254 3040 mini.
1287 2986 1355 3039 42
1389 2997 1442 3040 et
1467 2987 1556 3048 43,
1586 2987 1636 3038 in
1672 3003 1733 3040 ea
1767 2987 1935 3039 videri
1971 2986 2086 3053 opi-

507 3059 670 3113 nione
700 3058 886 3117 fuisse.
943 3071 998 3109 ut
1050 3072 1211 3125 prava
1245 3057 1620 3126 interpretatio
1644 3069 1808 3124 atque
1837 3057 2084 3122 acceptio

512 3129 760 3183 formula:
789 3143 817 3180 a
861 3128 1080 3180 Christo
1131 3130 1458 3195 pnescriptae
1494 3127 1822 3193 baptismum
1869 3127 2081 3178 irritum

511 3200 804 3253 redderet:
848 3202 920 3250 ait
952 3199 1096 3252 enim
1133 3213 1282 3253 num.
1335 3195 1427 3260 45,
1485 3214 1504 3246 i
1542 3197 1738 3249 inultas
1791 3197 2022 3249 haireses
2059 3213 2078 3245 ι

513 3271 674 3322 trium
733 3282 1084 3339 personarum
1136 3285 1155 3317 ι
1199 3268 1418 3320 nomina
1462 3284 1481 3318 ι
1537 3266 1589 3319 in
1631 3265 1901 3334 baptismo
1969 3266 2089 3331 qui-

510 3342 633 3393 dem
686 3355 705 3389 i
764 3339 1157 3407 pronuntiare;
1221 3340 1313 3407 sed
1379 3351 1502 3407 cum
1571 3345 1720 3407 recte
1767 3351 1894 3407 _nnn
1955 3350 2087 3407 sen-

511 3410 680 3478 tiant,
727 3404 992 3476 t'inqiiit,
1033 3406 1341 3470 ἀλυσιτελὲς
1382 3405 1565 3478 ἔχουσι
1605 3404 1698 3458 καὶ
1731 3405 1793 3456 τὸ
1834 3406 1966 3478 παρ’
1991 3405 2090 3457 αὑ-

509 3476 619 3530 τῶν
636 3477 802 3548 ὕδωρ,
829 3475 880 3530 id
911 3487 1018 3542 est,
1039 3495 1058 3528 t
1076 3479 1289 3548 inutilis
1318 3475 1576 3548 estLaqua
1624 3489 1786 3544 quam
1814 3475 2039 3530 donant.
2063 3491 2083 3530 ι

585 3548 699 3618 (65)
741 3545 1023 3618 Quotquot.
1063 3545 1241 3618 Galat.
1275 3561 1360 3609 itt,
1398 3546 1488 3600 27.

585 3615 699 3688 (64)
737 3615 1051 3688 Imaginem.
1115 3615 1369 3686 lmaginis
1394 3633 1484 3688 iac
1522 3616 1893 3688 similitudinis
1929 3629 2090 3669 voca-

511 3686 655 3742 bulis
681 3686 805 3739 ‘non
845 3687 1088 3739 eaimlein
1145 3701 1256 3738 rem
1293 3687 1561 3754 designari
1604 3689 1655 3740 in
1700 3687 1837 3742 Gen.
1879 3701 1999 3754 cap.
2045 3701 2084 3740 ι.

512 3771 658 3813 vers.
693 3756 787 3818 26,
818 3764 1007 3824 putant
1039 3756 1190 3808 inulti
1226 3757 1432 3819 Patres,
1459 3757 1546 3809 alii
1573 3773 1604 3810 e
1627 3757 1901 3810 contrario
1927 3771 2085 3809 unam

512 3825 1024 3898 canidcmqiie._His
1067 3826 1316 3898 assentiri
1353 3826 1565 3898 videtur
1603 3825 1880 3898 Didymus.
1929 3825 2088 3898 Quae:

515 3906 640 3950 runt
685 3897 847 3965 etiam
895 3895 1120 3960 Patres,
1172 3896 1300 3962 quid
1355 3895 1480 3948 illud
1525 3897 1634 3960 sit,
1681 3895 1898 3965 propter
1943 3896 2085 3964 quod

515 3967 690 4020 dictus
713 3975 794 4018 est
815 3964 976 4018 homo
1006 3983 1026 4016 ι
1063 3968 1128 4018 ad
1161 3965 1446 4033 imaginem
1475 3965 1586 4020 Dei.
1621 3985 1639 4018 ι
1679 3964 1758 4020 Ac
1788 3972 1838 4018 in
1863 3980 2088 4028 corpore

513 4037 731 4105 quidem
754 4051 874 4088 eain
913 4038 1175 4088 rationem
1206 4041 1551 4104 quaerendam
1591 4051 1694 4090 nOu
1725 4050 1868 4097 esse,
1898 4039 1993 4089 sed
2030 4037 2082 4088 in

513 4108 725 4168 anima,
782 4107 1130 4160 consentiunt
1191 4120 1416 4170 omnes,
1464 4120 1563 4160 nec
1604 4108 1672 4160 ab
1715 4107 1793 4160 eis
1839 4106 2090 4159 dissentit

516 4177 797 4245 Didymus,
837 4185 895 4229 ut
923 4185 1148 4244 apparet
1177 4190 1243 4228 ex
1277 4177 1454 4245 verbis
1491 4177 1595 4230 illis
1625 4194 1638 4228 :
1681 4194 1700 4226 i
1732 4191 1893 4245 quain
1927 4191 2086 4228 acce-

515 4244 769 4315 peramus
821 4261 916 4313 per
962 4246 1196 4298 divinam
1244 4244 1678 4300 insuillatimiem.
1723 4244 1762 4297 i’
1796 4247 1992 4300 Verum
2020 4259 2088 4299 ex

512 4332 746 4387 quanam
791 4319 984 4369 anima:
1027 4316 1354 4387 proprietate
1395 4327 1488 4368 aut
1522 4319 1782 4369 attributo
1832 4331 1894 4370 ea
1953 4318 2089 4368 ratio

516 4386 806 4454 repetenda
837 4389 927 4447 sit.
959 4401 1066 4439 non
1099 4386 1463 4451 consentiunt,
1495 4387 1604 4440 imo
1632 4389 1684 4439 in
1722 4387 1921 4455 plures,
1961 4400 2085 4438 eas-

513 4472 621 4526 que
651 4458 791 4510 inter
814 4471 871 4510 se
901 4457 1144 4510 diversas
1171 4457 1354 4509 abiere
1383 4457 1681 4511 sententias
1707 4474 1721 4512 :
1761 4471 1896 4526 quas
1926 4470 2088 4509 accu-

516 4537 633 4596 rate
680 4527 948 4594 docteqne
1011 4535 1255 4579 recenset
1300 4540 1364 4579 ac
1428 4528 1682 4596 expendit
1736 4542 1818 4579 νιι·
1869 4527 2078 4596 clariss.

521 4595 750 4667 D.Jo_an.
782 4597 976 4667 Chrys.
1005 4596 1364 4667 'l‘rombellius
1383 4594 1770 4651 Dissertatione
1801 4596 1905 4667 Sin
1926 4594 2082 4647 Hila-

517 4668 586 4718 rii
622 4663 909 4733 Epistolani
948 4668 1001 4718 in
1045 4665 1325 4719 Anu-dotis
1362 4669 1561 4720 nostris
1587 4668 1751 4720 edita.
1787 4666 1966 4720 Facile
1999 4676 2083 4718 ta-

517 4751 640 4791 men
666 4737 806 4789 inter
836 4753 914 4801 se,
945 4747 1004 4789 ut
1033 4752 1174 4800 reor,
1205 4738 1394 4791 Patres
1418 4737 1490 4791 illi
1516 4737 1794 4791 conciliari
1821 4747 2080 4805 possunt:

518 4819 619 4859 uec
648 4806 791 4859 enim
829 4821 1055 4859 necesse
1104 4814 1188 4859 est
1227 4817 1285 4859 tit
1318 4821 1382 4861 ex
1420 4823 1526 4860 una
1563 4818 1771 4860 tantum
1807 4822 1864 4858 re
1895 4807 2086 4874 imagi-

519 4877 606 4929 nis
636 4889 699 4929 ac
729 4876 1096 4928 similitudinis
1127 4876 1273 4930 notio
1320 4887 1630 4944 repetatur;
1659 4880 1764 4930 imo
1791 4893 1898 4946 quo
1929 4878 2084 4943 plura

519 4954 650 4998 sunt
699 4960 819 5014 qua:
858 4946 1130 4999 hominem
1174 4947 1284 4999 Deo
1325 4950 1674 5016 aliquatenus
1713 4948 1944 5000 similem
2009 4950 2086 4999 fa-

520 5016 688 5080 ciunt,
722 5031 787 5070 eo
817 5017 987 5084 magis
1020 5031 1203 5070 verum
1233 5027 1317 5070 est
1357 5015 1498 5084 quod
1545 5020 1597 5070 in
1642 5015 1838 5071 Genesi
1863 5019 2083 5083 dicitur,

520 5085 589 5138 ad
628 5086 913 5155 imaginem
942 5084 1034 5139 Dei
1071 5087 1346 5155 conditum
1389 5091 1661 5141 hominem
1697 5087 1886 5141 fuisse.

594 5155 708 5226 (65)
747 5154 1137 5227 ’Airiiseramus.
1183 5154 1542 5227 Hieronymus
1591 5159 1641 5210 in
1671 5157 1808 5210 libro
1830 5159 2084 5212 adversus

521 5224 779 5278 Joamiem
805 5225 1301 5294 Jerosotymitanum
1337 5224 1655 5296 episcopum,
1683 5243 1832 5280 num.
1869 5227 1922 5291 7,
1959 5229 2085 5282 Orio

521 5296 782 5366 genianos
811 5308 1022 5349 errores
1059 5309 1421 5364 enumerans,
1476 5299 1543 5351 de
1595 5299 1789 5365 quibus
1821 5296 2085 5352 Joannem

525 5381 697 5434 ipsum
723 5375 776 5418 et
795 5375 1031 5430 accusat,
1054 5377 1107 5419 et
1129 5382 1158 5418 a
1187 5366 1247 5418 S.
1276 5368 1574 5434 Epiphanio
1595 5378 1903 5420 accusatum
1934 5370 2084 5432 dicit,

523 5439 602 5491 sic
622 5437 861 5504 loquitur
891 5450 906 5486 :
950 5451 968 5484 t
1002 5437 1294 5505 imaginem
1334 5447 1389 5490 ct
1417 5437 1823 5491 similitudinem
1854 5437 1943 5491 Dei
1969 5476 1986 5500 ,
2018 5443 2086 5491 ad

521 5522 682 5576 quam
726 5508 888 5560 homo
921 5504 1169 5560 conditus
1206 5504 1420 5570 fuerat,
1451 5508 1583 5560 dicit
1608 5511 1676 5560 ab
1705 5521 1769 5560 eo
1801 5510 2085 5576 perditam,

520 5575 655 5630 etin
685 5577 902 5630 homine
929 5587 1048 5642 post
1076 5580 1382 5644 paradisum
1421 5591 1526 5629 non
1559 5578 1744 5632 fuisse.
1779 5575 1812 5627 ί
1832 5575 1990 5630 Paria
2021 5579 2090 5632 de

521 5647 757 5716 Origene
796 5646 984 5700 scribit
1023 5646 1351 5715 Epiphanius
1383 5647 1496 5714 ipse
1542 5648 1732 5700 haeresi
1763 5661 1887 5699 uiv
1911 5685 1928 5710 ,
1965 5664 2086 5716 pag.

525 5716 648 5770 528.
682 5719 750 5770 At
777 5717 1025 5786 quamvis
1057 5721 1170 5769 haec
1203 5718 1271 5768 ita
1303 5718 1413 5770 sint
1435 5755 1451 5778 ,
1490 5731 1596 5769 non
1625 5719 1882 5770 continuo
1910 5729 2089 5771 tamen

524 5787 1001 5854 reprehendendus
1021 5787 1230 5842 videtur
1253 5786 1511 5856 Didymus
1536 5796 1757 5843 noster:
1789 5803 1910 5843 nam
1939 5789 2092 5859 quid-

2193 1927 2372 1998 μαίνει
2443 1926 2476 1996 ἡ
2540 1923 2705 1978 εἰκὼν
2755 1926 2848 1978 καί
2908 1926 3206 1996 ὁμοίωσις·
3248 1926 3324 1990 ὡς
3369 1927 3630 1997 ἁρμόζειν
3675 1927 3764 1998 τὴν

2189 2018 2402 2071 Παύλου
2443 2016 2570 2088 περὶ
2606 2016 2714 2069 τῶν
2760 2016 3173 2088 βαπτιζομένων
3222 2018 3470 2089 Γοαφὴνο
3523 2037 3543 2071 t
3583 2020 3762 2082 Ὅπως

2192 2215 2321 2284 quid
2360 2216 2432 2270 sit
2481 2215 2548 2269 de
2592 2214 2840 2283 Origenis
2871 2215 3164 2280 sententia,
3201 2215 3474 2270 catholico
3506 2232 3686 2272 sensu.
3716 2216 3765 2272 ni

2191 2287 2371 2345 fallor,
2405 2287 2510 2340 dici
2554 2298 2764 2354 p0test,
2821 2288 3111 2354 imaginem
3143 2301 3208 2338 ac
3240 2288 3649 2341 similitudinem
3682 2288 3765 2342 Dei

2230 2372 2290 2409 er
2344 2367 2631 2427 peccatum
2667 2356 2932 2420 originale
2967 2357 3036 2410 ab
3067 2356 3285 2411 homine
3338 2361 3599 2412 amissam
3634 2373 3764 2412 esse.

2242 2427 2455 2480 imiruin
2516 2428 2633 2494 ejus
2698 2427 2844 2480 eiIati
2895 2429 3132 2485 veritas.
3194 2438 3288 2480 aut
3346 2428 3555 2481 falsitas
3601 2444 3662 2482 ex
3709 2444 3768 2482 eo

2188 2511 2353 2568 sensu
2387 2497 2613 2565 pendet,
2668 2513 2776 2563 quo
2809 2497 3065 2550 vocabula
3105 2497 3192 2549 illa
3236 2516 3255 2548 ‹
3308 2498 3560 2568 imaginis
3607 2515 3668 2554 ac
3697 2503 3767 2552 si-

2191 2566 2513 2639 militudinis
2545 2584 2564 2616 ι
2600 2568 2944 2633 accipiuntur
2971 2587 2982 2620 :
3011 2568 3195 2634 siquis
3221 2568 3365 2639 enim
3423 2566 3523 2621 ex.
3554 2584 3632 2639 gr.
3661 2571 3768 2636 ejus

2191 2637 2442 2702 imaginis
2475 2638 2749 2690 notionem
2793 2639 2844 2690 in
2889 2639 2990 2691 hoc
3021 2639 3180 2691 sitam
3218 2637 3468 2699 afﬁrmet.
3509 2637 3766 2692 ut'aniina

2191 2707 2262 2759 sit
2294 2706 2635 2777 illllllul'l_alls,
2672 2722 2734 2759 ac
2775 2707 2970 2762 deinde
3007 2705 3316 2777 subiungat,
3363 2709 3638 2762 hominem
3677 2723 3766 2776 per

2188 2787 2468 2842 peccatum
2505 2775 2594 2828 Dei
2621 2777 2912 2845 imaginem
2949 2775 3226 2838 amisisse;
3253 2778 3298 2831 is
3337 2779 3455 2832 sine
3482 2779 3645 2832 iluhio
3671 2775 3767 2831 erit

2192 2847 2484 2918 haereticus
2513 2862 2528 2899 :
2564 2861 2723 2901 secus
2755 2862 2884 2918 vero
2907 2861 2968 2900 se
3007 2862 3094 2918 res
3121 2848 3339 2900 habebit
3361 2887 3377 2908 ,
3406 2849 3450 2900 si
3483 2850 3537 2901 in
3565 2850 3766 2918 justitia

2187 2916 2471 2984 originali,
2505 2926 2600 2969 aut
2633 2917 2808 2984 gratia
2858 2917 3236 2986 sanctificante
3259 2957 3276 2982 ,
3307 2928 3400 2972 aut
3441 2916 3762 2986 alia—aliqua

2187 2986 2350 3055 simili
2386 2987 2443 3040 re
2471 2986 2632 3038 sitam
2677 3001 2797 3039 eam
2842 2998 3013 3055 putet.
3076 2985 3216 3040 Hinc
3265 2988 3323 3040 fit
3382 2998 3441 3040 ttt
3475 2991 3567 3042 alii
3612 2985 3764 3042 etiam

2189 3054 2380 3128 Patres
2416 3056 2690 3128 id_ipsum
2725 3054 3076 3128 allirinarint,
3119 3058 3260 3124 quod
3307 3058 3590 3128 Didymus.
3635 3056 3754 3112 Ter-

2192 3125 2448 3178 tullianus
2485 3126 2536 3178 in
2569 3126 2707 3178 libro
2744 3124 2818 3178 De
2861 3127 3146 3190 baptismo,
3179 3141 3303 3195 cap.
3334 3129 3366 3182 5
3398 3124 3421 3180 Ξ
3451 3145 3470 3178 ‹
3519 3129 3592 3182 ita
3621 3128 3768 3181 resti-

2191 3196 2358 3247 tuitur
2405 3195 2655 3265 (inquit)
2705 3197 2864 3249 homo
2909 3197 3014 3248 Deo
3061 3200 3126 3249 ad
3175 3198 3588 3251 similitudinem
3617 3202 3759 3264 ejus.

2189 3265 2457 3339 q_iii_i_'etro
2496 3265 2561 3339 ad
2589 3268 2878 3339 imaginem
2913 3267 3003 3319 Dei
3031 3265 3226 3319 fuerat.
3269 3267 3453 3339 Imago
3491 3270 3544 3320 in
3578 3267 3764 3339 efﬁgie,

2188 3335 2486 3387 similitudo
2537 3336 2589 3388 in
2657 3337 2962 3389 :eternitate
3017 3349 3299 3391 censetur.
3359 3337 3580 3401 Recipit
3629 3335 3762 3392 enim

2193 3404 2342 3457 illum
2400 3403 2494 3457 Dei
2551 3405 2848 3472 Spiritum,
2885 3419 3058 3478 quem
3121 3418 3245 3460 tunc
3275 3407 3369 3478 Vde
3421 3408 3610 3460 alliatu
3660 3408 3768 3478 ejus

2188 3485 2498 3542 acceperat,
2525 3479 2621 3528 sed
2644 3486 2765 3541 post
2790 3476 3051 3528 amiserat
3074 3491 3170 3544 per
3202 3477 3483 3532 delictum.
3518 3497 3538 3529 ι
3575 3476 3765 3531 Eadem

2189 3548 2353 3598 sentit
2398 3555 2588 3597 auctor
2631 3545 2864 3598 humilia:
2923 3560 3042 3608 quae
3089 3555 3231 3600 hunc
3281 3550 3444 3600 habet
3515 3550 3762 3603 titulum“

2194 3632 2225 3686 ι
2258 3614 2409 3679 Quod
2426 3616 2598 3686 homo
2627 3615 2914 3683 imaginem
2945 3616 3036 3668 Dei
3070 3631 3166 3684 per
3193 3629 3470 3683 peccatum
3502 3619 3714 3686 abiecit.
3744 3636 3762 3668 ι

2191 3684 2500 3757 Ειιιίοιιιέἱιιι
2531 3685 2717 3757 Patres
2742 3724 2757 3743 ,
2790 3687 2879 3752 qui
2916 3689 2966 3737 in
3002 3696 3200 3738 Virtute
3226 3691 3387 3740 sitam
3437 3684 3626 3742 volunt
3659 3689 3767 3757 ejus

2190 3754 2442 3826 imaginis
2474 3824 2483 3826 _
2521 3755 2822 3807 notionem.
2891 3757 3086 3808 Eadem
3137 3758 3470 3826 Augustinus
3537 3754 3769 3813 libro'u

2195 3825 2266 3895 ρο
2295 3822 2484 3876 Genesi
2515 3827 2583 3876 ad
2617 3827 2869 3890 litteram,
2897 3842 3017 3893 cap.
3050 3826 3116 3878 27
3148 3837 3203 3879 et
3226 3822 3318 3880 28.
3346 3827 3534 3895 Neque
3565 3845 3690 3883 vero
3721 3827 3768 3880 iit

2191 3891 2689 3958 Retractationibus,
2731 3910 2853 3963 cap.
2891 3891 2985 3955 24,
3023 3897 3214 3949 falsum
3261 3891 3482 3950 omnino
3513 3915 3637 3953 esse
3667 3899 3768 3958 ait,

2188 3965 2332 4032 quod
2370 3964 2442 4016 ibi
2483 3965 2818 4032 scripserat,
2861 3981 2926 4020 ac
2973 3967 3144 4020 multo
3200 3969 3379 4020 minus
3426 3970 3764 4023 luereticuin.

2196 4052 2214 4084 ι
2259 4033 2311 4084 In
2341 4046 2495 4106 sexto
2523 4035 2743 4104 (inquit)
2779 4034 2938 4097 libro,
2973 4038 3115 4105 quod
3149 4038 3279 4100 dixi,
3319 4055 3338 4087 ι
3373 4041 3543 4091 Adam
3579 4038 3768 4106 imagi-

2193 4117 2313 4156 nem
2359 4103 2482 4167 Dei,
2517 4103 2811 4158 secundum
2857 4103 3018 4174 quam
3068 4106 3240 4162 factus
3290 4119 3410 4169 est,
3467 4103 3767 4176 perdidisse

2193 4187 2435 4246 peccato,
2480 4195 2498 4226 ι
2539 4189 2643 4228 non
2678 4175 2758 4229 sic
2792 4177 3164 4244 accipiendum
3191 4186 3296 4239 est,
3329 4175 3586 4246 tanquam
3626 4181 3676 4231 in
3704 4192 3767 4231 eo

2191 4244 2336 4296 nulla
2377 4246 2727 4308 remanserit,
2757 4246 2851 4299 sed
2878 4251 3020 4315 quod
3054 4256 3162 4300 tam
3195 4244 3476 4312 deformis,
3514 4261 3573 4301 ut
3600 4250 3766 4302 refor-

2193 4317 2432 4385 matione
2477 4330 2612 4382 opus
2663 4315 2909 4370 haberet.
2961 4315 3077 4369 Non
3130 4318 3293 4385 igitur
3329 4317 3382 4370 in
3427 4321 3552 4372 lidei
3593 4329 3767 4372 reten-

2193 4383 2338 4438 tione
2363 4426 2377 4450 ,
2415 4385 2874 4454 contemplatione
2898 4425 2915 4451 ,
2973 4383 3297 4450 dilectione,
3352 4403 3473 4456 quae
3513 4405 3616 4442 non
3667 4389 3768 4442 erit

2192 4467 2432 4522 semper,
2469 4457 2562 4509 sed
2610 4456 2663 4507 in
2699 4469 2802 4520 eo,
2843 4457 2985 4524 quod
3034 4472 3250 4524 semper
3280 4460 3408 4523 erit,
3447 4459 3769 4513 invenienda

2192 4534 2297 4584 est,
2331 4541 2491 4592 quam
2525 4525 2631 4578 dici
2665 4537 2913 4591 oporteat
2945 4529 3232 4594 imaginem
3267 4529 3379 4580 Dei.
3427 4547 3446 4579 ι
3477 4532 3616 4594 Quin
3657 4528 3768 4581 Hie-

2193 4609 2450 4666 ronymus
2497 4597 2610 4666 ipse
2673 4596 2726 4647 in
2776 4596 3080 4666 Comment.
3109 4603 3162 4648 in
3198 4596 3368 4664 Epist.
3395 4604 3463 4650 ad
3487 4600 3764 4666 Ephesios,

2191 4662 2355 4727 lib.‘t.
2403 4681 2525 4733 cap.
2551 4664 2607 4730 2,
2639 4681 2763 4734 pag.
2799 4664 2903 4719 ὅδὲ
2922 4670 3009 4722 ed.
3043 4662 3267 4732 Verum,
3307 4671 3496 4722 eadem
3529 4662 3769 4731 tradidit,

2191 4749 2311 4802 qua:
2356 4737 2614 4809 Didymus
2653 4739 2754 4809 hoc
2796 4737 3017 4790 inloco.
3053 4756 3073 4786 ‹
3127 4738 3217 4790 Sic
3247 4753 3358 4792 sua:
3393 4740 3770 4809 intelligentia

2190 4807 2466 4873 coaptabit
2515 4807 2762 4875 (inquit)
2803 4817 2861 4858 ut
2893 4809 3041 4877 dicat
3089 4809 3363 4861 hominem
3389 4809 3542 4877 juxta
3577 4807 3767 4877 imagi-

2193 4890 2316 4926 nem
2362 4885 2427 4947 et_
2466 4878 2874 4930 similitudinem
2925 4876 3020 4930 Dei
3062 4877 3304 4942 factum,
3355 4876 3598 4932 eamdem
3648 4876 3767 4947 post

2192 4945 2690 5000 reconciliationem
2717 4950 2946 4999 formam
2975 4957 3341 5014 recepturum,
3367 4965 3529 5016 qnam
3550 4960 3606 5002 et
3629 4945 3769 5002 nunc

2191 5017 2368 5083 angeli
2413 5017 2655 5082 habent,
2693 5025 2749 5068 et
2795 5017 2911 5084 ipse
2946 5019 3262 5083 perdiderit.
3316 5038 3335 5070 ι
3376 5021 3548 5084 Quem
3593 5019 3769 5071 locum

2193 5084 2521 5158 iheronyino
2563 5087 3118 5158 exprobratliiitinus
3149 5088 3244 5158 lib.
3294 5104 3308 5140 I
3358 5100 3544 5141 contra
3597 5092 3767 5158 ipsum

2195 5154 2600 5224 Hieronymum,
2632 5154 2778 5208 itum.
2825 5155 2916 5210 59.
2949 5156 3174 5210 Deinum
3208 5157 3266 5210 S.
3293 5158 3460 5225 Zeno,
3497 5154 3770 5213 Veronen-

2193 5228 2333 5278 sium
2366 5241 2675 5294 episcOpus,
2707 5225 2802 5278 lib.
2833 5242 2898 5290 it,
2932 5236 3093 5281 tract.
3122 5227 3209 5294 19,
3241 5236 3429 5284 eodem
3463 5231 3576 5284 fere
3607 5229 3768 5282 modo

2193 5296 2433 5362 loquitur
2461 5311 2568 5363 quo
2610 5295 2890 5364 Didymus.

2264 5363 2378 5435 (66)
2439 5363 2726 5418 Potestate.
2781 5367 3179 5434 'l‘ertullianus,
3231 5367 3368 5423 libro
3422 5385 3456 5424 ll
3521 5371 3767 5423 adversus

2193 5435 2688 5510 Marcionem,_cap.
2726 5435 2849 5510 ἕξει
2876 5437 3170 5510 Oportebat
3200 5441 3448 5510 (inquit)
3482 5443 3766 5509 imaginem

2194 5519 2249 5559 et
2282 5507 2690 5578 similitudinem
2737 5507 2867 5570 Dei,
2899 5509 3052 5560 liberi
3093 5507 3343 5574 arbitrii,
3385 5507 3438 5564 et
3475 5507 3767 5578 suielpoie-

2193 5578 2350 5650 statis
2373 5578 2634 5650 institui,
2671 5577 2723 5629 in
2759 5592 2865 5644 qua
2903 5579 3004 5631 hoc
3033 5581 3232 5647 ipsum,
3267 5581 3444 5650 imago
3483 5594 3538 5634 et
3569 5577 3763 5633 simili-

2196 5648 2326 5700 tudo
2370 5647 2462 5700 Dei
2495 5649 2867 5714 dcputaretur,
2919 5650 3133 5702 arbitrii
3185 5647 3402 5704 scilicet
3443 5655 3666 5704 libertas
3712 5659 3765 5702 et

2195 5722 2454 5789 potestas.
2493 5735 2512 5768 ι
2536 5719 2817 5789 Caeterum
2844 5734 2949 5786 qiio
2977 5733 3136 5772 sensu
3167 5722 3477 5789 accipienda
3507 5723 3614 5775 sint
3639 5735 3758 5789 qua:

2197 5789 2289 5841 hic
2317 5788 2489 5861 docet
2534 5787 2794 5856 Didymus
2819 5827 2835 5854 ,
2884 5792 2921 5844 ii
2956 5803 3152 5845 norunt
3175 5827 3192 5854 ,
3237 5787 3327 5861 qui
3365 5787 3753 5862 Augustini'de
