4054 6418
363 436 469 491 685

1382 429 1470 484 DE
1507 428 1882 484 TRINITATE
1922 429 2119 484 LIBER
2163 428 2548 486 SECUNDUS.

3501 436 3608 492 686

356 545 669 618 γνησιότητι
702 542 798 597 τοῦ
830 542 1029 598 οἰκείου
1074 541 1253 595 τόκου·
1280 541 1343 593 τὸ
1388 540 1445 593 δὲ
1473 541 1627 608 ἅγιον
1667 539 1927 611 Πνεῦμα,

2039 557 2153 606 nes,
2197 556 2261 595 ac
2321 556 2483 611 supra
2511 555 2727 595 omnem
2780 540 2983 596 inimici
3033 552 3356 612 potestatem
3411 550 3604 603 anxitu-

356 628 712 706 ἅνοιχθέντων
756 633 939 703 αύτῷ,
999 631 1075 696 ὡς
1123 631 1333 702 βασιλεῖ
1372 632 1467 686 καὶ
1521 631 1777 702 ἀνωτέρω
1833 631 1934 702 τῆς

356 728 602 797 ἀγγέλων
626 726 839 795 φύσεως
879 725 1021 789 ὄντι,
1049 724 1158 776 τῶν
1189 722 1453 795 οὐρανῶν,
1514 724 1791 784 κατελθὸν,
1825 724 1927 777 ἐπ-

358 822 546 892 έμενεν
591 820 684 872 ἐπὶ
722 818 813 871 τὸν
858 817 986 870 Υὲὸν
1026 817 1121 870 τοῦ
1162 815 1319 870 Θεοῦ.
1346 817 1514 886 Φησὶν
1540 817 1650 888 γάρ
1674 834 1687 847 ·
1728 835 1748 867 t
1801 817 1931 871 Ἰδοὺ

357 910 710 980 ἀνεῴχθησαν
737 911 786 962 οἱ
807 909 1043 979 οὐρανοὶ,
1080 908 1173 961 καὶ
1206 908 1315 961 ἴδον
1337 908 1398 961 τὸ
1418 907 1641 979 Πνεῦμα
1667 906 1762 961 τοῦ
1795 907 1933 962 Θεοῦ

359 1004 686 1059 καταϐαῖνον
732 1002 806 1064 ὡς
846 998 1194 1071 περιστεράν.
1238 1016 1255 1049 ι
1286 995 1413 1070 [H9
1461 996 1518 1069 a]
1545 997 1674 1050 Νόει
1724 993 1836 1060 οῦν,
1883 996 1936 1049 τί

358 1096 504 1148 ἐστιν
536 1093 597 1147 τὸ
639 1092 792 1161 ἅγιον
829 1090 1072 1161 Πνεῦμα,
1108 1089 1204 1143 ἆτε
1241 1089 1334 1142 τὸν
1366 1088 1558 1142 ἑαυτοῦ
1587 1088 1732 1155 ναὸν,
1765 1090 1931 1160 ἡμᾶς,

355 1186 432 1255 τῷ
468 1183 676 1254 ὑψίστῳ
706 1181 825 1252 Θεῷ
855 1181 1290 1252 συγκαθεσθῆναι
1309 1220 1323 1245 ,
1355 1181 1453 1234 καὶ
1486 1179 1931 1251 συνδοξασθῆναι,

356 1275 449 1327 καὶ
480 1270 908 1343 συμϐασιλεῦσαι
953 1274 1132 1334 ποιεῖ,
1160 1272 1252 1324 καὶ
1273 1272 1363 1324 ὅτε
1400 1268 1552 1341 μένει
1588 1271 1681 1324 ἐπὶ
1708 1270 1799 1323 τὸν
1833 1287 1932 1341 μο-

357 1366 546 1435 νογενῆ
588 1366 751 1418 Θεόν·
799 1365 893 1417 καὶ
937 1365 986 1416 εἰ
1043 1362 1205 1427 ὁσίως
1253 1361 1505 1430 λέγουσιν
1553 1362 1822 1433 αἱρετικοὶ
1857 1361 1932 1432 μὴ

357 1455 783 1525 συγκαθέζεσθαι
844 1455 998 1523 αὐτὸ,
1059 1456 1154 1510 καὶ
1214 1454 1785 1527 συμπροσκυνεῖσθαι,
1837 1455 1932 1508 καὶ

358 1547 769 1619 συμϐασιλεύειν
807 1546 886 1619 τῷ
924 1547 1044 1619 Θεῷ
1069 1548 1267 1619 Πατρί.
1308 1547 1398 1619 Μὴ
1437 1546 1640 1619 ὁμοίως
1666 1546 1724 1600 δὲ
1755 1546 1930 1617 ἡμῶν,

355 1642 462 1694 τῶν
494 1638 749 1701 κτιστῶν.
790 1640 886 1693 καὶ¹
913 1642 971 1693 ὲν
1001 1639 1238 1711 τοσαύτῃ
1271 1638 1493 1707 ἀγαθῶν
1515 1637 1692 1711 ἔργων
1726 1637 1929 1707 γυμνό-

356 1750 477 1803 τητι
494 1730 792 1803 τηλικαῦτα
814 1731 1165 1796 ἐλπιζόντων,
1187 1728 1404 1801 νοηθείη
1443 1730 1503 1783 τὸ
1526 1730 1679 1798 ἆγιον
1699 1727 1933 1800 Πνεῦμα

355 1821 449 1874 τοῦ
493 1821 628 1874 Θεοῦ
681 1820 1145 1889 συγκαθέζεσθαι,
1196 1822 1290 1874 καὶ
1338 1817 1793 1883 συνδοξάζεσθαι,
1834 1818 1931 1872 καὶ

2038 632 2148 686 lare
2176 633 2307 701 (85).
2344 643 2508 702 atque
2539 633 2653 686 haec
2697 632 2876 686 omnia
2923 634 3246 690 coneulcare
3295 652 3396 693 nos
3445 638 3608 696 facie-

2038 724 2162 787 bat;
2206 731 2261 776 et
2281 722 2405 775 dum
2449 720 2607 775 simul
2652 721 2881 775 docebat
2921 735 3132 786 omnes,
3177 722 3471 779 salutarem
3509 727 3610 781 ho-

2042 816 2280 870 minibus
2346 830 2468 870 esse
2528 815 2997 881 regenerationem
3048 835 3062 870 :
3116 817 3307 872 aderat
3373 816 3611 886 Spiritus

2036 916 2256 959 sanctus
2312 907 2439 960 item
2485 915 2544 959 ut
2589 905 2791 960 Pater:
2824 906 2911 961 hic
2963 907 3108 961 enim
3141 922 3171 962 e
3201 908 3356 965 caelis
3391 912 3612 981 pr0prio

2037 998 2173 1053 Filio
2207 1001 2582 1053 testimonium
2610 1000 2949 1068 perhibebat,
2979 1016 3042 1056 ac
3063 1018 3185 1057 eum
3213 1019 3398 1058 verum
3436 1015 3490 1060 et
3518 1021 3613 1077 ge-

2038 1088 2263 1143 nuinum
2296 1104 2420 1144 esse
2469 1090 2902 1154 testificahatur;
2935 1090 3170 1162 Spiritus
3209 1109 3340 1149 vero
3364 1104 3611 1161 sanctus,

2037 1179 2242 1246 apertis
2287 1179 2386 1234 sibi
2437 1179 2591 1235 cmlis
2619 1188 2678 1232 ut
2710 1180 2843 1247 regi,
2884 1190 2937 1233 et
2959 1195 3121 1249 supra
3155 1181 3470 1253 angelorum
3516 1199 3613 1237 na-

2037 1279 2212 1323 turam
2235 1271 2542 1335 exsistenti.
2586 1272 2921 1326 descendens
2946 1272 3201 1327 manebat
3224 1288 3385 1343 supra
3416 1273 3613 1329 Filium

2038 1361 2151 1416 Dei.
2186 1363 2442 1416 Aitenim
2492 1362 2815 1431 Scriptura:
2857 1382 2875 1414 ι
2906 1364 3046 1419 Ecce
3100 1363 3212 1435 (86)
3267 1365 3440 1433 aperti
3488 1376 3614 1422 sunt

2038 1453 2186 1518 caeli,
2220 1462 2274 1507 et
2300 1454 2553 1507 viderunt
2584 1454 2849 1523 Spiritum
2884 1454 2974 1509 Dei
3020 1455 3434 1510 descendentem
3464 1458 3607 1511 sicut

2038 1545 2398 1599 columbam.»
2426 1544 2721 1600 Considera
2748 1562 2876 1617 ergo
2906 1555 3067 1616 atque
3091 1547 3347 1617 intelligo,
3389 1549 3517 1617 quid
3535 1551 3610 1605 sit

2039 1636 2276 1706 Spiritus
2308 1647 2550 1702 sanctus,
2581 1637 2693 1708 (8‘7)
2728 1641 2820 1708 qui
2852 1655 3008 1694 suum
3040 1639 3209 1709 ipsius
3240 1641 3522 1708 templum,
3557 1642 3610 1695 id

2036 1735 2120 1781 est
2145 1743 2264 1794 nos,
2293 1743 2414 1782 cum
2443 1730 2711 1784 altissimo
2755 1731 2862 1786 Deo
2900 1732 3219 1796 consedere,
3253 1742 3306 1787 et
3337 1733 3612 1804 conglori-

2039 1818 2211 1880 lirari.
2262 1830 2316 1873 et
2356 1834 2692 1891 conregnare
2746 1822 2895 1887 facit,
2951 1833 3006 1878 et
3059 1838 3222 1894 super
3277 1826 3611 1895 unigenitum

358 1911 771 1982 συμϐασιλεύειν
803 1912 882 1983 τῷ
920 1912 1059 1983 Θεῷ·
1086 1912 1198 1966 ἀλλ’
1227 1912 1302 1977 ὡς
1346 1910 1572 1982 Πνεῦμα
1611 1909 1776 1963 αὑτοῦ
1795 1951 1808 1973 ,
1834 1910 1927 1962 καὶ

2034 1915 2198 1969 Deum
2220 1925 2432 1971 manet:
2454 1932 2518 1971 ac
2540 1918 2680 1981 vide,
2701 1933 2828 1971 num
2853 1918 2997 1987 pium
3022 1930 3377 1990 sanctumque
3395 1921 3451 1975 lit
3470 1924 3613 1991 quod

356 2004 514 2075 φύσει
535 2004 667 2069 Θεὸς
688 2006 781 2058 καὶ
805 2005 1084 2067 Βασιλεὺς,
1108 2004 1201 2058 καὶ
1222 2004 1408 2067 ἁῖδίως
1437 2001 1930 2073 συγκαθεζόμενος,

358 2100 452 2153 καὶ
493 2098 704 2169 πλήρης
732 2098 997 2169 ἀχράντου
1027 2097 1184 2167 δόξης
1237 2097 1518 2168 ὑπάρχων.
1561 2096 1623 2149 Οἱ
1660 2094 1771 2166 γάρ
1817 2111 1933 2147 κτι-

358 2190 493 2255 cui,
516 2189 658 2242 κατά
704 2189 862 2259 χάριν
895 2188 1032 2258 μετά
1071 2188 1169 2259 τὴν
1207 2188 1504 2243 ἀνάστασιν
1537 2186 1742 2241 τούτων
1768 2186 1935 2253 ἀξιω-

357 2280 643 2352 θήσονται,
691 2279 1051 2343 ἀπολαύοντες
1091 2279 1196 2334 τῶν
1246 2279 1466 2348 ἀγαθῶν
1506 2280 1604 2351 τῆς
1648 2278 1931 2349 βαιλεῑας,

355 2374 459 2427 οὐκ
479 2373 632 2437 ὄντες
654 2373 709 2427 δὲ
735 2372 993 2445 βασιλεῖς.
1019 2369 1171 2427 Οἶδεν
1195 2373 1304 2446 γὰρ
1336 2375 1369 2445 ἡ
1393 2373 1607 2445 Γραφὴ,
1638 2373 1805 2445 ἄλλην
1832 2374 1933 2444 μὲν

356 2464 506 2536 ἡλίου
554 2463 732 2531 δόξαν,
773 2464 938 2534 ἀλλην
984 2464 1040 2517 δὲ
1090 2464 1319 2536 σελήνης
1369 2465 1462 2518 καὶ
1516 2464 1791 2536 ἀστέρων⁸
1838 2464 1934 2517 καὶ

355 2558 559 2611 τούτων
582 2557 742 2611 πάλιν
762 2556 1016 2628 διάφορον
1038 2555 1215 2621 δόξαν.
1246 2574 1265 2605 ι
1309 2556 1509 2626 Ἀστὴρ
1533 2555 1664 2627 γάρ,
1698 2574 1717 2607 ι
1745 2555 1934 2626 φησὶν,

364 2668 382 2702 ι
416 2651 645 2721 ἀστέρος
667 2650 909 2720 διαφέρει
935 2652 992 2702 ὲν
1017 2647 1197 2722 δόξῃ.)
1222 2648 1334 2702 Καὶ
1359 2650 1387 2701 ὁ
1410 2647 1687 2719 ὀφθαλμὸς
1706 2647 1800 2701 τοῦ
1831 2649 1936 2701 σώ-

361 2762 531 2816 ματος
582 2744 690 2797 τῶν
712 2744 886 2799 ἄλλων
916 2742 1094 2815 μελῶν
1125 2741 1449 2813 τιμιώτερός
1505 2744 1643 2795 ἐστι·
1672 2741 1812 2813 πλὴν
1840 2741 1936 2796 καὶ

359 2836 519 2900 αὐτὸς
564 2836 721 2907 σῶμά
767 2838 943 2890 ἐστιν’
984 2835 1125 2889 ὥστε
1167 2835 1422 2890 τοσοῦτον
1455 2836 1604 2905 ἡμᾶς
1648 2834 1932 2888 ἀνακαινι-

360 2928 584 2991 σθέντας
644 2928 746 2997 τῆς
815 2927 966 2991 θείας
1007 2926 1300 2980 ἀπολαύειν
1332 2926 1664 2997 οἰκειότητος
1688 2964 1704 2988 ,
1742 2924 1864 2978 ὅσον
1895 2926 1929 2995 ἡ

358 3020 456 3088 τῆς
484 3019 757 3092 ἡμετέρας
784 3018 996 3089 φύσεως
1037 3018 1307 3089 ἐνδέχεται
1337 3018 1568 3089 δύναμις
1589 3058 1605 3082 ,
1637 3014 1821 3080 καθὼς
1849 3015 1936 3068 λέ-

359 3128 566 3179 γουσιν.

2041 2011 2193 2063 aiunt
2222 2009 2488 2073 liaeretici,
2524 2009 2700 2080 ipsum
2734 2011 2895 2066 simul
2934 2026 3039 2067 non
3082 2013 3292 2081 sedere,
3324 2029 3423 2069 nec
3453 2015 3614 2068 simul

2042 2101 2274 2167 adorari,
2307 2117 2408 2157 nec
2428 2101 2590 2156 simul
2626 2117 2859 2175 regnare
2888 2119 3011 2157 eum
3057 2105 3167 2159 Deo
3213 2104 3397 2160 Patre.
3445 2105 3615 2161 Nemo

2040 2202 2221 2247 autem
2256 2201 2425 2262 putet,
2463 2202 2711 2247 sanetum
2745 2193 2841 2248 Dei
2883 2194 3147 2266 Spiritum
3175 2210 3299 2251 eum
3333 2195 3444 2254 Deo
3472 2211 3609 2252 con-

2042 2284 2250 2346 sedere,
2292 2293 2348 2338 et
2389 2284 2814 2352 conglorilieari,
2867 2293 2923 2340 et
2965 2301 3295 2357 conregnare
3334 2303 3399 2343 eo
3434 2289 3612 2351 modo,

2042 2389 2150 2443 quo
2185 2390 2307 2439 nos,
2356 2377 2448 2443 qui
2484 2375 2707 2431 increati
2756 2361 2859 2431 no'n
2907 2392 3115 2442 sumus,
3167 2387 3330 2448 atque
3370 2380 3423 2433 in
3464 2387 3615 2434 tanta

2038 2468 2302 2521 bonorum
2354 2482 2580 2537 operum
2623 2468 2869 2524 nuditate
2919 2469 3071 2533 talia,
3119 2486 3182 2525 ac
3220 2482 3328 2525 tam
3359 2472 3614 2527 sublimia

2041 2571 2353 2627 speramus;
2398 2573 2522 2612 nam
2562 2560 2831 2625 considet,
2879 2560 3338 2631 eongloriﬁcatnr,
3388 2573 3445 2617 et
3488 2579 3618 2619 (ξοη-

2041 2659 2230 2717 regnat
2280 2664 2403 2703 cum
2444 2649 2554 2705 Deo
2590 2660 2650 2705 ut
2682 2650 2917 2722 Spiritus
2956 2651 3093 2719 ejus,
3141 2663 3201 2707 ut
3234 2664 3425 2708 natura
3448 2655 3613 2723 Deus,

2040 2750 2100 2794 ut
2132 2739 2267 2805 Rex,
2316 2749 2374 2794 ut
2407 2741 2476 2795 ab
2514 2752 2716 2797 aeterno
2760 2744 3070 2808 considens,
3104 2753 3162 2797 ut
3198 2744 3387 2811 plenus
3433 2746 3614 2803 ineor-

2044 2842 2198 2901 rupta
2256 2843 2418 2901 atque
2471 2833 2820 2890 immaculata
2870 2837 3062 2908 gloria.
3118 2837 3220 2906 Qui
3270 2839 3414 2893 enim
3447 2838 3617 2896 creati

2041 2933 2189 2988 sunt,
2222 2924 2296 2978 illi
2324 2941 2419 2993 per
2449 2927 2681 2996 gratiam
2731 2928 2847 2983 luce
2897 2939 3297 2999 consequentur
3346 2941 3468 3001 post
3518 2947 3608 2986 re-

2042 3018 2437 3072 surrectiouem
2471 3019 2606 3089 (88),
2654 3020 2747 3074 sed
2780 3021 2851 3074 ita
2897 3030 2959 3075 ut
2999 3023 3148 3091 regni
3196 3023 3415 3091 quidem
3455 3023 3615 3080 bonis

2045 3106 2262 3161 fruituri
2316 3109 2445 3174 sint,
2502 3124 2655 3179 reges
2710 3124 2836 3166 vero
2886 3111 3049 3166 futuri
3100 3128 3205 3167 non
3264 3115 3394 3169 sint.
3447 3114 3610 3170 Novit

360 3221 594 3277 namque
642 3205 921 3276 Scriptura
953 3206 1112 3260 aliain
1141 3222 1264 3261 esse
1307 3204 1436 3259 solis
1498 3202 1748 3273 gloriam,
1824 3201 1875 3254 id
1940 3209 2024 3257 est
2062 3200 2391 3267 claritatem,
2443 3204 2603 3258 aliam
2665 3205 2824 3273 lunae,
2878 3217 3040 3276 atque
3081 3208 3399 3265 stellarum:
3447 3221 3504 3267 et
3530 3213 3616 3267 his

360 3313 549 3354 rursus
602 3299 843 3354 eamdem
891 3315 997 3354 non
1055 3313 1175 3352 esse
1225 3297 1451 3367 gloriam
1483 3312 1497 3350 :
1539 3316 1558 3348 ι
1582 3295 1747 3351 Stella
1804 3294 1915 3365 (89)
1954 3293 2119 3357 enim,
2162 3313 2181 3345 ι
2206 3295 2401 3365 inquit,
2438 3315 2457 3347 ι
2494 3313 2524 3350 a
2563 3297 2715 3352 stella
2744 3298 2922 3353 differt
2956 3300 3006 3352 in
3037 3299 3207 3368 gloria
3235 3317 3250 3365 ;
3277 3320 3295 3352 ι
3333 3310 3389 3355 et
3421 3317 3615 3373 corpo-

358 3390 437 3446 ris
480 3390 668 3446 oculus
694 3390 813 3447 aliis
846 3390 1009 3462 259
1049 3390 1309 3444 membris
1349 3390 1579 3444 nobilior
1620 3397 1734 3451 est;
1768 3394 2008 3441 attamen
2035 3400 2231 3456 corpus
2288 3397 2346 3442 et
2410 3389 2523 3457 ipse
2591 3399 2674 3445 est
2737 3390 2871 3460 (90).
2908 3389 3092 3461 Itaque
3159 3407 3255 3446 nos
3290 3391 3615 3461 baptismate

360 3483 606 3539 renovati
665 3484 843 3538 divina
916 3483 1281 3538 familiaritate
1350 3491 1556 3536 tantum
1637 3480 1905 3535 fruimur.
1946 3487 2205 3549 quantum
2238 3492 2443 3537 natura:
2519 3494 2715 3538 nostra:
2779 3486 2920 3540 vires
2981 3485 3504 3556 sinunt:quomodo
3536 3492 3614 3546 ait

360 3576 576 3645 quidam
602 3591 617 3627 :

476 3692 775 3744 Ὁππόσον
801 3691 1046 3760 ήμέριόν
1083 3708 1150 3745 κε
1188 3689 1310 3757 Θεῷ
1348 3689 1519 3759 γένος
1556 3688 1828 3751 (adfata.

358 3845 469 3900 Καὶ
494 3844 696 3914 Πέτρος
720 3844 1012 3909 ἐκθειάζων
1043 3846 1105 3900 τὸ
1141 3846 1442 3917 βάπτισμα,
1507 3847 1583 3910 ὡς
1621 3845 1756 3900 Θεοῦ
1787 3846 1938 3911 ὄντος

355 3936 452 3989 τοῦ
476 3937 872 4002 ἀνακτίζοντος⁸
901 3939 1049 4009 ἡμᾶς
1084 3939 1238 4008 ἀγὶου
1287 3938 1623 4008 Πνεύματος,
1652 3938 1938 3992 καθολικὸν

354 4025 444 4081 διὰ
469 4028 568 4097 τῆς
594 4027 812 4098 πρώτης
846 4027 1161 4099 Ἐπιστολῆς
1186 4029 1491 4101 ὲξεφώνησε
1508 4031 1789 4101 κήρυγμα,
1817 4030 1937 4083 δια·

359 4119 579 4191 γορεῦον
626 4121 810 4173 ταυτὶ’
871 4140 889 4171 ι
912 4121 1446 4192 Ἀναγεγεννημένοι,
1497 4122 1597 4175 οὐκ
1622 4123 1688 4175 ὲκ
1722 4124 1932 4193 σπορᾶς

361 4339 543 4463 13(85)
583 4341 882 4399 Ambulare.
922 4340 1160 4413 Respicit
1214 4341 1441 4399 fortasse
1468 4343 1601 4412 psal.
1650 4359 1738 4412 xc,
1768 4358 1910 4398 vers.

432 4480 542 4549 (illi)
586 4480 744 4554 Ecce1
781 4482 969 4538 Matth.
1003 4496 1100 4546 ιιι,
1144 4481 1251 4554 16η
1278 4482 1448 4536 Biblia
1479 4482 1680 4554 habent
1708 4502 1722 4539 :
1754 4484 1928 4554 ἀνεῴ-

356 4550 564 4622 χθησαν
608 4551 778 4622 αὐτῷ,
814 4554 865 4607 id
896 4563 979 4606 est
1023 4569 1042 4602 ι
1083 4552 1254 4621 aperti
1286 4562 1411 4605 sunt
1448 4553 1518 4608 ei.
1550 4572 1568 4603 ι
1639 4553 1748 4608 Pro
1817 4550 1925 4607 ἴδον

360 4616 561 4742 ἰξςιὺῗιιι
602 4616 740 4687 εἶδε,
779 4625 832 4677 id
864 4633 947 4677 est
998 4639 1018 4673 ι
1056 4616 1206 4677 vidit.
1258 4641 1276 4674 ι
1317 4622 1383 4675 Et
1439 4638 1537 4692 pro
1600 4623 1675 4687 ὡς
1728 4625 1927 4678 habent

360 4707 467 4742 ωσε
495 4731 509 4742 .

355 4707 509 4743 ωσει.

432 4760 544 4827 (87)
585 4758 709 4831 Qui.
743 4761 945 4823 Codex,
976 4761 1094 4815 ἆτε.
1123 4761 1427 4831 Legendum
1458 4760 1689 4818 fortasse
1713 4765 1824 4817 ὅτε.

433 4830 544 4900 (88)
581 4828 704 4884 Post
734 4833 1181 4888 resurrectionem.
1206 4828 1350 4886 —ldeo
1384 4833 1498 4887 hanc
1534 4833 1718 4901 adjicit
1772 4836 1924 4889 theo-

361 4901 515 4968 logus
543 4913 744 4963 noster,
777 4903 916 4968 quod
949 4904 1274 4957 sententiam
1306 4902 1447 4955 illam
1479 4901 1633 4957 Pauli
1667 4906 1922 4970 respiciat

359 4971 610 5038 superius
646 4986 676 5024 a
700 4987 759 5025 se
786 4970 1003 5025 allatam
1034 4990 1048 5024 :
1080 4990 1099 5023 t
1141 4972 1611 5037 conresuscitavit,
1643 4982 1697 5026 et
1725 4987 1922 5027 conse-

359 5042 489 5093 dere
524 5039 655 5111 l'ecit
703 5041 754 5094 in
798 5041 1151 5095 caelestibus:
1190 5062 1207 5094 ι
1256 5058 1363 5111 qua
1414 5056 1525 5094 rem
1564 5041 1798 5095 futuram
1831 5045 1925 5097 de-

360 5110 534 5180 notari
568 5109 714 5173 vult,
749 5111 959 5164 tametsi
991 5109 1551 5180 praateriti—temporis
1580 5112 1760 5165 verbis
1793 5112 1920 5167 etle-

360 5176 531 5241 ratur,
568 5198 587 5230 ι
624 5176 1019 5234 consessionem
1058 5200 1077 5232 ι
1114 5176 1322 5251 nempe,
1351 5176 1471 5250 qua
1501 5182 1680 5235 futura
1708 5182 1777 5235 sit
1803 5193 1923 5251 post

363 5266 383 5299 ι
415 5251 1016 5304 conresuscitationem.
1050 5269 1068 5300 ι
1108 5252 1275 5306 Porro
1315 5261 1627 5305 sanctorum
1679 5252 1916 5315 animas,

356 5319 515 5371 simul
546 5333 608 5371 ae
641 5329 879 5389 purgatae
911 5322 1046 5383 sint,
1078 5331 1172 5374 aut
1193 5361 1210 5385 ,
1238 5322 1282 5376 si
1325 5321 1465 5374 milia
1493 5324 1768 5390 indigeant
1798 5337 1919 5386 pur-

357 5390 594 5460 gatione,
624 5393 803 5460 statim
845 5402 966 5459 post
994 5392 1287 5446 discessum
1326 5407 1358 5445 e
1382 5406 1635 5460 corpore.
1669 5391 1917 5444 ίηιυίιίνιι

359 5459 452 5529 Dei
479 5459 683 5513 visione
711 5459 835 5525 frui,
863 5462 1049 5529 dogma
1081 5461 1401 5515 catholicum
1431 5459 1514 5516 est
1539 5478 1551 5512 :
1582 5461 1722 5528 quod
1756 5462 1917 5529 vulgo

358 5527 810 5599 rejiciuntGraaci
858 5527 1191 5585 beterodoxi.
1224 5530 1329 5585 Pro
1381 5531 1487 5586 illis
1534 5527 1735 5599 pugnat
1781 5527 1918 5583 Mat-

357 5597 530 5651 thaeus
554 5598 802 5663 Quaestor
835 5599 1069 5667 Angelus
1098 5601 1394 5654 Panaretus
1423 5597 1706 5655 catholicae
1735 5600 1916 5654 Eccle-

353 5668 451 5720 si:e
480 5669 713 5721 maxime
751 5668 992 5723 infensus
1014 5710 1029 5734 ,
1059 5671 1310 5724 antithesi
1340 5673 1376 5724 ‘2
1406 5672 1652 5724 adversus
1681 5669 1739 5725 S.
1777 5668 1915 5722 Tho-

351 5736 858 5810 ntam_Aquinatem.
896 5736 1118 5793 Frustra
1147 5754 1275 5793 vero
1313 5756 1409 5808 pro
1443 5756 1539 5794 sua
1569 5742 1820 5810 Opinione
1844 5754 1913 5797 ex

354 5809 461 5879 hoc
506 5806 712 5877 Didymi
759 5808 1286 5879 locoiargumentum
1314 5806 1658 5865 schismatici
1694 5810 1781 5864 isti
1816 5811 1913 5864 ho-

352 5876 529 5931 mines
556 5876 821 5948 peterent.
867 5876 999 5935 Cum
1035 5879 1178 5936 enim
1222 5894 1333 5951 pra:
1362 5880 1536 5937 oculis
1569 5880 1658 5936 hic
1691 5881 1909 5949 habeat,

1964 3691 2009 3749 C
2114 3685 2378 3751 Quantum
2426 3684 2535 3755 (9i)
2591 3685 2809 3739 mortale
2848 3703 3007 3754 genus
3048 3686 3157 3742 Dea
3208 3690 3526 3761 mquiparari

2717 3765 2904 3825 potest.

2038 3846 2106 3902 Et
2155 3847 2346 3903 Petrus
2396 3848 2661 3915 baptisma
2710 3849 2952 3903 divinum
3010 3865 3133 3904 esse
3190 3852 3412 3914 (locem,
3473 3855 3601 3923 quia

2042 3937 2277 4005 Spiritus
2325 3947 2571 4005 sanctus,
2602 3954 2632 3991 a
2666 3954 2772 4007 quo
2806 3956 2994 3994 rursus
3024 3956 3292 4006 creamur,
3334 3943 3471 3997 Deus
3499 3953 3609 4009 est.

2040 4030 2360 4083 Catholicam
2395 4091 2399 4097 ν
2435 4030 2510 4101 (id
2598 4038 2682 4084 est
2760 4030 3140 4103 universalem)
3200 4032 3501 4086 doctrinam
3556 4034 3610 4087 in

2044 4121 2216 4189 prima
2265 4120 2530 4174 catholica
2591 4119 2832 4191 Epistula
2884 4120 3199 4190 praedicavit
3256 4121 3342 4175 his
3383 4122 3609 4177 verbis:

2027 4353 2086 4397 ut
2112 4343 2244 4407 dixi,
2281 4343 2539 4414 Didymus
2566 4362 2585 4394 ι
2623 4343 3057 4399 eonsessionemi
3091 4342 3256 4409 illam,
3285 4352 3366 4398 ett
3394 4345 3609 4411 conglo-

2036 4414 2390 4469 rilicationem
2416 4451 2431 4476 ,
2461 4423 2516 4467 et
2555 4414 3032 4482 conregnationem
3058 4451 3074 4474 ,
3113 4423 3168 4465 et
3210 4417 3606 4482 conresuscita-

2036 4485 2237 4537 tionem
2263 4498 2384 4537 cum
2414 4482 2653 4547 Christo,
2690 4500 2710 4534 ι
2732 4481 2824 4537 ’de
2851 4497 2955 4550 qua
2990 4483 3187 4551 sapius
3215 4481 3415 4537 Paulus
3438 4521 3455 4546 ,
3488 4485 3608 4538 ideo

2035 4555 2102 4607 de
2134 4555 2199 4606 iis
2228 4553 2381 4606 bonis
2420 4551 2676 4620 loquitur,
2720 4568 2840 4620 qua:
2886 4552 3046 4606 simul
3091 4553 3270 4605 omnia
3302 4555 3473 4608 sancti
3508 4569 3605 4608 ex-

2034 4631 2206 4691 tremo
2251 4623 2438 4688 judieii
2507 4621 2593 4674 die
2641 4623 2906 4691 duntaxat
2957 4621 3111 4691 plene
3144 4633 3604 4691 “consequentur.

2030 4690 2167 4757 Quid
2198 4702 2281 4746 est
2313 4692 2454 4745 enim
2502 4689 2920 4761 συνδοξάζεσθαι
2952 4688 3197 4761 Χριστῷ,
3245 4704 3338 4744 seu
3364 4688 3403 4743 -ι
3439 4693 3608 4761 glori-

2030 4763 2180 4816 ficari
2228 4776 2334 4815 una
2382 4777 2502 4815 eum
2554 4760 2806 4824 Christo,
2846 4780 2865 4812 ι
2924 4760 3026 4815 nisi
3084 4760 3376 4829 glorilieari
3432 4760 3606 4817 instar

2027 4832 2275 4885 Christi?
2322 4831 2472 4897 cujus
2504 4845 2701 4898 corpus
2747 4840 2868 4897 post
2907 4831 3360 4885 resurrectionem
3401 4832 3607 4899 glorifi-

2029 4912 2209 4954 catum
2250 4909 2367 4964 est,
2410 4915 2503 4955 seu
2532 4901 2825 4969 gloriosum
2851 4940 2866 4964 ,
2910 4915 2975 4954 ac
3022 4900 3372 4969 reSplendeus
3400 4903 3602 4957 factum

2029 4971 2151 5025 fuit.
2186 4970 2500 5038 llujusmodi
2535 4984 2663 5023 vero
2692 4988 2711 5020 ‹
2743 4969 3186 5039 glorilicationem
3219 4989 3238 5021 ι
3285 4981 3598 5027 sanctorum

2026 5056 2130 5093 non
2159 5042 2317 5094 modo
2348 5040 2631 5094 animabus
2654 5079 2669 5099 .
2710 5041 2803 5093 sed
2850 5041 3173 5106 corporibus
3204 5054 3419 5109 quoque
3449 5058 3604 5098 com-

2027 5112 2406 5164 municandam
2478 5110 2532 5161 in
2593 5109 2997 5164 resurrectione
3053 5109 3326 5178 respicere
3382 5113 3600 5167 videtur

2023 5180 2204 5250 verbis
2226 5180 2351 5245 illis,
2375 5194 2496 5248 qua:
2526 5192 2651 5250 mox
2674 5179 2906 5250 subdit;
2937 5198 2957 5230 ι
2988 5178 3054 5234 Et
3071 5179 3316 5250 corporis
3335 5184 3544 5238 oculus.
3574 5202 3596 5234 ι

2020 5260 2129 5304 etc.
2163 5247 2296 5303 Vide
2332 5247 2502 5317 segm.
2529 5247 2636 5302 206
2664 5249 2714 5313 b,
2751 5260 2808 5303 et
2831 5247 2902 5304 40
2938 5251 2989 5305 ὁ.

2095 5319 2227 5387 (89).
2270 5318 2457 5374 Stella.
2499 5319 2517 5373 Ι
2573 5319 2702 5374 Cor.
2743 5334 2833 5385 xv,
2873 5320 2963 5373 Μ.

2092 5388 2204 5460 (90)
2237 5388 2438 5458 Corpus
2460 5398 2510 5443 et
2537 5391 2645 5458 ipse
2668 5398 2765 5445 est.
2801 5389 2911 5444 Hoc
2940 5389 3173 5444 fortasse
3206 5390 3322 5446 vult
3358 5408 3373 5446 :
3415 5391 3599 5445 Sancti

2020 5457 2194 5514 Deum
2220 5457 2497 5531 corporeis
2523 5457 2696 5531 oeulis
2733 5475 2799 5514 ne
2847 5469 2973 5514 tunc
3001 5461 3217 5527 quidem
3245 5462 3429 5515 videre
3480 5460 3617 5531 pot-'

2018 5539 2195 5591 erunt,
2219 5545 2341 5582 cum
2376 5549 2394 5579 ι
2425 5530 2658 5597 gloriosa
2693 5547 2711 5581 ι
2737 5539 2898 5583 erunt
2920 5545 3107 5584 eorum
3129 5544 3378 5597 corpora.

2089 5598 2200 5669 (91)
2233 5598 2522 5664 Quantum.
2585 5600 2867 5653 Librarius
2896 5600 3036 5653 hunc
3071 5613 3284 5669 versum
3318 5600 3368 5669 in
3397 5598 3603 5669 codicis

2017 5666 2259 5748 margine
2288 5672 2367 5724 sit:
2390 5671 2623 5748 explicat
2648 5669 3053 5748 ιηΣημεξῳσαι,⁵
3069 5668 3269 5748 ῥπόσον
3297 5668 3355 5721 τὺ
3388 5666 3606 5748 ἀνθρω-

2017 5756 2170 5792 πινον
2197 5738 2351 5808 γένος
2398 5737 2607 5810 τῆν-τοῦ
2659 5737 2794 5791 Θεοῦ
2827 5737 2998 5810 φύσει
3024 5738 3243 5791 δύναται
3306 5738 3605 5810 προσεγγίςτ

2017 5824 2129 5872 σαι,
2168 5807 2218 5863 id
2263 5820 2349 5865 est
2404 5807 2623 5871 (Nota,
2677 5821 2937 5877 quantum
2989 5809 3283 5864 humanum
3316 5819 3510 5876 genus
3532 5807 3602 5863 ad

2015 5879 2107 5935 Dei
2139 5889 2387 5936 naturam
2421 5890 2596 5950 potest
2634 5880 2915 5935 accedere.
2939 5896 2958 5928 ι
