4054 6390
452 374 557 427 687

1687 366 1924 423 DIDYMI
1959 370 2432 427 ALEXANDRINI

3590 379 3695 436 688

457 502 478 534 ε
501 480 821 550 Rogetterati
860 479 971 552 (92)
1021 494 1127 533 non
1161 493 1224 535 cx
1256 478 1464 535 semine
1507 481 1867 550 corruptibili,
1910 482 2004 537 sed

2122 482 2385 555 φθαρτῆς,
2408 484 2522 537 ἀλλ’
2552 484 2848 557 ἀφθάρτου,
2903 486 2993 541 διὰ
3022 487 3177 555 λόγου
3207 487 3405 552 ζῶντος
3431 490 3569 544 Θεοῦ
3604 494 3697 546 καὶ

449 575 866 642 incorrttptibili,
916 590 1010 643 per
1045 574 1263 627 verbum
1300 572 1392 628 Dei
1437 574 1561 639 vivi,
1607 584 1660 629 et
1699 589 2017 642 permanen-

448 670 541 723 tis.
572 686 592 719 ι
630 667 943 722 Verebatur
978 666 1121 719 enim
1154 680 1299 729 eum,
1330 665 1420 733 qui
1456 666 1710 734 praecepit
1752 667 1805 720 in
1837 667 2018 721 Eva...

447 759 589 829 gelio
614 758 909 812 secundum
936 756 1175 810 Marcum
1200 772 1216 808 τ
1254 774 1273 806 ι
1303 755 1500 810 Euntes
1530 756 1641 826 (95)
1675 757 1728 810 in
1755 757 2015 811 mundum

448 852 786 911 universum,
834 849 1121 918 praedicate
1157 847 1505 916 Evangelium
1542 847 1687 901 omni
1732 855 2016 902 creaturae.

449 940 552 1008 Qui
621 939 935 1003 crediderit,
984 948 1038 991 et
1083 938 1391 1006 baptizatus
1429 938 1608 1005 fuerit,
1642 938 1823 993 salvus
1868 942 2014 994 erit:

446 1032 538 1100 qui
596 1045 728 1084 vero
778 1045 886 1084 non
933 1030 1247 1095 crediderit,
1305 1030 1781 1085 condetnnabitur.
1815 1049 1834 1082 ι
1877 1030 2017 1098 Quid

447 1134 531 1178 est
576 1133 755 1178 autem
804 1137 865 1177 ea
920 1123 1273 1190 praedicatio?
1344 1122 1595 1177 «Euntes
1660 1123 1847 1179 docete
1901 1124 2016 1196 (91.)

447 1230 634 1269 omnes
666 1224 874 1284 gentes,
917 1215 1250 1281 baptizuntes
1284 1228 1377 1268 eos
1407 1215 1459 1267 in
1487 1214 1704 1268 nomine
1730 1214 1927 1277 Patris,
1963 1225 2018 1270 ct

449 1305 597 1372 Filii,
628 1316 683 1359 et
719 1303 956 1374 Spiritus
997 1306 1191 1358 Sancti.
1226 1323 1246 1356 ι
1291 1304 1442 1370 Quod
1487 1314 1542 1359 et
1591 1304 1788 1359 Paulus
1826 1305 2016 1360 obser-

446 1411 578 1450 vans
633 1396 847 1467 scripsit
880 1414 894 1451 :
926 1414 946 1446 ι
978 1395 1163 1450 Gratia
1199 1394 1313 1464 (95)
1375 1394 1587 1450 Domini
1657 1397 1826 1449 nostri
1888 1395 2013 1451 Jesu

445 1486 671 1551 Christi,
703 1498 758 1540 et
791 1486 1030 1541 cltaritas
1085 1487 1173 1540 Dei
1200 1497 1252 1541 et
1283 1486 1478 1549 Patris,
1512 1495 1568 1540 et
1594 1486 2015 1541 communicatio

446 1579 685 1648 Spiritus
725 1579 923 1640 sancti,
956 1593 1077 1631 cum
1105 1578 1359 1631 omnibus
1391 1578 1568 1632 vobis.
1601 1597 1619 1630 ι
1657 1578 1827 1644 Quam
1852 1578 2014 1647 spiri-

444 1670 603 1725 talem
654 1671 1197 1725 communicationem
1254 1668 1538 1724 catholicm
1564 1670 1729 1725 etiam
1762 1669 2014 1738 Epistolte

442 1763 522 1818 sic
576 1772 732 1817 antea
781 1762 892 1834 (96)
943 1763 1356 1817 nominaverant
1398 1778 1415 1816 :
1455 1780 1473 1812 ι
1500 1762 1568 1818 Ut
1626 1762 1744 1817 sitis
1789 1760 1900 1833 (97)
1932 1763 2014 1815 di-

2124 572 2394 642 μένοντος.
2428 590 2446 623 ι
2492 573 2776 627 Ἐδεδοίκει
2809 574 2917 646 γὰρ
2943 574 3072 646 [H9
3095 576 3148 650 ὁ]
3172 577 3261 631 τὸν
3290 580 3699 645 ⁷παρακελευσά-

2123 680 2281 732 μενον
2308 665 2366 716 ὲν
2392 663 2471 734 τῷ
2505 664 2644 718 κατά
2668 666 2891 737 Μάρκον
2915 668 3228 738 Εὑαγγελίῳ
3250 684 3265 698 ’
3294 687 3313 719 ι
3337 670 3697 741 Πορευθέντες

2119 756 2196 819 εἰς
2217 754 2306 808 τὸν
2338 756 2538 826 κόσμον
2564 757 2758 820 πάντα,
2796 759 3067 829 κηρύξατε
3095 759 3155 812 τὸ
3193 761 3518 830 Εὐαγγέλιον
3548 762 3698 834 πάσῃ

2117 850 2182 918 τῇ
2205 848 2398 903 κτίσει.
2447 849 2504 900 ’0
2528 849 2819 913 πιστεύσας
2847 852 2940 903 καὶ
2984 851 3296 921 βαπτισθεὶς
3361 853 3694 924 σωθήσεταιο

2117 941 2145 993 ὁ
2172 938 2229 992 δὲ
2274 940 2582 1010 ἀπιστήσας
2615 942 3097 1013 κατακριθήσεται.
3127 963 3145 995 ι
3177 945 3243 997 Τί
3271 946 3327 998 δὲ
3352 945 3411 999 τὸ
3437 946 3699 1017 κήρυγμά

2118 1030 2296 1094 ὲστινς
2337 1030 2739 1101 ιΠορευθέντες
2791 1032 3171 1104 μαθητεύσατε
3222 1037 3397 1089 πάντα
3449 1035 3517 1088 τά
3545 1036 3694 1107 ἔθνη,

2119 1119 2465 1190 βαπτίζοντες
2489 1120 2683 1183 αὐτοὺς
2710 1123 2789 1185 είς
2818 1122 2877 1175 τὸ
2908 1123 3078 1193 ὄνομα
3101 1124 3195 1176 τοῦ
3217 1124 3448 1195 Πατρὸς,
3482 1125 3576 1176 καὶ
3601 1125 3695 1178 τοῦ

2118 1209 2266 1274 Υίοῦ,
2294 1210 2387 1263 καὶ
2414 1210 2507 1263 τοῦ
2534 1212 2689 1279 ἁγίου
2722 1212 3059 1282 Πνεύματος.
3087 1232 3106 1264 ι
3140 1214 3319 1285 Ὅπερ
3359 1214 3453 1267 καὶ
3486 1213 3697 1276 Παῦλος

2117 1302 2398 1371 φυλάττων
2425 1302 2691 1373 ἔγραψενο
2734 1322 2753 1355 ι
2775 1304 2839 1357 Ἦ
2863 1305 3022 1375 χάρις
3042 1304 3136 1358 τοῦ
3165 1304 3370 1376 Κυρίου
3400 1304 3556 1375 ἡμῶν
3589 1305 3695 1374 Ἰη-

2116 1396 2210 1449 σοῦ
2238 1395 2493 1469 Χριστοῦ,
2525 1397 2619 1450 καὶ
2654 1398 2687 1468 ἡ
2714 1397 2900 1467 ἀγάπη
2932 1395 3024 1449 τοῦ
3049 1395 3182 1449 Θεοῦ
3215 1396 3309 1450 καὶ
3339 1396 3567 1467 Πατρὸς,
3597 1398 3692 1450 καὶ

2113 1490 2147 1556 ή
2201 1488 2452 1542 κοινωνία
2512 1486 2605 1541 τοῦ
2677 1487 2834 1555 ἁγίου
2890 1488 3224 1558 Πνεύματος,
3281 1486 3419 1557 μετά
3474 1487 3694 1541 πάντων

2115 1577 2289 1648 ὑμῶν.
2329 1596 2348 1629 ι
2407 1579 2636 1631 ’Ήντινα
2690 1580 3064 1648 πνευματικὴν
3119 1577 3404 1630 κοινωνίαν
3473 1576 3566 1630 καὶ
3621 1578 3690 1630 τὰ

2113 1668 2391 1724 Καθολικά
2422 1669 2918 1740 προκατωνόμασεν
2942 1669 3271 1740 χαράγματα
3299 1666 3471 1732 οὕτως
3488 1685 3501 1698 ·
3533 1687 3551 1718 ι
3578 1669 3691 1722 Ἵνα

2112 1760 2340 1831 γένησθε
2373 1760 2521 1823 θείας
2572 1762 2815 1813 κοινωνοὶ
2862 1759 3095 1829 φύσεως.
3128 1780 3146 1812 ι
3184 1762 3339 1824 Τίνες
3368 1760 3426 1813 δὲ
3475 1762 3524 1812 οἱ
3558 1761 3686 1814 ἀπιο

441 1854 579 1909 γίηαξ
602 1855 1062 1909 communicantes
1087 1852 1205 1925 (seu
1237 1852 1549 1924 participes)
1576 1864 1802 1910 natum.
1836 1873 1855 1906 ι
1890 1853 2004 1921 Qui-

2114 1850 2387 1914 στοῦντες,
2421 1850 2516 1904 καὶ
2541 1850 2628 1903 διὰ
2653 1850 2811 1904 τοῦτο
2863 1852 3312 1922 κατακρινόμενοι
3337 1867 3351 1916 ;
3397 1853 3458 1905 Οἱ
3486 1851 3690 1921 ταύτην

441 1958 566 1998 nam
606 1960 735 1999 vero
775 1955 902 1998 sunt
940 1958 1047 1999 non
1094 1944 1403 2007 eredentes,
1432 1952 1487 1998 et
1525 1945 1666 1999 hanc
1692 1946 1761 1998 ob
1787 1958 2007 1998 causam

441 2035 824 2090 condemnati?
856 2035 956 2101 Qui
992 2036 1129 2091 hanc
1168 2051 1272 2089 non
1319 2045 1539 2091 servant
1581 2036 1803 2090 honoris
1829 2049 2010 2103 aequa-

440 2125 647 2180 litatem
675 2127 905 2181 debitam
935 2137 1135 2180 sancta:
1164 2125 1440 2180 Trinitati.
1469 2125 1679 2193 Quibus
1701 2141 1889 2180 rursus
1914 2139 2010 2194 per

443 2216 669 2274 Paulum
713 2219 1083 2274 denuntiatum
1136 2226 1220 2274 est
1265 2218 1320 2272 in
1368 2218 1608 2287 Epistola
1648 2217 1717 2272 ad
1749 2216 2003 2273 Galatas:

451 2309 637 2365 «Sunt
665 2312 830 2381 aliqui
859 2309 1002 2383 (98),
1059 2312 1149 2381 qtti
1197 2325 1295 2366 vos
1350 2312 1707 2378 conturbant,
1767 2309 2007 2366 volentes

443 2409 659 2457 vertere
690 2401 1038 2470 Evangelium
1068 2401 1292 2457 Christi.
1345 2400 1450 2456 Sed
1498 2402 1599 2455 etsi
1645 2400 1867 2471 angelus
1908 2414 2003 2454 vos

444 2494 513 2548 de
546 2492 687 2546 coelo
716 2493 874 2547 aliter
912 2492 1331 2562 evangelizaret,
1365 2502 1560 2562 praeter
1594 2492 1644 2546 id
1680 2492 1822 2560 quod
1850 2504 2009 2545 evan-

441 2584 656 2654 gelizati
713 2585 863 2649 estis,
914 2584 1200 2639 anathema
1252 2585 1344 2638 sit.
1394 2585 1460 2638 Et
1507 2584 1703 2638 iterum
1753 2581 2004 2639 dico:Si

440 2676 566 2745 quis
594 2690 690 2730 vos
719 2675 1177 2746 evangelizaverit
1204 2687 1399 2744 praeter
1424 2676 1473 2728 id
1504 2677 1647 2745 quod
1696 2676 2003 2744 accepistis,

441 2769 726 2821 anathema
761 2766 854 2821 sit.
890 2785 909 2819 ι
968 2765 1333 2822 Traditionetn
1367 2781 1494 2822 vero
1531 2766 1833 2837 transgredi
1870 2767 1997 2821 dum

438 2857 603 2929 230
630 2867 795 2923 vetat,
829 2859 1157 2913 antedictum
1195 2858 1267 2913 ibi
1304 2859 1553 2928 intelligit
1588 2858 1827 2913 divinum
1855 2874 2007 2913 man-

442 2951 650 3013 datum,
706 2964 811 3004 non
866 2951 1214 3004 traditionem
1257 2948 1606 3014 Arianorum,
1631 2957 1685 3004 et
1714 2950 2005 3003 Eunomia-

437 3053 651 3106 norum,
684 3046 738 3094 et
770 3038 1302 3104 Macedonianorntn,
1333 3040 1423 3109 qui
1464 3041 1563 3094 has
1606 3040 2003 3095 denominatio-

446 3145 545 3185 nes
573 3129 638 3188 ab
669 3130 776 3185 illis
803 3131 978 3186 sortiti
1008 3140 1156 3198 sunt,
1204 3146 1431 3199 quorum
1484 3131 1792 3200 opinionem
1821 3131 1893 3183 ita
1921 3145 2007 3185 se-

2113 1943 2189 2013 μὴ
2215 1942 2590 2011 ,φυλάττοντες
2628 1941 2726 2013 τὴν
2776 1941 3042 2012 ἰσοτιμίαν
3081 1942 3180 2012 τῆς
3229 1942 3391 2008 ἁγίας
3425 1941 3685 2012 Τριάδος’

2108 2032 2303 2089 οἷστισι
2381 2034 2476 2088 καὶ
2532 2029 2687 2097 αὖθις
2733 2032 2821 2086 διὰ
2876 2033 3089 2086 Παύλου
3124 2033 3491 2106 παρήγγειλεν
3538 2036 3686 2104 ἐντῇ

2108 2127 2244 2199 πρὸς
2274 2126 2514 2190 Γαλάτας
2561 2126 2815 2197 ἐπιστολῇ
2837 2144 2853 2160 ο
2886 2145 2904 2177 ι
2949 2126 3068 2179 Εἰσί
3123 2143 3287 2189 τινες,
3323 2127 3516 2189 οἵτινες
3546 2126 3693 2196 ὑμᾶς

2109 2217 2398 2289 θορυϐοῦσι
2429 2258 2444 2281 ,
2510 2216 2752 2280 θέλοντες
2813 2217 3040 2287 στρέψαι
3101 2217 3161 2270 τὸ
3208 2217 3534 2285 Εὑαγγέλιον
3556 2218 3691 2288 Χρι-

2109 2308 2233 2362 στοῦ
2256 2326 2269 2338 ·
2297 2309 2411 2362 ἀλλ’
2438 2310 2486 2362 εί
2536 2308 2630 2362 καὶ
2671 2307 2899 2376 ἄγγελος
2953 2309 3095 2377 ὑμᾶς
3143 2309 3236 2361 ἀπ’
3264 2307 3491 2379 οὐρανοῦ
3516 2308 3691 2371 ἄλλως

2108 2400 2545 2470 εὐαγγελίσηται,
2574 2401 2701 2471 παρ’
2723 2401 2751 2454 ὃ
2777 2398 3221 2470 εὐαγγελίσθητε,
3246 2400 3491 2470 ἀνάθεμα
3523 2399 3685 2452 ἔστω.

2108 2489 2214 2541 Καὶ
2247 2486 2406 2541 πάλιν
2468 2487 2645 2556 λέγω·
2688 2488 2754 2542 Et
2784 2507 2867 2552 τις
2903 2490 3045 2557 ὑμᾶς
3074 2489 3513 2560 εὐαγγελίσηται,
3551 2491 3682 2560 παρ’

2105 2580 2134 2633 ὃ
2159 2580 2517 2652 παρελάϐετε,
2544 2580 2791 2650 ἀνάθεμα
2820 2581 2977 2632 ἔστω.
3004 2599 3023 2631 ι
3060 2579 3363 2649 Παράδοσιν
3391 2579 3447 2631 δὲ
3478 2579 3552 2649 μὴ
3575 2594 3686 2633 πα-

2108 2671 2476 2742 ραδαίνεσθαι,
2532 2673 2629 2744 τὴν
2669 2670 3057 2745 προλεχθεῖσαν
3105 2669 3267 2724 αὐτοῦ
3317 2665 3437 2722 εἷπε
3497 2668 3674 2740 θεῖκὴι

2106 2763 2344 2834 ἐντολὴν,
2367 2764 2426 2817 οὺ
2449 2763 2547 2834 τὴν
2586 2764 2899 2834 Ἀρειανῶν,
2929 2764 3025 2817 καὶ
3046 2761 3410 2832 Εὐνομιανῶν,
3442 2760 3533 2814 καὶ
3564 2763 3686 2815 Μα-

2106 2854 2448 2920 κεδονιανῶν,
2480 2855 2590 2909 τῶν
2623 2855 2719 2927 τὴν
2759 2855 3129 2927 προσηγορίαν
3167 2853 3367 2924 ταύτην
3396 2853 3678 2924 κληρωσα-

2108 2945 2282 3016 μένων
2309 2947 2402 2999 ἀπ⁹
2446 2947 2689 3010 ἐκείνων,
2750 2940 2826 2999 ὧν
2855 2949 2922 3017 τῇ
2952 2946 3169 3019 δοκέησει
3228 2944 3677 3016 ὲξηκολούθησαν,

2104 3038 2199 3091 καὶ⁵
2228 3037 2334 3091 τῶν
2363 3037 2521 3091 θείων
2553 3038 2922 3109 κηρυγμάτων
2962 3038 3488 3109 καταφρονήσαντες,
3518 3036 3684 3106 νόμον

2106 3128 2205 3198 τὴν
2255 3129 2476 3183 ἐκείνων
2503 3129 2815 3201 ἀδολεσχίαν
2864 3130 3204 3199 ἐποιήσαντο,
3231 3128 3351 3183 οὐδὲ
3372 3128 3478 3182 τῶν
3505 3126 3678 3183 ἄλλων

441 3230 722 3289 quuntur,
769 3231 831 3276 ut
880 3222 1089 3277 divinas
1129 3194 1539 3290 praedicationes
1574 3231 2000 3287 contemnentes,

2109 3216 2412 3282 ἀκούοντες.

439 3312 655 3367 illorum
687 3313 1080 3382 garrulitatem,
1105 3330 1169 3368 ac
1195 3330 1363 3386 nugas
1386 3313 1519 3386 legis
1543 3313 1716 3368 instar
1745 3313 2002 3383 habeant,

440 3402 577 3457 alios
602 3418 732 3458 vero
756 3418 822 3458 ne
842 3405 1063 3458 audiant
1089 3404 1326 3473 quidem.

507 3492 772 3564 Quidquid
837 3493 947 3565 (99)
1005 3495 1312 3549 immortalis
1391 3494 1486 3548 Dei
1549 3495 1768 3576 consilia
1832 3495 2002 3576 mani-

851 3564 855 3565 “
928 3564 933 3565 “
1689 3564 1929 3637 Uectam,

503 3631 571 3685 Id
606 3642 682 3692 tu.
716 3633 807 3703 qui
836 3631 1073 3687 mortalis
1112 3649 1185 3695 es,
1212 3632 1515 3701 ﬁrmissime
1549 3643 1680 3688 tene.

439 3700 622 3770 Neque
650 3700 817 3758 mente
847 3720 877 3755 a
907 3705 1101 3757 dolosis
1134 3700 1429 3757 horninibus
1453 3705 1693 3771 deceptus

507 3771 847 3826 Cohibitionis
887 3774 1111 3827 nescium
1146 3773 1454 3826 inmortalis
1505 3776 1733 3913 nulminis
1768 3773 1903 3896 itl'lam
1945 3775 2001 3829 in

1589 3860 1635 3896 te
1662 3854 1795 3897 atlru
1836 3862 1916 3898 us.

1009 3934 1236 3992 CAPUT
1288 3934 1424 3993 Xlll.

433 4027 512 4084 De
555 4029 622 4082 iis
655 4028 768 4095 qui,
810 4037 867 4081 ut
910 4027 1166 4094 Spiritum
1211 4028 1523 4094 deprimant,
1571 4026 1801 4095 afferunt
1842 4027 2000 4081 illud:

372 4112 373 4115 ‘
576 4097 686 4153 Nisi
719 4101 842 4170 quis
874 4110 1031 4152 natus
1055 4096 1216 4151 fuerit
1241 4112 1304 4151 ex
1336 4112 1473 4166 aqua
1508 4107 1562 4152 et
1592 4100 1816 4166 Sptritu.

502 4253 568 4308 Hi
609 4262 788 4309 autem
823 4267 969 4308 mera
1007 4250 1266 4306 vocabula
1318 4260 1646 4321 aucupantes
1679 4252 1777 4323 (I),
1813 4268 1877 4308 ac
1911 4268 1995 4317 ea,

432 4361 553 4413 quae
582 4346 648 4400 de
684 4344 883 4414 Spiritu
912 4352 1105 4398 sancto
1131 4343 1270 4397 dicta
1304 4352 1452 4408 sunt,
1487 4342 1540 4396 in
1570 4358 1721 4397 suam
1760 4344 1996 4413 ipsorum

432 4436 730 4507 perniciem
775 4436 1103 4499 minuentes,
1139 4433 1391 4503 inquiunt
1422 4451 1436 4487 :
1465 4432 1616 4503 Aqua
1646 4447 1775 4504 ergo
1804 4434 1994 4504 mquali

2107 3472 2298 3527 Ὄσσα
2330 3490 2438 3527 κεν
2480 3474 2796 3529 ἀθανάτοιο
2847 3473 2995 3531 Θεοῦ
3042 3477 3432 3549 ,βουλεύματα
3458 3480 3680 3550 φαίνει,

2180 3608 2367 3663 Ταῦτα
2399 3610 2502 3674 σὺ,
2524 3611 2741 3681 θνητὸς
2767 3610 2900 3679 ἐὼν,
2930 3614 3071 3684 laxe
3084 3615 3227 3684 μάλ’
3253 3614 3378 3687 [120
3399 3614 3459 3688 ⁸η]
3484 3617 3676 3685 ἀσφα-

2100 3748 2270 3822 Μηδὲ
2294 3749 2438 3802 νόον
2456 3748 2751 3822 (Solimo-tr
2782 3752 2881 3822 ὐπῘ
2920 3752 3278 3820 ἀνθρώποισι
3303 3685 3604 3822 deligi}:

2176 3819 2461 3888 Ἀσχετον
2487 3819 2786 3874 ἀθανάτου
2801 3820 2990 3889 μῆνιν
3019 3819 3404 3880 limandum.

2746 3928 2900 3983 ΚΕΦ.
2943 3932 3040 3985 Il".

2100 4022 2237 4088 Περὶ
2271 4019 2388 4074 τῶν
2412 4024 2562 4093 πρὸς
2613 4025 2922 4080 εὐτέλειαν
2946 4023 3052 4076 τοῦ
3098 4024 3442 4094 Πιξεὺματος
3469 4025 3676 4094 ἐπιφε-

2162 4094 2395 4167 ρόντων
2435 4096 2521 4160 τὸ,
2583 4096 2706 4149 Ἐὰν
2757 4096 2830 4167 μή
2860 4110 2943 4156 τις
2992 4093 3224 4166 γεννηθῇ
3261 4095 3321 4160 ἐξ
3351 4093 3539 4159 ὓδατος
3571 4093 3678 4149 καὶ

2172 4160 2309 4213 Πνεύ
2318 4180 2504 4231 ματος.

2168 4245 2326 4307 Οὗτοι
2390 4254 2446 4308 δὲ
2508 4255 2934 4328 λεξιθηροῦντες,
2995 4257 3089 4310 κα)⁸
3116 4256 3183 4310 τὰ
3213 4257 3338 4329 περὶ
3370 4257 3462 4311 τοῦ
3513 4256 3676 4327 ἁγίου

2099 4345 2414 4416 Πνεύματος
2446 4349 2565 4402 καθ’
2595 4350 2802 4403 ἑαυτῶν
2838 4350 3241 4422 σμικρύνοντες,
3302 4351 3496 4419 φασίν·
3530 4350 3671 4403 Οὐκ-

2098 4437 2191 4491 οῦν
2226 4439 2543 4512 ἰσοδύναμον
2575 4444 2664 4496 καὶ
2691 4442 3139 4514 συνδοξαζόμενον
3170 4441 3232 4495 τὸ
3257 4441 3398 4514 ὕδωρ
3424 4441 3502 4513 τῷ
3532 4441 3676 4512 άγέῳ

504 4571 613 4652 (92)
642 4571 963 4652 Regenefnti.
1023 4570 1042 4625 1
1080 4569 1228 4627 Petr.
1263 4586 1317 4652 1,
1345 4569 1436 4624 23.
1474 4568 1744 4652 Qllalltic
1776 4569 1993 4652 ξιιίηκξι
2025 4577 2068 4631 D
2166 4574 2278 4644 (96)
2302 4576 2489 4652 Antea.
2541 4578 2621 4652 _An
2657 4579 2943 4649 Epistolam
2995 4578 3141 4652 Petri
3192 4580 3507 4652 secundam;
3536 4580 3671 4652 scri-

434 4640 805 4712 Didymﬁus._ea
841 4642 1007 4696 fusius
1051 4642 1391 4712 persequitn_r
1417 4640 1764 4712 enarratione
1788 4640 1840 4712 in
1882 4642 1991 4712 pri—

432 4709 572 4765 mum
602 4711 747 4765 Petri
779 4713 845 4764 ad
878 4714 1016 4765 hunc
1053 4709 1245 4780 locum.
1290 4728 1309 4760 t
1345 4709 1436 4762 Est
1463 4709 1606 4763 enim
1638 4709 1858 4780 (inquit)
1893 4710 1997 4775 pri-

430 4797 521 4835 ma
579 4782 832 4835 nativitas
881 4784 1171 4835 secundum
1221 4779 1391 4833 Adam
1447 4781 1728 4844 mortalts,
1779 4789 1833 4833 et
1878 4781 1997 4833 ideo

434 4850 800 4915 corruptibilis
821 4889 837 4911 ,
871 4850 1138 4917 posterior
1170 4859 1348 4902 autem
1372 4847 1699 4917 exWSpiritu,
1732 4859 1785 4901 et
1819 4848 1993 4903 Verbo

434 4933 646 4987 semper
671 4916 884 4973 vivente
910 4919 1019 4971 Dei.
1052 4919 1115 4971 Et
1151 4919 1250 4971 hoc
1282 4932 1411 4986 ergo
1434 4916 1690 4984 Verbum,
1723 4919 1865 4985 quod
1898 4934 1996 4987 pro

433 4990 641 5042 semine
694 4990 928 5058 ponitur,
984 4990 1290 5055 incorrupta
1342 4991 1697 5051 demonstrat,
1750 4990 1875 5054 quia
1926 5004 1995 5043 ex

432 5060 656 5121 virtute,
696 5056 758 5111 'et
790 5056 988 5125 Spiritu
1036 5058 1084 5110 ei
1136 5066 1465 5125 congruente
1526 5058 1995 5112 diciturincorru-

433 5137 626 5195 ptttm:
664 5145 683 5179 ι
708 5127 933 5196 Omnis»
962 5127 1129 5192 enim,
1165 5128 1294 5196 «qui
1328 5127 1570 5196 nascitur
1617 5141 1683 5181 ex
1716 5127 1845 5189 Deo,
1873 5143 1997 5196 pce-

432 5206 611 5251 c:ttum
643 5212 747 5250 non
801 5194 947 5258 facit,
986 5194 1237 5263 quoniam
1287 5210 1469 5250 sen'ten
1526 5195 1641 5263 eius
1674 5198 1726 5250 in
1787 5194 1997 5251 conta.

433 5276 527 5320 net
652 5284 671 5318 ι
709 5266 893 5321 Vivum
928 5279 1055 5318 vero
1083 5276 1137 5319 et
1164 5280 1483 5334 permanens
1510 5264 1741 5322 Verbum
1766 5268 1996 5324 dicimus

430 5338 740 5393 secundum
768 5335 1128 5404 evangelicum
1155 5335 1509 5404 disciplinam.
1535 5354 1557 5386 ι

430 5351 740 5393 secundum
768 5351 1128 5457 evangencam
1155 5351 1499 5404 aISCIpllnam.

396 5464 405 5471 ,
503 5404 853 5477 (tim-Euam.
889 5404 1055 5477 hare.
1088 5420 1201 5477 χχι,
1236 5405 1305 5458 15
1328 5415 1380 5458 et
1413 5405 1499 5461 16.

529 5473 618 5547 94)
645 5475 841 5529 Euntes
870 5473 1065 5547 docete.
1089 5474 1303 5547 _Matth.
1332 5489 1525 5537 xxvm,
1556 5476 1723 5547 ι9.ιη
1747 5475 1886 5531 libro
1921 5475 1997 5531 De

367 5572 372 5576 -
442 5542 526 5618 Sp:
552 5542 756 5618 saneto,
787 5560 934 5597 nunt.
960 5542 1052 5618 ἓξ,
1089 5544 1349 5618 impressa
1369 5546 1717 5618 exemplaria,
1748 5555 1803 5618 et
1828 5548 1992 5618 codex

388 5632 393 5636 '
432 5612 622 5670 noster
658 5616 857 5670 habent
887 5631 900 5666 :
944 5632 963 5664 ι
991 5615 1186 5668 Euntes
1227 5614 1318 5677 ite,
1351 5622 1407 5667 et
1439 5613 1640 5669 docete.
1669 5633 1688 5666 ι
1754 5612 1858 5670 Sed
1895 5631 1993 5670 ex-

434 5686 728 5755 ptmgendaa
755 5683 1242 5755 VidElllUl:_\'QCII|1‘,
1284 5684 1432 5755 tite
1463 5690 1514 5734 el
1538 5702 1558 5733 ι
1595 5700 1615 5755 ιγ
1657 5699 1791 5753 quas
1819 5702 1884 5741 tte
1904 5700 1996 5740 c0-

435 5752 531 5806 drx
550 5752 769 5820 quidem
797 5769 896 5808 ms.
922 5768 951 5806 a
982 5753 1243 5808 Vallarsio
1282 5753 1351 5807 ibi
1386 5752 1581 5809 citatus
1606 5752 1787 5810 habet.

504 5823 613 5895 (95)
647 5824 849 5879 Gratia.
881 5823 919 5876 ll
946 5825 1010 5880 ad
1044 5824 1166 5879 Cor.
1195 5840 1311 5890 xm,
1344 5820 1432 5876 15.

2098 4654 2418 4753 ριξηιηνθεεο
2464 4648 2664 4704 indicat
2696 4646 2821 4704 ante
2854 4650 3142 4704 secundam
3192 4646 3344 4703 Pauli
3376 4649 3443 4703 ad
3472 4649 3668 4703 Corin-

2140 4730 2237 4753 nne

2098 4716 2282 4924 “"893;
2315 4782 2381 4838 Ut
2409 4786 2542 4841 sitis.
2580 4785 2622 4840 ΙΙ
2660 4786 2806 4843 Petr.
2846 4803 2883 4852 ι,
2923 4788 2979 4843 4.

2167 4854 2257 4924 (98
2307 4853 2439 4909 Sunt
2470 4856 2654 4924 aliqui.
2678 4856 2859 4913 Galat.
2886 4875 2921 4924 ι,
2970 4858 2979 4911 τ

2167 4853 2281 4925 (98)
2307 4853 2439 4927 Sunt
2470 4856 2654 4927 aliqui.
2678 4856 2859 4913 Galat.
2886 4875 2921 4924 ι,
2970 4858 3084 4913 7-9.
3126 4858 3355 4914 Sensum
3388 4858 3562 4927 potius
3587 4857 3665 4912 ci-

2100 4930 2201 4997 l_a_t,
2231 4939 2391 4997 quam
2414 4926 2527 4992 ipsa
2553 4926 2713 4981 verba
2743 4927 2913 4992 Pauli,
2975 4944 3092 4995 qum
3131 4929 3295 4984 veluti
3328 4930 3379 4983 in
3417 4943 3671 4997 compen-
3756 4931 3761 4934 ’

2101 4995 2249 5063 dium
2275 4996 2495 5063 redigit,
2522 4998 2831 5050 memoriter
2863 5013 2925 5050 ea
2961 4997 3210 5053 aﬂ'erens.

2168 5062 2279 5136 (99)
2313 5062 2598 5135 Quidquid.
2627 5066 2903 5120 Librarius
2935 5068 2986 5120 in
3039 5069 3277 5136 margine
3316 5067 3456 5121 hanc
3498 5081 3670 5135 appo-

2096 5134 2204 5185 suit
2232 5136 2664 5201 explicationem,
2698 5152 2859 5206 quam
2896 5147 2953 5191 ut
2980 5134 3419 5202 Latine—vertam,
3448 5134 3668 5192 neéesse

2096 5217 2203 5254 non
2233 5213 2337 5256 est.

2097 5272 2243 5325 Ὅσα
2289 5271 2382 5325 τοῦ
2441 5273 2708 5329 ἀθανάτου
2765 5275 2900 5329 Θεοῦ
2940 5275 3013 5329 τά
3055 5274 3418 5364 βουλεύματαΙ
3440 5292 3671 5364 φανερο-

2164 5412 2350 5468 Ταῦτα
2382 5415 2470 5480 σὺ,
2516 5413 2709 5486 θνητὸς
2730 5415 3009 5486 ὑπάρχων,
3067 5415 3262 5486 κάτεχε
3319 5345 3669 5484 «agragian-

2093 5553 2245 5629 Μηρε
2265 5556 2357 5629 τὸν
2380 5553 2506 5629 νοῦν
2540 5570 2632 5606 σου
2667 5553 2772 5606 ὑπὸ
2812 5554 3011 5629 βολίων
3048 5555 3360 5629 -ἀνθριὶιπων
3387 5485 3668 5629 ἑέὶιῒδεὶς,

2165 5623 2276 5694 Τὴν
2331 5624 2698 5695 ἀκατάσχετον
2746 5623 2840 5676 τοῦ
2890 5623 3191 5680 ἀθανάτου’.
3212 5626 3347 5679 Θεοῦ
3375 5623 3544 5696 ὀργὴν
3577 5629 3667 5695 ἐφ’

3118 5695 3329 5748 βέαυτὸν
3349 5695 3602 5748 ὲλκύσης.

3118 5695 3329 5767 ξὲαυτὸν
3349 5695 3602 5767 suam.

2115 5788 2133 5801 ο
2164 5761 2621 5838 (|)_Aucupante_s.
2672 5761 2728 5838 in
2776 5764 3001 5838 Πειθοῖ),
3036 5765 3446 5838 Ἇεξιθηροῦντες
3468 5782 3482 5800 ·
3513 5773 3672 5836 'qua-

2095 5845 2196 5886 vos
2228 5834 2378 5888 deest
2403 5834 2454 5888 in
2496 5834 2800 5905 vulgaribus
2826 5834 3054 5892 Lexicis.
