4054 6454
428 426 531 481 U95

1625 430 1855 486 DIDYMI
1894 432 2360 488 ALEXANDRINI

3562 430 3666 489 696

428 543 577 599 enim
626 541 966 598 Christus”
995 542 1181 600 Estote
1232 544 1346 617 (29)
1391 545 1664 617 simplices
1708 550 1849 604 sicut
1901 566 1997 606 co-

2115 569 2207 615 τος.
2248 553 2403 604 Ἔστι
2435 550 2545 622 γὰρ
2605 550 2902 622 περιστερὰ
2934 552 3063 622 μιᾶς
3089 548 3181 604 καὶ
3208 548 3546 604 ὀκτακοσίων
3575 549 3671 619 Qui;

432 633 648 691 tumbae.
686 636 880 704 »ρυοά
934 638 978 693 si
1028 639 1192 693 etiam
1247 655 1315 694 ex
1360 653 1616 704 numero,
1665 641 1755 710 qui
1789 641 1997 712 colligi-

435 738 521 782 tur
554 743 622 784 ex
655 740 1088 785 commemorata:
1139 731 1373 789 volucris
1412 733 1657 799 nomine,
1702 733 2000 802 adiumen-

434 826 547 871 tum
583 816 795 886 aliquod
825 816 943 890 (50)
973 819 1206 874 orationi
1261 828 1457 874 nostra:
1486 835 1806 890 comparare
1832 836 1997 890 opor-

433 917 546 972 tet,
597 909 645 963 is
691 924 905 980 quoque
957 911 1263 966 subindicat
1314 911 1756 981 quodammodo,
1828 911 2000 981 Spiri-

438 1009 551 1053 tum
604 1008 848 1054 sanctum
902 1015 1022 1057 esse
1080 1001 1653 1070 incircumscriptum:
1710 1017 1835 1055 nam
1898 1016 2000 1057 vox

436 1090 738 1162 περιστερά
771 1090 928 1162 (quae
975 1093 1281 1147 columbam
1326 1093 1614 1163 designat)
1641 1093 1786 1148 valet
1821 1093 1999 1147 octin-

437 1191 599 1251 genta
643 1188 698 1237 et
744 1198 908 1236 unum
932 1182 1041 1254 (51)
1073 1204 1085 1239 :
1118 1185 1208 1254 qui
1241 1200 1501 1241 numerus
1535 1186 1873 1256 signiﬁcatur
1901 1199 1997 1252 per

437 1290 473 1326 α
494 1314 510 1338 ,
539 1282 592 1329 et
616 1291 663 1327 ω
688 1292 701 1328 :
729 1274 836 1329 duo
878 1285 1055 1329 autem
1091 1276 1207 1330 haec
1249 1277 1514 1331 elementa
1545 1287 1674 1331 sunt
1705 1276 1917 1331 initium
1949 1285 2005 1331 et

436 1364 564 1420 ﬁnis
592 1365 831 1420 omnium
864 1365 1273 1422 elementorum.
1308 1366 1476 1422 Porro
1506 1368 1767 1422 diluvium
1805 1369 2000 1431 etiam,

443 1453 585 1522 quod
622 1454 880 1509 mundum
919 1470 948 1509 a
980 1460 1147 1510 veteri
1184 1456 1470 1526 iniquitate
1501 1458 1817 1527 erpurgavit
1849 1457 1962 1528 (32)
1984 1495 2003 1522 ,

445 1545 607 1617 265
648 1546 873 1615 mystice
929 1554 1091 1615 atque
1147 1549 1360 1603 occulte
1410 1549 1730 1604 delictorum
1774 1548 2003 1604 munda-

443 1637 640 1690 tionetn
673 1652 704 1689 a
753 1637 930 1691 divina
964 1636 1170 1707 piscina
1223 1638 1545 1705 faciendam,
1599 1639 2002 1710 quodammodo

439 1727 851 1796 praenuntiabat.
882 1728 950 1783 Et
972 1731 1246 1799 arcaipsa,
1267 1746 1386 1799 qua
1402 1731 1524 1787 illos
1546 1731 1805 1794 servavit,
1830 1731 1922 1800 qui
1949 1730 2003 1785 in

440 1832 561 1871 eam
591 1816 808 1872 admissi
834 1827 979 1883 sunt,
1001 1818 1176 1889 imago
1196 1821 1308 1889 (55)
1334 1830 1452 1876 erat
1480 1821 1797 1875 venerandae
1821 1820 2009 1877 Eccle-

2101 659 2227 711 φου,
2265 642 2467 705 αἵτινες
2501 640 2784 711 δηλοῦνται
2820 640 2917 695 διά
2944 641 3039 694 τοῦ
3082 641 3227 711 ἄλφα
3269 640 3361 695 καὶ
3391 656 3470 693 ω·
3507 638 3574 692 τὰ
3615 639 3671 693 δὲ

2102 734 2340 802 στοιχεῖα
2365 730 2539 785 ταῦτα
2583 731 2725 801 ἀρχὴ
2762 729 2859 784 καὶ
2884 730 3037 793 τέλος
3057 730 3193 783 ὅλων
3229 730 3538 799 καθέστηκε
3567 727 3673 781 τῶν

2103 824 2401 894 στοιχείων.
2430 824 2538 877 Καὶ
2567 824 2597 875 ὀ
2620 822 3000 892 κατακλυσμὸς
3025 821 3205 875 τοίνυν
3222 861 3237 884 ,
3258 823 3287 874 ὀ
3309 820 3409 891 τὴν
3437 818 3673 890 ἀρχαίαν

2100 912 2315 967 ἀδικίαν
2340 911 2656 983 ἐκκαθάρας
2680 910 2776 965 τοῦ
2800 910 3027 981 κόσμου,
3047 909 3420 981 προεφήτευεν
3441 906 3576 979 [122
3617 904 3673 977 a]

2101 1002 2259 1055 οίονεί
2282 1018 2398 1064 πως
2427 998 2910 1071 ὲπικεκρυμμένως
2927 999 3018 1052 τὸν
3043 998 3152 1053 ἀπὸ
3175 997 3275 1067 τῆς
3303 996 3454 1059 θείας
3484 996 3676 1065 κολυμ-

2103 1092 2313 1165 ϐήθρας
2362 1091 2472 1145 τῶν
2497 1090 2782 1163 ἁμαρτιῶν
2823 1089 3188 1161 καθαρισμὸν*
3224 1088 3320 1141 καὶ
3365 1091 3400 1159 ἡ
3447 1086 3678 1148 κιϐωτὸς

2103 1183 2266 1255 αὐτὴ,
2303 1181 2523 1235 σώσασα
2547 1183 2674 1245 τοὺς
2731 1183 2789 1235 ὲν
2861 1183 2995 1251 αὐτῇ
3043 1180 3469 1250 είσφρήσαντας,
3515 1176 3678 1231 εἰκὼν

2102 1273 2202 1344 τῆς
2232 1275 2435 1342 σεπτῆς
2467 1272 2765 1342 ἐτύγχανεν
2798 1271 3122 1343 Ἐκκλησίας
3154 1273 3249 1324 καὶ
3277 1273 3375 1343 τῆς
3427 1271 3679 1324 ἐντεῦθεν

2104 1361 2456 1432 ὑπαρχούσης
2495 1364 2627 1432 ἡμῖν
2654 1361 2865 1432 ἀγαθῆς
2899 1362 3130 1427 ἐλπίδος·
3168 1364 3260 1417 καὶ
3287 1364 3322 1432 ἡ
3356 1360 3677 1432 περιστερὰ,

2105 1454 2297 1507 κλάδον
2324 1453 2508 1516 ἐλαίας
2539 1453 2816 1523 κομίσασα
2848 1456 2906 1508 ἐν
2930 1457 2996 1525 τῇ
3031 1453 3267 1526 κιϐωτῷ,
3308 1453 3405 1507 καὶ
3453 1453 3554 1523 τῆς
3579 1452 3680 1521 γῆς

2104 1546 2201 1615 τὴν
2222 1541 2490 1608 ἀνάδειξιν
2523 1543 2832 1614 μηνύσασα,
2898 1546 3162 1616 ἐσήμαινε
3190 1544 3283 1598 τοῦ
3322 1543 3483 1612 ἁγίου
3516 1541 3680 1596 Ilvati-

2108 1655 2278 1708 ματος
2307 1636 2406 1709 τὴν
2464 1637 2808 1708 ὲπιφοίτησιν
2842 1638 2935 1691 καὶ
2964 1638 3065 1709 τὴν
3117 1636 3324 1692 ἀνωθεν
3364 1636 3679 1707 διαλλαγήν·

2109 1728 2375 1800 σύμϐολον
2407 1728 2517 1801 γὰρ
2545 1730 2579 1800 ἠ
2637 1728 2794 1782 ἐλαία
2841 1729 2939 1797 τῆς
2991 1730 3236 1799 εἰρήνης.
3288 1726 3451 1781 Ἀλλὰ
3505 1727 3600 1780 καὶ
3646 1728 3679 1795 ἡ

2108 1820 2313 1892 ἐρυθρὰ
2339 1820 2574 1874 θάλαττα
2602 1818 2954 1889 είσδεξαμένη
2989 1818 3343 1890 Ἰσραηλίτας,
3364 1817 3481 1871 οὔτ’
3507 1817 3681 1871 ὲνδυά-

397 1906 403 1913 ’
441 1908 557 1971 sire,
584 1922 649 1963 ac
673 1909 846 1973 bona},
871 1906 991 1978 quae
1016 1909 1143 1965 inde
1174 1909 1328 1965 nobis
1352 1921 1455 1973 est,
1483 1911 1618 1979 spei.
1648 1910 1713 1964 Et
1736 1908 2006 1974 columba,

2115 1929 2330 1976 σαντας,
2359 1910 2471 1965 οὔτ’
2488 1912 2574 1965 ἐπ’
2604 1911 2786 1981 ἀδήλῳ
2802 1908 3217 1975 πιστεύσαντας,
3253 1909 3347 1963 καὶ
3375 1909 3491 1962 τῶν
3518 1911 3683 1977 ὲπηρ·

441 2014 560 2069 ιιυω
582 2012 787 2053 ramum
809 1999 961 2054 oliva:
986 2001 1038 2055 in
1065 2015 1243 2054 arcam
1270 1999 1408 2061 tulit,
1425 2015 1487 2054 ac
1513 2000 1715 2056 telluris
1745 1999 2007 2055 detectiq-

444 2105 564 2144 nem
597 2089 871 2155 indicavit,
919 2091 1151 2159 Spiritus
1194 2093 1364 2147 sancti
1406 2091 1692 2146 adventum
1734 2090 2006 2161 signiﬁca-

441 2181 555 2248 bat,
578 2182 958 2252 cmlestemque
984 2183 1505 2249 reconciliationem;
1531 2182 1832 2253 symbolum
1860 2183 2005 2236 enim

441 2271 594 2341 pacis
618 2281 701 2327 est
730 2273 868 2328 olea.
902 2273 1042 2340 Quin
1077 2273 1240 2326 etiam
1278 2287 1426 2327 mare
1454 2272 1718 2334 Rubrum,
1756 2272 1896 2340 quod
1918 2287 2011 2327 eos

444 2361 719 2418 Israelitas
745 2365 983 2433 excepit,
1016 2364 1121 2431 qui‘
1141 2378 1317 2432 neque
1343 2362 1608 2431 ancipites
1632 2362 1743 2433 (54)
1768 2361 2009 2426 fuerunt,

447 2467 625 2522 neque
648 2454 699 2508 in
729 2455 939 2509 incerto
973 2455 1610 2523 crediderunt,quodqne
1643 2454 1809 2508 illosa
1834 2453 2011 2517 malis,

448 2557 568 2615 quae
595 2545 725 2616 ipsis
759 2546 813 2601 in
849 2546 1083 2619 Egypto
1108 2562 1138 2601 a
1164 2544 1447 2601 Pharaone
1508 2547 1734 2616 ejusque
1767 2545 2010 2601 exercitu

597 2795 1677 2855 DEVS’RESPONDITVIGINTIETVNO

628 2867 978 2921 VhllSlBVS’
999 2867 1585 2935 QVORVMHOCPIHN

627 2936 989 2992 CIPIVMEST
1590 2975 1595 2981 -

725 3027 1516 3082 ΑΥΤΟΦΥΕΟᾹΔΙΔᾹΚΤΟΟΑ

730 3097 1555 3153 ΜΗΤΟΡΑΟΤΥΛΗΙΚΤΟΟΟΥ

726 3166 1528 3221 ΝΟΜΑΜΗΤΕΛΟΓΩΧΟΡΟΥ

727 3236 1554 3292 ΜΕΝΟΕΕΝΠΥΡΙΝΕΟΝΤΟΥ

729 3306 1481 3361 ΤυΘΕΟΟΜῐΚΡΑΔΕΘΕΟΥ

730 3376 1386 3433 ΜΕΡΙΟΑΝΤΕΛΟΙΗΩΕ

521 3466 1550 3533 NVMQUISPOTESTSVSPICABIDE

592 3537 1183 3594 lOVEESSEDlCTVM
1215 3579 1231 3595 .
1274 3579 1289 3593 .
1333 3578 1348 3592 .
1394 3581 1410 3595 .
1452 3581 1467 3596 .

455 3629 799 3699 littnc_porro
815 3630 1054 3699 codicem
1086 3648 1105 3680 ι
1135 3629 1562 3699 insignissimum
1601 3647 1620 3679 ι
1647 3628 1839 3682 merito
1861 3636 2018 3699 vocat

456 3697 871 3753 Montl'auconus
920 3699 972 3751 in
1026 3698 1210 3752 Diario
1248 3697 1482 3759 Vltalico,
1531 3712 1764 3765 eumque
1819 3697 2018 3753 saeculo

456 3776 635 3834 sexto,
690 3778 783 3822 aut
829 3768 1060 3834 septimo
1097 3778 1377 3822 exaratum
1417 3767 1548 3821 dicit
1593 3782 1822 3820 :verum
1868 3767 2021 3833 equi-

457 3837 614 3899 dem,
646 3836 749 3891 nisi
790 3839 922 3891 tanti
965 3837 1069 3891 viri
1114 3840 1433 3891 auctoritate
1470 3838 1797 3900 deterrerer,
1832 3837 2020 3903 quinto

458 3907 637 3977 potius
664 3905 860 3977 saeculo
892 3907 1152 3977 scriptum
1174 3907 1538 3977 arbitrarer}:
1571 3920 1633 3977 ea
1680 3921 1810 3977 sane
1848 3907 2018 3959 inter-

456 3974 960 4046 punctionisisigna
978 3974 1145 4046 {quae
1173 3974 1408 4030 Isidorus
1439 3974 1769 4044 Hispalensis
1816 3991 2019 4046 memo-

457 4054 562 4109 rat,
595 4044 739 4098 nulla
770 4044 841 4115 ibi
866 4044 1194 4112 occurrunt,
1241 4051 1334 4099 sed
1369 4048 1630 4100 duntaxat
1679 4044 1882 4115 virgula
1924 4061 2019 4098 su-

456 4127 630 4182 perne
661 4114 924 4183 apposita,
949 4130 1107 4184 quam
1134 4115 1417 4185 superiore
1442 4116 1497 4169 in
1531 4114 1824 4184 specimine
1850 4115 2021 4169 lector

458 4185 785 4254 observavit.
817 4185 947 4250 Quae
973 4200 1095 4239 cum
1127 4184 1358 4250 ita’sint,
1390 4186 1513 4254 quis
1541 4185 1800 4254 miretur,
1817 4185 2020 4239 codicis

458 4266 694 4323 quoque
735 4252 1100 4308 Passioneiani
1178 4252 1495 4323 scriptorem
1582 4254 1635 4308 in
1716 4252 2019 4320 hnjusmodi

458 4326 651 4377 menda
681 4321 971 4379 incidisse?
993 4321 1300 4393 praesertim
1318 4339 1440 4392 cum
1477 4338 1614 4393 opus
1642 4325 1809 4378 hocce
1835 4339 1900 4377 ex
1928 4337 2020 4377 ve-

457 4393 772 4463 tustissimis
801 4395 1131 4449 membranis
1156 4395 1485 4463 descriptum
1511 4395 1579 4448 ab
1609 4408 1674 4463 eo
1704 4394 1868 4463 fuisse
1887 4407 2020 4447 con«

453 4459 631 4533 jicere
658 4463 840 4533 liceat,
879 4474 938 4517 ut
969 4465 1143 4519 dicam
1195 4465 1246 4518 in
1286 4458 1427 4519 notis
1462 4464 1528 4517 ad
1557 4458 1728 4533 segfu.
1768 4461 1945 4533 1397b.

530 4532 641 4604 (28)
672 4531 788 4604 Bﬁe
818 4546 979 4587 caret.
1013 4534 1072 4588 In
1109 4534 1246 4588 libro
1274 4534 1350 4588 De
1390 4531 1668 4603 baptismo,
1709 4546 1831 4601 cap.
1851 4532 2012 4604 _8,r_ea

460 4595 679 4672 scripsit
717 4600 1100 4670 Tertullianus,
1151 4619 1269 4672 quae
1309 4604 1392 4657 his
1436 4595 1792 4672 aliquantum
1818 4595 2015 4657 similia
2044 4595 2095 4656 D

462 4682 606 4725 sunt.
636 4671 819 4744 «A'l‘unc
853 4674 941 4729 ille
962 4671 1338 4730 sanctisSitnus
1364 4672 1617 4744 Spiritus,
1646 4671 1841 4744 inquit.
1885 4709 1899 4724 .
1920 4706 1961 4744 _.
2001 4710 2017 4725 .

462 4754 627 4808 super
658 4741 907 4809 baptismi
959 4757 1165 4811 aquas,
1211 4741 1479 4813 tanquam
1507 4743 1800 4813 pristinam
1838 4742 2021 4813 sedem

462 4823 875 4881 recpgnoscens,
906 4810 1264 4881 conquiescit,
1290 4810 1554 4869 columbae
1578 4810 2023 4881 ﬁguradelapsus

463 4878 520 4930 in
548 4877 868 4951 Dominum,
888 4892 942 4936 tit
975 4877 1165 4936 natura
1191 4882 1424 4950 Spiritus
1448 4883 1622 4936 sancti
1653 4877 2022 4951 declararetur

463 4961 561 5015 per
580 4948 778 5021 animal
807 4952 1185 5021 simplicitatis,
1214 4948 1268 5007 et
1298 4952 1660 5021 innocentiae:
1688 4951 1831 5021 quod
1859 4950 2022 5006 etiam

464 5017 821 5089 corporaliter
874 5017 990 5088 ipso
1041 5021 1161 5075 felle
1208 5031 1394 5076 careat
1450 5017 1724 5076 columba:
1768 5021 2019 5089 Ideoque,

470 5103 492 5137 ι
523 5086 728 5162 Εειοιθ,
768 5104 788 5139 ι
820 5086 1014 5158 inquit,
1041 5090 1383 5162 csimplices,
1408 5091 1549 5146 sicut
1554 5089 1846 5162 columbae.
1875 5086 2025 5162 {Gy-

465 5158 686 5277 grianus
714 5171 926 5227 quoque
956 5162 1008 5212 in
1041 5158 1180 5213 libro
1200 5158 1284 5213 De
1322 5162 1520 5214 unitate
1544 5159 1792 5213 Ecclesiw
1821 5158 2024 5214 colum-

505 5239 589 5277 am
627 5235 786 5277 vocat
822 5245 843 5277 ι
881 5229 1075 5277 animal
1107 5244 1210 5277 non
1249 5229 1369 5277 felle
1406 5244 1670 5277 amarum-
1709 5248 1728 5277 ι
1765 5228 1834 5277 Et.
1874 5230 2024 5277 Rufi-

505 5239 589 5277 am
627 5235 786 5279 vocat
822 5245 843 5278 ι
881 5229 1075 5281 animal
1107 5244 1210 5283 non
1248 5229 1369 5285 felle
1406 5244 1670 5286 amarum.
1709 5248 1728 5282 ι
1764 5228 1834 5285 Et
1873 5230 2024 5285 Ruli-

466 5310 570 5347 nus
608 5294 669 5363 in
700 5295 958 5363 psalmum
987 5312 1132 5352 vait
1185 5299 1379 5354 similia
1408 5299 1593 5357 habet.

537 5361 652 5488 (29)
692 5361 892 5445 Estote.
926 5365 1110 5448 Mattlt.
1157 5368 1337 5450 adii.

562 5434 655 5488 ὅθ)
695 5435 941 5488 Aliquod.
976 5435 1206 5488 Vocibus
1232 5438 1335 5488 lllls

550 5434 655 5507 [59)
695 5435 941 5507 Aliquod.
976 5435 1206 5491 Vocibus
1232 5437 1357 5502 illis,
1385 5458 1405 5490 ι
1435 5437 1670 5507 aliquod,
1694 5437 2023 5504 subindicat,

467 5503 885 5577 quodammodo,
921 5518 953 5556 ι’
972 5521 1076 5560 non
1103 5508 1287 5577 magni
1307 5522 1365 5562 se
1394 5503 1571 5562 facere
1599 5508 1738 5561 hanc
1765 5503 2024 5564 rationem

467 5572 1363 5647 manifesto_ostendit_Didyinus:
1404 5591 1469 5631 ac
1516 5577 1707 5647 merito
1748 5577 1963 5647 quidem
2008 5596 2023 5633 :

468 5654 594 5714 nam
625 5652 680 5698 et
717 5644 911 5714 frigida
955 5645 1087 5700 satis
1120 5644 1222 5710 est,
1266 5656 1321 5699 et
1352 5661 1418 5700 ex
1446 5646 1659 5701 turbido
1686 5646 1850 5701 etiam
1879 5644 2028 5703 fonte

470 5710 708 5766 derivata
741 5710 974 5779 videtur,
1007 5724 1066 5769 ut
1108 5730 1233 5770 mox
1266 5716 1462 5770 dicam.

540 5780 652 5852 (‘51)
692 5781 1002 5852 Octingenta
1046 5795 1094 5839 et
1139 5800 1320 5838 unum.
1344 5784 1394 5838 Ἐ
1422 5785 1611 5840 Graece
1649 5784 1718 5839 ad
1753 5785 1978 5840 verbum
2009 5805 2023 5842 :

477 5861 498 5899 ι
534 5850 615 5908 est
649 5850 976 5910 calculorum
1014 5855 1445 5925 octingentorum
1474 5866 1529 5912 et
1567 5856 1744 5914 unius.
1790 5874 1810 5910 ι
1853 5853 2027 5912 Nimi-

2042 3230 2085 3287 (ζ
2119 3219 2497 3274 haereticorum
2557 3220 2823 3276 sententia
2873 3221 2979 3276 scri

2094 5026 2244 5096 ocap.
2285 5031 2363 5084 8:
2404 5026 2435 5081 «⁷
2489 5029 2618 5082 Post
2685 5044 2854 5099 aquas
2927 5026 3108 5080 diluvii

2108 2002 2361 2073 τημένων
2392 2002 2576 2065 αὐτοῖς
2610 2002 2795 2056 κακῶν
2823 2003 2880 2054 ὲν
2912 2000 3175 2072 Αἰγύπτῳ
3220 2002 3328 2053 άπὸ
3358 1998 3564 2073 Φαραὼ
3594 1999 3681 2053 καὶ

2110 2094 2205 2147 τοῦ
2235 2092 2640 2164 στρατεύματος
2667 2091 2829 2146 αὐτοῦ
2862 2091 3238 2157 ἀπαλλάξασα,
3266 2092 3360 2144 καὶ
3384 2093 3542 2145 πᾶσα
3569 2090 3624 2143 δὲ
3651 2091 3682 2158 ή

2114 2183 2369 2247 ὑπόθεσις
2392 2183 2495 2253 τῆς
2528 2182 2637 2235 ἀπὸ
2690 2181 2967 2250 Αἰγύπτου
3015 2180 3194 2236 αὐτῶν
3222 2180 3365 2245 ὁδοῦ,
3403 2180 3579 2243 τύπος
3622 2175 3686 2249 ἦν

2112 2277 2210 2344 τῆς
2263 2278 2322 2330 ὲν
2378 2274 2458 2345 τῷ
2505 2274 2841 2345 βαπτίσματι
2898 2273 3191 2344 σωτηρίας.
3262 2273 3503 2343 Ἐμήνυε
3559 2269 3685 2342 γὰρ.

2112 2368 2385 2437 Αἴγυπτος
2413 2366 2512 2437 μὲν
2536 2365 2628 2419 τὸν
2669 2366 2892 2436 κόσμον,
2919 2366 2978 2420 ἐν
3004 2357 3048 2432 ᾧ
3075 2364 3134 2417 οὐ
3157 2363 3333 2427 καλῶς
3358 2362 3685 2433 βιοτεύοντες

2117 2458 2426 2528 πράττομεν
2454 2455 2661 2520 κακῶςο
2678 2458 2707 2509 ὁ
2729 2456 2787 2509 δὲ
2810 2457 2957 2521 λαὸς,
2986 2458 3113 2520 τοὺς
3141 2456 3236 2510 νῦν
3265 2456 3667 2527 φωτιζομένως

2117 2550 2187 2604 τὰ
2213 2549 2269 2603 δὲ
2311 2549 2499 2613 ὕδατα,
2557 2549 2949 2621 μεσιτεύσαντα
2975 2548 3055 2620 τῷ
3090 2547 3204 2620 λαῷ
3229 2549 3327 2620 τὴν
3362 2549 3686 2619 ἀσφάλειαν,

2117 2818 2235 2857 rum
2261 2803 2771 2875 νοεῖς,περιστερά,
2802 2802 2971 2873 prima
2996 2802 3169 2875 littera
3189 2822 3232 2875 π
3248 2802 3389 2857 valet
3409 2818 3578 2867 Lux,
3609 2801 3687 2856 al-

2119 2884 2229 2925 tera
2260 2889 2315 2936 r,
2343 2880 2398 2926 et
2439 2874 2510 2927 ita
2532 2871 2710 2942 'porro
2747 2890 2760 2925 :
2804 2871 2861 2925 ut
2901 2874 3115 2927 tandem
3154 2871 3423 2929 efﬁciatur
3473 2888 3679 2942 summa

2115 2941 2632 3012 octingetttorum’et
2660 2946 2821 2997 unius
2849 2959 2863 2995 :
2895 2942 2984 3011 qui
3014 2958 3272 2996 numerus
3298 2943 3570 3012 erduolms
3600 2941 3685 3012 iti-

2115 3013 2235 3064 dem
2261 3011 2543 3065 elementis
2563 3028 2600 3065 α
2621 3022 2674 3065 et
2693 3031 2739 3065 ω
2756 3027 2948 3079 magno
2971 3012 3129 3065 simul
3154 3011 3383 3080 sumptis
3406 3011 3684 3080 coalescit.

2118 3081 2373 3151 Didymus
2404 3096 2564 3150 porro
2607 3082 2721 3137 huic
2752 3081 3047 3149 sumpsisse
3091 3079 3301 3136 videtur
3344 3096 3413 3151 ex
3464 3079 3685 3151 Irenaeo,

2118 3150 2417 3216 qni’tamen
2462 3166 2525 3204 ea
2561 3165 2666 3205 non
2706 3166 2770 3204 ex
2809 3152 3047 3219 pr0pria,
3093 3152 3186 3205 sed
3232 3166 3300 3204 ex
3334 3150 3684 3204 delirantium

3051 3230 3185 3273 erat.
3235 3219 3425 3289 Capite
3462 3219 3686 3289 quidem

2702 3309 2723 3342 ι
2761 3289 2931 3356 Quem
2982 3287 3197 3358 (inquit)
3253 3287 3374 3343 cum
3405 3288 3475 3342 ad
3520 3287 3690 3355 bapti-

2119 3374 2292 3414 smum
2351 3359 2689 3415 accessisset.
2748 3358 3005 3414 columbaé
3065 3361 3356 3413 descensus
3407 3358 3691 3426 perspicue

2117 3427 2372 3491 ostendit,
2420 3444 2541 3497 quae
2575 3430 2787 3496 quidem
2826 3437 2908 3482 est
2944 3446 2991 3481 ω
3018 3438 3073 3482 et
3105 3446 3162 3483 α.
3212 3427 3380 3495 Hujus
3406 3429 3554 3497 enim
3594 3442 3689 3497 nu-

2118 3511 2302 3568 merus
2328 3509 2412 3552 est
2438 3494 2609 3551 unum
2650 3507 2703 3552 et
2732 3498 3036 3568 octingenta
3065 3497 3103 3568 ί(
3122 3494 3309 3568 Graece
3343 3514 3357 3549 :
3386 3496 3510 3568 ἥτις
3541 3494 3687 3568 ἐστὶν

2117 3584 2163 3619 ω
2206 3567 2299 3639 καὶ
2340 3569 2479 3639 α·ᾲό
2526 3569 2637 3639 γάρ
2677 3563 3144 3639 ἁριθμὸξίαύτῆς,
3186 3566 3300 3639 μία(
3333 3563 3428 3619 καὶ
3466 3563 3690 3639 ὀκτακό-

2120 3636 2292 3707 σιαι).
2336 3635 2753 3707 [νϐθρὶιενοιιὸ
2785 3635 3028 3707 proxime
3061 3635 3306 3705 sequenti
3344 3652 3360 3687 :
3412 3655 3432 3687 ι
3490 3636 3687 3707 Eodem

2120 3705 2281 3760 modo
2322 3705 2573 3760 Christus
2621 3716 2824 3775 septem
2862 3706 3175 3775 litterarum
3222 3717 3306 3760 est
3349 3744 3364 3759 .
3409 3742 3424 3758 .
3467 3742 3483 3758 .
3513 3706 3688 3775 Atque

2119 3776 2221 3830 hac
2255 3776 2468 3829 ratione
2513 3776 2630 3846 ipse
2674 3772 2733 3831 se
2772 3774 2902 3846 dicit
2935 3792 2990 3841 α,
3028 3787 3080 3828 et
3122 3794 3187 3841 ω,
3221 3782 3301 3846 ιιι,
3331 3772 3686 3846 περιστεράν,

2121 3846 2171 3898 id
2207 3852 2312 3911 est,
2365 3845 2667 3900 columbam
2719 3845 2918 3899 indicet
2965 3864 2978 3899 :
3032 3846 3177 3899 hunc
3221 3845 3364 3898 enim
3406 3856 3687 3911 numerum

2120 3910 2424 3976 habethzec
2448 3916 2583 3969 avis.
2623 3933 2642 3966 ι
2692 3916 2771 3969 Ac
2798 3923 2920 3982 post
2946 3915 3205 3968 Irenaeum
3242 3913 3608 3982 ’l‘ertullianus
3634 3910 3683 3962 in

2119 3984 2257 4053 libro
2296 3984 2371 4037 De
2420 3980 2897 4053 praescriptionibus
2934 3985 3314 4053 hereticorum
3372 3997 3494 4051 cap.
3549 3980 3633 4035 50'
3669 3996 3685 4033 :

2125 4072 2144 4105 ι
2181 4052 2394 4109 Marcus
2423 4052 2663 4122 :quidam
2713 4052 2952 4122 (inquit)
3005 4062 3060 4106 et
3129 4053 3461 4108 Colarbasus
3496 4064 3684 4105 novam

2122 4123 2367 4177 haeresim
2399 4139 2466 4177 ex
2498 4123 2809 4177 Grazcorum
2840 4123 3126 4190 alphabeto
3161 4130 3551 4191 componentes
3579 4156 3639 4191 ._.
3673 4154 3687 4167 .

2118 4192 2345 4262 Propter
2390 4193 2528 4248 hanc
2561 4194 2702 4247 enim
2730 4187 2945 4246 causam
2964 4190 3244 4262 _C|tristnm
3282 4187 3501 4246 dixisse:
3526 4208 3544 4241 ι
3580 4187 3687 4255 Ego

2119 4258 2242 4317 soni
2285 4276 2341 4315 ατ
2369 4273 2425 4318 et
2467 4280 2532 4317 ω.
2594 4281 2613 4313 ι
2669 4263 2903 4329 Denique
2957 4258 3139 4313 Jesnm
3172 4261 3442 4315 Christum
3474 4262 3692 4314 descen-

2120 4333 2290 4397 disse,
2340 4332 2393 4386 id
2441 4342 2545 4398 est,
2589 4332 2892 4386 columbam
2952 4332 3004 4382 in
3034 4329 3237 4385 Jesum
3279 4332 3517 4391 venisse,
3572 4340 3689 4395 qua?

2120 4401 2309 4457 Greco
2340 4403 2556 4456 nomine
2588 4417 2710 4456 cum
2751 4398 3051 4471 περιστερά
3080 4401 3453 4471 pronuntietur
3473 4398 3691 4471 ,_b_abet

2120 4416 2309 4457 timeo
2340 4417 2556 4456 nomine
2588 4417 2710 4456 cum
2751 4417 2975 4471 περιστε
3016 4416 3051 4451 α
3080 4416 3453 4466 pronuntietur
3473 4440 3488 4465 ,
3533 4416 3689 4450 naue:

2119 4473 2417 4526 secundum
2449 4486 2754 4535 numerum,
2804 4416 3021 4524 DCCCl.
3063 4489 3082 4521 ι
3116 4468 3295 4523 Simili
3325 4470 3480 4523 modo
3505 4465 3689 4535 Hiero:

2120 4556 2314 4612 nymus
2345 4541 2437 4595 ltb.
2470 4556 2506 4594 ll
2543 4543 2595 4595 in
2629 4532 3092 4612 Zachariamcap.
3131 4538 3184 4600 8,
3211 4539 3413 4612 scribit
3439 4554 3460 4612 :_
3485 4556 3505 4588 ι
3542 4532 3689 4601 Quod

2119 4607 2303 4665 autem
2338 4626 2621 4666 numerum
2656 4621 2862 4678 septem
2898 4607 3125 4661 millium
3160 4608 3232 4678 ad
3258 4607 3687 4678 Christianorum

2122 4696 2318 4735 nomen
2353 4681 2589 4736 diximus
2621 4675 2911 4748 pertinere.
2950 4689 3177 4746 supputa
3212 4677 3399 4732 Graece
3433 4675 3691 4733 ὲπτάκεις

2122 4750 2347 4821 χιλίους,
2380 4760 2435 4803 et
2458 4749 2837 4821 Χριστιανούς,
2866 4759 2920 4802 et
2949 4748 3197 4821 eumdem
3223 4762 3523 4811 numerum,
3550 4758 3687 4821 sum-

2123 4815 2376 4889 inamque
2410 4815 2666 4889 reperies,
2704 4821 2754 4873 id
2784 4829 2888 4883 est,
2922 4819 3069 4872 mille
3113 4826 3409 4887 nongentos
3450 4815 3683 4881 quadra—

2123 4892 2268 4960 ginta
2303 4901 2359 4943 et
2394 4905 2579 4942 unum.
2616 4907 2635 4941 ι

2196 4959 2308 5031 (52)
2341 4960 2689 5031 Επριιςραυὶι.
2732 4957 3107 5031 Tertullia_nus_
3138 4954 3281 5031 libro
3323 4953 3684 5031 D_e_baptis_mo

3187 5026 3435 5098 {inquiti
3501 5023 3690 5098 quibus

2126 5101 2383 5169 iniquitas
2425 5100 2645 5167 antiqua
2684 5096 2907 5169 purgata
2945 5105 3050 5163 est,
3100 5096 3222 5165 post
3250 5097 3600 5167 baptismum,
3634 5096 3688 5143 ut

2125 5170 2198 5224 ita
2227 5171 2478 5234 dixerim,
2517 5169 2721 5233 mundi,
2768 5188 2787 5218 ι
2822 5179 2929 5221 etc.
3617 5231 3626 5234 _
3698 5211 3705 5223 ,

2197 5231 2535 5309 (ὂῦμιηαρο.
2567 5231 2798 5309 Constat
2831 5238 2884 5290 id
2919 5234 3162 5309 equetri
3198 5235 3524 5309 testimonio.
3540 5251 3575 5309 ‘_t
3603 5231 3692 5283 Ar-

2125 5304 2330 5364 ca‘Noe
2353 5304 2555 5378 (inquit
2581 5308 2943 5378 Hieronymus
2984 5305 3086 5378 lib.
3105 5317 3288 5358 contra
3322 5304 3680 5378 Lucifeijianos

2126 5395 2249 5450 pag.
2289 5374 2412 5445 I95,
2451 5374 2550 5450 —ed._
2607 5374 2828 5450 VeronI)
2886 5374 3140 5450 Ecclesiae
3166 5386 3325 5450 typus
3346 5374 3690 5450 luit,dicenle

2127 5443 2288 5503 Ριςῖνο
2330 5443 2589 5517 Apostolo
2618 5463 2632 5498 :
2669 5466 2687 5498 ι
2718 5448 2773 5501 In
2808 5443 2934 5499 arca
2984 5443 3096 5499 Noe
3127 5445 3304 5513 pauci,
3345 5445 3399 5498 id
3426 5452 3536 5517 Aest
3566 5450 3683 5495 oclo

2127 5518 2323 5572 anima:
2367 5514 2530 5577 salva:
2556 5516 2711 5570 facta:
2739 5525 2865 5569 sunt
2902 5528 2998 5583 per
3021 5530 3216 5583 aquam
3253 5531 3267 5566 :
3297 5514 3441 5583 quod
3468 5523 3526 5583 et
3585 5519 3679 5563 nos

2127 5603 2271 5640 nunc
2299 5588 2491 5641 similis
2529 5585 2714 5640 fortuna
2744 5581 3008 5651 baptisma
3054 5581 3229 5637 salvos
3269 5581 3418 5638 fecit.
3460 5602 3478 5634 ι
3512 5581 3688 5652 Itaque

2129 5656 2495 5711 'l'ertullianus
2523 5671 2646 5724 cap.
2695 5655 2730 5708 8
2775 5645 2896 5707 libri
2948 5653 3022 5706 De
3065 5653 3322 5722 baptismo
3370 5655 3495 5707 ait:
3554 5668 3574 5704 ι
3607 5645 3688 5700 ubi

2128 5725 2370 5781 Ecclesia
2396 5736 2480 5779 est
2509 5739 2633 5778 arca
2669 5724 2917 5793 ﬁgurata.
2951 5741 2970 5774 ι

2201 5795 2314 5867 (54)
2347 5794 2631 5850 Ancioim.
2657 5791 2789 5851 Vide
2818 5802 2927 5849 not.
2962 5793 3014 5859 5,
3049 5805 3167 5861 pag.
3201 5791 3327 5845 252.

2121 3290 2192 3343 M
2251 3290 2408 3357 primi
2444 3289 2568 3344 libri
2628 3306 2643 3343 :
