4054 6420
330 457 431 515 697

1359 456 1445 511 DE
1483 456 1856 512 TRINITATE
1893 456 2092 512 LIBER
2133 457 2518 514 SECUNDUS.

3464 452 3567 516 698

333 570 520 641 ἐδήλου
557 567 619 621 τὸ
658 566 962 638 βάπτισμα·
1001 568 1030 620 6
1073 565 1130 619 δὲ
1193 566 1393 638 Φαραὼ
1430 568 1525 619 καὶ
1575 568 1624 619 οἱ
1672 567 1903 631 ὁπλῖται,

2012 566 2383 629 imminebant,
2443 566 2709 629 liberavit,
2761 576 2927 637 atque
2961 567 3094 621 adeo
3135 574 3241 620 tota
3282 565 3420 636 fuga:
3457 570 3567 623 illo-
3625 578 3629 591 '

331 660 422 712 τὸν
453 655 631 710 Σατάν
686 656 781 708 καὶ
816 656 942 717 τοὺς
986 654 1265 725 ὑπηρέτας
1311 655 1495 708 αὐτοῦ·
1537 657 1775 725 Μωσῆς
1820 657 1897 719 δὲ,

331 752 399 820 τῇ
437 746 616 818 ράσδῳ
642 746 704 821 τὸ
737 746 933 816 πικρὸν
980 745 1123 816 ὕδωρ
1181 747 1451 816 χρήσιμον
1500 747 1752 814 ποιήσας,
1794 763 1897 799 σω-

332 838 528 909 τηρίαν
553 837 846 906 καθολικὴν
898 837 1286 908 προηγόρευεν.
1340 838 1510 900 Αὐτὸς
1571 838 1679 909 γὰρ
1734 838 1902 890 τύπον

333 931 527 1000 ἔφερεν
564 928 659 981 τοῦ
713 928 970 1000 Χριστοῦ’
1013 930 1046 998 ή
1073 928 1129 980 δὲ
1166 927 1380 999 ῥάϐδος,
1426 928 1520 981 τοῦ
1550 928 1805 999 σταυροῦο
1841 929 1903 982 16

333 1020 391 1072 δὲ
421 1019 614 1091 πικρὸν
645 1017 813 1090 ὕδωρ,
857 1018 951 1071 τοῦ
997 1018 1379 1088 εὐλογηθέντος
1433 1019 1620 1082 ὕδατος
1667 1020 1768 1088 τῆς
1812 1037 1903 1072 κο-

332 1108 672 1180 λυμϐήθρας.
713 1109 808 1162 τοῦ
835 1108 1173 1179 δυσχρήστου
1199 1108 1297 1179 μέν
1330 1125 1458 1161 ποτε
1511 1109 1767 1178 φανέντος
1790 1110 1902 1173 τοῖς

331 1202 602 1265 ἀπίστοις,
636 1200 949 1273 εὑρεθέντος
970 1200 1026 1252 δὲ
1053 1202 1166 1263 τοῖς
1191 1202 1399 1264 πιστοῖς
1429 1202 1508 1264 εἰς
1560 1202 1739 1253 πᾶσαν
1774 1200 1904 1253 ἀνά-

329 1290 511 1359 ψυξιν,
542 1293 637 1345 καὶ
686 1309 704 1342 ι
765 1291 852 1355 Ὠς
882 1291 1068 1363 δρόσος
1114 1289 1381 1360 Ἀερμὼν,
1426 1293 1459 1362 ἡ
1508 1292 1902 1346 καταϐαίνουσα

331 1380 428 1431 ἐπὶ
459 1380 529 1433 τά
564 1379 665 1451 ὅρη
706 1380 863 1435 Σιών.
907 1400 927 1432 ι
986 1380 1179 1433 Δίδωσι
1249 1382 1306 1435 δὲ
1343 1383 1473 1452 ἡμῖν
1509 1383 1588 1443 είς
1625 1382 1782 1435 τοῦτο
1814 1383 1903 1434 εύ-

333 1471 531 1539 πορίαν
555 1472 858 1543 μαρτυρίας
882 1474 976 1526 καὶ
1012 1476 1044 1545 ἡ
1076 1476 1257 1545 βίϐλος
1308 1474 1415 1528 τῶν
1451 1474 1767 1539 Βασιλειῶν,
1808 1476 1903 1528 καὶ

333 1561 470 1632 αὑτὴ
491 1564 546 1614 έν
576 1561 703 1633 [122
729 1561 779 1635 b]
800 1566 1096 1636 ἀπορρήτῳ
1122 1567 1191 1620 τὰ
1217 1569 1374 1637 ὃμοια
1396 1565 1505 1619 τῶν
1530 1566 1901 1637 προκειμένων

335 1654 724 1722 ὑποφαίνουσα,
774 1657 831 1708 ὲν
867 1658 1019 1727 ρήσει
1051 1658 1145 1711 καὶ
1177 1658 1521 1727 ὑποθέσειτῇ
1551 1658 1903 1727 ὑπογεγραμ-

336 1745 493 1816 μένῃ·
524 1763 545 1796 ι
617 1746 936 1814 Ἐλισσαῖος,
995 1751 1188 1820 φησὶν,
1218 1750 1487 1821 ἐπορεύθη
1535 1751 1649 1820 μετ’
1700 1748 1898 1802 αὐτῶν·

332 1836 429 1889 καὶ
466 1832 627 1907 ἦλθον
655 1840 733 1902 είς
780 1839 872 1895 τὸν
908 1841 1200 1911 Ἰορδάνην,
1258 1843 1353 1895 καὶ
1397 1842 1619 1912 ἔτεμνον
1647 1841 1714 1894 τά
1743 1840 1894 1907 ξύλα.

2003 641 2119 709 rum
2162 671 2228 710 ex
2268 655 2505 727 Egypto
2550 657 2801 724 historia,
2848 667 3003 727 typus
3051 665 3166 711 erat
3199 657 3312 727 (55)
3361 657 3569 725 salutis,

2001 764 2164 817 quam
2200 749 2252 802 in
2292 750 2559 817 baptismo
2582 749 2985 817 consequimur.
3022 747 3304 814 Sigttiﬁcal
3327 758 3384 801 at
3427 750 3568 802 enim

2003 839 2272 909 .Egyptus
2301 839 2518 907 quidem
2548 840 2827 905 mundum,
2855 840 2907 893 in
2938 855 3069 908 quo,
3102 839 3207 892 nisi
3241 849 3385 891 recte
3423 840 3571 891 viva-

2002 948 2149 996 mtts,
2182 931 2322 984 male
2374 930 2653 984 nobiscum
2701 933 2908 1002 agitur;
2965 932 3188 1001 populus
3232 940 3409 985 autem
3456 947 3570 998 eos,

2002 1018 2094 1083 qui
2122 1017 2393 1085 baptismo
2430 1032 2572 1071 nunc
2602 1017 2979 1072 illuminantur
3005 1036 3019 1083 ;
3050 1035 3204 1087 aqua:
3257 1034 3407 1086 vero,
3452 1037 3571 1089 qua:

2002 1106 2200 1176 populo
2249 1107 2558 1161 securitatis
2595 1108 2761 1161 veluti
2796 1109 3143 1163 mediatrices
3175 1107 3424 1175 fuerunt,
3484 1111 3573 1163 ba-

2002 1197 2257 1266 ptismum
2284 1198 2668 1267 designabant;
2720 1197 2933 1253 Pharao
2977 1210 3176 1262 autem,
3224 1214 3288 1253 ac
3330 1200 3525 1255 milites
3552 1242 3568 1264 ,

2005 1287 2279 1351 Satanam,
2313 1286 2535 1355 ejusque
2569 1289 2874 1351 ministros;
2900 1288 3112 1356 Moyses
3128 1300 3277 1351 vero,
3310 1287 3398 1356 qui
3426 1303 3573 1341 anta-

2003 1393 2118 1431 ram
2147 1376 2256 1447 (56)
2286 1392 2478 1446 aquam
2510 1381 2661 1447 virga
2692 1379 2875 1432 utilem
2905 1378 3049 1444 fecit,
3076 1378 3301 1433 salutem
3346 1380 3565 1433 univer-

2003 1465 2171 1519 salen:
2245 1465 2659 1534 praenuntiabat.
2729 1466 2847 1536 Ipse
2913 1469 3056 1521 enim
3114 1466 3294 1538 typu'm
3352 1470 3573 1539 gerebat

2001 1553 2238 1616 Christi;
2297 1554 2442 1621 virga
2514 1569 2664 1618 vero,
2712 1554 2929 1619 crucis,
2971 1571 3108 1625 aqua
3155 1567 3336 1610 autem
3385 1572 3571 1613 amara

2006 1644 2337 1699 benedictam
2397 1645 2621 1713 piscina:
2678 1660 2871 1713 aquam
2932 1648 3417 1715 praemonstrabat:
3454 1664 3573 1717 qua:

2004 1752 2140 1804 aqua
2171 1737 2377 1791 inutilis
2408 1738 2624 1807 quidem
2665 1737 2957 1807 aliquando
2981 1738 3098 1792 visa
3120 1748 3206 1793 est
3241 1739 3571 1805 inﬁdelibus,

2007 1827 2251 1882 tidelibus
2272 1843 2405 1882 vero
2435 1829 2583 1882 utilis
2606 1830 2670 1883 ad
2693 1842 2908 1883 onmem
2940 1828 3403 1899 refrigerationem
3432 1845 3576 1884 com-

332 1925 446 1978 Καὶ
475 1904 582 1980 ἰδοὺ
611 1930 640 1981 6
677 1924 756 1991 εἷς
779 1928 855 1992 ὡς
887 1904 1213 1983 καταϐάλλει
1250 1930 1345 2001 τὴν
1369 1904 1545 1992 δοκὸν,
1565 1928 1626 1981 τὸ
1662 1904 1777 1999 σιδῆ
1788 1945 1897 1999 ριον

2006 1928 2147 1989 perta
2167 1929 2266 1985 est,
2296 1928 2351 1973 et
2377 1938 2394 1970 ι
2421 1918 2699 1988 Tanquam
2738 1934 2825 1973 ros
2841 1921 3073 1973 Aermou
3106 1919 3216 1990 (57)
3244 1920 3575 1975 descendens

332 2014 590 2080 ἐξέπεσεν
622 2018 700 2081 εἰς
730 2018 791 2072 τὸ
816 2017 979 2091 ὕδωρ·
1016 2020 1110 2072 καὶ
1145 2020 1457 2090 ἀνεϐόησενο
1478 2015 1548 2070 Ὦ
1594 2015 1768 2088 κύριε·
1806 2017 1900 2070 καὶ

329 2106 464 2159 αὐτὸ
514 2110 865 2180 κεχρημένον.
916 2111 1026 2165 Καὶ
1045 2107 1194 2165 εἶπεν
1219 2113 1247 2165 6
1288 2110 1572 2188 ἄνθρωπος
1599 2109 1692 2162 τοῦ
1742 2107 1898 2162 θεοῦο

332 2196 444 2251 Ποῦ
477 2198 698 2265 Enecat;
732 2202 844 2254 Καὶ
896 2202 1165 2267 ἐπέδειξεν
1220 2204 1369 2273 αὐτῷ
1418 2203 1508 2256 τὸν
1553 2204 1736 2256 τόπον.
1791 2202 1902 2254 Καὶ

331 2288 607 2344 ἀπέκλεισε
666 2290 839 2355 ξύλον,
867 2294 960 2347 καὶ
989 2293 1211 2365 ἔρριψεν
1252 2294 1383 2347 αὐτὸ
1409 2296 1541 2358 ἐκεῖ,
1579 2295 1672 2348 καὶ
1701 2293 1902 2347 ἐπεπό-

330 2378 462 2431 λασε
518 2379 580 2431 τὸ
610 2379 866 2451 σιδήριονο
899 2383 992 2435 καὶ
1017 2379 1187 2437 εἶπενο
1235 2383 1486 2452 ’Υψωσον
1518 2382 1746 2455 σεαυτῷ.
1796 2385 1903 2436 Καὶ

333 2471 566 2537 ἐξέτεινε
624 2472 724 2543 τὴν
756 2475 912 2544 χεῖρα
939 2474 1124 2539 αὑτοῦ,
1180 2475 1275 2528 καὶ
1319 2475 1509 2529 ἐλαϐεν
1525 2476 1676 2529 αὐτό.
1702 2495 1721 2528 ι
1752 2476 1905 2546 Ἐδη-

331 2560 494 2615 λοῦτο
529 2560 655 2632 γὰρ,
688 2562 776 2616 διὰ
822 2564 919 2633 μὲν
963 2565 1265 2619 Ἐλισσαίου
1305 2565 1401 2618 τοῦ
1457 2565 1746 2637 ἀνθρώπου
1808 2565 1903 2620 τοῦ

333 2650 471 2703 Θεοῦ
503 2650 594 2703 τοῦ
622 2651 946 2722 πυθομένου,
980 2674 998 2705 ι
1034 2653 1141 2706 Ποῦ
1191 2654 1446 2721 ἐξέπεσεν
1503 2657 1536 2726 ὴ
1583 2656 1739 2727 ἀξίνη
1768 2673 1782 2721 ;
1831 2677 1849 2708 ι
1875 2658 1904 2709 6

338 2740 481 2811 μετά
535 2740 841 2811 ἀνθρώπων
891 2744 1183 2814 γενόμενος
1232 2745 1384 2810 Θεὸς,
1432 2748 1461 2799 6
1510 2747 1675 2800 πάλαι
1711 2746 1900 2800 εἰπών’

343 2850 364 2883 ι
419 2833 603 2905 ’Δδάμ,
628 2834 730 2887 ποῦ
759 2830 836 2899 εἷς
876 2854 895 2887 ι
928 2836 1016 2888 διὰ
1041 2836 1095 2889 δὲ
1115 2835 1208 2888 τοῦ
1244 2837 1362 2900 ἐνὸς
1388 2836 1697 2908 προσώπου,
1728 2838 1821 2891 τοῦ
1845 2838 1905 2891 τὸ

338 2922 495 2988 ξύλον
526 2924 973 2991 καταϐάλλοντος,
1005 2928 1098 2980 καὶ
1126 2928 1554 2995 ἐπιδεικνύοντος
1598 2932 1688 2985 τὸν
1719 2932 1903 2995 τόπον,

336 3016 402 3069 ὲν
537 3018 571 3088 ἡ
597 3017 752 3089 ἀξίνη
796 3018 1008 3084 ἔπεσεν,
1036 3022 1064 3073 6
1100 3020 1269 3091 Ἀδὰμ
1292 3022 1322 3073 6
1352 3021 1430 3092 τῷ
1484 3023 1739 3095 ἀλαθήτῳ
1788 3023 1906 3095 Θεῴ

336 3109 787 3179 ἀποκρινάμενος
819 3129 838 3162 ι
875 3112 1083 3181 Γυμνός
1105 3115 1238 3182 είμι,
1267 3114 1359 3167 καὶ
1385 3114 1641 3187 ἐκρύϐην,
1675 3135 1693 3169 ι
1716 3117 1809 3171 καὶ
1828 3117 1907 3188 τῷ

335 3198 526 3304 τοιιῖῖδε
580 3202 780 3272 ῥήματι
834 3200 1014 3265 δείξας
1055 3202 1145 3255 τὸν
1200 3204 1382 3269 τόπον,
1420 3204 1548 3258 ἔνθα
1596 3206 1906 3276 αἰδούμενος
1935 3250 1981 3311 c

338 3288 664 3360 ἐκρύπτετο,
710 3291 789 3344 ἔτι
820 3292 877 3345 δὲ
908 3293 1160 3362 ἐδηλοῦτο
1199 3296 1292 3348 καὶ
1328 3296 1389 3348 τὸ
1419 3296 1605 3364 φυτὸν,
1630 3290 1692 3350 οῦ
1734 3297 1910 3367 ἥψατο

335 3380 440 3433 οὐκ
468 3383 546 3443 εἰς
572 3381 710 3435 δέον
739 3383 825 3437 διὰ
854 3384 910 3437 δὲ
956 3384 1050 3437 τοῦ
1082 3386 1336 3449 πεσόντος
1367 3387 1585 3458 σιδήρου
1616 3389 1694 3451 εἰς
1724 3388 1785 3441 16
1818 3387 1914 3458 βά-

336 3471 433 3536 θος
459 3472 519 3525 16
545 3473 768 3541 ἀφανὲς,
821 3477 855 3547 ἡ
896 3475 1124 3547 δύναμις
1162 3477 1262 3547 τῆς
1303 3477 1644 3549 ἀνθρωπείας
1701 3479 1914 3548 φύσεως

336 3562 685 3630 ἐσημαίνετο,
718 3564 750 3633 ἡ
777 3565 1084 3619 ἐκπεσοῦσα
1116 3562 1210 3617 τοῦ
1243 3566 1417 3633 φωτὸς
1459 3567 1621 3620 ἓνεκα
1651 3567 1746 3620 τοῦ
1792 3569 1903 3620 ἐπιο

335 3651 525 3705 ϐαλεῖν
559 3657 716 3725 χεῖρα
745 3656 824 3718 εἰς
849 3655 910 3709 τὸ
939 3655 1093 3720 ξύλον
1144 3658 1245 3727 τῆς
1292 3657 1458 3728 ζωῆς*
1485 3658 1572 3711 διὰ
1604 3659 1660 3711 δὲ
1688 3658 1781 3711 τοῦ
1813 3658 1915 3727 φά-

336 3761 427 3798 ναι
487 3745 568 3797 ὅτι
619 3741 687 3816 ἦν
738 3746 832 3798 καὶ
859 3747 990 3799 αὐτὸ
1041 3749 1399 3819 κεχρημένον,
1456 3749 1518 3802 16
1583 3748 1723 3803 δόσει
1779 3749 1913 3803 Θεοῦ

338 3836 630 3906 ἐσχηκέναι
662 3835 753 3891 τὸν
781 3839 1221 3909 πρωτόπλαστον,
1265 3841 1333 3912 ἢν
1358 3841 1539 3912 ἀφῆκε
1572 3841 1820 3911 δύναμιν,
1847 3842 1914 3912 ἢν

338 3929 437 3982 καὶ
483 3928 589 3982 ἔδει
619 3929 696 4000 τῷ
727 3930 1002 3996 δεδωκότι,
1030 3933 1147 3985 οἵαν
1198 3933 1421 4005 εἴληφεν
1470 3934 1779 3988 ἀποδοῦναι·
1828 3933 1917 3987 διὰ

338 4020 399 4074 δὲ
430 4020 522 4073 τοῦ
573 4019 868 4092 ληφθέντος
899 4022 1078 4088 ξύλου,
1114 4026 1208 4078 καὶ
1243 4025 1493 4097 ῥιφέντος
1523 4024 1665 4080 κατά
1696 4025 1791 4079 τοῦ
1831 4025 1916 4079 τό-

343 4130 447 4165 που
472 4113 564 4166 τοῦ
595 4113 809 4184 ἔχοντος
835 4115 895 4167 16
927 4115 1276 4187 ζητούμενον,
1297 4120 1325 4171 6
1358 4116 1731 4189 πολυύμνητος
1762 4134 1917 4169 σταυ-

347 4203 459 4275 ρόςο
489 4204 575 4257 διὰ
601 4204 659 4257 δὲ
704 4204 799 4257 τοῦ
834 4202 965 4276 [125
995 4205 1050 4277 a]
1094 4205 1378 4275 Ἰορδάνου,
1413 4207 1476 4259 16
1503 4207 1769 4261 ἀθάνατον
1816 4205 1915 4274 βά-

2000 2023 2162 2077 super
2184 2019 2391 2064 montes
2416 2008 2600 2064 Sion.»
2631 2008 2737 2064 Sed
2754 2009 2889 2064 liber
2909 2024 3123 2078 quoque
3145 2009 3450 2078 Regnorum
3490 2010 3575 2063 lu-

2002 2099 2273 2154 culentum
2327 2100 2483 2154 nobis
2533 2101 2636 2155 bac
2681 2100 2749 2154 de
2800 2114 2858 2154 re
2917 2102 3125 2169 praebet
3178 2101 3568 2166 testimonium,

2003 2204 2126 2242 eum
2155 2198 2210 2243 et
2243 2189 2358 2258 ipse
2390 2190 2589 2244 similia
2620 2191 3049 2261 pracedentibus
3084 2172 3283 2245 arcane
3325 2190 3571 2245 subindi-

2002 2290 2087 2335 cet
2123 2281 2173 2333 in
2201 2280 2438 2350 capitulo
2467 2290 2631 2350 atque
2656 2281 2898 2347 historiaj
2929 2295 3047 2350 qua:
3076 2281 3163 2335 hic
3189 2281 3571 2336 subscribitur.

2009 2390 2028 2423 ι
2058 2372 2281 2426 ΕΙὶεωυε
2343 2366 2557 2444 (inquit)
2599 2373 2690 2426 ivit
2729 2371 2839 2443 (58)
2875 2388 2996 2427 cum
3050 2374 3132 2427 eis
3167 2392 3182 2427 :
3222 2382 3277 2427 et
3311 2380 3579 2426 venerunt

2005 2467 2071 2517 atl
2094 2463 2402 2530 Iordanem,
2434 2475 2490 2520 et
2515 2464 2795 2520 caedebant
2821 2465 2984 2535 ligna.
3016 2463 3085 2518 Et
3114 2478 3243 2519 ecce
3278 2479 3415 2517 unus
3441 2463 3568 2517 dum

2004 2555 2194 2625 dejicit
2241 2557 2474 2622 trabem,
2546 2555 2749 2612 ferrum
2796 2556 2991 2612 cecidit
3040 2556 3205 2627 266
3250 2556 3302 2609 in
3358 2569 3574 2626 aquam.

2007 2647 2072 2700 Et
2128 2647 2490 2703 exclamavit:
2534 2662 2568 2703 ο
2621 2646 2882 2703 domine:
2920 2658 2968 2701 et
3010 2648 3141 2701 illud
3176 2647 3577 2701 commodatum

2007 2738 2253 2810 (fuerat).
2286 2740 2353 2793 Et
2383 2740 2518 2793 dixit
2544 2739 2712 2794 homo
2741 2739 2831 2792 Dei
2857 2756 2871 2792 :
2905 2738 3003 2792 Ubi
3034 2738 3269 2792 cecidit?
3304 2738 3369 2791 Et
3394 2746 3597 2792 osten-.

2006 2830 2083 2883 dit
2110 2830 2160 2883 ei
2215 2828 2414 2894 locum;
2475 2838 2530 2882 et
2584 2827 2746 2899 ltegit
2795 2827 3024 2896 lignum,
3073 2836 3128 2881 et
3166 2825 3296 2879 illud
3353 2825 3579 2894 projecit

2005 2919 2151 2982 illuc,
2182 2928 2236 2974 et
2265 2920 2529 2974 innatavit
2563 2920 2785 2973 ferrum.
2815 2919 2882 2972 Et
2914 2919 3050 2973 dixit
3076 2935 3091 2972 :
3119 2916 3326 2971 Attolle
3353 2916 3470 2969 tibi.
3509 2913 3579 2969 Et

2005 3010 2249 3066 extendit
2301 3026 2519 3065 manum
2567 3025 2742 3073 suam,
2790 3017 2845 3064 et
2888 3010 3099 3079 accepit
3138 3008 3288 3061 illud.
3317 3025 3336 3059 ι
3365 3005 3576 3061 Etenim

2007 3118 2103 3172 per
2130 3101 2382 3157 Elisaeum
2416 3103 2635 3172 quidem
2671 3103 2941 3156 hominem
2986 3102 3101 3165 Dei,
3147 3109 3203 3155 et
3246 3101 3580 3170 interrogan-

2015 3202 2143 3255 tem,
2206 3211 2226 3245 ι
2254 3193 2354 3248 Ubi
2406 3194 2603 3248 cecidit
2634 3212 2653 3245 ι
2694 3193 2939 3248 securis?
2971 3193 3380 3263 signiﬁcabatur
3415 3189 3578 3257 Deus,

2011 3286 2102 3355 qui
2135 3301 2256 3339 cum
2287 3286 2597 3340 hominibus
2621 3297 2868 3341 versatus
2894 3294 2997 3349 est,
3031 3284 3234 3353 quique
3263 3283 3391 3338 olim
3413 3281 3578 3336 dixit:

2015 3378 2218 3431 «Adam
2249 3376 2666 3447 (39),ubies?n
2723 3376 2826 3431 l'er
2883 3390 3044 3429 unam
3096 3388 3224 3429 vero
3278 3387 3579 3444 personant,

2011 3481 2130 3536 qua:
2166 3467 2365 3537 lignum
2406 3467 2615 3537 dt-jicit,
2666 3476 2721 3521 et
2769 3467 3010 3521 ostendit
3053 3466 3253 3529 locum,
3304 3464 3355 3517 in
3405 3478 3569 3532 quem

2011 3562 2215 3617 securis
2266 3561 2481 3625 cecidit,
2532 3561 2772 3615 Adamus
2829 3560 3245 3630 designabatur,
3301 3557 3392 3625 qui
3449 3554 3585 3611 Deo-

2012 3668 2174 3723 quem
2233 3651 2366 3706 nihil
2422 3652 2573 3715 latet,
2631 3650 2929 3719 respondit,
2963 3648 3192 3703 «Nudus
3219 3646 3331 3716 (40)
3357 3661 3497 3706 sum,
3529 3651 3584 3698 et

2012 3758 2100 3796 tne
2156 3742 2433 3808 abscondi,
2471 3761 2490 3793 ι
2546 3749 2709 3809 atque
2759 3740 2844 3794 his
2883 3739 3065 3794 verbis
3112 3738 3286 3791 locum
3323 3735 3581 3799 ostendit,

2012 3834 2103 3888 ubi
2159 3848 2269 3904 prze
2323 3832 2648 3887 verecundia
2709 3846 2827 3887 sese
2884 3831 3249 3886 abscondebat
3298 3845 3312 3882 :
3368 3830 3586 3895 insuper

2013 3941 2142 3980 vero
2200 3923 2550 3978 indicabatur
2603 3924 2767 3977 etiam
2830 3924 3052 3993 planta,
3109 3936 3272 3991 quam
3328 3920 3584 3988 tetigerat

2013 4027 2199 4071 contra
2234 4016 2316 4070 fas
2341 4034 2355 4080 ;
2382 4031 2480 4082 per
2509 4015 2711 4069 ferrum
2754 4025 2956 4079 autem,
3005 4014 3149 4084 quod
3178 4013 3373 4068 cecidit
3399 4013 3451 4065 in
3484 4013 3587 4065 ob-

2015 4124 2226 4163 scuram
2259 4108 2709 4177 profunditatem,
2745 4107 2825 4162 vis
2856 4110 3105 4162 humana:
3128 4116 3336 4159 naturae
3364 4106 3588 4159 denota-

2014 4201 2193 4266 batur,
2232 4217 2352 4270 quae
2399 4201 2605 4254 excidit
2630 4215 2660 4253 a
2693 4199 2831 4263 luce,
2877 4209 3162 4268 propterea
3195 4197 3336 4265 quod
3368 4210 3583 4249 manum

342 4310 570 4365 πτισμα·
600 4297 659 4348 ὲν
683 4295 790 4367 γὰρ
816 4295 892 4366 τῷ
929 4297 1166 4368 Ἰορδάνῃ
1195 4298 1327 4350 616v
1364 4298 1635 4367 Ἰορδάνην
1664 4297 1907 4367 ποιήσας,

2016 4293 2259 4360 iniecerit
2314 4292 2475 4345 homo
2538 4293 2592 4345 in
2638 4292 2840 4360 lignum
2880 4291 3035 4355 vitae;
3078 4304 3175 4358 per
3212 4289 3262 4342 id
3289 4300 3418 4341 vero
3443 4286 3585 4353 quod

340 4384 696 4456 βαπτισθῆναι
724 4387 789 4440 δι’
817 4389 966 4459 ἡμᾶς
991 4387 1343 4458 κατηξίωσεν.
1378 4388 1476 4441 Διά
1508 4388 1566 4440 δὲ
1600 4387 1693 4441 τοῦ
1725 4390 1907 4441 ἐπιπο-

2015 4382 2173 4446 dixit,
2219 4400 2239 4434 ι
2266 4384 2332 4436 Et
2362 4382 2495 4437 illud
2528 4381 2928 4436 commodatum
2964 4383 3158 4442 fuerat,
3194 4397 3211 4429 ι
3247 4376 3586 4448 signiﬁcaba-

337 4480 503 4532 λάσαι
536 4482 647 4544 τοῖς
687 4479 841 4533 ὕδασι
879 4479 970 4533 τὸν
1002 4480 1236 4549 σίδηρον,
1272 4480 1365 4531 καὶ
1405 4478 1580 4531 ἐλθεῖν
1635 4476 1773 4547 πρὸς
1823 4477 1907 4529 τὸν

2019 4484 2125 4538 tur,
2162 4487 2227 4527 ex
2255 4475 2396 4527 dono
2425 4474 2516 4528 Dei
2550 4472 2803 4527 habuisse
2821 4471 3208 4540 protOplastuut
3240 4483 3385 4532 eam,
3420 4482 3584 4535 quam

337 4568 702 4636 ἀπολέσαντα,
732 4570 794 4622 16
826 4569 914 4622 διὰ
952 4568 1048 4622 τοῦ
1079 4570 1424 4638 φωτίσματος
1454 4570 1533 4632 είς
1576 4569 1638 4621 16
1666 4568 1907 4638 οὐράνιον

2018 4566 2201 4619 amisit
2229 4565 2375 4628 vim;
2408 4578 2568 4633 quam
2621 4564 2785 4617 etiam
2831 4560 2980 4614 illum
3035 4559 3320 4627 oportebat
3371 4557 3442 4619 ei,
3493 4557 3586 4624 qui

337 4661 708 4734 ἀναφέρεσθαι
743 4662 962 4732 ὕψωμα,
1008 4662 1100 4715 καὶ⁹
1128 4662 1228 4733 τὴν
1257 4661 1524 4732 προτέραν
1552 4659 1907 4729 ἀποδέχεσθαι

2019 4658 2192 4727 ipsam
2220 4655 2469 4717 dederat,
2498 4653 2659 4707 talem
2698 4653 2980 4707 restituere
3017 4653 3231 4720 qualem
3274 4657 3581 4718 acceperat.

337 4753 521 4825 χάριν,
543 4754 636 4807 καὶ
677 4752 775 4824 τὴν
823 4753 1055 4826 ἀρχαίαν
1096 4751 1498 4822 ἀπολαμϐάνειν
1535 4751 1787 4822 πατρίδα·
1824 4750 1907 4805 διὰ

2018 4749 2122 4803 Per
2152 4748 2352 4819 lignum
2403 4761 2557 4812 vero,
2597 4745 2740 4815 quod
2766 4755 3046 4814 acceptum
3071 4752 3172 4809 est,
3200 4752 3252 4797 et
3285 4742 3584 4812 projectum

418 4974 531 5043 (55)
566 4973 739 5043 Typus
768 4984 903 5029 erat.
938 4972 1065 5027 “me
1107 4973 1196 5028 vix
1260 4959 1519 5043 attingit’
1539 4970 1907 5043 Tertullianus
2018 5039 2055 5043 __
2086 4969 2197 5043 (57)
2226 4965 2497 5035 Tanquam
2530 4981 2617 5043 ros
2675 4967 2920 5043 Aergnon.
2954 4963 3034 5043 Ex
3093 4961 3481 5043 Psal._cx_xx_tt,
3531 4964 3587 5019 5.

340 5033 440 5101 lib.
467 5033 541 5098 οὶ
567 5033 709 5108 bent.
733 5059 848 5113 cap.
874 5046 927 5099 9.
961 5044 1125 5099 Valde
1159 5044 1352 5099 similia
1385 5033 1512 5113 ν’ἒνο
1541 5043 1703 5113 habet
1733 5042 1908 5095 Theo-
2016 5033 2297 5113 Hebraeum
2336 5033 2631 5113 exemplar,
2649 5035 3000 5113 lar-Vulgata
3023 5033 3541 5113 translatio‘ltabent
3572 5051 3587 5088 :

344 5119 564 5168 duretus
594 5104 648 5168 in
671 5104 1082 5169 Commentariis
1110 5116 1162 5166 in
1195 5113 1365 5179 Epist.
1397 5111 1507 5165 lad
1535 5109 1658 5166 Cor.
1690 5126 1807 5176 cap.
1849 5126 1905 5172 κ,
2019 5127 2037 5159 ι
2076 5107 2306 5161 llermon
2326 5122 2355 5179 με.
2387 5123 2405 5156 ι
2440 5104 2624 5179 Graeca
2648 5105 2818 5159 Biblia
2850 5115 2904 5157 et
2944 5104 3198 5179 Didymus
3220 5118 3241 5179 _:
3268 5104 3587 5168 «Aermon,»

341 5201 491 5239 vers.
519 5185 568 5247 ι,
600 5183 852 5247 tom.-l|l,
889 5200 1011 5253 pag.
1051 5182 1174 5253 166.
1210 5173 1368 5253 Lege,
1395 5182 1438 5235 si
1475 5182 1668 5248 placet,
1693 5173 1813 5253 quia:
1842 5182 1908 5233 de
2013 5193 2199 5253 vocem
2241 5176 2449 5253 sc_i|i_cet
2478 5176 3013 5253 tribusconstantem
3042 5173 3282 5253 sxllabis;

342 5270 509 5310 sensu
540 5240 765 5325 mystico
793 5240 929 5308 libr-0
956 5240 1032 5307 im
1069 5246 1252 5325 contra
1283 5240 1815 5325 Faustamcapfii
1855 5259 1909 5304 et
2054 5317 2064 5325 _
2097 5247 2208 5325 (38)
2240 5245 2412 5325 Ἰυὶι,
2462 5256 2593 5325 ιιιο.⁸
2624 5243 2977 5325 ινωιιξεεκηνι
2999 5284 3013 5308 ,
3074 5240 3219 5325 λιν-7..
3249 5240 3596 5325 compluten-

344 5340 505 5393 seqq.
549 5311 767 5394 séripsit
809 5324 1144 5392 Augustinus
1181 5323 1300 5377 :ibi
1353 5322 1497 5377 enim
1559 5311 1675 5375 haec
1704 5329 1760 5375 et
1803 5321 1917 5390 ipse
2021 5311 2291 5394 sis'editio
2347 5316 2526 5394 aliter.
2567 5317 2637 5394 At
2669 5311 3224 5394 Diblia'Francql'ut-ti
3252 5313 3394 5366 edita
3430 5312 3595 5394 Didy-

342 5380 591 5465 exétnpla
610 5380 832 5465 profert.
866 5380 925 5465 ζ
1172 5419 1179 5425 ~
1256 5462 1267 5465 _
1388 5462 1398 5465 Α
1532 5461 1548 5465 _
1824 5380 1865 5465 '_
2025 5388 2097 5440 mi
2123 5387 2410 5465 lectionem
2440 5387 2492 5465 in
2529 5386 2713 5439 multis
2753 5385 3034 5465 exhibent:
3070 5380 3369 5465 Utramque
3396 5380 3594 5435 editio-

422 5452 530 5534 (56)
567 5452 838 5519 Αῖιιαναηι.
864 5462 1227 5517 Tertullianus
1253 5462 1489 5534 breviter
1512 5460 1914 5534 haecexponit.
2024 5459 2415 5534 nemconterat
2442 5456 2608 5534 lector
2641 5471 2760 5509 cum
2803 5458 2904 5534 hoc
2933 5452 3144 5534 Didymi
3177 5452 3314 5534 loco.

350 5552 374 5587 ι
416 5524 543 5587 Ιίειίι
571 5534 690 5606 (ait)
744 5549 881 5606 aqua
939 5534 1006 5606 de
1047 5533 1425 5606 amaritudinis
1473 5530 1706 5606 vitio__in
1744 5524 1915 5606 usum
2061 5526 2210 5606 _(59)
2258 5526 2459 5606 ddum.-
2517 5524 2653 5606 fieri.
2703 5539 2786 5606 tu,
2832 5524 2886 5577 9.
2932 5524 3140 5606 l‘joruut
3185 5531 3376 5606 autem
3406 5532 3594 5606 omnes

349 5592 694 5658 commodum
728 5592 1013 5658 suavitatis
1059 5601 1223 5656 Musei
1262 5602 1404 5670 ligno
1442 5600 1789 5654 remediatur.
1822 5599 1917 5651 Li-
2035 5592 2295 5670 theologi,
2332 5595 2461 5664 quid
2497 5595 2563 5670 de
2594 5595 2752 5649 Verbi
2794 5605 2917 5670 ante
2949 5592 3382 5670 incarnationem
3423 5602 3589 5666 appa-

347 5689 513 5741 gnum
549 5674 678 5727 illud
708 5682 827 5727 erat
858 5673 1127 5743 Chrisms,
1161 5659 1439 5743 venenata:
1463 5678 1518 5724 et
1556 5683 1755 5743 amara:
1780 5678 1925 5743 retro
2034 5659 2322 5743 ritio_nibu_s
2350 5659 2623 5743 senserint
2647 5665 2969 5743 vetustiores
3000 5659 3375 5743 Patreshqulos
3413 5659 3593 5725 sequi—

350 5727 557 5797 rnatum
570 5756 734 5798 venas
774 5744 827 5797 in
854 5727 1232 5797 saluberrimas
1248 5756 1414 5807 aquas
1430 5737 1923 5807 baptismi,scilicet
2032 5737 2334 5807 turhoein
2363 5734 2794 5807 loco_Didymus,
2817 5742 2890 5807 _ut
2919 5743 2973 5789 et
2998 5745 3169 5800 scgut.
3199 5729 3268 5783 52
3295 5727 3345 5780 ιι.

348 5827 422 5865 ex
467 5826 587 5868 sese
618 5808 960 5867 ~rentedrians.
999 5829 1020 5863 ι
1054 5809 1184 5876 Quae
1236 5801 1366 5863 ve'ro
1407 5801 1664 5878 Didymus
1686 5801 1920 5878 subjici:
2100 5803 2451 5877 (ΜηΝιιάιιε.
2481 5801 2735 5871 σιειιζιιι,
2771 5802 2857 5858 10.

351 5895 523 5953 usque
537 5880 604 5937 ad
625 5896 792 5955 segni.
818 5882 919 5938 125
938 5881 990 5949 b,
1004 5883 1070 5938 de
1087 5881 1151 5938 iis
1164 5895 1268 5936 nou
1285 5876 1521 5949 loquitur
1534 5876 1911 5936 Tertullianus.
