4054 6404
515 413 622 469 699

1729 399 1965 466 DIDYMI
2009 408 2470 465 ALEXANDRINI

3645 415 3740 473 700

517 531 571 582 in
621 543 743 582 eum
797 527 995 592 locum,
1052 527 1141 582 ubi
1169 536 1286 584 erat
1308 527 1451 598 quod
1484 527 1850 598 qumebatur,
1879 539 2087 590 sancta,

2195 525 2246 578 δὲ
2288 523 2380 578 τοῦ
2413 524 2664 596 γράφειν,
2696 543 2716 577 ι
2741 525 2991 595 ’Υψωσον
3051 526 3282 598 σεαυτῷ,
3321 546 3339 580 ι
3385 527 3476 582 καὶ
3499 527 3586 582 διὰ
3629 531 3739 596 τοῦ,

519 619 841 688 hymnisque
917 623 1135 686 semper
1194 621 1514 674 celebranda
1581 635 1715 674 crux
1775 620 2094 688 designaba-

519 719 608 760 tur
657 706 794 778 (ﬂ);
845 721 940 776 per
992 708 1284 762 Jordanem
1339 708 1503 778 267
1561 723 1726 774 vero,
1791 708 2095 762 immortale

517 799 821 866 baptisma;
861 815 986 853 nam
1033 799 1086 853 in
1125 797 1358 854 Iordane
1416 801 1462 855 is
1501 800 1591 868 qui
1624 798 1914 854 Jnrdauem
1946 799 2092 854 fece-

521 899 626 960 rat,
659 889 923 956 baptizari
968 901 1187 960 propter
1223 907 1319 946 nos
1375 893 1623 961 dignatus
1661 901 1762 946 est.
1802 891 1956 946 Ferri
1997 906 2093 945 au-

521 987 628 1033 tem
679 979 942 1033 innatatio
983 981 1037 1034 in
1085 981 1262 1049 aquis,
1297 981 1524 1050 ejusque
1565 996 1814 1036 accessus
1859 981 1924 1036 ad
1970 996 2093 1036 eum

520 1067 611 1136 qui
647 1067 777 1123 illud
803 1069 1081 1132 amiserat,
1109 1070 1470 1137 signiﬁcabat,
1503 1085 1602 1124 nos
1634 1085 1731 1139 per
1767 1071 2091 1139 baptismum

523 1159 576 1212 in
611 1159 889 1214 cmlestem
925 1161 1313 1214 sublimitatem
1341 1161 1550 1226 extolli,
1575 1170 1632 1214 et
1660 1161 1942 1228 pristinam
1974 1175 2093 1223 gra-

520 1250 654 1303 tiam
681 1251 978 1319 suscipere,
1012 1259 1066 1304 et
1091 1261 1325 1305 veterem
1352 1252 1580 1319 patriam
1617 1251 1875 1318 recipere.
1916 1249 2090 1304 Verba

519 1355 650 1395 vero
692 1341 803 1403 illa,
835 1361 856 1392 ι
888 1342 1074 1396 attolle
1121 1342 1238 1406 tibi,
1264 1363 1283 1394 ι
1322 1351 1483 1411 atque
1516 1343 1630 1396 haec
1667 1341 1794 1406 alia,
1843 1360 1862 1393 ι
1895 1341 2095 1396 Exten-

519 1430 600 1485 dit
634 1446 862 1485 manum
882 1441 938 1486 et
983 1431 1221 1500 accepit,
1258 1451 1277 1484 ι
1310 1431 1650 1501 significant,
1694 1447 1830 1501 opus
1867 1447 1990 1487 esse
2037 1443 2095 1486 ut

524 1522 788 1590 sciamus,
831 1524 975 1593 quod
1001 1523 1088 1579 ille
1125 1523 1239 1593 ipse
1265 1565 1282 1588 ,
1325 1525 1418 1594 qui
1449 1525 1516 1579 ad
1555 1525 1879 1594 baptismum
1910 1541 2094 1580 acces-

517 1613 617 1679 sit,
645 1616 868 1669 credere
905 1615 1083 1683 debet,
1123 1625 1179 1670 et
1225 1616 1492 1680 attollere,
1545 1617 1598 1670 id
1643 1625 1750 1679 est,
1788 1615 2096 1685 gloriﬁcare

517 1705 631 1776 (42)
666 1721 732 1761 eo
763 1708 943 1774 modo,
979 1707 1069 1777 qui
1115 1707 1368 1778 baptismi
1429 1708 1547 1779 lege
1586 1723 1648 1763 ac
1674 1707 1903 1762 formula
1954 1724 2093 1774 prae-

516 1801 754 1868 scriptus
795 1799 914 1867 fuit,
961 1810 1017 1855 et
1071 1800 1191 1856 illas
1232 1815 1424 1857 manus
1465 1815 1610 1855 nunc
1653 1812 1798 1856 recte
1821 1801 1888 1854 ad
1921 1800 2088 1855 Deum

2203 634 2223 665 ι
2277 615 2534 678 Ἐξέτεινε
2562 614 2660 686 τὴν
2690 619 2864 687 χεῖρα,
2897 618 2990 671 καὶ
3014 617 3192 682 ἔλασε,
3251 638 3270 670 ι
3310 618 3370 671 τὸ
3403 619 3510 672 δεῖν
3536 620 3738 686 εἰδέναι,

2195 705 2270 770 ὡς
2302 705 2463 759 αὑτὸν
2496 706 2586 759 τὸν
2641 707 2930 778 προσιόντα
2986 706 3064 778 τῷ
3097 710 3422 780 φωτῖσματι,
3473 711 3742 766 πιστεῦσαι

2197 795 2390 868 χρεὼν,
2419 797 2514 850 καὶ
2558 795 2790 865 ὑψῶσαι,
2818 797 2960 850 τοῦτ’
2999 797 3116 851 ἔστι
3169 798 3406 865 δοξάσαι,
3438 799 3624 867 οὕτως,
3673 805 3743 867 ὡς

2197 887 2557 958 βαπτισθῆναι
2597 890 3014 960 προστέτακται,
3042 889 3136 943 καὶ
3165 889 3400 944 ἐκτεῖναι
3419 890 3512 944 νῦν
3530 891 3624 956 τὰς
3639 897 3741 962 χεῖ-

2198 995 2297 1050 ρας
2325 978 2503 1042 καλῶς
2530 982 2611 1044 είς
2655 979 2748 1032 τὸν
2775 980 2926 1045 Θεὸν,
2961 981 3027 1044 ἃς
3061 981 3252 1044 πάλαι,
3293 981 3372 1052 τῷ
3411 982 3572 1053 κοινῷ
3610 983 3744 1055 λόγῳ

2192 1069 2290 1139 τῆς
2328 1069 2464 1140 πρὸς
2494 1071 2585 1123 τὸν
2628 1071 2798 1142 Ἀδὰμ
2833 1071 3067 1140 φυσικῆς
3094 1069 3357 1136 ὲνὼσεως,
3381 1073 3441 1126 οὐ
3477 1073 3648 1138 καλῶς
3673 1077 3746 1140 είς

2193 1161 2254 1213 τὸ
2281 1161 2446 1230 φυτὸν
2492 1163 2588 1232 τῆς
2622 1162 2768 1232 ζωῆς
2789 1163 3070 1217 ἐπέϐαλεν.
3109 1159 3212 1216 Τὸν
3241 1163 3298 1216 δὲ
3337 1163 3608 1218 ἀνανεύειν
3635 1166 3747 1219 ἑθέ-

2193 1248 2370 1314 λοντα,
2425 1251 2504 1304 ὅτι
2538 1251 2631 1305 καὶ
2676 1252 2736 1305 τὸ
2763 1253 2959 1322 χωρίον
2989 1251 3147 1318 τοῦτο
3176 1253 3478 1324 προφητεία
3507 1255 3630 1324 περὶ
3659 1254 3745 1308 τοῦ

2197 1339 2568 1411 βαπτίσματός
2610 1345 2776 1405 ἐστιν,
2826 1343 2974 1409 ἄξιον
3017 1344 3287 1408 ἀπαιτεῖν,
3332 1344 3384 1396 τί
3409 1345 3467 1398 τὸ
3495 1347 3748 1416 χρήσιμον

2193 1432 2301 1483 τῶν
2329 1433 2546 1486 τοιῶνδε
2593 1434 2851 1505 ῥημάτων
2895 1435 2989 1488 καὶ
3021 1434 3391 1506 διηγημάτων,
3415 1437 3549 1507 πρὸς
3575 1437 3603 1490 δ
3639 1437 3750 1506 βλέ-

2195 1538 2312 1575 πων
2344 1523 2372 1574 ὁ
2403 1523 2545 1595 ἱερὸς
2598 1526 2948 1595 συγγραφεὺς
2987 1526 3161 1579 ταῦτα
3212 1525 3474 1583 τέθεικεν.
3504 1529 3612 1582 Καὶ⁴
3654 1528 3749 1598 τῆς

2195 1615 2252 1666 ὲν
2281 1615 2488 1686 Ἰεριχὼ
2511 1616 2568 1670 δὲ
2598 1619 2780 1688 πηγῆς
2801 1617 2864 1670 τὸ
2901 1619 3094 1688 πικρὸν
3129 1621 3222 1672 καὶ
3253 1621 3567 1689 ἀγονοποιὸν
3593 1621 3746 1692 ὕδωρ,

2197 1705 2465 1775 προσηνὲς
2489 1708 2583 1760 καὶ
2609 1708 2827 1777 γόνιμον
2855 1709 3183 1772 άποτελέσας
3209 1711 3239 1762 ὀ
3269 1709 3430 1774 αὐτὸς
3455 1711 3747 1781 προφήτης,

2197 1795 2256 1848 ἐν
2278 1795 2356 1866 τῷ
2393 1796 2527 1861 ἃλας
2548 1800 2643 1852 καὶ
2673 1798 2836 1870 ὕδωρ,
2865 1800 2958 1852 καὶ
2991 1801 3070 1862 είς
3099 1800 3282 1870 ὑδρίαν
3313 1801 3502 1872 καινὴν
3561 1801 3747 1871 βαλεῖν,

514 1891 828 1956 extendere,
859 1907 997 1962 quas
1021 1891 1148 1946 olim
1183 1892 1455 1948 communi
1489 1891 1753 1945 naturalis
1783 1906 1906 1946 cum
1941 1890 2088 1943 Ada-

2197 1887 2290 1940 καὶ
2313 1888 2407 1940 ἀπ’
2430 1889 2597 1958 αὐτῆς
2622 1892 2702 1954 είς
2725 1868 2794 1943 τὸ
2811 1893 3040 1960 πηγαῖον
3073 1868 3236 1962 ὕδωρ,
3265 1893 3358 1945 καὶ
3387 1868 3572 1960 φάναι,
3610 1913 3629 1944 ι
3653 1893 3752 1948 Td-

518 1998 608 2036 mo
640 1971 854 2038 unionis
890 1967 1101 2038 ratione
1134 1999 1239 2038 non
1277 1993 1427 2038 recte
1463 1983 1516 2036 in
1547 1982 1781 2053 plantam
1817 1983 1938 2037 vita:
1961 1983 2092 2051 inje-

517 2074 612 2127 cit.
649 2072 803 2140 Quod
829 2075 877 2130 si
910 2075 1032 2144 quis
1063 2089 1317 2140 renuens,
1361 2088 1428 2129 ac
1467 2090 1530 2130 ea
1561 2089 1682 2145 qua:
1713 2075 1962 2139 dicimus,
1990 2075 2094 2130 im-

514 2163 750 2234 probans
783 2165 1110 2234 baptismum
1149 2167 1202 2219 in
1238 2165 1341 2220 hoc
1370 2164 1666 2234 Scriptura:
1691 2165 1810 2220 loco
1839 2180 2094 2235 praenun-

516 2256 639 2310 tiari
672 2257 965 2324 inticielur,
1003 2259 1072 2312 ab
1117 2257 1210 2312 illo
1252 2257 1514 2312 sciscitari
1555 2273 1652 2328 par
1695 2267 1810 2325 est,
1844 2273 2089 2326 quaenam

514 2343 590 2399 sit
647 2344 832 2399 talium
888 2344 1174 2402 verborum
1253 2361 1320 2400 ac
1403 2349 1770 2402 narrationum
1847 2347 2088 2415 utilitas,

513 2448 677 2504 quam
714 2435 826 2505 (45)
861 2436 1159 2504 respexerit
1199 2453 1358 2492 sacer
1395 2439 1649 2508 scriptor,
1683 2439 1808 2493 dum
1847 2439 1962 2492 haec
1991 2453 2090 2507 p0-

516 2525 647 2580 suit.
690 2524 826 2580 Cum
868 2541 1000 2581 vero
1039 2527 1181 2582 idem
1221 2530 1481 2598 propheta
1537 2529 1725 2594 fontis,
1765 2532 1856 2600 qui
1913 2530 1965 2583 in
2002 2528 2092 2586 Je-

515 2615 670 2668 richo
699 2624 837 2682 erat,
876 2631 1071 2685 aquam
1110 2633 1176 2672 ex
1219 2634 1403 2673 amara
1443 2629 1498 2674 et
1537 2621 1711 2675 sterili
1752 2636 1998 2687 suavem,
2037 2632 2092 2678 et

513 2709 800 2763 fecundam
844 2707 1001 2774 fecit,
1055 2709 1224 2764 salem
1264 2719 1318 2765 et
1366 2726 1568 2780 aquam
1641 2723 1752 2768 tum
1797 2713 1850 2767 in
1893 2728 2087 2768 novam

516 2798 632 2870 (44)
684 2800 958 2871 hydriam,
994 2807 1106 2854 tum
1155 2815 1220 2856 ex
1269 2816 1329 2856 ea
1369 2801 1424 2856 in
1470 2801 1630 2858 fontis
1670 2818 1865 2872 aquam
1916 2805 2089 2874 proji-

513 2891 688 2958 eiens,
728 2902 782 2947 et
821 2893 1070 2963 inquiens
1095 2893 1230 2964 (45),
1263 2911 1282 2946 ι
1305 2893 1429 2950 llaec
1461 2896 1592 2950 dicit
1623 2895 1879 2952 Dominus
1905 2915 1916 2951 :
1947 2897 2090 2953 Sano

513 2996 686 3052 aquas
725 2983 883 3050 istas;
913 3003 933 3036 ι
976 2986 1356 3054 praenuntiavit
1385 3000 1480 3056 per
1509 2989 1913 3044 renovationem
1966 2990 2092 3059 qui-

517 3075 639 3127 dem
678 3073 884 3144 hydriaa
919 3083 976 3128 et
1015 3090 1190 3144 aquae,
1245 3089 1440 3130 novam
1489 3079 1612 3132 novi
1653 3076 1875 3135 foederis
1915 3080 2087 3150 pisci-

513 3181 678 3232 nam;
737 3181 835 3236 per
881 3167 1048 3223 salem
1103 3183 1254 3233 vero,
1315 3168 1494 3234 ﬁdem,
1541 3180 1597 3224 et
1637 3185 1780 3237 eam,
1821 3185 1980 3241 quam
2019 3189 2085 3228 ex

512 3256 618 3310 hac
664 3259 1012 3327 percipimus,
1074 3260 1399 3326 utilitatem;
1454 3275 1552 3331 per
1605 3277 1798 3330 aquam
1849 3263 2086 3330 demum,

513 3357 656 3412 quae.
683 3358 807 3398 cum
835 3356 981 3400 esset
1007 3347 1284 3415 qualitatis
1327 3364 1543 3418 (λιμοι-ε,
1582 3349 1836 3414 fecunda,
1873 3361 1927 3407 et
1959 3369 2088 3408 sua-

513 3435 596 3488 vis
622 3435 874 3490 omuibus
930 3435 1078 3491 facta
1136 3449 1240 3504 est,
1294 3441 1656 3510 prophetavit,
1705 3443 1846 3512 quod
1897 3444 1987 3514 qui
2021 3444 2088 3500 ad

512 3525 838 3596 baptismum
907 3529 1208 3594 accedunt.
1273 3533 1470 3588 veteris
1545 3535 1818 3592 mmStitia:
1890 3539 2090 3594 tunicis

511 3627 814 3684 exuuntur,
872 3625 928 3672 et
981 3634 1150 3674 onera
1211 3621 1521 3689 deponunt,
1581 3634 1632 3678 et
1694 3641 1847 3680 nova:
1899 3630 2090 3695 gratiae

515 3708 660 3781 do‘no
712 3707 1030 3774 induuntur,
1093 3722 1148 3765 et
1200 3711 1452 3768 salutaris
1503 3713 1741 3784 Spiritus
1797 3717 2091 3788 participa-

525 3799 670 3854 tione
722 3798 996 3865 iruuntur,
1059 3813 1224 3872 atque
1274 3807 1564 3872 adoptione
1607 3808 1659 3861 in
1701 3809 1860 3864 lilios.
1922 3809 2092 3866 Porro

521 3887 759 3956 Spiritus
803 3891 978 3944 sancti
1021 3905 1232 3945 summe
1266 3892 1566 3950 ineﬂ‘abiles
1597 3895 1650 3950 in
1681 3896 2091 3963 baptismalibus

519 3982 679 4052 aquis
716 3983 956 4050 divitias,
1001 3993 1056 4038 et
1092 3986 1529 4056 propitiationem
1559 3989 1668 4060 (46)
1700 3991 1920 4060 pulchre
1948 3992 2090 4047 idem

515 4076 778 4146 propheta
807 4076 1173 4146 praedocuisse
1205 4079 1439 4143 videtur,
1486 4095 1550 4134 ac
1595 4081 1722 4136 illud
1760 4083 1917 4136 simul
1949 4083 2092 4138 iudi-

513 4183 687 4232 casse,
719 4167 786 4222 ad
817 4181 1031 4232 omnes,
1063 4170 1151 4238 qui
1187 4180 1602 4236 convertuntur,
1629 4183 1684 4226 et
1713 4176 1779 4228 ad
1812 4175 2092 4230 universas

512 4258 780 4314 humanas
815 4259 954 4312 vitas
987 4259 1207 4313 extendi
1247 4260 1616 4316 universalem
1647 4263 1883 4333 Spiritus
1915 4265 2090 4318 sancti

512 4351 929 4417 providentiam,
979 4351 1114 4406 adeo
1160 4360 1220 4404 ιιι
1266 4367 1425 4404 nemo
1469 4367 1682 4420 eorum,
1741 4355 1829 4422 qui
1882 4355 2091 4420 nolunt,

513 4439 753 4508 n-jectus
799 4439 1146 4504 inveniatur;
1201 4454 1326 4493 cum
1385 4438 1750 4496 Nehemanum
1789 4442 1955 4514 268
1987 4443 2093 4514 Sy-

2195 1982 2415 2050 δελέγει
2441 1983 2662 2055 Κύριος·
2707 1985 2892 2056 ’ῐαμαι
2919 1985 2988 2038 τὰ
3038 1984 3204 2038 ὕδατα
3233 1985 3424 2040 ταῦτα·
3469 2005 3490 2038 ι
3531 1985 3752 2055 προηγό-

2197 2090 2377 2144 ρευσε,
2433 2075 2522 2128 διὰ
2554 2077 2652 2146 μὲν
2681 2077 2779 2147 τῆς
2799 2077 3146 2148 καινουργίας
3163 2077 3349 2148 ὑδρίας
3378 2078 3474 2132 καὶ
3520 2077 3610 2130 τοῦ
3639 2077 3753 2134 65a-

2192 2183 2304 2229 τος,
2349 2167 2449 2236 τὴν
2479 2167 2607 2220 νέαν
2637 2157 3042 2239 κολυμϐήθραν
3075 2169 3162 2222 διὰ
3201 2169 3259 2222 δὲ
3300 2169 3408 2222 τῶν
3444 2169 3606 2233 ἁλῶν,
3659 2169 3750 2239 τὴν

2193 2257 2375 2310 πίστιν
2398 2259 2492 2311 καὶ
2517 2259 2616 2330 τὴν
2644 2258 2704 2324 ἐξ
2729 2260 2899 2332 αὐτῆς
2931 2259 3137 2330 ὄνησιν·
3173 2261 3260 2314 διὰ
3287 2261 3343 2314 δὲ
3372 2261 3467 2314 τοῦ
3495 2261 3556 2314 τὸ
3577 2263 3750 2318 ἄποιον

2193 2347 2358 2420 ὕδωρ,
2392 2349 2612 2420 γόνιμον
2641 2352 2736 2405 καὶ
2757 2351 3009 2422 νόστιμον
3063 2354 3196 2406 πᾶσι
3229 2352 3576 2422 γεγενῆσθαι,
3617 2368 3744 2422 προ-

2195 2443 2517 2511 εφήτευσεν,
2539 2440 2614 2504 ὡς
2633 2423 2684 2493 oi.
2710 2441 3162 2512 προσομιλοῦντες
3185 2441 3262 2512 τῷ
3296 2442 3648 2514 βαπτίσματι,
3662 2441 3751 2512 τῆς

2192 2531 2426 2594 παλαιᾶς
2454 2530 2580 2602 [125
2603 2530 2654 2603 b]
2687 2531 3041 2603 στυγνότητος
3079 2531 3404 2586 ἀποδύονται
3439 2533 3566 2598 τοὺς
3601 2533 3754 2604 χιτῶ-

2192 2640 2310 2686 νας,
2333 2623 2425 2676 καὶ
2447 2621 2883 2676 ἀποτίθενταιτά
2914 2623 3128 2694 φορτία,
3151 2625 3242 2678 καὶ
3273 2624 3368 2695 τῆς
3393 2625 3521 2689 νέας
3547 2624 3752 2696 χάριτος

2191 2713 2463 2767 ἐνδύονται
2480 2713 2579 2785 τὴν
2592 2712 2818 2784 δωρεὰν,
2833 2715 2926 2766 καὶ
2939 2713 3368 2784 άπολαύουσιτῆς
3381 2715 3476 2769 τοῦ
3501 2716 3751 2788 σωτηρίου

2192 2807 2508 2878 Πνεύματος
2529 2805 2818 2877 μετουσίας
2851 2807 2944 2859 καὶ
2963 2805 3248 2870 υἱοθεσίας.
3263 2809 3419 2860 Δοκεῖ
3440 2825 3532 2878 μοι
3562 2807 3750 2870 καλῶς,

2191 2897 2272 2950 δτι
2297 2895 2389 2950 τοῦ
2409 2897 2562 2966 ἁγίου
2580 2895 2718 2948 Πνεύ
2727 2913 2894 2966 ματος
2913 2895 3001 2950 τὸν
3019 2896 3110 2948 ἐπὶ
3131 2900 3241 2960 τοῖς
3257 2897 3622 2966 βαπτιστικοῖς
3642 2897 3752 2950 ὓδα-

2193 3005 2276 3044 σιν
2302 2988 2668 3060 ᾀῤῥητότατον
2691 2987 2918 3040 πλοῦτον
2941 2987 3034 3040 καὶ
3067 2987 3292 3058 ἱλασμὸν
3337 2989 3702 3060 προδιδάσκων
3725 2990 3752 3040 ό

2191 3080 2372 3144 αὐτὸς,
2407 3080 2502 3133 κα).
2534 3080 2616 3132 δτι
2643 3081 2724 3142 είς
2745 3079 2952 3142 πάντας
2969 3079 3094 3142 τοὺς
3108 3080 3533 3150 ἐπιστρέφοντας
3559 3081 3648 3134 καὶ
3679 3082 3751 3142 είς

2194 3171 2398 3234 πάντας
2415 3171 2540 3233 τοὺς
2557 3169 2926 3242 ἀνθρωπίνους
2945 3167 3091 3238 βίους
3112 3169 3361 3222 διατείνει
3376 3173 3408 3241 ή
3441 3173 3534 3224 ἐπὶ
3551 3173 3751 3226 πάντων

2195 3258 2537 3330 πνευματικὴ
2555 3261 2800 3328 πρόνοια.
2825 3258 2902 3322 ὼς
2929 3257 3130 3328 μηδένα
3143 3256 3250 3310 τῶν
3271 3257 3330 3308 οὺ
3350 3255 3753 3310 θελόντωνάπό-

2191 3349 2383 3420 ὁλητον
2399 3348 2766 3419 εὑρίσκεσθαι,
2797 3348 3013 3418 Νεεμάν
3033 3346 3124 3400 τὸν
3142 3346 3211 3398 Σύ
3220 3364 3310 3417 ρον
3327 3346 3418 3398 τὸν
3446 3343 3754 3418 λεπρὸν,τὸν

2191 3439 2505 3509 ἀλλόφυλον,
2530 3438 2788 3510 δεηθέντα
2808 3438 2968 3490 αὐτοῦ
2987 3437 3084 3507 τῆς
3108 3436 3401 3507 περιοδίας,
3421 3439 3502 3501 είς
3516 3437 3604 3489 τὸν
3630 3436 3752 3506 Ἰορο

2191 3531 2356 3602 δάνην
2395 3531 2620 3593 ἑπτάκις
2677 3527 3184 3597 καταϐαπτισθῆναι
3214 3527 3480 3598 ἔπεμψεν⁹
3529 3527 3666 3581 ὥστε
3691 3529 3750 3596 τῇ

2193 3623 2284 3676 ἐπὶ
2330 3622 2438 3674 τῶν
2483 3621 2688 3674 ὑδάτων
2721 3619 2815 3672 τοῦ
2844 3620 3051 3690 Κυρίου
3081 3621 3230 3690 φωνῇ
3258 3619 3318 3672 τὸ
3350 3617 3520 3684 πάθος
3543 3621 3634 3673 ἀπ’
3667 3619 3754 3671 αὐ-

2191 3713 2283 3767 τοῦ
2313 3711 2656 3778 ἐξαναλῦσαι,
2684 3711 2778 3765 καὶ
2822 3711 2941 3765 ὃλον
2971 3709 3134 3764 αὐτὸν
3171 3711 3265 3763 ἐπὶ
3302 3710 3362 3763 τὸ
3387 3710 3626 3782 καθαρὸν
3670 3709 3754 3762 καὶ

2191 3805 2335 3858 ὅσιον
2355 3799 2493 3866 εἶδος
2511 3803 2608 3872 τῆς
2632 3802 2807 3874 ψυχῆς
2854 3802 3204 3874 ἀναδραμεῖν.
3244 3801 3504 3867 Ἑπτάκις
3557 3802 3613 3854 δὲ
3644 3796 3753 3852 εἷπε

2194 3892 2637 3966 βαπτίσασθαι,ἢ
2683 3893 2770 3946 ἵνα
2797 3891 2990 3945 εἰδέναι
3039 3891 3150 3962 ἔχοι
3179 3893 3206 3944 ὁ
3235 3891 3550 3962 ἀλλοεθνὴς,
3599 3891 3670 3954 ὡς
3703 3890 3756 3940 ἐν

2191 3987 2258 4054 τῇ
2294 3983 2497 4056 ἑϐδόμῃ
2548 3982 2732 4056 ἡμέρᾳ
2776 3985 2805 4036 δ
2851 3982 2982 4047 Θεὸς
3032 3981 3141 4034 τῶν
3187 3981 3361 4054 ἔργων
3433 3984 3754 4040 κατέπαυσε,

2193 4077 2288 4129 καί
2347 4075 2640 4145 εὐλόγησεν
2687 4074 2830 4146 ἅπερ
2887 4075 2946 4126 ὲν
3002 4075 3123 4136 ταῖς
3185 4071 3245 4136 ἓξ
3295 4073 3550 4142 ἐποίησεν
3611 4069 3757 4142 (ὅθεν

2194 4165 2505 4237 ὲπτάμυξον
2559 4168 2624 4237 τῇ
2680 4167 2968 4236 συναγωγῇ
3026 4163 3084 4216 ἓν
3144 4161 3212 4236 ἦν
3256 4165 3364 4218 τῶν
3411 4164 3756 4238 κειμηλίων),

2193 4259 2288 4312 καὶ
2352 4257 2428 4320 ὡς
2489 4242 2912 4329 πληρωματικὸς
2979 4258 3094 4310 ἐστι
3156 4258 3250 4311 καὶ
3311 4257 3512 4321 τέλειος
3570 4259 3600 4310 ό
3647 4257 3760 4324 ἀρι-

2195 4349 2330 4421 θμὸς
2387 4351 2416 4402 ὁ
2475 4349 2654 4402 ἐπτά’
2705 4349 2738 4420 ἢ
2805 4349 3040 4420 μᾶλλον,
3103 4351 3183 4403 ὄτι
3245 4350 3306 4402 τὸ
3365 4350 3542 4404 θεῖκὸν
3599 4345 3754 4403 Πνεῦσ

2200 4460 2276 4514 μα
2301 4441 2540 4512 ᾐνίξατο.
2585 4441 2813 4504 Ἡσαΐας
2839 4440 2950 4512 γὰρ
2981 4440 3042 4494 τὸ
3085 4441 3345 4505 παντελὲς
3384 4441 3479 4494 καὶ
3507 4442 3642 4514 πρὸς
3671 4441 3756 4492 τὸν

513 4546 633 4584 rum
669 4528 784 4600 (47)
819 4529 1094 4599 leprosum
1135 4531 1514 4601 alienigenam,
1569 4535 1659 4602 qui
1703 4535 1770 4590 ab
1819 4549 1886 4589 eo
1927 4536 2092 4601 petie-

2201 4535 2314 4588 υἱὸν
2345 4533 2764 4606 ἀπαράλλακτον
2795 4533 2896 4604 τῆς
2924 4532 3138 4602 φύσεως
3167 4533 3330 4586 αὑτοῦ
3360 4535 3426 4604 τῇ
3461 4535 3642 4586 πίστει
3669 4531 3758 4598 ἑγ-

512 4631 622 4688 rat,
649 4630 712 4677 ut
738 4621 1076 4677 curationem
1113 4621 1228 4694 (48)
1275 4625 1378 4680 sibi
1433 4623 1734 4692 adhiberet,
1785 4626 1856 4682 ad
1892 4624 2086 4682 Jorda-

590 4803 700 4876 (41)
738 4805 1316 4881 Gruxhdesignabatnr.
1364 4808 1566 4864 Locum
1619 4809 1740 4868 libri
1778 4811 1959 4881 quarti
1992 4810 2097 4867 Re-

515 4889 664 4951 gum,
728 4879 818 4942 qui
853 4877 1138 4951 allegorice
1197 4880 1286 4951 hic
1341 4881 1671 4951 explicatur.
1705 4877 1935 4951 eodem,
1984 4897 2094 4951 quo

518 4945 799 5024 Didymus,
855 4945 1013 5024 modo
1067 4945 1455 5024 interpretatus
1487 4950 1665 5024 (uerat
1704 4945 1944 5024 Iremeus
1975 4945 2095 5006 z'ut

517 5013 747 5086 proinde
781 5019 922 5068 hunc
954 5017 1042 5070 ille
1071 5013 1314 5072 imitatus
1345 5019 1514 5073 videri
1539 5031 1722 5086 queat.
1758 5021 1946 5076 lrenzei
1973 5035 2094 5074 ver-
2121 5034 2124 5038 '

465 5109 470 5114 -
518 5082 585 5158 ba
613 5085 1020 5158 uecdunnedita
1049 5089 1501 5158 sunt.Exscripsi
1532 5082 1618 5142 illa
1655 5105 1687 5144 e
1723 5092 1908 5146 codice
1941 5091 2085 5153 XVI,

517 5150 708 5205 Graue
741 5152 1122 5228 bibliothecae
1175 5157 1392 5228 Veneta:
1425 5150 1508 5213 'S.
1541 5159 1724 5221 Marci,
1752 5176 1858 5228 quo
1901 5150 2090 5215 codice

519 5235 708 5274 catena
734 5222 1046 5300 SIqulfltlor
1072 5227 1237 5300 libros
1266 5222 1832 5300 Regtuu_contiuetur.
1858 5231 2085 5286 Exstant

519 5303 702 5342 autem
719 5290 856 5365 iulio
887 5293 995 5365 2‘“
1021 5296 1086 5347 ad
1119 5290 1442 5350 versiculum
1480 5296 1510 5348 7
1573 5299 1768 5365 capitis
1797 5301 1935 5353 sexti
1965 5300 2090 5354 libri

519 5374 572 5412 tv
593 5368 692 5434 :Aet
718 5361 789 5412 ita
804 5376 895 5434 se
915 5363 1112 5434 habent
1133 5378 1147 5414 :
1172 5366 1488 5432 Εὶρηναίου
1511 5361 1781 5434 μαθήτοῦ
1801 5367 1921 5423 τῶν
1947 5369 2094 5422 ἀπο-

517 5429 776 5482 στόλων.
804 5423 934 5483 Ὦδε
958 5431 1024 5484 δι’
1066 5423 1252 5502 ἔργου,
1298 5423 1412 5488 etc.
1447 5423 1569 5489 Haec
1620 5423 1742 5490 cum
1775 5439 1947 5491 altero
1983 5443 2096 5492 t'ra-

518 5509 740 5567 gmeuto
786 5503 930 5572 quod
969 5517 1110 5572 λιιιοχ
1157 5518 1238 5572 ειν
1275 5505 1461 5558 codice
1498 5503 1591 5558 XV
1623 5505 1866 5572 ejusdem
1901 5507 2098 5562 biblio-

523 5572 699 5639 theca:
755 5571 914 5624 ali'ert
967 5569 1288 5639 Mingarelli,
1319 5572 1586 5630 edidimus
1631 5569 1685 5629 in
1715 5573 1982 5629 Addendis
2028 5578 2096 5632 ad

518 5632 802 5704 Irenaeum,
834 5649 964 5693 tom.
1011 5632 1106 5694 νιῖ
1131 5641 1224 5695 lin.
1257 5632 1416 5696 Eutr.

599 5705 714 5780 (42)
741 5709 1101 5777 Διιοίιεινειίιι
1125 5721 1210 5766 est
1243 5710 1565 5780 gloriﬁcare.
1587 5711 1665 5768 Ne
1691 5713 1894 5768 insulsa
1924 5715 2101 5769 videa-

528 5782 614 5848 tur
652 5779 1051 5847 interpretatio,
1104 5779 1640 5836 animadvertendum
1695 5793 1795 5841 est.
1837 5782 2097 5848 δοξάζειν,

529 5843 584 5899 id
610 5857 692 5901 est
739 5866 754 5896 σ
793 5843 1116 5922 gloriﬁcare,
1163 5869 1181 5902 ι
1219 5851 1358 5906 ideut
1390 5865 1527 5922 .esse
1565 5868 1627 5910 ac
1649 5853 1746 5925 τὴν
1777 5843 1934 5921 δόξαν
1964 5843 2096 5911 diva;

2199 4625 2519 4698 χωρούντως
2564 4627 2869 4697 θεωρήσας,
2921 4625 3062 4678 ἑπτά
3101 4623 3375 4696 σημασίας
3424 4626 3552 4696 περὶ
3600 4621 3755 4678 αὐτοῦ

2205 4811 2539 4882 πέμπεσθαι,
2575 4810 2716 4880 quod
2773 4818 2875 4873 est,
2925 4808 2992 4882 ad
3046 4809 3294 4874 verbum,
3346 4825 3364 4858 ι
3399 4805 3622 4876 gloriam
3649 4817 3758 4857 sur-

2201 4877 2320 4936 ειιιίι
2352 4877 2608 4947 ιιιίιιιιινε,⁷
2629 4900 2650 4932 ι
2685 4895 2875 4947 nempe
2905 4877 3121 4931 nti'errt-.

2269 4952 2382 5021 (45)
2416 4945 2610 5021 Quam.
2644 4945 2848 5012 Cutleii,
2874 4949 3013 5020 πρὸς
3043 4947 3263 5021 Eulaego
3292 4945 3426 5018 πρὸς
3450 4946 3498 5021 ὅἒ

2270 5011 2384 5090 (44)
2421 5011 2674 5074 “Novum.
2731 5011 2932 5075 Codex'
2963 5011 3250 5081 mendose,
3328 5011 3556 5070 καινεῖν.
3617 5011 3752 5079 Lego

2199 5109 2414 5146 καινην.

2271 5093 2541 5232 (Ξὲῖᾙαό
2557 5156 2808 5232 dicitalV
2836 5159 3058 5232 Reguli,
3087 5156 3180 5211 21.

2441 5219 3132 5351 Ριὲμὶιὶαιίοιιευι.Ὠυάυχ
3207 5225 3484 5294 mendose,
3546 5219 3760 5290 ἱλασμόν

2272 5319 2300 5351 η
2343 5319 2360 5351 ι
2395 5316 2512 5351 adt).
2543 5315 2592 5351 ν.

2201 5318 2300 5373 pro
2343 5301 2592 5370 ἱλασμόν.
3633 5361 3644 5375 '

2274 5371 2386 5447 (4³])
2422 5369 2636 5447 Syrum.
2667 5366 2873 5447 Codexn,
2924 5367 2986 5447 τὸ
3011 5364 3220 5447 νοῦρον.
3258 5363 3402 5447 Legg
3447 5363 3558 5447 τὸνη
3577 5361 3758 5447 Συρονἶ

2195 5487 2198 5493 .
2275 5435 2388 5506 (48)
2422 5435 2781 5493 curationem.
2833 5437 3039 5506 Codex,
3069 5435 3168 5506 τῆς
3198 5435 3492 5506 περιοδίας.
3519 5435 3760 5506 Quaerunt

2275 5453 2388 5510 (48)
2422 5453 2781 5493 curationem.
2833 5453 3039 5502 uoaex,
3069 5453 3168 5558 τῇ
3198 5453 3492 5506 περιοοιας.
3519 5453 3645 5500 uua:
3670 5453 3760 5479 ιω.

2203 5511 2361 5565 deest
2399 5511 2453 5581 in
2483 5507 2793 5581 vulgaribus
2815 5505 3112 5581 _Lexicis._
3171 5507 3450 5581 odestinns
3482 5501 3656 5581 cap._ti
3693 5496 3762 5548 De

2205 5579 2530 5633 excusation.
2569 5572 2684 5645 bare
2722 5575 2977 5645 scripsit:
3017 5574 3446 5645 (Grammatici,
3498 5572 3760 5645 sophistzn.

2207 5649 2475 5710 rhetores,
2505 5644 2722 5709 medici,
2761 5640 2851 5712 qui
2871 5643 3334 5719 περιοδενταῄίιι
3367 5655 3454 5719 est
3491 5640 3764 5719 circulato-

2205 5732 2294 5773 res
2323 5724 2611 5778 vocantur,
2651 5710 3101 5782 quemadmodum
3125 5729 3156 5767 a
3191 5715 3416 5780 reliquis
3441 5710 3760 5782 muneribus,

2206 5787 2284 5841 ita
2337 5795 2392 5840 et
2447 5799 2478 5838 a
2528 5780 2733 5847 tutela,
2793 5794 2850 5838 et
2908 5798 2940 5838 a
2980 5782 3118 5838 ‘cura
3183 5785 3425 5852 requiem
3479 5780 3692 5852 habent.
3740 5789 3758 5820 ι

2204 5857 2395 5928 Itaque
2448 5853 2678 5922 coniicio
2712 5844 3051 5913 Alexandriae
3088 5844 3285 5910 nomen
3321 5853 3441 5923 hoc,
3495 5844 3763 5922 περιοδεν-
