4054 6430
278 448 372 505 701

1318 458 1405 513 DE
1441 456 1816 513 TRINITATE
1856 458 2061 513 LIBER
2100 458 2492 517 SECUNDUS.

3444 457 3547 512 702

274 561 566 627 κατέλεξεν
597 564 657 617 ὲν
687 566 869 636 ῥητοῖς
898 567 1122 621 τοιοῖσδε
1143 585 1156 598 °
1192 586 1213 621 ι
1262 570 1631 636 Ἐξελεύσεται
1668 572 1858 642 ῥάϐδος

1972 588 2097 626 nem
2134 573 2301 637 misit,
2334 588 2398 627 ac
2424 570 2625 643 septies
2659 570 2710 624 in
2739 584 2805 626 eo
2830 570 3074 640 immergi
3096 570 3299 641 jussit:
3339 580 3398 625 ut
3418 586 3547 625 voce

272 652 336 705 ἐκ
369 651 471 722 τῆς
517 654 680 725 ῥίζης
730 657 951 721 Ἰεσσαὶ,
984 657 1079 711 κα)⁵
1107 658 1266 723 ἄνθος
1300 660 1360 724 ἐξ
1396 662 1566 731 αὐτῆς
1595 661 1863 731 ἀναϐήσε-

269 756 357 795 ται
381 757 395 771 ο
433 743 529 795 καὶ
569 746 1018 801 ὲπαναπαύσεται
1066 749 1152 801 ἐπ’
1209 750 1370 804 αὐτὸν
1414 752 1639 822 Πνεῦμα
1673 752 1865 821 σοφίας

271 833 365 885 καὶ
405 834 703 904 συνέσεως,
751 839 975 907 Πνεῦμα
1009 840 1206 910 βουλῆς
1255 842 1349 894 καὶ
1385 842 1587 912 ἰσχύος.
1635 842 1863 913 Πνεῦμα

273 927 528 997 γνώσεως
585 930 680 983 καὶ
735 930 1053 997 εὐσεϐείας,
1132 931 1261 1003 [ιειι
1307 931 1363 1004 α]
1418 932 1643 1003 Πνεῦμα
1693 932 1861 1000 φόϐου

269 1019 404 1073 Θεοῦ
458 1040 479 1071 ι
532 1021 823 1094 Ἀναφέροι
855 1023 911 1076 δέ
937 1040 1022 1086 ⁶τις
1052 1023 1117 1076 ἂν
1157 1023 1330 1095 ὀρθῶς
1362 1026 1441 1088 εἰς
1470 1023 1644 1078 ταῦτα
1676 1027 1769 1079 καὶ
1798 1024 1867 1078 τὰ

270 1109 745 1181 ἀποκεκρυμμένα
774 1112 873 1182 τῆς
902 1114 1174 1185 Ζαχαρίου
1213 1115 1483 1182 διανοίας,
1518 1115 1586 1169 τὰ
1621 1118 1747 1189 τῇδε
1779 1117 1866 1171 λέ-

272 1218 435 1269 γοντα
457 1222 469 1231 ·
522 1220 543 1253 ι
585 1203 732 1256 Διότι
770 1204 880 1257 ἰδοὺ
916 1204 1027 1273 ἐγὼ
1059 1206 1178 1274 ἄγω
1209 1207 1300 1259 τὸν
1343 1206 1529 1261 δοῦλόν
1569 1226 1668 1280 μου
1714 1210 1871 1263 Ἀνα-

272 1293 462 1366 τολήνο
503 1294 642 1348 διότι
668 1297 697 1348 ὁ
726 1295 893 1360 λίθος,
923 1297 980 1350 ὃν
1009 1296 1185 1352 ἔδωκα
1211 1316 1316 1369 προ
1340 1298 1522 1353 σὼπου
1569 1302 1744 1372 Ἰησοῦ
1773 1304 1865 1357 ἐπὶ

272 1384 362 1438 τὸν
402 1385 557 1440 λίθον
596 1386 687 1440 τὸν
716 1386 835 1450 ἕνα,
874 1372 1015 1441 ὲῖπτὰ
1046 1389 1314 1461 ὀφθαλμοί
1352 1392 1509 1444 εἰσιν.
1551 1409 1572 1442 ι
1616 1391 1802 1446 Ταῦτα
1833 1394 1863 1446 ὁ

277 1473 408 1539 Θεὸς
426 1476 570 1548 πρὸς
622 1478 828 1549 Ἰησοῦν
862 1479 953 1532 τὸν
991 1479 1138 1551 ἱερέα
1169 1480 1260 1533 τὸν
1298 1481 1472 1551 μέγαν
1505 1480 1637 1554 ἔφη·
1678 1486 1859 1553 Ἀγω,

275 1568 426 1637 φησι,
476 1568 572 1621 τὸν
628 1568 811 1651 δοῦλόν
849 1587 950 1640 μου
992 1570 1083 1624 τὸν
1112 1571 1415 1642 Ζοροϐάϐελ
1443 1574 1522 1636 εἰς
1568 1574 1667 1645 τὴν
1711 1574 1863 1641 ἐξου-

277 1660 395 1714 σίαν
432 1662 537 1731 τῆς
571 1660 870 1732 βασιλείας,
903 1662 998 1732 ἀφ’
1038 1659 1107 1734 ἧς
1138 1662 1290 1717 ἔσται
1318 1663 1394 1728 ὡς
1438 1664 1693 1719 Ἀνατολὶ·
1723 1666 1861 1738 λαμ-

1970 664 2205 726 Domini,
2252 680 2370 734 quae
2426 673 2510 718 est
2571 677 2734 731 super
2784 677 2954 731 aquas
2990 661 3125 733 (49),
3171 660 3291 729 ejus
3324 652 3548 717 morbus

1971 771 2198 824 prorsus
2255 765 2625 817 evanesceret,
2680 769 2743 808 ac
2799 762 2940 807 totus
2995 754 3115 821 ipse
3172 753 3426 806 mundam
3493 763 3548 805 et

1966 856 2208 901 sanctam
2234 846 2346 919 (50)
2375 848 2569 900 animm
2610 846 2842 915 speciem
2873 843 3158 912 reciperet.
3192 842 3405 911 Septies
3436 841 3546 911 (51)

1968 947 2146 992 autem
2202 953 2323 991 eum
2391 936 2535 992 ablui
2591 936 2783 1007 jussit,
2836 944 2929 987 aut
2988 943 3046 987 ut
3092 932 3393 1000 intelligere
3426 947 3551 1000 pos-

1967 1040 2049 1085 set
2077 1029 2376 1100 alienigena
2417 1029 2527 1092 ille,
2588 1028 2752 1083 Deum
2806 1026 3031 1093 septima
3074 1025 3162 1079 die
3197 1026 3266 1079 ab
3295 1023 3550 1093 operibus

1972 1134 2238 1185 cessasse,
2304 1136 2370 1174 ac
2426 1119 2764 1187 requievisse
2795 1116 2930 1189 (52),
2996 1125 3050 1169 ει
3094 1116 3160 1170 ἰίε
3201 1115 3549 1169 benedixisse

1971 1228 2091 1281 quae
2128 1227 2221 1267 sex
2245 1210 2435 1265 diebus
2466 1208 2670 1265 fecerat
2703 1207 2868 1279 (unde
2894 1207 3303 1271 candelabrum,
3340 1217 3546 1274 septem

1975 1304 2184 1359 habens
2211 1303 2519 1374 ellychnia,
2566 1316 2731 1355 unum
2778 1309 2898 1355 erat
2954 1316 3019 1353 ex
3093 1298 3322 1353 ciineliis
3387 1313 3550 1368 syna-

1970 1395 2181 1469 gogas);
2259 1407 2424 1464 utque
2502 1404 2708 1462 nosset,
2783 1393 3173 1463 plenitudinem
3234 1393 3453 1457 habere,
3483 1406 3550 1445 ac

1971 1488 2271 1557 perfectum
2325 1486 2438 1560 (5'5)
2487 1501 2609 1542 esse
2673 1502 2958 1541 numerum
3008 1485 3374 1553 septenarium
3407 1501 3422 1536 :
3457 1491 3552 1537 aut

1968 1581 2133 1652 269
2155 1580 2332 1649 potius
2379 1580 2504 1649 quia
2535 1578 2753 1634 divinus
2800 1578 3036 1647 Spiritus
3059 1576 3402 1646 amigmatice
3432 1575 3549 1647 (δι)

1967 1670 2326 1727 indicabatur.
2362 1671 2529 1727 Isaias
2563 1671 2706 1725 enim
2739 1669 3123 1741 perfectionem
3161 1676 3370 1723 naturae
3423 1668 3549 1736 Spi-

275 1909 389 1982 τῆς,
415 1907 468 1961 in
496 1908 699 1963 bonam
725 1920 934 1980 partem
956 1913 1094 1965 sumi
1119 1913 1487 1978 consuevisse,
1509 1922 1688 1968 utnon
1710 1931 1729 1965 ι
1758 1914 1861 1968 cir.
1896 1924 1938 1979 Β
1970 1915 2075 1968 ιῖιιε
2102 1921 2183 1969 εει
2203 1912 2741 1981 hominisimperitia,
2761 1926 2919 1982 quam
2944 1913 3208 1967 sententia
3233 1912 3540 1967 refutanda.

277 1979 600 2045 culatorem,
626 1999 645 2031 ι
680 1979 773 2035 sed
820 1983 1090 2037 medicum
1133 2001 1152 2032 ι
1182 1984 1628 2045 circumeuntem,
1653 2003 1671 2035 ι
1697 1984 1746 2038 id
1777 2000 1860 2041 est

277 2056 506 2117 aegrotos
556 2048 881 2122 invisentem
924 2054 1239 2122 denotaret;
1268 2066 1495 2121 eamque
1531 2070 1550 2103 ε
1593 2053 1859 2108 visitatio-

276 2133 393 2171 nem
427 2138 446 2171 ι
478 2118 757 2179 περιοδίαν
782 2122 850 2177 ab
871 2118 1249 2177 Alexandrinis
1273 2118 1515 2176 vocatam
1555 2137 1695 2179 esse.
1724 2122 1856 2179 Nam

277 2202 338 2262 ex
355 2188 450 2262 lib.
468 2187 536 2242 IV
557 2187 697 2255 Reg.
718 2206 836 2261 cap.
867 2208 920 2256 v,
936 2188 1109 2245 verSs.
1138 2192 1202 2247 10
1230 2202 1284 2246 et
1302 2192 1389 2256 ll,
1410 2202 1624 2247 constat
1642 2203 1858 2262 aptasse

276 2255 674 2325 Nabamannni,
723 2255 798 2325 ιη’
825 2255 1157 2317 εεΕΙίεειξιιε
1192 2255 1463 2317 inviseret.
1507 2267 1584 2317 Ac.
1619 2255 1751 2317 sane
1794 2280 1856 2319 ea

280 2343 379 2381 vox
438 2331 581 2398 apud
624 2329 1002 2402 Athanasium,
1061 2332 1150 2402 qui
1210 2341 1264 2387 et
1310 2333 1425 2402 ipse
1462 2333 1860 2402 Alexandrinus

278 2408 409 2469 erat,
443 2416 464 2450 ι
498 2402 838 2454 curationem
874 2420 893 2453 ι
936 2401 1204 2469 significat
1242 2420 1255 2456 :
1294 2403 1339 2457 is
1370 2402 1513 2456 enim
1544 2401 1598 2456 in
1636 2403 1857 2458 homilia

280 2468 333 2520 in
360 2485 554 2541 aecum
578 2488 614 2523 η
636 2472 917 2525 nativitate
949 2468 1028 2527 sic
1050 2471 1287 2539 loquitur
1318 2495 1331 2528 :
1370 2473 1463 2525 τὸν
1482 2472 1862 2541 περιοδεύσαν-

278 2553 345 2612 αεα
380 2539 442 2591 τὸ
469 2540 745 2610 ἡμέτερον
761 2541 973 2606 τέκνον,
1015 2541 1067 2612 id
1095 2553 1180 2597 est
1232 2561 1251 2595 ι
1282 2558 1405 2597 eum
1434 2544 1529 2612 qui
1558 2539 1768 2597 curavit
1797 2544 1860 2598 fi-

282 2606 405 2688 llllm
434 2606 764 2688 adsigna...
803 2612 870 2666 Et
902 2611 1061 2688 paulo
1088 2615 1338 2681 superius
1371 2632 1385 2667 :
1415 2606 1513 2685 τὴν
1533 2614 1640 2688 μὲν
1678 2614 1859 2668 αἰτίαν

282 2679 376 2753 τῆς
394 2679 680 2753 περιοδᾼίας
707 2680 874 2750 λέγω,
908 2679 958 2736 id
1014 2693 1097 2737 est
1135 2679 1169 2733 «ἡ
1196 2698 1414 2738 causam
1454 2679 1669 2753 quidem
1700 2701 1859 2738 cura-

284 2749 437 2818 tionis
471 2749 714 2818 profero.
742 2769 763 2801 ι

351 2817 677 2891 (49)“8ηρρν,
715 2837 902 2888 aquas.
960 2820 1039 2875 Ex
1102 2822 1241 2891 psal.
1299 2838 1471 2877 xxviii
1508 2863 1523 2885 ,
1604 2823 1656 2878 5.
1723 2823 1856 2880 Gre-

285 2889 1017 2963 gorius_qquue_N_yssetius
1050 2889 1118 2963 in'
1136 2893 1380 2963 oratione
1421 2895 1475 2946 in
1520 2892 1852 2963 Baptismum

720 2956 809 3027 Ill,
853 2976 976 3032 pag.
1005 2961 1132 3026 378,
1162 2962 1278 3017 haec
1307 2962 1373 3018 de
1401 2956 1655 3034 baptismi
1701 2967 1858 3033 aquis

287 3037 546 3097 intelligit.

352 3098 459 3164 (50)
491 3098 561 3152 Et
589 3111 850 3155 sanctam.
881 3100 960 3154 Ex
1009 3100 1285 3155 idololatra
1311 3101 1524 3158 scilicet
1562 3102 1722 3157 unius
1760 3104 1854 3159 Dei

288 3167 452 3290 Ribéir
484 3169 845 3294 factuisstunc
875 3181 961 3225 est
1019 3169 1391 3236 Nabamanus,
1422 3182 1480 3226 ut
1531 3181 1749 3227 constat
1788 3189 1853 3228 ex

422 3254 503 3294 ea.
541 3255 600 3294 v.
711 3279 725 3293 .

422 3254 503 3309 eg.
528 3255 600 3309 _v,
638 3254 725 3294 ιδ.

353 3307 475 3378 (51)
513 3307 743 3380 Septies.
778 3309 927 3365 Inter
972 3325 1086 3376 eos,
1124 3310 1213 3378 qui
1257 3311 1330 3380 de
1379 3310 1571 3380 impari
1626 3327 1852 3367 numero

290 3376 648 3452 disputarunt,
672 3377 955 3452 Didymum
985 3376 1229 3452 recenset
1255 3376 1614 3452 Hieronymus
1649 3382 1700 3434 in
1732 3381 1855 3447 Epi-

289 3451 414 3500 stola
440 3449 509 3502 ad
566 3448 988 3504 Pamméclzium.
1022 3470 1041 3502 ι
1071 3450 1220 3504 Νυηε
1262 3448 1686 3505 enumerandum
1723 3452 1853 3506 mihi

290 3526 366 3570 est
383 3519 593 3590 (inquit
627 3535 771 3572 num.
809 3520 923 3590 19),
974 3521 1068 3588 qui
1118 3520 1608 3590 ecclesiasticarum
1657 3521 1723 3574 de
1757 3521 1855 3573 im-

291 3588 406 3660 pari
454 3603 688 3660 numero
743 3588 1071 3658 disputarint
1114 3588 1454 3660 :WClenlens,
1512 3589 1852 3660 Hippolytus,

286 3656 929 3730 0rigenes,_Dionysius,
973 3659 1257 3730 Eusebius,
1304 3656 1853 3730 Didyinus,"no'stro-

286 3740 501 3800 rumque
573 3726 957 3800 Iertullianus,
984 3729 1310 3800 Cyprianus,
1368 3726 1697 3793 Victorinus,
1746 3728 1851 3783 La-

283 3799 540 3869 ctantius.,
572 3796 852 3853 Hilarius:
887 3796 1114 3868 quorum
1149 3799 1453 3869 Cyprianus
1503 3801 1570 3853 de
1608 3809 1855 3867 septena-

285 3866 378 3931 rio,
403 3868 452 3922 id
479 3876 600 3932 εει,
638 3870 826 3937 impari
872 3866 1095 3924 numero
1112 3866 1404 3931 disserens,
1437 3884 1579 3937 qum,
1611 3866 1854 3938 etquau-

288 3945 332 3987 ta
373 3937 582 3991 dixerit
629 3939 695 3991 ad
754 3938 1111 3993 Fortunatum
1170 3938 1306 3994 liber
1359 3939 1500 3992 illius
1542 3937 1855 3993 testimonio

285 4016 421 4078 est.)
447 4008 542 4062 Ex
559 4008 644 4078 his
670 4019 845 4078 autem
863 4009 1039 4063 verbis
1064 4008 1239 4078 colligi
1268 4025 1373 4062 nou
1404 4023 1560 4078 posse
1580 4011 1853 4078 existimo,

288 4072 519 4149 libellari!
562 4092 592 4130 a
610 4076 846 4149 _Didymo
885 4080 1084 4132 editum
1109 4072 1247 4143 esse,
1275 4080 1367 4147 qui
1391 4072 1521 4149 τὶερὶ
1544 4076 1637 4131 τοῦ
1669 4094 1858 4149 περιτα

288 4144 373 4198 τοῦ
395 4145 660 4218 ἀριθμοῦ,
689 4144 738 4201 id
771 4157 852 4218 est
878 4165 897 4199 ι
940 4151 1006 4201 de
1045 4149 1234 4215 impari
1273 4144 1497 4218 numero
1535 4168 1555 4200 ι
1598 4144 1858 4202 inscribe-

295 4217 474 4270 retur:
516 4217 752 4285 alioquin
776 4217 829 4270 id
876 4218 1049 4281 ipsum
1086 4219 1151 4271 de
1196 4218 1317 4272 aliis
1352 4217 1539 4281 etiam,
1569 4233 1704 4285 quos
1731 4218 1857 4273 Hie-

293 4298 547 4355 ronymus
580 4288 841 4351 nominat,
885 4287 1171 4341 dicendum
1218 4286 1377 4343 foret.
1425 4288 1611 4355 Itaque
1639 4302 1760 4341 eum
1790 4302 1853 4340 ea

292 4352 861 4429 lliermiymiepistola
884 4372 1025 4411 anno
1071 4357 1196 4423 595,
1240 4359 1465 4429 ideoque
1494 4352 1678 4429 paucis
1730 4366 1855 4411 ante

292 4422 496 4495 Didymi
534 4422 741 4496 νοὶιίιιίιιι
791 4428 967 4490 annis,
1005 4436 1098 4479 aut
1149 4422 1269 4495 pust
1316 4422 1516 4480 editum
1557 4427 1662 4496 hoc
1699 4442 1853 4496 opus,

295 4493 487 4563 Scripta
520 4495 703 4560 fuerit,
737 4496 1090 4565 improbabile
1116 4493 1220 4551 non
1254 4506 1359 4558 est,
1392 4496 1567 4551 locum
1593 4493 1856 4550 hunc—Di-

295 4565 430 4656 fyei
456 4566 748 4656 respiat?“
776 4565 1129 4656 ιξέθςουγιειοέ
1157 4567 1384 4656 εηειιξιάξ
1410 4567 1854 4656 septenas“):-
1887 4602 1932 4656 υ

293 4647 435 4758 ἳὲῗο
463 4636 558 4691 hic
584 4634 702 4691 fuse
728 4636 930 4706 agitur,
966 4634 995 4689 a
1025 4650 1195 4704 segm.
1214 4635 1318 4691 123
1348 4636 1377 4690 b
1396 4651 1565 4705 usque
1589 4636 1656 4690 ad
1681 4651 1853 4704 segm.

415 4722 467 4758 a.

415 4722 467 4759 α.

360 4773 469 4845 (52)
533 4773 880 4844 Requievisse.
949 4774 1193 4844 Respicit
1258 4774 1393 4831 Gen.
1420 4843 1447 4845 η
1477 4790 1534 4837 ι,
1590 4775 1644 4829 5.
1707 4774 1859 4841 Quod

292 4843 428 4897 enim
450 4843 655 4899 omnes
685 4846 751 4899 ad
799 4859 961 4899 unum
995 4843 1140 4899 docti
1176 4846 1275 4899 viri
1316 4843 1692 4910 tradiderunt,
1727 4860 1858 4899 voce

295 4910 550 4969 llebraica
614 4925 747 4975 mw
819 4914 1118 5037 (Illabbal‘)
1172 4915 1409 4984 requiem
1473 4929 1538 4969 ac
1598 4917 1857 4969 cessatio-

295 4995 411 5035 nem
451 4983 744 5037 desiguari.
780 4984 835 5037 id
874 4995 928 5037 et
965 4987 1090 5037 tbeo
1111 5001 1244 5037 osus
1272 4995 1457 5037 noster
1479 4994 1697 5037 secutus
1751 4997 1854 5037 est.

295 4995 411 5054 nem
451 4983 744 5054 designari,
769 4983 839 5054 id
874 4995 928 5038 et
965 4983 1457 5054 theologusnoster
1479 4994 1697 5041 secutus
1751 4997 1854 5038 est.

295 5050 361 5103 At
392 5050 681 5122 genuinum
730 5053 848 5122 ejus
880 5054 1130 5108 vocabuli
1149 5050 1382 5109 'sensum
1419 5055 1723 5123 ignoratum
1763 5056 1858 5107 ba-

296 5129 483 5178 etenus
512 5123 676 5179 fuisse
700 5134 882 5179 censet
914 5124 1109 5194 impius
1152 5126 1371 5194 quidam
1411 5124 1664 5193 scriptor,
1704 5124 1859 5193 cujus

299 5204 430 5262 opus
475 5195 784 5262 nuperrime
809 5209 841 5248 e
870 5193 1107 5248 tenebris
1133 5193 1187 5247 in
1232 5196 1401 5248 lucem
1432 5195 1627 5262 prodiit
1658 5194 1740 5248 sic
1770 5196 1854 5248 in-

298 5261 602 5334 scriptum’:
646 5263 968 5334 chcherches
999 5279 1091 5316 sur
1123 5265 1363 5333 l’origine
1409 5261 1482 5316 du
1540 5264 1857 5334 despotisme

299 5329 536 5387 oriental.
608 5352 628 5386 ι
686 5333 736 5388 ls
778 5334 996 5387 nomine
1039 5352 1059 5384 ι
1099 5329 1327 5389 shabbat
1358 5352 1378 5385 ι
1429 5349 1534 5387 non
1591 5329 1853 5402 requiem,

298 5413 400 5467 non
433 5404 790 5467 cessatiqnem
822 5404 1066 5457 denotari
1110 5403 1243 5467 vult,
1289 5406 1382 5458 sed
1429 5406 1851 5458 renovationem.

300 5466 446 5532 Quod
475 5473 519 5526 si
551 5466 1051 5542 qua'commentum
1080 5474 1180 5527 hoc
1213 5466 1425 5528 ratione
1457 5473 1649 5528 fulcire
1690 5489 1857 5529 cona-

303 5547 384 5590 tus
414 5552 576 5606 esset,
598 5557 718 5597 eam
764 5542 914 5599 facili
939 5545 1155 5611 negotio
1183 5544 1443 5613 refellere
1475 5543 1701 5599 forsitan
1730 5559 1855 5613 pos-

301 5620 502 5674 semus;
535 5628 679 5668 nunc
722 5628 854 5669 vero
896 5626 1018 5666 cum
1052 5614 1097 5666 is
1123 5612 1323 5666 nullam
1369 5612 1580 5677 afferat,
1620 5628 1854 5680 cumque

302 5688 402 5756 non
435 5682 605 5736 solum
648 5683 965 5756 primigenia
1004 5684 1207 5756 radix}
1238 5683 1465 5756 shabat,
1491 5702 1510 5735 ι
1546 5683 1640 5756 sed
1679 5695 1735 5739 et
1764 5685 1857 5756 de-

303 5752 481 5819 rivata:
505 5766 575 5806 ex
594 5752 659 5806 ea
689 5754 952 5808 dictiones
980 5769 1001 5803 ‹
1034 5752 1272 5818 nisbbat,
1312 5753 1643 5819 mishbatim,
1694 5752 1856 5807 shab-

303 5811 480 5885 baton,
518 5822 724 5877 bisbbit
760 5840 780 5874 ι
814 5835 884 5876 ηε
908 5822 1074 5877 semel
1101 5811 1318 5891 quidem
1357 5824 1411 5876 in
1448 5811 1644 5878 divinis
1669 5821 1855 5877 Bibliis

308 5897 330 5935 ι
361 5892 645 5950 renovandi
686 5910 707 5946 ι
734 5891 1179 5965 signiﬁcationem
1218 5892 1478 5957 habeant.
1506 5894 1728 5952 ridenda
1754 5908 1851 5963 po-

1965 1986 2064 2050 Qui
2102 1986 2200 2039 nisi
2258 1984 2535 2039 Hebraica:
2564 1983 2756 2052 linguae
2808 1985 3028 2036 omnino
3086 1983 3326 2052 ignarus
3369 1983 3531 2044 foret,

1963 2056 2223 2107 monitum
2253 2055 2355 2108 hoc
2393 2068 2516 2123 pag.
2558 2050 2782 2115 57,'non
2815 2054 3153 2123 apposuisset
3186 2068 3199 2103 :
3245 2050 3372 2123 che
3414 2059 3544 2123 _mot

1961 2123 2308 2193 (lhéocratie)
2368 2120 2577 2191 siguiiie
2610 2123 2655 2175 la
2684 2120 2861 2176 méine
2880 2122 3065 2193 chose,
3107 2125 3149 2177 si
3181 2138 3253 2193 on
3281 2122 3329 2179 le
3362 2120 3548 2193 derive

1961 2189 2069 2245 soit
2101 2194 2167 2248 de
2206 2189 2467 2259 l’liébreu,
2495 2194 2601 2247 soit
2648 2193 2716 2262 du
2750 2207 2899 2262 grec,
2952 2192 3001 2245 la
3056 2192 3200 2255 ville,
3244 2192 3289 2244 la
3330 2189 3439 2246 cité
3467 2191 3536 2262 de

1962 2264 2115 2319 Dieu.
2141 2283 2157 2316 I
2184 2263 2333 2317 Itane
2354 2264 2634 2331 ineptires.
2658 2261 2703 2317 si
2739 2261 2867 2330 quid
2896 2276 3135 2331 saperes,
3172 2261 3546 2330 Boulangere?

1959 2349 2024 2386 eo
2050 2336 2194 2387 enim
2234 2346 2284 2387 te
2310 2335 2526 2387 nomine
2558 2332 2857 2400 appellabo,
2899 2347 3005 2400 quo
3039 2344 3087 2386 te
3122 2332 3366 2385 laudator
3413 2344 3538 2384 tuus

1958 2404 2185 2471 appellat
2215 2402 2524 2467 Voltairius,
2555 2403 2644 2471 qui
2683 2402 2877 2455 librum
2918 2408 3066 2455 tuum
3124 2401 3539 2469 Moutesquieuo

1960 2474 2180 2543 dignum
2213 2482 2388 2527 vocat.
2425 2474 2528 2527 Sed
2555 2472 3075 2543 absurdioraiadhuc
3105 2481 3236 2543 sunt
3267 2487 3383 2539 qua:
3417 2485 3541 2543 pag.

1960 2540 2043 2597 75’
2079 2543 2338 2611 legimus:
2384 2561 2405 2594 ι
2444 2544 2634 2605 David,
2679 2544 2812 2614 don't
2847 2542 2954 2614 _les
3004 2540 3291 2596 véritables
3323 2540 3542 2614 racines

1959 2623 2082 2667 sont
2104 2614 2275 2678 Aved,
2299 2615 2651 2677 Avaddou,et
2678 2612 2985 2674 Aveddach,
3016 2621 3186 2679 perte,
3218 2622 3273 2664 et
3302 2612 3545 2664 destrnco

1963 2682 2097 2747 tion,
2144 2684 2353 2753 signifie
2399 2684 2939 2753 l‘externiinateur.__i
2996 2680 3395 2753 Oppraeclarum
3435 2679 3542 2733 Hec

1959 2753 2126 2807 braici
2161 2750 2428 2808 sermonis
2459 2752 2837 2818 interpretem!
2886 2750 3135 2804 llaeccine
3160 2752 3302 2804 aetati
3338 2760 3540 2803 nostra!

1960 2832 2232 2877 reservata
2260 2833 2416 2878 erant
2447 2826 2663 2877 inventa
2689 2821 2712 2873 ?
2742 2820 2990 2875 Hmccine
3017 2820 3426 2888 Montesquieuo
3457 2819 3541 2872 di-

1958 2892 2088 2959 gna?
2118 2893 2331 2946 Siccine
2366 2908 2459 2947 eos
2485 2890 2759 2955 confutas,
2812 2889 3165 2960 Bouiangere,
3207 2889 3297 2958 qui
3340 2904 3536 2960 nomen

1961 2958 2126 3015 David
2167 2964 2234 3016 ab
2265 2964 2366 3014 alia
2404 2963 2607 3027 radice,
2662 2969 2759 3012 aut
2814 2958 3044 3013 nomine
3070 2961 3417 3022 deducentes,
3452 2958 3542 3010 Di-

1956 3030 2143 3083 lectum
2169 3032 2595 3101 interpretantur
2612 3030 2634 3083 τ
2652 3028 3006 3101 Tolerabilior
3032 3029 3272 3101 profecto
3291 3028 3350 3101 is
3376 3028 3540 3093 foret,

1957 3101 2046 3168 qui
2076 3115 2270 3154 nomen
2313 3098 2353 3153 ⁷(
2391 3103 2579 3156 asinus
2612 3119 2630 3152 ι
2689 3098 2852 3168 (absit
2886 3100 3050 3152 verbo
3085 3098 3308 3168 invidia)
3344 3114 3372 3151 a
3402 3113 3535 3152 voce

1964 3167 1987 3219 ι
2026 3172 2292 3237 sapiens»
2352 3170 2645 3225 derivaret.
2696 3167 3181 3237 Quatuorsaltem
3247 3167 3537 3237 numerare

1960 3236 2141 3308 posset
2167 3255 2483 3295 communes
2513 3240 2728 3308 utrique
2753 3236 3015 3308 vocabulo
3044 3238 3271 3290 litteras.
3295 3236 3531 3308 Utinam

1962 3305 2090 3362 vero
2124 3310 2297 3364 discat
2326 3310 2617 3375 aliquando
2644 3305 2883 3375 'ineptus
2929 3306 3237 3360 istiusmodi
3274 3305 3534 3375 disquisi-

1957 3377 2190 3441 tionum,
2232 3394 2326 3432 seu
2361 3378 2842 3433 deliramentorum
2874 3378 3073 3445 potius,
3108 3392 3170 3430 ac
3196 3375 3424 3429 futilium
3455 3392 3539 3428 ar-

1956 3449 2427 3514 gumentationum
2467 3448 2798 3503 architectus
2827 3447 3058 3514 li‘tteram
3088 3445 3263 3499 daleth
3286 3461 3315 3498 a
3356 3446 3538 3499 littera

1955 3501 2128 3585 Eleph,
2163 3533 2228 3571 ac
2249 3501 2488 3573 litteram
2522 3501 2701 3570 bet/ria
2730 3501 2909 3570 litlei‘a
2936 3533 3036 3569 vau
3065 3517 3417 3585 distinguere,
3455 3524 3539 3567 at-

1955 3600 2061 3654 que
2098 3588 2506 3652 internoscere;
2544 3588 2747 3642 videbit
2774 3585 2916 3639 enim
2951 3592 3079 3638 tunc
3102 3587 3324 3653 ipsemet
3373 3599 3535 3653 quam

1955 3656 2113 3726 longe
2145 3658 2309 3711 distet
2360 3672 2555 3713 nomen
2588 3664 2702 3718 1m
2737 3655 2954 3726 (David)
2997 3664 3107 3706 tum
3151 3672 3179 3708 a
3211 3657 3390 3709 radice
3425 3664 3539 3715 nn

1958 3725 2178 3795 (abhad)
2212 3742 2331 3796 qua;
2368 3743 2490 3782 cum
2516 3727 2706 3782 eodem
2738 3725 2955 3780 nomine
2984 3740 3323 3779 comnnmem
3374 3726 3537 3796 habet

1956 3794 2284 3863 postremam
2341 3799 2604 3851 duntaxat
2664 3797 2925 3860 litteram,
2988 3803 3099 3849 tum
3161 3811 3192 3848 τι
3257 3794 3535 3849 vocabulis

1957 3865 2254 3926 abltuddon,
2284 3877 2340 3921 et
2359 3865 2651 3921 abheddah.

2029 3936 2141 4005 (55)
2170 3935 2489 4005 Perfectum.
2525 3935 2809 3991 Perfectus
2837 3935 3034 3989 dicitur
3079 3947 3334 3990 numerus
3360 3941 3539 4001 septo-

1958 4007 2148 4059 narius
2180 4021 2285 4059 non
2332 4007 2384 4058 in
2421 4005 2601 4073 seipso
2642 4007 3042 4069 consideratus,
3087 4005 3181 4058 sed
3228 4018 3413 4058 earum
3452 4018 3538 4056 Ie-

1957 4089 2075 4128 rum
2106 4086 2371 4144 respectu,
2398 4090 2516 4144 qua:
2562 4077 2662 4130 hoc
2708 4090 2934 4129 numero
2983 4077 3032 4128 in
3082 4074 3364 4143 Scriptura
3408 4074 3535 4126 deli-

1959 4146 2197 4197 niuntur.
2231 4146 2438 4198 Similia
2461 4146 2658 4213 passim
2686 4146 2887 4198 habent
2929 4145 3016 4197 alii
3045 4144 3232 4198 Patres
3256 4146 3322 4196 de
3352 4158 3534 4213 nume-

1959 4215 2034 4267 ris
2054 4215 2147 4277 ita,
2197 4226 2257 4268 ut
2283 4215 2415 4278 dixi,
2441 4212 2719 4281 spectatis.
2743 4214 2883 4284 Quin
2916 4213 3250 4284 Epiphanius
3294 4212 3529 4284 libellum

1959 4283 2178 4351 scripsit
2207 4284 2279 4338 De
2306 4299 2641 4338 numerorum
2669 4283 3213 4353 mysteriis.Ethnici
3232 4283 3530 4349 scriptores

1957 4368 1989 4406 e
2010 4356 2283 4409 contrario
2309 4356 2374 4407 de
2402 4351 2748 4408 niuuerorum
2770 4355 2820 4405 in
2847 4354 3041 4421 seipsis
3071 4351 3531 4405 consideraturum

1958 4422 2294 4492 perfectione
2336 4424 2485 4492 plura
2534 4420 2939 4489 disseruerunt,
2963 4438 3082 4490 qua:
3127 4429 3282 4492 erant
3319 4420 3529 4473 illorum

1956 4490 2115 4547 aetate
2139 4490 2358 4547 forsitan
2392 4492 2711 4557 tolerabilia,
2744 4507 2885 4545 nunc
2934 4503 3085 4545 certe
3118 4490 3238 4545 sine
3283 4500 3530 4544 contem-

1962 4574 2055 4630 ptu
2099 4563 2199 4633 legi
2233 4567 2321 4616 vix
2349 4571 2594 4633 possunt.
2642 4562 2718 4615 lta
2760 4559 3006 4615 Julianus
3031 4563 3289 4633 Apes-tata
3336 4561 3388 4611 in
3416 4559 3530 4633 epi-

1963 4629 2097 4686 Stola
2119 4629 2191 4686 εῑι
2228 4633 2297 4686 ad
2349 4629 2697 4701 Serapionem
2749 4634 2929 4686 nescio
2972 4645 3090 4699 qua:
3124 4629 3191 4701 de
3214 4632 3531 4699 centenario

1962 4702 2156 4770 etfutit,
2198 4718 2357 4773 quem
2381 4700 2592 4773 caeteris
2638 4701 2876 4773 numeris
2896 4700 3343 4773 _pr:estautioreni
3386 4713 3528 4761 esse,

1965 4769 2261 4842 eorumque
2289 4769 2671 4842 perfectionem
2707 4772 2759 4823 in
2804 4784 2862 4823 se
2896 4770 3113 4842 habere,
3148 4770 3289 4842 serio
3315 4781 3533 4842 conten;

1960 4842 2038 4894 dit
2068 4860 2083 4895 :
2114 4839 2264 4897 υίάε
2290 4839 2430 4893 aliis
2457 4841 2668 4903 sileam,
2712 4842 2945 4894 maxime
2986 4839 3385 4910 Pythagoricis,
3436 4839 3530 4908 qui

1959 4911 2136 4964 allinia
2163 4912 2230 4965 de
2264 4911 2502 4964 numeris
2534 4910 2889 4963 tradiderunt.

2032 4980 2143 5052 (54)
2173 4980 2550 5052 JEnigngatice.
2585 4980 2758 5033 Simili
2808 4978 2967 5052 modo
3016 4980 3083 5032 ad
3114 4976 3532 5052 versiculum__2

1959 5048 2151 5117 capitis
2182 5048 2339 5118 primi
2363 5048 2481 5104 Jobi
2513 5051 2564 5102 in
2601 5059 2792 5104 catena
2820 5049 3128 5102 Graecorum
3158 5048 3401 5110 Patrum,
3428 5049 3527 5111 Τίς

1994 5116 2064 5191 ὰίρ
2086 5116 2194 5173 olnt
2216 5116 2345 5191 οἶδε,
2364 5120 2549 5191 inquit
2572 5120 2853 5191 Didymus,
2890 5118 2988 5190 τὴν
3023 5119 3272 5191 *ἑϐδόμην
3325 5118 3531 5191 ᾀπαρι-

1994 5139 2064 5191 αρ
2086 5139 2186 5173 ουκ
2216 5139 2345 5183 οιοε,
2375 5139 2549 5188 inquit
2572 5139 2853 5189 muynius,
2890 5139 2988 5190 την
3031 5139 3272 5189 εοοομην
3325 5139 3529 5187 απαρι-

1956 5139 2184 5263 θμησιν,
2214 5190 2326 5263 ρῶν
2524 5188 2874 5263 χαρισμάτῳν
2897 5188 3121 5263 μηνύειν
3159 5189 3270 5263 τὴν.
3291 5188 3529 5263 σύνοδον,

1956 5256 2145 5330 ὣστὲερ
2184 5256 2274 5313 οὖν
2301 5260 2393 5312 καὶ
2433 5256 2557 5330 ⁷
2578 5256 2768 5330 ’ἐριπέην
2818 5256 3148 5330 ἐκῲὤνησιν,
3178 5256 3313 5329 πρὸς
3352 5258 3415 5311 τὸ
3445 5274 3533 5310 τε·

1956 5278 2145 5330 ωσπερ
2184 5278 2274 5313 ουν
2301 5278 2393 5312 και
2433 5278 2531 5330 την
2578 5278 2608 5311 τ
2651 5278 2768 5329 ιτην
2818 5278 3145 5329 εκφωνησιν,
3178 5278 3313 5329 προς
3352 5278 3415 5311 το
3445 5278 3532 5310 τε-

1956 5331 2393 5402 λειότεῳνγὸρᾷν
2451 5328 2546 5402 καὶ
2597 5278 2897 5402 θέιρξεεροη
2926 5330 3013 5402 ἵνα
3054 5329 3318 5401 μάθωμεν
3350 5330 3446 5399 τὴν
3473 5331 3532 5381 ἐν

1956 5398 2148 5470 Τριάδὶ
2189 5398 2391 5462 πίσῒιν,
2446 5399 2545 5470 τῆς
2598 5398 2843 5470 ἐϐδόμὴς
2901 5398 3165 5470 (fortasse
3218 5398 3519 5470 legendum,

1966 5420 2148 5526 1&1305
2189 5420 2391 5483 TCIO'TLV’,
2446 5420 2545 5470 της
2603 5420 2843 5521 εοοοςης
2901 5420 3165 5483 (ιοηαεξε
3224 5420 3519 5469 tegendum,

1955 5474 1982 5525 ὲ
2049 5472 2278 5543 ομαίας)
2318 5486 2538 5542 χαριτος
2569 5465 2710 5522 εἶναι
2764 5469 3085 5541 ημιουργόν,
3119 5472 3169 5524 Id
3204 5483 3305 5524 eSt:
3353 5468 3529 5533 «Qum

1955 5545 2097 5597 enim
2152 5545 2364 5611 ignorat
2412 5554 2694 5611 numerum
2733 5546 3096 5609 septenariqu
3144 5554 3285 5611 esse,
3314 5548 3525 5611 septeni

1954 5607 2349 5668 charismatum
2389 5608 2659 5664 indicem?
2708 5607 2861 5664 Sic—nt
2912 5621 3074 5664 trium
3117 5608 3420 5679 appellatio
3460 5607 3528 5679 ad

1954 5684 2008 5738 id
2046 5684 2188 5751 quod
2212 5692 2295 5737 est
2323 5680 2812 5751 perfectius_atque
2837 5680 3093 5751 divinius,
3122 5674 3314 5733 referri
3344 5674 3526 5751 solet?

1955 5746 2218 5807 Nimirum
2255 5746 2584 5806 ut'sciamus
2614 5746 2896 5807 Triﬂitatis
2921 5750 3083 5810 ﬁdem
3117 5758 3326 5820 septem
3354 5746 3529 5803 dono-

1956 5839 2073 5880 rum
2092 5823 2339 5894 0pilicem
2368 5834 2521 5899 esse._
2543 5837 2562 5872 ι
