4054 6400
537 408 644 463 703

1776 405 2018 460 DIDYMI
2058 406 2530 462 ALEXANDRINI

3671 418 3763 474 704

540 523 676 574 ritus
724 519 1179 588 sancti,ejusquo
1222 535 1344 574 cum
1402 519 1537 574 Filio
1595 520 1931 576 identitatem
1991 522 2112 587 fide,

2221 526 2356 596 πρός
2372 542 2384 555 ·
2417 527 2481 577 ἐκ
2513 522 2605 576 τοῦ
2631 522 2951 595 πράγματος
2968 525 3028 578 τὸ
3048 525 3217 597 ὄνομα
3244 526 3474 591 καλέσας
3492 543 3507 558 '
3531 529 3764 584 ἐντεῦθέν

542 615 807 680 quantum
853 621 1068 680 poterat
1116 612 1250 682 (55),
1278 613 1666 681 contemplans,
1706 624 1933 683 septem,
1987 614 2111 669 dum

537 705 605 756 de
657 702 774 770 ipso
831 702 1089 769 loquitur,
1131 711 1286 755 notas
1333 713 1584 757 recenset
1619 704 1671 756 in
1719 705 1805 758 liis
1858 706 2036 759 verbis
2097 724 2112 758 :

544 811 564 843 ι
601 792 921 861 Egredietur
956 791 1068 862 (56)
1101 793 1252 862 virga
1303 807 1367 846 ex
1409 792 1590 847 radice
1621 791 1796 858 Iesse,
1837 802 1893 848 et
1921 793 2018 848 flos
2047 811 2113 849 ex

541 882 653 949 ipsa
696 882 808 952 (57)
841 883 1135 936 ascendet:
1187 890 1240 935 et
1273 882 1574 950 requiescet
1617 897 1779 951 super
1827 898 1950 936 eum
1999 884 2112 953 (58)

538 972 779 1040 Spiritus
812 972 1110 1042 sapientiae,
1164 982 1220 1026 et
1268 972 1653 1040 intelligentiae,
1698 972 1931 1043 Spiritus
1980 958 2115 1027 con-

534 1063 664 1127 silii,
696 1073 752 1118 et
789 1063 1153 1126 fortitudinis,
1183 1062 1422 1131 Spiritus
1457 1064 1718 1131 scientiae,
1778 1073 1834 1118 et
1873 1065 2111 1134 pietatis.

540 1154 771 1223 Spiritus
832 1155 1041 1209 timoris
1105 1154 1215 1226 (59)
1290 1154 1406 1209 Dei.
1442 1172 1460 1206 ι
1532 1153 1698 1209 Recte
1756 1165 1936 1210 autem
1993 1157 2113 1225 quis

538 1248 644 1301 huc
697 1247 944 1302 retulerit
1007 1262 1070 1301 ea
1134 1248 1319 1312 etiam,
1378 1262 1497 1316 quae
1534 1248 1586 1301 in
1626 1246 1901 1304 Zachariae
1946 1265 2111 1304 sensu

540 1338 853 1390 abscondita
926 1345 1096 1398 sunt,
1170 1337 1259 1390 ubi
1339 1338 1599 1404 scriptum
1676 1345 1829 1392 est:
1892 1355 1912 1389 ι
1975 1338 2111 1405 Quia

539 1442 670 1482 ecce
700 1427 810 1499 (60)
866 1443 966 1499 ego
1024 1429 1232 1483 adduco
1287 1444 1503 1483 servum
1554 1445 1733 1483 meum
1772 1428 2049 1485 Orientem
2094 1448 2109 1485 :

541 1522 665 1589 quia
708 1521 864 1590 lapis,
903 1537 1060 1591 quem
1091 1522 1210 1576 dedi
1246 1531 1371 1576 ante
1400 1520 1593 1575 faciem
1628 1522 1738 1593 (6l)
1766 1522 1915 1589 Jesu,
1952 1538 2111 1593 super

537 1610 769 1679 lapidem
823 1628 1025 1676 unum,
1079 1622 1282 1680 septem
1338 1613 1482 1668 oculi
1523 1624 1670 1667 sunt.
1728 1633 1746 1666 ι
1802 1614 1927 1669 Haec
1974 1614 2112 1669 Deus

537 1704 676 1757 (ﬁxit
712 1702 835 1757 Jesn
869 1704 1145 1758 sacerdoti
1205 1720 1423 1775 magno.
1474 1705 1718 1771 Adduco,
1760 1705 1959 1774 inquit,
1994 1722 2109 1760 ser-

536 1811 663 1851 vum
715 1812 890 1851 meum
944 1796 1330 1851 Zoroliabelem
1381 1797 1435 1851 in
1479 1806 1798 1866 potestatem
1841 1799 2010 1863 regni,
2042 1800 2112 1853 ob

537 1904 697 1957 quam
733 1888 958 1943 illustris
1011 1888 1119 1942 erit
1179 1902 1244 1942 ac
1301 1887 1635 1956 splendidus,
1679 1888 1843 1941 veluti
1897 1888 2108 1943 Oriens.

535 1981 803 2036 Nimirum
846 1991 1063 2049 sumpto
1085 1996 1151 2035 ex
1187 1980 1301 2051 ipsa
1342 1994 1403 2035 re
1435 1980 1654 2034 nomine
1684 1993 1806 2034 eum
1833 1988 2008 2034 vocat.
2046 1979 2112 2034 Et

536 2069 661 2127 Inde
692 2072 1006 2127 continuum
1059 2086 1390 2136 sermonem,
1434 2085 1499 2124 ac
1555 2070 1673 2123 sine
1725 2070 2112 2139 interruptione

538 2162 776 2228 faciens,
860 2161 1092 2230 lapidem
1150 2162 1394 2215 nominat
1454 2161 1884 2227 Zorobabelem,
1948 2177 2112 2232 super

537 2268 695 2322 quem
727 2252 892 2306 facies
915 2250 1039 2305 .lesu
1073 2251 1280 2303 firmata
1312 2249 1507 2310 fuerat,
1535 2251 1778 2319 praebens
1807 2253 1906 2318 ipsi
1940 2266 2102 2321 Opem

542 2356 636 2413 per
672 2343 969 2405 orationes,
1008 2350 1063 2397 et
1106 2342 1341 2396 vicissim
1371 2342 1642 2412 accipiens
1669 2342 1737 2397 ab
1784 2358 1848 2398 eo
1898 2359 2109 2412 pacem,

539 2451 701 2504 quam
729 2450 952 2504 regnum
985 2444 1283 2503 comparat.
1335 2433 1627 2503 Postquam
1661 2444 1837 2489 autem
1890 2436 2110 2505 subjun-

539 2525 622 2580 xit
653 2543 667 2578 :
708 2543 727 2577 ι
762 2524 930 2579 Fodio
966 2522 1076 2595 (62)
1105 2524 1334 2585 foveam,
1390 2523 1522 2577 dicit
1572 2524 1831 2578 Dominus
1867 2526 2112 2593 omnipo-

542 2625 683 2681 tens,
706 2626 759 2669 et
785 2615 1136 2669 contrectabo
1164 2628 1377 2668 omnem
1408 2613 1746 2682 iniquitatem
1778 2623 1935 2668 terra:
1964 2615 2109 2669 illius

540 2707 597 2761 in
624 2706 709 2761 die
735 2719 837 2759 una
866 2704 977 2776 (65)
1008 2720 1023 2759 :
1075 2714 1131 2759 et
1185 2704 1509 2759 convocabit
1539 2707 1911 2775 unusquisque
1938 2706 2112 2775 proxi-

539 2812 685 2851 mum
722 2812 877 2851 suum
925 2796 1025 2851 sub
1069 2797 1178 2851 vite
1226 2812 1322 2850 sua
1363 2794 1498 2866 (64),
1529 2805 1587 2850 et
1633 2799 1732 2850 sub
1764 2799 1865 2851 licu
1913 2810 2049 2851 sua:
2084 2815 2104 2848 ο

542 2888 597 2943 id
626 2899 732 2954 est,
770 2898 996 2943 mortem
1045 2888 1290 2943 hostibus
1340 2886 1516 2942 infero
1559 2902 1658 2957 per
1714 2889 2108 2957 expeditionem

536 2978 915 3043 Zurobabelis;
956 2978 1090 3032 adeo
1146 2985 1205 3031 ut
1245 2992 1435 3031 omnes
1486 2979 1634 3032 omni
1678 2978 1921 3033 molestia
1975 2979 2109 3035 libe-

540 3071 669 3137 rati,
705 3080 759 3125 et
790 3071 846 3125 in
882 3085 1071 3139 magna
1125 3083 1303 3122 rerum
1353 3069 1678 3124 abundantia
1719 3071 1884 3125 vitam
1909 3073 2110 3142 degen-

2214 630 2274 666 τε
2304 615 2506 685 συνεχῆ
2546 614 2637 667 τὸν
2672 614 2829 681 λόγον
2862 614 2958 667 καὶ
2988 616 3308 671 ἀδιάστατον
3335 619 3665 690 ποιούμενος,
3692 621 3764 681 λί-

2215 702 2307 757 θον
2360 705 2449 757 τὸν
2492 704 2796 774 Ζοροϐάϐελ
2836 706 3113 776 ὀνομάζει,
3153 710 3237 777 ἐφ’
3279 708 3336 761 ὃν
3382 709 3442 763 τὸ
3488 710 3766 781 πρόσωπον

2228 792 2403 862 Ἰησοῦ
2436 795 2747 864 ἐστήρικτο,
2790 796 3024 866 παρέχον
3051 796 3200 867 αὐτῷ
3237 798 3336 869 τὴν
3375 800 3436 851 ἐκ
3463 799 3570 853 τῶν
3599 801 3768 872 εὐχῶν

2213 885 2555 956 ἐπικουρίαν,
2592 886 2686 939 καὶ
2712 886 3109 956 άντιλαμϐάνον
3143 888 3271 957 παρ’
3319 889 3482 942 αὐτοῦ
3530 889 3629 959 τῆν
3668 891 3767 943 άπὸ

2213 975 2313 1045 τῆς
2372 974 2645 1044 βασιλείας
2701 978 2943 1049 είρήνην.
2997 977 3180 1031 Εἰπὼν
3228 979 3285 1031 δὲ
3340 981 3399 1032 ἐν
3455 979 3534 1051 τῷ
3592 982 3763 1051 μέσῳ·

2219 1084 2239 1116 ι
2290 1066 2533 1138 Ὀρύσσω
2567 1066 2779 1140 βόθρον,
2811 1070 2958 1137 λέγει
2992 1070 3197 1141 Κύριος
3238 1072 3650 1143 παντοκράτωρ,
3682 1073 3769 1125 καὶ

2212 1156 2521 1228 ψηλαφήσω
2565 1161 2743 1214 πᾶσαν
2793 1160 2890 1231 τὴν
2937 1161 3149 1215 ἀδικίαν
3196 1165 3296 1234 τῆς
3333 1163 3437 1233 γῆς
3472 1164 3681 1234 ἐκείνης
3714 1166 3768 1218 ἐν

2214 1249 2396 1320 ήμέρᾳ
2441 1252 2537 1321 μιᾷ
2558 1267 2572 1280 ·
2605 1252 2700 1305 καὶ
2742 1253 3133 1321 συγκαλέσεται
3167 1253 3393 1317 ἕκαστος
3422 1253 3512 1308 τὸν
3558 1254 3769 1324 πλησίον

2212 1341 2377 1394 αὑτοῦ
2412 1343 2669 1397 ὑποκάτω
2695 1345 2938 1415 ἀμπέλου
2971 1346 3282 1410 αὐτοῦ,’καὶ
3322 1346 3580 1399 ὑποκάτω
3608 1346 3770 1415 συκῆς

2213 1432 2377 1485 αὑτοῦ
2399 1452 2413 1465 ·
2448 1453 2468 1485 ι
2521 1435 2643 1487 ἀντ)⁸
2672 1435 2788 1499 τοῦ,
2824 1436 3063 1491 Θάνατον
3090 1438 3278 1506 ὲπάγω
3306 1437 3394 1490 διὰ
3419 1439 3518 1509 τῆς
3543 1455 3770 1509 στρατη-

2211 1525 2338 1592 γίας
2386 1525 2480 1578 τοῦ
2527 1527 2833 1598 Ζοροϐάϐελ
2873 1531 2987 1592 τοῖς
3033 1530 3345 1600 πολεμίοις’
3386 1529 3529 1582 ὥστε
3574 1531 3772 1590 πάντας

2212 1616 2391 1686 πάσης
2423 1618 2832 1686 ἀπαλλαγέντας
2873 1622 3138 1692 ταραχῆς,
3190 1622 3285 1675 καὶ
3346 1620 3403 1675 ἔν
3445 1622 3659 1691 ἀφθόνῳ
3694 1622 3770 1674 δι-

2212 1707 2440 1776 άγοντας
2477 1710 2717 1782 εύθηνίᾳ,
2749 1712 2885 1783 πρὸς
2917 1714 3184 1777 ἑστιάσεις
3207 1714 3464 1786 ἀλλήλους
3479 1714 3774 1785 προτρέπε-

2215 1797 2367 1852 σθαι⁹
2401 1802 2776 1871 μνημονεύσας
2833 1802 2891 1856 δὲ
2940 1804 3033 1857 καὶ
3083 1804 3303 1876 λυχνίας
3359 1807 3585 1879 χρυσῆς,
3637 1807 3771 1861 τοῦτ’

2212 1891 2326 1944 ἐστι
2354 1893 2453 1962 τῆς
2482 1893 2858 1966 καθαροτάτης
2898 1897 3153 1961 πίστεως,
3191 1899 3292 1969 τῆς
3331 1900 3644 1970 ἀρχομένης
3684 1898 3774 1970 μὲν

2212 1982 2271 2049 ἐξ
2313 1984 2498 2054 ἡμῶν,
2533 1985 2841 2057 ὑψουμένης
2870 1986 2927 2040 δὲ
2956 1988 3050 2041 καὶ
3091 1989 3255 2060 μέχρι
3303 1989 3407 2043 τῶν
3453 1990 3598 2061 ὑπὲρ
3636 1990 3774 2060 ἡμᾶς

2212 2076 2549 2145 πραγμάτων
2580 2076 2698 2146 (διὰ
2724 2077 2833 2148 γάρ
2856 2078 2950 2131 τοῦ
2983 2078 3186 2150 χρυσοῦ
3217 2080 3278 2134 τὸ
3308 2081 3549 2154 καθαρὸν
3583 2080 3675 2135 καὶ
3701 2080 3762 2134 τί·

2214 2181 2335 2234 μιον
2366 2166 2882 2237 παραλαμϐάνεταιο
2916 2169 2976 2222 οὺ
3001 2171 3113 2241 γὰρ
3146 2173 3389 2238 πέφυκεν
3417 2170 3631 2224 ίοῦσθαι
3654 2187 3777 2240 χρνσ

2213 2256 2339 2325 σός)
2364 2273 2378 2286 ·
2425 2257 2596 2310 εἰπὼν
2628 2259 2683 2313 δὲ
2716 2256 2854 2314 εἶναι
2880 2264 3064 2318 ἐπάνω
3113 2266 3283 2335 αὐτῆς
3316 2264 3411 2316 καὶ
3453 2260 3773 2334 λαμπάδιον,

2208 2346 2352 2400 τοῦτ’
2391 2347 2505 2401 ἔστι
2551 2347 2649 2420 τὴν
2711 2352 2907 2420 ὑψόθεν
2951 2355 3127 2409 πάντα
3156 2355 3594 2424 καταφαίνουσαν
3635 2352 3774 2405 θείαν

2209 2439 2391 2508 χάριν,
2431 2440 2525 2492 καὶ
2552 2442 2693 2495 ἐπτά
2722 2442 2967 2513 λύχνους,
2996 2447 3117 2500 ἀντὶ
3139 2446 3233 2500 τοῦ
3259 2448 3357 2516 τῆς
3381 2445 3511 2517 [124
3537 2445 3590 2518 b]
3631 2462 3775 2499 πνευ-

2215 2530 2454 2601 ματικῆς
2489 2529 2697 2600 δωρεᾶς
2721 2532 2819 2603 τὴν
2852 2536 3113 2604 ἀφθονίαν
3149 2537 3244 2589 καὶ⁷
3268 2536 3614 2606 τελειότητα·
3648 2535 3775 2606 πρὸς

2208 2619 2419 2682 τούτοις
2468 2618 2702 2693 ὕπερθεν
2744 2624 2881 2677 ἐπτά
2909 2626 3329 2695 ἐπαρυστρίδας,
3364 2615 3509 2676 τοῦτ’
3550 2624 3665 2677 ἔστι
3718 2621 3774 2674 τὸ

2211 2709 2474 2764 ἄσϐεστον
2503 2710 2597 2763 καὶ
2625 2712 2844 2785 διαρκὲς
2879 2717 2978 2786 τῆς
3006 2715 3214 2769 ἐκεῖθεν
3258 2715 3541 2787 ἐπιρροῆς,
3570 2714 3662 2768 καὶ
3690 2714 3776 2767 δύο

2211 2800 2430 2863 ἐλαίας·
2484 2800 2541 2853 αἳ
2569 2802 2836 2869 νοοῦνται,
2878 2805 2994 2875 ήτοι
3040 2806 3307 2876 ἱερωσύνη
3360 2807 3454 2860 καὶ
3499 2807 3771 2878 βασιλεία,

2210 2893 2329 2963 ήτοι
2357 2892 2450 2945 δύο
2478 2894 2616 2954 λαοὶ,
2643 2894 2676 2966 ἦ
2707 2891 2842 2949 οἶκοι
2877 2896 3032 2959 Θεοῦ,
3062 2900 3090 2951 ό
3128 2898 3474 2970 Ἰσραηλιτῶν
3503 2916 3637 2952 ποτε
3683 2898 3773 2952 καὶ

2209 2983 2238 3034 ὁ
2268 2982 2607 3052 Χριστιανῶν
2629 2999 2644 3013 ·
2689 2985 2781 3038 καὶ
2813 2985 3169 3057 διαναστήσας
3213 2989 3304 3040 τὸν
3338 2988 3655 3059 προφήτην,
3689 2986 3776 3040 καὶ

2212 3073 2346 3144 πρὸς
2386 3074 2779 3145 ἀκριϐεστέραν
2825 3076 2934 3129 τῶν
2982 3077 3413 3149 δειχθησομένων
3454 3078 3773 3147 κατανόησιν

540 3172 641 3228 tes,
676 3163 741 3215 ad
785 3160 1030 3215 convivia
1065 3174 1124 3214 se
1151 3158 1382 3212 invicem
1425 3157 1538 3229 (65)
1580 3158 1813 3214 invitare
1845 3170 2045 3229 queant
2090 3179 2104 3215 :

2213 3166 2570 3237 ἐγρηγορέναι
2630 3167 2724 3219 καὶ
2787 3168 3142 3222 συντετάσθαι
3204 3168 3364 3221 πλέον
3426 3185 3548 3232 πως
3606 3183 3775 3238 παρα-

540 3263 594 3307 et
623 3261 904 3321 postquam
939 3249 1383 3305 commemoravit
1403 3249 1565 3303 etiam
1594 3250 1978 3304 candelabrum
2014 3266 2110 3304 au—

2216 3258 2508 3321 σκευάσας,
2533 3257 2693 3311 πάλιν
2713 3259 2963 3329 ἐπιφέρει
2984 3276 2997 3289 ·
3033 3278 3051 3310 ι
3082 3260 3199 3312 Οὐκ
3222 3260 3282 3311 ἐν
3302 3258 3530 3328 δυνάμει
3554 3256 3771 3329 μεγάλῃ,

538 3359 688 3398 reum
716 3342 849 3414 (66),
896 3341 949 3396 id
997 3350 1082 3395 est
1114 3340 1456 3409 purissimam
1512 3339 1692 3404 fidem,
1746 3355 1867 3409 qua:
1920 3341 2112 3408 incipit

2213 3347 2335 3400 ούδέ
2368 3348 2426 3401 ἐν
2453 3349 2614 3417 ἰσχύϊ,
2642 3348 2755 3401 ἀλλ’
2792 3350 2824 3419 ἢ
2854 3352 2911 3402 ἐν
2947 3349 3223 3420 Πνεύματί
3251 3366 3375 3420 μου,
3404 3348 3554 3417 λέγει
3582 3348 3776 3418 Κύριος

538 3434 752 3505 quidem
771 3449 799 3487 a
832 3433 987 3487 nobis
1004 3431 1139 3504 (67),
1175 3431 1337 3500 270
1354 3431 1629 3485 extollitur
1646 3438 1824 3485 autem
1856 3446 2025 3499 usque
2045 3434 2112 3488 ad

536 3542 624 3594 ea,
649 3540 768 3595 quae
799 3533 925 3580 sunt
955 3539 1116 3593 supra
1149 3538 1247 3577 nos
1284 3522 1429 3594 (nam
1489 3536 1586 3591 per
1614 3537 1805 3575 aurum
1857 3523 2080 3592 intelligi

540 3628 631 3671 tur
662 3626 748 3670 res
778 3615 972 3669 munda
1009 3623 1065 3668 et
1124 3615 1395 3683 pretiosa;
1431 3628 1554 3667 cum
1588 3626 1777 3666 aurum
1808 3613 1879 3666 ita
1920 3622 2113 3667 natura

541 3714 912 3775 comparatum
967 3702 1061 3768 sit,
1093 3711 1153 3756 ut
1185 3702 1478 3771 aeruginem
1509 3718 1615 3756 non
1650 3701 1956 3772 contrahat)
2005 3723 2016 3756 :
2060 3710 2117 3756 et

543 3808 827 3866 postquam
862 3795 1016 3860 dixit,
1053 3807 1175 3849 esse
1221 3807 1384 3863 super
1414 3792 1590 3862 ipsum
1648 3807 1868 3862 parvam
1904 3793 2116 3862 lampav

545 3890 693 3953 dem,
721 3884 773 3939 id
795 3892 882 3941 est
930 3884 1168 3940 divinam
1204 3883 1456 3953 gratiam,
1507 3899 1627 3954 quae
1669 3899 1734 3939 ex
1793 3884 1901 3938 alto
1933 3886 2116 3939 omnia

543 3977 830 4041 illuminat,
859 3984 915 4030 et
952 3984 1154 4045 septem
1178 3974 1449 4038 lucernas,
1479 3989 1670 4044 nempe
1700 3974 1958 4045 spiritalis
1983 3990 2111 4045 gra-

543 4069 634 4123 tia:
671 4066 1089 4130 abundantiam,
1140 4073 1195 4120 et
1245 4063 1671 4134 perfectionem;
1727 4081 1790 4121 ac
1848 4076 2111 4135 praeterea

542 4159 775 4229 desuper
802 4165 1005 4227 septem
1035 4169 1158 4211 esse
1190 4154 1530 4212 infundibnla
1581 4156 1690 4227 (68)
1744 4156 1881 4226 (sive
1924 4172 2116 4213 emun-

614 4336 731 4410 (55)
772 4336 1039 4410 Quantum
1067 4344 1286 4410 poterat.
1311 4336 1385 4410 Δ1η
1437 4336 1641 4397 Greco.
1691 4337 2101 4410 ἐγχωρούντως,

545 4418 607 4463 ut
630 4405 984 4478 ἀρκούντως,
1013 4417 1076 4478 et
1123 4405 1487 4478 θαρρούντως,
1524 4423 1630 4478 quo
1675 4405 1930 4462 adverbio
1974 4405 2106 4461 usus

543 4476 963 4572 esto-Gregorius
1010 4476 1445 4572 Thaumaturgus
1491 4478 1573 4572 in.
1598 4476 1819 4572 liogiilia
1843 4478 2107 4572 Lnefduin
2147 4515 2192 4572 D

544 4548 689 4603 edita
738 4546 804 4601 in'
835 4546 1027 4616 omnes
1083 4556 1312 4613 sanctos,
1340 4546 1461 4601 eum
1502 4546 1612 4601 ait:
1655 4546 1780 4599 Ἐπὶ
1810 4546 1908 4616 τὴν
1939 4546 2113 4616 ἀρχὴν

542 4616 639 4669 τοῦ
688 4618 845 4686 λόγου
895 4615 1239 4688 θαρρούντως
1294 4616 1665 4688 τραπήσομαι,
1704 4618 1757 4671 id
1809 4615 1913 4679 est,
1957 4615 2120 4669 (ani-

547 4700 694 4741 mose
715 4686 1125 4757 et_conlidenter
1159 4686 1301 4757 loqui
1331 4686 1648 4757 incipiath

623 4757 735 4826 (56)
762 4755 1092 4826 Egredietur.
1126 4755 1331 4817 Isa.'x1,
1364 4756 1479 4810 1-5.

618 4823 731 4895 (57)
764 4823 848 4879 Ea:
882 4826 1022 4898 ipsa.
1055 4825 1240 4898 Graeca
1268 4827 1434 4882 Biblia
1468 4844 1481 4880 :
1519 4826 1615 4880 Ἐκ
1641 4827 1739 4898 τῆς
1754 4824 1909 4897 ῥίζης
1927 4823 2114 4890 αὐτοῦ,

547 4893 602 4949 ltl
637 4893 741 4958 est,
784 4912 802 4944 ι
824 4910 889 4949 ex
910 4896 1093 4949 radice
1125 4894 1262 4960 eius.
1301 4915 1321 4948 ι

620 4965 735 5031 (58)
765 4963 932 5031 Super
958 4980 1095 5017 eum.
1138 4964 1266 5019 Post
1304 4968 1417 5019 lucc
1446 4967 1614 5019 verba
1660 4967 1863 5019 addunt
1894 4964 2065 5020 Biblia
2096 4979 2112 5017 :

548 5030 1012 5102 Πνεῦμαξίυρίου,
1037 5034 1089 5086 id
1121 5043 1223 5097 est,
1263 5052 1281 5085 ι
1305 5034 1537 5102 Spiritus
1561 5036 1790 5090 Domini.
1813 5053 1831 5086 ι

621 5100 989 5172 (59)Spiritus
1033 5103 1256 5172 timoris.
1287 5100 1426 5159 Ante
1459 5106 1577 5160 lnrc
1600 5105 1784 5168 ,verba
1815 5103 1987 5159 Biblia
2018 5102 2116 5157 ad-

550 5169 1007 5243 dititt,_é)§n}.ﬁast
1031 5170 1211 5243 αὐτόν,
1254 5174 1305 5226 id
1343 5183 1447 5236 est,
1483 5192 1502 5224 ι
1526 5175 1767 5243 implebit
1799 5175 1995 5243 ipsum.
2021 5191 2042 5224 ι

622 5239 736 5309 (60)
769 5237 917 5303 Quid
943 5256 1080 5309 ecce.
1109 5240 1273 5296 Zach.
1305 5257 1389 5305 ιιι,
1427 5244 1458 5297 8
1480 5237 1607 5298 et9.

624 5307 738 5394 (61)
766 5311 899 5361 Ante
898 5307 1137 5430 1‘Iacie‘m.
1169 5310 1312 5377 Lego
1333 5326 1452 5365 cum
1478 5311 1689 5393 .Graeca
1720 5311 1976 5376 editione,
2010 5311 2116 5394 πρὸ

624 5394 867 5430 νοσωπου.
946 5392 1032 5430 am
1064 5377 1213 5430 Illud.
1241 5379 1366 5430 ποό.
1400 5395 1429 5430 a
1457 5381 1679 5430 librario
1722 5389 1906 5430 nostro
1949 5397 2116 5430 omis-

554 5377 867 5450 προσώπου.
898 5377 1032 5430 Nam
1064 5377 1213 5446 illud,
1241 5379 1366 5448 πρό,
1400 5395 1429 5434 a
1457 5381 1679 5437 librario
1722 5389 1906 5436 nostro
1949 5377 2118 5437 omis-

753 5464 766 5499 1
775 5464 847 5501 ιο.

551 5463 672 5505 sum
700 5455 847 5516 puto.

564 5581 574 5588 Α
626 5519 740 5588 (6‘2)
772 5514 967 5588 fodio.
997 5513 1277 5588 Zacb._ttt,
1309 5516 1428 5588 9get
1451 5517 1538 5571 10.

513 5577 590 5621 ’μ
628 5577 742 5658 (65)
777 5579 846 5639 In
880 5585 965 5637 die
1013 5601 1140 5636 una.
1184 5577 1310 5639 Post
1357 5586 1471 5640 haec
1500 5585 1662 5640 verba
1712 5586 1880 5641 editio
1925 5587 2115 5643 Grmca

558 5655 716 5711 habet
749 5672 762 5708 :
801 5656 890 5707 Ἐν
923 5656 990 5723 τῇ
1018 5653 1198 5723 ἡμέρᾳ
1238 5655 1441 5723 ἐκείνῃ,
1468 5655 1616 5723 λέγει
1658 5655 1860 5723 Κύριος
1925 5675 2115 5712 παντο-

749 5672 762 5708 ;
806 5672 890 5707 ἰον
923 5672 990 5719 τῃ
1018 5672 1198 5719 ημερᾳ
1238 5672 1441 5719 εκεινῃ,
1470 5672 1616 5719 Λεγει
1659 5672 1860 5719 λυριος
1925 5675 2120 5712 παντο-

560 5671 716 5711 habet
749 5672 762 5708 :
806 5671 890 5707 'tsv
923 5671 990 5723 τῃ
1018 5671 1198 5726 ημερᾳ
1238 5671 1441 5724 εκεινῃ,
1470 5671 1616 5723 Λεγει
1659 5671 1860 5726 λυριος
1925 5675 2117 5712 παντο-

538 5726 808 5803 ’ξιράτῳρ
833 5739 951 5792 qua:
965 5725 1162 5803 omittit
1196 5723 1476 5794 Didymus,
1498 5728 1700 5782 addens
1727 5741 1823 5797 pro
1855 5725 1963 5783 illis
1986 5743 2117 5786 con-

557 5792 880 5861 iunctionem
912 5792 1022 5847 καί.

2217 3437 2627 3509 παντοκράτωρ.
2671 3437 2766 3500 Τίς
2812 3432 2862 3490 εί
2891 3437 2979 3499 σὺ,
3036 3437 3098 3490 τὸ
3154 3437 3280 3509 ὄρος
3327 3436 3388 3489 τὸ
3454 3435 3619 3505 μέγα,
3677 3430 3776 3504 πρὸ

2220 3528 2511 3600 προσώπου
2547 3527 2868 3599 Ζοροϐάϐελ,
2914 3527 3007 3580 τοῦ
3055 3526 3401 3599 κατορθῶσαι
3442 3526 3541 3579 καὶ
3583 3524 3774 3591 ἐξοῖσαι

2226 3619 2307 3672 τὸν
2334 3619 2480 3672 λίθον
2505 3620 2605 3689 τῆς
2635 3618 3000 3689 κληρονομίας
3033 3619 3253 3689 ίσότητα
3280 3617 3536 3687 χάριτος;
3573 3635 3592 3667 ι
3623 3615 3776 3685 Ὄρος

2217 3709 2450 3762 ἐνταῦθα
2484 3710 2573 3762 τὸν
2625 3708 2881 3779 πολέμιον
2924 3709 3100 3774 καλεῖ,
3131 3701 3176 3777 ᾧ
3209 3707 3536 3776 διαλέγεται,
3576 3707 3657 3760 ὅτι
3680 3704 3775 3758 Τὸν

2216 3796 2381 3857 λίθον,
2418 3798 2570 3866 φησὶ,
2614 3798 2714 3867 τῆς
2759 3796 3123 3867 κληρονομίας
3163 3796 3254 3850 τὸν
3288 3794 3614 3867 Ζοροϐάϐελ,
3657 3791 3773 3846 καθ’

2216 3882 2277 3941 οῦ
2301 3887 2711 3957 ἀντιπρόσωπος
2738 3886 2833 3939 καὶ
2875 3886 3113 3949 ἐναντίος
3138 3887 3331 3957 ὁρμᾷς,
3353 3884 3593 3956 τοσαύτη
3620 3898 3776 3937 πνευ-

2219 3978 2421 4048 ματικὴ
2466 3977 2645 4048 χάρις,
2692 3976 3060 4047 κατορθοῦντα
3094 3976 3190 4041 τὰς
3232 3976 3430 4047 μάχας,
3478 3973 3774 4046 περιϐαλετ,

2218 4069 2294 4131 ὼς
2313 4068 2434 4121 ὅλον
2456 4068 2617 4122 αὐτὸν
2644 4068 2821 4120 δοκεῖν
2844 4066 3163 4137 αὐτόχρημα
3182 4066 3340 4136 χάριν
3363 4065 3650 4138 ὑπάρχειν.
3674 4061 3777 4114 Καὶ

2224 4159 2362 4232 μετά
2404 4158 2575 4232 βραχὺ
2608 4157 2839 4230 βεϐαιῶν
2867 4156 2948 4211 ἔτι
2976 4157 3170 4226 ταῦτα,
3206 4158 3540 4229 προφητεύει
3574 4154 3772 4216 οὕτως’

2285 4340 2397 4408 (64)
2428 4338 2563 4395 Sua.
2599 4339 2773 4395 Biblia
2804 4339 3016 4403 Graeca,
3050 4338 3265 4393 omissis
3292 4337 3499 4392 duobus
3523 4337 3627 4393 illis
3655 4351 3774 4407 pro.

2216 4410 2548 4471 nominibus,
2590 4411 2821 4464 habent:
2849 4408 2944 4462 sub
2975 4412 3096 4470 vite,
3128 4418 3175 4461 et
3207 4408 3302 4459 sub
3337 4408 3461 4474 ﬁcu.

2287 4479 2399 4548 (65)
2429 4478 2500 4551 S_e
2530 4481 2765 4551 invicem.
2796 4477 3280 4551 Οοιιειεάλλήλου.
3306 4476 3449 4545 Lego
3498 4477 3772 4551 ἀλλήλους.

2312 4550 2402 4618 66)
2433 4547 2679 4618 Aureum.
2705 4548 2869 4602 ΖςιοΙι.
2899 4563 2971 4609 tv,
2993 4546 3049 4601 2.

2312 4550 2402 4618 66)
2433 4550 2679 4601 Aureum.
2705 4550 2869 4602 Z:ICII.
2899 4563 2971 4609 tv,
2993 4550 3049 4601 2.
3624 4550 3629 4551 “

2288 4550 2407 4687 (67)
2431 4617 2621 4684 Incipit
2640 4619 2846 4687 quidem
2864 4635 2894 4670 α
2915 4616 3178 4683 nobisJDe
3200 4616 3300 4670 hac
3314 4615 3603 4687 lor-titione,
3622 4628 3776 4687 quam

2217 4702 2285 4742 ex
2304 4684 2569 4756 'Urigenis
2610 4684 2701 4742 lib.
2746 4703 2801 4740 Ix
2836 4688 2890 4738 in
2936 4689 3229 4755 Epistulam
3261 4690 3328 4738 ad
3380 4684 3641 4741 Romanos
3670 4685 3775 4756 for:

2221 4768 2362 4812 tasse
2411 4752 2639 4825 Sumpsit
2689 4758 2965 4825 Didymus,
2985 4752 3125 4810 satis
3177 4756 3284 4809 dixi
3337 4756 3391 4810 in
3430 4755 3677 4825 Epistula
3711 4752 3776 4807 ad

2221 4771 2362 4812 tasse
2411 4771 2639 4825 sumpsit
2689 4771 2781 4811 unt
2827 4771 2965 4818 mus,
2992 4771 3125 4810 satis
3177 4771 3284 4809 um
3337 4771 3391 4810 in
3442 4771 3677 4823 [cristata
3711 4771 3774 4807 aa

2217 4827 2422 4880 clariss.
2463 4826 2737 4893 prwsulem
2774 4771 3037 4879 Ioannem
3070 4826 3394 4881 Archintum.
3427 4824 3561 4880 Vide
3595 4826 3774 4885 etiam,

2219 4899 2263 4952 si
2295 4897 2490 4966 placet1
2524 4897 2771 4966 superius
2806 4894 3045 4966 not._85,
3078 4911 3197 4966 pag.
3231 4898 3316 4951 ll.

2290 4963 2402 5034 (68)
2460 4963 2827 5036 Infundibula.
2900 4963 3122 5036 Codex}
3152 4963 3169 4966 ⁷
3198 4964 3586 5036 παρυστρίδας.
3609 5035 3616 5036 7
3642 4963 3779 5036 Lego

2217 5032 2795 5107 suapuocpioa;.Quzp
2822 5048 2926 5089 vox
2954 5035 3202 5107 ambigua
3253 5032 3336 5107 est
3365 5032 3429 5089 ιη·
3448 5035 3652 5107 Graecis
3682 5032 3779 5107 _Bi-

2219 5102 2358 5169 liliis',
2402 5102 2550 5158 LXX
2570 5106 2713 5158 enim
2761 5102 2889 5157 lntt.
2919 5119 2980 5156 ea
3015 5102 3239 5158 usiSunt
3269 5105 3334 5156 ad
3382 5103 3775 5173 exprimendam

2216 5177 2403 5261 Graece
2437 5186 2550 5230 tutu
2604 5188 2738 5229 voce
2795 5182 3016 5261 mpm
3053 5173 3400 5243 (muzakath),
3457 5184 3568 5227 tum
3624 5186 3777 5261 voces

2215 5252 2449 5354 nvi-ipsi:
2504 5252 2915 5335 (melkahhaim'),
2965 5273 3019 5318 et
3042 5272 3214 5323 mm:
3264 5263 3557 5354 (manu)
3583 5277 3598 5316 :
3628 5260 3779 5354 modo

2218 5352 2423 5417 scilicet
2460 5375 2479 5409 ι
2508 5354 2866 5420 infundibula,
2892 5372 2912 5406 ι
2944 5356 3081 5419 sive,
3116 5366 3177 5409 nt
3201 5353 3365 5407 vertit
3399 5352 3659 5422 Vulgatus
3699 5353 3778 5405 in-

2221 5441 2448 5499 terpres,
2487 5423 2812 5499 c_inf_uso_ria,
2846 5442 2864 5476 ι
2927 5423 3159 5499 velint
3216 5423 3378 5499 vergit
3431 5422 3779 5499 [lieronymus

2125 5520 2132 5531 ’
2219 5489 2320 5554 lib:
2354 5514 2369 5552 t
2403 5489 2457 5549 in
2490 5492 2835 5557 Zachariam,
2868 5508 2989 5562 pag.
3019 5492 3155 5561 809)
3213 5509 3232 5543 ι
3253 5489 3503 5547 eﬂ'usoria
3531 5508 3547 5562 ς
3571 5510 3589 5542 ι
3623 5489 3779 5562 inudo

2221 5583 2348 5623 vero
2375 5585 2393 5616 ι
2418 5563 2715 5630 forcipes,»
2754 5560 3300 5617 sive’tetnunctoria.
3340 5579 3359 5612 ι
3412 5562 3466 5615 In
3513 5560 3779 5616 Zachariae

2221 5639 2362 5701 loco,
2395 5649 2555 5701 quem
2585 5632 2819 5701 explicat
2844 5630 3124 5701 Didymus,
3151 5633 3347 5701 legitur
3370 5645 3573 5701 nomen
3596 5642 3771 5701 maza-

2219 5696 2361 5768 koth,
2392 5696 2533 5773 quod
2567 5715 2633 5754 ex
2658 5696 2876 5765 radice,
2908 5696 3003 5756 seu
3038 5696 3329 5787 verbo'prt
3359 5698 3582 5769 (jazak)
3615 5715 3635 5748 ι
3659 5696 3773 5749 fun-

2224 5792 2408 5861 dendi,
2441 5808 2460 5844 ι
2495 5789 2609 5848 sive
2640 5807 2659 5841 ι
2682 5787 2989 5849 ell‘undendi
3014 5811 3033 5845 ι
3067 5791 3512 5863 signiﬁcationem
3549 5787 3772 5846 habente
