4054 6446
396 388 503 475 ros

1414 420 1504 475 nn
1539 419 1914 476 TRINITATE
1951 418 2156 476 LIBER
2196 382 2581 479 SECUNDUS.

3536 415 3644 473 706

401 555 424 592 ι
457 538 569 593 Καὶ
610 537 963 612 χαρήσονται,
1003 536 1098 592 καὶ
1135 536 1358 608 ὄψονται
1384 537 1476 593 τὸν
1516 538 1662 592 λίθον
1700 538 1791 590 τὸν
1832 554 1960 591 κασα

2072 537 2288 607 ctoria),
2319 538 2370 592 id
2416 547 2499 593 est
2549 535 3061 606 inexstingnibilem,
3093 548 3156 591 ac
3192 547 3510 604 perennem,
3546 532 3640 602 qui

398 629 662 701 σιτέρινον
693 633 751 685 ὲν
782 631 928 703 χειρὶ
955 630 1278 702 Ζοροϐάϐελ.
1322 630 1493 684 Ἐπτά
1524 624 1669 684 οῦτοι
1701 629 1968 700 ὀφθαλμοὶ

398 723 605 794 Κυρίου
640 724 800 789 εἰσὶν,
826 725 874 778 οί
901 724 1285 787 ὲπιὸλέποντες
1325 724 1417 777 ἐπὶ
1445 723 1624 776 πᾶσαν
1649 720 1747 792 τὴν
1786 723 1910 790 γῆν.
1942 739 1961 771 ι

397 814 463 867 υἱ
502 809 594 868 οὖν
621 815 720 885 τὴν
748 816 926 869 πᾶσαν
970 815 1147 869 κτίσιν
1179 814 1481 885 ἐφορῶντες
1509 812 1646 866 ἑπτὰ
1676 811 1965 881 ὀφθαλμοὶ,

398 907 448 958 οἱ
491 904 879 975 προλεχθέντες
922 904 1215 977 παράδοξοι
1260 904 1638 978 χρηματισμο)⁵
1678 900 1773 955 τοῦ
1812 902 1966 970 ἁγίου

398 994 713 1065 Πνεύματός
738 998 894 1049 εἰσιν.
921 996 1309 1068 Κασσιτέρινον
1328 996 1384 1048 δὲ
1412 995 1558 1049 λίθον
1588 993 1759 1060 εἶπεν,
1785 993 1967 1065 ἐπειδὴ

399 1087 457 1139 ὲν
486 1085 563 1156 τῷ
590 1087 897 1158 κασσιτέρῳ
916 1085 985 1140 τά
1013 1087 1318 1140 πεπονθότα
1350 1087 1540 1159 σκεύη,
1568 1088 1765 1158 σιδηρᾶ
1784 1105 1843 1140 τε
1873 1088 1968 1140 καὶ

396 1179 596 1249 χαλκᾶ,
628 1178 988 1251 θεραπεύεται
1013 1180 1105 1232 καὶ
1132 1179 1559 1251 ἀναπληροῦται,
1591 1180 1686 1232 καὶ
1715 1181 1967 1245 ένωτικός

397 1269 545 1321 ἐστιν
588 1267 618 1319 ὁ
650 1267 989 1340 κασσίτερος.
1038 1268 1176 1320 Φασὶ
1216 1267 1276 1321 δέ
1319 1285 1480 1332 τινες,
1530 1269 1611 1321 ὅτι
1682 1270 1776 1322 σὺν
1805 1268 1965 1339 τέχνῃ

398 1354 784 1427 καὶ.διακρίνει
825 1356 882 1408 ὲν
913 1358 978 1426 τῇ
1011 1355 1158 1425 χὼνῃ
1192 1354 1321 1426 [125
1352 1355 1411 1427 a]
1471 1356 1578 1409 ἀπὸ
1610 1354 1705 1409 τοῦ
1734 1356 1964 1426 χρυσοῦ,

397 1445 433 1517 ἢ
454 1447 716 1518 ἀργύρου,
740 1448 773 1519 ἢ
814 1447 904 1518 χαὶ
916 1448 1013 1502 κοῦ
1038 1449 1099 1501 τὸ
1124 1450 1344 1520 δόκιμον
1370 1451 1465 1505 καὶ
1492 1450 1768 1520 ἀδόκιμον.
1798 1444 1967 1518 Ἐγῷ-

398 1556 519 1608 μαι,
550 1538 626 1602 ὡς
666 1540 760 1592 καὶ
810 1539 872 1592 τ’)
925 1539 1030 1593 ὑπὸ
1082 1540 1390 1610 Σολομῶνος
1452 1540 1651 1611 ὁμοίως
1691 1542 1749 1594 ὲν
1791 1540 1964 1612 ἀποῤ-

398 1630 548 1698 ρήτῳ
596 1627 806 1699 λεχθὲν,
845 1646 865 1681 t
929 1631 978 1683 H
1032 1630 1190 1699 σοφία
1211 1631 1556 1702 ᾠκοδόμησεν
1584 1632 1749 1701 έαυτῇ
1798 1626 1962 1694 οἷκον,

396 1719 492 1771 καὶ
531 1719 793 1790 ὕπήρεισε
836 1719 1061 1785 στύλους
1117 1721 1292 1788 ὲπτά,
1324 1740 1343 1773 ι
1370 1720 1715 1792 παραδηλοῦν
1756 1721 1965 1790 ἐφίεται

394 1808 458 1863 τὺ
515 1813 582 1883 τῇ
645 1812 906 1884 Παρθένῳ
958 1813 1341 1883 εὐαγγελισθὲν
1389 1813 1494 1867 ὑπὸ
1548 1813 1642 1867 τοῦ
1690 1813 1960 1885 Γα6ριήλ’

2070 631 2195 686 inde
2222 640 2328 698 est,
2370 630 2661 699 iufluxum;
2707 640 2764 686 et
2798 631 2932 684 duas
2962 628 3165 694 olivas;
3221 641 3340 695 quae
3370 629 3452 681 sic
3496 626 3640 681 acci-

2070 721 2311 791 piuntur,
2343 732 2401 775 ut
2434 723 2736 792 significent
2777 720 2889 793 (69)
2922 720 3005 774 vel
3057 718 3420 773 sacerdotium
3476 728 3533 773 et
3564 731 3644 771 re-

2069 825 2255 880 gnum,
2287 812 2372 866 vel
2429 814 2563 867 duos
2600 813 2844 884 populos,
2891 820 2982 864 aut
3023 811 3209 865 domos
3259 810 3375 882 Dei,
3410 808 3641 877 priscum

2069 917 2261 971 nempe
2291 906 2544 974 populum
2578 902 2971 968 lsraelitarum,
3009 913 3063 957 et
3107 909 3349 955 nostrum
3375 899 3644 953 Christia-

2066 1008 2259 1047 norqu
2293 1012 2307 1048 :
2343 1004 2397 1048 et
2422 1004 2703 1064 postquam
2758 996 3074 1064 pmphelam
3109 994 3391 1055 excitavit,
3420 1005 3484 1044 ac
3517 1005 3642 1044 eum

2067 1084 2237 1155 magis
2264 1088 2501 1154 quodam
2528 1087 2688 1140 modo
2715 1085 2998 1154 disposuit,
3035 1093 3093 1137 ut
3120 1083 3184 1137 ad
3209 1097 3294 1147 ea,
3323 1096 3441 1152 qua:
3464 1090 3647 1134 osten-

2067 1189 2224 1231 surus
2256 1187 2393 1244 erat,
2467 1178 2774 1232 accuratius
2844 1176 2955 1247 (70)
2998 1175 3388 1230 consideranda
3433 1172 3649 1241 evigila-

2069 1278 2170 1333 rel,
2212 1277 2374 1337 atque
2422 1270 2835 1324 conniteretur:
2889 1268 3205 1335 Postquam,
3253 1265 3494 1333 inquam,
3528 1262 3647 1316 hate

2066 1360 2247 1413 omnia
2284 1359 2439 1425 dixit,
2492 1374 2678 1413 rursus
2723 1358 2899 1412 subdit
2935 1376 2950 1411 :
2994 1376 3013 1408 ι
3054 1356 3167 1409 Non
3202 1355 3254 1409 in
3290 1358 3489 1407 virtute
3529 1352 3647 1422 (7f)

2069 1465 2285 1522 magna,
2322 1464 2494 1521 neque
2530 1453 2580 1505 in
2641 1450 2976 1514 fortitudine,
3035 1448 3140 1501 nisi
3199 1444 3311 1517 (72)
3348 1446 3400 1499 in
3439 1443 3646 1513 Spiritu

2067 1558 2208 1607 meo,
2239 1542 2372 1597 dicit
2424 1543 2685 1596 Dominus
2725 1541 3089 1609 omnipotens.
3122 1537 3253 1603 Quis
3284 1551 3342 1589 es
3378 1545 3452 1600 tu,
3488 1547 3649 1588 mons

2066 1648 2276 1703 magne,
2306 1642 2429 1687 ante
2467 1632 2655 1686 faciem
2706 1630 3072 1693 Zorobabelis,
3127 1636 3183 1681 ut
3238 1637 3494 1693 prospere
3543 1623 3642 1678 tibi

2064 1725 2336 1789 succedat,
2361 1732 2415 1777 et
2453 1727 2653 1779 educas
2687 1723 2797 1793 (75)
2833 1722 3061 1791 lapidem
3092 1715 3424 1772 hmreditatis
3456 1728 3641 1782 aequa-

2065 1814 2268 1870 litatcm
2305 1817 2532 1887 gratiae?
2574 1834 2593 1867 ι
2646 1815 2744 1870 llic
2770 1824 3006 1869 montem
3039 1821 3194 1866 vocat
3221 1810 3453 1870 hostem,
3480 1818 3642 1873 quem

402 1922 422 1955 ι
452 1903 679 1975 Πνεῦμα
720 1904 876 1974 ἅγιον
912 1904 1192 1960 ἐλεύσεται
1232 1908 1325 1960 ἐπὶ
1365 1907 1457 1959 σέ·
1493 1925 1512 1959 ι
1556 1907 1693 1978 ὅπερ
1726 1908 1819 1960 καὶ
1856 1907 1960 1960 λει-

2066 1908 2373 1977 alloquitur,
2413 1908 2538 1978 quia
2594 1908 2846 1977 lapidem,
2893 1905 3084 1974 inquit,
3120 1900 3448 1957 bacreditatis
3476 1897 3644 1950 Zoro-

391 1998 642 2066 τουργεῖν
669 1996 817 2067 αὐτῷ
840 1998 963 2061 τοὺς
983 1997 1246 2066 ἀγγέλους
1269 1998 1421 2070 δηλοῖ
1437 2014 1453 2030 ο
1483 1999 1578 2053 καὶ
1602 1998 1677 2061 ὡς
1698 1997 1805 2051 τῶν
1828 1997 1962 2052 ὅλων

393 2085 705 2158 ὑποστάτης
744 2087 884 2153 ἐστὶ,
927 2089 1021 2142 καὶ
1081 2089 1181 2153 τὰς
1214 2090 1357 2155 ζωὰς
1386 2091 1609 2163 ἀρρήτῳ
1634 2090 1965 2161 φωταγωγίᾳ

390 2177 728 2248 περιλάμπει
771 2179 832 2231 τὸ
880 2179 1058 2232 θεῖκὸν
1089 2179 1349 2251 Πνεῦμα,
1398 2182 1494 2235 σὺν
1520 2180 1597 2251 τῷ
1644 2181 1821 2251 Πατρὶ
1870 2183 1964 2234 καὶ

390 2268 474 2338 τῷ
507 2267 641 2338 Υίῷ,
693 2268 833 2339 μετὰ
874 2271 1152 2343 ἀφράστου
1206 2270 1451 2335 ὲνώσεως
1493 2272 1588 2325 καὶ
1639 2272 1959 2341 συμπνοίας.

406 2356 711 2425 Ἀξιοῦσθαι
745 2355 836 2413 οὖν
874 2359 1039 2413 αὐτοῦ
1083 2362 1211 2424 τοὺς
1253 2360 1651 2432 φωτιζομένους
1694 2362 1963 2414 παιδεύων

391 2449 542 2518 ἡμᾶς
583 2449 611 2501 ὁ
658 2449 1000 2517 Ἀπόστολος,
1047 2451 1311 2515 Γαλάταις
1356 2451 1590 2522 ἐχάραξε
1660 2452 1963 2523 γράμματα

390 2538 488 2592 καὶ
528 2539 737 2594 τοιάδε·
780 2562 799 2592 ι
834 2541 1005 2595 Τοῦτο
1046 2542 1205 2612 μόνον
1245 2541 1383 2595 θέλω
1420 2542 1611 2612 μαθεῖν
1647 2544 1738 2611 ἀφ’
1774 2542 1959 2612 ὑμῶν’

406 2630 499 2697 Ἐξ
546 2630 720 2703 ἔργων
770 2632 934 2703 νόμου
974 2632 1037 2686 τὸ
1070 2617 1301 2704 ’Πνεῦμα
1337 2633 1579 2700 ἐλάϐετε,
1623 2634 1656 2705 ἢ
1702 2634 1761 2701 ἐξ
1795 2634 1965 2704 ἀκοῆς

392 2721 660 2787 πίστεως;
697 2741 718 2775 ι
758 2721 943 2791 Ταῦτα
986 2723 1076 2777 καί
1108 2724 1271 2778 Δαυῒδ
1297 2725 1358 2778 οὐ
1398 2728 1573 2797 σιωπῇ
1606 2725 1956 2797 παρατρέχει.

392 2810 684 2864 Συνάπτων
724 2809 835 2882 γὰρ
880 2812 1173 2883 προφανῶς
1207 2813 1306 2885 τὴν
1343 2813 1502 2882 φύσιν
1531 2815 1625 2866 καὶ
1664 2815 1965 2887 ὁμοφροσύ-

394 2917 493 2971 νην
536 2900 628 2953 τοῦ
673 2902 737 2954 ὲκ
769 2902 946 2971 φωτὸς
985 2901 1101 2972 φῶς
1142 2903 1493 2974 γεννηθέντος
1537 2904 1690 2969 Υίοῦ,
1734 2906 1829 2959 καὶ
1864 2905 1964 2959 τοῦ

393 2992 619 3065 ἀληθείᾳ
637 2992 696 3058 ἐξ
712 2993 966 3065 ἀληθείας
996 2994 1416 3067 ὲκπορευθέντος
1437 2996 1592 3065 ἁγίου
1614 2998 1956 3068 Πνεύματος,

392 3081 604 3151 ψάλλει,
654 3083 712 3135 ὲν
762 3084 860 3154 μὲν
900 3084 1018 3155 μβ”
1067 3103 1086 3137 t
1145 3083 1556 3150 Ἐξαπόστειλον
1597 3087 1659 3140 τὸ
1713 3087 1828 3157 φῶς
1866 3105 1959 3141 σου

399 3174 493 3226 καὶ
519 3174 618 3243 τὴν
659 3173 915 3246 ἀλήθειάν
945 3192 1067 3230 σου·
1107 3196 1125 3228 ι
1164 3178 1222 3230 ὲν
1252 3176 1307 3230 δὲ
1339 3178 1480 3249 ρμζ¹³
1518 3196 1536 3228 ι
1581 3177 1961 3241 Ἐξαποστελεῖ

2069 1999 2334 2065 babelem,
2364 2009 2552 2054 contra
2583 2014 2743 2069 quem
2781 1999 2965 2069 prodis
2996 1996 3106 2067 (74)
3136 1996 3187 2048 iu
3211 1993 3400 2047 faciem
3424 1990 3470 2045 ei
3505 1988 3643 2042 resi-

2070 2100 2238 2154 stens,
2261 2101 2315 2145 et
2351 2093 2714 2157 adversarius,
2737 2100 2881 2144 tanta
2921 2087 3175 2158 spiritalis
3202 2085 3371 2155 gratia
3390 2094 3644 2151 prospere

2070 2182 2412 2236 dimicantem
2449 2180 2825 2243 circumdabit,
2858 2186 2916 2231 ut
2955 2179 3071 2246 ipse
3122 2184 3267 2228 totus
3302 2170 3471 2241 gratia
3521 2183 3643 2221 esse

2070 2272 2226 2340 plane
2251 2273 2466 2326 visurus
2505 2273 2596 2326 sit.
2634 2270 2700 2324 Et
2735 2269 2892 2339 paulo
2924 2277 3045 2338 post
3076 2280 3262 2320 rursus
3314 2265 3413 2317 ista
3443 2260 3644 2315 confir-

2069 2377 2243 2427 mans,
2281 2362 2360 2416 sic
2391 2363 2680 2430 prophetat
2711 2380 2725 2416 :
2771 2364 2799 2411 ι·
2841 2361 2907 2413 Et
2945 2358 3268 2412 laetabuntur
3315 2352 3448 2423 (75),
3479 2361 3532 2406 et
3559 2351 3642 2403 vi-

2070 2453 2270 2507 debunt
2310 2453 2539 2523 lapidem
2570 2462 2854 2507 stanueum
2892 2453 2944 2505 in
2976 2465 3134 2503 manu
3167 2444 3462 2501 Zurobabel
3504 2461 3517 2498 :
3556 2457 3645 2497 se-

2069 2555 2210 2614 ptem
2259 2546 2313 2600 hi
2345 2546 2485 2600 oculi
2535 2544 2748 2599 Domini
2779 2552 2927 2606 sunt,
2952 2542 3041 2611 qui
3095 2540 3386 2611 inspiciunt
3423 2539 3474 2591 in
3518 2535 3643 2590 uni-

2069 2652 2278 2691 versam
2311 2636 2468 2705 271
2505 2645 2727 2689 terram.
2765 2653 2784 2686 ι
2834 2632 3021 2700 Itaque
3079 2642 3283 2701 septem
3339 2627 3500 2692 oculi,
3549 2623 3643 2694 qui

2068 2743 2280 2780 omnem
2314 2740 2621 2781 creaturam
2664 2726 2983 2795 iuSpiciuut,
3009 2736 3134 2779 sunt
3170 2721 3499 2776 admirandae
3540 2716 3646 2771 illa:

2071 2816 2303 2886 Spiritus
2362 2817 2532 2872 sancti
2594 2817 3056 2872 denominatinnes
3116 2813 3264 2886 (76),
3307 2826 3440 2883 quas
3484 2819 3645 2864 antea

2068 2910 2320 2964 diximus.
2393 2909 2689 2964 Stauneum
2767 2923 2898 2963 vero
2976 2907 3210 2978 lapidem
3275 2904 3453 2970 dixit,
3518 2901 3646 2971 quia

2068 3017 2213 3066 vasa,
2243 3016 2361 3071 qum
2387 3002 2771 3056 detrimentum
2795 3014 2951 3069 passa
2984 3009 3130 3063 sunt,
3154 3013 3277 3051 cum
3304 2995 3499 3060 ferrea,
3531 3004 3647 3047 tum

2066 3109 2237 3158 mneo,
2274 3103 2468 3148 stauno
2499 3093 2895 3155 instaurantur,
2927 3100 3096 3160 atque
3146 3087 3562 3157 iutcrpoIautur,
3591 3094 3647 3138 et

2066 3193 2313 3237 staunum
2395 3182 2506 3253 (77)
2567 3182 2849 3253 copulandi
2899 3181 3007 3234 vim
3057 3178 3238 3233 habet.
3294 3179 3462 3230 Aiunt
3516 3189 3646 3228 vero

393 3265 485 3317 τὸν
509 3265 676 3334 Λόγον
706 3267 891 3333 αὑτοῦ,
911 3271 1005 3323 καὶ
1030 3270 1179 3342 τήξει
1202 3271 1343 3325 αὐτὰ
1362 3288 1376 3301 ·
1409 3269 1628 3322 πνεύσει
1652 3269 1712 3321 τὸ
1743 3268 1960 3339 Πνεῦμα

2066 3276 2302 3344 quidam.
2328 3285 2524 3330 stauno
2563 3291 2754 3329 aurum
2819 3275 3005 3339 etiam,
3045 3282 3139 3327 aut
3187 3282 3504 3341 argenturm,
3550 3277 3645 3323 aut

394 3356 580 3421 αὐτοῦ,
608 3358 701 3412 καὶ
732 3361 991 3431 ρυήσεται
1034 3360 1222 3417 ὕδατα.
1259 3381 1278 3414 ι
1313 3356 1385 3432 ’ῼ
1423 3362 1613 3416 ἕπεται
1655 3362 1716 3414 τὸ
1744 3363 1959 3415 Παύλου

2066 3379 2139 3418 aes
2187 3365 2237 3418 iu
2274 3363 2480 3419 fusorio
2511 3379 2659 3431 vase,
2695 3364 2926 3418 artificio
2964 3362 3195 3432 qundam
3227 3360 3472 3414 adhibito
3500 3400 3514 3424 ,
3568 3360 3643 3413 ita

395 3447 589 3517 ῥητόν·
632 3467 653 3501 ι
718 3451 893 3522 Ημεῖς
928 3453 1128 3517 πάντες
1157 3452 1214 3509 ἓν
1243 3452 1469 3524 Πνεῦμα
1514 3453 1897 3525 ἐποτίσθημεν.
1934 3474 1955 3508 ι

2066 3456 2307 3526 purgari,
2345 3464 2405 3511 ut
2427 3471 2619 3527 purum
2650 3457 2720 3511 ab
2751 3455 2962 3525 impuro
2986 3462 3303 3507 secernatur
3335 3452 3469 3522 (78).
3502 3450 3641 3518 Quin

393 3628 683 3701 derivatur.
712 3629 890 3700 Atque
909 3632 1013 3686 hoc
1039 3631 1154 3698 ipso
1180 3645 1342 3685 sensu
1372 3644 1582 3694 vocem,
1613 3629 1961 3701 ὲπαρυστρί-

391 3699 509 3764 δας,
540 3715 572 3753 a
630 3699 877 3769 tlieolo’go
922 3712 1105 3755 nostro
1150 3701 1287 3754 sumi
1320 3708 1466 3769 patet:
1517 3715 1583 3754 ex
1614 3699 1960 3769 verbis.qu:e

391 3771 571 3838 statim
597 3769 830 3838 subjicit.
859 3770 994 3825 Vide
1017 3780 1128 3823 not.
1158 3769 1252 3834 28,
1273 3784 1396 3838 pag.
1425 3769 1516 3824 47.

463 3837 572 3909 (69)
605 3837 670 3892 Ut
696 3840 1006 3909 signiﬁcent,
1039 3850 1144 3894 etc.
1173 3837 1331 3893 Binas
1357 3840 1519 3909 hasce
1552 3839 1954 3909 interpretatio-

389 3908 489 3978 nes
523 3909 845 3978 verborum,
891 3910 1051 3963 «dum
1117 3910 1340 3970 olivae,»
1388 3908 1543 3978 affert
1594 3908 1952 3978 Hieronymus

391 3973 532 4033 libro
583 3978 758 4046 primo
806 3979 1312 4034 commentariorum
1364 3981 1419 4032 in
1451 3973 1947 4045 Zachariamfcap.

391 4048 448 4108 4.
479 4117 491 4126 .
514 4062 652 4126 ρος..
683 4047 808 4126 ὃιρ.
842 4049 1024 4126 «Duas
1072 4048 1244 4126 olivas
1278 4048 1517 4119 (inquit)
1545 4047 1819 4126 quidamst
1851 4062 1951 4102 no-

2135 3628 2252 3701 (77)
2282 3627 2564 3701 Stannum.
2615 3629 2818 3694 Codex,
2853 3628 3203 3700 κασσίτηρος.
3259 3625 3402 3694 Lego
3454 3626 3644 3681 κασσί-

2063 3699 2243 3771 τερος.
2275 3699 2535 3753 Stannum
2566 3710 2744 3754 autem
2781 3701 2848 3751 ita
2891 3699 3101 3753 natura
3130 3709 3500 3771 comparatum
3533 3707 3641 3759 est,

2065 3768 2273 3822 ut'cum
2302 3770 2542 3838 plumbo.
2575 3779 2668 3821 aut
2701 3785 2893 3838 cupro.
2930 3782 3021 3822 aut
3061 3772 3332 3822 mercurio
3364 3768 3521 3821 facile
3544 3784 3639 3838 eo-

2060 3841 2278 3908 puletur
2300 3836 2316 3904 ξ
2341 3855 2446 3894 non
2462 3855 2592 3893 vero
2622 3855 2743 3893 cum
2776 3836 2930 3903 auro,
2951 3848 3043 3892 aut
3073 3848 3322 3908 argento,
3379 3849 3472 3891 aut
3532 3836 3643 3890 fer-

2065 3925 2145 3962 ro.

2132 3978 2240 4049 (78)
2272 3976 2336 4032 Ut
2360 3987 2682 4034 secernatur.
2713 3979 2767 4032 ιιι
2804 3978 2994 4032 falsum
3019 3992 3138 4031 esse
3179 3978 3330 4031 aiunt
3376 3976 3639 4031 chemici:

2059 4051 2267 4102 nullum
2317 4051 2459 4103 enim
2494 4064 2557 4102 ex
2613 4049 2847 4103 metallis
2883 4055 3075 4102 stauno
3102 4054 3400 4116 expurgant
3432 4049 3481 4099 iu
3510 4062 3641 4100 vase

392 4116 602 4187 stris...
621 4116 725 4172 duo
754 4118 1052 4187 intelligunt
1085 4116 1453 4182 Testamenta,
1489 4116 1518 4171 a
1547 4118 1749 4171 dextris
1773 4118 1948 4170 Evan-

391 4186 611 4255 gelium,
644 4202 673 4240 a
706 4187 937 4242 sinistris
971 4188 1207 4253 legem...
1235 4188 1548 4255 Suutqui...
1586 4188 1951 4240 sacerdotium

392 4257 833 4323 interpretentur,
858 4268 913 4311 et
945 4257 1133 4325 legem.
1167 4275 1187 4310 ι
1232 4255 1382 4322 Quod
1413 4258 1457 4310 si
1491 4272 1611 4325 pro,
1659 4274 1678 4305 ι
1707 4255 1898 4323 legem.
1927 4274 1946 4307 ι

390 4326 737 4380 scribendum
777 4337 940 4391 esset,
996 4345 1015 4377 ι
1042 4341 1286 4396 regnum,
1311 4345 1329 4377 ι
1397 4326 1605 4396 Didymi
1644 4327 1954 4393 explicatio-

392 4411 516 4467 nem
566 4397 799 4467 apertius
849 4395 1290 4467 agnoscere-mus.
1336 4395 1537 4467 Ibidem
1560 4409 1713 4467 _ve_ro
1744 4409 1837 4467 eos
1866 4410 1951 4447 re-

2056 4117 2451 4188 δοκιμαστικῷ,
2486 4119 2579 4172 sed
2614 4126 2935 4186 argentum,
2960 4126 3016 4171 et
3060 4134 3248 4170 aurum
3286 4118 3548 4188 plumbo:
3572 4131 3641 4169 ex

2060 4186 2228 4258 cupro
2257 4186 2461 4258 autem,
2516 4204 2579 4242 ac
2633 4199 2828 4258 stauno
2880 4189 2939 4240 fit
2981 4202 3054 4258 res
3110 4188 3240 4258 illud,
3293 4186 3644 4258 statuarinm,

2059 4254 2199 4324 quod
2252 4257 2418 4327 vulgo
2479 4258 2677 4312 dicitur
2724 4257 2936 4310 bronze.
2996 4255 3243 4327 Nunquid
3305 4270 3433 4327 ergo
3465 4254 3637 4321 plum-

2061 4327 2187 4381 bum
2235 4325 2440 4392 a|btttn,
2471 4327 2611 4396 quod
2636 4335 2720 4380 est
2742 4338 3022 4391 statutum,
3047 4342 3142 4396 pro
3170 4325 3389 4392 plumbo
3424 4327 3580 4391 nigro
3608 4340 3639 4375 a

2061 4397 2288 4467 Didymo
2315 4394 2586 4465 sumptum
2618 4394 3439 4467 suspicabimur?‘Hieronymus
3470 4407 3638 4462 porro

390 4464 606 4533 darguit
632 4462 1008 4532 Hieronymus,
1039 4466 1127 4533 qui
1164 4483 1182 4514 ι
1208 4466 1340 4518 duas
1363 4464 1533 4518 olivas
1560 4462 1757 4516 Filium
1782 4464 1953 4533 inter-
2062 4467 2116 4520 in
2146 4462 2550 4520 columentariis
2604 4468 2659 4518 in
2700 4464 3016 4518 Zachariam
3051 4463 3194 4532 (qua:
3240 4463 3312 4515 ita
3356 4476 3641 4533 aisecon-

391 4530 696 4601 pretantur,
736 4546 788 4590 et
820 4530 1086 4604 Spiritum
1131 4546 1401 4596 sanctum,
1424 4543 1479 4586 et
1528 4535 1758 4604 mediam
1812 4532 1951 4585 laui-
1998 4577 2038 4604 η
2067 4536 2270 4604 scripta
2300 4538 2521 4599 fatetur,
2558 4546 2617 4589 ut
2650 4537 2799 4604 prius
2834 4536 3039 4604 Didymi
3064 4530 3068 4532 ⁷
3094 4530 3640 4604 υιιίηίιιιεΕκβίειιιοο

386 4577 1042 4671 ὖπῦεηιυὲῖιιῖιίἰᾷἵὲὲὶὶιὟ
1064 4577 1170 4657 seu
1195 4577 1681 4673 Βέὲὲὶὶῖιῖιῖοἶηόὅὶ)
1708 4603 1960 4671 (inquit)
1995 4577 2038 4631 ί)
2067 4577 2277 4659 ἷῖόιὶῗιῖἶι
2300 4577 2521 4660 ’ἶῖὖὲΒὲ
2557 4577 2617 4656 ᾗῖ
2650 4577 2953 4658 ’ἔιίῖῐῖιΙέιίίἿ
2969 4577 3637 4670 ;.'0pt..'..t.7.‘."i.;;;;ai;'2.

391 4675 597 4743 absque
632 4675 983 4743 blasphemia,
1020 4675 1248 4726 alterum
1282 4690 1309 4726 a
1342 4674 1575 4743 dextris,
1604 4672 1834 4725 alterum
1867 4688 1962 4727 ac-
2074 4693 2094 4726 σ
2120 4675 2471 4729 Hebraeorum
2537 4674 2776 4727 historia:
2840 4674 3191 4741 tropologiam
3228 4680 3634 4743 nostrorum,»

389 4742 595 4813 cipiaut
629 4759 656 4795 a
680 4742 934 4798 sinistris.
963 4764 981 4795 ι
1015 4744 1218 4808 Quibus
1250 4743 1430 4796 verbis
1463 4742 1748 4810 Origenem
1775 4752 1967 4813 notare
2068 4759 2296 4813 quorum
2325 4759 2462 4797 unus
2484 4753 2601 4797 erat
2631 4744 2961 4813 Didymus”
2989 4742 3285 4807 miscuerit)
3308 4742 3470 4813 rba'c
3488 4742 3639 4813 scri-

387 4810 627 4875 videtur,
649 4828 809 4881 quem
837 4823 1015 4868 tamen
1051 4814 1307 4882 Didymus
1341 4828 1409 4866 ne
1436 4813 1538 4866 bac
1564 4808 1790 4880 quidem
1828 4812 1879 4864 iu
1906 4827 1966 4866 re
2068 4808 2175 4883 psit
2204 4814 2340 4867 libro
2370 4830 2408 4877 l,
2449 4828 2570 4882 pag.
2619 4808 2746 4883 812,
2777 4814 2861 4866 ed.
2903 4811 3096 4883 Veron.
3144 4820 3273 4883 tom.
3308 4809 3403 4883 Yl:
3444 4830 3461 4859 ι
3484 4808 3638 4862 Sicut

387 4891 610 4935 secutus
638 4880 739 4937 est.
1151 4880 1164 4882 “
1484 4949 1491 4950 ί
1621 4949 1624 4950 ν
1785 4928 1830 4950 L
2068 4880 2211 4937 enim
2243 4880 2491 4936 staunum
2519 4880 2587 4935 ab
2621 4882 2743 4950 igne
2769 4883 2869 4933 alia
2907 4880 3117 4933 metalla
3151 4880 3405 4942 defendit,
3437 4890 3491 4932 et
3514 4894 3634 4931 eum

2069 4955 2141 5006 sit
2196 4962 2385 5006 natura
2432 4960 2507 5006 ars
2554 4949 2865 5019 ferrumque
2923 4952 3292 5012 durissimum,
3336 4952 3379 5003 si
3431 4949 3645 5016 absque

2071 5031 2267 5076 stauno
2331 5022 2511 5085 fuerit,
2570 5022 2744 5073 uritur
2799 5029 2855 5074 et
2906 5032 3224 5082 crematur;
3277 5020 3379 5081 sic,
3426 5029 3636 5072 etc.....

2068 5090 2230 5159 Lapis
2293 5101 2471 5144 autem
2533 5090 2653 5150 iste,
2728 5090 2781 5142 id
2831 5101 2916 5143 est
2953 5105 3155 5153 massa,
3195 5088 3286 5156 qui
3343 5089 3482 5155 apud
3533 5087 3638 5159 ile-

2073 5156 2247 5215 briros
2276 5161 2431 5215 Abdil
2481 5159 2758 5221 scribitur,
2820 5160 2871 5213 id
2919 5168 3023 5221 est,
3071 5156 3638 5225 stauueus,ézup.olo—

2068 5232 2244 5297 γεῖται
2293 5227 2701 5301 ἀποχωρίζωνη
2742 5230 2792 5281 id
2864 5238 2970 5292 est,
3030 5242 3291 5295 separatis
3325 5267 3342 5291 ,
3389 5297 3401 5301 _
3432 5233 3494 5301 'et
3548 5242 3637 5280 se-

2070 5314 2319 5365 cernens,
2357 5297 2434 5352 ut'
2471 5297 2740 5365 quomodo
2776 5308 3027 5353 staunum
3061 5300 3219 5350 mista
3256 5308 3308 5351 et
3338 5297 3639 5350 adulterata

2069 5369 2211 5423 inter
2236 5384 2294 5422 se
2324 5385 2419 5437 per
2458 5370 2631 5434 ignem
2680 5369 2894 5420 metalla
2938 5368 3227 5431 dissociat;
3261 5367 3334 5421 ita
3366 5366 3631 5420 Dominus

2068 5449 2229 5493 verus
2259 5440 2573 5507 probatoret
2600 5438 3126 5508 χωνευτήςουοιιπο,
3152 5447 3206 5490 et
3233 5447 3453 5506 argento
3469 5437 3638 5488 bono-

2070 5524 2190 5561 rum
2225 5523 2445 5575 operum
2476 5524 2551 5562 ms
2585 5507 2859 5568 vitiorum,
2915 5507 3301 5574 plumbumque
3361 5512 3647 5575 segernat,

2071 5589 2128 5631 ut
2158 5573 2350 5645 purum
2402 5593 2591 5631 aurum
2624 5573 2928 5640 remaneat,
2951 5588 3005 5631 et
3028 5573 3380 5645 argentum...
3417 5573 3632 5640 Septem

490 4928 934 5017 ἦθῖΑξ-ἷιιναεὶηε.
960 4951 1161 5015 Codex,
1185 4949 1762 5022 προσακριϐεστέραν.
1785 4928 1962 5022 “Lego

388 5022 539 5095 1:965
555 5022 744 5095 ἀκριὸε
751 5023 841 5076 στέ
847 5040 968 5095 ραν.

461 5039 530 5083 δος
555 5039 968 5142 ακίριοεστεραν.

461 5090 574 5158 (7t)
662 5108 728 5144 on
756 5094 810 5144 in
840 5095 1045 5146 virtute.
1077 5091 1245 5145 Zach.
1282 5104 1359 5154 tv,
1394 5088 1427 5143 6
1454 5100 1512 5144 et
1540 5090 1592 5143 7.

460 5159 571 5229 (72)
612 5160 750 5213 Nisi.
781 5161 966 5216 Graeca
1000 5161 1169 5216 Biblia
1197 5175 1210 5211 :
1240 5160 1353 5214 ἀλλ’
1389 5161 1447 5213 ὲν
1479 5161 1578 5214 Πν.
1619 5177 1746 5230 μου.
1793 5159 1958 5230 Didy-

383 5246 546 5302 mus.
777 5233 835 5283 ὲν
872 5232 971 5285 Πν.
1004 5248 1127 5301 μου.

385 5301 572 5434 ég(£75)
609 5299 843 5355 Eduras.
893 5299 1175 5370 Didymus,
1214 5299 1440 5367 ὲξοίσαι.
1502 5299 1691 5356 Graeca
1751 5300 1962 5354 editio:

450 5386 477 5421 ο
501 5385 597 5423 σω.

450 5385 597 5423 οισω.

460 5440 573 5508 (74)
604 5437 819 5512 Prodis.
846 5438 1028 5495 Codex
1058 5439 1224 5510 ὁρμᾷ.
1276 5437 1420 5509 Lego
1445 5433 1643 5512 ὁρμᾷς,
1676 5448 1738 5493 ut
1768 5439 1968 5495 clarior

383 5510 458 5567 sit
487 5509 772 5563 sententia.

458 5578 570 5647 (75)
602 5577 668 5647 Et
700 5579 1032 5633 (relabuntur.
1060 5578 1226 5632 Zach.
1259 5593 1333 5645 tv,
1370 5577 1457 5633 10.

457 5646 570 5718 (76)
602 5646 1083 5718 Dataminationes.
1127 5647 1330 5715 Nempe
1367 5658 1574 5717 septem
1604 5646 1741 5701 dona
1777 5646 1963 5717 Spiri-
2068 5659 2252 5701 autem
2300 5649 2606 5703 oculos.....
2654 5662 2817 5716 supra
2871 5648 3236 5718 exposuimus
3271 5654 3478 5718 septem
3510 5656 3637 5696 esse

386 5714 476 5772 ius
501 5714 697 5793 sancti.
734 5716 976 5771 Notauda
1025 5727 1205 5793 autem
1237 5714 1569 5793 significatio
1607 5719 1777 5784 vocis,
1815 5714 1961 5793 χρη·
2069 5719 2329 5793 spiritus:
2388 5733 2602 5788 nempe,
2659 5714 2861 5788 septem
2927 5714 3132 5793 gratias
3174 5714 3463 5786 .SpiritusJ
3505 5725 3636 5767 sau-

386 5786 669 5860 ματισμοί,
701 5802 820 5857 qua:
854 5789 1189 5844 commodius
1236 5786 1324 5842 me
1344 5787 1503 5860 _verti
1535 5802 1639 5844 uou
1669 5786 1845 5857 posse
1860 5786 1960 5844 vi-

2070 5791 2162 5843 αἱ.
2197 5806 2216 5837 ι

388 5859 564 5911 detur.
