4054 6454
502 357 608 414 7οἸ

1747 357 1973 414 ῡιῡῩΜΙ
2016 360 2487 417 ALEXANDRINI

3640 355 3743 417 708

500 477 751 546 equidem
799 452 1055 538 arbitror.
1089 476 1401 547 iis'quoque
1428 477 1627 543 verbis,
1680 494 1800 547 quae
1844 495 1872 531 a
1927 478 2074 533 Salo-

2181 481 2245 533 Τί
2287 484 2348 533 οὐ
2385 483 2478 535 καὶ
2505 480 2632 535 ἄλλο
2662 480 2896 551 συνῳδόν
2921 497 2974 533 τι
3016 478 3111 532 καὶ⁵
3138 476 3387 549 λαμπρὸν
3417 473 3747 545 ἐνδείξομαι,

504 585 665 624 mone
695 584 893 622 arcano
928 570 1132 638 pariter
1186 584 1349 623 sensu
1393 569 1538 623 dicta
1580 580 1724 634 sunt,
1781 589 1799 620 ι
1862 570 2082 638 Sapien—

504 661 577 714 tia
626 658 736 729 (79)
768 659 1053 715 aediﬁcavit
1108 660 1210 714 sibi
1247 660 1486 726 domum,
1525 669 1578 714 et
1611 660 1843 715 suﬂ'ulsit
1886 661 2081 715 colum-

505 764 606 803 nas
646 758 872 817 septem,
912 768 931 800 ›
972 749 1099 802 illud
1145 749 1395 811 indicari,
1432 752 1570 818 quod
1610 750 1812 819 Virgini
1860 751 2079 805 nuntia-

509 853 619 896 tum
651 848 734 894 est
764 855 793 892 a
826 840 1074 895 Gabriele
1107 861 1120 895 :
1168 859 1186 890 ι
1225 841 1458 910 Spiritus
1485 842 1593 911 (80)
1646 852 1865 896 sanctus
1897 843 2078 896 veniet

505 947 671 1001 super
702 941 795 985 te:
833 951 850 983 ι
897 932 1039 998 quod
1094 932 1329 985 ostendit
1376 933 1563 995 etiam,
1616 933 1790 987 eidem
1853 932 2076 1001 Spiritui

493 1021 724 1091 .augelos
776 1022 1087 1076 ministrare
1152 1030 1313 1089 atque
1364 1022 1659 1085 inservire;
1707 1037 1771 1076 ac
1822 1030 2077 1090 praeterea

505 1118 866 1178 demonstrat,
932 1114 1169 1167 divinum
1229 1112 1489 1183 Spiritum
1547 1112 1800 1167 incll‘abili
1862 1113 2082 1183 conjun-

506 1207 702 1272 ctione,
744 1216 797 1259 et
827 1206 1111 1263 concordia
1145 1220 1266 1259 cum
1329 1204 1489 1258 Patre
1540 1214 1593 1258 et
1631 1203 1768 1258 Filio
1797 1206 2079 1258 universa—

506 1314 625 1351 rum
653 1314 832 1353 rerum
870 1297 1099 1351 fulcrum
1136 1310 1275 1363 esse,
1332 1311 1395 1349 ac
1431 1295 1834 1350 subsistentiam
1868 1296 1948 1351 eis
1991 1296 2081 1349 tri-

504 1384 691 1448 bitere,
722 1395 775 1440 et
805 1386 943 1438 vitas
980 1385 1045 1438 ad
1082 1383 1253 1438 lucem
1280 1384 1624 1439 inell‘abiliter
1653 1385 1967 1440 deducendo
2015 1385 2080 1439 il-

506 1480 757 1533 lustrare.
801 1478 947 1532 Illius
974 1492 1103 1546 ergo
1146 1478 1336 1546 dignos
1360 1477 1475 1530 ﬁeri
1505 1493 1618 1539 eos,
1646 1477 1735 1546 qui
1768 1476 2081 1531 illuminan-

504 1580 616 1634 tur,
642 1585 732 1623 seu
763 1568 1129 1639 baptizantur,
1167 1571 1367 1622 docens
1406 1584 1502 1623 nos
1522 1569 1836 1637 Apostolus,
1869 1570 1934 1621 ad
1980 1568 2082 1623 Ga-

505 1661 642 1713 latas
684 1661 807 1714 talia
841 1660 1061 1728 scripsit
1092 1676 1107 1713 :
1156 1678 1175 1711 ι
1208 1660 1319 1714 lloc
1352 1660 1522 1714 solum
1565 1659 1676 1731 (81)
1708 1660 1828 1714 volo
1871 1661 2080 1715 discere

502 1769 532 1806 a
564 1754 714 1807 vobis
744 1771 757 1806 :
798 1768 866 1807 ex
896 1752 1152 1819 operibus
1184 1753 1318 1821 legis
1354 1752 1615 1820 Spiritum
1653 1752 1964 1821 accepistis,
2009 1768 2076 1805 an

2181 570 2289 622 ὑπὸ
2319 569 2559 639 ἐξηγητῇ
2599 569 2843 639 Ζαχαρία
2873 568 2949 638 τῷ
2996 567 3210 637 ὑστάτῳ
3247 565 3525 637 προφήτῃ,
3558 562 3625 617 ἵν’
3669 562 3749 619 ἔτι

2179 662 2273 713 καὶ
2311 660 2510 731 μᾶλλον
2552 659 2953 730 θαυμάζωμεν;
2987 658 3180 720 Αύτοῖς
3222 655 3278 708 δὲ
3319 655 3618 725 ἀναμνήσω
3640 656 3749 718 τοῖς

2180 755 2422 824 ῥήμασιν
2469 752 2657 818 αὐτοῦ,
2700 753 2912 823 ἔχουσιν
2957 746 3090 805 ὧδε·
3137 769 3155 801 ι
3213 749 3302 801 Ἐν
3345 750 3468 811 ταῖς
3517 746 3751 817 ἡμέραις

2179 845 2413 907 ἐκείναις
2463 844 2801 908 ἐξελεύσεται
2844 843 2988 914 ὕδωρ
3037 841 3146 905 ζῶν
3193 840 3253 904 ἐξ
3312 838 3694 909 Ἰερουσαλήμ.
3727 857 3744 887 ι

2180 936 2252 988 Τὸ
2276 936 2333 988 δὲ
2370 955 2387 987 t
2414 935 2519 1000 ζῶν
2568 935 2734 1007 ὕδωρ,
2777 954 2796 987 ι
2821 937 2915 988 καὶ
2941 934 3008 987 ἐκ
3035 933 3133 1002 τῆς
3164 932 3276 986 άνω
3319 928 3750 999 ἐκπορευόμενον

2189 1024 2573 1095 Ἰερουσαλὴμ,
2596 1024 2705 1095 ἄρα
2732 1024 2825 1077 καὶ
2852 1023 3059 1087 ζῶντας
3084 1022 3267 1091 γεννᾷ.
3300 1017 3573 1089 Εὖροιμεν
3600 1015 3655 1068 δὲ
3687 1014 3750 1067 ἂν

2179 1113 2313 1184 πρὸς
2341 1118 2452 1174 τοῖς
2484 1114 2612 1186 [125
2665 1113 2717 1185 b]
2754 1112 3171 1186 μνημονευθεῖσι
3200 1110 3293 1163 καὶ
3350 1108 3451 1180 τὴν
3478 1104 3753 1175 κολυμϐή-

2179 1207 2315 1278 θραν
2358 1208 2458 1279 τὴν
2495 1210 2553 1260 ἐν
2613 1206 2988 1277 Ἰερουσαλὴμ,
3103 1204 3273 1275 ὄνομα
3319 1199 3601 1272 Ἐϐραϊστὶ
3649 1197 3752 1264 Βη-

2178 1298 2359 1364 θεσδά,
2388 1298 2836 1369 ὁμολογουμένως
2865 1297 3052 1351 εἰκόνα
3085 1294 3182 1349 τοῦ
3214 1292 3613 1365 βαπτίσματος,
3641 1286 3751 1341 ἀλλ’

2177 1392 2276 1445 οὐκ
2313 1393 2483 1463 αὐτὴν
2523 1392 2899 1461 τυγχάνουσαν
2928 1392 3027 1459 τὴν
3055 1388 3395 1459 ἀλήθειανοή
3443 1386 3558 1457 γὰρ
3594 1381 3752 1436 εἰκὼν

2180 1483 2316 1553 πρὸς
2345 1484 2556 1554 καιρὸν,
2586 1485 2618 1554 ή
2662 1485 2719 1537 δέ
2747 1484 2972 1555 ἀλήθεια
3008 1484 3090 1545 είς
3132 1479 3455 1548 αἰωνιότητα
3485 1476 3751 1548 κρίνεται.

2177 1574 2268 1626 Διὸ
2313 1574 2408 1626 καὶ
2436 1573 2584 1638 ἅπαξ
2612 1573 2706 1627 τοῦ
2738 1572 2985 1627 ἐνιαυτοῦ
3017 1572 3122 1625 ὑπὸ
3163 1569 3399 1638 ἀγγέλου
3446 1566 3671 1637 κινηθὲν
3694 1563 3755 1616 τὸ

2179 1666 2237 1716 ἐν
2283 1665 2421 1735 αύτῇ
2456 1664 2621 1734 ὕδωρ,
2658 1665 2751 1717 καὶ
2791 1664 2887 1716 ἕνα
2920 1661 3080 1732 μόνον
3105 1660 3197 1713 τὸν
3233 1658 3445 1731 πρῶτον
3473 1654 3751 1717 κατιόντα,

2179 1755 2266 1808 καὶ
2319 1754 2629 1824 σωματικὸν
2662 1752 2854 1816 πάθος,
2902 1752 3023 1822 οὐχὶ
3055 1751 3112 1803 δὲ
3143 1748 3239 1802 καὶ
3283 1745 3517 1818 ψυχικὸν
3567 1742 3755 1814 ἐθερά-

501 1860 566 1899 ex
593 1845 773 1897 auditu
799 1844 956 1898 fidei?
991 1864 1008 1895 ι
1041 1844 1166 1899 11ωο
1191 1860 1257 1899 ne
1289 1843 1455 1898 David
1487 1843 1649 1913 272
1680 1844 1894 1911 quidem
1927 1844 2074 1898 silen-

2183 1863 2366 1899 πευεν.
2396 1846 2471 1898 Τὸ
2496 1845 2605 1916 γὰρ
2635 1843 2949 1898 αὑθεντικδν
2994 1842 3294 1912 βάπτισμα,
3342 1836 3482 1908 μετά
3520 1836 3621 1906 τὴν
3663 1831 3752 1887 τοῦ

504 1938 581 1989 :io
619 1937 880 2003 praeterit.
912 1934 1258 2003 Coujungens
1303 1935 1445 1987 enim
1485 1933 1771 1988 manifesto
1802 1943 2070 1997 naturam,

502 2039 557 2082 et
593 2028 936 2081 concordiam
971 2027 1115 2090 Flili,
1167 2028 1258 2095 qui
1291 2028 1383 2079 lux
1435 2041 1499 2080 ex
1554 2025 1673 2081 luce
1713 2027 1926 2095 genitus
1966 2036 2069 2091 est,

501 2128 551 2170 et
590 2117 822 2185 Spiritus
848 2117 1044 2180 sancti,
1087 2117 1176 2182 qui
1213 2117 1413 2169 veritas
1448 2114 1558 2182 (82)
1600 2129 1664 2168 ex
1701 2116 1923 2170 veritate
1951 2130 2076 2184 pro-

502 2211 688 2274 cessit,
721 2210 774 2262 iu
808 2210 1016 2278 psalmo
1065 2209 1279 2275 quidem
1334 2223 1446 2262 tht
1507 2208 1629 2261 ait:
1670 2227 1689 2257 ε
1721 2207 1920 2261 Emitte
1965 2207 2072 2278 (83)

502 2300 682 2354 lucem
719 2309 883 2364 tuam,
918 2309 971 2353 et
995 2300 1274 2353 veritatem
1299 2309 1475 2363 tuam;
1504 2317 1524 2350 ι
1557 2298 1609 2351 in
1639 2312 1817 2352 cnvn
1849 2308 2028 2351 autem
2057 2314 2073 2352 :

505 2408 527 2441 ι
592 2389 813 2444 Emittet
853 2389 965 2462 (84)
1000 2388 1234 2443 Verbum
1276 2405 1466 2454 suum,
1511 2399 1568 2443 et
1624 2387 1931 2457 liquefaciet
1972 2402 2072 2455 ea;

502 2478 651 2534 ﬂabit
681 2479 911 2549 Spiritus
935 2480 1072 2547 ejus,
1099 2489 1151 2534 et
1171 2478 1335 2533 ﬂuent
1360 2495 1529 2548 aquae.
1569 2497 1587 2529 ι
1629 2477 1724 2533 Cui
1754 2478 1919 2532 textui
1956 2493 2079 2532 con-

504 2582 817 2629 sentaneum
848 2581 931 2626 est
961 2571 1088 2625 illud
1114 2570 1266 2623 Pauli
1300 2570 1499 2623 dictum
1532 2586 1589 2621 ;‹
1616 2567 1724 2622 Nos
1755 2582 1941 2621 omnes
1966 2566 2075 2639 (835)

505 2677 612 2717 uno
681 2660 885 2730 Spiritu
943 2661 1110 2730 potati
1168 2675 1405 2714 sumus.»
1438 2657 1638 2725 Quidni
1701 2667 1880 2711 autem
1932 2657 2077 2711 aliud

502 2764 761 2823 praetcrea
792 2751 904 2822 (86)
949 2753 1034 2806 bis
1076 2764 1390 2812 consonum,
1421 2759 1475 2803 et
1503 2747 1837 2816 splendidum
1897 2757 2079 2803 osten-

504 2856 634 2909 tem,
685 2846 820 2899 duce
863 2853 1022 2912 atque
1063 2849 1379 2897 enarratore
1412 2840 1672 2895 Zacltaria
1700 2841 2077 2909 prophetarum

502 2935 711 3001 ultimo,
731 2944 789 2988 ut
808 2934 976 3003 magis
992 2933 1167 2986 adhuc
1185 2931 1445 2984 miremur
1460 2930 1483 2983 ξ’
1496 2930 1627 2998 Ipsis
1642 2941 1817 2985 autem
1835 2930 1953 2998 ejus
1968 2944 2082 2984 ver-

2180 1937 2308 1990 Υἱοῦ
2357 1938 2451 1990 καὶ
2516 1935 2606 1990 τοῦ
2676 1937 2830 2004 ἁγίου
2884 1934 3198 2003 Πνεύματος
3252 1928 3600 1999 ἐπιφάνειαν,
3666 1925 3755 1979 καὶ

2175 2027 2299 2080 καθ’
2356 2028 2593 2097 ἑκάστην
2655 2028 2902 2099 ἡμέραν,
2952 2025 3153 2097 μᾶλλον
3209 2023 3267 2077 δὲ
3321 2022 3513 2093 ῶραν·
3565 2016 3754 2088 ἀληθέ-

2176 2135 2365 2189 στερον
2402 2119 2477 2183 δὲ,
2509 2119 2863 2182 ἀδιαλείπτως
2891 2119 2984 2172 καὶ
3016 2118 3221 2180 πάντας
3261 2115 3388 2176 τοὺς
3446 2109 3750 2172 κατιόντας.

2177 2208 2270 2259 καὶ
2320 2207 2427 2260 ἀπὸ
2471 2208 2653 2278 πάσης
2708 2206 2984 2278 ἁμαρτίας
3030 2204 3260 2268 αἰωνίως
3306 2200 3621 2271 ἐλευθεροῖ·
3665 2197 3755 2250 καὶ

2176 2296 2285 2349 τῶν
2318 2295 2530 2348 πολλῶν
2560 2296 2653 2348 καὶ
2674 2295 2964 2366 διαφόρων,
2985 2294 3079 2347 καὶ
3101 2290 3420 2362 ἀνωμάλων,
3447 2287 3547 2340 καὶ
3570 2283 3755 2338 δυσλύ-

2175 2403 2284 2438 των
2329 2384 2623 2438 διαθέσεων
2655 2383 2901 2454 ψυχικῶν
2938 2401 2997 2435 τε
3042 2383 3135 2435 καὶ
3175 2377 3503 2451 σωματικῶν
3541 2379 3576 2448 ὴ
3618 2373 3755 2436 ῐασις

2178 2476 2490 2548 εὑρίσκεται
2524 2475 2640 2546 μία,
2673 2475 2766 2528 καὶ⁵
2787 2473 2940 2526 οὐδὲν
2966 2470 3246 2526 καθοτιοῦν
3269 2471 3347 2523 ἐτι
3370 2466 3603 2522 παλαιὸν
3630 2465 3754 2517 ἒπε-

2177 2583 2266 2619 ται
2310 2565 2531 2635 ἄλγημα
2562 2563 2670 2617 τῶν
2699 2562 2871 2624 ἐντὸς.
2907 2562 2941 2633 ἢ
2981 2561 3089 2615 τῶν
3117 2560 3291 2622 ἐκτός.
3333 2555 3479 2629 Πρὸς
3517 2554 3611 2608 ἐπὶ
3634 2549 3753 2605 τού-

2178 2674 2311 2721 τοις,
2338 2656 2543 2718 πάντας
2584 2657 2649 2708 ἐκ
2686 2656 2906 2727 χάριτος
2940 2650 3204 2721 ἀδελφοὺς
3249 2647 3627 2720 πρωτοτόκους
3665 2641 3754 2696 καὶ

2179 2749 2514 2821 ἀρτιτόκους,
2540 2747 2634 2801 καὶ
2664 2748 2859 2811 αὐτοὺς
2888 2748 3010 2809 τοὺς
3040 2744 3292 2814 ἐξήλικας
3328 2739 3424 2794 καὶ
3485 2737 3754 2807 άφήλικας

2179 2839 2538 2893 ἀναδείκνυσι·
2596 2838 2692 2892 καὶ
2732 2836 2940 2899 τούτοις
2965 2835 3167 2898 αὐτοῖς,
3196 2829 3277 2896 οἷς
3304 2829 3445 2885 κατά
3471 2829 3637 2900 νόμον
3668 2840 3754 2878 κο-

2182 2930 2375 3000 σμικὸν
2394 2928 2465 2982 τά
2486 2932 2649 3000 γήϊνα
2664 2930 2939 3001 χρήματα,
2965 2926 3122 2979 διὰτὸ
3137 2922 3446 2992 ἀνασφαλὲς
3468 2920 3580 2974 τῶν
3602 2916 3751 2978 ἐτῶν,

503 3026 654 3081 bisid
674 3023 1128 3083 commemorabo.
1152 3037 1271 3090 qure
1301 3022 1380 3075 sic
1400 3036 1460 3075 se
1489 3022 1687 3076 habent
1716 3039 1768 3077 ει
1804 3020 1862 3075 1η
1893 3022 2074 3075 diebus

2180 3022 2214 3092 ἢ
2249 3021 2355 3075 τῶν
2387 3020 2601 3089 ὀλίγων,
2636 3021 2669 3091 ἢ
2708 3020 2817 3073 τῶν
2848 3018 3079 3082 πολλῶν,
3122 3017 3182 3069 οὐ
3227 3011 3705 3069 καταπιστεύεται,
3727 3008 3755 3058 ὁ

501 3114 609 3169 illis
626 3114 735 3185 (87)
755 3113 1060 3183 egredietur
1075 3128 1212 3180 aqua
1238 3111 1351 3165 viva
1369 3125 1432 3165 ex
1452 3109 1770 3167 Jerusalem.
1786 3110 1942 3177 rQute
1952 3126 2074 3165 vero

2183 3117 2325 3182 θεῖος
2364 3116 2513 3181 άπας
2545 3115 2701 3178 ὖλὸος
2730 3112 2988 3183 ἀσφαλῶς
3019 3106 3490 3181 παρακατατεθεὶς
3512 3103 3757 3176 εὑρίσκε-

509 3225 532 3258 ι
551 3221 689 3275 aqua
707 3206 824 3258 viva
872 3223 891 3256 ι
921 3212 1020 3267 est,
1044 3212 1099 3258 et
1124 3219 1187 3257 ex
1212 3202 1416 3257 caelesti
1440 3200 1736 3257 Jerusalem
1760 3203 2074 3272 procedens,

2181 3226 2271 3262 ται
2289 3225 2303 3239 ο
2339 3209 2414 3270 ὡς
2442 3206 2747 3279 γεγηθότας
2768 3204 2990 3275 ψάλλειν
3013 3220 3028 3234 ·
3069 3221 3089 3254 ι
3125 3200 3328 3271 Κύριος
3356 3196 3635 3267 ποιμαίνει
3668 3207 3750 3262 με,

500 3314 563 3355 ea
580 3313 711 3353 sane
733 3300 1107 3367 vivosquoqne
1118 3304 1339 3365 generat
1359 3293 1492 3367 (88).
1513 3294 1850 3349 Inveniemus
1872 3305 2071 3360 autem,

2180 3301 2276 3355 xui.
2321 3301 2472 3354 οὐδέν
2525 3317 2592 3371 με
2642 3299 2961 3369 ὑστερήσειο
3016 3297 3096 3358 εἰς
3128 3293 3290 3347 τόπον
3325 3290 3511 3361 χλόης,
3543 3287 3658 3339 ἐκεῖ
3688 3298 3751 3353 με

501 3400 698 3459 prater
733 3389 824 3443 illa
873 3405 989 3457 qua:
1013 3396 1433 3442 commemorata
1454 3394 1601 3446 sunt.
1624 3384 1881 3454 piscinam
1909 3385 2072 3438 etiam

2181 3393 2594 3461 κατεσκήνωσεν
2614 3407 2629 3421 ο
2688 3390 2781 3442 ἐπὶ
2837 3388 3027 3451 ὕδατος
3072 3385 3431 3446 ἀναπαύσεως
3502 3374 3752 3450 ἐξέθρεψέ

502 3480 855 3553 Jerosolymis
882 3481 1010 3535 olim
1042 3480 1416 3543 exsistentem,
1454 3478 1539 3532 cui
1571 3492 1764 3532 nomen
1805 3476 2074 3531 Hebraice

2184 3498 2253 3551 με
2274 3497 2289 3512 ·
2318 3500 2339 3533 ι
2382 3481 2497 3543 καὶ,
2527 3499 2546 3531 ι
2588 3479 2921 3552 Ἠτοίμασας
2956 3477 3186 3532 ἐνώπιόν
3228 3494 3329 3548 μου
3362 3474 3659 3546 τράπεζαν.
3697 3467 3753 3531 ἐξ

500 3571 768 3629 Betbesda
795 3571 929 3644 (89),
963 3571 1181 3627 nemine
1202 3570 1463 3626 diﬁitente
1492 3567 1785 3636 imaginem
1823 3567 2074 3637 baptismi

2181 3574 2431 3638 ἐναντίας
2457 3574 2579 3644 ⁸τῶν
2603 3574 2889 3628 θλιϐόντων
2920 3591 3008 3644 με.
3051 3572 3338 3635 Ἐλίπανας
3373 3571 3431 3624 ἐν
3463 3568 3631 3640 ἐλαίῳ
3660 3565 3750 3635 τὴν

632 3824 685 3895 9)
719 3823 1017 3895 Sapientia.
1051 3819 1212 3874 Prov.
1242 3823 1422 3895 13,1:
1606 3890 1743 3895 μ’-
1830 3891 1845 3895 Α
1905 3889 1920 3895 _
2189 3819 2425 3895 Spiritus
2467 3830 2692 3877 sanctus
2737 3823 3004 3888 conditor,
3046 3823 3269 3880 sitcum
3323 3823 3482 3895 Patre
3511 3826 3749 3891 Filioque

598 3889 685 3965 80)
720 3889 971 3965 Spiritus.
1001 3891 1135 3944 Luc.
1166 3904 1208 3951 ι.
1242 3891 1332 3947 55.
1383 3891 1571 3965 Grzeca
1606 3890 1780 3965 Biblia
1830 3889 2078 3946 habent:
2187 3889 2619 3965 sociatus_;__cum
2650 3896 2837 3965 eadem
2865 3905 3011 3947 creet
3037 3898 3378 3965 omnia,qu
3402 3893 3565 3951 Pater
3594 3889 3739 3951 crea-

500 3959 875 4025 ἐπὲλεύσεται,
917 3961 969 4015 id
1000 3970 1130 4033 est,
1176 3977 1195 4009 ι
1221 3962 1582 4033 superveniet.
1604 3980 1623 4012 ι
1658 3961 1920 4033 Didymus
1942 3971 2074 4033 Διιιηι

2185 3959 2371 4033 νίιηει
2405 3961 2591 4033 lj‘jlius.
2616 3982 2635 4014 ι
2673 3961 2807 4016 Vide
2834 3973 3014 4017 tamen
3043 3978 3211 4031 segni.
3243 3959 3345 4018 172
3384 3982 3435 4019 α.

506 4038 613 4097 hic,
647 4045 755 4088 tum
788 4048 959 4102 segm.
993 4030 1077 4102 .59
1112 4029 1141 4081 ὁ
1176 4045 1195 4082 :
1224 4030 1526 4095 ἐλεύσεται,
1564 4032 1615 4085 id
1642 4029 1815 4093 estfr
1838 4029 2069 4102 veniet.)

2256 4029 2369 4102 (81)
2403 4029 2517 4102 I_i_oc
2536 4034 2726 4086 solum.
2762 4033 2943 4087 Galat.
2974 4049 3054 4093 ιιι,
3094 4029 3148 4087 2.

500 4106 571 4159 At
600 4107 651 4158 in
702 4105 839 4157 libro
854 4098 962 4173 ‘De
985 4099 1427 4173 Spirituisancto,
1455 4117 1633 4173 _num.
1662 4102 1751 4165 31,
1809 4100 2074 4173 videbitur

2254 4098 2370 4169 (82)
2414 4098 2638 4156 Veritas.
2681 4102 2898 4173 Codex.
2948 4102 3194 4173 ἀληθεία,
3248 4104 3300 4156 id
3346 4112 3449 4159 est.
3503 4102 3744 4173 ἀληθείᾳ,

504 4177 741 4229 dictasse
774 4170 1149 4245 ἐπελεύσεται,
1178 4172 1221 4223 si
1257 4169 1586 4245 exemplaria
1626 4173 1765 4245 typis
1812 4172 2074 4245 impressa

2181 4184 2373 4245 nempe
2403 4189 2433 4245 ε
2449 4187 2590 4245 vere.
2617 4171 2779 4245 »_Se_d
2812 4172 3020 4245 videtur
3039 4169 3340 4244 legendum
3395 4169 3643 4245 ἀλήθεια.

502 4254 709 4298 tantum
747 4244 1135 4311 inspiciamus:
1164 4252 1353 4293 contra
1386 4241 1621 4294 dictasse
1647 4238 1884 4304 videtur,
1916 4238 2071 4291 ἐλεύ-

502 4331 677 4371 σεται.
714 4315 756 4369 si
806 4314 1046 4369 codicem
1083 4310 1293 4363 calamo
1327 4321 1634 4371 exaratum,
1665 4317 1722 4364 et
1778 4312 1831 4363 in
1888 4309 2073 4364 biblio-

2249 4240 2364 4371 (85)
2396 4239 2607 4321 Emitte.
2637 4242 2778 4297 Psal.
2815 4258 2945 4304 χιιι,
2977 4243 3033 4296 3.

2273 4311 2361 4371 δι)
2395 4310 2628 4366 Emtuet.
2656 4311 2799 4368 Psal.
2831 4328 3029 4371 cxt.vtt.

501 4331 677 4379 σεται,
714 4315 756 4369 si
806 4309 1046 4369 codicem
1083 4310 1293 4363 calamo
1327 4321 1634 4383 exaratum,
1665 4317 1731 4383 et
1778 4312 1831 4363 in
1888 4309 2073 4383 biblio-
2249 4309 2361 4383 (δέ)
2395 4310 2628 4383 Eminet.
2656 4311 2799 4368 Psal.
2831 4328 3029 4376 cxt.vtr,
3060 4314 3092 4366 7
3116 4313 3232 4383 (seu
3258 4312 3367 4383 18).

502 4331 677 4379 σεται,
714 4315 756 4369 si
806 4314 1046 4369 codicem
1083 4314 1293 4363 calamo
1327 4321 1634 4375 exaratum,
1665 4317 1722 4364 et
1778 4314 1831 4363 in
1888 4314 2073 4364 biblio-
2249 4314 2340 4371 (δι
2395 4314 2628 4366 Eminet.
2656 4314 2799 4368 Psal.
2831 4328 3029 4376 cxt.vtr,
3060 4314 3092 4366 7
3116 4314 3232 4383 (seu
3258 4314 3367 4382 18).

502 4386 655 4439 theca
696 4392 880 4439 nostra
913 4390 1245 4435 asservatum
1278 4379 1642 4435 consulamus.
1688 4379 1813 4434 Haec
1837 4380 1982 4433 enim
2016 4379 2072 4432 in
2248 4314 2361 4502 (852
2389 4378 2502 4433 Nos
2569 4399 2766 4436 omnes.
2809 4383 2823 4435 I
2863 4384 2989 4436 Cor.
3048 4399 3148 4446 xu,
3201 4385 3287 4436 13.
3328 4382 3458 4437 Vide
3500 4393 3614 4437 not.
3662 4378 3742 4437 18.

507 4457 573 4502 iis
604 4456 830 4502 leninms
860 4469 915 4502 τι
947 4449 1231 4502 Edualem
1263 4465 1392 4502 vero
1424 4449 1651 4502 Spiritui
1686 4451 1938 4502 virtutem
1965 4463 2070 4501 non
2106 4498 2130 4502 -
2179 4467 2303 4502 nae.
2371 4449 2458 4502 74.
2499 4448 2696 4502 Vocem
2733 4454 2914 4502 ἡμεῖς.
2946 4453 2999 4502 id
3038 4464 3143 4502 est-
3175 4473 3194 4502 ι
3222 4468 3340 4502 nos.
3365 4472 3383 4502 ι
3413 4470 3515 4502 non
3552 4454 3742 4502 habent

507 4457 573 4510 iis
604 4456 830 4523 legimus
860 4469 915 4507 ει
947 4449 1244 4523 [Equaleul
1256 4465 1392 4523 vero
1424 4449 1662 4523 Spiritui
1686 4451 1938 4503 virtutem
1965 4463 2070 4501 non

2179 4448 2307 4523 pag.
2334 4448 2458 4503 174.
2499 4448 2696 4506 Vocem
2733 4454 2914 4523 ἡμεῖς,
2946 4453 2999 4506 id
3038 4464 3145 4520 est,
3175 4473 3194 4504 ι
3222 4468 3341 4517 nos,
3365 4472 3383 4504 ι
3413 4470 3515 4507 non
3552 4454 3746 4507 habent

501 4498 967 4590 ptiss‘u'inus-aliaui
986 4498 1181 4590 pariter
1205 4498 1496 4574 Cbristumr
1513 4520 1796 4590 Dominum
1829 4528 2071 4590 nostrum
2106 4498 2148 4554 θ
2176 4498 2368 4573 ίίὶιῖιῖε.

2244 4590 2355 4661 (86:)
2399 4589 2665 4656 Quidni...
2701 4601 2976 4661 prwterea.
3031 4594 3212 4649 Codex
3244 4611 3259 4649 :
3286 4593 3381 4659 Ti;
3418 4587 3479 4646 οὗ
3510 4594 3605 4646 καὶ
3655 4588 3745 4661 άλς

502 4584 868 4662 interprctari.
908 4584 1024 4662 Ipse
1062 4592 1206 4662 enim
1242 4590 1523 4662 discipulis
1576 4589 1691 4644 ait:
1726 4607 1745 4639 ι
1774 4588 2071 4655 Accipietis

2171 4657 2285 4723 λος.
2318 4659 2630 4729 Legendum
2659 4657 2908 4716 videtur:
2947 4663 3014 4716 Τί
3047 4665 3108 4718 οὐ
3136 4666 3230 4717 καὶ
3257 4657 3454 4725 άλλως,
3487 4665 3591 4727 vel,
3614 4661 3665 4713 τί
3685 4657 3742 4710 οὗ

501 4659 917 4717 θηὶηίνίιίυιεηι
937 4660 1171 4729 Spiritus
1191 4659 1367 4713 sancti
1396 4660 1695 4713 venientem
1726 4673 1888 4726 super
1918 4672 2064 4710 vos.»

503 4734 571 4787 Et
603 4733 669 4785 ad
731 4733 953 4787 Mariam
984 4728 1231 4798 angelus,
1274 4747 1293 4779 ι
1316 4729 1575 4796 Spiritus,
1611 4728 1807 4798 inquit,
1845 4737 2071 4798 sanctus

503 4804 848 4868 superveniet
874 4804 927 4855 in
979 4811 1048 4857 te.
1077 4811 1131 4853 et
1158 4799 1331 4853 virtus
1383 4798 1651 4853 Altissimi
1688 4797 2071 4851 'obumbrabit

505 4873 621 4925 tibi.
646 4889 665 4921 ι
695 4870 942 4926 Creatrix
977 4870 1345 4939 igiturﬂvirtus
1390 4869 1674 4939 Altissimi,
1707 4869 1910 4939 Spiritu
1938 4880 2067 4920 san-

503 4951 592 4993 cto
618 4937 1031 5006 superveniente
1059 4940 1110 4991 in
1145 4938 1416 5005 Virginem
1447 4937 1913 5000 Mariatn,Cbristi
1943 4951 2069 4989 cor-

506 5025 604 5076 pus
639 5010 989 5063 fabricavit...
1045 5007 1154 5063 Nec
1200 5012 1395 5062 mirum
1442 5009 1487 5061 si
1541 5006 1810 5062 Dominici
1860 5015 2070 5076 tantum

505 5074 746 5146 rorporis
780 5079 1017 5146 Spiritus
1046 5088 1267 5133 sanctus
1310 5078 1559 5132 conditor
1597 5078 1687 5139 sit,
1728 5092 1850 5131 cum
1895 5074 2070 5142 Patri,

505 5147 750 5214 Filioque
774 5149 1031 5211 sociatus,
1066 5149 1253 5202 eadem
1283 5154 1550 5216 potestate
1571 5148 1840 5201 creaverit
1861 5146 2067 5216 omnia,

504 5234 624 5285 qttte
651 5216 805 5270 Pater
828 5218 1051 5279 creavit,
1076 5227 1131 5271 et
1158 5215 1570 5271 FiliusaCodex
1594 5232 1724 5271 vero
1761 5226 1945 5269 noster
1974 5215 2072 5268 ha—

509 5289 639 5340 bet:
674 5306 691 5336 ι
723 5287 980 5355 Equidem
1018 5302 1149 5341 vero
1183 5286 1421 5354 Spiritus
1446 5284 1696 5355 virtutem
1740 5301 1847 5340 non
1883 5300 2073 5355 possu-

509 5373 628 5410 tuus
657 5354 815 5409 aliam
847 5364 1041 5423 praeter
1063 5356 1341 5410 Christum
1370 5354 1654 5409 Dominum
1687 5354 2069 5423 interpretari.

509 5427 841 5494 «Accipiens
889 5427 1031 5478 enim
1077 5427 1330 5479 virtutem
1386 5424 1621 5494 Spiritus
1648 5426 1820 5494 sancti
1847 5423 2073 5494 venien-

508 5505 613 5549 tem
642 5491 804 5564 super
828 5509 942 5558 vos,
968 5514 987 5546 ι
1015 5496 1078 5548 ad
1109 5494 1382 5561 apostolos
1409 5493 1625 5547 dicitur.
1660 5494 1727 5546 Et
1754 5493 1821 5546 ad
1846 5491 2069 5564 Mariam

508 5562 882 5635 arcltaugelus,
919 5582 938 5615 ι
964 5565 1217 5635 Spiritus,
1250 5564 1447 5635 inquit,
1502 5572 1722 5635 sanctus
1760 5562 1947 5635 veniet
1978 5576 2073 5613 su-

509 5648 604 5701 per
634 5628 791 5701 te,'et
829 5628 1294 5688 virtus-Altissimi
1324 5628 1700 5701 'obutnbrabit
1753 5639 1824 5701 te.
1851 5648 1869 5701 ι
1902 5628 2071 5684 Crea-

514 5698 615 5756 trix
643 5698 770 5771 ergo
791 5706 961 5758 virtus
987 5702 1318 5758 Altissimi...
1341 5700 1542 5755 Christi
1574 5714 1772 5768 corpus
1802 5698 2066 5754 fabricam

512 5784 707 5826 est.....
751 5772 857 5830 Nec
902 5778 1096 5829 mirum
1146 5776 1191 5829 si
1244 5771 1504 5826 Dominici
1561 5781 1767 5825 tantum
1825 5772 2069 5839 corporis

2173 4732 2268 4783 καὶ
2296 4728 2446 4794 ἄλλο,
2481 4739 2540 4782 ιιι
2568 4740 2624 4785 et
2652 4732 2777 4796 legi.

2246 4800 2361 4869 (87)
2390 4799 2458 4852 In
2482 4800 2662 4853 diebus
2708 4802 2839 4855 illis.
2868 4800 3036 4859 Zacb.
3088 4819 3200 4868 xtv,
3231 4804 3285 4858 8.
3317 4801 3503 4857 Graeca
3536 4800 3697 4856 editio
3723 4811 3736 4849 :

2186 4871 2366 4942 Ἐν,τῇ
2390 4870 2574 4942 ἡμέρᾳ
2604 4871 2809 4942 ἐκείνῃ,
2835 4871 2885 4924 id
2910 4883 3014 4937 est,
3047 4892 3067 4925 ι
3098 4877 3151 4928 in
3188 4876 3274 4926 die
3308 4873 3417 4942 illa.
3448 4889 3465 4920 ι

2250 4934 2366 5010 (88)
2396 4934 2641 5014 Uenerat.
2680 4934 2884 5014 Nei'upe
2937 4934 3319 5014 iuibaptismo.
3359 4941 3508 5014 Hanc
3540 4934 3740 5014 Didymi

2176 5008 2684 5083 iltterpretationem
2722 5011 2924 5083 indicat
2954 5008 3324 5083 hieronymus
3378 5012 3443 5083 ad
3503 5008 3740 5083 eumdem

2177 5077 2455 5131 Zachariae
2481 5077 2867 5149 _|ocum,pag.
2904 5081 3035 5144 9‘21,
3088 5077 3218 5136 tom.
3248 5080 3313 5133 Vl
3350 5081 3480 5135 edit.
3550 5077 3737 5149 Veron.

2181 5167 2201 5198 ‹
2227 5149 2410 5215 Aquas
2445 5146 2931 5223 viventes_(i’nq'uit)
2958 5152 3113 5223 multi
3143 5153 3209 5205 ad
3248 5151 3573 5223 baptismum
3607 5146 3740 5223 refe—

2181 5228 2329 5281 runt,
2372 5233 2561 5285 qua...
2592 5218 2645 5270 in
2692 5218 2923 5283 Pascha,
2959 5232 3015 5276 et
3062 5220 3382 5275 Pentecoste
3438 5218 3740 5273 sitientibus

2176 5287 2469 5353 largiendte
2507 5296 2656 5339 sunt.
2680 5306 2699 5339 ι
2728 5288 2935 5353 Quibus
2976 5293 3029 5345 in
3090 5291 3268 5344 verbis
3300 5303 3364 5342 ea
3412 5288 3637 5343 fortasse
3662 5298 3743 5338 re—

2176 5358 2335 5423 Spicil
2370 5355 2430 5410 S.
2467 5357 2673 5423 doctor.
2709 5373 2830 5424 quae
2854 5362 2921 5414 ad
2952 5375 3075 5415 eum
3119 5360 3297 5413 locum
3322 5359 3379 5413 in
3418 5365 3741 5413 commenta-

2176 5427 2593 5496 riisdictaverat
2608 5427 2893 5496 Didymus.

2245 5494 2359 5565 (39!
2392 5493 2680 5569 Bglltgsdq.
2720 5493 2889 5569 'ann.
2918 5515 2972 5566 v,
3001 5500 3057 5556 2.
3114 5501 3161 5554 Δ
3197 5498 3429 5569 Vulgato
3481 5498 3740 5569 interpres

2174 5563 2403 5635 voeatur
2430 5563 2738 5635 Betbsaida.
2773 5566 2879 5621 Sed
2918 5563 3042 5635 vox,
3101 5590 3121 5622 ι
3147 5563 3439 5628 Βειιιιῖεόα.
3467 5587 3486 5619 ι
3523 5563 3739 5635 Hebrai-

2177 5649 2291 5709 cas,
2323 5633 2435 5709 sive
2475 5634 2725 5702 Syriacas
2757 5651 2916 5709 voces
2963 5631 3114 5700 mm
3149 5649 3256 5699 nt:
3302 5639 3440 5709 (buli
3472 5631 3739 5709 hltesdaltl.

2176 5705 2375 5770 (litibus
2406 5704 2693 5757 denotauit
2742 5725 2760 5756 ι
2785 5708 2980 5763 domus
3044 5704 3456 5769 misericordiae,
3484 5726 3505 5759 ι
3551 5704 3737 5756 clarius

2177 5773 2450 5841 exprimit.
2487 5770 2849 5843 Hieronymus
2898 5778 2953 5833 iu
3007 5780 3233 5848 Dialoga
3261 5781 3506 5833 adversus
3539 5774 3737 5837 Lucil"
