4054 6422
382 379 481 437 799
1405 377 1494 434 DE
1531 378 1904 435 TRINITATE
1943 378 2152 434 LIBER
2195 379 2586 439 SECUNDUS.
3523 393 3627 452 719

380 495 618 566 κὲφαλήν
648 512 771 564 μου,
798 493 972 549 καὶτὸ
1002 492 1255 566 ποτήριόν
1282 509 1375 547 σου
1429 492 1695 564 μεθύσκον
1725 512 1792 564 με
1821 494 1939 546 ὡσεὶ

2063 492 2177 562 (90)
2208 507 2348 556 esse,
2376 509 2481 547 non
2517 508 2643 548 vero
2681 494 2851 565 ipsam
2903 500 3184 557 veritatem
3220 521 3234 556 :
3268 516 3392 557 nam
3444 503 3624 572 imago

379 585 505 659 [126
534 584 591 658 α]
624 586 930 656 κράτιστον.
972 603 992 637 ι

2059 593 2336 649 censetur,
2370 599 2490 653 quae
2547 585 2613 640 ad
2670 597 2900 657 tempus,
2956 595 3158 648 veritas
3191 608 3363 659 vero,
3413 611 3531 664 quae
3574 598 3625 651 in

2053 685 2371 744 perpetuum
2428 690 2730 741 permanet.
2780 681 2906 739 Ideo
2955 686 3022 741 ab
3075 688 3264 758 angelo
3320 701 3624 757 commota,

378 775 499 829 quae
528 760 581 813 in
616 761 731 829 ipsa
758 770 894 827 erat,
931 776 1067 833 aqua
1107 769 1161 817 et
1191 762 1357 817 semel
1397 762 1452 817 in
1483 777 1645 829 anno,
1682 774 1736 817 et
1783 780 1948 819 unum
1987 767 2267 835 duntaxat,
2325 771 2415 838 qui
2480 773 2687 838 primus
2713 775 2763 828 in
2791 790 2909 829 eam
2940 779 3329 845 descendisset,
3354 790 3408 834 et
3435 796 3631 848 corpo-

381 851 457 903 ris
496 851 762 917 morbum,
798 866 901 905 non
928 866 1062 906 vero
1098 851 1289 905 animai
1312 853 1556 907 sanabat.
1623 852 1983 909 Authentieus
2017 854 2132 925 (9i)
2187 857 2330 910 enim
2390 858 2688 927 baptismus
2739 871 2857 931 post
2916 864 3057 932 Filii,
3107 877 3162 921 et
3205 869 3440 938 Spiritus
3509 885 3629 923 san-

375 944 446 998 cti
526 942 957 1013 apparitiooem,
1037 943 1152 997 sive
1223 944 1570 998 manifestum
1657 946 1946 996 adventum
2017 955 2073 1000 et
2152 948 2392 1014 quotidie
2480 961 2571 1003 aut
2619 953 2797 1020 potius
2849 955 3078 1025 singulis
3135 958 3302 1024 horis,
3376 969 3489 1026 aut,
3571 960 3632 1017 ιιι

379 1035 543 1105 273
583 1035 762 1088 verius
809 1033 1002 1093 dicam,
1066 1034 1323 1089 continue
1355 1033 1469 1105 (9‘2)
1505 1041 1560 1088 et
1619 1048 1810 1087 omnes
1852 1035 1902 1086 in
1969 1036 2229 1104 piscinam
2274 1040 2682 1109 descendentes,
2722 1054 2776 1098 et
2806 1046 2873 1100 ab
2914 1049 3057 1100 omni
3097 1060 3316 1117 peccato
3380 1054 3433 1108 in
3503 1052 3629 1124 pe'r-

378 1140 597 1198 petuum
635 1128 747 1197 (93)
781 1127 1007 1189 liberat;
1056 1141 1122 1182 ac
1162 1127 1473 1194 multarum,
1508 1136 1562 1182 et
1590 1129 1949 1191 diversarum,
1989 1140 2044 1183 et
2079 1133 2519 1197 exorbitantium,
2591 1145 2645 1189 et
2709 1149 2898 1192 curatu
2940 1139 3235 1196 difﬁcilium
3279 1144 3626 1204 επεειίοηιιηι

378 1235 500 1273 cum
530 1218 872 1288 spiritalium,
902 1225 1011 1270 tum
1060 1216 1423 1285 corporalium
1458 1218 1669 1272 sanatio
1716 1233 1822 1272 una
1868 1219 2166 1286 invenitur;
2209 1236 2275 1275 ac
2341 1222 2541 1277 nullum
2585 1225 2739 1294 plane
2784 1228 2895 1299 (94)
2920 1229 3031 1298 jam
3077 1248 3143 1287 ex
3208 1238 3431 1292 vetustis
3517 1254 3633 1292 ma-

378 1312 470 1377 lis,
503 1310 843 1380 peccatisque
882 1309 997 1363 sive
1050 1307 1416 1376 interioribus,
1445 1309 1558 1364 sive
1585 1309 1946 1365 exterioribus
1985 1313 2286 1381 baptizatos
2325 1316 2640 1371 comitatur.
2689 1320 2761 1373 Ac
2797 1336 3054 1388 praeterea
3112 1339 3303 1382 omnes
3353 1344 3449 1396 per
3501 1345 3634 1399 gra-

379 1410 509 1465 tiam
540 1405 732 1460 fratres
754 1403 1162 1473 primogenitos,
1184 1410 1239 1457 et
1266 1404 1424 1456 modo
1448 1404 1658 1470 genitos
1687 1403 1799 1475 (95)
1827 1404 2002 1459 reddit
2033 1406 2133 1459 iste
2159 1405 2478 1476 baptismus,
2512 1425 2578 1464 ne
2610 1411 2673 1465 iis
2736 1413 2949 1480 quulem
3018 1418 3277 1486 exceptis,
3346 1421 3434 1487 qui
3499 1432 3633 1477 natu

375 1501 617 1554 minores
646 1496 759 1567 (96)
797 1495 926 1557 sint,
992 1503 1083 1547 aut
1112 1502 1269 1549 aetate
1310 1495 1576 1563 provecti.
1633 1495 1710 1549 Ac
1775 1496 1913 1563 apud
1949 1509 2042 1550 eos
2082 1498 2250 1567 ipsos,
2299 1515 2527 1568 quorum
2584 1501 2704 1556 iidei
2754 1504 2905 1574 juxta
2952 1510 3275 1563 mundanam
3323 1511 3492 1580 legem
3540 1514 3633 1577 (97

375 1605 605 1651 terrente
643 1606 772 1662 opes
798 1605 903 1646 non
930 1590 1041 1661 (98)
1080 1591 1375 1644 creduntur
1408 1588 1544 1661 (99),
1578 1590 1719 1659 quod
1776 1597 1950 1643 tutum
1991 1606 2095 1644 non
2131 1593 2199 1645 sit
2233 1592 2284 1647 id
2348 1594 2524 1648 facere
2588 1597 2657 1649 ob
2706 1611 2969 1653 annorum
3020 1617 3300 1655 numerum
3342 1610 3434 1656 aut
3474 1605 3633 1659 nimis

373 1690 650 1758 exiguum,
676 1693 769 1740 aut
819 1684 979 1738 nimis
1020 1697 1289 1751 magnum,
1322 1690 1464 1735 totus
1498 1691 1672 1735 tamen
1725 1682 1936 1736 divinus
1983 1697 2178 1737 census
2206 1699 2327 1738 cum
2360 1686 2651 1743 securitate
2711 1690 2987 1757 depositus
3051 1693 3326 1747 invenitur
3357 1712 3371 1748 :
3411 1696 3544 1751 adeo
3576 1707 3631 1749 ut

373 1778 615 1833 laetantes
639 1783 876 1830 canant:
917 1792 936 1825 ι
976 1772 1232 1828 Dominus
1259 1771 1528 1841 (i)pascit
1564 1786 1671 1836 me,
1704 1781 1757 1825 et
1805 1772 1933 1825 nihil
1964 1773 2093 1825 mihi
2134 1774 2344 1829 deerit:
2383 1776 2435 1828 in
2489 1776 2605 1831 loco
2671 1793 2883 1847 pascuae
2943 1782 3101 1852 (sive,
3153 1785 3379 1840 virentis
3430 1785 3631 1858 herbar)

373 1874 447 1929 ibi
478 1885 565 1925 me
589 1869 864 1926 collocavit
890 1867 1027 1932 (seu,
1080 1866 1209 1920 mihi
1264 1865 1629 1921 habitaculum
1676 1865 1981 1936 Drmbuit):
2043 1883 2205 1937 super
2254 1882 2392 1940 aqua
2447 1870 2647 1938 requiei
2693 1871 2947 1926 educavit
3000 1888 3103 1939 me;
3144 1894 3165 1926 ι
3209 1884 3310 1929 et:
3361 1893 3380 1927 ‹
3419 1875 3631 1932 Parasti

372 2035 577 2095 rianos,
606 2046 752 2084 num.
774 2028 807 2084 6
835 2044 849 2080 :
883 2047 901 2079 ι
928 2026 1216 2089 Bethesda,
1241 2044 1259 2077 ι
1290 2026 1486 2093 inquit,
1506 2044 1525 2077 ι
1548 2026 1694 2079 lacus
1722 2025 1938 2080 Indicae.

449 2102 561 2173 (90)
618 2100 923 2173 Imaginem
963 2098 1223 2173 baptismi.
1255 2095 1646 2173 _Te_rtu|l_i_anus
1680 2169 1686 2173 _
1717 2097 1808 2150 lib.
1858 2096 1942 2173 _De

374 2166 519 2241 bapt.
543 2166 670 2238 ’cap.
702 2166 781 2223 5’:
820 2187 838 2219 ‹
868 2167 1134 2241 Piscinam
1156 2166 1441 2241 Bethsaida
1478 2167 1693 2241 (inquit)
1719 2166 1941 2241 angelus

377 2235 743 2296 interveniens
770 2239 1208 2293 commovebat...
1263 2235 1459 2304 Figura
1502 2236 1602 2288 ista
1663 2236 1943 2288 medicinae

373 2310 673 2380 corporalis
722 2308 1017 2380 spiritalem
1091 2304 1414 2380 medicinam
1465 2308 1805 2380 canebat..."
1843 2307 1933 2370 qui

376 2376 543 2435 unum
590 2376 925 2432 semelanno
963 2377 1283 2442 iiberabani,
1320 2391 1459 2428 nunc
1485 2376 1727 2443 quotidie
1758 2389 1931 2443 popu-

374 2451 458 2505 los
490 2456 828 2510 conservant,
857 2447 1032 2499 deleta
1067 2454 1239 2498 morte
1265 2460 1358 2512 per
1379 2444 1706 2498 ablutionem
1744 2461 1933 2512 pecca-

378 2533 575 2575 torum.
604 2538 622 2570 ι
674 2517 860 2570 Aﬁinia
905 2517 1122 2584 scripsit
1174 2523 1227 2584 et
1268 2516 1686 2584 Clirysostomus
1718 2515 1936 2584 in‘orat.

487 2570 666 2641 contra
705 2570 1175 2648 Auamma-tom.
1206 2583 1247 2648 Ι,
1282 2570 1402 2653 ι)αεῖ
1433 2583 1557 2646 549,
1590 2584 1723 2637 edit.
1757 2570 1934 2637 Mont-

373 2657 632 2716 fauconii.

424 2731 561 2800 (91)
590 2726 950 2800 Autltentieus.
973 2723 1170 2800 _Chr_ist_i
1193 2725 1455 2789 baptisma
1482 2741 1499 2773 ι
1526 2723 1894 2800 authenticum
1914 2743 1933 2774 ι

378 2792 557 2861 vocat,
590 2798 732 2865 quod
767 2795 873 2849 ὑπὸ
906 2793 1001 2865 τοῦ
1033 2792 1312 2865 αὐθέντφυ,
1370 2808 1562 2865 nempe
1616 2808 1663 2865 a7
1694 2793 1939 2865 Domino,

376 2871 461 2923 vel
490 2862 628 2939 μεςᾶ
664 2864 989 2939 δεσπφτικῆς
1034 2862 1342 2939 ᾳύθεντίας,
1365 2862 1432 2939 id
1465 2873 1568 2939 est,
1607 2881 1625 2912 t
1653 2863 1805 2917 herili
1841 2877 1940 2916 au-

378 2932 631 2994 ctoritate
654 2932 999 2989 sinatitutuin
1031 2936 1136 2999 sit;
1170 2942 1332 3001 utque
1365 2932 1493 2984 illud
1529 2941 1762 3001 opponat
1790 2946 1938 2986 vete-

377 3012 530 3063 ribus
574 3007 813 3076 ejusdem
865 3004 1112 3076 baptismi
1141 3006 1315 3076 typis;
1350 3003 1688 3076 maximeque
1715 3014 1771 3055 ut
1801 3002 1928 3076 illud

381 3070 629 3134 secerna't
657 3092 776 3130 cum
811 3091 841 3128 a
878 3070 1145 3139 baptismo
1173 3070 1415 3135 Joannis,
1446 3080 1557 3125 tum
1589 3070 1751 3125 etiam
1779 3072 1845 3124 ab
1868 3087 1934 3124 eo

371 3149 723 3217 baptismate,
760 3159 868 3217 quo
899 3143 1099 3217 Christi
1134 3140 1381 3217 discipuli
1415 3153 1540 3194 ante
1583 3142 1925 3217 manifestum

384 3212 615 3286 Spiritus
670 3212 841 3269 sancti
884 3215 1170 3286 adventum
1229 3213 1589 3286 baptizaruut,
1615 3212 1867 3279 quodque
1894 3227 1923 3264 a

382 3279 586 3342 Joanne
612 3287 995 3354 Chrysustomo
1022 3283 1040 3347 (
1059 3284 1203 3354 hom_.
1236 3295 1388 3354 x‘xu,
1412 3281 1465 3354 ira
1497 3279 1776 3354 ioarinem,
1804 3296 1926 3354 pag.

384 3360 508 3422 165,
542 3369 671 3411 tom.
706 3348 852 3425 Vill),
886 3364 1103 3406 vocatur
1135 3351 1233 3425 τῆς
1260 3352 1325 3425 ὲκ
1363 3348 1456 3402 τοῦ
1497 3350 1811 3425 Πνεῦματος
1839 3352 1937 3422 χά-

390 3446 532 3500 ριτος
560 3422 822 3500 ἄμοιρφνί
850 3426 901 3477 id
951 3433 1053 3479 est.
1076 3422 1377 3500 χειρίς-ηιξὲ
1406 3422 1591 3500 ,ςτειιίει
1639 3437 1888 3500 vacuum.
1912 3439 1931 3469 ι

382 3489 556 3567 λιψίθ
587 3489 783 3567 ΙὶπῘόε
812 3507 974 3567 causa
1010 3490 1285 3567 subjuugit
1322 3489 1578 3567 Didymus
1618 3505 1696 3567 ca_
1717 3490 1878 3567 verba
1914 3506 1926 3537 τ

390 3587 411 3620 α
431 3558 555 3622 Post
581 3565 720 3621 Filii.
752 3574 806 3617 et
835 3561 1068 3631 Spiritus
1099 3562 1269 3614 sancti
1293 3559 1605 3631 adventurm.
1629 3578 1647 3610 ι
1680 3558 1734 3614 Id
1761 3562 1943 3628 ipsum

382 3653 512 3691 vero
536 3648 661 3691 ante
691 3629 972 3704 Didymum
1026 3641 1211 3704 aperte
1234 3630 1509 3704 coeperat
1562 3629 1935 3704 _Tertu_llianus

383 3710 435 3762 in
465 3709 596 3761 libro
632 3705 707 3758 De
732 3696 1006 3770 baptismo,
1036 3696 1153 3771 cap.
1191 3699 1278 3771 ﬂ.
1307 3718 1325 3748 ι
1351 3696 1689 3771 Tinguebaut
1721 3699 1934 3771 (inquit)

382 3778 626 3846 discipuli
660 3775 777 3846 ejus
800 3775 1016 3846 (nempe
1037 3769 1328 3846 Christi)...
1348 3769 1536 3821 eodem
1569 3769 1833 3846 baptismo
1852 3769 1939 3846 ,ιοτ

380 3840 557 3911 annis,
595 3860 662 3898 ne
690 3840 781 3911 qui
822 3843 926 3895 alio
957 3849 1127 3907 putet,
1151 3843 1277 3907 quia
1312 3853 1410 3892 nec
1441 3848 1620 3911 exstat
1649 3842 1803 3905 alios,
1835 3840 1937 3892 nisi

377 3910 564 3985 postea
599 3910 819 3977 Christi,
850 3912 939 3980 qui
975 3922 1100 3963 tunc
1132 3911 1404 3985 _utique__a
1444 3910 1777 3985 discentibus
1822 3910 1937 3985 dari

378 3979 485 4040 iion
516 3994 747 4056 poterat,
782 3993 964 4049 utpote
1004 3980 1237 4056 nonduin
1268 3979 1575 4056 _adimpleta
1629 3979 1796 4056 gloria
1830 3979 1937 4031 Do-

381 4048 533 4119 mini,
561 4069 658 4110 nec
687 4048 951 4106 instructa
998 4049 1235 4103 ellicacia
1264 4048 1465 4101 lavacri
1507 4063 1604 4117 per
1632 4052 1937 4117 passionem

381 4137 435 4180 et
461 4124 934 4180 resurrectionem.

407 4196 415 4203 ”
451 4195 557 4266 (92)
600 4194 870 4250 Continue.
914 4189 1108 4244 Eadem
1137 4188 1311 4256 quoad
1345 4188 1629 4266 rcm__i_ia_nc
1673 4187 1726 4241 in
1768 4190 1938 4266 omni.

379 4259 481 4319 lius
511 4259 758 4320 ecclesiis
791 4278 893 4315 non
930 4270 1046 4315 erat
1077 4260 1427 4313 cOnsuetudo.
1460 4259 1686 4311 Siricius
1717 4273 1847 4327 papa
1885 4262 1937 4312 in

379 4334 549 4400 Epist.
578 4338 646 4388 ad
676 4333 965 4388 Himerium
1011 4345 1103 4384 eos
1133 4329 1423 4397 redarguit,
1457 4330 1545 4395 qui
1583 4346 1622 4400 «γ
1642 4332 1839 4397 passim
1876 4345 1942 4384 ac

376 4399 543 4459 libere
593 4404 858 4459 Natalitiis
901 4400 1127 4462 Christi,
1173 4414 1265 4451 seu
1308 4399 1679 4465 apparitionis,
1732 4415 1940 4453 necnon

377 4475 735 4540 apostolorum
764 4488 857 4527 seu
886 4481 1180 4541 inartyrum
1219 4469 1599 4541 festivutatilius
1632 4470 1941 4523 iutnnneras

1954 3190 2001 3253 C

2121 2025 2232 2095 (94)
2277 2024 2460 2080 Plane.
2489 2026 2544 2080 In
2579 2026 2787 2086 Grmro,
2816 2027 3120 2081 καθοτιοῦν.
3152 2028 3280 2094 Qum
3305 2044 3407 2085 vox
3435 2031 3488 2084 in
3516 2032 3631 2083 vul-

2038 2102 2261 2162 garibus
2311 2098 2496 2151 lexicis
2553 2104 2798 2164 exemplo
2860 2111 3032 2154 caret.
3075 2101 3323 2154 Clemens
3383 2103 3432 2153 in
3470 2114 3626 2154 sexto

2041 2165 2361 2240 Stromaqim
2400 2183 2525 2240 pag;1
2722 2184 2782 2220 ea
2835 2184 2962 2240 usus
3005 2179 3108 2234 est,
3154 2185 3276 2240 cum
3324 2171 3400 2223 ait
3435 2188 3450 2224 :
3489 2170 3626 2240 μηδὲ

2040 2234 2322 2317 κα9οτιοῦν
2354 2236 2829 2307 μεταϐαλλόμενοι,
2862 2239 2911 2292 id
2942 2251 3023 2293 est
3056 2256 3073 2289 ι
3112 2239 3244 2293 nihil
3276 2234 3626 2307 penitus'tiiuo

2049 2318 2168 2359 lati.
2210 2325 2228 2356 ι

2115 2374 2228 2443 (95)
2274 2375 2432 2429 Modo
2490 2379 2710 2445 genitos.
2760 2377 3003 2444 Respicit
3055 2377 3233 2431 illudl
3277 2378 3421 2434 Petr.
3477 2397 3537 2445 tt,
3570 2379 3627 2435 2.

2051 2464 2068 2496 ι
2108 2447 2259 2499 Sicut.
2293 2449 2450 2516 modo
2468 2449 2630 2516 geniti
2666 2447 2919 2502 infantes.
2959 2466 2977 2497 ι
3016 2447 3091 2500 lla
3132 2461 3183 2499 et
3213 2448 3262 2501 in
3297 2462 3628 2503 commenta-

2048 2516 2141 2569 riis
2185 2517 2239 2568 in
2301 2514 2541 2588 Psulnios
2594 2517 2831 2588 advers.
2864 2518 2924 2570 11
2963 2518 3153 2586 psalmi
3190 2533 3340 2583 xvm,
3383 2521 3624 2588 baptiza-

2051 2596 2140 2657 tos
2156 2588 2363 2657 vocavit
2388 2587 2648 2657 ἀρτιγενῆ
2676 2586 2870 2657 βρέφη.

2123 2654 2233 2729 (96)
2266 2654 2685 2729 Ναψίηἱηονεὲζ
2709 2654 2767 2709 lu
2797 2654 3007 2729 Grmco,
3030 2657 3306 2729 ἐξήλικας.
3327 2657 3500 2725 Quam
3534 2674 3629 2709 vo-

2052 2725 2167 2797 cem
2199 2728 2250 2778 in
2277 2725 2422 2779 nullo
2444 2741 2677 2794 unquam
2700 2737 2917 2779 auctore
2941 2726 3039 2795 legi
3078 2748 3090 2778 ;
3113 2725 3307 2797 itaque
3336 2730 3626 2797 genuinum

2044 2795 2161 2864 ejus
2185 2808 2402 2864 sensum
2433 2809 2583 2864 certo
2614 2805 2850 2849 statuere
2876 2812 2979 2849 non
3013 2798 3206 2850 ausim.
3237 2795 3402 2851 Porro
3431 2798 3534 2851 nisi
3560 2815 3623 2852 ea

2039 2862 2157 2937 voci
2191 2862 2462 2937 ᾁφήλικας
2493 2863 2673 2937 juncta
2712 2875 2873 2929 esset,
2911 2866 3068 2919 facile
3090 2867 3404 2937 existimare
3442 2877 3627 2937 posset

2038 2936 2179 3003 quis,
2205 2932 2344 3006 idem
2377 2949 2496 2988 esse
2519 2932 2764 3006 ὲξήλικα.
2791 2945 2951 3003 atque
2982 2936 3243 3006 ἀφήλικα.
3279 2932 3472 2991 Verum
3500 2955 3623 2992 cum

2037 3015 2091 3058 et
2121 3004 2395 3076 ἀφήλικας
2430 3003 2769 3076 βξ-ξξῇλικας
2808 3003 3093 3076 [ιιθηιοι-«ἐι’
3120 3009 3391 3075 Didymus,
3437 3023 3501 3062 ac
3552 3010 3624 3061 ita

2035 3072 2249 3142 quidem
2285 3088 2341 3126 ut
2368 3076 2397 3126 ὁ
2425 3072 2607 3144 ἐξήλιξ
2636 3074 2831 3143 opponi
2856 3076 2924 3128 ab
2957 3078 3070 3141 ipso
3092 3072 3334 3129 videatur
3364 3096 3382 3127 ι
3418 3078 3623 3144 primo-

2035 3145 2236 3212 genito,
2274 3162 2292 3194 ›
2325 3144 2686 3214 ἀφήλιξννετο
2715 3163 2733 3193 ι
2766 3145 3152 3212 nupergenito;
3193 3163 3211 3195 ι
3243 3145 3446 3200 idcirco
3476 3165 3494 3196 ε
3530 3162 3626 3199 na-

2047 3226 2100 3266 tu
2155 3215 2389 3267 minores
2427 3213 2860 3267 adolescentulos
2898 3231 2916 3263 ι
2957 3214 3224 3281 designari
3275 3215 3624 3269 crediderim.

2043 3282 2180 3348 Quin
2232 3298 2332 3336 vox
2383 3285 2493 3349 ipsa
2545 3282 2983 3353 ἀφηλικέστερα,
3029 3283 3304 3353 si'Mteris
3350 3286 3620 3349 audiatur,

2042 3354 2238 3422 Atticis
2268 3353 2485 3421 quidem
2522 3371 2541 3404 ι
2572 3355 2844 3408 seniorem
2877 3352 2895 3403 ὑ
2925 3355 3193 3422 signiﬁcat
3215 3393 3229 3419 ,
3255 3352 3459 3410 Graecis
3491 3371 3620 3411 vero

2049 3421 2391 3490 «,juniorem.
2436 3440 2456 3472 ι

2117 3493 2230 3562 (9η
2271 3490 2826 3562 Μαηάαηαηιγιερειπ.
2870 3492 3079 3562 Civiles
3143 3491 3288 3562 leges
3335 3511 3354 3543 α
3388 3494 3620 3547 munda-

2044 3561 2143 3615 nas
2183 3561 2217 3613 »⁷
2238 3572 2393 3632 vocat
2422 3563 2581 3615 etiam
2615 3561 2837 3616 Rulinus
2868 3561 3263 3632 Palzestinusin
3299 3563 3432 3617 libro
3465 3564 3539 3617 De
3559 3565 3627 3632 ﬁ-

2043 3636 2107 3684 de
2140 3648 2288 3685 num.
2318 3630 2408 3684 ⁵52.
2439 3635 2691 3701 Quaenam
2737 3647 2900 3700 porro
2942 3634 3013 3687 sit
3061 3633 3113 3684 in
3154 3631 3277 3701 jure
3320 3634 3461 3687 civili
3512 3630 3619 3701 lex,

2043 3717 2200 3769 quam
2246 3711 2452 3770 spectet
2486 3700 2755 3771 Didymus
2793 3702 2970 3756 verbis
3009 3701 3136 3763 illis,
3162 3700 3195 3753 ⁷(
3235 3703 3304 3755 ob
3356 3719 3622 3757 annorum

2046 3787 2328 3824 numerum
2368 3770 2529 3824 nimis
2574 3770 2846 3839 magnum,
2885 3791 2903 3822 ι
2953 3772 3327 3841 juriscousulti
3368 3775 3619 3828 viderint.

2045 3840 2170 3896 Mihi
2201 3841 2327 3896 illud
2361 3842 2599 3895 iudicare
2641 3842 2774 3895 satis
2813 3852 2916 3905 est,
2956 3840 3097 3910 quod
3140 3840 3453 3897 Vincentius
3484 3844 3622 3896 Gra-

2046 3912 2180 3983 vina!
2206 3913 2361 3983 docet
2408 3910 2543 3983 libro
2590 3910 2957 3983 tl_0riginum
2990 3912 3133 3983 juris
3167 3913 3333 3965 civilis
3370 3929 3489 3983 cap.
3528 3917 3620 3967 ‘26.

2047 3980 2121 4032 Ex
2163 3981 2285 4048 jure
2336 3979 3197 4050 Atticoscilicet'poteratﬁlius
3231 3979 3625 4049 patrem-senio

2046 4052 2397 4117 desipientem
2444 4050 2498 4103 in
2525 4048 3133 4118 judicium’vocare,iut
3177 4048 3242 4106 ab
3276 4068 3333 4105 re
3374 4054 3623 4107 familiari

2047 4132 2408 4175 amoveretur.

2117 4191 2228 4259 (98)
2273 4189 2415 4243 Non.
2451 4189 2651 4253 Codex,
2680 4183 2762 4253 οὗ,
2787 4189 2877 4259 sed
2905 4189 3022 4254 lego
3046 4190 3128 4243 οὑ.

2119 4257 2230 4332 (99)
2273 4260 2415 4332 Non,
2452 4263 2755 4312 creduntur.
2830 4257 3140 4332 Tertulliani
3208 4261 3387 4314 verbis
3454 4261 3622 4313 utitur

2048 4330 2225 4399 ipsum
2257 4330 2417 4390 veluti
2447 4334 2796 4399 redarguens,
2826 4330 2966 4397 quod
3001 4330 3236 4383 infantes
3285 4332 3483 4398 passim
3520 4332 3619 4383 ba-

2047 4400 2238 4470 ptizari
2272 4401 2452 4452 nollet.
2484 4398 2610 4452 Haec
2648 4399 2792 4452 enim
2836 4400 3053 4470 scripsit
3077 4401 3145 4470 in
3193 4400 3329 4453 libro
3360 4399 3436 4452 De
3474 4401 3615 4463 bapt.

2049 4469 2170 4539 eap.
2202 4471 2290 4526 18:
2324 4489 2345 4523 ‹
2386 4470 2612 4522 Veniant
2638 4482 2789 4538 ergo,
2815 4469 2938 4520 dum
2967 4469 3346 4525 adolescunt...
3396 4470 3621 4523 Cautius

376 4537 557 4613 plebes
594 4564 612 4596 ι
652 4537 1044 4615 baptizabant;
1069 4540 1119 4615 id
1147 4539 1289 4615 enim
1337 4540 1388 4615 in
1432 4537 1691 4615 Pascliate
1725 4543 1945 4607 potissi-
1978 4546 2023 4601 ι)
2051 4537 2239 4611 agetur
2295 4544 2347 4615 in
2382 4537 2726 4615 saecularibus
2759 4552 2773 4588 :
2801 4545 2877 4615 _ut
2920 4539 3003 4589 cui
3044 4540 3345 4593 substantia
3404 4547 3619 4592 terrena

378 4610 550 4678 iuum,
578 4624 632 4668 et
654 4610 967 4667 Pentecoste
1000 4612 1299 4664 faciendum
1341 4611 1435 4660 ait.
1475 4610 1726 4662 Socrates
1755 4623 1943 4663 contra

377 4684 516 4738 libro
559 4700 609 4749 v,
650 4701 768 4753 cap.
814 4683 926 4736 22:
965 4700 984 4732 ι
1020 4682 1192 4753 Aliam
1238 4694 1451 4753 quoque
1479 4684 1947 4753 coiisuetiiiltiieiti,

379 4754 573 4822 inquit,
596 4748 659 4806 in
690 4748 963 4807 Thessalia
993 4751 1113 4805 novi
1144 4763 1301 4822 esse._
1331 4748 1471 4822 Solis
1513 4748 1949 4822 diebusPascnm

380 4818 489 4876 illic
514 4818 787 4891 baptizant
817 4839 832 4876 :
858 4837 923 4875 ex
945 4838 1051 4890 quo
1081 4825 1137 4891 t_it
1167 4829 1225 4870 ut
1253 4818 1494 4885 plerique
1526 4823 1663 4891 apud
1694 4819 1811 4871 illos
1833 4822 1950 4872 sine

381 4887 644 4961 baptismo
679 4887 995 4947 moriantur.
1032 4910 1050 4942 ι
1088 4889 1344 4957 Didymus
1383 4903 1511 4961 vero
1555 4887 1946 4961 Alexandrino-

384 4958 501 5015 ruin
537 4965 871 5031 potissimum
907 4961 1265 5030 disciplinam,
1288 4958 1522 5031 _opin_or,
1561 4960 1783 5031 respicit
1826 4976 1946 5031 cum

382 5032 490 5095 hic,
528 5025 637 5085 ium
661 5048 828 5100 segni.
860 5032 927 5085 84
948 5048 980 5082 a
1015 5025 1124 5083 :ile
1156 5043 1256 5100 qua
1288 5025 1604 5100 Vatislebitis
1632 5030 1866 5095 loquitur
1893 5030 1944 5082 iu

383 5094 622 5156 Historia
650 5094 897 5156 Ecclesia:
927 5094 1295 5153 Alexandrinw
1319 5094 1522 5149 Gallico
1547 5094 1797 5150 sermone
1820 5114 1949 5151 con-

379 5174 603 5241 scripta,
650 5182 706 5226 et
757 5189 896 5224 anno
939 5170 1073 5223 1677
1115 5167 1337 5241 Parisiis
1382 5168 1545 5220 edita.
1571 5163 1948 5241 _Verum_scite

379 5237 740 5296 Terinllianus
776 5243 826 5294 in
856 5241 993 5293 libro
1022 5241 1096 5293 De
1125 5238 1378 5300 baptismo
1409 5250 1529 5305 cap.
1563 5237 1629 5289 19
1665 5254 1678 5290 ;
1729 5255 1747 5287 ι
1798 5239 1945 5290 Diem

374 5309 668 5379 baptismo,
688 5311 883 5380 inquit,
912 5310 1286 5380 soleinnioretn
1313 5306 1515 5380 Pascha
1539 5316 1826 5380 praestat...
1853 5324 1949 5361 ex-

376 5374 506 5435 inde
535 5374 853 5435 Pentecoste
880 5378 1194 5433 ordinandis
1220 5374 1452 5446 lavacris
1471 5375 1788 5430 latissimum
1821 5394 1948 5446 spa-

376 5451 509 5502 tium
535 5462 684 5505 cst...
718 5453 979 5505 Caeterum
1019 5447 1194 5505 omnis
1225 5447 1342 5498 dies
1377 5445 1585 5498 Domini
1623 5459 1726 5511 est,
1771 5445 1948 5501 omnis

375 5519 533 5583 hora,
555 5535 717 5574 (mille
748 5532 954 5588 tempus
987 5517 1161 5572 habile
1184 5518 1470 5588 baptismo.
1511 5533 1530 5565 ι
1564 5515 1769 5588 Quibus
1795 5518 1947 5570 sitm-

374 5590 445 5641 lia
498 5592 662 5643 tradit
701 5591 758 5645 S.
808 5583 1032 5642 Basilius
1070 5584 1254 5641 homil.
1299 5583 1365 5636 In
1399 5595 1640 5640 sanctum
1687 5584 1944 5656 baptisma

375 5674 524 5712 num.
559 5661 610 5724 1,
642 5675 762 5727 pag.
804 5659 923 5722 1M,
960 5670 1087 5714 tom.
1124 5658 1185 5709 ll.

446 5732 557 5797 (95)
602 5731 666 5783 In
687 5738 1006 5799 perpetuum.
1076 5730 1190 5799 Aut‘
1218 5747 1251 5799 ν(
1289 5727 1493 5799 ιιὶνίηςιγ
1522 5729 1701 5785 modo.
1740 5748 1757 5780 ι
1816 5728 1945 5785 Vide

377 5796 486 5856 uut.
519 5798 609 5865 62,
632 5816 752 5870 pag.
780 5796 911 5867 228,
934 5811 988 5854 et
1014 5809 1127 5852 not.
1165 5796 1251 5862 9t),
1286 5814 1405 5867 pag.
1429 5796 1552 5851 251.

2052 4608 2158 4665 non
2189 4613 2446 4671 creditur,
2478 4608 2659 4661 divina
2686 4609 2957 4661 credatur.
3000 4625 3017 4657 ι

2124 4682 2201 4752 (1)
2242 4681 2518 4752 Dominus.
2564 4675 2706 4730 Psal.
2775 4675 3149 4752 iutt_,_vers._i_
3189 4684 3242 4731 et
3281 4676 3336 4730 2.
3381 4676 3623 4752 lndic_a_re

2051 4746 2264 4806 videiur
2297 4751 2573 4819 Didymus,
2612 4762 2747 4819 eaut
2784 4749 2834 4799 in
2864 4746 3223 4799 Alexandrina
3270 4762 3489 4819 quoque
3522 4750 3623 4802 Er-

2050 4822 2212 4875 clesia
2244 4815 2682 4874 consuetudinem
2721 4815 2909 4878 fuisse,
2955 4826 3013 4868 ut
3061 4829 3349 4881 caneretur
3385 4818 3621 4885 psalmus

2051 4891 2343 4946 vicesimus
2386 4890 2672 4950 secundus,
2734 4896 2827 4939 aut
2886 4887 3123 4938 nonnulli
3182 4888 3297 4953 ejus
3348 4889 3619 4952 versiculi,

2053 4976 2174 5013 cum
2208 4960 2463 5029 baptizati
2513 4972 2544 5029 e
2594 4972 2748 5011 sacro
2780 4957 2924 5009 fonte
2952 4959 3017 5008 ad
3046 4956 3217 5029 altare
3243 4972 3451 5010 sacram
3474 4974 3624 5011 suup

2054 5032 2196 5097 pturi
2233 5026 2624 5083 Eucharistiam
2653 5034 3048 5097 processerant.
3096 5026 3350 5080 Eamdem
3390 5042 3622 5080 consue-

2056 5093 2293 5153 tudinem
2326 5100 2562 5167 apertins
2599 5097 2801 5167 indicat
2845 5093 2901 5149 S.
2932 5096 3246 5167 Ambrosius
3286 5100 3335 5149 in
3380 5097 3515 5150 libro
3550 5097 3624 5152 De

2032 5170 2311 5238 mysteriis
2341 5165 2461 5236 cap.
2492 5167 2543 5220 8.
2579 5184 2598 5217 ι
2630 5166 2725 5238 llis
2752 5166 2954 5238 abluta,
2980 5165 3173 5238 inquit.
3201 5167 3351 5234 plebs
3376 5168 3524 5220 dives
3550 5170 3626 5238 iu-

2049 5235 2313 5310 Signibus,
2346 5235 2640 5310 ad’Cliristi
2675 5237 2945 5310 conteiidit
2970 5235 3187 5310 altaria,
3218 5239 3401 5290 dicens
3445 5252 3460 5288 :
3502 5255 3521 5286 ι
3558 5237 3625 5290 Ει

2051 5303 2287 5363 iiiiroibo
2308 5310 2373 5361 ad
2400 5308 2568 5359 altare
2601 5306 2763 5361 Dei...
2797 5322 2815 5355 ι
2852 5303 3008 5358 Venit
3033 5306 3215 5374 igitur,
3240 5316 3293 5360 et
3326 5310 3512 5361 videns
3536 5325 3624 5361 sa-

2050 5389 2390 5433 crosanctum
2447 5376 2617 5429 altare
2666 5377 3042 5442 compositum,
3110 5377 3421 5429 exclamans
3484 5380 3619 5429 ait:

2056 5469 2073 5499 ι
2110 5447 2318 5501 Parasti
2344 5449 2395 5501 in
2419 5458 2709 5514 conspectu
2741 5460 2859 5498 meo
2892 5458 3151 5514 mensam.
3186 5462 3205 5494 ι
3236 5446 3384 5500 lianc
3406 5448 3625 5514 loquen-

2052 5530 2159 5573 tem
2200 5518 2404 5571 iuducit
2442 5513 2605 5570 David
2638 5517 2821 5569 dicens
2854 5531 2868 5567 :
2908 5531 2926 5563 ε
2965 5513 3220 5568 Dominus
3251 5517 3422 5584 pascit
3463 5513 3567 5580 me,
3598 5533 3618 5566 ι

2049 5598 2156 5642 etc.
2190 5588 2321 5652 lino,
2364 5597 2422 5640 ut
2457 5588 2593 5641 scite
2621 5587 2980 5639 observarunt
3012 5587 3077 5636 ad
3117 5598 3236 5637 eum
3278 5585 3450 5638 locum
3496 5599 3619 5653 pag.

2051 5659 2175 5724 556,
2231 5656 2460 5730 Maurini
2517 5656 2787 5730 monachi,
2833 5653 3153 5730 Ambrosius
3201 5656 3414 5730 quoties
3456 5668 3624 5708 sacrae

2050 5724 2404 5785 Eucliaristia:
2439 5725 2704 5792 meminit,
2735 5726 2875 5780 hunc
2904 5724 3071 5778 etiam
3100 5727 3361 5791 psalmum
3389 5738 3624 5778 countie-

2051 5810 2244 5853 morat.
