4054 6404
536 316 638 374 7,·’1

1776 313 2009 370 DIDYMI
2049 313 2516 371 ALEXANDRINI

3659 315 3758 371 ἨΞ

534 434 615 504 (2)
654 434 707 488 in
753 440 1044 504 conspectu
1092 445 1216 486 meo
1282 444 1526 486 mensam
1577 433 1840 486 adversus
1887 445 2003 495 eos,
2082 432 2172 499 qui
2216 430 2473 485 tribulam
2549 427 2711 502 274
2763 443 2870 485 me.
2942 426 3289 498 impinguasti
3339 426 3394 481 in
3449 425 3566 482 oleo
3614 441 3762 497 caput

537 544 737 595 meum,
774 537 827 582 et
858 527 1107 595 poculum
1144 537 1293 581 tuum
1349 510 1627 582 inebrians
1660 540 1747 580 me
1783 539 1945 594 quam
1976 526 2265 593 optimum.
2303 544 2326 580 ι

606 620 729 688 Ipse
762 633 891 672 vero
928 619 1171 687 angelus,
1200 618 1290 686 qui
1323 632 1517 685 aquam
1553 615 1830 680 turbabat,
1866 629 2109 684 praecur-

2284 615 2393 668 Ka‘t
2425 615 2587 679 αὐτὸς
2614 615 2670 669 δὲ
2698 615 2727 668 ὁ
2758 613 2988 683 ἄγγελος
3014 616 3042 667 ὁ
3062 614 3123 667 τὸ
3153 614 3297 685 ὕδωρ
3321 613 3618 685 ταράσσων,
3642 616 3765 685 πρό-

536 731 629 771 sor
650 720 767 767 erat
807 712 1040 781 Spiritus
1075 710 1278 774 sancti;
1331 718 1493 777 atque
1550 708 1616 759 ad
1651 705 1768 776 ejus
1816 705 1993 775 angeli
2041 706 2117 761 si—

536 802 895 863 militudinem
930 802 1172 857 Joannes
1199 812 1253 857 et
1283 800 1509 869 angelus
1545 798 1754 853 Domini
1788 800 1867 867 (5)
1896 810 2118 854 vocatus

536 911 641 965 est,
672 910 726 953 et
754 909 1055 967 praeeursor
1092 893 1302 947 Domini
1334 892 1412 963 (4)
1444 891 1620 946 factus
1654 887 1772 955 fuit,
1803 898 1858 944 et
1880 891 1933 944 in
1961 892 2118 959 aquis

536 993 850 1063 baptizavit.
886 989 1133 1043 Clirisma
1169 985 1248 1055 (5)
1296 999 1446 1048 vero,
1480 998 1589 1053 quo
1630 982 1777 1037 uncti
1831 991 1958 1037 sunt
1992 997 2115 1037 cum

538 1085 720 1136 Aaron
770 1095 800 1133 a
847 1079 1014 1144 Mose,
1053 1087 1164 1131 tum
1210 1086 1473 1145 praeterea
1507 1089 1699 1129 omnes
1736 1072 1921 1138 etiam,
1962 1073 2051 1142 qui
2087 1086 2118 1127 e

539 1172 861 1228 sacerdotali
893 1185 1057 1225 cornu
1105 1167 1186 1237 (6)
1224 1168 1586 1235 ungebantur,
1618 1165 1818 1234 quique
1854 1178 1922 1218 ex
1971 1166 2116 1218 chri-

540 1275 715 1318 smate
767 1262 954 1316 cbristi
994 1259 1093 1331 (7),
1135 1259 1187 1313 id
1252 1266 1335 1311 est
1372 1257 1543 1318 uncti,
1599 1254 1927 1309 denominati
1972 1262 2117 1317 sunt,

545 1367 729 1426 typum
774 1352 996 1423 gerebat
1038 1348 1360 1405 sanctificati
1392 1346 1704 1401 chrismatis
1731 1345 1829 1415 (8),
1853 1345 1995 1413 quod
2021 1359 2119 1399 nos

545 1445 862 1513 accipimus.
925 1442 1034 1496 Etsi
1071 1441 1213 1494 enim
1266 1438 1624 1504 corporaliter
1673 1438 1777 1492 hoc.
1839 1435 1992 1500 ﬂuat,
2038 1446 2107 1489 ta-

545 1552 666 1590 men
703 1533 1015 1604 spiritaliter
1049 1533 1266 1600 prodest
1298 1529 1401 1601 (9).
1443 1529 1573 1583 Nam
1622 1527 1785 1582 simul
1819 1542 1883 1581 ac
1907 1528 2119 1580 venerit

546 1629 599 1682 in
630 1642 724 1682 cor
750 1636 991 1693 nostrum
1036 1623 1168 1678 ﬁdes
1209 1622 1535 1678 beatissima
1564 1618 1870 1685 Trinitatis,
1913 1627 1970 1673 et
1996 1634 2120 1673 ver-

2216 707 2413 778 δρομος
2455 702 2522 778 ἦν
2571 705 2665 759 τοῦ
2710 706 2865 773 ἁγίου
2910 705 3223 776 Πνεῦματος
3245 721 3257 734 ·
3295 698 3502 768 οὗτινος
3549 707 3764 775 ἀγγέλου

2216 800 2337 853 καθ’
2384 800 2675 870 ὁμοιότητα
2737 798 2989 869 Ἰωάννης
3042 799 3269 867 ἄγγελός
3322 815 3380 851 τε
3440 798 3532 851 τοῦ
3578 801 3766 872 Κυρίου

2217 890 2440 962 ἐκλήθη,
2473 892 2566 945 καὶ
2604 892 2906 964 πρόδρομος
2938 890 3153 959 ἐγένετο
3177 890 3270 943 τοῦ
3293 891 3576 952 Δεσπότου,
3604 891 3691 944 καὶ
3717 893 3769 944 ὲν

2218 983 2403 1036 ὕδασιν
2437 982 2747 1036 ἐϐάπτισεν.
2779 983 2891 1036 Καὶ
2933 982 2993 1035 τὸ
3034 982 3242 1053 χρίσμα
3272 982 3351 1045 δὲ,
3373 983 3509 1054 ὅπερ
3542 982 3771 1052 ὲχρίσθη-

2217 1090 2316 1126 σαν
2356 1072 2565 1144 Ἀαρών
2594 1090 2653 1125 τε
2681 1073 2784 1126 ὑπὸ
2804 1072 3100 1136 Μωῦσέως,
3138 1072 3218 1125 ἔτι
3246 1072 3351 1143 μὴν
3383 1072 3474 1126 καὶ
3502 1074 3691 1135 πάντες
3726 1072 3768 1125 οἳ

2217 1163 2325 1217 ἀπὸ
2359 1163 2450 1215 τοῦ
2492 1163 2763 1236 ἱερατικοῦ
2792 1164 3044 1234 κέρατος,
3078 1164 3127 1216 οἱ
3155 1162 3535 1233 ἐπικληθέντες
3560 1163 3662 1217 άπὸ
3687 1163 3772 1216 τοῦ

2217 1255 2516 1325 χρίσματος
2562 1255 2807 1327 χρηστοὶ,
2848 1254 3016 1307 τύπον
3072 1255 3231 1327 ἔφερε
3313 1254 3406 1308 τοῦ
3460 1255 3773 1325 ἡγιασμένου
3873 1262 3879 1272 “

2217 1347 2538 1419 χρίσματος,
2571 1338 2632 1399 οὗ
2664 1345 3013 1417 λαμϐάνομεν
3048 1347 3225 1416 ἡμεῖς.
3255 1345 3317 1397 Εἰ
3345 1344 3452 1415 γὰρ
3480 1346 3573 1398 καὶ
3601 1361 3775 1414 σωμα-

2217 1440 2387 1502 τικῶς
2415 1438 2571 1493 τοῦτο
2596 1440 2798 1511 τρέχει,
2839 1439 2952 1493 ἀλλ’
2981 1435 3073 1492 οὖν
3097 1437 3342 1508 ψυχικῶς
3365 1437 3581 1506 ὠφελεῖ.
3614 1436 3776 1490 Μόνον

2217 1548 2277 1584 τε
2302 1530 2411 1602 γάρ
2442 1530 2569 1602 ἔλθῃ
2608 1530 2736 1600 περὶ
2767 1531 2864 1601 τῆς
2899 1529 3298 1601 τρισμακαρίας
3348 1528 3574 1599 Τριάδος
3610 1525 3775 1588 πίστις

2221 1623 2278 1675 ὲν
2304 1620 2498 1692 καρδίᾳ
2532 1620 2710 1691 ἡμῶν,
2755 1622 2849 1673 καὶ
2878 1620 3030 1691 ρἧα
3054 1618 3419 1691 πνευματικὸν
3458 1620 3515 1670 ὲν
3545 1616 3776 1686 στόματι,

542 1720 669 1774 bum
706 1718 949 1787 spiritale
982 1717 1034 1771 in
1068 1731 1130 1771 os
1186 1715 1321 1786 (ill),
1362 1726 1418 1770 et
1472 1714 1777 1784 obsignatio
1823 1712 2028 1768 Christi
2065 1711 2118 1764 in

2223 1711 2315 1763 καὶ
2360 1709 2596 1780 σφραγὶς
2640 1708 2875 1779 Χριστοῦ
2922 1711 2979 1763 ὲν
3026 1706 3293 1779 μετώπῳθ
3323 1707 3483 1778 μόνον
3518 1705 3779 1776 βάπτισμα

543 1809 776 1862 frontem
843 1806 978 1877 (ll),
1045 1805 1205 1861 simul
1269 1814 1434 1874 atque
1490 1804 1793 1872 baptismus
1840 1811 2121 1870 susceptus

2223 1799 2565 1869 ὑποδέξηται,
2600 1798 2693 1851 καὶ
2716 1796 2779 1851 τὸ
2810 1797 3019 1868 χρίσμα
3055 1799 3232 1868 ρώσῃ’
3267 1794 3427 1857 εὐθὺς
3464 1793 3617 1855 ἵλεως
3642 1790 3779 1862 εὑρί-

541 1900 724 1965 fuerit,
772 1910 827 1953 et
863 1899 1099 1953 chrisma
1136 1914 1234 1953 nos
1270 1897 1679 1953 conﬁrmaverit
1741 1896 1875 1968 (ιὲ),
1913 1897 2118 1958 statim,

2225 1905 2432 1953 σκεται,
2450 1892 2483 1960 ἡ
2507 1889 2602 1959 τὴν
2625 1888 2786 1957 φύσιν
2811 1886 3128 1955 ἁγαθοδότις
3152 1886 3470 1958 ὑπάρχουσα
3493 1881 3656 1953 Τριάς
3674 1898 3686 1911 ·
3707 1881 3781 1932 εὐ-

544 1993 785 2061 inquam,
812 1991 1045 2060 propitia
1083 1990 1354 2043 invenitur
1377 2004 1498 2059 quae
1524 1998 1719 2041 natura
1743 1998 1829 2043 est
1856 1989 2118 2043 bonorum

2224 1982 2319 2044 θὺς
2344 1983 2474 2051 παρ’
2509 1983 2640 2052 ἡμῖν
2665 1980 2926 2050 καταντᾷ,
2965 1979 3099 2049 αὐτῇ
3132 1981 3199 2050 τῇ
3243 1980 3383 2049 ῥοπῇ
3412 1976 3480 2030 τὰ
3515 1974 3779 2046 ἀκάθαρτα

543 2081 787 2152 largitrix
822 2082 1097 2146 Trinitas;
1140 2081 1325 2135 statim
1362 2095 1426 2135 ea
1456 2082 1599 2149 apud
1657 2094 1757 2134 nos
1783 2080 1970 2143 venit;
2016 2092 2119 2133 eo-

2223 2074 2504 2145 πνεύματα
2533 2075 2640 2128 ἀπὸ
2677 2074 2787 2126 τῶν
2827 2070 3082 2141 καθαρῶν
3126 2071 3419 2141 ἀναχωρεῖ,
3460 2067 3781 2139 παραχρῆμα

545 2174 666 2227 dem
698 2182 975 2227 momento
1014 2172 1277 2226 immundi
1332 2171 1557 2241 spiritus
1606 2186 1638 2223 a
1684 2170 1899 2224 mundis
1941 2169 2119 2224 disce-

545 2262 701 2330 dunt,
730 2273 784 2318 et
831 2263 1117 2318 confestim
1172 2261 1443 2316 mundana
1497 2262 1709 2332 negotia
1753 2260 2031 2325 recedunt,
2067 2269 2121 2314 et

545 2355 858 2425 corporales
906 2354 1143 2424 cujusvis
1191 2355 1406 2423 generis
1437 2355 1714 2423 passiones
1744 2353 1902 2423 longe
1928 2339 2041 2425 (i5)
2090 2369 2119 2407 a

546 2449 705 2503 nobis
743 2448 962 2513 abeunt,
1007 2448 1188 2502 omnia
1251 2447 1449 2502 delicta
1489 2445 1860 2513 dimittuntur,
1906 2445 2123 2499 nomina

551 2549 735 2594 nostra
793 2537 1167 2594 indelebilibus
1219 2539 1273 2593 in
1325 2537 1478 2593 libris
1515 2538 1907 2602 inscribuntur,
1964 2536 2125 2607 275

549 2630 787 2686 roalestia
842 2630 996 2685 nobis
1034 2630 1174 2684 bona
1229 2630 1664 2699 dispensantur:
1718 2629 1855 2682 adeo
1890 2636 1951 2681 ut
2005 2629 2120 2694 ipsa

549 2716 812 2782 Trinitas,
850 2726 1132 2786 propterea
1166 2719 1310 2788 quod
1364 2717 1710 2772 ineliabiliter
1750 2726 1996 2787 prompta
2027 2717 2116 2781 sit,

547 2823 614 2864 ac
649 2809 871 2880 provida
903 2807 1215 2880 (M),atque
1240 2809 1296 2863 in
1328 2809 1484 2864 bonis
1509 2808 1947 2890 rebusomnibus
1968 2808 2121 2877 prin-

621 3003 698 3078 (g)
740 3003 978 3078 Parasti.
1004 2962 1151 3062 Psat.
1190 3021 1327 3069 xxn,
1357 3005 1535 3078 67(seu
1560 3005 1634 3077 5).
1659 3005 1825 3078 Lege,
1861 3006 1904 3060 si
1927 3004 2121 3078 placet.

2219 2166 2288 2219 τὰ
2320 2165 2559 2236 κοσμικὰ
2588 2164 2887 2235 πράγματα
2908 2163 3133 2233 οἴχεται,
3159 2163 3250 2215 καὶ
3272 2161 3338 2213 τά
3359 2158 3647 2228 σωματικά
3668 2175 3780 2211 πειν-

2217 2259 2335 2311 τοία
2368 2257 2511 2327 πάθη
2543 2254 2783 2309 ἐκποδὼν
2804 2254 3154 2307 καθίσταται·
3186 2252 3254 2306 τά
3280 2253 3596 2322 πταίσματα
3620 2250 3780 2303 πάντα

2226 2348 2468 2416 ἀφίεται,
2498 2348 2567 2400 τὰ
2592 2346 2832 2417 ὀνόματα
2857 2345 3011 2416 ἡμῶν
3035 2344 3443 2409 άνεξαλείπτοις
3464 2342 3781 2413 ὲγγράψεται

2229 2440 2453 2511 βίϐλοις,
2484 2438 2554 2491 τὰ
2582 2438 2812 2508 οὐράνια
2837 2437 2969 2508 ἡμῖν
2992 2436 3344 2505 ἐπιτρέπεται
3372 2436 3557 2503 ἀγαθά
3581 2452 3593 2464 ·
3618 2433 3690 2497 ὡς
3706 2431 3783 2486 διὰ

2223 2533 2324 2604 τὴν
2372 2531 2578 2600 ἄφατον
2624 2530 2793 2601 αὐτῆς
2837 2528 3180 2600 ἑτοιμότητα,
3211 2528 3306 2581 καὶ
3345 2525 3674 2599 προμηθίαν,
3699 2524 3783 2578 καὶ

2226 2625 2286 2677 τὸ
2314 2623 2515 2677 ἐθέλειν
2545 2623 2632 2675 ἀεὶ
2660 2623 2874 2676 πάντων
2913 2620 3093 2674 καλῶν
3134 2619 3461 2691 πρωτεύειν,
3501 2617 3785 2690 προφθάνε-

2227 2714 2349 2769 σθαι
2377 2716 2469 2767 ὑπ’
2494 2714 2661 2784 αὐτῆς
2681 2715 2774 2766 κα)⁵
2794 2712 2960 2784 αὐτὴν
2986 2713 3085 2784 τὴν
3108 2712 3312 2766 τοιάνδε
3338 2711 3596 2782 πρόθεσιν
3619 2710 3782 2781 ἡμῶν,

2226 2806 2261 2877 ἢ
2286 2804 2779 2877 προκατάρχεσθαι.
2809 2807 2919 2860 Καὶ
2953 2806 3041 2859 ἵνα
3077 2804 3373 2876 συλλήϐδην
3408 2805 3569 2871 εῐπω,
3599 2803 3784 2873 φυλάτ-

2236 3003 2488 3077 Dominus
2542 3004 2594 3057 in
2616 3005 2937 3077 ‘Evangelio
2984 3006 3380 3062 determinavit.
3418 3025 3438 3060 ι
3482 3007 3784 3063 Ambrosius

549 3075 610 3148 S.
634 3073 913 3131 Zenonem
948 3077 1042 3131 lib.
1075 3091 1137 3143 ιι,
1170 3084 1327 3130 tract.
1356 3073 1443 3145 14,
1474 3073 1605 3148 pag.
1650 3073 1777 3141 187,
1815 3073 1940 3131 haec
1962 3077 2124 3131 verba
2162 3141 2194 3148 _
2232 3088 2410 3129 autem
2440 3075 2572 3148 libro
2601 3073 2681 3129 De
2710 3073 2969 3145 myiterit's
2999 3077 3185 3148 cap.r5
3225 3094 3238 3130 :
3272 3096 3291 3128 ι
3328 3080 3657 3133 Descendisti
3692 3079 3782 3139 igi-

478 3174 491 3189 ο
550 3146 1013 3213 interpretantem.

646 3216 699 3285 5)
742 3217 963 3285 Angelus
1001 3215 1230 3272 Domini.
1262 3216 1425 3272 Maro.
1461 3234 1502 3284 ι,
1541 3216 1595 3271 2.
1659 3282 1663 3286 χ
1774 3264 1777 3267 ,

622 3216 700 3356 £4)
717 3282 1050 3356 ‘Prwiciursor
1083 3286 1317 3342 Domini.
1348 3285 1714 3342 Tertullianus
1735 3285 1777 3339 li‘

645 3282 1050 3368 4)nPriv_c_i_trsor
1083 3286 1317 3368 Domini.
1348 3282 1939 3368 Tertullianusl‘ibuDoe
1975 3285 2118 3367 bapt.

549 3353 671 3424 cap.
708 3353 779 3408 6:
812 3373 831 3406 ι
863 3355 959 3410 Hic
1012 3371 1227 3425 quoque
1280 3358 1446 3423 figura
1489 3357 1784 3427 prmeessit.
1841 3356 1932 3410 Sic
1976 3357 2121 3410 enim

547 3423 940 3505 _Joan_nes_ante
974 3441 1274 3505 prgcursor
1300 3426 1507 3481 Domini
1547 3426 1714 3505 fuit...
1749 3425 1834 3505 .itIa
1869 3435 1924 3505 et
1955 3439 2122 3505 ange-

549 3495 634 3549 lus
674 3496 945 3565 baptismi
974 3494 1178 3565 arbiter
1227 3505 1614 3563 snperventnro
1670 3494 1894 3565 Spiritui
1935 3504 2124 3549 sancto

550 3566 666 3618 vias
693 3564 876 3628 dirigit
904 3564 1179 3619 ablutione
1204 3566 1539 3621 delictorum.
1586 3583 1605 3616 ι

625 3631 720 3704 (5)-
739 3632 999 3704 chrisma.
1030 3633 1193 3689 Plane
1244 3636 1437 3690 similia
1492 3632 1708 3704 scripsit
1762 3631 2124 3704 Tertullianns

553 3701 649 3756 lib.
687 3701 760 3754 De
787 3703 928 3774 (rapi.
984 3718 1104 3770 cap.
1131 3704 1182 3757 7.
1223 3723 1241 3755 ι
1287 3704 1498 3774 Egressi
1546 3701 1632 3774 d'e‘,
1659 3704 1898 3774 lavacro,
1929 3702 2121 3774 inquit,

553 3772 944 3840 perungtlitltttt‘
994 3774 1277 3828 benedicta
1322 3772 1576 3828 tinctione
1605 3773 1671 3826 de
1706 3772 1929 3840 pristina
1966 3773 2125 3826 disci-

554 3842 720 3908 plina,
751 3855 853 3909 qna
882 3843 1044 3911 tingui
1070 3841 1191 3897 oleo
1220 3845 1287 3897 de
1315 3858 1481 3897 cornu
1507 3843 1558 3895 itt
1583 3842 1939 3895 sacerdotium
1983 3843 2125 3895 sole-

556 3914 702 3964 bant.
724 3912 814 3983 bat
841 3926 948 3978 quo
970 3914 1148 3983 Aaron
1171 3929 1201 3966 a
1230 3912 1409 3983 Moyse
1440 3922 1631 3965 unctus
1652 3922 1754 3974 est,
1791 3911 1934 3967 unde
1965 3911 2124 3967 Chri-

556 3991 675 4052 Silis:
702 3980 901 4052 dicitur
926 3995 956 4033 a
981 3982 1292 4052 chrismate,
1316 3980 1462 4052 quod
1491 3991 1573 4034 est
1608 3982 1810 4052 unctio.
1828 3998 1870 4052 ﬁ)

627 4049 702 4121 (6)
743 4049 942 4121 Cornu.
1002 4050 1138 4105 Vide
1205 4050 1223 4104 Ι
1277 4049 1406 4121 Rég.
1446 4067 1568 4117 xw,
1621 4051 1645 4104 1
1699 4059 1754 4104 et
1795 4050 1880 4117 15,
1930 4059 1987 4105 et
2036 4050 2122 4116 lll,

555 4119 692 4189 Reg.
735 4136 772 4181 I,
829 4119 920 4185 59,
974 4130 1083 4176 etc.
1126 4121 1201 4176 De
1264 4119 1518 4176 unctione
1569 4134 1696 4174 vero
1736 4121 1965 4176 Aarouis
2006 4123 2128 4176 vide

553 4183 727 4245 Levil.
756 4205 875 4245 vm.
913 4191 996 4245 12.

600 4193 727 4242 evil.
756 4205 875 4251 vni,
913 4193 996 4245 l2.

625 4260 699 4331 (7)
743 4258 962 4315 Christi.
1022 4260 1226 4319 Codex.
1260 4261 1509 4332 χρηστοί,
1539 4259 1609 4332 _id
1642 4268 1744 4323 est,
1782 4277 1802 4310 ι
1848 4259 2030 4332 faciles
2073 4267 2128 4314 et

553 4329 789 4400 benigni.
829 4348 848 4380 ι
891 4329 1311 4402 δείιηιοεοιιιίιιιιῖ
1338 4329 1569 4402 χριστοί,
1602 4339 1661 4385 ιιι
1681 4339 1831 4399 puto.
1868 4331 1997 4385 Vide
2032 4345 2129 4385 no-

554 4414 638 4455 tas
665 4403 730 4452 ad
758 4416 924 4469 segni.
961 4401 1062 4455 170
1091 4402 1137 4454 b.

2150 3141 2195 3201 (Ξ
2229 3154 2336 3207 tur,
2365 3147 2649 3199 recordare
2675 3141 3197 3216 qttiitirespondmis,
3230 3148 3370 3216 quod
3397 3150 3591 3203 credas
3616 3151 3665 3202 in
3694 3148 3785 3200 Pa-

2228 3224 2387 3278 trem,
2436 3216 2629 3269 credas
2686 3219 2738 3269 in
2783 3215 3003 3285 Filium,
3029 3219 3221 3273 credas
3250 3215 3326 3272 in
3376 3218 3636 3288 Spiritum
3670 3234 3783 3274 san-

2223 3293 2390 3340 ctum.
2435 3303 2454 3336 ι

2295 3352 2759 3425 (171)70bst'gnatio
2807 3354 3005 3411 Christi
3054 3358 3111 3410 in
3159 3356 3404 3425 frontem.
3456 3357 3514 3411 Id
3571 3358 3781 3423 scilicet,

2222 3424 2743 3496 quodiPrudentius
2790 3426 2844 3480 in
2902 3424 3310 3496 Psychomochia
3363 3438 3524 3483 vocat
3560 3447 3578 3480 t
3609 3429 3785 3483 inscri-

2225 3492 2315 3565 pta
2350 3495 2468 3549 oleo
2498 3492 2658 3565 fronti
2691 3492 2995 3564 signacula}
3040 3515 3059 3547 ι
3095 3498 3234 3565 quod
3266 3497 3519 3553 Clemens
3561 3499 3781 3563 Alexan-

2224 3563 2413 3637 drinus
2440 3564 2586 3637 apud
2602 3563 2887 3637 Eusebium
2908 3566 3002 3637 ιιι).
3032 3582 3091 3620 ιιι
3114 3563 3264 3622 Hist.
3299 3568 3427 3637 ccci.
3458 3584 3580 3637 cap.
3612 3569 3678 3621 2t)
3704 3583 3782 3635 ap-

2222 3634 2388 3702 pellat
2410 3635 2510 3706 τὴν
2539 3633 2811 3706 σφραγῖδα
2843 3633 2936 3688 τοῦ
2964 3636 3192 3706 Κυρίου,
3227 3637 3277 3691 id
3305 3635 3387 3692 es't
3421 3656 3440 3688 α
3474 3633 3786 3706 obsignatio-

2223 3718 2378 3778 l_te_m_
2408 3705 2710 3778 Domini};
2752 3706 2891 3778 quod
2956 3705 3266 3778 Cyprianus
3315 3709 3381 3778 in
3440 3705 3668 3777 epistOIa
3724 3708 3783 3778 ad

2224 3771 2544 3846 iubaianum
2588 3771 2781 3846 dicitit‘
2810 3771 3145 3846 sigtiactiluin
3181 3771 3552 3846 dominicum;
3597 3796 3615 3828 ι
3653 3777 3785 3846 quod

2225 3842 2589 3915 Tertullianus
2623 3845 2825 3915 indicat
2846 3845 2897 3897 in
2923 3844 3059 3899 libro
3084 3845 3163 3901 De
3190 3842 3787 3915 prwscriplionibus-hw-

2225 3912 2506 3983 reticorum
2534 3927 2652 3982 cap.
2681 3913 2750 3968 60
2774 3914 2856 3968 his
2884 3915 3064 3970 verbis
3095 3929 3111 3969 :
3151 3933 3170 3967 ι
3190 3912 3532 3983 ’δὶεηιιιὶηἱο
3565 3918 3616 3972 in
3646 3918 3785 3971 fron-

2227 3981 2372 4056 tibus
2420 3981 2616 4056 milites
2645 3998 2802 4056 suos;
2838 4001 2857 4035 ι
2890 3986 3030 4056 quod
3072 3981 3286 4056 demum
3323 3986 3583 4056 Didymus
3609 3990 3717 4056 ipse
3739 3987 3786 4039 in

2226 4051 2346 4127 loco
2372 4053 2599 4127 necdum
2629 4053 2792 4127 edito,
2812 4051 3051 4127 sed‘mox
3075 4064 3197 4127 nota
3227 4055 3316 4127 ἐξ,
3348 4051 3469 4127 pag.
3494 4051 3788 4122 278,'eden-

2227 4123 2295 4175 do
2319 4131 2475 4194 vocat
2500 4122 2563 4194 τὸ
2582 4123 2675 4177 ἐπὶ
2697 4122 2949 4194 μετώπου
2978 4126 3221 4194 σημεῖον.
3246 4122 3369 4179 Ideo
3391 4122 3569 4181 autem
3601 4146 3618 4179 ι
3651 4127 3779 4182 obsi-

2226 4191 2408 4267 gnatio
2436 4191 2713 4267 inicitur,
2758 4196 2909 4267 quod
2952 4194 3003 4246 in
3034 4191 3113 4247 ’ea
3158 4197 3409 4267 unctione
3466 4215 3485 4247 ε
3524 4197 3730 4267 signum
3763 4212 3783 4247 ι

2228 4263 2408 4334 crucis
2441 4261 2793 4334 ab_episcopo
2831 4261 3146 4334 eﬂ‘ormetur
3181 4282 3193 4317 :
3232 4279 3339 4334 qua
3373 4266 3438 4318 de
3471 4261 3635 4321 causa
3667 4268 3788 4321 Ter-

2230 4329 2485 4406 tullianus
2519 4329 2790 4406 ineodém
2832 4331 2972 4406 libro
3018 4334 3152 4406 dixit
3176 4329 3361 4393 etiam.
3405 4353 3424 4386 ι
3458 4351 3598 4404 aqua
3620 4338 3789 4406 signa-

2231 4413 2311 4463 re,
2345 4418 2363 4451 ι
2391 4401 2714 4476 baptismum
2744 4402 3057 4476 reSpiciens.
3093 4403 3355 4476 Caeterum
3386 4401 3562 4476 neque
3591 4401 3790 4460 unctio.

623 4469 698 4540 (8)
739 4469 1066 4539 Sanctiﬁcati
1101 4472 1419 4541 chrismatis.
1445 4470 1851 4526 Sanctificalum
1894 4469 2127 4524 chrisma
2160 4475 2206 4530 D
2236 4483 2357 4524 nem
2399 4471 2732 4541 verticalem,
2777 4469 2952 4541 neque
2981 4473 3375 4540 impositionem
3422 4469 3678 4530 manuum
3708 4476 3790 4529 hic

555 4542 687 4595 dicit
722 4543 792 4604 id,
827 4543 969 4609 quod
1011 4556 1039 4592 a
1085 4540 1354 4609 Cypriane
1400 4545 1452 4594 in
1493 4541 1719 4609 epistola
1761 4556 1865 4594 Lxx
1905 4550 2128 4593 vocatur

559 4631 579 4662 ε
616 4612 790 4663 oleum
822 4611 1238 4667 sanctificatum.
1279 4630 1298 4661 ι
1342 4627 1370 4664 a
1406 4611 1737 4665 Tertulliani)
1783 4629 1801 4660 ‹
1846 4610 2126 4664 benedicta

555 4682 758 4750 unctio,
798 4699 817 4730 ι
847 4695 876 4732 a
905 4680 1200 4748 Theopliilo
1236 4679 1289 4734 in
1317 4683 1490 4750 primo
1530 4683 1597 4734 ad
1633 4680 1943 4750 Autolycum
1977 4694 2124 4733 nunt.

556 4750 646 4812 1‘2,
671 4749 846 4803 ἔλαιον
870 4749 1024 4814 Θεοῦ,
1057 4752 1105 4802 id
1130 4762 1232 4815 est,
1263 4770 1282 4802 ι
1320 4749 1408 4803 Dei
1432 4753 1631 4814 oleum,
1664 4767 1682 4801 ι
1719 4749 1811 4803 seti
1841 4769 1859 4799 ι
1889 4750 2125 4802 divinum

554 4823 762 4890 oleum,
791 4839 809 4870 ι
840 4837 867 4871 a
898 4820 1097 4890 Basilio
1125 4821 1217 4873 lib.
1247 4820 1325 4875 De
1346 4819 1437 4890 Sp.
1467 4832 1647 4874 sancto
1677 4834 1794 4887 cap.
1822 4819 1914 4883 27,
1951 4817 2128 4890 ἔλαιον

555 4889 653 4959 τῆς
674 4889 906 4960 χρίσεως
928 4888 1309 4959 εὐλογημένον,
1338 4888 1393 4943 id
1415 4903 1498 4945 est
1524 4910 1543 4942 t
1583 4892 1921 4944 benedictum
1952 4889 2126 4960 oleum

558 4959 846 5030 nnctIOnis,
885 4977 904 5009 ι
933 4969 987 5012 et
1018 4962 1088 5030 ab
1115 4961 1427 5015 lnnocentio
1477 4961 1649 5030 primo
1697 4961 1749 5013 in
1786 4960 2010 5029 epistola
2060 4959 2128 5013 ad

562 5028 871 5082 Decentium
915 5043 1033 5097 cep.
1059 5029 1114 5094 '5,
1152 5048 1171 5079 ‹
1203 5030 1453 5086 Cltrisma
1487 5028 1577 5085 ab
1621 5032 1803 5100 episco
1826 5028 2129 5084 consecra-

560 5107 692 5151 tum.
732 5116 751 5147 ι

629 5167 702 5239 (ρ)
745 5164 860 5239 Etsi
883 5167 1084 5239 enim...
1114 5170 1341 5235 prodest.
1378 5169 1649 5239 Legnntur
1679 5170 1793 5223 hinc
1818 5170 1884 5223 ad
1905 5169 2127 5224 verbum

560 5235 613 5307 in
640 5235 959 5307 Tertulliani
986 5237 1120 5291 libro
1154 5239 1226 5292 De
1252 5240 1394 5305 bapt.
1427 5235 1544 5307 cup.
1569 5241 1622 5294 7.
1656 5258 1674 5291 ι
1718 5240 1811 5294 Sic
1842 5249 1897 5294 et
1938 5243 1989 5293 in
2029 5256 2129 5292 no-

561 5306 890 5428 bis,rinqnit,
923 5309 1214 5363 carnaliter
1250 5310 1420 5364 currit
1462 5306 1666 5376 unctio,
1693 5313 1786 5364 sed
1815 5311 2131 5380 spiritaliter

561 5390 658 5428 nro
680 5387 792 5428 icit.
825 5394 844 5427 ι

559 5387 792 5445 prolicit.
821 5394 844 5445 ρ

631 5448 742 5517 (16)
796 5444 1176 5517 Verbumispir.
1214 5448 1270 5500 in
1300 5464 1377 5501 os.
1420 5447 1819 5516 Responsiones
1845 5447 1962 5502 illas
1993 5449 2132 5504 indi-

559 5516 666 5587 cat,
691 5519 754 5587 de
789 5516 981 5587 quibus
1008 5516 1372 5571 Tertulliauus
1403 5520 1452 5571 in
1492 5517 1628 5572 libro
1660 5521 1733 5571 De
1761 5534 1977 5580 corona,
2004 5534 2126 5587 cap.

564 5585 1001 5652 5,5icloquiiur:
1032 5604 1050 5637 t
1082 5588 1289 5653 Aquam
1325 5588 1587 5640 adituri...
1615 5590 1715 5641 sub
1744 5585 2132 5641 antistitisnta—
2194 5613 2216 5653 ε,

565 5670 633 5706 nu
668 5648 1035 5708 comestamur
1064 5648 1162 5708 nos
1194 5658 1501 5711 renuntiare
1522 5658 1798 5710 diabolo...
1828 5656 2022 5711 deliine
2051 5667 2132 5713 ter
2176 5648 2215 5725 τ)

567 5725 912 5791 mergitamur
963 5725 1194 5795 amplius
1241 5725 1441 5793 aliquid
1503 5728 1905 5795 respondentes,
1965 5741 2129 5798 quam
2170 5770 2194 5777 -

2237 4550 2500 4612 memorat
2538 4540 2795 4612 Didymus
2827 4540 2994 4611 {quae
3020 4544 3128 4598 duo
3167 4553 3343 4597 tamen
3372 4545 3439 4600 ab
3464 4547 3587 4601 aliis
3623 4545 3791 4600 Patri-

2229 4608 2330 4663 bus
2356 4608 2872 4666 commemorantur.

2303 4678 2414 4748 (l2)
2454 4678 2873 4749 Conﬁrmaveril.
2899 4680 3029 4745 Seu,
3063 4699 3083 4733 ι
3112 4683 3278 4737 robur
3302 4698 3366 4738 ac
3403 4683 3551 4739 vires
3582 4684 3792 4740 addide-

2230 4750 2320 4803 rit.
2361 4769 2379 4800 ι
2429 4751 2715 4819 Antiquius
2756 4761 3195 4816 monumentum,
3247 4768 3354 4820 quo
3403 4755 3615 4809 ostendi
3664 4757 3793 4806 solet

2231 4828 2472 4874 vetustas
2498 4820 2641 4874 illius
2670 4821 3100 4889 nuncupatiunis,
3123 4838 3223 4890 qua
3239 4832 3638 4879 sacramentum
3666 4824 3790 4876 boc-

2232 4905 2313 4956 ce,
2345 4891 2410 4943 de
2438 4904 2544 4958 quo
2577 4890 2852 4960 Didymus,
2880 4891 3266 4963 (“curitirmatio
3300 4910 3321 4943 ι
3358 4892 3677 4963 appellatur,
3704 4892 3791 4963 de:

2231 4969 2533 5028 promptum
2559 4969 2643 5014 est
2673 4975 2739 5013 ex
2763 4960 2990 5014 concilio
3011 4961 3346 5016 Arausicano
3372 4960 3495 5016 anni
3528 4963 3655 5016 441.
3692 4961 3791 5016 Sed

2232 5039 2358 5084 ante
2384 5030 2664 5100 Didymum
2707 5029 3069 5087 Tertullianus
3108 5032 3161 5085 in
3191 5032 3326 5086 libro
3353 5031 3429 5086 De
3458 5033 3791 5087 resurrectio-

2232 5115 2295 5153 ne
2342 5103 2514 5153 carnis
2545 5114 2663 5168 cap.
2694 5100 2728 5155 8
2762 5101 3005 5155 eamdem
3059 5101 3389 5156 indicaverat
3450 5104 3533 5157 bis
3571 5100 3789 5156 verbis:

2237 5186 2257 5216 ο
2288 5168 2433 5223 Caro
2473 5181 2711 5239 ungitur,
2739 5181 2800 5225 ut
2821 5173 3000 5224 anima
3031 5182 3423 5228 consecretur:
3456 5187 3586 5226 caro
3617 5173 3784 5241 signa-

2235 5249 2340 5303 tur,
2384 5249 2443 5293 ut
2491 5251 2548 5293 et
2596 5243 2775 5295 anima
2829 5241 3121 5296 muniatur.
3177 5260 3197 5292 ›
3237 5241 3379 5296 Idem
3442 5246 3586 5297 enim
3634 5241 3784 5300 valet.

2238 5328 2258 5360 ι
2289 5310 2583 5374 muniatur,
2618 5328 2636 5362 ι
2676 5322 2839 5379 atque
2880 5329 2899 5363 ι
2929 5312 3294 5377 confirmetur,
3326 5330 3345 5362 ι
3384 5328 3475 5367 seu
3517 5330 3536 5361 ι
3581 5312 3787 5365 robore—
3823 5306 3832 5318 '

2180 5426 2183 5429 γ
2233 5389 2338 5432 tur.
2380 5395 2399 5429 ι
2434 5381 2598 5433 Ducta
2627 5391 2709 5433 est
2741 5391 2918 5435 autem
2949 5395 3010 5434 ea
3040 5381 3235 5435 locutio
3269 5397 3335 5436 ex
3366 5382 3570 5447 Bibliis,
3599 5382 3651 5435 in
3680 5380 3790 5449 qui-

2232 5451 2332 5503 bus
2367 5452 2562 5516 passim
2595 5450 2825 5516 Spiritus
2861 5461 3079 5504 sanctus
3113 5466 3211 5506 nos
3244 5470 3263 5503 t
3299 5453 3649 5516 confirmare,
3679 5463 3790 5505 cor-

2232 5520 2515 5580 roborare,
2547 5517 2854 5574 confortare
2884 5539 2903 5571 ›
2941 5521 3156 5574 dicitur.

2302 5587 2415 5660 (15)
2453 5586 2648 5660 Longe.
2674 5589 2875 5653 Codex,
2904 5590 3166 5645 ἐκποδῶν.
3200 5591 3341 5660 Lego
3377 5589 3635 5646 ἐκποδών.

2303 5656 2416 5727 (14)
2461 5657 2707 5732 Provida.
2764 5660 2975 5732 Codex2
3048 5656 3358 5732 προμηθίαν
3424 5679 3518 5732 pro
3562 5656 3789 5732 ηπρομίΓ

2234 5726 2403 5793 θειαν,
2448 5729 2517 5783 ob
2556 5744 2715 5815 quam
2763 5730 2905 5786 Deus
2944 5728 3010 5785 Ο.
3051 5726 3121 5786 Μ.
3154 5726 3182 5787 ἐι
3214 5726 3544 5790 Ter-tulliano
3578 5751 3597 5783 ι
3627 5726 3788 5785 ’νιξιυι
