4054 6406
505 316 613 372 ’⁷15

1737 312 1970 370 DIDYMI
2011 315 2484 375 ALEXANDRINI

3640 318 3734 374 7l6

498 447 627 496 sunt
653 436 704 489 in
738 435 901 489 vitam
960 434 1012 488 iu
1038 432 1335 490 Jerusalem
1368 451 1382 488 :
1417 435 1540 503 quia
1591 436 1771 492 abluet
1813 440 2064 493 Dominus

2173 439 2230 490 ἐν
2284 435 2562 507 Πνεύματι
2613 433 2845 503 κρίσεως
2878 432 2974 487 καὶ
3014 432 3072 487 ἐν
3108 431 3387 505 Πνεύματι
3419 430 3679 498 καύσεως.
3712 454 3733 487 ι

498 528 690 583 sordes
719 526 952 579 ﬁliorum
980 534 1034 580 et
1079 525 1314 581 ﬁliarum
1347 524 1500 590 Sion,
1525 534 1580 579 et
1610 529 1926 597 sanguinem
1955 531 2068 601 (23)

495 616 814 673 emuttdabit
855 632 921 672 ex
965 618 1141 673 medio
1188 633 1377 673 eorum
1426 620 1477 673 in
1514 618 1717 689 Spiritu
1764 620 1977 689 judicii,
2019 634 2074 677 ct

497 712 552 765 in
590 709 795 778 Spiritu
830 710 1067 765 ardoris.
1109 729 1128 763 ι
1163 710 1244 765 Ac
1279 709 1472 766 Petrus
1499 724 1557 767 ut
1582 718 1834 768 ostendat
1870 715 1923 769 in
1955 714 2070 784 pri-

498 817 587 858 ma
618 801 879 871 Epistola,
907 803 1071 873 quod,
1113 802 1159 858 si
1195 803 1321 858 olim
1362 804 1683 873 baptismus,
1711 807 1801 874 qui
1851 807 1902 859 in
1954 823 2072 860 utn-

500 896 598 950 bra
630 904 767 959 erat,
804 896 1073 962 salvabat,
1114 896 1282 950 multo
1312 898 1486 968 magis
1511 897 1598 952 ille
1626 898 1944 968 baptismus,
1977 900 2069 972 qui

497 987 663 1041 estin
698 987 949 1054 veritate,
999 1002 1101 1042 nos
1134 987 1470 1042 immortales
1514 988 1713 1054 reddit,
1752 998 1805 1043 et
1856 990 2074 1043 deiﬁcat

499 1078 636 1149 (24),
680 1079 898 1148 scripsit
955 1080 1026 1133 ita
1066 1097 1083 1133 :
1134 1097 1152 1130 t
1190 1078 1343 1147 Quod
1400 1088 1457 1133 et
1498 1094 1591 1133 vos
1616 1078 1728 1148 (‘25)
1757 1080 2066 1151 antitypum

501 1175 635 1243 (aut,
680 1173 875 1228 similis
929 1172 1134 1244 formae)
1194 1188 1337 1229 nunc
1395 1174 1569 1229 salvat
1613 1173 1905 1244 baptisma,
1959 1186 2069 1225 nou

499 1266 679 1320 carnis
706 1265 970 1335 depositio
999 1266 1260 1332 sordium,
1293 1266 1388 1321 sed
1429 1266 1777 1321 conscientia:
1800 1265 1957 1319 bona:
1985 1263 2069 1316 in-

501 1358 794 1427 terrogatio
824 1358 875 1411 iu
912 1358 1100 1423 Deum,
1132 1372 1227 1427 per
1261 1361 1708 1413 resurrectionem
1743 1356 1870 1412 Jesu
1902 1355 2065 1411 Chri-

497 1450 589 1511 ειί,
619 1447 710 1517 qui
740 1446 877 1501 sedit
935 1447 1047 1517 (26)
1105 1447 1159 1500 in
1204 1448 1425 1502 dextera
1496 1450 1588 1503 Dei
1642 1448 1754 1520 (27)
1796 1448 2070 1517 profectus

500 1538 551 1591 itt
586 1539 805 1604 caelum,
854 1540 1112 1610 subjectis
1167 1540 1268 1594 sibi
1319 1540 1543 1610 angelis,
1579 1551 1635 1596 et
1689 1541 2066 1611 potestatibus,

456 1666 461 1667 ν
494 1640 547 1683 et
580 1630 892 1684 virtutibus.
945 1650 964 1681 ι
1021 1630 1191 1684 Porro
1227 1650 1244 1682 t
1275 1631 1751 1701 interrogationem
1777 1630 1829 1684 in
1858 1631 2020 1685 Deum
2044 1648 2064 1681 ›

495 1720 625 1772 dicit
680 1721 1029 1775 conscientia!
1073 1720 1471 1776 confessionem
1509 1723 1629 1791 (seu
1677 1722 2068 1791 professionem

2175 528 2285 581 Καὶ
2320 528 2406 580 ἴνα
2429 526 2580 600 δείξῃ
2608 525 2811 596 Πέτρος
2834 525 2892 577 ἐν
2909 527 2975 595 τῇ
3000 523 3192 597 πρώτῃ
3236 524 3545 594 Ἐπιστολῇ,
3578 523 3669 589 ὡς,
3693 528 3739 580 εί

2171 622 2231 673 τὸ
2271 619 2562 689 γενόμενόν
2596 634 2726 671 ποτε
2762 619 2823 670 ἐν
2852 619 2978 689 σκιᾷ
3012 616 3295 687 βάπτισμα
3330 614 3556 680 ἔσωζεν,
3598 617 3739 687 πόσῳ

2176 710 2374 781 μᾶλλον
2396 710 2456 763 τὸ
2476 710 2765 779 γενόμενον
2788 711 2846 762 ἐν
2870 708 3103 781 ἀληθείᾳ
3126 707 3467 763 ἀπαθανατοί
3490 706 3583 760 καὶ
3615 710 3740 761 ἀπο-

2173 801 2285 854 θεοί
2336 803 2503 872 ἡμᾶς,
2539 801 2663 873 [127
2704 801 2759 871 α]
2794 800 3030 870 ἔγραψεν
3061 799 3266 862 οὕτως·
3304 818 3323 849 ι
3366 800 3434 850 '0
3481 797 3570 851 καὶ
3606 798 3739 867 ὑμᾶς

2172 892 2459 945 ἀντίτυπον
2496 892 2593 945 νῦν
2621 889 2784 954 σώζει
2815 890 3116 960 βάπτισμα,
3154 890 3215 942 ού
3250 887 3452 961 σαρκὸς
3496 888 3741 951 ἀπόθεσις

2173 982 2368 1052 ῥύπου,
2422 982 2556 1035 ἀλλά
2611 982 2962 1053 συνειδήσεως
3014 981 3227 1050 ἀγαθῆς
3274 978 3610 1050 ἐπερώτημα
3666 982 3741 1043 είς

2171 1072 2302 1125 Θεὸν
2334 1071 2399 1124 δι’
2426 1072 2774 1135 ἀναστάσεως
2810 1069 2984 1141 Ἰησοῦ
3023 1069 3283 1142 Χριστοῦ,
3325 1070 3476 1134 ὅστις
3501 1070 3741 1124 ἐκάθισεν

2171 1164 2230 1217 ἐν
2263 1163 2411 1234 δεξιᾷ
2440 1162 2533 1215 τοῦ
2570 1163 2704 1216 Θεοῦ
2745 1162 3031 1234 πορευθεὶς
3062 1164 3141 1226 εἰς
3171 1162 3418 1232 οὐρανὸν,
3454 1163 3739 1231 ὑποταγέν-

2170 1270 2276 1307 των
2315 1253 2463 1323 αὑτῷ
2512 1255 2783 1322 ἀγγέλων,
2815 1256 2907 1307 καὶ
2941 1252 3219 1317 ἐξουσιῶν,
3253 1254 3347 1305 καὶ
3381 1252 3678 1322 δυνάμεων.
3719 1271 3736 1303 ι

2183 1340 2551 1414 Ἐπερώτημα
2593 1343 2648 1396 δὲ
2685 1344 2834 1412 λέγει
2882 1346 2963 1406 εἰς
3008 1343 3139 1396 Θεὸν
3195 1342 3294 1413 τὴν
3325 1341 3612 1414 ὁμολογίαν
3647 1342 3742 1412 τῆς

2173 1438 2547 1503 συνειδήσεως,
2577 1439 2644 1510 ἣν
2687 1438 3035 1509 ἐκτιθέμεθα,
3085 1439 3454 1509 συντιθέμενοι
3494 1438 3742 1509 βαπτίζε-

2172 1529 2296 1583 σθαι
2329 1531 2409 1593 είς
2434 1530 2673 1601 Πατέρα,
2703 1530 2798 1583 καὶ
2830 1530 2978 1593 Υίὸν,
3020 1531 3114 1584 καὶ
3140 1530 3292 1599 ἆγιον
3331 1531 3577 1603 Πνεῦμα,
3610 1529 3745 1585 κατά

2168 1622 2267 1692 τὴν
2303 1621 2397 1674 τοῦ
2428 1620 2634 1691 Κυρίου
2668 1623 2872 1693 φωνήν.
2911 1622 3143 1685 Ἡσαΐας
3166 1618 3259 1675 οῦν
3300 1618 3457 1687 αὖθις
3488 1623 3588 1695 βοᾷ
3615 1623 3743 1694 πρὸς

2170 1716 2295 1778 τοὺς
2328 1714 2403 1786 μὴ
2432 1714 2789 1779 πιστεύοντας
2816 1715 2893 1786 τῷ
2922 1714 3061 1786 ἀγίῳ
3092 1715 3387 1787 Πνεύματι,
3412 1718 3505 1771 καί
3527 1718 3612 1770 διὰ
3637 1716 3747 1770 τοῦς

497 1811 642 1881 lidei)
674 1825 832 1879 quam
866 1813 1209 1882 exponimus,
1245 1828 1367 1867 cum
1404 1816 1759 1869 convenimus
1808 1823 1867 1868 ut
1894 1814 2064 1883 bapti-

2167 1824 2229 1860 το
2252 1808 2326 1878 μὴ
2356 1806 2578 1877 ἔχοντας
2598 1806 2696 1879 τὴν
2724 1808 3021 1878 μέλλουσαν
3053 1808 3419 1879 κληρονομίαν
3439 1825 3450 1837 ·
3492 1828 3512 1859 ι
3543 1808 3743 1873 Ἔστιν,

494 1916 681 1955 zemur
712 1904 765 1955 itt
795 1902 1031 1970 Patrem,
1059 1916 1114 1958 et
1145 1903 1363 1969 Filium,
1414 1913 1471 1959 et
1516 1905 1776 1975 Spiritum
1818 1915 2064 1961 sanctum

2169 1897 2354 1967 φησὶν,
2404 1897 2738 1969 κληρονομία
2786 1902 2901 1962 τοῖς
2959 1898 3319 1970 θεραπεύουσι
3378 1900 3608 1972 Κύριον,
3656 1901 3745 1953 καὶ

492 2001 641 2046 ~uxta
676 1992 886 2048 Domini
927 1996 1266 2050 mandatum.
1309 1995 1475 2051 Isaias
1524 2010 1653 2066 ergo
1698 1999 1764 2050 ad
1811 2012 1925 2057 eos,
1976 1997 2064 2065 qui

2170 1991 2328 2061 ὑμεῖς
2362 1989 2547 2043 ἔσεσθε
2572 1990 2791 2053 δίκαιοι,
2826 1991 2974 2059 λέγει
3009 1991 3231 2063 Κύριος.
3257 1994 3320 2045 Οἱ
3343 1992 3624 2062 διψῶντες,
3654 2011 3744 2046 πο-

494 2084 719 2155 Spiritui
781 2096 970 2143 sancto
1003 2103 1107 2141 non
1169 2089 1417 2155 credunt,
1471 2088 1696 2156 ideoque
1754 2103 1860 2141 nou
1905 2087 2071 2141 habe-

495 2178 629 2232 bunt
661 2187 942 2233 venturam
998 2180 1387 2243 hmrcditatem,
1432 2181 1513 2235 sic
1561 2196 1754 2235 rursus
1808 2181 2005 2235 clamat
2051 2198 2066 2235 :

500 2291 518 2321 ι
554 2271 647 2325 Est
671 2268 804 2342 (28),
842 2270 1036 2340 inqttit,
1076 2270 1365 2326 htereditas
1400 2273 1489 2336 iis,
1525 2274 1614 2341 qui
1665 2274 1850 2330 colunt
1890 2276 2070 2331 Domi-

496 2377 649 2424 num,
678 2370 733 2416 et
779 2378 873 2418 vos
920 2362 1077 2418 eritis
1117 2363 1230 2435 (29)
1266 2365 1422 2435 justi,
1454 2366 1586 2419 dicit
1645 2366 1924 2422 Dominus.
1978 2369 2067 2422 Si-

498 2455 693 2508 lientes
723 2452 836 2524 (50)
866 2455 938 2509 ite
969 2456 1022 2508 in
1055 2469 1276 2524 aquam,
1319 2464 1374 2510 et
1406 2456 1718 2525 quicunque
1759 2473 1865 2511 nou
1898 2458 2067 2513 habe-

497 2543 569 2596 tis
594 2552 896 2612 argentum,
928 2552 1119 2599 euntes
1167 2545 1354 2611 emite,
1386 2553 1442 2600 et
1487 2546 1754 2601 comedite
1790 2547 1900 2619 (51)
1952 2548 2069 2603 sine

496 2644 724 2704 argento
749 2644 804 2689 et
847 2636 1023 2705 pretio
1053 2636 1238 2691 vinum
1285 2647 1342 2690 et
1370 2636 1607 2706 adipem.
1644 2656 1663 2691 ι
1693 2638 1901 2708 Aquam
1935 2640 2070 2693 dixit

498 2727 761 2795 Spiritum
796 2736 1068 2795 sanctum,
1113 2736 1168 2783 et
1198 2726 1396 2783 ﬂuenta
1462 2730 1682 2798 piscinae
1717 2730 1907 2797 ipsius.
1943 2729 2064 2784 Vini

497 2831 552 2875 et
585 2820 758 2889 adipis
809 2822 1028 2876 nomine
1077 2831 1203 2876 tunc
1248 2822 1465 2892 quidem
1516 2822 1938 2893 designabantur
1975 2839 2064 2888 ea,

497 2928 618 2981 quae
644 2911 880 2968 Judaica:
914 2923 1070 2969 erant
1103 2913 1523 2984 propositionis;
1577 2914 1740 2985 277
1768 2930 1909 2970 nunc
1935 2930 2068 2971 vero

496 3005 678 3059 divina
738 3006 1047 3060 communio
1087 3006 1332 3075 corporis
1381 3012 1437 3060 et
1496 3007 1774 3076 sanguinis
1817 3007 2062 3074 Domini,

495 3117 656 3170 quam
684 3117 788 3156 una
819 3117 940 3156 cum
993 3102 1341 3156 renovatione
1378 3102 1536 3155 simul
1565 3100 1784 3171 quidem
1810 3085 2062 3164 emimus,

494 3209 600 3248 nou
630 3202 937 3263 argentum,
970 3193 1066 3247 sed
1123 3191 1282 3247 ﬁdem
1315 3194 1700 3263 expendentes,
1741 3192 1900 3249 simul
1936 3208 2065 3248 vero

492 3289 653 3340 etiam
679 3287 818 3341 dono
839 3284 1328 3353 accipimus.Quod
1349 3294 1528 3340 autem
1556 3299 1771 3354 «aqua»
1799 3284 2067 3341 vocabulo

494 3379 728 3449 Spiritus
756 3366 1001 3441 sanctus,
1039 3393 1104 3433 ac
1143 3379 1366 3448 insuper
1405 3378 1578 3449 ipsius
1613 3377 1870 3447 baptismi
1912 3392 2067 3447 aquae

495 3474 835 3534 denotentur,
881 3477 1108 3523 testatur
1163 3477 1218 3522 et
1266 3467 1503 3525 Joannes
1542 3468 1794 3538 inquiens
1834 3483 1901 3523 ex
1947 3483 2069 3537 per-

491 3573 622 3613 sona
672 3556 1014 3613 Salvatoris:
1064 3575 1083 3609 ι
1119 3556 1222 3624 Qui
1276 3559 1450 3613 credit
1499 3556 1613 3629 (52)
1669 3558 1722 3612 in
1784 3574 1890 3625 me,
1926 3559 2067 3613 sicut

492 3646 629 3701 dixit
668 3644 971 3714 Scriptura,
1000 3645 1219 3699 ﬂumina
1246 3661 1312 3699 ex
1343 3656 1530 3700 ventre
1564 3646 1679 3714 ejus
1720 3645 1886 3700 ﬂuent
1914 3662 2067 3715 aqua:

464 3733 655 3797 .vivze,
693 3750 712 3784 ι
758 3743 814 3786 et
844 3734 1025 3787 statim
1054 3733 1137 3786 his
1186 3733 1393 3787 addidit
1427 3752 1439 3787 :
1478 3752 1497 3784 ι
1537 3734 1649 3788 lloc
1693 3745 1872 3788 autem
1926 3735 2063 3803 (3'5),

492 3820 684 3889 inquit,
739 3822 951 3875 dicebat
1006 3823 1073 3876 de
1111 3821 1338 3890 Spiritu,
1374 3836 1532 3890 qttettt
1577 3832 1856 3892 accepturi
1904 3836 2063 3880 erant

493 3912 797 3968 credentes.
839 3931 857 3964 ι
892 3912 1043 3978 Quod
1082 3927 1212 3966 vero
1265 3913 1428 3967 etiam
1462 3916 1633 3985 gratis
1680 3917 1749 3970 ob
1800 3917 2067 3971 exceden-

491 4011 601 4056 tem
639 4000 924 4055 Trinitatis
975 4003 1292 4066 bouitatem,
1325 4007 1570 4071 quamvis
1618 4007 1840 4073 indigni,
1867 4006 2066 4074 justiti-

490 4108 698 4158 cemur,
720 4093 873 4147 Pauli
904 4092 968 4146 ad
1012 4094 1283 4148 Romanos
1310 4109 1489 4149 sermo
1511 4097 1746 4151 ostendit
1776 4116 1788 4151 :
1818 4116 1839 4149 ι
1862 4097 2064 4155 Omnes

489 4184 605 4259 (54)
631 4184 799 4251 enim,
838 4186 1032 4253 inquit,
1069 4196 1452 4254 peccaverunt,
1496 4196 1551 4242 et
1579 4189 1906 4255 posteriores
1938 4201 2065 4245 sunt

462 4277 627 4353 (sive
658 4276 837 4347 egent)
889 4278 1060 4347 gloria
1103 4276 1195 4332 Dei
1250 4299 1260 4333 :
1311 4279 1594 4348 justilicati
1655 4281 1825 4348 gratis
1888 4286 2062 4352 gratia

488 4371 658 4439 ipsius
684 4385 780 4439 per
812 4371 1260 4438 redemptionem,
1289 4385 1409 4439 qua:
1426 4380 1510 4425 est
1543 4372 1595 4426 in
1626 4370 1844 4428 Christo
1873 4372 2055 4431 Jesu.»

2171 2080 2394 2151 ρεύεσθε
2417 2083 2501 2151 ἐφ’
2536 2081 2711 2152 ῦδωρ’
2751 2083 2845 2134 καὶ
2864 2082 2978 2135 ὅσοι
3012 2083 3086 2153 μὴ
3117 2083 3266 2153 ἔχετε
3294 2084 3579 2156 ἀργύριον,
3610 2083 3746 2155 βαδί-

2170 2187 2363 2235 σαντες
2400 2172 2728 2244 ἀγοράσατε,
2778 2171 2873 2224 καὶ
2934 2174 3135 2241 φάγετε
3187 2174 3313 2228 ἄνευ
3357 2175 3621 2246 ἀργυρίου
3658 2175 3745 2227 καὶ

2164 2263 2333 2335 τιμῆς
2351 2259 2492 2317 οἶνον
2523 2265 2617 2318 καὶ
2638 2265 2825 2336 στέαρ.
2863 2283 2887 2319 ν
2925 2266 3110 2337 ’Ὑδωρ
3147 2262 3302 2320 εἶπεν
3328 2267 3389 2319 τὸ
3437 2266 3659 2338 Πνεῦμα
3687 2267 3745 2320 τὸ

2167 2356 2340 2427 ἅγιον,
2368 2359 2462 2411 καὶ
2495 2358 2597 2428 τῆς
2619 2358 3004 2430 κολυμϐήθρας
3033 2358 3196 2412 αὑτοῦ
3227 2359 3294 2413 τὰ
3315 2359 3536 2429 νάματα
3556 2377 3570 2391 ⁸
3612 2355 3747 2413 οἶνον

2168 2450 2261 2504 καὶ
2284 2449 2471 2520 στέαρ,
2502 2449 2626 2502 τότε
2654 2451 2750 2520 μὲν
2771 2450 2838 2503 τὰ
2861 2450 2959 2521 τῆς
2983 2450 3296 2521 προθέσεως
3320 2451 3423 2520 τῆς
3459 2449 3746 2521 Ἰουδαϊκῆς

2168 2541 2459 2610 ἐσήμανεν,
2501 2539 2595 2594 νῦν
2610 2539 2667 2593 δὲ
2690 2539 2790 2612 τὴν
2827 2539 3092 2593 ἀθάνατον
3120 2541 3408 2595 κοινωνίαν
3432 2542 3529 2595 τοῦ
3565 2540 3746 2612 σῶμα·

2166 2649 2259 2696 τος
2279 2633 2372 2685 καὶ
2403 2632 2633 2703 αἵματος
2663 2631 2757 2686 τοῦ
2784 2632 3105 2686 δεσποτικοῦ
3127 2651 3141 2664 ·
3174 2634 3365 2704 ἥντινα
3394 2636 3498 2689 σῦν
3523 2633 3602 2706 τῷ
3628 2635 3749 2688 ἀνα-

2168 2725 2439 2797 καινισμῷ
2468 2726 2585 2797 ἆμα
2613 2726 2712 2797 μὲν
2734 2726 3105 2798 ἀγοράζομεν,
3136 2727 3320 2781 πίστιν
3342 2728 3442 2782 καὶ
3471 2729 3570 2782 οὐκ
3594 2726 3749 2800 ἀργύ-

2171 2831 2282 2886 ριον
2305 2816 2739 2887 κατατιθέμενοι,
2765 2816 2969 2888 ἀμα,δέ
2992 2817 3086 2872 καὶ
3112 2819 3357 2890 χάρισμα
3379 2817 3742 2890 λαμὸάνομεν.

2169 2906 2291 2962 Ὅτι
2322 2908 2379 2961 δέ
2415 2908 2558 2981 ῦδωρ
2586 2909 2650 2962 τὸ
2682 2910 2836 2977 ἅγιον
2878 2908 3124 2981 Πνεῦμα,
3171 2910 3253 2963 ἐτι
3284 2910 3391 2983 μὴν
3428 2914 3531 2967 καὶ
3565 2911 3625 2966 τὸ
3657 2909 3745 2964 τοῦ

2168 2998 2539 3073 βαπτίσματος
2590 3002 2754 3055 αὐτοῦ
2815 3002 2984 3071 λέγει,
3033 3004 3128 3056 καὶ
3179 3002 3430 3076 Ἰωάννης
3486 3004 3747 3077 μαρτυρεῖ

2166 3090 2274 3144 ἀπὸ
2321 3090 2416 3144 τοῦ
2461 3092 2732 3163 Σωτῆρος,
2765 3091 2970 3167 είπὼν·
3008 3111 3028 3143 ι
3071 3091 3130 3146 ’0
3174 3093 3453 3147 πιστεύων
3505 3097 3585 3159 είς
3629 3093 3742 3166 ἐμὲ,

2168 3181 2349 3245 καθὼς
2389 3178 2540 3236 εἶπεν
2580 3183 2614 3253 ἡ
2650 3182 2836 3255 Γραφή
2860 3200 2873 3213 ·
2912 3185 3146 3255 ποταμοὶ
3176 3186 3239 3238 ἐκ
3271 3186 3371 3257 τῆς
3396 3188 3607 3252 κοιλίας
3653 3187 3744 3240 αύ-

2166 3273 2261 3326 τοῦ
2296 3272 2579 3345 ῥεύσουσιν
2613 3273 2805 3338 ὕδατος
2833 3274 3055 3339 ζῶντος.
3101 3296 3119 3327 ι
3154 3278 3264 3330 Καὶ
3292 3278 3459 3343 εὐθὺς
3483 3280 3743 3353 προσέθη-

2167 3384 2262 3420 κεν
2304 3366 2380 3438 τῷ
2411 3367 2582 3439 λόγῳ·
2623 3386 2643 3419 ι
2690 3368 2860 3421 Τοῦτο
2897 3368 2974 3433 δὲ,
3016 3371 3199 3441 φησιν,
3250 3370 3434 3440 ἔλεγεν
3488 3375 3614 3446 περὶ
3654 3372 3742 3427 τοῦ

2166 3459 2503 3529 Πνεύματος,
2544 3454 2604 3514 οῦ
2638 3459 2860 3531 ἔμελλον
2891 3460 3187 3532 λαμϐάνειν
3227 3465 3276 3516 οἱ
3315 3466 3683 3530 πιστεύοντες.
3718 3485 3736 3518 ι

2168 3548 2295 3621 [127
2329 3548 2380 3620 ὁ]
2418 3550 2537 3605 Ὀτι
2575 3550 2632 3602 δὲ
2659 3551 2753 3602 καὶ
2788 3553 2989 3621 προῖκα
3017 3552 3390 3625 δικαιούμεθα,
3418 3555 3627 3623 ἀνάξιοι
3657 3557 3740 3609 ὅν-

2164 3660 2276 3707 τες,
2299 3642 2366 3694 δι’
2392 3642 2836 3714 ὑπερϐάλλουσαν
2866 3642 3177 3715 ἁγαθότητα
3202 3645 3301 3716 τῆς
3326 3646 3577 3718 Τριάδος,
3601 3647 3739 3701 Παύ-

2163 3734 2257 3786 λου
2313 3733 2449 3804 πρὸς
2491 3735 2793 3805 Ῥωμαίους
2840 3733 3061 3801 διέδειξε
3093 3735 3279 3804 λόγος’
3326 3756 3345 3788 ι
3374 3738 3584 3802 Πάντες
3615 3740 3737 3809 γὰρ,

2165 3827 2349 3897 φησὶν,
2377 3826 2643 3897 ἥμαρτον,
2675 3826 2769 3880 καὶ
2792 3825 3140 3897 ὑστεροῦνται
3165 3829 3263 3899 τῆς
3287 3828 3443 3901 δόξης
3472 3832 3567 3886 τοῦ
3589 3830 3737 3897 Θεοῦ,

2164 3916 2529 3987 δικαιούμενοι
2553 3918 2759 3989 δωρεὰν
2788 3920 2855 3989 τῇ
2890 3918 3054 3971 αὑτοῦ
3085 3920 3267 3991 χάριτι
3302 3920 3392 3974 διὰ
3414 3926 3517 3994 τῆς
3540 3923 3736 3979 ἀπολυ-

2162 4009 2419 4082 τρώσεως
2458 4011 2558 4082 τῆς
2584 4012 2641 4063 ὲν
2678 4011 2900 4082 Χριστῷ
2940 4009 3135 4083 Ἰησοῦ.
3170 4030 3189 4063 ι
3226 4012 3337 4082 Τῆς
3372 4012 3581 4085 δωρεᾶς
3610 4014 3737 4069 ταύ-

2162 4119 2263 4174 της
2296 4104 2614 4174 μακαρίζων
2637 4104 2761 4167 τοὺς
2783 4102 3154 4175 ἀξιουμένους,
3180 4106 3210 4157 ὁ
3237 4105 3335 4177 μὲν
3362 4107 3566 4179 Κύριος
3593 4109 3736 4180 παρά

2163 4194 2346 4265 Λουκᾷ
2384 4194 2566 4264 ἔλεγεν
2618 4194 2755 4266 πρὸς
2799 4198 2924 4261 τοὺς
2976 4197 3250 4268 μαθητάς’
3297 4218 3316 4251 ι
3354 4201 3629 4273 Μακάριοι
3689 4201 3737 4254 οἱ

2162 4284 2429 4356 ὀφθαλμοὶ
2478 4288 2526 4340 oi
2562 4285 2848 4357 βλέποντες
2886 4287 2921 4341 ὃ.
2958 4289 3202 4369 βλέπετε.
3248 4290 3408 4357 Λέγω
3446 4293 3557 4364 γὰρ
3591 4293 3732 4363 ὑμῖν,

2162 4375 2244 4428 ὅτι
2276 4376 2461 4430 πολλοὶ¹
2485 4378 2767 4448 προφῆται
2805 4378 2899 4431 καὶ
2940 4378 3177 4449 βασιλεῖς
3208 4378 3479 4453 ἠθέλησαν
3510 4378 3667 4449 Ἰδεῖν,
3700 4381 3735 4437 ἃ

464 4624 503 4653 ,ἢ
524 4638 535 4653 ⁸
557 4569 668 4653 (25)
705 4570 1044 4653 Sanguinem:
1076 4568 1262 4653 Grteca
1289 4570 1489 4653 editio_:
1525 4570 1598 4653 To
1625 4565 1765 4653 αἷμα
1795 4572 2062 4653 Ἰερουσατ

2222 4574 2352 4653 (ευ)
2390 4576 2576 4632 Eritis.
2620 4560 2806 4635 Graeca
2843 4583 2928 4636 ed.
2967 4579 3157 4635 ισεσθέ
3185 4599 3297 4653 μοι,
3320 4581 3371 4636 id
3403 4591 3486 4638 est
3529 4601 3549 4634 ‹
3587 4580 3732 4637 eritis

485 4638 961 4714 2.ﬁp_éxxa6dptst
1016 4642 1081 4693 ἐκ
1132 4640 1298 4714 μέσου
1333 4641 1504 4710 αὐτῆς
1558 4643 1616 4714 ἐν
1671 4638 1787 4714 IIv._
1821 4638 1912 4714 κρ.
1967 4643 2061 4697 καὶ¹

487 4709 765 4778 Ιινεύματι
800 4709 1082 4772 καύσεως,
1134 4709 1186 4765 id
1227 4720 1311 4764 est
1351 4729 1370 4762 ι
1394 4709 1711 4780 sanguinem
1759 4709 2059 4767 Jerusalem

486 4780 800 4853 emundabit
819 4796 887 4834 ex
916 4781 1093 4834 medio
1122 4780 1293 4849 ipsius
1322 4780 1375 4835 in
1403 4781 1606 4848 Spiritu
1644 4782 1829 4853 iudicii
1860 4791 1914 4837 et
1940 4784 2061 4853 Spi-

486 4848 593 4901 ritu
619 4850 846 4903 ardoris.
880 4866 899 4900 ι

558 4917 673 5052 (ἐξ)
716 4917 959 5001 Dei/icui.
991 4917 1049 4972 id
1071 4929 1190 4983 est,
1225 4938 1246 4971 ι
1285 4918 1423 5001 filios
1452 4921 1545 4976 Dei
1574 4920 1754 4977 elIicit.
1796 4941 1815 4973 ι

654 4988 670 5052 )
717 4987 868 5049 Quod
912 4996 1091 5045 etuas.
1140 4988 1196 5042 ln
1239 5005 1409 5052 prttna
1450 4991 1591 5045 Petr.
1621 5008 1718 5052 Ill,
1751 4991 1812 5045 21

580 4985 670 5055 95)
717 4985 868 5049 Quod
912 4996 961 5041 et
987 5005 1091 5045 vos.
1140 4988 1196 5042 In
1239 4991 1409 5055 prima
1450 4991 1591 5045 Petr.
1621 5008 1678 5045 Ill
1704 5034 1718 5055 ,
1751 4991 1812 5045 21
1856 5001 1911 5046 et
1961 4993 2052 5049 22.

559 5006 670 5055 (κθ)
717 5006 866 5049 υιιοα
912 5006 961 5041 ει
987 5006 1091 5045 vos.
1140 5006 1196 5042 In
1277 5006 1409 5043 rtttta
1450 5006 1591 5045 retr.
1621 5008 1718 5055 Ill,
1751 5006 1812 5045 2|
1856 5006 1911 5046 et
1961 5006 2048 5049 22.

488 5053 672 5132 graeca
695 5057 858 5132 editio
885 5074 899 5110 :
939 5059 1003 5132 *ρ
1031 5058 1125 5132 καὶ
1153 5006 1323 5130 ήμὲς,
1356 5062 1405 5114 id
1434 5073 1515 5115 est
1548 5080 1567 5113 ι
1613 5064 1769 5132 quod-
1795 5072 1851 5116 et
1878 5079 1996 5117 nos.
2028 5083 2048 5116 ι

454 5162 462 5169 .
487 5123 830 5196 SedAliatitta,
859 5136 918 5185 ut
937 5123 1223 5196 Didymus.
1442 5164 1451 5169 μ

567 5192 678 5263 (26)
715 5193 882 5249 Sedit.
935 5192 1209 5263 Ριοόστις
1250 5197 1503 5253 ἐκάθισεν
1544 5200 1733 5258 Graeca
1760 5202 1922 5259 editio
1954 5205 2053 5259 ba-

483 5263 574 5319 bet
588 5263 656 5323 .6;
684 5264 853 5320 ἐστιν.
938 5310 953 5323 .

577 5333 669 5414 27)
702 5334 830 5414 Post
890 5335 1032 5390 hanc
1076 5351 1295 5414 vocem_
1325 5339 1475 5395 addit
1509 5340 1677 5414 .Vulg.
1734 5343 2005 5414 interpres
2034 5364 2048 5400 :

452 5433 459 5440 ~
490 5420 511 5454 ι
544 5403 857 5473 Deglntiens
890 5415 1139 5471 mortem,
1164 5418 1223 5461 ut
1249 5407 1370 5463 vitte
1406 5403 1903 5466 aeternaavbaeredes
1931 5413 2050 5468 etii-

485 5487 750 5551 ceremur.
787 5491 807 5524 ι
846 5473 1048 5551 Quaajn
1087 5475 1498 5551 GracisBihliis
1524 5482 1734 5536 desunt.
1764 5481 1842 5536 Ne
1870 5480 2050 5551 Cyril-

485 5541 568 5597 lus
585 5545 814 5620 quidem.
831 5541 1173 5620 catech._xw,
1196 5562 1260 5620 ea
1287 5547 1435 5620 legit.
1465 5549 1535 5601 At
1562 5551 1837 5620 theologus
1861 5541 2048 5608 noster

484 5625 552 5734 :3
582 5612 710 5679 legit
739 5613 794 5667 in
819 5615 1161 5672 enarratione
1203 5617 1261 5669 in
1317 5612 1543 5685 p'rimam
1587 5612 2047 5679 Petri'eoiuolam

578 5697 697 5734 can.
737 5697 817 5734 ιιι.

578 5697 697 5750 cap.
737 5697 817 5737 ιιι.

557 5750 667 5821 (9.8)
709 5752 824 5808 Eu.
855 5750 961 5808 lsa.
985 5768 1095 5822 LIV,
1127 5754 1216 5823 17,
1246 5770 1334 5826 ιν,
1371 5758 1422 5815 l.

2163 4645 2314 4700 mihi.
2348 4665 2368 4697 ι

2234 4734 2345 4813 (50)
2384 4736 2652 4813 sitientes.
2686 4740 2897 4813 Compl.
2930 4742 3013 4797 ed.
3037 4783 3053 4806 ,
3096 4743 3235 4797 Οὐαὶ
3257 4746 3307 4797 οἱ
3343 4743 3634 4813 διψῶντες,
3667 4758 3730 4797 ex

2161 4807 2389 4879 Hebrum
2417 4808 2582 4873 fonte,
2607 4812 2696 4879 qui
2733 4807 2895 4864 habet
2956 4814 3196 4867 vocantis
3224 4824 3279 4866 et
3302 4807 3586 4868 clamantis
3616 4827 3733 4878 par-

2162 4876 2379 4954 ticulatn
2431 4876 2716 4954 ttat/tbi).
2769 4880 3241 4954 Francorurtensis
3301 4893 3480 4939 tamen
3567 4876 3730 4954 editio

2161 4946 2363 4999 omittit
2388 4946 2627 5002 voculam
2661 4950 2800 5016 οὐαί,
2832 4960 2890 5004 ιιι
2922 4951 3199 5022 Didymus.

2232 5028 2342 5102 (ξι)
2388 5027 2668 5102 Eomedite.
2725 5033 2911 5102 Graeca
2958 5034 3124 5086 editio
3172 5034 3412 5102 rectius;
3459 5036 3546 5090 hic
3584 5034 3723 5087 enim

2160 5098 2307 5152 addit
2326 5098 2359 5174 '_:
2392 5101 2483 5153 καὶ
2507 5101 2803 5174 πορεύεσθε
2827 5103 3282 5174 καξιᾼάγοράσατε,
3309 5105 3357 5158 id
3390 5098 3473 5159 est
3505 5124 3524 5157 ι
3550 5112 3603 5158 et
3633 5104 3722 5166 ite,

2160 5177 2213 5221 et
2242 5168 2405 5223 emite
2436 5188 2449 5223 :
2476 5188 2517 5243 _p_
2545 5168 2664 5238 quae
2709 5173 2871 5227 lectio
2900 5168 3125 5228 Hebraeo
3171 5175 3467 5243 exemplari
3502 5189 3725 5243 consen-

2159 5244 2330 5314 tanezt
2340 5248 2441 5314 est.
2475 5238 2600 5293 Haec
2636 5253 2811 5297 tamen
2838 5244 3000 5298 verba
3040 5242 3107 5297 ab
3128 5238 3498 5314 aliisgquoque
3527 5242 3718 5314 omitti,

2158 5317 2216 5386 ut
2240 5323 2269 5359 a
2298 5308 2793 5386 Didynto,_t_e_statur
2827 5320 3014 5386 auctor
3038 5308 3463 5386 adnotationum,
3491 5328 3609 5386 quae
3629 5313 3730 5385 ιιι-σθ

2154 5376 2311 5446 jectte
2341 5376 2467 5432 sunt
2497 5380 2719 5436 editioni
2756 5382 3215 5439 Francoturtensi.

2226 5461 2338 5531 (52)
2374 5460 2479 5525 Qui
2512 5465 2699 5517 credit.
2725 5463 2882 5519 Joan.
2913 5480 3013 5529 vlt,
3044 5464 3134 5521 '58.

2226 5544 2343 5666 (55)
2397 5544 2514 5599 Hoc
2561 5557 2758 5605 autem.
2818 5549 2950 5604 Ibid.
3010 5544 3100 5605 '59.

2226 5631 2252 5666 ι)
2285 5613 2311 5666 ἐ
2346 5631 2491 5666 εγεν.

2153 5613 2252 5685 pro
2285 5613 2491 5681 ἔλεγεν.

2226 5696 2337 5768 (54)
2369 5695 2580 5753 Omnes.
2621 5698 2773 5754 Rom.
2809 5715 2890 5767 ιιι,
2928 5701 3019 5769 ‘25,
3072 5701 3168 5756 9.4.

3190 5565 3364 5608 amca
3424 5553 3533 5622 ed.,
3599 5544 3716 5603 εἷπε
3828 5538 3838 5549 ’
