4054 6414
501 387 608 440 723

1742 391 1974 445 DlDYMl
2016 387 2489 443 ALEXANDRINL

3652 385 3756 444 ,ω

492 507 758 574 dicamus,
789 506 946 578 281
975 517 1067 562 aut
1093 509 1476 577 antiquiorem,
1503 525 1664 580 quam
1693 510 1764 565 sit
1797 511 2066 580 Spiritus;

2184 507 2490 579 γενέστερον
2525 505 2719 558 αὑτοῦ·
2753 505 2866 557 ἀλλ’
2894 503 3114 566 εἰδότες,
3147 505 3228 556 ότι
3258 503 3408 557 οὐδὲν
3445 501 3750 576 ἀνθρώποις

494 599 589 652 sed
617 597 750 651 nihil
785 598 1099 654 hominibus
1154 599 1368 654 ﬁrmum
1413 616 1539 656 esse
1590 601 1922 666 noverimus,
1965 605 2068 658 nisi

496 689 629 756 ipsis
660 703 748 754 ea,
781 704 900 758 quae
929 690 1180 745 omnibus
1207 702 1290 745 est
1321 694 1592 760 proxima,
1623 703 1674 748 et
1693 697 1901 749 cunctis
1924 695 2071 748 auxi-

497 779 626 834 lium
656 783 878 849 prashet,
909 782 1147 836 Trinitas
1170 783 1464 850 opituletur
1508 785 1652 852 (nam
1686 805 1704 837 ι
1748 785 1929 840 Fallax
1958 787 2069 855 (60)

500 886 671 940 equus
712 873 777 924 ad
816 873 1070 938 salutem,
1131 874 1305 942 inquit
1353 875 1600 930 Psaltes:
1648 892 1816 946 prope
1843 877 1955 946 (6|)
1989 888 2072 932 est

499 971 680 1016 autem
718 962 980 1017 Dominus
1007 964 1322 1018 timentibus
1345 980 1504 1018 eum:
1537 976 1590 1018 et
1643 967 1794 1035 gigas
1820 966 1932 1036 (62)
1964 983 2069 1020 ηοη

499 1051 705 1108 salvabi
735 1069 800 1107 ur
866 1054 921 1107 iu
970 1054 1315 1110 multitudine
1376 1056 1594 1110 virtutis
1649 1057 1897 1126 sum»):
1948 1072 2071 1111 eum

501 1145 780 1215 Scriptura
814 1144 1054 1199 declarat
1087 1147 1244 1201 simul
1271 1163 1390 1202 cum
1423 1148 1584 1202 Patre
1619 1164 1834 1218 semper
1857 1151 2070 1210 adesse,

498 1247 556 1291 et
590 1237 748 1291 simul
785 1251 907 1291 cum
941 1252 1006 1292 eo
1039 1239 1276 1308 operari,
1301 1250 1358 1292 et
1391 1240 1548 1293 nobis
1578 1240 1629 1292 in
1656 1255 1979 1308 unaquaque
2015 1255 2073 1294 re

497 1343 655 1398 Opem
683 1329 846 1391 l'erre,
875 1340 929 1384 et
963 1329 1331 1384 fortitudinem
1359 1345 1424 1385 ac
1455 1331 1620 1385 robur
1637 1330 1790 1384 nobis
1821 1329 2064 1397 injicere,

499 1429 555 1473 et
586 1419 728 1474 illius
757 1420 1248 1474 tuanil‘estationem
1305 1437 1370 1475 ac
1399 1421 1700 1475 doctrinam
1726 1421 1963 1490 ejusdem
1991 1421 2075 1474 di-

499 1513 723 1581 gnitatis
750 1528 813 1566 ac
844 1512 1170 1581 praestantia:
1196 1527 1316 1566 esse
1337 1527 1458 1565 cum
1497 1513 1729 1566 adventu
1748 1522 1802 1567 et
1825 1511 2073 1566 doctrina

500 1603 646 1669 Filii,
675 1616 729 1658 et
757 1605 914 1674 hujus
953 1605 1258 1658 doctrinam
1296 1603 1441 1659 illius
1469 1599 1730 1658 doctrina:
1748 1618 2071 1658 consonare.

495 1699 577 1751 Ac
613 1712 743 1750 sane
773 1697 912 1752 Deus
942 1708 997 1752 et
1045 1697 1207 1750 Pater
1262 1696 1572 1760 indivisam,
1615 1705 1669 1751 et
1701 1696 1872 1750 solam
1910 1695 2076 1750 stabi-

499 1787 602 1842 lem
633 1789 1009 1855 exsistentem,
1069 1798 1125 1842 et
1172 1787 1429 1842 invictam
1499 1804 1677 1853 suam,
1709 1798 1762 1843 et
1802 1788 1986 1852 Verbi,
2021 1799 2077 1843 et

2174 599 2410 670 βέϐαιον,
2444 599 2509 651 ἂν
2540 600 2572 668 ἠ
2608 596 2778 668 Τριὰς
2801 595 2876 667 μὴ
2899 613 2962 648 συ
2971 597 3185 666 μμαχῇ.
3209 590 3342 649 οὖσα
3367 596 3581 650 πάντων
3609 599 3750 670 πλη-

2174 689 2307 753 σίον,
2339 689 2434 741 καὶ
2470 688 2685 740 πάντων
2723 687 3011 756 ἐπίκουρος
3038 687 3056 755 (
3087 703 3105 735 ι
3142 685 3357 755 Ψευδὴς
3395 705 3414 737 ›
3449 685 3557 759 γὰρ
3601 707 3619 738 ι
3664 689 3753 740 ἴπ-

2172 798 2272 843 πος
2300 783 2378 842 είς
2414 778 2707 848 σωτηρίαν,
2761 797 2779 830 ›
2818 777 2980 847 φησίν
3002 794 3014 805 ·
3055 796 3074 828 ι
3113 778 3278 845 ἐγγὺς
3313 778 3368 830 δὲ
3405 779 3606 850 Κύριος
3641 784 3752 845 τοῖς

2175 869 2526 940 φοϐουμένοις
2559 867 2740 932 αὑτὸν,
2777 867 2869 919 καὶ
2891 867 3052 934 γίγας
3088 868 3148 918 οὑ
3192 866 3492 937 σωθήσεται
3530 869 3587 921 ἐν
3619 865 3755 940 πλή-

2173 961 2255 1015 θει
2295 961 2476 1030 ἰσχύος
2504 960 2632 1030 [I29
2657 958 2712 1030 α]
2731 959 2895 1011 αὑτοῦ
2923 959 2969 1027 ι)
2990 977 3002 988 ·
3031 962 3064 1030 ἡ
3095 959 3131 1010 Γ
3137 960 3282 1030 ραφὴ
3311 959 3478 1030 δηλοῖ,
3505 961 3581 1023 ὡς
3617 979 3755 1032 συμ..

2172 1055 2438 1125 πάρεστιν
2477 1054 2566 1106 ἀεὶ
2608 1053 2702 1106 καὶ
2757 1055 3011 1123 συνεργεῖ
3037 1052 3113 1124 τῷ
3146 1053 3340 1123 Πατρὶ,
3372 1053 3466 1105 καὶ
3501 1053 3584 1121 ἐφ’
3627 1054 3754 1106 ἐκά-

2175 1165 2285 1218 στῳ
2315 1146 2499 1216 βοηθεῖ
2533 1148 2698 1217 ἡμῖν,
2729 1147 2822 1199 καὶ
2870 1146 3021 1216 ἰσχὺν
3055 1147 3344 1216 ἐντίθησιν,
3387 1147 3479 1200 καὶ
3521 1147 3621 1216 τῆς
3658 1147 3752 1200 τοῦ

2176 1238 2308 1291 Υἱοῦ
2341 1237 2641 1309 παρουσίας
2667 1237 2762 1291 xal.
2793 1237 3014 1308 διδαχῆς
3049 1240 3081 1308 ή
3110 1237 3274 1290 αὐτοῦ
3307 1238 3599 1308 ἐπιφάνεια
3620 1238 3748 1308 ὁμό-

2173 1348 2225 1383 τι
2233 1330 2329 1400 μός
2349 1331 2513 1395 ἐστιν,
2534 1330 2674 1399 καὶὴ
2692 1329 3007 1384 διδασκαλία
3021 1328 3308 1399 σύμφωνος
3328 1331 3580 1399 τυγχάνει
3597 1325 3750 1383 οὖσα.

2189 1421 2403 1492 Ἀμέλει
2434 1439 2511 1473 τοι
2534 1422 2562 1472 6
2589 1421 2723 1484 Θεὸς
2740 1422 2834 1473 καὶ
2859 1421 3048 1492 Πατὴρ
3075 1421 3172 1491 τὴν
3197 1421 3517 1491 ἀδιαίρετον,
3544 1421 3635 1475 καὶ
3658 1420 3756 1490 μό-

2175 1531 2271 1583 νην
2305 1513 2548 1582 βεϐαίαν,
2582 1513 2675 1564 καὶ
2723 1514 2990 1584 ἀήττητον
3026 1511 3277 1582 βοήθειαν
3309 1511 3494 1576 αὐτοῦ,
3530 1512 3624 1564 καὶ
3656 1510 3754 1564 τοῦ

2175 1607 2369 1674 Λόγου,
2389 1603 2588 1658 καὶτοῦ
2613 1604 2750 1656 Πνεύ
2759 1621 2924 1674 ματος
2943 1603 3108 1656 αὑτοῦ
3129 1603 3552 1673 ὑπισχνούμενος
3571 1601 3648 1672 τῷ
3666 1605 3758 1656 Ζο-

2179 1696 2427 1768 ροϐάϐελ,
2441 1696 2538 1748 καὶ
2553 1695 2866 1762 ἀποφαίνων
2880 1713 2907 1747 τ
2915 1695 3237 1766 ρανέστατα,
3255 1695 3329 1756 ὡς
3345 1695 3404 1746 οὐ
3426 1695 3752 1767 διαφέροιεν,

2178 1787 2288 1840 οὔτ’
2316 1789 2613 1853 ἀφεστᾶσιν
2657 1787 2902 1857 ἀλλήλων
2931 1789 2990 1840 αἱ
3024 1786 3160 1840 θεῖαι
3200 1788 3525 1850 ὑποστάσεις
3549 1829 3563 1852 ,
3600 1782 3760 1841 εἶπεν

501 1880 736 1948 Spiritus
762 1882 930 1950 ipsius
953 1896 1108 1950 opem
1170 1880 1488 1934 Zorobabeli
1513 1882 1856 1950 promittens,
1879 1890 1932 1936 et
1963 1898 2076 1935 ma-

2184 1880 2244 1932 5'.’
2281 1881 2535 1948 Ἀγγαίου
2563 1879 2656 1932 τοῦ
2691 1881 2989 1950 προφήτου·
3029 1899 3048 1931 ‹
3081 1878 3189 1932 Kal.
3219 1879 3314 1932 νῦν
3347 1879 3629 1948 κατίσχυε,
3658 1881 3755 1932 Ζο-

503 1972 855 2028 nil'estissime
881 1987 1202 2027 asseverans
1236 1987 1340 2026 non
1380 1970 1618 2035 dil'l'erre,
1655 1987 1755 2027 nec
1800 1988 1828 2025 a
1865 1989 1924 2026 se
1945 1973 2079 2026 invi-

499 2080 617 2128 cem
636 2065 840 2120 distare
858 2065 1069 2120 divinas
1095 2066 1437 2136 bypostases,
1469 2067 1544 2119 ait
1568 2082 1663 2136 per
1692 2067 1946 2136 Aggaaum
1965 2066 2076 2138 (65)

498 2157 814 2227 praphetam
843 2171 860 2209 :
899 2174 919 2208 ‹
949 2155 1014 2210 Et
1049 2171 1191 2210 nunc
1218 2155 1330 2226 (64)
1366 2154 1698 2220 conlortare,
1752 2155 2076 2222 Zorobabel,

503 2249 640 2303 dicit
669 2248 948 2312 Dominus,
991 2256 1046 2303 et
1075 2247 1405 2312 confortare,
1439 2247 1565 2302 Jesu
1622 2248 1693 2301 Iili
1731 2248 1958 2304 Josedec
1987 2265 2078 2303 sa-

503 2338 693 2394 cerdos
727 2354 941 2408 magne,
970 2348 1024 2393 et
1047 2338 1386 2393 conlortetur
1409 2340 1585 2394 omnis
1615 2339 1844 2409 populus
1887 2349 2074 2396 terrae:

503 2431 634 2500 quia
667 2432 948 2486 vobiscum
972 2447 1070 2502 ego
1100 2447 1244 2497 sum,
1273 2432 1406 2487 dicit
1427 2431 1689 2490 Dominus
1713 2435 2077 2503 omnipotens,

502 2531 557 2574 et
583 2521 816 2589 Spiritus
844 2536 994 2576 meus
1018 2522 1168 2575 stetit
1191 2522 1243 2575 in
1273 2523 1450 2577 medio
1481 2523 1671 2577 vestri.
1696 2541 1714 2574 ι
1743 2523 1846 2577 Per
1888 2525 2078 2579 Isaiam

503 2623 637 2664 vero
658 2625 752 2665 eos
777 2611 971 2664 leniter
997 2611 1428 2682 redarguit,qui
1479 2613 1533 2668 in
1584 2615 1806 2669 nomine
1862 2613 1979 2684 ejus
2027 2624 2082 2670 et

507 2701 745 2770 Spiritus
773 2703 941 2771 ipsius
976 2717 1080 2756 non
1108 2703 1480 2769 ambulabant,
1501 2706 1580 2759 sic
1606 2706 1890 2774 inquiens:
1921 2725 1940 2758 ‹
1967 2705 2080 2772 Vae,

506 2791 600 2846 ﬁlii
633 2791 778 2862 (65)!
813 2791 1109 2846 Consilium
1151 2791 1376 2856 fecistis,
1405 2809 1510 2847 non
1549 2809 1644 2864 per
1673 2809 1758 2848 me
1779 2836 1793 2860 ,
1827 2804 1881 2850 et
1903 2806 2080 2864 pacta,

506 2898 617 2938 non
657 2898 753 2952 per
773 2881 1035 2951 Spiritum
1083 2897 1295 2950 meum;
1329 2902 1348 2934 ι
1386 2893 1440 2937 et
1464 2900 1652 2940 rursus
1679 2885 1846 2940 Isaias
1869 2887 1934 2941 de
1958 2887 2081 2952 illis,

507 2975 599 3044 qui
626 2975 677 3028 in
709 2973 949 3028 divinam
981 2971 1216 3042 Spiritus
1248 2975 1547 3044 potentiam
1586 2976 1948 3044 deliquerant,
1974 2978 2080 3032 ait:

515 3082 535 3116 ι
567 3063 670 3133 1ρεί
701 3061 818 3134 (66)
846 3077 950 3116 non
977 3063 1350 3128 crediderunt,
1373 3073 1427 3118 et
1453 3064 1804 3120 irritaveruut
1823 3065 2084 3134 Spiritum

2179 1970 2431 2042 ροϐάϐελ,
2485 1970 2634 2037 λέγει
2681 1969 2906 2041 Κύριος,
2938 1970 3033 2022 καὶ
3066 1969 3344 2038 κατίσχυε,
3383 1968 3556 2038 Ἰησοῦ
3593 1969 3622 2020 6
3659 1966 3755 2020 τοῦ

2191 2062 2435 2115 Ἰωσεδὲκ
2482 2065 2509 2114 6
2543 2061 2720 2132 ἱερεὺς
2762 2063 2791 2114 6
2843 2061 3050 2130 μέγας,
3087 2060 3182 2112 καὶ
3217 2059 3554 2128 κατισχυέτω
3588 2059 3696 2121 πᾶς
3728 2059 3758 2110 6

2178 2155 2303 2219 λαὸς
2333 2156 2433 2224 τῆς
2463 2156 2563 2226 γῆς
2586 2173 2598 2186 ’
2641 2154 2774 2207 διότι
2810 2153 2925 2224 μεθ’
2962 2152 3119 2224 ὑμῶν
3148 2151 3259 2220 ἐγώ
3287 2153 3424 2222 εἰμι,
3458 2151 3609 2220 λέγει
3641 2151 3758 2204 Κύ-

2182 2266 2295 2319 ριος
2318 2247 2733 2317 παντοκράτωρ,
2767 2246 2862 2299 καὶ
2888 2245 2951 2298 τὸ
2983 2243 3211 2314 Πνεῦμά
3241 2260 3342 2314 μου
3372 2243 3672 2312 ἐφέστηκεν
3700 2245 3766 2299 ἐν

2182 2340 2330 2410 μέσῳ
2362 2337 2535 2408 ὑμῶν.
2577 2356 2595 2388 ι
2623 2337 2723 2388 Διὰ
2747 2335 2803 2388 δέ
2842 2335 3066 2388 ’Πσαῖου
3099 2333 3438 2406 πραῢπαθῶς
3471 2333 3761 2403 καταμέμ-

2183 2444 2341 2497 φεται
2381 2429 2493 2490 τοῖς
2553 2428 2636 2478 ἐπ’
2669 2425 2895 2495 ὀνόματι
2952 2424 3114 2478 αὐτοῦ
3164 2421 3391 2478 καὶτοῦ
3442 2423 3760 2492 Πνεύματος

2182 2516 2345 2571 αὐτοῦ
2392 2516 2466 2588 μὴ
2509 2517 2932 2586 πορευομένοις,
2975 2517 3205 2568 οὑτωσεὶ
3257 2515 3464 2582 λέγων’
3527 2533 3546 2566 ι
3599 2514 3756 2578 Οὐαὶ,

2179 2610 2378 2662 τέκναί
2417 2608 2622 2678 Βουλὴν
2671 2608 2986 2678 ἐποιήσατε,
3037 2608 3099 2660 ού
3141 2607 3208 2658 δι’
3236 2605 3390 2675 ἐμοῦ
3425 2606 3519 2658 καὶ
3565 2603 3759 2676 συνθή-

2181 2717 2302 2762 κας,
2331 2699 2390 2751 ού
2419 2697 2508 2751 διὰ
2537 2697 2630 2750 τοῦ
2663 2696 2976 2767 Πνεύματός
3003 2713 3125 2767 μου.
3159 2714 3178 2746 ›
3201 2696 3312 2749 Kal.
3335 2695 3496 2748 πάλιν
3531 2691 3761 2757 Ἡσαΐας

2183 2793 2310 2862 περὶ
2349 2789 2455 2842 τῶν
2490 2775 2999 2860 πλημίμελησάντων
3035 2790 3114 2850 εἰς
3153 2787 3215 2839 τὸ
3253 2786 3393 2838 θεῖον
3432 2785 3633 2856 κράτος
3663 2781 3758 2838 τοῦ

2188 2883 2502 2953 Πνεύματος
2527 2882 2710 2949 λέγει·
2753 2899 2772 2931 ‹
2811 2880 2972 2932 Αὐτοὶ
3014 2878 3341 2949 ἠπείθησαν,
3381 2877 3476 2930 κα)⁸
3505 2875 3761 2948 παρώξυ-

2187 2994 2285 3030 ναν
2322 2977 2382 3028 τὸ
2427 2974 2652 3044 Πνεῦμα
2697 2975 2756 3027 τὸ
2798 2976 2972 3042 ἅγιον,
3025 2974 3120 3026 κα)⁸
3163 2971 3408 3044 ἐστράφη
3453 2972 3636 3034 αὐτοῖς
3682 2974 3763 3034 είς

2190 3065 2408 3137 ἔχθραν.
2458 3084 2480 3117 ι
2528 3065 2725 3136 Ὀργῆς
2757 3065 2854 3135 μὲν
2884 3064 2992 3135 γάρ
3028 3063 3121 3116 καὶ
3151 3062 3368 3134 ἔχθρας,
3396 3067 3490 3114 καὶ
3518 3062 3626 3114 ἀπὸ
3654 3061 3762 3113 τῶν

505 3166 753 3211 sanctum
782 3155 923 3225 (67),
953 3164 1006 3209 et
1037 3169 1227 3210 versus
1253 3165 1336 3210 est
1356 3155 1435 3210 eis
1459 3154 1572 3226 (68)
1605 3157 1655 3210 in
1686 3157 2078 3213 inimicitiam.»

2185 3157 2440 3212 τοιούτων
2492 3155 2708 3209 πάντων
2755 3155 3054 3227 ἐκϐέϐηκεν
3100 3154 3162 3207 τὸ
3203 3153 3426 3224 Πνεῦμα
3469 3152 3530 3206 τὸ
3576 3151 3761 3220 ἆγιονο

507 3246 646 3302 Nam
669 3247 737 3301 ab
764 3247 865 3312 ira,
887 3255 943 3300 et
969 3245 1272 3310 inimicitia,
1299 3257 1353 3302 et
1381 3248 1447 3302 ab
1471 3247 1722 3303 onmibus
1749 3248 1864 3320 (69)
1894 3248 2083 3318 hujus-

509 3339 654 3393 modi
722 3337 885 3394 rebus
940 3337 1151 3394 alienus
1205 3347 1292 3392 est
1348 3337 1584 3409 Spiritus
1617 3351 1859 3406 sanctus,
1911 3355 2088 3410 neque

506 3429 839 3494 concutitur,
872 3438 968 3483 aut
1001 3439 1393 3498 commovetur,
1421 3447 1541 3486 cum
1565 3433 1635 3486 sit
1657 3433 1894 3501 Spiritus
1931 3448 2084 3488 man-

511 3520 836 3586 suetudinis,
857 3528 912 3574 et
936 3521 1128 3587 bonus,
1165 3531 1219 3574 et
1245 3537 1509 3592 supremae
1539 3538 1602 3578 ac
1650 3523 1964 3593 impatibilis
2001 3533 2085 3579 at-

509 3626 619 3682 que
640 3610 1026 3679 omnipotentis
1053 3621 1291 3680 naturae;
1321 3615 1449 3682 quin
1481 3614 1662 3684 pctius
1697 3615 1811 3684 ipse
1835 3614 2082 3670 irascen-

511 3714 594 3757 tes
658 3711 823 3772 atque
853 3703 920 3757 ad
947 3703 1282 3758 iracundiam
1309 3714 1669 3774 provocantes
1692 3717 1868 3770 sanat,
1907 3717 1963 3762 et
1992 3708 2088 3763 ira:

509 3802 700 3848 aastum
733 3794 880 3848 omni
926 3792 1108 3850 aul‘ert
1153 3805 1442 3862 creaturae,
1477 3797 1702 3867 ejusque
1746 3798 1864 3852 loco
1899 3812 2086 3869 pacem

511 3884 761 3951 inducit;
785 3884 927 3940 sicut
958 3885 1064 3941 illis
1089 3887 1435 3946 manifestum
1463 3899 1569 3955 est,
1603 3891 1695 3961 qui
1722 3893 2086 3959 considerent,

512 3989 610 4028 eos
645 3990 868 4043 omnes,
928 3980 1018 4047 qui
1073 3981 1416 4038 sermonibus
1467 3983 1638 4052 ipsius
1693 3984 2088 4054 obtemperant,

513 4067 678 4137 282
711 4069 894 4123 mitem
928 4085 992 4124 ac
1021 4081 1358 4126 mansuetam
1394 4072 1560 4127 vitam
1593 4074 1792 4128 ducere
1819 4072 1954 4145 (70).
1982 4073 2090 4129 Sed

515 4160 968 4226 quemadmodum
1011 4161 1199 4218 multis
1232 4163 1283 4217 in
1337 4162 1469 4219 locis
1527 4161 1640 4234 (71)
1683 4167 1942 4236 scriptum
1973 4177 2086 4221 est:

517 4273 536 4304 σ
565 4251 1042 4308 Exacerbaveruut
1076 4255 1240 4310 Deunt
1268 4276 1288 4305 ι
1326 4266 1381 4312 et
1439 4256 1684 4324 Patrem;
1719 4268 1775 4315 et
1819 4275 1834 4314 :
1867 4277 1885 4312 ι
1915 4257 2091 4316 Iratus

509 4352 594 4398 est
629 4343 743 4414 (72)
775 4344 896 4413 eis;
927 4363 945 4394 ι
987 4345 1040 4400 in
1087 4346 1293 4414 psalmo
1329 4360 1507 4403 autem
1553 4365 1618 4404 cv
1672 4349 1909 4421 legitur:
1943 4372 1962 4404 ι
1986 4351 2088 4421 Ipsi

509 4450 640 4491 vero
670 4435 782 4508 (75)
814 4439 1281 4494 exacerbaverunt
1304 4455 1428 4494 eum
1457 4441 1509 4494 in
1539 4441 1766 4496 consilio
1789 4441 2082 4512 ipsorum,»

2188 3254 2282 3308 καὶ
2333 3254 2394 3306 οὐ
2443 3250 2909 3324 παρασαλεύεται,
2970 3250 3077 3304 οὐδ’
3131 3251 3488 3312 ὑποκινεῖται,
3543 3246 3764 3318 Πνεῦμα

2188 3343 2489 3414 πραότητος
2520 3343 2579 3397 ὃν
2597 3385 2612 3410 ,
2648 3344 2741 3397 καὶ
2771 3341 2977 3411 ἀγαθὸν
2998 3381 3014 3406 ,
3044 3341 3140 3395 καὶ
3167 3341 3264 3411 τῆς
3298 3340 3628 3412 πρωτίστης,
3671 3338 3766 3390 καὶ

2186 3437 2451 3502 ἀπαθοῦς,
2502 3437 2596 3490 xal.
2649 3433 3156 3505 παντοκρατορικῆς
3207 3431 3454 3500 φύσεωςο
3503 3431 3595 3484 καὶ
3634 3429 3768 3482 αὐτὸ

2192 3525 2389 3596 μᾶλλον
2436 3526 2563 3587 τοὺς
2598 3523 2990 3596 ὀργιζομένους
3033 3522 3127 3575 καὶ
3159 3519 3463 3592 θυμοῦντας
3516 3518 3765 3590 ἰώμενον,

2188 3617 2281 3671 καὶ
2315 3617 2441 3687 ὃλης
2485 3614 2889 3686 ἀφαιρούμενον
2922 3614 3020 3684 τῆς
3052 3612 3283 3674 κτίσεως
3320 3612 3382 3665 τὸ
3414 3611 3764 3681 φλεγμαῖνον,

2189 3711 2281 3764 καὶ
2305 3709 2655 3782 ἀντεισφέρον
2692 3709 2936 3780 εἰρήνην,
2960 3707 3035 3770 ὡς
3066 3704 3180 3758 ἔστι
3206 3704 3364 3774 δῆλον
3396 3705 3508 3766 τοῖς
3532 3702 3768 3765 νοοῦσιν,

2189 3805 2271 3857 ὅτι
2306 3804 2414 3866 πᾶς
2442 3803 2471 3854 6
2506 3799 2751 3864 πεισθεὶς
2786 3800 2901 3862 τοῖς
2937 3797 3120 3868 λόγοις
3163 3794 3350 3860 αὐτοῦ,
3391 3794 3582 3866 ἔζησεν
3624 3795 3769 3866 ἡμέ-

2191 3911 2319 3966 ρως.
2355 3896 2450 3946 Ὃν
2468 3893 2667 3964 τρόπον
2685 3892 2741 3945 δέ
2766 3890 3034 3962 πολλαχοῦ
3061 3889 3274 3962 ἐγράφη
3295 3907 3310 3921 ·
3331 3888 3458 3961 [129
3503 3888 3556 3960 b]
3581 3908 3600 3940 ι
3621 3890 3770 3960 Παρ-

2189 3985 2493 4056 επίκραναν
2534 3983 2625 4037 τὸν
2669 3983 2802 4036 Θεὸν
2831 3984 2925 4036 καὶ
2959 3982 3212 4054 Πατέρα,
3252 3981 3346 4035 καὶ
3387 3981 3631 4052 ὠργίσθη
3665 3981 3769 4033 αὐ-

2188 4083 2338 4142 τοῖς’
2385 4097 2404 4130 ι
2443 4078 2539 4132 καὶ
2569 4078 2644 4141 ὼς
2687 4079 2744 4129 ἐν
2795 4075 2866 4147 ρε¹
2913 4075 3112 4147 ψαλμῷ
3157 4075 3396 4145 φάσκει·
3451 4093 3470 4126 ι
3514 4074 3676 4128 Αὐτοὶ
3713 4074 3768 4128 δὲ

2190 4171 2607 4243 παρεπίκραναν
2637 4171 2797 4225 αὑτὸν
2822 4173 2879 4223 ἐν
2909 4173 2974 4242 τῇ
3005 4169 3163 4240 βουλῇ
3191 4168 3369 4221 αὐτῶν
3395 4185 3408 4198 ’
3451 4187 3470 4219 ι
3508 4167 3650 4222 οὕτω
3675 4167 3768 4221 νῦν

2189 4263 2563 4336 ὁμοιοτρόπως
2590 4263 2717 4334 περ),
2745 4261 2838 4316 τοῦ
2875 4261 3194 4331 Πνεύματος
3213 4260 3376 4314 αὑτοῦ
3414 4258 3768 4330 προφητεύει,

2189 4356 2280 4409 διὰ
2309 4357 2368 4410 τὸ
2405 4357 2504 4427 τῆς
2541 4355 2824 4426 θεότητος,
2881 4355 2976 4408 καὶ
3025 4353 3297 4418 ἐξουσίας,
3344 4355 3440 4406 καὶ
3488 4352 3771 4422 δυνάμεως

2190 4445 2630 4516 ἀπαράλλακτον.
2662 4447 2772 4500 Καὶ
2811 4445 3052 4516 Μιχαίας
3079 4445 3136 4497 δέ
3173 4443 3373 4515 ὁμοίως
3408 4443 3770 4496 ἀποκλαίεται

511 4529 587 4584 ita
618 4546 762 4585 nunc
796 4530 910 4602 (74)
945 4531 1133 4586 eodem
1157 4533 1317 4587 modo
1345 4534 1410 4588 de
1445 4532 1651 4604 Spiritu
1682 4532 1799 4602 ejus
1817 4537 2079 4607 propheta

2189 4538 2280 4594 τὸν
2329 4538 2564 4611 Ἰσραὴλ,
2602 4538 2679 4603 ὡς
2713 4537 2833 4608 Θεῷ
2875 4535 3348 4608 προσκρούσαντα,
3379 4535 3552 4604 λέγων
3577 4553 3592 4566 ο
3632 4553 3650 4586 ι
3713 4533 3770 4588 '0

607 4713 699 4853 60)
739 4713 958 4770 Fallax.
987 4713 1130 4769 Psal.
1154 4730 1330 4782 xxx",
1361 4717 1449 4770 17.

610 4784 669 4836 6I
738 4783 928 4851 Prope.
969 4785 1046 4838 Ex
1088 4784 1227 4838 Psal.
1264 4800 1441 4852 chtv,

610 4783 699 4853 6I)
738 4783 928 4856 Prope.
969 4785 1046 4838 Ex
1088 4784 1227 4838 Psal.
1264 4800 1441 4852 chtv,
1501 4784 1569 4856 I9
1611 4785 1748 4855 (seu
1786 4784 1874 4856 IS)
1922 4805 1936 4840 :
1994 4787 2085 4842 ubi

514 4862 693 4925 tamen
744 4854 940 4923 legitur
974 4856 1444 4925 ἐπικαλουμένοις,
1495 4855 1547 4908 id
1582 4854 1684 4920 est,
1723 4874 1742 4906 ι
1783 4854 2087 4911 invocanti-

516 4923 637 5044 ῗῧε,
673 4942 691 4973 ι
725 4938 822 4993 pro
859 4941 879 4976 ‹
929 4923 1260 4980 timentibus.
1310 4944 1328 4976 ι
1366 4926 1500 4982 Vide
1537 4925 1703 4980 etiam
1725 4926 1871 4981 Psal.
1899 4940 2082 4994 Lutv,

587 5061 698 5133 (62)
736 5061 804 5133 ξι
831 5066 998 5133 gigas.
1026 5063 1168 5118 Psal.
1201 5080 1376 5131 xxx",
1405 5065 1490 5122 I6.

533 5130 856 5269 Arabici-
887 5130 1166 5204 Hggwum.
1198 5130 1399 5204 Codex,
1439 5136 1508 5190 δι’
1533 5136 1790 5206 ἀγγέλου.
1844 5135 1990 5208 Lego
2023 5138 2091 5191 δι’

593 5270 706 5341 (64)
744 5272 814 5344 Et
855 5290 1014 5328 nunc.
1071 5275 1207 5344 Agg.
1244 5291 1304 5340 II,
1349 5273 1383 5329 5
1412 5313 1428 5341 ,
1476 5274 1531 5330 6.
1601 5273 1870 5331 Nonnulla
1912 5287 2094 5334 tamen

520 5341 840 5414 intermedia
863 5344 1069 5414 omittit
1092 5341 1366 5414 Didymus.

593 5410 705 5483 (65)
755 5410 863 5483 Var,
890 5414 1009 5483 ﬁlii.
1055 5413 1157 5467 Isa.
1192 5410 1348 5478 'xxx,
1380 5416 1432 5470 1.
1465 5414 1866 5483 Complutensis
1898 5417 2086 5480 editio,

521 5481 899 5554 ρὺαὶςτέκνα
944 5485 1275 5538 ἀποστάται·
1326 5484 1454 5539 τάδε
1507 5481 1656 5554 λέγει
1689 5485 1930 5554 Κύριοςο
1983 5488 2092 5540 Καὶ

522 5551 812 5626 ἐποιήσατε
841 5554 1100 5626 βουλὴν...
1134 5554 1230 5608 καὶ
1259 5555 1529 5626 συνθήκην
1655 5595 1668 5608 .

592 5623 705 5698 (66)
743 5623 885 5698 Ipsi.
918 5623 1017 5679 Isa.
1072 5640 1224 5690 um,
1262 5626 1350 5679 I0.
1366 5623 1528 5698 _V'ide
1560 5633 1672 5698 not.
1703 5623 1800 5698 798,
1844 5641 1966 5698 pag.
2001 5627 2090 5681 54.

593 5694 705 5761 (67)
743 5694 1001 5764 Spiritum
1046 5705 1308 5750 sanctum.
1354 5694 1543 5750 Graeca
1584 5696 1752 5751 editio
1810 5694 2096 5753 bic'addit

525 5761 712 5834 αὑτοῦ,
744 5761 795 5818 id
829 5778 930 5832 est,
968 5786 986 5818 ι
1023 5767 1158 5834 ejus.
1195 5785 1214 5817 ι

595 5832 707 5906 (68)
754 5834 944 5894 Versus
971 5832 1161 5895 asticis.
1195 5836 1379 5896 Gra'ca
1413 5836 1502 5893 ed.
1543 5836 1634 5895 hic
1663 5838 1810 5896 addit
1861 5838 2088 5911 Κύριος,

2195 4719 2247 4774 id
2272 4728 2376 4785 est,
2420 4739 2439 4771 ‹
2474 4721 2754 4777 Dominus.
2786 4739 2806 4773 ›

2263 4783 2376 4857 (69)
2417 4792 2492 4844 Ab
2524 4792 2781 4844 omnibus.
2825 4789 3006 4845 Codex
3047 4809 3061 4846 :
3103 4789 3197 4844 καὶ
3234 4787 3345 4842 ἀπὸ
3371 4785 3480 4841 τῶν
3511 4783 3770 4839 τοιούτων

2193 4859 2434 4913 πάντων.
2463 4861 2793 4916 Coucinnior
2821 4862 3096 4915 videretur
3139 4860 3336 4923 oratio,
3374 4859 3416 4912 si
3447 4857 3768 4926 legeremus,

2192 4931 2288 4983 καὶ
2316 4931 2425 5011 τῷν
2472 4931 2877 5020 άπὸΔτοξούντων
2905 4931 3148 5020 πάντων.
3184 4928 3440 5020 LAlioquin
3472 4927 3768 5020 \legendum

2191 5001 2440 5070 superius
2472 5003 2608 5083 foret
2636 5015 2650 5052 :
2682 5002 2776 5053 ἀπ’
2800 5001 2970 5072 ὀργῆς
3003 5003 3101 5072 μὲν
3135 4999 3265 5070 γὰρ,
3297 5016 3353 5052 κ.
3385 5014 3436 5052 τ.
3472 4997 3556 5082 λ,

2267 5068 2380 5141 (70)
2451 5069 2624 5124 Vitam
2677 5071 2884 5125 ducere.
2948 5070 3127 5127 Codex
3151 5111 3167 5136 ,
3221 5068 3432 5140 ἐξησεν.
3493 5065 3600 5122 Sed
3655 5065 3773 5135 lego

2196 5137 2405 5282 5:152).
2441 5211 2624 5265 Multis
2649 5212 2707 5266 in
2737 5214 2885 5265 locis.
2931 5209 3091 5266 Verbi
3131 5210 3326 5282 gratia,
3361 5208 3560 5266 Ezech.
3593 5222 3654 5271 η,
3703 5206 3772 5271 3;

2200 5281 2333 5350 psal.
2371 5281 2426 5346 τ,
2483 5282 2551 5335 12
2593 5293 2648 5336 et
2694 5283 2842 5335 alibi.

2270 5344 2634 5434 ("ly-iratus.
2710 5350 2779 5406 Ut
2845 5350 2980 5420 psal.
3049 5366 3161 5417 LIX,
3230 5350 3298 5417 I;
3355 5364 3505 5404 num.
3573 5344 3778 5412 xxv,5

2195 5423 2528 5564 ﬁl(E‘lg’i')ml_pii
2551 5508 2690 5546 vero.
2715 5492 2856 5564 Ps9].
2887 5507 2990 5564 cv,
3034 5493 3095 5547 41
3129 5492 3245 5564 (seu
3277 5491 3391 5564 45).

2268 5561 2382 5635 (74)
2422 5562 2511 5616 Ila
2571 5578 2728 5616 nunc.
2784 5561 3084 5635 Hocidem
3140 5561 3518 5635 argumentum
3562 5571 3652 5635 ex_
3682 5571 3776 5610 eo-

2198 5628 2441 5689 rut'ndem
2475 5640 2717 5688 textuum
2751 5633 3042 5689 collatione
3067 5628 3409 5701 desufuptum
3434 5628 3593 5684 aﬂ‘ert
3615 5628 3776 5681 theo—

2196 5706 2348 5774 logus
2389 5713 2591 5828 4n7ostct'
2649 5705 2704 5760 in
2751 5705 2890 5759 libro
2945 5705 3108 5760 etiam
3175 5699 3276 5759 Da
3310 5699 3514 5771 Spiritu
3568 5707 3771 5753 sancto.

2198 5790 2346 5830 num.
2463 5816 2477 5830 .
