4054 6394
322 382 416 439 725
1344 391 1432 445 DE
1471 391 1845 452 TRINITATE
1884 399 2087 457 LIBER
2127 392 2518 455 SECUNDUS.

317 494 461 561 οἶκος
492 497 590 552 τοῦ
651 500 833 555 Ιακὼϐ
872 502 1189 576 παρὼργισε
1245 506 1305 559 τὸ
1343 509 1572 578 Πνεῦμα
1601 511 1829 579 Κυρίου.
1867 532 1884 562 ι

1999 488 2265 583 loquitur,
2296 513 2365 568 ob
2388 506 2725 564 identitatem
2758 504 3008 559 videlicet
3039 502 3272 569 deitatis,
3303 510 3359 558 et
3384 488 3573 579 domi-ﬁ

318 588 425 641 Καὶ
454 590 483 641 6
517 593 971 665 πνευματοφόρος
998 595 1055 649 δὲ
1085 596 1269 661 Δαυῒδ,
1301 597 1361 650 τὸ
1387 599 1523 668 πρὸς
1549 600 1638 652 τὸν
1666 600 1887 671 Πατέρα

320 680 556 751 ἔσότιμον
584 684 679 736 καὶ
724 684 1042 756 ίσοδύναμον
1074 686 1168 741 τοῦ
1206 689 1520 760 Πνεύματος
1566 690 1729 743 αὑτοῦ
1758 707 1883 743 συνι

312 773 609 842 ομολογῶν,
627 779 719 830 καὶ
746 777 806 829 τὸ
824 778 946 848 δίχα
971 780 1063 833 τοῦ
1092 782 1246 849 ἁγίου
1272 784 1410 835 Πνεύ
1420 801 1586 853 ματος
1607 783 1887 854 μηδοτιοῦν

311 864 418 917 τῶν
443 866 663 934 ἀγαθῶν
688 868 952 940 ὑπάρχειν
973 874 1038 942 τῇ
1062 874 1253 939 κτίσει,
1281 873 1497 945 ηὔχετοο
1527 894 1545 924 ι
1575 876 1648 928 Τὸ
1668 875 1890 944 Πνεῦμά

314 973 408 1008 σου
466 959 527 1011 τὸ
577 960 782 1027 ἀγαθὸν
826 961 1085 1033 ὁδηγήσει
1120 982 1187 1034 με
1241 967 1298 1018 ἐν
1336 969 1406 1036 γῇ
1463 966 1675 1037 εὐθείᾳο
1714 985 1731 1017 ι
1772 966 1887 1030 καὶ,

314 1065 331 1095 ι
369 1048 649 1121 Πνεύματι
686 1052 1000 1123 ἡγεμονικῷ
1042 1055 1292 1126 στήριξόν
1334 1072 1432 1127 με’
1487 1076 1505 1108 ι
1542 1057 1687 1110 τοῦτ’
1720 1057 1887 1121 ἐστιν,

309 1137 387 1206 τῷ
416 1138 695 1209 Πνεύματί
726 1158 818 1193 σου
844 1141 923 1212 τῷ
948 1144 1158 1215 ἀρχικῷ
1182 1146 1276 1198 καὶ
1304 1146 1553 1212 ἐξουσίαν
1575 1147 1749 1217 ἔχοντι
1777 1164 1890 1200 στεο

311 1228 537 1297 ρέωσον,
570 1229 633 1282 ἵν’
675 1230 818 1285 οὕτω
847 1232 1060 1305 δυνηθῶ
1098 1237 1197 1306 τῆς
1243 1254 1303 1289 τε
1341 1237 1611 1308 ἁμαρτίας
1659 1237 1890 1309 καθαρι-

311 1319 541 1388 σθῆναι,
579 1323 674 1376 καὶ
714 1324 817 1395 τῆς
864 1329 1200 1398 προφητείας
1251 1330 1324 1401 μὴ
1369 1332 1638 1384 ἐκπεσεῖν.
1680 1333 1791 1385 Καὶ
1832 1334 1890 1385 ἐν

309 1409 629 1484 Εὑαγγελίῳ
662 1419 789 1482 τοὺς
835 1420 1165 1485 ἀποστόλους
1202 1422 1468 1477 διδάσκων
1517 1427 1546 1477 6
1590 1425 1889 1496 Δεσπότης,

304 1499 389 1550 ὅτι
416 1502 514 1571 τῆς
540 1505 733 1558 ἑαυτοῦ
760 1508 1083 1576 ἐπιφανείας
1110 1511 1208 1582 οὐχ
1235 1513 1416 1583 ἥσσων
1443 1513 1595 1567 ἔσται
1622 1517 1655 1588 ἡ
1689 1533 1892 1586 παρου-

307 1592 403 1646 σία
441 1596 534 1649 τοῦ
573 1599 732 1667 ἁγίου
770 1602 1103 1673 Πνεύματος,
1140 1606 1233 1658 καὶ
1283 1608 1315 1676 ὴ
1357 1606 1566 1660 ἐκεῖθεν
1615 1624 1890 1679 περιγινο-

307 1686 450 1759 μένη
495 1693 737 1765 σωτηρία
766 1698 830 1766 τῇ
873 1697 1086 1749 κτίσει·
1123 1697 1240 1750 ἀλλ’
1277 1699 1366 1767 ἴση
1411 1699 1504 1751 καὶ
1546 1701 1579 1771 ἠ
1614 1700 1773 1770 αὑτὴ,
1805 1699 1891 1753 διὰ

303 1777 409 1848 τὴν
438 1781 567 1850 μίαν
596 1783 826 1856 θεότητα
870 1787 962 1839 καὶ
997 1789 1304 1859 ἐνέργειαν,
1336 1789 1482 1858 λέγει
1505 1807 1518 1820 ο
1561 1810 1579 1842 ι
1616 1791 1889 1862 Συμφέρει

304 1869 463 1939 ὑμῖν,
504 1874 590 1927 ἵνα
627 1876 738 1945 ἐγὼ
785 1878 1025 1933 ἀπέλθω.
1084 1881 1208 1934 Ἐὰν
1239 1881 1346 1953 γὰρ
1381 1882 1454 1953 μὴ
1493 1881 1603 1951 ἐγὼ
1647 1883 1887 1949 ἀπέλθω,
1922 1874 1963 1928 Β

300 1962 517 2028 ἐκεῖνος
558 1967 661 2021 οὑκ
704 1969 956 2039 ἔρχεται,
1002 1973 1065 2027 τὸ
1120 1974 1343 2045 Πνεῦμα
1377 1976 1438 2028 τὸ
1470 1975 1644 2044 ἅγιον.
1710 1996 1728 2028 ι
1780 1978 1890 2030 Καὶ

302 2052 600 2124 σύμφωνον
619 2060 674 2112 δὲ
693 2065 756 2133 τῇ
780 2064 973 2117 ἑαυτοῦ
996 2065 1095 2136 τὴν
1117 2066 1207 2118 τοῦ
1231 2066 1387 2133 ἁγίου
1411 2067 1552 2120 Πνεύ
1561 2085 1728 2138 ματος
1748 2068 1890 2122 διδα-

301 2147 536 2202 σκαλίαν
583 2155 896 2223 παριστῶν,
943 2156 1083 2225 ἔφη’
1124 2176 1142 2208 ι
1190 2158 1358 2212 Ὅταν
1403 2160 1530 2234 ἔλθῃ
1563 2161 1624 2214 τὸ
1666 2162 1892 2233 Πνεῦμα

297 2238 370 2292 τὸ
396 2240 571 2309 ἂγιον,
613 2247 788 2300 ἐκεῖνο
827 2249 971 2319 ὑμᾶς
996 2250 1197 2315 διδάξει
1229 2253 1322 2305 καὶ
1358 2254 1662 2325 ἀναμνήσει
1691 2255 1887 2321 πάντα,

297 2331 343 2385 ἃ
368 2328 523 2386 εἷπον
550 2337 704 2406 ὑμῖνο
748 2358 766 2390 ι
798 2342 912 2407 καὶ,
951 2360 968 2392 ι
1016 2343 1130 2396 Οὑκ
1154 2345 1278 2397 ἐστέ
1312 2346 1468 2415 ὑμεῖς
1501 2348 1551 2401 οἱ
1580 2347 1887 2414 λαλοῦντες,

305 2424 452 2479 ἀλλά
473 2427 533 2480 τὸ
569 2430 790 2501 Πνεῦμα
827 2433 920 2487 τοῦ
957 2436 1171 2507 Πατρὸς
1198 2438 1258 2490 τὸ
1289 2438 1481 2493 λαλοῦν
1513 2441 1570 2494 ἐν
1596 2442 1743 2512 ὑμῖν.
1778 2461 1796 2493 ι
1826 2442 1890 2495 El

296 2515 363 2568 δὲ
396 2518 455 2570 τὸ
487 2518 710 2592 Πνεῦμα
750 2524 843 2577 τοῦ
887 2526 1101 2598 Πατρὺς
1138 2529 1400 2598 ὁμότιμον
1443 2529 1521 2601 τῷ
1561 2532 1768 2603 Πατρὶ,
1814 2532 1891 2597 ὡς

298 2609 705 2679 ἀποδέδεικται,
741 2615 1001 2687 ὁμότιμον
1034 2618 1090 2670 δὲ
1137 2620 1231 2673 καὶ
1276 2620 1354 2690 τῷ
1390 2621 1525 2691 Υἱῷ,
1560 2621 1636 2686 ὡς
1681 2622 1891 2693 ὡμολό-

309 2717 471 2771 γηται
495 2719 510 2735 ·
544 2705 724 2775 δῆλον,
752 2708 834 2760 ὃτι
866 2709 965 2779 τὴν
991 2709 1113 2779 ἴσην
1150 2712 1246 2764 καὶ
1272 2713 1409 2784 πρὸς
1440 2711 1674 2785 ἀλλήλας
1706 2713 1889 2785 ἔχουσι

300 2794 490 2863 σχέσιν
536 2798 587 2849 τί
610 2797 748 2851 θεῖαι
772 2800 1115 2865 ὑποστάσεις.
1149 2801 1279 2874 [150
1302 2803 1457 2876 ιι]Τά
1495 2805 1604 2877 γὰρ
1627 2805 1704 2877 τῷ
1737 2808 1886 2879 αὑτῷ

302 2886 422 2954 ἴσα,
459 2889 553 2941 καὶ
582 2889 830 2963 ἀλλήλοις
859 2893 949 2945 ἴσα
970 2893 1185 2957 πάντως
1209 2896 1385 2949 ἐστίν·
1428 2896 1540 2962 ἴσος
1584 2898 1642 2953 δὲ
1684 2901 1712 2951 ὁ
1759 2900 1889 2964 Υἱὸς

312 2977 385 3049 ιτῷ
434 2982 630 3054 Πατρὶ,
686 2984 799 3038 ἴσον
852 2985 908 3039 δὲ
959 2987 1149 3041 καὶτὸ
1207 2988 1431 3060 Πνεῦμα
1470 2989 1548 3061 τῷ
1606 2991 1753 3063 Υἱῷο
1795 2992 1889 3063 δῆ-

304 3078 417 3134 λον,
470 3072 548 3127 ὄτι
585 3075 786 3145 ὁμοίως
849 3078 963 3132 ἴσον
1016 3080 1133 3132 ἐστὶ
1178 3081 1273 3136 καὶ
1330 3081 1408 3152 τῷ
1455 3082 1649 3152 Πατρί.
1710 3081 1885 3137 Αὑτοῦ

311 3166 485 3220 τοίνυν
536 3170 781 3235 εἰπόντος
823 3173 884 3227 τὸ
942 3173 1228 3228 θεσπέσιον
1285 3174 1509 3245 Πνεῦμα
1575 3176 1754 3230 λαλεῖν
1827 3179 1885 3231 ἐν

313 3261 421 3323 τοῖς
448 3261 781 3327 ἀποστόλοις,
808 3266 836 3318 6
866 3265 1095 3329 Παῦλος,
1120 3265 1207 3319 διὰ
1226 3265 1325 3337 τὴν
1349 3265 1758 3338 ἀπαραλλαξίαν
1784 3268 1888 3338 τῆς

306 3352 522 3422 φύσεως
552 3355 648 3409 καὶ
681 3355 920 3429 διδαχῆς,
948 3357 1039 3412 τὸν
1064 3359 1297 3430 Χριστὸν
1338 3358 1672 3432 ἰσχυρίζεται
1705 3361 1885 3415 λαλεῖν

306 3447 368 3499 ἐν
395 3446 562 3517 αὑτῷ,
592 3449 850 3520 γράσωνι
894 3470 912 3502 ι
943 3452 1007 3504 El
1036 3452 1264 3524 δοκιμὴν
1298 3453 1509 3524 ζητεῖτε
1545 3452 1638 3507 τοῦ
1674 3456 1730 3507 ἐν
1763 3455 1887 3524 ἐμοὶ

307 3538 594 3603 λαλοῦντος
626 3541 881 3612 Χριστοῦ.
924 3562 940 3592 ι
974 3543 1314 3614 Σημειωτέον
1339 3544 1418 3608 δὲ,
1465 3545 1540 3609 ὡς
1576 3545 1672 3598 ὅλα
1712 3545 1885 3599 ταῦτα

318 3628 405 3700 τὴν
431 3630 753 3700 ἐπιφάνειαν
784 3633 877 3685 τοῦ
904 3635 1217 3705 Πνεύματος
1246 3636 1575 3700 αὑθεντικῶς
1598 3636 1748 3708 δηλοῖ
1787 3655 1883 3707 γε·

320 3719 567 3790 γενῆσθαι
593 3736 606 3750 ⁸
626 3722 718 3775 καὶ
751 3723 810 3775 ἐν
845 3721 923 3793 τῷ
945 3725 1128 3794 Λουκᾷ
1152 3723 1228 3788 δὲ,
1250 3723 1326 3787 ὡς
1355 3724 1677 3796 προελέχθη,
1702 3726 1888 3797 προεί-

311 3825 479 3879 ρηκεν
502 3810 681 3874 αὐτοῖς
700 3827 714 3841 ·
750 3828 769 3862 ι
815 3810 1005 3881 Ὑμεῖς
1035 3812 1091 3864 δέ
1125 3811 1381 3865 καθίσατε
1405 3813 1461 3865 ἐν
1490 3815 1555 3883 τῇ
1587 3813 1756 3879 πόλει,
1780 3813 1886 3879 ἓως

307 3895 370 3955 οὗ
403 3900 694 3973 ἐνδύσησθε
721 3902 947 3974 δύναμιν
977 3903 1037 3968 ἐξ
1062 3903 1248 3974 ὕψους.
1284 3922 1303 3955 ι
1333 3904 1481 3976 Αὕτη
1506 3905 1565 3959 δὲ
1591 3905 1885 3978 ἐτύγχανεν

314 3993 465 4062 ῆτοῦ
503 3992 681 4048 θεῖκοῦ
713 3995 1048 4065 Πνεὺματος.

3456 388 3581 513 ’72Βῖ

1994 607 2251 667 nationis,
2274 614 2327 658 et
2354 599 2628 671 ιιοιίιιιιίιιι.
2667 596 2921 651 Michzeas
2950 609 3079 651 vero
3107 593 3357 649 similiter
3386 587 3573 669 lsrae-j

1991 697 2093 750 lem
2126 738 2139 761 ,
2194 697 2285 765 qui
2344 696 2508 747 Deum
2568 689 2905 751 offenderat,
2954 687 3203 757 deplorat
3264 685 3564 755 inquiens:

1999 809 2017 841 ι
2049 789 2252 842 Domus
2281 786 2391 856 (75)
2421 783 2588 839 Jacob
2618 788 2683 836 ad
2719 780 3071 835 iracundiam
3102 779 3415 849 provocavit
3442 777 3567 847 Spi-

1993 882 2156 933 ritum
2193 878 2426 932 Domini.
2451 894 2469 926 ›
2503 875 2569 930 Et
2621 872 2884 944 spiritifer
2913 870 3076 924 David
3120 869 3378 939 Spiritum
3411 883 3566 922 eam-

1994 972 2116 1024 dem
2155 984 2276 1022 cum
2324 967 2486 1021 Patre
2529 967 2847 1035 dignitatem
2903 977 2967 1017 ac
3014 960 3309 1031 potentiam
3343 959 3563 1026 habere,

1995 1061 2312 1130 nullumque
2340 1059 2429 1112 ulli
2460 1067 2725 1112 creaturae
2763 1056 2961 1108 bonum
2988 1053 3108 1106 sine
3137 1050 3340 1120 Spiritu
3377 1061 3569 1105 sancto

2004 1167 2127 1207 esse
2150 1150 2434 1215 conﬁtens,
2462 1149 2536 1203 ita
2593 1145 2919 1216 precabatur
2952 1162 2967 1198 ι
2999 1162 3018 1195 ι
3053 1142 3287 1214 Spiritus
3316 1142 3429 1213 (76)
3444 1152 3569 1197 tuus

1991 1238 2165 1298 bonus
2189 1244 2417 1298 deducet
2444 1257 2529 1297 me
2563 1243 2617 1296 in
2643 1250 2785 1295 terra
2823 1247 3005 1303 recta;
3039 1256 3057 1289 ι
3083 1247 3137 1291 et
3158 1254 3172 1290 :
3195 1236 3432 1307 «Spiritu
3452 1235 3566 1309 (7'7)

1993 1335 2278 1406 principali
2312 1334 2571 1389 confirma
2599 1348 2704 1396 me,
2739 1350 2758 1383 ι
2801 1331 2853 1386 id
2880 1340 2986 1394 est,
3015 1330 3219 1399 Spiritu
3270 1338 3360 1385 tuo
3392 1329 3567 1384 domi-

1993 1437 2184 1482 natore
2236 1436 2292 1482 et
2341 1435 2658 1496 potestatem
2715 1424 2949 1477 habente
3000 1421 3291 1477 corrobora
3355 1436 3472 1486 me,
3508 1430 3567 1475 ut

1991 1519 2071 1574 sic
2099 1520 2303 1587 possim
2328 1529 2381 1573 et
2413 1534 2443 1571 a
2467 1528 2691 1588 peccato
2720 1515 2990 1580 mundari,
3019 1524 3073 1568 et
3097 1529 3126 1566 a
3158 1513 3434 1583 prOpbetia
3459 1529 3566 1568 non

1992 1612 2264 1667 excidere.
2298 1612 2374 1667 Ac
2406 1612 2459 1666 in
2486 1611 2783 1681 Evangelio
2836 1607 3106 1678 apostolos
3159 1608 3356 1661 docens
3383 1606 3568 1663 Domi-

1990 1720 2113 1771 nus,
2147 1704 2318 1775 ipsius
2354 1704 2791 1757 manileslatione
2818 1702 3104 1766 minorem,
3135 1709 3229 1753 aut
3268 1699 3446 1753 minus
3475 1713 3570 1752 ex-

1993 1797 2277 1852 cellentem
2307 1812 2413 1851 non
2448 1798 2563 1850 fore
2614 1796 2902 1849 adventum
2951 1791 3186 1863 Spiritus
3227 1791 3438 1858 sancti;
3466 1804 3567 1846 nec

1993 1887 2161 1953 illam,
2195 1902 2315 1957 quae
2346 1887 2470 1940 inde
2499 1886 2677 1939 futura
2708 1895 2848 1953 erat,
2899 1893 3275 1940 creaturarum
3303 1880 3562 1944 salutem;

1993 1982 2084 2038 sed
2118 1982 2378 2051 :rqualem
2434 1990 2721 2048 utramque
2768 1992 2889 2032 esse
2938 1986 2993 2032 et
3035 1977 3302 2041 eamdem,
3345 1981 3565 2043 propter

1991 2075 2212 2130 deitatis
2272 2081 2327 2127 et
2382 2072 2710 2142 operationis
2764 2070 3049 2135 unitatem,
3110 2066 3392 2121 deciarans
3445 2064 3560 2118 ait:

1999 2188 2017 2220 ι
2055 2166 2280 2221 ProdeSt
2303 2165 2414 2236 (78)
2444 2164 2626 2230 vobis,
2658 2172 2717 2216 ut
2749 2176 2850 2232 ego
2879 2164 3067 2215 abeam
3107 2178 3120 2213 :
3161 2158 3264 2213 nisi
3290 2157 3433 2213 enim
3461 2170 3565 2224 ego

1994 2259 2203 2322 abiero,
2239 2258 2328 2313 ille
2365 2273 2467 2312 non
2498 2256 2644 2310 venit
2674 2255 2739 2308 ad
2768 2269 2881 2316 vos,
2914 2252 3149 2321 Spiritus
3173 2261 3412 2305 sanctus.
3441 2266 3459 2300 ι
3500 2248 3567 2303 Ει

1991 2351 2289 2406 doctrinam
2322 2364 2477 2403 suam
2497 2349 2759 2403 doctrinae
2783 2345 3019 2415 Spiritus
3041 2343 3213 2398 sancti
3238 2341 3565 2396 concordem

1990 2441 2394 2505 demonstrans,
2425 2442 2600 2510 inquit
2633 2458 2646 2494 :
2683 2458 2702 2491 ι
2734 2438 2869 2494 Cum
2927 2436 3133 2491 venerit
3187 2436 3300 2507 (79)
3331 2433 3567 2504 Spiritus

1991 2542 2235 2597 sanctus,
2265 2533 2357 2587 ille
2390 2548 2486 2588 vos
2528 2531 2766 2595 docebit,
2798 2538 2855 2585 et
2907 2537 3163 2600 suggeret
3204 2529 3411 2593 omnia,
3445 2542 3567 2597 qua:
3637 2524 3647 2540 ³

1990 2624 2100 2680 dixi
2129 2625 2316 2687 vobis;
2347 2642 2365 2675 ι
2403 2634 2488 2678 et:
2529 2644 2546 2675 ι
2580 2621 2695 2677 Νοιι
2724 2622 2857 2676 estis
2885 2620 2997 2692 (80)
3024 2636 3117 2675 vos
3142 2621 3232 2690 qui
3259 2620 3566 2688 loquimini,

1990 2717 2083 2769 sed
2117 2714 2354 2784 Spiritus
2385 2714 2564 2768 Patris
2587 2715 2677 2782 qui
2714 2714 2953 2783 loquitur
2998 2711 3050 2765 in
3085 2711 3259 2764 vobis.
3290 2730 3308 2763 ι
3339 2709 3492 2777 Quod
3520 2712 3567 2766 si

1993 2804 2230 2875 Spiritus
2267 2802 2447 2857 Patris
2469 2803 2732 2873 dignitate
2748 2801 2971 2872 aequalis
3001 2811 3084 2857 est
3118 2800 3284 2866 Patri,
3307 2811 3567 2859 utosten-

1989 2903 2236 2960 sumest,
2270 2909 2334 2949 ac
2392 2898 2437 2948 si
2473 2894 2612 2947 idem
2669 2896 2932 2965 dignitate
2993 2894 3216 2963 aequalis
3263 2903 3347 2952 est
3402 2894 3566 2950 etiam

1990 2986 2147 3051 Filio,
2186 2997 2245 3041 ut
2291 2995 2375 3040 est
2420 2986 2474 3040 in
2522 2985 2810 3051 confesso,
2860 2996 3084 3056 apparet
3160 2986 3420 3056 aequalem
3453 2986 3565 3059 (8t)

1987 3078 2151 3133 etiam
2187 3077 2333 3132 inter
2361 3091 2419 3133 se
2455 3076 2769 3132 relationem
2802 3078 3003 3133 habere
3055 3078 3264 3134 divinas
3306 3079 3568 3149 hyposta-

1989 3186 2097 3226 ses.
2128 3170 2258 3237 Qua:
2286 3171 2429 3224 enim
2461 3180 2585 3224 sunt
2620 3170 2793 3225 eidem
2846 3169 3073 3240 aequalia
3094 3213 3109 3238 ,
3144 3173 3308 3226 etiam
3340 3174 3480 3227 inter
3507 3187 3567 3227 se

1988 3264 2215 3333 aequalia
2241 3264 2462 3318 omnino
2493 3271 2619 3318 sunt
2653 3281 2665 3316 :
2703 3264 2850 3333 atqui
2878 3264 3099 3333 aequalis
3140 3274 3225 3321 est
3253 3265 3421 3321 Filius
3458 3264 3565 3318 Pa-

1989 3355 2081 3421 tri,
2105 3362 2158 3409 et
2177 3354 2397 3423 aequalis
2426 3363 2507 3407 est
2528 3354 2691 3408 etiam
2729 3354 2963 3422 Spiritus
3023 3354 3195 3410 Filio:
3222 3355 3385 3426 283
3434 3371 3577 3427 perm

1989 3447 2233 3516 spicuum
2269 3456 2352 3501 est
2386 3446 2819 3515 ergo,Spiritum
2852 3448 3105 3503 similiter
3145 3450 3406 3519 aequalem
3439 3465 3562 3506 esse

1987 3539 2149 3593 etiam
2181 3537 2349 3592 Patri.
2380 3538 2512 3593 Cum
2552 3540 2713 3609 igitur
2758 3539 3000 3594 divinum
3030 3540 3287 3608 Spiritum
3321 3542 3374 3595 in
3430 3558 3564 3612 apo-

1992 3630 2145 3685 stolis
2179 3630 2321 3699 loqui
2362 3630 2562 3685 dixerit
2592 3631 2707 3700 ipse
2751 3630 2963 3697 Filius;
3016 3631 3215 3687 Paulus
3245 3634 3470 3701 pariter,
3495 3638 3565 3689 ob

1993 3733 2198 3777 natura:
2254 3738 2318 3776 ac
2365 3722 2623 3776 doctrinae
2657 3721 2797 3776 nulla
2836 3723 2886 3776 in
2916 3739 2973 3778 re
3017 3724 3374 3793 discrepantis
3414 3726 3568 3780 iden-

1994 3814 2228 3877 titatem,
2286 3813 2559 3868 Christum
2583 3813 2637 3867 in
2669 3829 2728 3868 se
2776 3812 2919 3884 loqui
2952 3826 3251 3879 asseverat,
3282 3817 3406 3871 dum
3430 3819 3570 3872 scri-

1994 3905 2106 3960 bit:
2146 3925 2165 3958 (
2202 3905 2258 3961 Si
2280 3908 2721 3983 experimentum
2764 3906 2878 3977 (82)
2928 3908 3172 3977 quaeritis
3213 3908 3353 3977 ejus,
3385 3910 3476 3980 qui
3510 3910 3568 3965 in

1996 4011 2082 4051 me
2112 3995 2372 4066 loquitur,
2401 3996 2629 4051 Christi.
2675 3996 3082 4053 Observandum
3133 4014 3295 4069 porro
3340 4000 3431 4056 hic
3460 4010 3567 4067 est,

311 4089 397 4143 his
424 4089 674 4142 omnibus
710 4091 997 4143 adventum
1064 4087 1300 4158 Spiritus
1365 4106 1431 4145 ex
1478 4090 1647 4159 ipsius
1676 4100 1947 4159 potestate
1985 4089 2184 4145 factum
2218 4089 2450 4144 ostendi.
2494 4088 2548 4142 In
2601 4088 2742 4143 Luca
2798 4105 2951 4157 vero,
2985 4099 3045 4145 ut
3091 4102 3246 4145 antea
3313 4089 3426 4162 (85)
3486 4093 3569 4148 di-

310 4186 457 4231 ctum
497 4188 596 4246 est,
654 4179 785 4248 ipsis
836 4178 1095 4248 apostolis
1126 4179 1373 4250 praedixit
1398 4179 1649 4234 Christus
1680 4196 1694 4233 :
1726 4197 1747 4231 ι
1775 4179 1883 4236 Vos
1919 4190 2099 4236 autem
2130 4178 2243 4251 (84)
2272 4178 2453 4235 sedete
2479 4179 2532 4233 in
2567 4178 2809 4247 civitate,
2838 4182 3011 4237 donec
3043 4183 3336 4236 induamini
3368 4183 3570 4238 virtute

308 4287 377 4326 es
414 4272 557 4339 alto;
581 4291 599 4323 ι
638 4272 834 4327 virtute
860 4271 1068 4327 scilicet
1092 4271 1257 4327 divini
1294 4272 1545 4328 Sniritus.

945 4366 1101 4420 ΚΕΦ.
1146 4364 1248 4420 IH'.

385 4459 613 4512 Ἥντινα
669 4457 841 4530 ἀλκὴν
898 4458 1246 4530 ἐνδυσάμενοι
1287 4460 1387 4512 οὑκ
1427 4458 1508 4513 ἔτι
1547 4446 1890 4530 εὐκατάπλη-

308 4566 431 4603 κτοι
480 4549 906 4621 καθεστήκεσαν,
940 4550 1016 4615 ὡς
1049 4549 1378 4622 γέγραπται,
1402 4550 1484 4604 ὅτι
1512 4547 1652 4623 ἦσαν
1682 4551 1890 4606 κεκλει-

311 4643 509 4715 σμέναι
539 4645 593 4696 al
629 4643 810 4715 θύραι,
842 4642 949 4698 τῶν
976 4641 1233 4714 μαθητῶν
1259 4644 1646 4716 κρυπτομένων
1672 4644 1769 4719 ,διὰ
1799 4644 1889 4699 τὸν

309 4735 479 4805 φόϐον
527 4735 633 4789 τῶν
700 4735 983 4802 Ἰουδαίων,
1037 4735 1132 4789 καὶ
1172 4735 1253 4788 ὅτι
1286 4735 1490 4807 Πέτρος
1526 4738 1555 4788 6
1596 4735 1890 4805 πρόκριτος

385 4914 498 4980 (75)
545 4914 759 4968 Domus.
789 4913 951 4968 Mich.
985 4929 1046 4975 ιι,
1092 4914 1147 4967 7.
1187 4910 1414 4982 Vulgata
1455 4911 1736 4982 translatio
1776 4912 1889 4966 haec

314 5003 422 5039 non
464 4985 658 5050 habet,
705 4986 801 5040 sed
838 4986 1086 5056 leguntur
1133 4986 1185 5037 in
1224 4980 1411 5038 Graeca
1437 4980 1579 5035 LXX.
1628 4982 1891 5052 Interpren

312 5069 450 5110 ὶιΙΙῐὶ.

387 5124 499 5193 (76)
558 5122 806 5185 Spiritus.
874 5123 1021 5179 Psal.
1088 5139 1254 5189 cxut,
1314 5121 1382 5176 {2
1440 5122 1554 5193 (seu
1618 5121 1731 5188 10).
1810 5121 1890 5176 Si-

316 5194 465 5266 milia
495 5210 627 5266 vero
646 5210 713 5266 fx
744 5197 849 5251 hoc
880 5194 1074 5263 psalmi
1103 5193 1370 5266 versiculo
1396 5194 1599 5266 colligit
1632 5193 1891 5264 Didymus

313 5267 371 5321 in
414 5264 506 5318 lib.
539 5263 612 5317 De
634 5263 836 5331 Spiritu
868 5262 1070 5325 sancto,
1098 5279 1244 5317 num.
1274 5262 1363 5317 55.

412 5333 504 5404 77)
543 5332 768 5404 Spiritu.
834 5334 979 5389 Psal.
1036 5349 1089 5397 L,
1146 5332 1509 5404 13(seuAM).

413 5401 500 5476 78)
542 5403 787 5476 Prodest.
826 5404 1130 5476 Joanuxvr,
1160 5402 1213 5476 7,
1252 5401 1340 5476 ubi
1366 5401 1552 5476 Gneca
1590 5401 1761 5476 editig
1792 5403 1892 5476 ha-

314 5471 411 5563 bs?
432 5471 778 5563 ἐξενιιφέρει.
806 5516 837 5563 -,
976 5472 1104 5563 ἐἶεν
1126 5472 1249 5563 κὰρ,
1267 5471 1344 5563 μὴ
1376 5472 1614 5540 ἀπέλθωι
1643 5474 1672 5526 δ
1713 5473 1892 5546 Παρά-

316 5545 515 5616 κλητος
539 5543 639 5616 οὑκ
663 5543 956 5616 ἐλεύσεται-
970 5543 1107 5616 πρὸς
1138 5545 1169 5597 ὑ
1176 5544 1304 5616 μᾶς2

390 5610 500 5685 (79)
540 5615 671 5668 Cum
695 5618 905 5670 venerit.
930 5610 1087 5685 Joan.
1106 5610 1220 5676 xiv,
1243 5610 1335 5668 26.
1359 5613 1530 5670 Voces
1556 5622 1731 5670 tamen
1760 5613 1884 5685 illae,

316 5684 451 5757 δταν
485 5685 651 5757 ἔλθῃ,
710 5686 837 5757 ιιιιο
873 5684 1143 5757 translatae
1190 5694 1422 5757 sunt‘ex
1446 5756 1457 5757 η
1487 5699 1620 5757 cap._
1673 5700 1760 5752 xv,
1791 5684 1883 5757 26.

324 5699 451 5762 οταν
485 5699 651 5759 smn,
710 5699 815 5740 nuc
873 5699 1143 5767 tranSIatae
1190 5699 1315 5739 sunt
1356 5699 1422 5739 ex
1487 5699 1605 5809 cal).
1673 5700 1760 5752 xv,
1791 5699 1883 5741 20'.

324 5755 745 5828 gaingcapaxtv,
772 5754 942 5828 2681c
966 5755 1199 5828 legitur:
1236 5752 1534 5828 :0_6s_Ijap
1573 5755 1790 5828 κλητος,
1824 5756 1888 5810 τὸ

324 5823 558 5898 Πνεῦμα
578 5825 642 5880 τὸ
660 5825 858 5896 ἅγιον..
870 5865 906 5882 ..
921 5823 1129 5890 ἐκεῖνος
1144 5825 1289 5897 ὑμᾶς
1303 5823 1513 5891 διδάξει
1546 5823 1722 5882 πάντα
1741 5867 1755 5894 ,
1792 5828 1885 5882 καὶ

1916 4372 1968 4433 1)

2591 4366 2742 4422 CAP.
2783 4366 2967 4421 Χνιη.

2068 4459 2181 4527 Qua
2215 4461 2264 4515 vi
2300 4475 2364 4515 ac
2411 4460 2733 4514 strenuitate
2781 4468 3067 4529 postquam
3124 4460 3291 4514 induti
3328 4458 3565 4530 fuerunt,

1996 4567 2103 4606 non
2135 4551 2371 4621 amplius
2405 4551 2563 4606 facile
2591 4549 2951 4620 perterreﬁeri
2980 4559 3227 4619 potuere;
3275 4550 3418 4606 sicut
3443 4563 3569 4609 tunc

1996 4644 2316 4715 contigerat,
2364 4644 2602 4711 quando,
2654 4650 2715 4696 ut
2770 4643 3031 4710 scriptum
3066 4651 3150 4697 est
3188 4641 3324 4713 (85),
3371 4642 3571 4701 clausas

1998 4744 2154 4790 erant
2188 4743 2375 4802 portae,
2400 4731 2677 4800 discipulis
2722 4744 2843 4786 sese
2886 4729 3287 4786 occultantibus
3348 4742 3572 4805 prepter

1993 4911 2300 4983 ὑπομνήσει
2340 4909 2487 4983 ὑμᾶς
2509 4908 2697 4983 παντα-
2726 4907 2763 4961 ἃ
2794 4904 2946 4983 εἷπον
2974 4906 3122 4978 ὑμῖν.

2063 4931 2099 4967 :o
2145 4930 2300 4983 νησει
2340 4930 2487 4980 υμας
2509 4930 2687 4962 παντα
2726 4930 2763 4961 α
2794 4930 2946 4960 ειπον

2063 4930 2175 5049 (ὥ)
2212 4978 2336 5049 Non
2369 4981 2516 5033 estis.
2552 4980 2741 5049 Matth.
2777 4994 2830 5049 ι.
2874 4979 2967 5032 20.

2063 5045 2175 5124 (ει)
2214 5047 2522 5124 {liqua/em.
2561 5048 2768 5110 Codex,
2794 5046 2948 5124 ᾖοης.
2994 5047 3099 5103 Sed
3134 5045 3430 5124 Iegofcqv‘.

2059 5115 2171 5195 (82)
2203 5115 2737 5195 Sigexperimfnnrm.
2875 5115 3000 5172 Cor.
3039 5115 3210 5195 Διιιιιί
3264 5117 3319 5170 3.
3367 5115 3570 5173 Graeca

1993 5187 2161 5248 editio
2198 5209 2211 5244 :
2255 5189 2430 5242 Ἐπεὶ.
2453 5228 2467 5243 .
2488 5229 2501 5243 .
2521 5187 2758 5259 ζητεῖτε,
2788 5187 2841 5241 id
2871 5198 2956 5259 est
2987 5205 3007 5239 ι
3031 5189 3326 5256 Quoniam.
3347 5224 3361 5239 .
3382 5227 3397 5240 .
3413 5204 3569 5259 quae-

1992 5265 2113 5318 ritis
2148 5276 2163 5314 :
2206 5280 2226 5313 ι
2262 5257 2732 5330 quam_l_ec_tionem
2761 5257 3011 5330 superius
3043 5268 3260 5330 secutus
3286 5266 3370 5330 est
3411 5257 3569 5329 Didy-

1992 5348 2116 5387 mus
2145 5325 2294 5400 pag.'
2314 5327 2404 5385 δι.
2423 5327 2694 5400 _Vulgatus
2731 5325 2874 5381 vero
2900 5327 3000 5383 int.
3036 5328 3233 5400 legisse
3261 5325 3474 5382 videtur
3504 5325 3569 5400 ut

1992 5396 2254 5472 Didymus
2283 5400 2386 5472 hoc
2421 5396 2657 5472 inloco,
2682 5413 2804 5472 cum
2829 5407 3011 5472 vertat
3042 5418 3055 5456 :
3096 5396 3118 5451 ι
3156 5398 3328 5472 An...
3363 5396 3567 5472 quaeri-

1997 5466 2114 5528 tis?
2140 5488 2160 5523 ι
2198 5468 2385 5526 vocula
2415 5470 2563 5540 enim
2592 5471 2662 5536 el,
2688 5468 2739 5523 id
2765 5475 2850 5523 est
2883 5485 2903 5520 ι
2943 5469 3033 5540 si,
3070 5489 3090 5524 ι
3125 5483 3267 5540 εωυο
3289 5468 3347 5524 in
3380 5466 3569 5524 Bibliil

1996 5541 2157 5606 valet,
2183 5559 2203 5592 ι
2236 5537 2498 5611 nunquid.
2536 5557 2556 5591 ι

2091 5612 2182 5682 85)
2212 5607 2401 5682 Antea.
2433 5607 2639 5682 Nempe
2671 5623 2845 5682 segm.
2877 5613 2969 5670 τε.

2087 5673 2328 5806 8426);.“
2371 5673 2763 5738 autemCLuc.‘
2791 5698 2922 5738 xxrv
2947 5722 2965 5751 ,
3027 5682 3118 5740 49.
3160 5679 3288 5739 Vide
3318 5682 3433 5737 not.
3469 5673 3575 5735 6L-

2032 5769 2116 5808 ιια.
2156 5769 2279 5806 ‘IOI.

1992 5769 2116 5827 pag.
2156 5769 2279 5806 ιω.

2068 5822 2181 5896 (85)
2213 5820 2478 5893 Scriptum
2498 5830 2595 5879 est.
2630 5821 2787 5881 Jonn.
2823 5841 2916 5892 xx,
2949 5822 3036 5880 l9.
