4054 6446
462 397 564 453 799

1446 456 1455 465 ,
1529 400 1618 456 DE
1656 400 2036 458 TRINITATE
2074 403 2279 461 LIBER
2319 407 2708 467 SECUNDUS.

3631 406 3737 459 730

457 515 551 569 καὶ
570 512 790 584 ἑτέραις
818 512 1141 583 γλώσσαις,ι
1154 512 1685 586 καθὼς,ι‹ρησὶν,‹τδ
1703 515 1929 586 Πνεῦμα
1951 515 2045 569 ἐδί·

2161 535 2275 573 ram
2303 520 2413 593 (97)
2444 521 2832 591 despiciebant,
2863 526 2921 575 et
2963 517 3173 576 divitiis
3216 518 3522 589 superiores
3554 529 3734 586 erant,

460 610 544 660 5ου
572 606 1015 676 ἀποφθέγγεσθαι
1052 607 1422 671 αὐτούςοικαὶ
1447 608 1701 663 συνίεσαν
1743 609 1960 680 ὁμιλίαν
1997 611 2049 663 οἱ

460 696 731 752 Γαλιλαῖοι
758 698 1013 769 Πάρθων,
1044 700 1266 769 Μήδων,
1311 700 1559 772 Περσῶν,
1601 702 1699 754 καὶ
1742 702 2048 774 ἀλλοθρόων

458 789 632 844 ἄλλων
675 789 1003 861 ἀνθρώπων,
1039 790 1198 844 ἔτιδὲ
1236 793 1327 845 καὶ
1353 792 1452 864 τὴν
1488 793 1716 847 Ἐλλάδα
1748 796 1842 848 καὶ
1873 795 2049 849 Αὐσο-

462 881 577 936 νίαν
605 883 851 951 γλῶτταν
875 899 889 913 ’
935 881 1241 952 πολύφωνοί
1284 901 1343 937 τε
1392 885 1659 953 ἐγίνοντο.
1704 887 1799 940 καὶ
1847 886 2051 941 ἀνεδεί-

458 991 670 1038 ⁴μινυντο,
700 968 940 1046 οἷοίπερ
988 977 1045 1029 ἐν
1096 976 1176 1046 τῷ
1220 975 1465 1047 μέλλοντι
1511 976 1667 1029 αἰῶνι
1704 977 2055 1048 εὑρίσκεσθαι

460 1066 746 1138 μέλλομεν,
793 1066 901 1120 τῶν
953 1067 1108 1123 τοῦδε
1162 1070 1256 1124 τοῦ
1305 1071 1511 1142 κόσμου
1564 1070 1928 1134 ἀπολυθέντες
1969 1071 2055 1126 δε-

458 1157 635 1228 σμῶν,
663 1159 802 1214 κατά
827 1161 926 1233 τὴν
954 1161 1168 1215 Παύλου
1199 1164 1385 1231 φωνήν
1402 1180 1415 1193 ·
1451 1181 1469 1214 ι
1503 1164 1677 1216 Ὅπου
1698 1163 1797 1217 οὐκ
1821 1162 1902 1216 ἔνι
1925 1164 2052 1216 "El-

460 1256 578 1320 λην,
633 1252 928 1325 βάρϐαρος,
981 1254 1228 1325 Σκύθης’
1263 1256 1398 1310 ἀλλὰ
1446 1254 1515 1308 τὰ
1564 1255 1742 1309 πάντα
1787 1256 1845 1308 ὲν
1886 1257 2051 1309 πᾶσιν

459 1342 711 1412 Χριστός.
745 1363 764 1395 ι
803 1345 1077 1418 Πρόδηλον
1100 1347 1178 1409 δὲ,
1212 1346 1287 1411 ὡς
1307 1347 1393 1401 διὰ
1415 1346 1475 1400 τὸ
1498 1347 1601 1418 τῆς
1623 1346 1851 1417 Τριάδος
1883 1363 2050 1399 ταυτ-

460 1431 639 1488 ούσιον
663 1430 846 1489 εἶπενο
892 1455 911 1488 ι
942 1438 1129 1493 Πάντα
1161 1441 1220 1492 ἐν
1253 1440 1418 1493 πᾶσιν
1441 1438 1677 1510 Χριστός
1696 1455 1710 1469 ο
1754 1457 1773 1491 ι
1805 1438 1928 1491 ἐπεὶ
1943 1434 2049 1490 ποῦ

461 1523 2048 1597 ζητοῦμεντδν.....................

2161 630 2286 669 cum
2344 616 2744 671 indcﬁcientcm
2805 616 3119 671 thesaurum
3184 616 3448 670 haberent
3500 614 3739 686 Spiritus

2157 706 2355 760 sancti.
2390 705 2774 776 Loquebanlur
2808 720 2936 760 vero
2984 705 3147 758 etiam
3203 703 3320 758 aliis
3355 703 3548 775 linguis
3599 704 3737 776 (98),

2164 808 2371 866 tprout
2430 799 2668 867 Spiritus
2730 798 2927 866 (inquit
2980 795 3283 866 Scriptura)
3331 796 3490 849 dahat
3559 795 3738 865 eloqui

2158 890 2333 957 ipsus;
2361 909 2379 940 ι
2423 900 2478 944 et
2510 906 2818 944 Sermonem
2859 887 3452 959 inlt-lligebantGalila'i
3490 888 3741 942 homines

2161 978 2512 1039 Parthorum.
2569 979 2892 1045 Medorum,
2948 977 3237 1035 Persarum
3285 977 3439 1049 (99),
3484 978 3742 1032 aliorum-

2160 1070 2370 1144 que(l)
2403 1074 2636 1126 diversis
2696 1071 2860 1143 285
2912 1072 3110 1141 linguis
3166 1071 3498 1139 loquentium
3563 1068 3742 1123 homi-

2162 1179 2314 1228 num,
2345 1174 2399 1216 cl
2424 1163 2668 1218 Cra-cam
2701 1164 2777 1235 (2)
2815 1167 3036 1234 insuper
3108 1176 3273 1233 atque
3332 1162 3629 1217 Ausoniam
3664 1159 3740 1233 (3)

2160 1252 2395 1324 linguam
2427 1273 2440 1308 :
2474 1255 2656 1308 multis
2693 1271 2823 1310 vero
2875 1256 2974 1324 ipsi
3016 1255 3213 1326 linguis
3272 1254 3650 1324 loquebantur,
3676 1269 3741 1310 ac

2161 1345 2296 1400 tales
2331 1361 2451 1399 sese
2476 1346 2831 1414 exhibebant,
2862 1348 3048 1418 quales
3080 1364 3177 1402 nos
3225 1348 3276 1402 in
3317 1348 3497 1401 l'uturo
3519 1346 3739 1414 szeculo,

2158 1453 2282 1493 cum
2311 1439 2380 1494 ab
2408 1438 2568 1507 hujus
2598 1440 2781 1494 mundi
2808 1440 3043 1494 vinculis
3085 1439 3298 1495 liberati
3329 1438 3616 1505 fuerimus,
3657 1439 3746 1495 in-

2155 1528 2612 1597 veniemurjuxta
2649 1531 2776 1585 illud
2811 1531 2959 1587 Pauli
2993 1549 3006 1585 :
3046 1551 3063 1583 ι
3098 1531 3201 1588 Ubi
3238 1531 3315 1602 (4)
3347 1548 3451 1586 non
3476 1540 3557 1587 est
3584 1529 3741 1588 Grae-

461 1634 580 1680 αις,
607 1619 893 1688 barbarus,
928 1620 1159 1694 Scytha;
1188 1622 1282 1678 sed
1312 1622 1571 1678 omniain
1591 1622 1843 1678 omnibus
1901 1623 2218 1677 Christus.»
2257 1620 2598 1677 Manifestum
2661 1632 2746 1678 est
2799 1634 3002 1684 autem.
3045 1623 3165 1677 ideo
3236 1623 3459 1678 Paulum
3514 1623 3739 1691 dixisse,

469 1728 488 1760 ι
517 1708 710 1766 Omnia
746 1714 798 1766 in
865 1714 1118 1771 omnibus
1150 1714 1471 1779 Christus,»
1515 1714 1653 1784 quod
1706 1729 1812 1768 una
1878 1714 2178 1782 eademque
2236 1712 2307 1768 sit
2381 1712 2668 1768 Trinitatis
2704 1713 2978 1768 essentia:
3019 1713 3258 1784 alioquin
3318 1714 3537 1769 ubinam
3592 1731 3745 1786 qua:-

471 1797 2048 1870 ritnus(5)......................

1103 1898 1264 1952 ΚΕΦ.
1299 1896 1379 1951 18'
1387 1936 1402 1952 .

462 2078 497 2149 ἢ
526 2079 556 2131 ὁ
595 2076 786 2151 Πατὴρ
833 2077 1316 2152 ἑνηνθρωπηκέναι
1365 2081 1665 2153 νομισθείη.
1709 2081 1783 2134 Τὸ
1837 2079 1960 2153 ἷιὸί
1991 2079 2045 2153 τι]

464 2166 560 2220 καὶ
603 2166 858 2239 περὶτοῦ
898 2168 1054 2236 ἁγίου
1099 2168 1419 2237 Πνεύματος
1467 2167 1728 2239 ἀμυδρῶς
1768 2165 1905 2238 ὁμοῦ
1951 2166 2048 2219 καὶ

464 2257 748 2328 τηλαυγῶς
787 2259 1182 2330 ἐμνημόνευεν,
1220 2259 1357 2331 πρὸς
1386 2260 1448 2312 τὸ
1484 2260 1681 2321 αὐτοὺς
1707 2258 1848 2311 κατά
1883 2259 2048 2328 μέρος

464 2346 564 2417 τὴν
604 2345 728 2416 ὄψιν
779 2348 1184 2419 φωτιζομένους
1231 2349 1311 2412 είς
1354 2350 1542 2419 νόησιν
1582 2347 1697 2400 τῶν
1749 2347 1911 2401 θείων
1961 2346 2051 2399 λο-

464 2437 618 2507 γίων,
670 2439 794 2504 καὶ,
828 2440 969 2493 κατά
985 2441 1078 2494 τὸν
1118 2440 1347 2503 Παῦλον,
1384 2440 1522 2494 «ἀπὸ
1541 2439 1699 2512 δόξης
1733 2441 1813 2502 είς
1857 2437 2045 2505 δόξανι

466 2529 828 2600 ἐρχομένους,
853 2531 1147 2604 δυνηθῆναι
1196 2532 1388 2604 μαθεῖν
1421 2530 1522 2596 τὰς
1568 2529 1876 2596 αὐτοτελεῖς
1902 2534 2052 2604 τρεῖς

466 2622 809 2688 ὑποστάσεις.
863 2626 975 2679 Καὶ
1028 2623 1178 2679 τοῦτό
1224 2626 1373 2678 ἐστιν
1414 2625 1551 2697 ὅπερ
1586 2625 1643 2679 ὲν
1697 2623 1761 2689 ιζ’
1817 2624 2048 2697 φέρεται

464 2713 696 2787 ψαλμῷο
734 2735 752 2766 ι
778 2716 950 2783 Λαὸς,
997 2716 1054 2769 ὃν
1086 2717 1187 2770 οὐκ
1224 2717 1417 2786 ἔγνων,
1470 2716 1751 2770 ἐδούλευσέ
1800 2734 1920 2788 μοι,
1969 2718 2050 2780 εἰς

465 2805 712 2877 ὑπακοὴν
747 2806 909 2861 ὠτίου
945 2808 1221 2879 ὑπήκουσέ
1272 2826 1380 2878 μοι.
1412 2829 1429 2858 ι
1486 2808 1703 2878 Ἀμέλει
1749 2807 1910 2861 Δαυῒδ
1957 2824 2050 2861 το-

467 2898 647 2964 πικῶς
671 2900 976 2972 τηνικαῦτα
1003 2901 1097 2955 τὸν
1124 2902 1346 2973 Πατέρα
1384 2902 1543 2974 μόνον
1573 2901 1844 2970 ἐγνῶσθαι
1869 2899 2048 2965 εἰδὼς,

466 2990 728 3061 ἔψαλλεν
779 3010 798 3044 t
828 2992 868 3045 Γ
871 2994 1075 3057 νωστὸς
1116 2996 1174 3048 ὲν
1222 2998 1290 3066 τῇ
1331 2995 1561 3068 Ἰουδαίᾳ.
1604 2998 1633 3049 ὁ
1671 2994 1839 3058 Θεόςο
1891 2997 1949 3049 ὲν
1990 2994 2049 3048 δὲ

2723 1884 2877 1942 CAP.
2916 1884 3032 1940 XIX
3076 1884 3174 1958 (6).

2154 2085 2251 2131 aut
2280 2074 2443 2131 Pater
2491 2073 2810 2129 incarnatus
2869 2087 2991 2128 esse
3031 2071 3330 2144 putabitur.
3369 2069 3425 2126 ld
3478 2070 3644 2125 etiam
3677 2072 3743 2124 de

2156 2168 2357 2241 Spiritu
2395 2177 2584 2225 sancto
2611 2166 2841 2221 obscure
2873 2165 3032 2218 simul
3075 2174 3129 2220 et
3193 2164 3474 2233 perspicue
3497 2178 3740 2218 comme-

2155 2261 2412 2324 moravit,
2445 2269 2525 2321 ut,
2552 2274 2742 2314 cormn
2776 2255 2948 2311 oculis
2986 2272 3048 2310 ex
3094 2265 3248 2325 parte
3296 2254 3637 2319 illuminatis,
3673 2255 3740 2307 ad

2157 2350 2563 2419 intelligentiam
2612 2347 2919 2403 divinorum
2957 2346 3302 2401 oraculorum
3326 2387 3340 2409 ,
3375 2357 3559 2414 atque,
3598 2346 3742 2399 utait

2155 2443 2356 2499 Paulus
2387 2442 2488 2514 (7).
2525 2461 2544 2494 ι
2576 2456 2606 2496 e
2635 2440 2805 2510 gloria
2844 2441 2894 2494 in
2950 2440 3176 2509 glmiam
3220 2456 3239 2489 ι
3282 2440 3470 2494 venire
3497 2446 3739 2509 possent,

2154 2549 2220 2590 ac
2257 2545 2369 2588 tres
2402 2549 2499 2602 per
2526 2548 2586 2588 se
2614 2531 2887 2602 perfectas
2921 2533 3243 2601 hypostases
3265 2546 3612 2600 cognoscere.
3641 2532 3740 2586 At-

2155 2644 2260 2698 que
2295 2630 2395 2683 hoc
2427 2626 2552 2681 illud
2579 2639 2686 2691 est,
2717 2626 2860 2696 quod
2890 2626 2941 2679 iu
2971 2640 3086 2680 xvtt
3125 2626 3333 2695 psalmo
3361 2624 3738 2695 significatur:

2162 2741 2181 2775 ι
2211 2720 2448 2789 Populus
2476 2718 2579 2790 (8),
2611 2734 2771 2788 quem
2818 2733 2923 2772 non
2956 2719 3209 2787 cognovi,
3252 2718 3477 2773 servivit
3503 2717 3655 2782 mihi,
3684 2716 3739 2772 in

2155 2812 2461 2867 ohedieutia
2512 2812 2769 2865 auriculae
2820 2809 3060 2863 obedivit
3133 2809 3285 2863 mihi.
3320 2827 3339 2860 ι
3403 2808 3570 2863 David
3609 2823 3742 2865 sane

2157 2920 2283 2959 cum
2321 2903 2569 2958 localiter
2595 2912 2721 2956 tunc
2752 2899 2966 2955 Patrem
3003 2901 3271 2955 duntaxat
3321 2901 3592 2970 cognitum
3618 2914 3742 2956 esse

2157 2995 2344 3060 sciret,
2376 2993 2641 3064 psallebat
2670 3010 2682 3046 :
2722 3011 2741 3044 ι
2770 2991 2938 3048 Notus
2969 2990 3045 3061 (9)
3079 2994 3132 3048 in
3160 2989 3344 3047 Judata
3382 2991 3549 3057 Deus,
3579 2991 3632 3046 iu
3660 2988 3741 3046 ls-

539 3194 651 3285 (93)
712 3193 1034 3285 Purpuram.
1094 3193 1273 3285 Codex
1320 3197 1487 3251 habet
1544 3196 1867 3285 ἁλουργίδος
1921 3212 2044 3285 cum
2073 3227 2114 3285 ε
2152 3204 2468 3285 ξτιιιθᾳιιξιηιΔ
2500 3195 2688 3285 praelo'
2715 3192 2935 3285 pagi‘nah
2962 3190 3739 3285 lifcmmapdaret‘tirtdieblts

468 3267 661 3334 Spiritu
720 3268 823 3322 leui
862 3285 875 3322 :
913 3283 1019 3335 quo
1078 3269 1237 3319 modo
1284 3284 1401 3320 eam
1442 3284 1628 3319 vocem
1688 3267 1741 3320 in
1799 3268 2043 3335 pluribus

470 3335 835 3392 membraneis
866 3337 1143 3391 codicibus
1165 3338 1326 3391 scribi
1355 3345 1623 3391 testantur
1646 3339 1734 3406 qui
1768 3336 2039 3405 Pollucem

467 3406 904 3460 adnotatimtilms
937 3407 1297 3460 illustrarunt.
1334 3407 1556 3460 Videtur
1589 3419 1769 3461 tamen
1800 3408 2044 3461 scriben-

468 3477 594 3548 dum
623 3478 801 3544 potius
822 3476 1141 3548 ἁλουργίδος
1171 3479 1509 3547 cmnspiritu
1535 3493 1751 3548 aspero,
1778 3479 1820 3530 si
1852 3492 2042 3548 verum

468 3546 542 3600 sit
587 3549 733 3619 quod
788 3546 1320 3619 nitilti'gratnmatici
1352 3546 1567 3610 volunt,
1612 3547 1906 3619 ἁλουργίδα
1937 3547 2042 3600 dici

467 3617 621 3685 quasi
654 3615 780 3689 ἀᾎρς
820 3615 1015 3689 ἔργον,
1050 3618 1098 3668 id
1143 3626 1225 3670 est
1255 3635 1275 3668 ι
1333 3633 1467 3686 opus
1520 3620 1708 3671 maris.
1748 3615 2046 3672 i’Atluotat

468 3696 648 3740 autem
691 3686 874 3741 Moeris
913 3689 1144 3740 Atticam
1189 3702 1310 3740 esse
1339 3690 1476 3742 hanc
1514 3694 1744 3741 vocem:
1784 3689 1861 3740 sic
1898 3689 2043 3741 enim

468 3755 702 3840 scribit;
741 3756 1047 3840 'Alou‘p'ysg,
1085 3757 1364 3840 ξᾼττικῶς·
1401 3757 1757 3840 ,πορφυροῦνλ
1812 3757 2047 3827 Ἐλληνι-

467 3825 603 3900 κῶς,
634 3827 684 3879 id
709 3840 790 3881 est
818 3845 861 3881 τι
890 3825 999 3900 Vox
1027 3846 1044 3878 ι
1076 3827 1365 3900 ἁλουργές(
1389 3825 1562 3883 Attica
1584 3825 1685 3894 est,
1708 3827 1895 3884 Graece
1917 3825 2046 3883 vero

402 3924 410 3933 ι
469 3898 665 3968 dicitur
701 3897 1036 3968 πορφυροῦν.
1070 3918 1086 3949 ι

546 3967 655 4036 (98)
688 3967 829 4021 Αίίῑι
857 3967 1069 4034 linquis.
1103 3968 1176 4021 Et
1233 3969 1352 4026 Act.
1403 3984 1465 4033 ιι,
1511 3969 1565 4024 ι.
1601 3968 1784 4023 Graeca
1833 3969 1999 4023 editio
2024 3986 2041 4002 ο

471 4035 742 4123 Ἤρξαντο
769 4038 945 4123 λαλεῖν
966 4038 1180 4123 ἑτέραις
1205 4038 1499 4123 γλλώσσαις,
1527 4038 1711 4104 καθὼς
1736 4040 1796 4093 τὸ
1823 4039 2047 4099 Πνεῦμα

467 4107 634 4161 ἐδίδου
670 4111 852 4170 αὐτοῖς
873 4107 1338 4177 ἀποφθέγγεσθαι.

541 4179 648 4247 (99)
688 4178 1009 4232 Part/torum
1033 4219 1048 4242 ,
1086 4179 1360 4233 Medorum
1385 4220 1401 4245 ,
1437 4178 1744 4235 Persarum.
1772 4179 1922 4233 Patet
1958 4179 2049 4234 Di-

470 4248 684 4317 dyuium
733 4251 999 4314 respicere
1047 4253 1159 4303 haec
1204 4250 1362 4306 Luca:
1410 4253 1571 4305 verba
1612 4252 1665 4304 in
1719 4254 1839 4304 Act.
1878 4266 1937 4312 Il,
1965 4251 2044 4305 9:

474 4337 494 4370 ι
530 4317 745 4379 Parthi,
797 4319 931 4390 Mfdi
997 4330 1051 4374 et
1089 4320 1352 4375 Elamitze.
1399 4340 1418 4373 ι
1462 4321 1648 4390 Itaque
1686 4321 1928 4374 Elatnita:
1954 4321 2046 4374 Di-

468 4390 629 4461 dytno
668 4400 792 4442 sunt
840 4387 1041 4461 Persw.
1090 4408 1109 4441 ι
1159 4391 1307 4461 [ﬂiam
1354 4387 1945 4461 (inquit'llieironymus
1990 4393 2048 4445 in

466 4456 659 4510 Jerem.
704 4475 833 4520 xxv,
872 4459 968 4529 9.5)
1016 4467 1162 4528 regio
1207 4456 1631 4515 Persidis—trans
1678 4456 2043 4530 Babylonem;

468 4530 610 4601 t_t_nde
634 4540 685 4601 et
719 4528 976 4586 Elamitzu.
1019 4549 1036 4581 ι
1070 4531 1178 4601 Cur
1209 4541 1387 4584 autem
1428 4531 1688 4601 Rigaltius
1717 4532 1767 4583 in
1792 4528 1948 4584 Notis
1977 4534 2043 4585 ad

468 4594 784 4669 Tertulliani
814 4601 934 4653 libr.
977 4603 1097 4653 adv.
1130 4600 1348 4655 Judwos
1399 4594 1523 4669 cap'.
1558 4601 1612 4663 7,
1642 4602 1922 4669 legendum
1953 4616 2044 4655 ve-

468 4665 529 4718 lit
580 4686 598 4719 ι
641 4669 881 4734 Elamim,
919 4686 1014 4739 pro
1055 4670 1319 4735 Elamitte,
1354 4691 1373 4724 ι
1404 4665 1580 4726 fateor
1606 4665 1818 4725 menon
1848 4672 2047 4726 intelli-

467 4751 617 4805 gere.

541 4807 616 4881 (1)
654 4808 1012 4881 Aliorumque.
1043 4820 1147 4881 etc.
1184 4810 1351 4865 Sacer
1382 4811 1600 4881 quidem
1630 4811 1800 4866 codex
1833 4810 1955 4866 Act.
1982 4829 2044 4875 11,

471 4876 531 4944 5,
551 4876 633 4931 ait
660 4896 675 4933 :
712 4879 820 4932 ἀπὸ
848 4876 1047 4944 παντὸς
1073 4880 1279 4944 ἔθνους.
1313 4882 1362 4935 id
1393 4876 1475 4936 est
1501 4901 1519 4932 ι
1542 4898 1604 4937 ex
1632 4884 1777 4936 omni
1799 4893 1989 4949 gente;
2022 4902 2040 4935 ι

469 4952 562 5001 sed
591 4950 844 5018 Didymus
875 4956 925 5003 in
948 4951 1357 5004 ctiuiumttariis
1378 4955 1440 5004 ad
1464 4967 1584 5005 eum
1610 4953 1783 5006 locum
1809 4958 1964 5016 (tom.
1986 4955 2040 5008 4.

469 5019 669 5074 Auerd.
704 5018 868 5089 Wolf.
900 5038 1018 5091 pag.
1050 5021 1105 5090 ΕΞ)
1154 5023 1224 5074 ita
1267 5023 1378 5075 haec
1404 5024 1631 5090 accipit,
1683 5033 1741 5075 ut
1786 5022 2042 5076 valeant:

475 5107 493 5139 ι
526 5091 826 5160 ex__multis
877 5094 1157 5160 gentibus;
1209 5111 1228 5142 ι
1284 5092 1537 5147 nimirum
1591 5109 1653 5147 ex
1704 5094 1769 5147 iis
1793 5096 2045 5148 omnibus

468 5172 588 5232 qua:
614 5158 1035 5232 Hierosolymam
1070 5173 1455 5216 convenerant.

541 5227 617 5299 (Ξ)
660 5227 919 5284 (ἐνωεαὶη.
956 5233 1108 5297 Quod
1159 5233 1383 5300 apostoli
1431 5232 1680 5287 Caecum
1734 5247 2041 5290 sermonem

469 5298 866 5373 intelligerent,
914 5304 1133 5373 (videtur
1170 5298 1429 5373 Didymus
1468 5318 1564 5373 pro
1619 5303 1882 5357 ntiraculo
1939 5305 2041 5358 ha-

471 5316 866 5423 tutetngereut,
920 5316 1133 5356 vntetur
1170 5316 1429 5373 Didymus
1468 5318 1564 5372 pro
1619 5316 1882 5357 miraculo
1939 5316 2041 5358 ha-

471 5370 616 5424 bere.
684 5380 732 5423 ta
780 5372 948 5426 sensit
987 5373 1149 5442 etiam
1193 5373 1278 5425 illa
1315 5383 1473 5427 {etate
1517 5371 1938 5442 Chrysostomus
1989 5377 2042 5428 in

473 5442 729 5513 )pusculo
777 5456 958 5513 contra
1004 5441 1223 5495 Judwoa
1276 5454 1324 5495 et
1376 5441 1779 5512 gentilesﬂom.
1826 5444 1878 5507 l,
1916 5460 2040 5513 pag.

473 5509 598 5576 576,
642 5510 771 5582 edit.
825 5511 1337 5578 Muntl‘auconianm,
1377 5509 1467 5566 ubi
1521 5526 1709 5581 aperte
1755 5515 1867 5577 ait,
1911 5509 2041 5582 apo-

471 5583 638 5634 stolos
682 5580 945 5654 ilcbraice
983 5584 1192 5654 locutos
1228 5598 1372 5646 esse,
1406 5580 1619 5651 nempe,
1650 5595 1705 5635 ut
1741 5600 1842 5654 ego
1876 5580 2042 5637 inter-

469 5663 676 5723 pretor,
706 5650 948 5723 Syriaco.
991 5652 1335 5722 EXplodenda
1376 5650 1554 5707 tamen
1608 5650 1799 5707 isthzeé
1830 5654 2041 5708 videtur

474 5722 656 5788 opinio
699 5722 1135 5792 ingeniosissimo
1185 5724 1538 5785 adulescenti,
1581 5725 1713 5787 imo,
1747 5733 1803 5778 ut
1842 5727 2040 5779 rectius

474 5793 682 5862 loquar.
725 5794 1050 5862 unctissiin
1100 5796 1216 5846 viro
1260 5794 1534 5848 Dominico
1572 5794 1831 5859 Diodato,
1884 5795 2039 5862 cu’jus

474 5857 609 5920 iiber
624 5860 699 5915 De
709 5858 920 5917 Christo
935 5862 1115 5917 (ἔτ-(πε
1136 5864 1375 5933 loquente
1393 5863 1682 5935 inscriptus
1701 5857 1869 5922 tribus
1888 5857 2036 5935 ipsis,

2152 3261 2369 3331 NeapOli
2401 3263 2469 3317 ad
2501 3261 2591 3318 ine
2622 3261 2815 3318 allatus
2844 3261 2962 3315 fuit.
2993 3261 3128 3314 Eum
3161 3262 3317 3316 avide
3357 3263 3540 3317 statim
3587 3280 3738 3317 sum-

2153 3348 2351 3402 maque
2377 3350 2499 3387 cum
2531 3333 2805 3405 voluptate
2835 3331 3077 3400 percurri
3107 3348 3120 3385 :
3157 3340 3212 3385 et
3247 3334 3499 3405 quamvis
3533 3333 3735 3388 mirum

2149 3404 2422 3467 videatur,
2467 3402 2710 3474 ignotum
2742 3403 2940 3474 luisse
2989 3411 3183 3474 quarto
3225 3402 3422 3474 Saecula
3471 3418 3578 3456 non
3611 3405 3739 3458 Ale-

2149 3474 2421 3527 xandrino
2473 3473 2680 3528 tantum
2736 3473 2985 3543 Didyme,
3037 3473 3132 3526 sed
3186 3473 3523 3543 Antiocheuo
3571 3475 3736 3528 etiam

2154 3545 2408 3611 scriptori
2467 3542 2881 3615 Chrysostomo,
2924 3556 3161 3611 quanam
3209 3542 3386 3615 lingua
3442 3554 3569 3598 aute
3625 3552 3738 3615 tre-

2151 3610 2339 3667 centos
2384 3610 2604 3669 circiter
2650 3630 2822 3668 annos
2871 3610 3223 3682 loquerentur
3268 3610 3466 3666 Judreaa
3510 3613 3730 3677 incolae;

2154 3693 2299 3736 tanta
2338 3694 2515 3739 tamen
2567 3694 2799 3754 apparet
2842 3684 2894 3738 in
2930 3682 3165 3754 eo_libro
3190 3684 3464 3754 rationum
3525 3685 3608 3738 vis
3651 3694 3737 3739 at-

2151 3768 2257 3821 que
2286 3756 2462 3822 copia,
2490 3765 2547 3807 ιιι
2584 3752 2757 3809 fatear
2790 3768 2876 3809 me
2906 3754 2958 3806 in
2994 3752 3201 3806 Diodati
3235 3754 3505 3808 sententia
3539 3754 3610 3808 ita
3641 3769 3734 3809 ac-

2151 3824 2442 3891 quievisse,
2487 3834 2545 3879 ut
2572 3826 2661 3878 vix
2692 3840 2755 3879 ac
2794 3838 2863 3878 ne
2889 3824 2976 3876 vix
3004 3825 3220 3892 quidem
3258 3838 3343 3876 me
3374 3824 3426 3876 iu
3459 3834 3732 3891 posterum

2151 3895 2520 3948 uulutatumm
2569 3906 2776 3964 putem.
2824 3894 2969 3964 quin;
2998 3893 3289 3947 vernacula
3323 3892 3521 3948 Iudaea:
3552 3895 3733 3964 lingua

2150 3965 2516 4085 ﬂitﬁSloior'lltll
2544 3962 2707 4022 actate
2733 3962 2902 4019 fuerit
2932 3962 3121 4019 Graeca
3160 3964 3455 4034 inelegans,
3482 3962 3736 4021 videlicet

2201 4051 2227 4085 6
2272 4046 2523 4085 elllSlICﬂ.

2201 4035 2523 4089 ellenistica.

2222 4103 2298 4173 (5)
2340 4104 2651 4161 Ausoniam.
2698 4104 2947 4160 Latinam
3001 4119 3233 4175 nempe:
3268 4119 3428 4172 quam
3488 4102 3728 4159 Joannes

2151 4187 2365 4245 quoque
2399 4177 2816 4245 Cbrysostomus
2860 4175 3069 4245 Didymi
3105 4174 3329 4244 tequalis
3372 4175 3472 4245 τὴν
3507 4174 3733 4230 Ἰταλῶν

2149 4243 2422 4313 γλῶσσαν,
2475 4243 2526 4299 id
2579 4254 2664 4301 est
2708 4266 2727 4298 ι
2778 4243 3037 4299 Italorum
3089 4243 3319 4312 linguam
3361 4263 3380 4295 ι
3429 4243 3733 4298 vocaverat

2153 4330 2301 4369 num.
2338 4316 2390 4379 5,
2422 4316 2546 4370 libri
2587 4314 2654 4370 lll
2680 4319 2939 4371 adversus
2964 4325 3368 4385 oppugnatores
3393 4315 3515 4369 vita:
3542 4330 3731 4369 mona-

2152 4386 2325 4447 sticae,
2348 4401 2510 4453 quem
2539 4401 2681 4440 anno
2704 4387 2922 4440 circiter
2954 4385 3060 4440 575
3092 4385 3333 4454 scripsit.

2224 4455 2300 4524 (4)
2343 4452 2467 4510 Ubi.
2506 4456 2713 4512 Coloss.
2757 4471 2848 4514 ιιι,
2884 4455 2969 4509 11.
3012 4452 3444 4524 Βίὺιὶοξέοπου
3503 4454 3603 4508 οὐκ
3644 4452 3728 4509 ἔνι

2152 4523 2752 4599 Ἕλληναείβάρῦαρος,
2790 4523 3093 4597 Σκύθης....
3136 4523 3274 4578 ἀλλά
3306 4526 3377 4578 τὰ
3414 4524 3593 4579 πάντα
3631 4527 3729 4580 καὶ

2075 4582 2121 4639 Ῐ)
2146 4598 2204 4651 ὲν
2239 4582 2370 4649 πᾶσι
2404 4582 2659 4667 Χριάτόςὶ

2222 4666 2299 4736 (5)
2342 4665 2662 4731 Quaerimus.
2687 4665 2867 4721 Codex
2905 4665 3005 4720 hoc
3031 4665 3148 4720 loco
3174 4665 3394 4721 mutilus
3419 4675 3502 4720 est
3530 4683 3544 4721 :
3570 4665 3728 4722 deest

2148 4741 2291 4791 enim
2326 4753 2489 4792 unum
2527 4747 2884 4808 segmentum,
2916 4738 2966 4789 id
3001 4746 3106 4802 est,
3140 4737 3276 4808 linis
3298 4739 3492 4805 capitis
3521 4738 3728 4808 duode-

2148 4808 2410 4873 vicesiuii,
2458 4809 2544 4861 ubi
2594 4806 2772 4861 sermo
2806 4815 2925 4860 erat
2972 4807 3040 4861 de
3087 4806 3354 4867 eunucho,
3395 4820 3553 4875 quem
3590 4807 3721 4861 Phi-

2147 4878 2321 4946 lippus
2353 4879 2664 4945 baptizavit,
2695 4888 2857 4944 atque
2888 4877 3096 4930 initium
3116 4876 3312 4930 decimi
3337 4879 3486 4931 noui.
3519 4877 3731 4947 Nempe

2147 4964 2267 5000 cum
2320 4950 2522 5017 integra
2572 4948 2884 5000 membrana
2934 4949 3109 5000 ablata
3156 4950 3229 5001 sit
3273 4962 3336 5000 ex
3387 4948 3603 5009 codice,
3639 4949 3729 5002 di-

2150 5019 2310 5071 midia
2362 5021 2578 5083 quidem
2613 5020 2699 5071 hic
2734 5019 3095 5082 desideratur,
3130 5017 3352 5070 dimidia
3389 5032 3520 5071 vero
3552 5018 3729 5073 altera

2146 5087 2270 5141 huic
2300 5090 2630 5155 respondens
2654 5088 2805 5141 deest
2836 5098 2958 5156 post
2990 5098 3331 5155 segmentum
3367 5087 3470 5141 154
3497 5089 3549 5141 ό.

2218 5158 2295 5229 (ti)
2336 5159 2467 5223 Cap.
2491 5155 2649 5211 XIX.
2685 5155 2845 5211 Initio
2870 5159 3027 5229 hujus
3071 5158 3264 5229 capitis
3303 5157 3723 5214 Macedoniam-

2146 5227 2283 5281 rnur
2314 5239 2692 5298 argumentum
2732 5228 3067 5297 proponebat
3104 5227 3363 5297 Didymus
3408 5243 3475 5281 ex
3519 5244 3584 5282 eo
3616 5231 3723 5282 du-

2142 5308 2311 5363 ctum,
2355 5300 2496 5366 quod
2542 5298 2775 5366 Spiritus
2818 5309 3040 5352 sanctus
3089 5307 3272 5368 aperte
3318 5300 3374 5353 in
3423 5298 3725 5370 Scripturis

2143 5384 2248 5421 non
2286 5380 2505 5422 νοιεειιιι·
2540 5386 2559 5419 t
2590 5370 2749 5422 Deus.
2773 5387 2793 5421 ι

2213 5439 2291 5510 (7)
2332 5438 2557 5510 Paulus.
2584 5438 2636 5510 lli
2655 5441 2779 5492 Cor.
2809 5454 2892 5502 ιιι,
2923 5438 3009 5493 18.

2214 5509 2287 5582 (8)
2335 5509 2587 5576 Populus.
2625 5509 2765 5564 l’sal.
2795 5525 2928 5572 χιιι,
2959 5512 3026 5563 48
3060 5509 3173 5582 (seu
3202 5511 3313 5582 45).
3338 5510 3522 5567 Graeca
3546 5509 3720 5565 Biblia

2141 5583 2359 5655 prosi;
2410 5582 2657 5651 ὑπακοήν
2722 5584 2923 5637 habent
2968 5585 3049 5646 εἰς
3100 5584 3307 5655 ἀκοήν,
3353 5584 3406 5636 id
3452 5591 3538 5635 est
3593 5599 3614 5633 ι
3661 5583 3727 5637 in

2140 5654 2349 5708 auditu.
2378 5671 2396 5704 ι

2214 5725 2292 5794 (9)
2337 5722 2532 5777 Notus.
2588 5721 2731 5779 Psal.
2780 5739 2942 5789 Lxxv,
2995 5723 3019 5777 l
3078 5724 3193 5795 (seu
3237 5720 3577 5795 2)._AVocula
3636 5720 3722 5789 δέ,

2141 5792 2306 5847 idest
2359 5813 2378 5846 ι
2435 5807 2637 5860 autem,
2691 5814 2710 5846 ι
2772 5811 2877 5848 non
2930 5792 3127 5859 legitur
3158 5795 3205 5845 in
3237 5792 3441 5848 Bibliis.
3473 5793 3721 5860 Quatuor

2142 5878 2304 5933 porro
2351 5865 2409 5919 in
2466 5865 2601 5922 locis
2661 5866 2806 5921 hunc
2859 5865 3051 5934 psalmi
3112 5863 3435 5920 versiculum
3487 5874 3722 5934 quatuor
