4054 6400
407 394 507 451 737

1434 393 1522 449 DE
1562 392 1938 449 TRINITATE
1981 392 2188 448 LIBER
2227 391 2616 449 SECUNDUS.

3584 394 3693 450 758

406 508 779 582 προσηγορίας
818 507 1087 579 ἁρμόσας.
1134 508 1244 560 Καὶ
1284 506 1391 578 γάρ
1431 507 1609 579 ψυχὴν
1638 508 1757 579 μὲν,
1791 508 1859 578 ἢν
1900 508 1991 562 καὶ

2100 521 2164 561 ce
2223 506 2700 561 denominationes
2724 519 2790 560 ex
2838 518 2905 558 co
2949 512 3164 575 aptans,
3197 505 3340 575 quod
3373 505 3427 562 in
3456 506 3687 577 singulis

407 602 627 673 πνεῦμά
662 618 861 672 φαμεν,
900 600 981 654 ἔτι
1006 600 1062 653 δὲ
1091 601 1185 654 καὶ
1221 600 1281 653 τὸ
1322 600 1410 653 διά
1444 601 1537 653 τοῦ
1565 601 1833 672 στόματος
1859 602 1992 655 ἀνα-

405 696 701 766 πνεόμενον
728 694 1076 764 ἀνύπαρκτον
1105 688 1353 764 πνεῦμα,¹
1380 694 1408 747 ὂ
1451 694 1544 748 xal.
1582 691 1767 765 ἆσθμα
1802 695 1998 748 καλοῦ-

407 806 528 859 μεν,
588 789 697 850 πᾶς
742 784 1027 856 ἄνθρωπος
1064 785 1211 855 ἔχει’
1242 784 1305 837 τὸ
1350 785 1407 837 δὲ
1454 785 1607 855 ἅγιον
1644 785 1868 857 Πνεῦμα
1901 784 1996 840 τοῦ

402 877 538 931 Θεοῦ
573 877 635 930 οὐ
668 878 777 940 πᾶς
803 875 1049 929 ὁστισοῦν
1084 877 1624 947 καταπεπλούτηκεν.
1651 897 1668 929 ι
1689 878 1997 948 Ηνευματι-

405 972 533 1034 κοὺς
546 969 751 1023 »τοίνυν
769 968 1167 1040 προσαγορεύει
1189 969 1316 1032 τοὺς
1342 970 1683 1040 ἐμπρεπέσιν
1704 970 1998 1042 ἐνθυμήσε-

405 1081 492 1116 σιν
530 1063 625 1116 καὶ
657 1062 918 1134 πράξεσιν
943 1063 1226 1125 οἱονείπως
1255 1062 1726 1134 ἀναθρώσκοντας,
1768 1064 1864 1115 καὶ
1897 1064 1997 1133 τῆς

406 1154 615 1209 ἑαυτῶν
646 1154 860 1224 φύσεως
889 1153 1147 1225 ἀνωτέρω
1180 1153 1513 1225 χωροῦντας,
1537 1154 1630 1207 καὶ
1658 1153 1757 1217 τὰς
1787 1153 1888 1224 μὲν
1913 1155 1991 1206 ai-

409 1245 629 1319 ρετικάς
681 1244 993 1314 θεοστυγεῖς
1036 1246 1250 1316 νοήσεις
1292 1244 1419 1317 [155
1455 1244 1511 1316 ιι]
1552 1245 1998 1315 ἀποσκευαξομέ-

406 1355 553 1401 νους,
595 1336 657 1389 τὸ
688 1337 746 1389 δὲ
777 1337 1034 1407 ἀνυμνεῖν
1081 1335 1143 1389 τὸ
1197 1336 1351 1404 ἆγιον
1402 1336 1625 1405 Πνεῦμα
1659 1336 1792 1389 Θεὸν
1841 1353 1998 1406 περι-

408 1427 836 1498 πτυσσομένους,
884 1428 974 1479 καὶ
1020 1428 1246 1490 ἑαυτοὺς
1288 1426 1377 1480 διὰ
1421 1427 1628 1479 τούτων
1678 1426 1859 1493 ἀξίους
1895 1426 1996 1496 τῆς

408 1516 804 1587 ὲπιφοιτήσεως
831 1515 999 1568 αὑτοῦ
1038 1516 1458 1586 ἀποφαίνοντας.
1497 1509 1656 1570 Οὗτοι
1697 1517 1807 1587 γὰρ
1845 1516 1995 1587 μόνοι

406 1607 620 1678 ἔχουσίν
647 1625 707 1661 τε
740 1610 871 1661 αὐτὸ
899 1609 1203 1681 καταμένον
1232 1610 1363 1682 παρ’
1393 1611 1599 1674 αὐτοῖς,
1632 1611 1748 1681 ἅμα
1780 1610 1858 1681 τῷ
1881 1612 1995 1664 Πα-

403 1701 496 1770 τρὶ
528 1701 623 1754 καὶ⁸
654 1700 731 1771 τῷ
762 1702 894 1773 Υἰῷ,
921 1704 1016 1756 καὶ
1043 1702 1122 1773 τῷ
1155 1701 1284 1774 θείῳ
1327 1703 1494 1756 αὑτοῦ
1540 1705 1678 1773 φωτὶ
1708 1706 1991 1777 καταλάμ-

406 1809 620 1855 πονται,
668 1794 763 1846 καὶ
802 1795 1164 1864 πνευματικοὶ
1190 1795 1599 1861 ἀποτελοῦνται,
1641 1797 1993 1869 ἐξομοιούμε-

2103 598 2222 666 plus
2265 608 2349 652 est
2413 612 2479 651 ac
2524 597 2855 651 dominatur.
2896 597 3107 651 Etenim
3158 597 3396 652 animam
3446 599 3686 666 quidem,

2100 707 2221 762 quae
2253 693 2418 746 etiam
2440 692 2665 761 spiritus
2697 706 2726 744 a
2760 692 2916 745 nobis
2944 691 3147 746 dicitur
3183 691 3321 761 (58),
3355 706 3418 747 ac
3453 705 3686 763 praeter.

2099 800 2162 839 ea
2213 784 2363 837 illum
2411 799 2516 837 non
2548 783 2939 838 subsistentem
2988 783 3263 851 Spiritum,
3300 799 3463 852 quem
3493 800 3590 853 per
3622 799 3687 840 os

2100 878 2455 944 respiramus,
2499 890 2659 941 quem
2714 875 2947 929 halitum
2997 873 3109 944 (59)
3156 890 3373 945 quoque
3405 890 3686 939 vocamus,

2100 969 2478 1038 unusquisque
2511 969 2671 1021 homo
2707 968 2908 1022 habet:
2941 978 3132 1022 sancto
3166 978 3343 1022 autem
3376 967 3466 1022 Dei
3505 967 3685 1038 Spiri-

2101 1070 2156 1114 tu
2202 1075 2307 1114 non
2353 1075 2544 1114 omnes
2574 1075 2801 1129 prorsus
2843 1060 3089 1114 homines
3121 1059 3275 1115 ditati
3320 1069 3469 1115 sunt.
3508 1077 3529 1112 ι
3575 1059 3695 1130 Spi-

2101 1151 2333 1206 rituales
2368 1170 2387 1203 ι
2419 1168 2548 1222 ergo
2588 1161 2878 1217 vocateos,
2915 1154 3007 1221 qui
3054 1152 3503 1207 convenientibus
3542 1154 3693 1222 cogi-

2101 1246 2404 1300 tationibus
2474 1256 2638 1314 atque
2679 1245 2983 1299 actionibus
3014 1244 3179 1298 veluti
3216 1260 3434 1299 sursum
3462 1245 3685 1312 saliunt,

2096 1348 2150 1393 et
2185 1340 2349 1394 altius
2381 1354 2544 1407 supra
2584 1354 2736 1393 suam
2776 1339 3015 1407 ipsorum
3060 1349 3310 1392 naturam
3353 1339 3600 1405 tendunt,
3631 1350 3688 1393 rt

2100 1432 2354 1486 haeretica
2402 1431 2619 1498 quidem
2668 1430 2776 1484 Deo
2831 1431 3004 1484 invisa
3044 1441 3352 1485 commenta
3409 1430 3685 1498 rejiciunt,

2095 1539 2283 1578 eorum
2331 1538 2486 1586 vero,
2537 1522 2628 1592 qui
2688 1522 2951 1592 Spiritum
3006 1532 3255 1577 sanctum
3312 1521 3480 1577 Deum
3518 1538 3686 1590 agno-

2093 1625 2251 1669 scunt
2318 1630 2381 1668 ac
2423 1614 2721 1680 celebrant,
2766 1627 2970 1668 rectam
3004 1615 3310 1670 doctrinam
3345 1615 3688 1685 amplectun-

2097 1717 2203 1770 tur,
2238 1718 2291 1760 et
2320 1722 2417 1775 per
2471 1707 2585 1762 lucc
2649 1706 2975 1775 semetipsos
3012 1707 3156 1762 illius
3209 1707 3445 1761 adventu
3491 1706 3684 1777 dignos

2093 1800 2404 1854 ostendunt.
2438 1798 2501 1851 lli
2536 1800 2680 1852 enim
2710 1799 2808 1852 soli
2839 1808 2892 1852 et
2924 1814 3050 1854 eum
3100 1799 3304 1853 habent
3350 1800 3492 1868 apud
3541 1801 3689 1871 ipsos

406 1900 489 1938 νοι
528 1884 671 1938 κατά
703 1885 931 1957 δύναμιν
959 1889 1007 1939 οἱ
1039 1888 1399 1960 φωτιζόμενοι
1430 1888 1507 1960 τῷ
1546 1890 1854 1958 φωτίζοντι,
1897 1892 1989 1944 καὶ

2094 1889 2254 1944 simul
2296 1906 2417 1943 cum
2443 1888 2605 1942 Patre
2634 1900 2690 1944 et
2724 1888 2863 1945 Filio
2899 1900 3238 1956 manentem,
3269 1901 3326 1946 et
3364 1891 3542 1946 divina
3565 1891 3683 1960 ejns

409 1978 915 2049 μεταλαμϐάνοντες
970 1980 1046 2044 ὡς
1080 1980 1174 2035 τοῦ
1226 1982 1422 2052 φωτὸς,
1458 1981 1600 2036 οὕτω
1632 1984 1725 2036 καὶ
1755 1982 1850 2036 τοῦ
1886 1984 1995 2037 ὀνό-

410 2086 598 2141 ματος,
630 2071 724 2122 καὶ
758 2070 1123 2141 είσδεχόμενοι
1153 2073 1213 2125 ἐν
1240 2072 1454 2135 ἑαυτοῖς
1490 2073 1718 2143 ῥέουσαν
1749 2074 1994 2143 ἀνεμπο-

401 2163 598 2225 δίστως
628 2161 731 2231 τῆς
767 2161 915 2226 θείας
948 2162 1170 2234 χάριτος
1215 2163 1316 2236 τὴν
1351 2165 1666 2235 μετάδοσιν·
1714 2161 1834 2218 εἶτα
1880 2165 1992 2219 λοι-

404 2256 511 2309 πὸν
548 2257 642 2309 καὶ
678 2256 758 2326 τῷ
791 2257 976 2328 πτερῷ
1010 2257 1197 2321 αὐτοῦ,
1245 2257 1324 2330 τῷ
1354 2258 1664 2313 κατελθόντι
1696 2260 1995 2331 σωματικῷ

403 2348 536 2403 εἴδει
582 2351 912 2421 περιστερᾶς
970 2351 1297 2404 ἀνίπτανται
1339 2352 1439 2423 τὴν
1483 2352 1731 2424 καρδίαν,
1770 2353 1865 2407 καὶ
1895 2355 1995 2423 τὴν

401 2438 712 2511 διαϐολικὴν
756 2440 1119 2509 ἐκφεύγοντες
1162 2442 1388 2509 παγίδα,
1435 2442 1710 2513 ἐρρῶσθαι
1759 2460 1819 2494 τε
1860 2444 1997 2513 πρὸς

401 2531 473 2583 τά
499 2530 707 2585 ἄστατα
735 2533 830 2585 καὶ⁹
861 2533 1093 2586 ἀϐέϐαια
1126 2533 1219 2586 τοῦ
1251 2533 1367 2604 βίου
1401 2534 1720 2605 φράζοντες.
1768 2534 1866 2605 τὴν
1898 2536 1995 2604 μὲν

407 2624 884 2695 μεγαλοπρέπειαν
931 2626 1095 2679 αὑτοῦ
1134 2625 1434 2698 θεωροῦσιν
1482 2629 1737 2697 ὑπεράνω
1779 2629 1995 2682 πάντων

401 2718 512 2770 τῶν
542 2718 789 2789 οὐρανῶν
818 2720 1156 2791 ἐπηρμένην,
1188 2723 1282 2774 καὶ
1311 2722 1417 2774 ὑπὸ
1436 2721 1546 2775 τῶν
1572 2723 1685 2777 ἄνω
1712 2722 1995 2792 δυνάμεων

402 2808 766 2879 δοξαζομένην
807 2812 901 2863 καὶ
934 2811 1414 2881 προσκυνουμένην
1444 2813 1541 2865 σὺν
1571 2812 1650 2883 τῷ
1684 2813 1861 2883 Πατρὶ
1900 2812 1995 2865 καὶ

401 2900 482 2971 τῷ
504 2901 649 2972 Υίῴο
688 2901 783 2955 καὶ
833 2904 1051 2974 ὅσῳπερ
1085 2903 1150 2956 ἂν
1180 2903 1441 2974 ἀγόμενοι
1489 2906 1626 2976 πρὸς
1660 2906 1753 2959 τὸν
1784 2907 1992 2959 ἐκείνου

403 2996 587 3055 πόθον.
629 2997 914 3067 ἐγγυτέρω
955 2994 1119 3048 αὑτοῦ
1152 2998 1219 3067 τῇ
1252 2996 1511 3068 προθέσει
1545 2998 1809 3065 γίνονται,
1850 2997 1993 3068 τόσῳ

402 3086 468 3158 δὴ
506 3087 705 3156 μᾶλλον
736 3087 901 3140 αὑτοῦ
932 3087 993 3140 τὸ
1018 3087 1402 3156 ἀκατάληπτον
1436 3088 1534 3157 τῆς
1568 3088 1820 3159 θεότητος
1844 3088 1995 3141 νοοῦ-

406 3194 513 3237 σιν,
543 3178 618 3240 ὼς
652 3178 800 3242 ἅπαξ
851 3179 951 3248 τῆς
987 3178 1199 3232 ἔνδοθεν
1246 3180 1423 3248 ὅψεως
1464 3180 1527 3232 τὸ
1567 3179 1724 3251 ὄμμα
1756 3180 1992 3252 καθαρὸν

2095 1981 2213 2035 luce
2248 1981 2605 2045 illustrantur,
2639 1992 2693 2037 et
2744 1982 3057 2052 spirituales
3089 1983 3245 2050 ﬁunt,
3287 1991 3338 2037 el
3370 1983 3684 2038 assimilan-

2096 2081 2203 2139 tur,
2239 2087 2504 2143 quantum
2542 2074 2658 2129 ﬁeri
2692 2085 2892 2144 potest,
2917 2076 3206 2131 illuminati
3242 2075 3596 2142 illuminanti,
3628 2089 3685 2132 et

2095 2166 2426 2236 participant
2466 2168 2609 2222 sicut
2643 2168 2840 2233 lucem,
2874 2168 2947 2222 ita
2979 2178 3034 2224 et
3078 2184 3296 2235 nomen,
3335 2180 3390 2224 et
3422 2168 3680 2225 ﬂuentem

2096 2260 2216 2314 sine
2260 2258 2653 2327 impedimento
2705 2261 2902 2315 divina:
2961 2263 3151 2330 gratia:
3203 2264 3679 2333 participationem

2078 2350 2150 2404 -in
2190 2351 2499 2420 semetipsis
2552 2352 2868 2421 recipiunt:
2908 2369 2972 2408 ac
3013 2354 3210 2408 deinde
3259 2355 3360 2408 alis
3399 2356 3563 2408 etiam
3594 2355 3683 2423 ip.

2096 2442 2229 2505 sius,
2262 2442 2352 2512 qui
2385 2441 2515 2495 olim
2544 2443 2816 2511 corporali
2867 2443 3132 2497 columba:
3172 2445 3353 2512 specie
3392 2443 3560 2514 290
3585 2448 3682 2498 de-

2096 2535 2326 2600 scendit,
2370 2533 2515 2588 volat
2556 2549 2747 2589 eorum
2804 2549 2918 2598 cor,
2966 2546 3020 2588 et
3064 2535 3398 2589 diabolicum
3449 2536 3685 2590 vitantes

2097 2623 2373 2692 laqueum,
2422 2632 2480 2677 et
2531 2623 2692 2678 ﬂuxis
2744 2632 2908 2693 atque
2965 2624 3308 2679 instabilibus
3357 2625 3515 2695 hujus
3563 2627 3686 2679 vita:

2100 2718 2261 2769 rebus
2294 2716 2678 2780 valedicentes,
2729 2716 2875 2771 illius
2928 2716 3389 2787 magnificentiam
3433 2726 3682 2772 conteru-

2099 2810 2339 2878 plantur,
2363 2823 2483 2878 quae
2513 2825 2675 2878 supra
2694 2824 2884 2864 omnes
2912 2810 3083 2865 caelos
3117 2809 3416 2874 extollitur,
3441 2819 3495 2864 et
3514 2824 3544 2865 a
3572 2824 3686 2865 cce-

2098 2900 2323 2956 lestibns
2375 2902 2667 2957 virtutibus
2726 2900 3087 2971 gloriﬁcatur,
3151 2912 3207 2957 et
3258 2902 3523 2957 adorator
3576 2919 3683 2958 una

2096 3007 2218 3046 cum
2251 2991 2412 3048 Patre
2453 3003 2512 3048 et
2536 2992 2707 3059 Filio;
2736 3003 2789 3046 et
2814 2992 2933 3062 ejus
2962 3008 3148 3047 amore
3191 3010 3256 3049 ac
3286 2993 3560 3049 desiderio
3600 2994 3687 3049 in-

2096 3084 2248 3138 censi
2293 3092 2348 3137 et
2389 3084 2676 3146 stimulati,
2726 3093 2930 3153 quanto
2976 3083 3027 3138 ei
3082 3098 3178 3152 per
3229 3085 3566 3153 propositum
3615 3103 3682 3140 ac

2097 3176 2429 3230 voluntatem
2480 3176 2760 3244 propiores
2817 3175 2974 3241 ﬁunt,
3032 3184 3183 3230 tanto
3238 3176 3414 3247 magis
3465 3177 3682 3232 incont-

403 3268 730 3339 κεκτημένοι
760 3269 871 3323 ἀπὸ
894 3269 1113 3323 πάντων
1137 3269 1247 3324 τῶν
1277 3248 1780 3343 ἐπιπροσθοῦντωνο
1811 3248 1913 3324 καὶ⁷
1936 3273 1991 3325 ὂν

2099 3264 2515 3337 prehensibiletn
2545 3278 2665 3319 esse
2692 3264 2810 3332 ejus
2832 3264 3086 3319 deitatem
3112 3265 3421 3337 intelligunt
3444 3282 3460 3332 ;
3481 3268 3681 3338 quippe

407 3360 534 3414 ἰδεῖν
563 3360 757 3425 οὕτως,
779 3361 854 3426 ὡς
878 3362 1046 3425 ἔστιν,
1082 3361 1173 3415 καὶ
1197 3362 1445 3433 χωρῆσαι
1465 3360 1606 3426 ὅλον,
1645 3360 1735 3414 διὰ
1771 3362 1869 3432 τὴν
1898 3362 1996 3432 τῆς

404 3454 621 3522 φύσεως
660 3453 817 3525 ἡμῶν
870 3454 1071 3526 πολλὴν
1116 3454 1326 3523 ὕφεσιν,
1366 3456 1426 3507 οὐ
1463 3454 1740 3515 δύνανται,
1782 3454 1992 3521 τοῦτον,

400 3543 479 3608 to;
542 3545 781 3618 ἐγχωρεῖ
806 3586 823 3611 ,
880 3544 1079 3615 ὁρῶσιν
1145 3545 1243 3598 καὶ
1320 3544 1672 3614 ὑποδέχονται
1738 3543 1827 3597 διὰ
1894 3544 1994 3615 τὴν

401 3635 610 3707 ἔφεσιν.

471 3914 881 3979 Κατανοοῦντες
905 3914 1065 3977 τέως,
1093 3909 1184 3968 οἷα
1208 3914 1252 3966 δ’
1278 3913 1344 3968 ἄν
1368 3930 1456 3977 τις
1486 3914 1698 3985 μεγάλα
1738 3912 1866 3987 εἴπῃ
1898 3932 1994 3968 πε-

402 4009 460 4080 ρὶ
501 4004 691 4072 αὑτοῦ,
739 4007 841 4077 τῆς
892 4003 1157 4078 ἀκριϐοῦς
1209 4004 1467 4077 ἀληθείας
1517 4006 1849 4077 ἀφέστηκεν,
1894 4008 1994 4078 οὐχ

399 4100 526 4155 ὅσον
574 4100 801 4171 οὐρανός
843 4099 991 4152 ἐστιν
1048 4096 1159 4152 ἀπὸ
1200 4097 1305 4167 γῆς
1341 4099 1520 4168 μόνον,
1547 4098 1664 4152 ἀλλ’
1693 4098 1772 4152 ἔτι
1812 4098 1992 4170 πολλῷ

399 4193 585 4258 πλέον,
644 4192 941 4265 κράξουσιν
1004 4190 1144 4261 μετά
1194 4189 1414 4262 [1551)]
1480 4191 1574 4244 τοῦ
1613 4190 1987 4262 Ἰεροιζνάλτουο

405 4303 427 4337 ι
473 4283 613 4354 Ἐγὼ
652 4279 784 4339 εῐπα
831 4284 889 4336 ὲν
933 4285 999 4354 τῇ
1058 4282 1314 4335 ἐκστάσει
1363 4299 1465 4352 μου
1491 4298 1505 4311 ·
1548 4283 1663 4346 Πᾶς
1706 4282 1990 4355 ἄνθρωπος

324 4441 337 4454 .
396 4379 661 4451 ψεύστης,
693 4398 712 4430 ι
758 4378 880 4449 οὐχὶ
920 4376 1000 4448 τῷ
1037 4366 1260 4445 φεύγειν
1313 4374 1412 4447 τὴν
1464 4374 1581 4446 Θεῷ
1635 4374 1796 4444 φίλην
1857 4374 1990 4446 ἀλή-

398 4471 574 4535 θειαν,
602 4471 737 4525 ἀλλά
760 4470 837 4540 τῷ
873 4469 1041 4541 μηδὲν
1073 4466 1223 4532 ἄξιον
1246 4466 1505 4521 δύνασθαι
1528 4467 1742 4537 νοῆσαι,
1775 4467 1808 4538 ἢ
1845 4468 1983 4539 φρά-

400 4583 493 4620 σαι
528 4565 657 4637 περὶ
684 4565 783 4635 τῆς
816 4563 1069 4633 θεότητος
1100 4560 1194 4614 τοῦ
1221 4559 1377 4630 ἁγίου
1407 4559 1725 4630 Πνεῦματος
1744 4576 1758 4589 ·
1796 4561 1857 4613 οὐ
1894 4578 1988 4614 πε-

402 4660 456 4733 ρὶ
484 4659 768 4731 μεγέθους,
798 4657 831 4724 ἢ
853 4657 1028 4725 φωτός
1047 4672 1063 4688 ο
1091 4654 1269 4710 πάντα
1298 4654 1407 4726 γὰρ
1441 4653 1553 4724 ἔχει
1580 4654 1668 4722 ὑφ’
1692 4652 1871 4718 ἑαυτὸ,
1893 4653 1988 4707 καὶ

398 4749 648 4820 φωτίζει,
702 4748 799 4801 καὶ
844 4746 994 4799 ἐστιν
1049 4746 1108 4798 ὲν
1157 4746 1356 4798 πᾶσιν
1403 4743 1466 4796 οὺ
1500 4742 1629 4812 περὶ
1667 4741 1982 4812 δυνάμεως·

400 4842 579 4896 πάντα
622 4841 732 4913 γὰρ
774 4842 866 4895 ὑπ’
900 4839 1065 4895 αὑτοῦ
1105 4839 1425 4910 ἐστήρικται
1474 4837 1569 4890 καὶ
1600 4836 1980 4904 ζωογονεῖταιο

395 4939 459 4992 οὐ
521 4934 647 5008 περὶ
703 4936 1003 5005 σχήματος,
1045 4933 1080 5005 ἢ
1124 4931 1438 4998 ποιότητος·
1484 4929 1712 5001 ἀόρατος
1747 4926 1856 4998 γὰρ
1890 4925 1983 4979 καὶ

394 5030 815 5100 ἀκατάληπτος,
862 5025 938 5090 ὼς
995 5025 1131 5096 πνοὴ
1186 5020 1633 5092 Παντοκράτορος
1677 5018 1747 5089 (εἰ
1792 5016 1901 5088 γὰρ
1955 5017 1984 5070 ὁ

469 5206 851 5278 (58lAnimam,
884 5221 1004 5273 qua:
1044 5204 1230 5278 etiam__
1245 5202 1532 5278 spiritus...
1556 5198 1786 5278 dicitur:
1815 5195 1869 5249 In
1913 5195 1971 5247 li-

393 5270 493 5337 ltro
539 5277 614 5332 De
659 5277 756 5345 Sp.
784 5270 966 5328 δαηὲιο
1013 5291 1161 5347 ιιιιιιι,
1192 5272 1268 5347 54
1301 5283 1357 5347 et
1390 5286 1569 5339 seqq.,
1606 5270 1976 5347 ubi-diversas

390 5349 640 5405 vocabuli
667 5342 944 5413 (spiritus
977 5364 995 5396 ι
1029 5342 1978 5413 signiﬁcationespersequituraspi-

394 5423 559 5474 ritum
596 5418 664 5472 ab
693 5406 869 5486 anima
902 5406 1200 5486 distinguit.
1238 5414 1306 5486 At
1337 5412 1388 5465 in
1422 5406 1558 5486 libro
1586 5422 1768 5486 contra
1798 5406 1977 5486 illuui-

392 5492 567 5543 chwos
593 5504 716 5559 pag.
743 5485 875 5559 207,
901 5486 977 5559 ita
1007 5478 1117 5559 l_'er_e
1157 5483 1406 5559 loquitur
1425 5492 1482 5535 ut
1508 5480 1609 5534 hoc
1638 5478 1840 5557 induco
1858 5478 1979 5559 ;-ait

392 5561 538 5614 enim
571 5547 913 5626 εἸΙνεύματι,
952 5554 981 5608 ὃ
1011 5555 1128 5607 ἐστι
1158 5547 1330 5626 ψυχή,
1355 5553 1407 5607 id
1446 5562 1552 5618 est,
1582 5568 1600 5601 ι
1634 5549 1846 5617 spiritu,
1883 5547 1984 5600 hoc

392 5640 474 5685 est
497 5646 696 5685 attttna.
739 5650 759 5682 ι

468 5701 579 5772 ('59)
625 5699 887 5755 "alitum.
916 5701 1120 5761 Codex,
1174 5692 1378 5765 ἄσθμα.
1439 5690 1633 5749 Scribo
1676 5685 1883 5760 ἆσθμα,
1921 5695 1981 5741 ιιι

395 5772 1040 5847 ετιιιιιιὴιιιιιίοἱεὲρςιιοοιιιιι.
1121 5838 1175 5847 Ἀ
1235 5835 1247 5847 _
1454 5832 1486 5847 η
1636 5829 1660 5847 η

466 5842 585 5913 (tm
623 5832 973 5897 Desiderium.
1023 5838 1182 5894 Ludit
1234 5835 1288 5891 in
1351 5832 1572 5890 vocibus
1636 5832 1850 5901 ὕφεσιν,
1924 5837 1979 5883 et

2097 3358 2188 3427 qui
2219 3357 2495 3412 interioris
2525 3356 2751 3411 visionis
2782 3356 2997 3410 oculum
3026 3357 3095 3411 ab
3118 3358 3375 3413 omnibus
3421 3359 3582 3414 rebus
3615 3360 3682 3414 il-

2096 3449 2205 3501 ltntt
2255 3448 2683 3502 obscurantilnts
2734 3447 2964 3502 liberum
3030 3462 3096 3501 ac
3137 3449 3396 3502 mundum
3435 3449 3680 3506 habent:

2094 3550 2149 3595 et
2175 3556 2335 3611 quem
2363 3542 2568 3607 videre,
2601 3540 2764 3595 sicuti
2804 3549 2911 3604 est,
2939 3549 2993 3595 et
3018 3549 3186 3597 tomm
3218 3556 3414 3611 capere
3443 3559 3550 3598 non
3586 3560 3683 3599 va-

2097 3635 2208 3689 lent
2235 3635 2304 3689 ob
2346 3650 2597 3704 magnam
2632 3644 2841 3687 naturae
2871 3646 3071 3689 uosrrte
3095 3633 3480 3705 abjectionem,
3511 3636 3676 3701 hunc.

2093 3728 2268 3794 quoad
2300 3728 2416 3798 ejus
2450 3728 2564 3783 ﬁeri
2610 3735 2822 3797 potest,
2868 3729 3212 3799 conSpiciunt
3272 3739 3329 3786 et
3377 3729 3683 3801 suscipiunt

2093 3829 2315 3886 propter
2340 3819 2668 3875 desiderium
2694 3812 2829 3892 (40).

2164 3909 2295 3963 Illnd
2326 3918 2456 3966 tunc
2486 3914 2916 3983 considerantes,
2959 3914 3123 3986 quod,
3168 3914 3518 3984 quantumvis
3565 3927 3682 3968 ma-

2092 4012 2197 4066 gna
2239 3996 2363 4066 quis
2396 3997 2464 4051 de
2504 4013 2571 4053 eo
2609 3999 2830 4064 dixerit,
2889 4001 3094 4056 distant
3144 3998 3263 4056 haec
3304 4002 3374 4056 ab
3422 4009 3680 4056 accurata

2092 4090 2323 4145 veritate
2353 4106 2457 4145 non
2499 4092 2661 4146 modo
2689 4101 2953 4162 quantum
2995 4093 3164 4147 distat
3208 4093 3406 4149 emtum
3438 4108 3468 4148 a
3505 4103 3674 4159 terra,

2094 4182 2187 4236 sed
2222 4183 2399 4237 adhuc
2422 4183 2591 4237 multo
2614 4184 2787 4253 magis
2808 4224 2825 4249 ,
2859 4184 3097 4239 clamant
3120 4200 3245 4239 cum
3271 4200 3429 4241 sacro
3455 4184 3677 4243 Psalle:

2096 4294 2115 4327 ι
2152 4274 2262 4345 Ego
2291 4275 2401 4329 dixi
2447 4275 2562 4347 (tl)
2610 4277 2661 4330 in
2685 4278 2858 4330 extasi
2903 4293 3063 4332 mea:
3105 4276 3296 4333 Omnis
3333 4278 3494 4333 homo
3525 4297 3679 4335 men.

2091 4368 2237 4433 dax;
2277 4386 2297 4420 ι
2330 4382 2438 4422 non
2490 4369 2632 4435 quod
2680 4369 2903 4422 charam
2941 4370 3050 4423 Deo
3089 4369 3203 4440 (4‘2)
3252 4371 3537 4426 veritatem
3586 4373 3676 4426 tn-

2088 4462 2263 4530 giant,
2300 4463 2394 4514 sed
2424 4461 2567 4529 quod
2613 4461 2747 4515 nihil
2783 4461 3004 4531 dignum
3052 4464 3293 4531 cogitare
3321 4475 3540 4530 queant,
3580 4476 3678 4519 aut

2090 4553 2267 4621 el0qni
2310 4554 2376 4607 de
2407 4553 2609 4607 deitate
2639 4553 2877 4623 Spiritus
2908 4555 3081 4608 sancti
3110 4570 3126 4609 :
3160 4555 3293 4608 nihil
3321 4556 3388 4608 de
3414 4555 3531 4625 ejus
3555 4574 3671 4611 nta-

2093 4643 2399 4714 gnitudine,
2427 4653 2522 4699 aut
2560 4643 2710 4711 luce;
2737 4645 2918 4699 omnia
2947 4646 3093 4699 enim
3138 4645 3238 4701 sub
3269 4661 3330 4703 se
3365 4647 3551 4717 habet,
3591 4659 3677 4703 at-

2091 4753 2196 4808 que
2229 4737 2513 4800 illuminat,
2541 4746 2595 4791 et
2627 4746 2711 4793 est
2738 4737 2790 4791 in
2815 4736 3066 4792 omnibus
3093 4755 3108 4790 :
3139 4736 3273 4792 nihil
3297 4739 3368 4794 de
3391 4741 3669 4808 potentia;

2089 4829 2270 4883 omnia
2333 4829 2476 4883 enim
2530 4828 2600 4881 ab
2654 4844 2721 4885 eo
2768 4829 2980 4883 ﬁrmata
3053 4845 3119 4884 ac
3166 4829 3404 4885 stabilita
3449 4843 3569 4887 sunt
3618 4843 3678 4890 et

2090 4922 2493 4976 fecundantur:
2530 4922 2663 4976 nihil
2716 4922 2783 4976 de
2848 4922 3043 4991 ﬁgura,
3096 4932 3190 4975 aut
3240 4924 3538 4993 qualitate;
3587 4938 3674 4982 est

2090 5015 2234 5070 enim
2263 5014 2551 5070 invisibilis
2579 5027 2634 5072 et
2664 5016 3251 5087 incomprehensibilis,
3281 5026 3464 5088 utpote
3497 5020 3675 5090 spira-

2084 5209 2182 5245 εωε
2192 5208 2296 5245 σιν.

2116 5210 2421 5335 Ego
2456 5263 2591 5335 dixi,
2620 5262 2764 5335 PSal:
2795 5278 2918 5323 cxv.
2953 5264 2989 5317 2
3009 5263 3145 5335 (sive
3169 5262 3281 5335 lt),

2152 5333 2278 5409 (ρδἓλ
2305 5332 2539 5409 (litarent
2568 5334 2694 5390 Deo.
2731 5333 2920 5409 Cocles
2942 5332 3542 5409 ιιιεέηιιοεεθιθεωφῖλην.
3575 5337 3671 5409 Le-

2078 5401 2290 5473 αοΘεῷ
2314 5402 2492 5478 φίλην.
2521 5403 2596 5457 Ita
2622 5420 2793 5471 segm.
2949 5422 2980 5458 a
3012 5408 3087 5478 ait
3113 5424 3128 5459 :
3156 5405 3290 5458 Φίλα
3315 5401 3671 5478 αὖτῷπράτ-

2081 5490 2184 5550 τει,
2211 5474 2531 5550 βρυλαρτ-ο
2559 5481 2808 5550 adversus
2844 5473 3167 5550 Manichq'os
3203 5493 3322 5548 pag.
3351 5473 3459 5550 {l3
3490 5495 3503 5530 :
3531 5473 3663 5550 Φίλη

2078 5543 2137 5617 δέ
2169 5542 2248 5614 τῷ
2279 5543 2398 5617 Θεῴ
2436 5545 2470 5615 ἡ
2509 5546 2701 5617 ἀρετή,
2740 5547 2788 5597 id
2829 5554 2936 5610 est,
2979 5564 2997 5597 ι
3042 5548 3134 5599 Est
3163 5542 3343 5600 atrtém
3375 5548 3483 5601 Dto
3514 5542 3668 5617 grata

2080 5596 2271 5668 vinu's.
2296 5596 2328 5665 ί»
2361 5596 2605 5671 instate
2624 5596 2634 5598 ἡ
2652 5596 2935 5683 Itaque,”
2955 5625 3013 5668 ut
3042 5596 3133 5670 1:1;
3166 5596 3665 5683 ai.‘a;"ta'ce5.;:‘,“i.‘.

2084 5686 2257 5760 prima
2297 5686 2728 5760 Apologianunt.
2762 5686 2832 5740 68
2859 5687 3049 5760 scribit
3082 5703 3096 5738 :
3136 5687 3202 5760 Ὅ
3232 5686 3490 5760 φίλοντῷ
3523 5687 3668 5760 Θεῷ,

2082 5754 2243 5809 τοῦτο
2264 5754 2526 5825 γενέσθω,
2563 5758 2617 5813 id
2653 5765 2736 5812 est
2766 5775 2785 5809 ι
2828 5758 2972 5827 quod
2997 5755 3104 5812 Deo
3131 5754 3327 5841 placet,
3357 5757 3408 5811 id
3432 5754 3543 5813 li'at.
3577 5777 3596 5841 ι
