  <div class='ocr_page' id='page_1' title='image "/cluster/home/n/w/nwhite01/storage/ocr_20150623/39/coo.31924054869361/377.png"; bbox 0 0 4054 6408; ppageno 0'>
   <div class='ocr_carea' id='block_1_1' title="bbox 459 391 566 448">
    <p class='ocr_par' dir='ltr' id='par_1_1' title="bbox 459 391 566 448">
     <span class='ocr_line' id='line_1_1' title="bbox 459 391 566 448; baseline -0.009 0"><span class='ocrx_word' id='word_1_1' title='bbox 459 391 566 448; x_wconf 76' lang='lat'><strong>739</strong></span> 
     </span>
    </p>
   </div>
   <div class='ocr_carea' id='block_1_2' title="bbox 1700 386 3702 449">
    <p class='ocr_par' dir='ltr' id='par_1_2' title="bbox 1700 386 3702 449">
     <span class='ocr_line' id='line_1_2' title="bbox 1700 386 3702 449; baseline 0.003 -8"><span class='ocrx_word' id='word_1_2' title='bbox 1700 386 1938 443; x_wconf 81' lang='lat' dir='ltr'><strong>DIDYMI</strong></span> <span class='ocrx_word' id='word_1_3' title='bbox 1977 388 2453 446; x_wconf 75' lang='lat' dir='ltr'><strong>ALEXANDRINI</strong></span> <span class='ocrx_word' id='word_1_4' title='bbox 3607 392 3702 449; x_wconf 77' lang='grc'><strong>740</strong></span> 
     </span>
    </p>
   </div>
   <div class='ocr_carea' id='block_1_3' title="bbox 459 504 2046 581">
    <p class='ocr_par' dir='ltr' id='par_1_3' title="bbox 459 504 2046 579">
     <span class='ocr_line' id='line_1_3' title="bbox 459 504 2046 579; baseline -0.004 -12"><span class='ocrx_word' id='word_1_5' title='bbox 459 510 641 568; x_wconf 89' lang='lat' dir='ltr'><strong>culum</strong></span> <span class='ocrx_word' id='word_1_6' title='bbox 678 505 798 579; x_wconf 79' lang='lat' dir='ltr'><strong>(seu</strong></span> <span class='ocrx_word' id='word_1_7' title='bbox 846 504 1028 571; x_wconf 83' lang='lat' dir='ltr'><strong>natus)</strong></span> <span class='ocrx_word' id='word_1_8' title='bbox 1073 504 1476 576; x_wconf 77' lang='lat' dir='ltr'><strong>Omnipote‘ntis</strong></span> <span class='ocrx_word' id='word_1_9' title='bbox 1518 504 1587 578; x_wconf 90' lang='lat' dir='ltr'><strong>(si</strong></span> <span class='ocrx_word' id='word_1_10' title='bbox 1628 504 1772 561; x_wconf 90' lang='lat' dir='ltr'><strong>enim</strong></span> <span class='ocrx_word' id='word_1_11' title='bbox 1799 506 2046 577; x_wconf 86' lang='lat' dir='ltr'><strong>omnipo—</strong></span> 
     </span>
    </p>
   </div>
   <div class='ocr_carea' id='block_1_4' title="bbox 2151 504 3705 581">
    <p class='ocr_par' dir='ltr' id='par_1_4' title="bbox 2151 505 3705 581">
     <span class='ocr_line' id='line_1_4' title="bbox 2151 505 3705 581; baseline -0.002 -18"><span class='ocrx_word' id='word_1_12' title='bbox 2151 508 2545 580; x_wconf 84' lang='grc' dir='ltr'><strong>παντοκράτωρ</strong></span> <span class='ocrx_word' id='word_1_13' title='bbox 2602 507 2790 580; x_wconf 78' lang='grc' dir='ltr'>Πατὴρ</span> <span class='ocrx_word' id='word_1_14' title='bbox 2859 509 3268 581; x_wconf 85' lang='grc' dir='ltr'>ἀσχημάτιστος</span> <span class='ocrx_word' id='word_1_15' title='bbox 3329 505 3423 561; x_wconf 66' lang='grc' dir='ltr'>καὶ</span> <span class='ocrx_word' id='word_1_16' title='bbox 3470 506 3705 578; x_wconf 86' lang='grc' dir='ltr'>ἀόρατος.</span> 
     </span>
    </p>
   </div>
   <div class='ocr_carea' id='block_1_5' title="bbox 458 597 2041 669">
    <p class='ocr_par' dir='ltr' id='par_1_5' title="bbox 458 597 2041 669">
     <span class='ocr_line' id='line_1_5' title="bbox 458 597 2041 669; baseline -0.005 -9"><span class='ocrx_word' id='word_1_17' title='bbox 458 614 580 660; x_wconf 88' lang='lat' dir='ltr'><strong>tens</strong></span> <span class='ocrx_word' id='word_1_18' title='bbox 616 602 779 655; x_wconf 82' lang='lat' dir='ltr'><strong>Pater</strong></span> <span class='ocrx_word' id='word_1_19' title='bbox 811 599 998 669; x_wconf 77' lang='lat' dir='ltr'><strong>ﬁgurae</strong></span> <span class='ocrx_word' id='word_1_20' title='bbox 1046 611 1242 668; x_wconf 80' lang='lat' dir='ltr'><strong>expers</strong></span> <span class='ocrx_word' id='word_1_21' title='bbox 1287 607 1391 663; x_wconf 86' lang='lat' dir='ltr'><strong>est,</strong></span> <span class='ocrx_word' id='word_1_22' title='bbox 1431 607 1485 652; x_wconf 91' lang='lat' dir='ltr'><strong>et</strong></span> <span class='ocrx_word' id='word_1_23' title='bbox 1539 597 1849 665; x_wconf 73' lang='lat' dir='ltr'><strong>invisibilis,</strong></span> <span class='ocrx_word' id='word_1_24' title='bbox 1897 599 2041 653; x_wconf 92' lang='lat' dir='ltr'><strong>sicut</strong></span> 
     </span>
    </p>
   </div>
   <div class='ocr_carea' id='block_1_6' title="bbox 460 690 2038 758">
    <p class='ocr_par' dir='ltr' id='par_1_6' title="bbox 460 690 2038 758">
     <span class='ocr_line' id='line_1_6' title="bbox 460 690 2038 758; baseline -0.003 -9"><span class='ocrx_word' id='word_1_25' title='bbox 460 705 546 749; x_wconf 85' lang='lat' dir='ltr'><strong>est</strong></span> <span class='ocrx_word' id='word_1_26' title='bbox 599 695 761 747; x_wconf 87' lang='lat' dir='ltr'><strong>etiam</strong></span> <span class='ocrx_word' id='word_1_27' title='bbox 812 705 1023 746; x_wconf 89' lang='lat' dir='ltr'><strong>summe</strong></span> <span class='ocrx_word' id='word_1_28' title='bbox 1073 690 1464 758; x_wconf 89' lang='lat' dir='ltr'><strong>incorporeus,</strong></span> <span class='ocrx_word' id='word_1_29' title='bbox 1513 699 1568 745; x_wconf 90' lang='lat' dir='ltr'><strong>et</strong></span> <span class='ocrx_word' id='word_1_30' title='bbox 1610 704 1770 758; x_wconf 83' lang='lat' dir='ltr'><strong>supra</strong></span> <span class='ocrx_word' id='word_1_31' title='bbox 1824 704 2038 745; x_wconf 90' lang='lat' dir='ltr'><strong>omnem</strong></span> 
     </span>
    </p>
   </div>
   <div class='ocr_carea' id='block_1_7' title="bbox 459 781 2036 854">
    <p class='ocr_par' dir='ltr' id='par_1_7' title="bbox 459 781 2036 854">
     <span class='ocr_line' id='line_1_7' title="bbox 459 781 2036 854; baseline -0.002 -14"><span class='ocrx_word' id='word_1_32' title='bbox 459 785 842 854; x_wconf 74' lang='lat' dir='ltr'><strong>cogitationem</strong></span> <span class='ocrx_word' id='word_1_33' title='bbox 868 782 1165 847; x_wconf 74' lang='lat' dir='ltr'><strong>extollitur,</strong></span> <span class='ocrx_word' id='word_1_34' title='bbox 1201 781 1446 850; x_wconf 80' lang='lat' dir='ltr'><strong>profecto</strong></span> <span class='ocrx_word' id='word_1_35' title='bbox 1481 782 1606 836; x_wconf 86' lang='lat' dir='ltr'><strong>talis</strong></span> <span class='ocrx_word' id='word_1_36' title='bbox 1635 791 1721 836; x_wconf 88' lang='lat' dir='ltr'><strong>est</strong></span> <span class='ocrx_word' id='word_1_37' title='bbox 1752 782 2036 837; x_wconf 83' lang='lat' dir='ltr'><strong>viviﬁcans</strong></span> 
     </span>
    </p>
   </div>
   <div class='ocr_carea' id='block_1_8' title="bbox 459 872 2042 945">
    <p class='ocr_par' dir='ltr' id='par_1_8' title="bbox 459 872 2042 945">
     <span class='ocr_line' id='line_1_8' title="bbox 459 872 2042 945; baseline 0 -16"><span class='ocrx_word' id='word_1_38' title='bbox 459 889 675 945; x_wconf 87' lang='lat' dir='ltr'><strong>quoque</strong></span> <span class='ocrx_word' id='word_1_39' title='bbox 726 875 982 944; x_wconf 79' lang='lat' dir='ltr'><strong>Spiritus,</strong></span> <span class='ocrx_word' id='word_1_40' title='bbox 1025 872 1116 942; x_wconf 85' lang='lat' dir='ltr'><strong>qui</strong></span> <span class='ocrx_word' id='word_1_41' title='bbox 1167 888 1234 926; x_wconf 74' lang='lat' dir='ltr'><strong>ex</strong></span> <span class='ocrx_word' id='word_1_42' title='bbox 1282 873 1400 943; x_wconf 91' lang='lat' dir='ltr'><strong>ipso</strong></span> <span class='ocrx_word' id='word_1_43' title='bbox 1428 874 1734 944; x_wconf 85' lang='lat' dir='ltr'><strong>procedit):</strong></span> <span class='ocrx_word' id='word_1_44' title='bbox 1792 874 1924 928; x_wconf 87' lang='lat' dir='ltr'><strong>nihil</strong></span> <span class='ocrx_word' id='word_1_45' title='bbox 1975 875 2042 929; x_wconf 87' lang='lat' dir='ltr'><strong>de</strong></span> 
     </span>
    </p>
   </div>
   <div class='ocr_carea' id='block_1_9' title="bbox 457 965 2039 1034">
    <p class='ocr_par' dir='ltr' id='par_1_9' title="bbox 457 965 2039 1034">
     <span class='ocr_line' id='line_1_9' title="bbox 457 965 2039 1034; baseline -0.001 -13"><span class='ocrx_word' id='word_1_46' title='bbox 457 968 719 1033; x_wconf 88' lang='lat' dir='ltr'><strong>bonitate,</strong></span> <span class='ocrx_word' id='word_1_47' title='bbox 773 975 866 1019; x_wconf 89' lang='lat' dir='ltr'><strong>aut</strong></span> <span class='ocrx_word' id='word_1_48' title='bbox 915 965 1238 1027; x_wconf 63' lang='lat' dir='ltr'><strong>aeternitate,</strong></span> <span class='ocrx_word' id='word_1_49' title='bbox 1296 975 1390 1018; x_wconf 91' lang='lat' dir='ltr'><strong>aut</strong></span> <span class='ocrx_word' id='word_1_50' title='bbox 1437 966 1618 1019; x_wconf 83' lang='lat' dir='ltr'><strong>divina</strong></span> <span class='ocrx_word' id='word_1_51' title='bbox 1666 966 1877 1034; x_wconf 83' lang='lat' dir='ltr'><strong>gloria;</strong></span> <span class='ocrx_word' id='word_1_52' title='bbox 1916 981 2039 1020; x_wconf 90' lang='lat' dir='ltr'><strong>nam</strong></span> 
     </span>
    </p>
   </div>
   <div class='ocr_carea' id='block_1_10' title="bbox 461 1064 2038 1134">
    <p class='ocr_par' dir='ltr' id='par_1_10' title="bbox 461 1064 2038 1134">
     <span class='ocr_line' id='line_1_10' title="bbox 461 1064 2038 1134; baseline -0.001 -14"><span class='ocrx_word' id='word_1_53' title='bbox 461 1065 696 1134; x_wconf 84' lang='lat' dir='ltr'><strong>Spiritus</strong></span> <span class='ocrx_word' id='word_1_54' title='bbox 737 1072 821 1119; x_wconf 86' lang='lat' dir='ltr'><strong>est</strong></span> <span class='ocrx_word' id='word_1_55' title='bbox 851 1073 1093 1127; x_wconf 89' lang='lat' dir='ltr'><strong>sanctus,</strong></span> <span class='ocrx_word' id='word_1_56' title='bbox 1129 1072 1184 1118; x_wconf 84' lang='lat' dir='ltr'><strong>et</strong></span> <span class='ocrx_word' id='word_1_57' title='bbox 1217 1080 1246 1118; x_wconf 91' lang='lat' dir='ltr'><strong>e</strong></span> <span class='ocrx_word' id='word_1_58' title='bbox 1283 1073 1469 1119; x_wconf 85' lang='lat' dir='ltr'><strong>sancto</strong></span> <span class='ocrx_word' id='word_1_59' title='bbox 1512 1064 1619 1119; x_wconf 88' lang='lat' dir='ltr'><strong>Deo</strong></span> <span class='ocrx_word' id='word_1_60' title='bbox 1654 1064 1816 1118; x_wconf 82' lang='lat' dir='ltr'><strong>Patre</strong></span> <span class='ocrx_word' id='word_1_61' title='bbox 1845 1065 2038 1119; x_wconf 80' lang='lat' dir='ltr'><strong>eluxit.</strong></span> 
     </span>
    </p>
   </div>
   <div class='ocr_carea' id='block_1_11' title="bbox 459 1155 2038 1222">
    <p class='ocr_par' dir='ltr' id='par_1_11' title="bbox 459 1155 2038 1222">
     <span class='ocr_line' id='line_1_11' title="bbox 459 1155 2038 1222; baseline -0.001 -12"><span class='ocrx_word' id='word_1_62' title='bbox 459 1155 765 1220; x_wconf 69' lang='lat' dir='ltr'><strong>Alloquitur</strong></span> <span class='ocrx_word' id='word_1_63' title='bbox 811 1169 943 1222; x_wconf 78' lang='lat' dir='ltr'><strong>ergo</strong></span> <span class='ocrx_word' id='word_1_64' title='bbox 998 1155 1286 1222; x_wconf 84' lang='lat' dir='ltr'><strong>Apostolus</strong></span> <span class='ocrx_word' id='word_1_65' title='bbox 1334 1155 1644 1222; x_wconf 87' lang='lat' dir='ltr'><strong>spiritualcs</strong></span> <span class='ocrx_word' id='word_1_66' title='bbox 1687 1157 1769 1210; x_wconf 88' lang='lat' dir='ltr'><strong>his</strong></span> <span class='ocrx_word' id='word_1_67' title='bbox 1812 1158 2038 1212; x_wconf 87' lang='lat' dir='ltr'><strong>verbis:</strong></span> 
     </span>
    </p>
   </div>
   <div class='ocr_carea' id='block_1_12' title="bbox 466 1247 2041 1319">
    <p class='ocr_par' dir='ltr' id='par_1_12' title="bbox 466 1247 2041 1319">
     <span class='ocr_line' id='line_1_12' title="bbox 466 1247 2041 1319; baseline 0.003 -21"><span class='ocrx_word' id='word_1_68' title='bbox 466 1266 486 1298; x_wconf 74' lang='grc' dir='ltr'><strong>ι</strong></span> <span class='ocrx_word' id='word_1_69' title='bbox 525 1247 640 1302; x_wconf 85' lang='lat' dir='ltr'><strong>Non</strong></span> <span class='ocrx_word' id='word_1_70' title='bbox 668 1249 800 1302; x_wconf 89' lang='lat' dir='ltr'><strong>estis</strong></span> <span class='ocrx_word' id='word_1_71' title='bbox 832 1248 946 1319; x_wconf 79' lang='grc'><strong>(45)</strong></span> <span class='ocrx_word' id='word_1_72' title='bbox 981 1248 1032 1300; x_wconf 90' lang='lat' dir='ltr'><strong>in</strong></span> <span class='ocrx_word' id='word_1_73' title='bbox 1061 1261 1227 1301; x_wconf 89' lang='lat' dir='ltr'><strong>carne</strong></span> <span class='ocrx_word' id='word_1_74' title='bbox 1251 1287 1265 1310; x_wconf 92' lang='lat'><strong>,</strong></span> <span class='ocrx_word' id='word_1_75' title='bbox 1317 1249 1410 1302; x_wconf 86' lang='lat' dir='ltr'><strong>sed</strong></span> <span class='ocrx_word' id='word_1_76' title='bbox 1446 1248 1498 1301; x_wconf 92' lang='lat' dir='ltr'><strong>in</strong></span> <span class='ocrx_word' id='word_1_77' title='bbox 1529 1248 1758 1314; x_wconf 84' lang='lat' dir='ltr'><strong>Spiritu,</strong></span> <span class='ocrx_word' id='word_1_78' title='bbox 1785 1248 1826 1301; x_wconf 91' lang='lat' dir='ltr'><strong>si</strong></span> <span class='ocrx_word' id='word_1_79' title='bbox 1859 1256 2041 1302; x_wconf 87' lang='lat' dir='ltr'><strong>tamen</strong></span> 
     </span>
    </p>
   </div>
   <div class='ocr_carea' id='block_1_13' title="bbox 462 1337 2045 1408">
    <p class='ocr_par' dir='ltr' id='par_1_13' title="bbox 462 1337 2045 1408">
     <span class='ocr_line' id='line_1_13' title="bbox 462 1337 2045 1408; baseline -0.001 -16"><span class='ocrx_word' id='word_1_80' title='bbox 462 1338 696 1408; x_wconf 87' lang='lat' dir='ltr'><strong>Spiritus</strong></span> <span class='ocrx_word' id='word_1_81' title='bbox 727 1338 816 1393; x_wconf 91' lang='lat' dir='ltr'><strong>Dei</strong></span> <span class='ocrx_word' id='word_1_82' title='bbox 871 1338 1078 1392; x_wconf 90' lang='lat' dir='ltr'><strong>habitat</strong></span> <span class='ocrx_word' id='word_1_83' title='bbox 1124 1340 1175 1392; x_wconf 94' lang='lat' dir='ltr'><strong>in</strong></span> <span class='ocrx_word' id='word_1_84' title='bbox 1213 1339 1401 1405; x_wconf 69' lang='lat' dir='ltr'><strong>vobis;</strong></span> <span class='ocrx_word' id='word_1_85' title='bbox 1435 1356 1452 1388; x_wconf 74' lang='grc' dir='ltr'><strong>ι</strong></span> <span class='ocrx_word' id='word_1_86' title='bbox 1503 1347 1558 1392; x_wconf 94' lang='lat' dir='ltr'><strong>et</strong></span> <span class='ocrx_word' id='word_1_87' title='bbox 1588 1354 1776 1394; x_wconf 87' lang='lat' dir='ltr'><strong>rursus</strong></span> <span class='ocrx_word' id='word_1_88' title='bbox 1807 1357 1820 1392; x_wconf 90' lang='lat'><strong>:</strong></span> <span class='ocrx_word' id='word_1_89' title='bbox 1858 1357 1876 1390; x_wconf 80' lang='grc' dir='ltr'><strong>ι</strong></span> <span class='ocrx_word' id='word_1_90' title='bbox 1915 1337 2045 1392; x_wconf 86' lang='lat' dir='ltr'><strong>Fra-</strong></span> 
     </span>
    </p>
   </div>
   <div class='ocr_carea' id='block_1_14' title="bbox 462 1432 2044 1504">
    <p class='ocr_par' dir='ltr' id='par_1_14' title="bbox 462 1432 2044 1504">
     <span class='ocr_line' id='line_1_14' title="bbox 462 1432 2044 1504; baseline 0.002 -20"><span class='ocrx_word' id='word_1_91' title='bbox 462 1442 572 1485; x_wconf 89' lang='lat' dir='ltr'><strong>tres</strong></span> <span class='ocrx_word' id='word_1_92' title='bbox 599 1432 730 1504; x_wconf 83' lang='grc'><strong>(44),</strong></span> <span class='ocrx_word' id='word_1_93' title='bbox 760 1440 814 1486; x_wconf 85' lang='lat' dir='ltr'><strong>et</strong></span> <span class='ocrx_word' id='word_1_94' title='bbox 857 1432 900 1484; x_wconf 92' lang='lat' dir='ltr'><strong>si</strong></span> <span class='ocrx_word' id='word_1_95' title='bbox 931 1441 1338 1500; x_wconf 64' lang='lat' dir='ltr'><strong>prwoccupatus</strong></span> <span class='ocrx_word' id='word_1_96' title='bbox 1387 1432 1549 1486; x_wconf 80' lang='lat' dir='ltr'><strong>fuerit</strong></span> <span class='ocrx_word' id='word_1_97' title='bbox 1595 1433 1758 1487; x_wconf 86' lang='lat' dir='ltr'><strong>homo</strong></span> <span class='ocrx_word' id='word_1_98' title='bbox 1790 1449 1856 1487; x_wconf 78' lang='lat' dir='ltr'><strong>ex</strong></span> <span class='ocrx_word' id='word_1_99' title='bbox 1892 1433 2044 1487; x_wconf 82' lang='lat' dir='ltr'><strong>vobis</strong></span> 
     </span>
    </p>
   </div>
   <div class='ocr_carea' id='block_1_15' title="bbox 461 1521 2045 1591">
    <p class='ocr_par' dir='ltr' id='par_1_15' title="bbox 461 1521 2045 1591">
     <span class='ocr_line' id='line_1_15' title="bbox 461 1521 2045 1591; baseline 0.001 -17"><span class='ocrx_word' id='word_1_100' title='bbox 461 1521 516 1574; x_wconf 93' lang='lat' dir='ltr'><strong>in</strong></span> <span class='ocrx_word' id='word_1_101' title='bbox 551 1523 732 1590; x_wconf 91' lang='lat' dir='ltr'><strong>aliquo</strong></span> <span class='ocrx_word' id='word_1_102' title='bbox 761 1521 982 1585; x_wconf 92' lang='lat' dir='ltr'><strong>delicto,</strong></span> <span class='ocrx_word' id='word_1_103' title='bbox 1011 1537 1129 1583; x_wconf 81' lang='lat' dir='ltr'><strong>vos,</strong></span> <span class='ocrx_word' id='word_1_104' title='bbox 1155 1523 1247 1591; x_wconf 90' lang='lat' dir='ltr'><strong>qui</strong></span> <span class='ocrx_word' id='word_1_105' title='bbox 1281 1521 1594 1590; x_wconf 86' lang='lat' dir='ltr'><strong>spiritualcs</strong></span> <span class='ocrx_word' id='word_1_106' title='bbox 1624 1522 1779 1584; x_wconf 87' lang='lat' dir='ltr'><strong>estis,</strong></span> <span class='ocrx_word' id='word_1_107' title='bbox 1804 1523 2045 1590; x_wconf 80' lang='lat' dir='ltr'><strong>perﬁcite</strong></span> 
     </span>
    </p>
   </div>
   <div class='ocr_carea' id='block_1_16' title="bbox 463 1612 2043 1682">
    <p class='ocr_par' dir='ltr' id='par_1_16' title="bbox 463 1612 2043 1682">
     <span class='ocr_line' id='line_1_16' title="bbox 463 1612 2043 1682; baseline 0.001 -16"><span class='ocrx_word' id='word_1_108' title='bbox 463 1613 622 1666; x_wconf 89' lang='lat' dir='ltr'><strong>talem</strong></span> <span class='ocrx_word' id='word_1_109' title='bbox 671 1614 724 1666; x_wconf 89' lang='lat' dir='ltr'><strong>in</strong></span> <span class='ocrx_word' id='word_1_110' title='bbox 768 1612 959 1682; x_wconf 86' lang='lat' dir='ltr'><strong>spiritu</strong></span> <span class='ocrx_word' id='word_1_111' title='bbox 1011 1613 1272 1668; x_wconf 89' lang='lat' dir='ltr'><strong>lenitatis.</strong></span> <span class='ocrx_word' id='word_1_112' title='bbox 1332 1631 1351 1665; x_wconf 72' lang='grc' dir='ltr'><strong>ι</strong></span> <span class='ocrx_word' id='word_1_113' title='bbox 1404 1617 1483 1674; x_wconf 87' lang='lat' dir='ltr'><strong>Ac</strong></span> <span class='ocrx_word' id='word_1_114' title='bbox 1509 1619 1576 1668; x_wconf 89' lang='lat' dir='ltr'><strong>de</strong></span> <span class='ocrx_word' id='word_1_115' title='bbox 1611 1613 1832 1668; x_wconf 82' lang='lat' dir='ltr'><strong>Daniele</strong></span> <span class='ocrx_word' id='word_1_116' title='bbox 1881 1615 2043 1668; x_wconf 89' lang='lat' dir='ltr'><strong>etiam</strong></span> 
     </span>
    </p>
   </div>
   <div class='ocr_carea' id='block_1_17' title="bbox 461 1703 2046 1773">
    <p class='ocr_par' dir='ltr' id='par_1_17' title="bbox 461 1703 2046 1773">
     <span class='ocr_line' id='line_1_17' title="bbox 461 1703 2046 1773; baseline -0.001 -16"><span class='ocrx_word' id='word_1_117' title='bbox 461 1703 721 1771; x_wconf 78' lang='lat' dir='ltr'><strong>scriptum</strong></span> <span class='ocrx_word' id='word_1_118' title='bbox 756 1712 834 1756; x_wconf 88' lang='lat' dir='ltr'><strong>est</strong></span> <span class='ocrx_word' id='word_1_119' title='bbox 867 1721 881 1758; x_wconf 94' lang='lat'><strong>:</strong></span> <span class='ocrx_word' id='word_1_120' title='bbox 937 1720 955 1754; x_wconf 83' lang='grc' dir='ltr'><strong>ι</strong></span> <span class='ocrx_word' id='word_1_121' title='bbox 994 1703 1232 1772; x_wconf 88' lang='lat' dir='ltr'><strong>Spiritus</strong></span> <span class='ocrx_word' id='word_1_122' title='bbox 1271 1703 1386 1772; x_wconf 81' lang='grc'><strong>(45)</strong></span> <span class='ocrx_word' id='word_1_123' title='bbox 1427 1703 1677 1773; x_wconf 86' lang='lat' dir='ltr'><strong>copiosus</strong></span> <span class='ocrx_word' id='word_1_124' title='bbox 1705 1713 1824 1756; x_wconf 84' lang='lat' dir='ltr'><strong>erat</strong></span> <span class='ocrx_word' id='word_1_125' title='bbox 1863 1704 1916 1756; x_wconf 90' lang='lat' dir='ltr'><strong>in</strong></span> <span class='ocrx_word' id='word_1_126' title='bbox 1969 1705 2046 1772; x_wconf 86' lang='lat' dir='ltr'><strong>ip-</strong></span> 
     </span>
    </p>
   </div>
   <div class='ocr_carea' id='block_1_18' title="bbox 462 1795 2047 1866">
    <p class='ocr_par' dir='ltr' id='par_1_18' title="bbox 462 1795 2047 1866">
     <span class='ocr_line' id='line_1_18' title="bbox 462 1795 2047 1866; baseline 0.002 -18"><span class='ocrx_word' id='word_1_127' title='bbox 462 1808 524 1848; x_wconf 91' lang='lat' dir='ltr'><strong>so</strong></span> <span class='ocrx_word' id='word_1_128' title='bbox 559 1811 572 1847; x_wconf 91' lang='lat'><strong>:</strong></span> <span class='ocrx_word' id='word_1_129' title='bbox 611 1811 631 1846; x_wconf 85' lang='grc'><strong>›</strong></span> <span class='ocrx_word' id='word_1_130' title='bbox 664 1795 1004 1864; x_wconf 75' lang='lat' dir='ltr'><strong>antigmatice</strong></span> <span class='ocrx_word' id='word_1_131' title='bbox 1035 1805 1215 1848; x_wconf 89' lang='lat' dir='ltr'><strong>autem</strong></span> <span class='ocrx_word' id='word_1_132' title='bbox 1246 1795 1652 1863; x_wconf 70' lang='lat' dir='ltr'><strong>significabatur</strong></span> <span class='ocrx_word' id='word_1_133' title='bbox 1678 1797 1835 1866; x_wconf 75' lang='lat'><strong>291</strong></span> <span class='ocrx_word' id='word_1_134' title='bbox 1878 1797 2047 1866; x_wconf 86' lang='lat' dir='ltr'><strong>Spiri-</strong></span> 
     </span>
    </p>
   </div>
   <div class='ocr_carea' id='block_1_19' title="bbox 2145 598 3712 673">
    <p class='ocr_par' dir='ltr' id='par_1_19' title="bbox 2145 598 3712 673">
     <span class='ocr_line' id='line_1_19' title="bbox 2145 598 3712 673; baseline 0.001 -21"><span class='ocrx_word' id='word_1_135' title='bbox 2145 598 2281 652; x_wconf 80' lang='grc' dir='ltr'>καθὸ</span> <span class='ocrx_word' id='word_1_136' title='bbox 2305 599 2400 652; x_wconf 72' lang='grc' dir='ltr'><strong>καὶ</strong></span> <span class='ocrx_word' id='word_1_137' title='bbox 2427 598 2861 670; x_wconf 81' lang='grc' dir='ltr'>ῦπερασὼματος</span> <span class='ocrx_word' id='word_1_138' title='bbox 2899 602 2994 654; x_wconf 75' lang='grc' dir='ltr'><strong>καὶ</strong></span> <span class='ocrx_word' id='word_1_139' title='bbox 3021 599 3159 673; x_wconf 80' lang='grc' dir='ltr'>ὑπὲρ</span> <span class='ocrx_word' id='word_1_140' title='bbox 3191 602 3368 653; x_wconf 75' lang='grc' dir='ltr'>πᾶσαν</span> <span class='ocrx_word' id='word_1_141' title='bbox 3389 599 3565 668; x_wconf 77' lang='grc' dir='ltr'>νόησιν</span> <span class='ocrx_word' id='word_1_142' title='bbox 3593 600 3712 653; x_wconf 86' lang='grc' dir='ltr'>ἀνα-</span> 
     </span>
    </p>
   </div>
   <div class='ocr_carea' id='block_1_20' title="bbox 2145 685 3713 759">
    <p class='ocr_par' dir='ltr' id='par_1_20' title="bbox 2145 685 3713 759">
     <span class='ocr_line' id='line_1_20' title="bbox 2145 685 3713 759; baseline 0.001 -19"><span class='ocrx_word' id='word_1_143' title='bbox 2145 688 2416 758; x_wconf 83' lang='grc' dir='ltr'>ϐεϐηκὼς,</span> <span class='ocrx_word' id='word_1_144' title='bbox 2452 688 2633 758; x_wconf 77' lang='grc' dir='ltr'>δῆλον,</span> <span class='ocrx_word' id='word_1_145' title='bbox 2661 691 2742 743; x_wconf 85' lang='grc' dir='ltr'><strong>ὄτι</strong></span> <span class='ocrx_word' id='word_1_146' title='bbox 2771 685 2865 745; x_wconf 77' lang='grc' dir='ltr'><strong>καὶ</strong></span> <span class='ocrx_word' id='word_1_147' title='bbox 2896 691 2958 744; x_wconf 82' lang='grc' dir='ltr'>τὸ</span> <span class='ocrx_word' id='word_1_148' title='bbox 2993 691 3054 755; x_wconf 80' lang='grc' dir='ltr'><strong>ἐξ</strong></span> <span class='ocrx_word' id='word_1_149' title='bbox 3087 689 3253 744; x_wconf 82' lang='grc' dir='ltr'>αὐτοῦ</span> <span class='ocrx_word' id='word_1_150' title='bbox 3296 690 3713 759; x_wconf 78' lang='grc' dir='ltr'><strong>ἐκπορευόμενον</strong></span> 
     </span>
    </p>
   </div>
   <div class='ocr_carea' id='block_1_21' title="bbox 2148 777 3715 852">
    <p class='ocr_par' dir='ltr' id='par_1_21' title="bbox 2148 777 3715 852">
     <span class='ocr_line' id='line_1_21' title="bbox 2148 777 3715 852; baseline 0.001 -22"><span class='ocrx_word' id='word_1_151' title='bbox 2148 777 2412 846; x_wconf 74' lang='grc' dir='ltr'>ζωογόνον</span> <span class='ocrx_word' id='word_1_152' title='bbox 2462 780 2730 849; x_wconf 65' lang='grc' dir='ltr'>Πνεῦμα)</span> <span class='ocrx_word' id='word_1_153' title='bbox 2763 783 2821 833; x_wconf 83' lang='grc' dir='ltr'><strong>οὐ</strong></span> <span class='ocrx_word' id='word_1_154' title='bbox 2871 783 2998 852; x_wconf 73' lang='grc' dir='ltr'>περ).</span> <span class='ocrx_word' id='word_1_155' title='bbox 3041 783 3392 851; x_wconf 77' lang='grc' dir='ltr'>ἀγαθὸτητος,</span> <span class='ocrx_word' id='word_1_156' title='bbox 3433 781 3464 852; x_wconf 80' lang='grc' dir='ltr'>ἢ</span> <span class='ocrx_word' id='word_1_157' title='bbox 3497 780 3715 850; x_wconf 81' lang='grc' dir='ltr'>ἁῖδιότη-</span> 
     </span>
    </p>
   </div>
   <div class='ocr_carea' id='block_1_22' title="bbox 2147 871 3714 945">
    <p class='ocr_par' dir='ltr' id='par_1_22' title="bbox 2147 871 3714 945">
     <span class='ocr_line' id='line_1_22' title="bbox 2147 871 3714 945; baseline 0 -22"><span class='ocrx_word' id='word_1_158' title='bbox 2147 887 2258 935; x_wconf 88' lang='grc' dir='ltr'>τος,</span> <span class='ocrx_word' id='word_1_159' title='bbox 2287 871 2320 941; x_wconf 82' lang='grc' dir='ltr'>ἢ</span> <span class='ocrx_word' id='word_1_160' title='bbox 2354 871 2513 940; x_wconf 80' lang='grc' dir='ltr'><strong>δόξης</strong></span> <span class='ocrx_word' id='word_1_161' title='bbox 2565 871 2793 942; x_wconf 74' lang='grc' dir='ltr'>θεῖκῆςο</span> <span class='ocrx_word' id='word_1_162' title='bbox 2830 874 3051 943; x_wconf 81' lang='grc' dir='ltr'><strong>Πνεῦμα</strong></span> <span class='ocrx_word' id='word_1_163' title='bbox 3095 874 3204 945; x_wconf 87' lang='grc' dir='ltr'><strong>γάρ</strong></span> <span class='ocrx_word' id='word_1_164' title='bbox 3259 876 3401 925; x_wconf 80' lang='grc' dir='ltr'>ἐστιν</span> <span class='ocrx_word' id='word_1_165' title='bbox 3453 871 3618 939; x_wconf 74' lang='grc' dir='ltr'>ἅγιον,</span> <span class='ocrx_word' id='word_1_166' title='bbox 3661 873 3714 938; x_wconf 79' lang='grc' dir='ltr'><strong>ἐξ</strong></span> 
     </span>
    </p>
   </div>
   <div class='ocr_carea' id='block_1_23' title="bbox 2149 960 3713 1035">
    <p class='ocr_par' dir='ltr' id='par_1_23' title="bbox 2149 960 3713 1035">
     <span class='ocr_line' id='line_1_23' title="bbox 2149 960 3713 1035; baseline -0.001 -19"><span class='ocrx_word' id='word_1_167' title='bbox 2149 963 2305 1030; x_wconf 84' lang='grc' dir='ltr'>ἁγίου</span> <span class='ocrx_word' id='word_1_168' title='bbox 2357 963 2493 1016; x_wconf 89' lang='grc' dir='ltr'>Θεοῦ</span> <span class='ocrx_word' id='word_1_169' title='bbox 2529 964 2738 1035; x_wconf 85' lang='grc' dir='ltr'>Πατρὸς</span> <span class='ocrx_word' id='word_1_170' title='bbox 2774 964 3058 1033; x_wconf 74' lang='grc' dir='ltr'>ἐκφανθέν.</span> <span class='ocrx_word' id='word_1_171' title='bbox 3096 965 3409 1033; x_wconf 82' lang='grc' dir='ltr'><strong>Διαλέγεται</strong></span> <span class='ocrx_word' id='word_1_172' title='bbox 3458 960 3548 1016; x_wconf 86' lang='grc' dir='ltr'><strong>οῦν</strong></span> <span class='ocrx_word' id='word_1_173' title='bbox 3591 963 3713 1033; x_wconf 73' lang='grc' dir='ltr'>πρὸς</span> 
     </span>
    </p>
   </div>
   <div class='ocr_carea' id='block_1_24' title="bbox 2148 1056 3713 1126">
    <p class='ocr_par' dir='ltr' id='par_1_24' title="bbox 2148 1056 3713 1126">
     <span class='ocr_line' id='line_1_24' title="bbox 2148 1056 3713 1126; baseline 0 -19"><span class='ocrx_word' id='word_1_174' title='bbox 2148 1056 2273 1118; x_wconf 76' lang='grc' dir='ltr'>τοὺς</span> <span class='ocrx_word' id='word_1_175' title='bbox 2320 1058 2725 1126; x_wconf 83' lang='grc' dir='ltr'>πνευματικοὺς</span> <span class='ocrx_word' id='word_1_176' title='bbox 2773 1058 3040 1110; x_wconf 82' lang='grc' dir='ltr'>οὑτωσεί·</span> <span class='ocrx_word' id='word_1_177' title='bbox 3076 1077 3094 1108; x_wconf 77' lang='grc' dir='ltr'><strong>ι</strong></span> <span class='ocrx_word' id='word_1_178' title='bbox 3142 1059 3255 1110; x_wconf 81' lang='grc' dir='ltr'><strong>Οὐκ</strong></span> <span class='ocrx_word' id='word_1_179' title='bbox 3301 1057 3420 1108; x_wconf 84' lang='grc' dir='ltr'><strong>ἐστέ</strong></span> <span class='ocrx_word' id='word_1_180' title='bbox 3461 1059 3516 1109; x_wconf 84' lang='grc' dir='ltr'><strong>ἐν</strong></span> <span class='ocrx_word' id='word_1_181' title='bbox 3547 1056 3713 1126; x_wconf 88' lang='grc' dir='ltr'>σαρκί,</span> 
     </span>
    </p>
   </div>
   <div class='ocr_carea' id='block_1_25' title="bbox 2148 1144 3715 1218">
    <p class='ocr_par' dir='ltr' id='par_1_25' title="bbox 2148 1144 3715 1218">
     <span class='ocr_line' id='line_1_25' title="bbox 2148 1144 3715 1218; baseline 0.001 -21"><span class='ocrx_word' id='word_1_182' title='bbox 2148 1144 2262 1198; x_wconf 80' lang='grc' dir='ltr'>ἀλλ’</span> <span class='ocrx_word' id='word_1_183' title='bbox 2311 1147 2370 1197; x_wconf 83' lang='grc' dir='ltr'><strong>ἐν</strong></span> <span class='ocrx_word' id='word_1_184' title='bbox 2415 1146 2712 1216; x_wconf 74' lang='grc' dir='ltr'>Πνεῦματι,</span> <span class='ocrx_word' id='word_1_185' title='bbox 2771 1148 2930 1218; x_wconf 76' lang='grc' dir='ltr'>εἴπερ</span> <span class='ocrx_word' id='word_1_186' title='bbox 2992 1147 3216 1218; x_wconf 85' lang='grc' dir='ltr'>Πνεῦμα</span> <span class='ocrx_word' id='word_1_187' title='bbox 3271 1147 3406 1199; x_wconf 85' lang='grc' dir='ltr'>Θεοῦ</span> <span class='ocrx_word' id='word_1_188' title='bbox 3469 1149 3601 1198; x_wconf 87' lang='grc' dir='ltr'>οἰκεῖ</span> <span class='ocrx_word' id='word_1_189' title='bbox 3663 1148 3715 1198; x_wconf 86' lang='grc' dir='ltr'><strong>ἐν</strong></span> 
     </span>
    </p>
   </div>
   <div class='ocr_carea' id='block_1_26' title="bbox 2148 1236 3714 1310">
    <p class='ocr_par' dir='ltr' id='par_1_26' title="bbox 2148 1236 3714 1310">
     <span class='ocr_line' id='line_1_26' title="bbox 2148 1236 3714 1310; baseline 0.002 -23"><span class='ocrx_word' id='word_1_190' title='bbox 2148 1236 2310 1306; x_wconf 72' lang='grc' dir='ltr'>ὑμῖν*</span> <span class='ocrx_word' id='word_1_191' title='bbox 2351 1257 2369 1289; x_wconf 69' lang='grc' dir='ltr'><strong>ι</strong></span> <span class='ocrx_word' id='word_1_192' title='bbox 2419 1238 2512 1290; x_wconf 83' lang='grc' dir='ltr'><strong>καὶ</strong></span> <span class='ocrx_word' id='word_1_193' title='bbox 2557 1239 2751 1292; x_wconf 77' lang='grc' dir='ltr'>πάλιν·</span> <span class='ocrx_word' id='word_1_194' title='bbox 2785 1259 2803 1290; x_wconf 73' lang='grc' dir='ltr'><strong>ι</strong></span> <span class='ocrx_word' id='word_1_195' title='bbox 2848 1241 3111 1310; x_wconf 63' lang='grc' dir='ltr'>Ἀδελφοί.</span> <span class='ocrx_word' id='word_1_196' title='bbox 3157 1240 3251 1292; x_wconf 75' lang='grc' dir='ltr'>ἐὰν</span> <span class='ocrx_word' id='word_1_197' title='bbox 3306 1240 3400 1293; x_wconf 76' lang='grc' dir='ltr'><strong>καὶ</strong></span> <span class='ocrx_word' id='word_1_198' title='bbox 3447 1237 3714 1310; x_wconf 76' lang='grc' dir='ltr'>προληφθῇ</span> 
     </span>
    </p>
   </div>
   <div class='ocr_carea' id='block_1_27' title="bbox 2149 1327 3716 1402">
    <p class='ocr_par' dir='ltr' id='par_1_27' title="bbox 2149 1327 3716 1402">
     <span class='ocr_line' id='line_1_27' title="bbox 2149 1327 3716 1402; baseline 0.002 -23"><span class='ocrx_word' id='word_1_199' title='bbox 2149 1327 2434 1399; x_wconf 78' lang='grc' dir='ltr'>ἄνθρωπος</span> <span class='ocrx_word' id='word_1_200' title='bbox 2475 1329 2536 1394; x_wconf 78' lang='grc' dir='ltr'>ἐξ</span> <span class='ocrx_word' id='word_1_201' title='bbox 2575 1330 2728 1401; x_wconf 83' lang='grc' dir='ltr'>ὑμῶν</span> <span class='ocrx_word' id='word_1_202' title='bbox 2778 1331 2836 1384; x_wconf 80' lang='grc' dir='ltr'><strong>ἕν</strong></span> <span class='ocrx_word' id='word_1_203' title='bbox 2876 1350 2978 1386; x_wconf 89' lang='grc' dir='ltr'>τινι</span> <span class='ocrx_word' id='word_1_204' title='bbox 3027 1333 3453 1402; x_wconf 78' lang='grc' dir='ltr'><strong>παραπτώματι,</strong></span> <span class='ocrx_word' id='word_1_205' title='bbox 3477 1332 3625 1398; x_wconf 78' lang='grc' dir='ltr'>ὑμεῖς</span> <span class='ocrx_word' id='word_1_206' title='bbox 3672 1331 3716 1382; x_wconf 83' lang='lat' dir='ltr'><strong>oi</strong></span> 
     </span>
    </p>
   </div>
   <div class='ocr_carea' id='block_1_28' title="bbox 2150 1422 3717 1493">
    <p class='ocr_par' dir='ltr' id='par_1_28' title="bbox 2150 1422 3717 1493">
     <span class='ocr_line' id='line_1_28' title="bbox 2150 1422 3717 1493; baseline 0 -20"><span class='ocrx_word' id='word_1_207' title='bbox 2150 1422 2507 1490; x_wconf 75' lang='grc' dir='ltr'>πνευματικοὶ</span> <span class='ocrx_word' id='word_1_208' title='bbox 2561 1424 2916 1493; x_wconf 78' lang='grc' dir='ltr'>καταρτίζετε</span> <span class='ocrx_word' id='word_1_209' title='bbox 2963 1425 3054 1477; x_wconf 78' lang='grc' dir='ltr'><strong>τὸν</strong></span> <span class='ocrx_word' id='word_1_210' title='bbox 3086 1425 3327 1477; x_wconf 91' lang='grc' dir='ltr'>τοιοῦτον</span> <span class='ocrx_word' id='word_1_211' title='bbox 3368 1425 3425 1476; x_wconf 82' lang='grc' dir='ltr'><strong>ἐν</strong></span> <span class='ocrx_word' id='word_1_212' title='bbox 3462 1423 3717 1491; x_wconf 78' lang='grc' dir='ltr'>πνεύματι</span> 
     </span>
    </p>
   </div>
   <div class='ocr_carea' id='block_1_29' title="bbox 2151 1510 3717 1583">
    <p class='ocr_par' dir='ltr' id='par_1_29' title="bbox 2151 1510 3717 1583">
     <span class='ocr_line' id='line_1_29' title="bbox 2151 1510 3717 1583; baseline -0.002 -20"><span class='ocrx_word' id='word_1_213' title='bbox 2151 1511 2476 1582; x_wconf 79' lang='grc' dir='ltr'>πραότητος.</span> <span class='ocrx_word' id='word_1_214' title='bbox 2517 1529 2534 1560; x_wconf 76' lang='grc' dir='ltr'><strong>ι</strong></span> <span class='ocrx_word' id='word_1_215' title='bbox 2583 1510 2828 1582; x_wconf 72' lang='grc' dir='ltr'>Ἐγράερη</span> <span class='ocrx_word' id='word_1_216' title='bbox 2871 1513 2927 1566; x_wconf 84' lang='grc' dir='ltr'>δὲ</span> <span class='ocrx_word' id='word_1_217' title='bbox 2982 1513 3074 1566; x_wconf 74' lang='grc' dir='ltr'><strong>καὶ</strong></span> <span class='ocrx_word' id='word_1_218' title='bbox 3109 1513 3234 1583; x_wconf 75' lang='grc' dir='ltr'>περὶ</span> <span class='ocrx_word' id='word_1_219' title='bbox 3267 1511 3362 1564; x_wconf 87' lang='grc' dir='ltr'><strong>τοῦ</strong></span> <span class='ocrx_word' id='word_1_220' title='bbox 3397 1510 3607 1581; x_wconf 74' lang='grc' dir='ltr'>Δανιὴλ,</span> <span class='ocrx_word' id='word_1_221' title='bbox 3644 1510 3717 1561; x_wconf 79' lang='grc' dir='ltr'>ὅτι</span> 
     </span>
    </p>
   </div>
   <div class='ocr_carea' id='block_1_30' title="bbox 2155 1599 3718 1675">
    <p class='ocr_par' dir='ltr' id='par_1_30' title="bbox 2155 1599 3718 1675">
     <span class='ocr_line' id='line_1_30' title="bbox 2155 1599 3718 1675; baseline 0 -23"><span class='ocrx_word' id='word_1_222' title='bbox 2155 1620 2174 1652; x_wconf 78' lang='grc' dir='ltr'><strong>ι</strong></span> <span class='ocrx_word' id='word_1_223' title='bbox 2207 1602 2433 1674; x_wconf 82' lang='grc' dir='ltr'>Πνεῦμα</span> <span class='ocrx_word' id='word_1_224' title='bbox 2471 1606 2730 1674; x_wconf 80' lang='grc' dir='ltr'>περισσὸν</span> <span class='ocrx_word' id='word_1_225' title='bbox 2763 1601 2830 1675; x_wconf 83' lang='grc' dir='ltr'>ἦν</span> <span class='ocrx_word' id='word_1_226' title='bbox 2870 1606 2927 1656; x_wconf 85' lang='grc' dir='ltr'><strong>ἐν</strong></span> <span class='ocrx_word' id='word_1_227' title='bbox 2953 1603 3131 1674; x_wconf 81' lang='grc' dir='ltr'>αὐτῷ·</span> <span class='ocrx_word' id='word_1_228' title='bbox 3170 1623 3187 1655; x_wconf 73' lang='grc' dir='ltr'><strong>ι</strong></span> <span class='ocrx_word' id='word_1_229' title='bbox 3226 1600 3630 1672; x_wconf 79' lang='grc' dir='ltr'>αἰνιγματωδῶς</span> <span class='ocrx_word' id='word_1_230' title='bbox 3667 1599 3718 1652; x_wconf 86' lang='grc' dir='ltr'><strong>δέ</strong></span> 
     </span>
    </p>
   </div>
   <div class='ocr_carea' id='block_1_31' title="bbox 2149 1691 3719 1767">
    <p class='ocr_par' dir='ltr' id='par_1_31' title="bbox 2149 1691 3719 1767">
     <span class='ocr_line' id='line_1_31' title="bbox 2149 1691 3719 1767; baseline -0.002 -22"><span class='ocrx_word' id='word_1_231' title='bbox 2149 1694 2211 1746; x_wconf 82' lang='grc' dir='ltr'>τὸ</span> <span class='ocrx_word' id='word_1_232' title='bbox 2259 1695 2411 1763; x_wconf 84' lang='grc' dir='ltr'>ἀγιον</span> <span class='ocrx_word' id='word_1_233' title='bbox 2465 1697 2716 1767; x_wconf 76' lang='grc' dir='ltr'>ἐδηλοῦτο</span> <span class='ocrx_word' id='word_1_234' title='bbox 2751 1695 2994 1766; x_wconf 86' lang='grc' dir='ltr'>Πνεῦμα.</span> <span class='ocrx_word' id='word_1_235' title='bbox 3057 1697 3332 1766; x_wconf 81' lang='grc' dir='ltr'>Ψυχικοὺς</span> <span class='ocrx_word' id='word_1_236' title='bbox 3371 1694 3428 1746; x_wconf 83' lang='grc' dir='ltr'>δὲ</span> <span class='ocrx_word' id='word_1_237' title='bbox 3479 1691 3719 1762; x_wconf 73' lang='grc' dir='ltr'>ὀνομάζει</span> 
     </span>
    </p>
   </div>
   <div class='ocr_carea' id='block_1_32' title="bbox 2153 1786 3719 1862">
    <p class='ocr_par' dir='ltr' id='par_1_32' title="bbox 2153 1786 3719 1862">
     <span class='ocr_line' id='line_1_32' title="bbox 2153 1786 3719 1862; baseline -0.004 -17"><span class='ocrx_word' id='word_1_238' title='bbox 2153 1792 2441 1862; x_wconf 80' lang='grc' dir='ltr'>Ἕλληνας,</span> <span class='ocrx_word' id='word_1_239' title='bbox 2481 1791 2788 1854; x_wconf 80' lang='grc' dir='ltr'>Ἰουδαίους,</span> <span class='ocrx_word' id='word_1_240' title='bbox 2823 1792 2916 1843; x_wconf 73' lang='grc' dir='ltr'><strong>καὶ</strong></span> <span class='ocrx_word' id='word_1_241' title='bbox 2946 1793 3278 1862; x_wconf 72' lang='grc' dir='ltr'>αἱρετικοῦς,</span> <span class='ocrx_word' id='word_1_242' title='bbox 3325 1789 3511 1859; x_wconf 83' lang='grc' dir='ltr'>ἐπειδὴ</span> <span class='ocrx_word' id='word_1_243' title='bbox 3544 1786 3719 1840; x_wconf 84' lang='grc' dir='ltr'>συλλο-</span> 
     </span>
    </p>
   </div>
   <div class='ocr_carea' id='block_1_33' title="bbox 466 1877 2046 1954">
    <p class='ocr_par' dir='ltr' id='par_1_33' title="bbox 466 1887 2046 1954">
     <span class='ocr_line' id='line_1_33' title="bbox 466 1887 2046 1954; baseline 0.003 -16"><span class='ocrx_word' id='word_1_244' title='bbox 466 1895 552 1939; x_wconf 92' lang='lat' dir='ltr'><strong>tus</strong></span> <span class='ocrx_word' id='word_1_245' title='bbox 588 1897 826 1940; x_wconf 86' lang='lat' dir='ltr'><strong>sanctus.</strong></span> <span class='ocrx_word' id='word_1_246' title='bbox 877 1887 1156 1941; x_wconf 84' lang='lat' dir='ltr'><strong>Animales</strong></span> <span class='ocrx_word' id='word_1_247' title='bbox 1196 1903 1326 1942; x_wconf 81' lang='lat' dir='ltr'><strong>vero</strong></span> <span class='ocrx_word' id='word_1_248' title='bbox 1385 1890 1627 1941; x_wconf 86' lang='lat' dir='ltr'><strong>nominat</strong></span> <span class='ocrx_word' id='word_1_249' title='bbox 1668 1888 1908 1954; x_wconf 77' lang='lat' dir='ltr'><strong>Graecos,</strong></span> <span class='ocrx_word' id='word_1_250' title='bbox 1951 1888 2046 1943; x_wconf 82' lang='lat' dir='ltr'><strong>Ju-</strong></span> 
     </span>
    </p>
   </div>
   <div class='ocr_carea' id='block_1_34' title="bbox 2151 1877 3719 1954">
    <p class='ocr_par' dir='ltr' id='par_1_34' title="bbox 2151 1879 3719 1952">
     <span class='ocr_line' id='line_1_34' title="bbox 2151 1879 3719 1952; baseline -0.002 -18"><span class='ocrx_word' id='word_1_251' title='bbox 2151 1885 2367 1951; x_wconf 86' lang='grc' dir='ltr'>γισμοῖς</span> <span class='ocrx_word' id='word_1_252' title='bbox 2415 1883 2512 1934; x_wconf 73' lang='grc' dir='ltr'><strong>καὶ</strong></span> <span class='ocrx_word' id='word_1_253' title='bbox 2575 1882 2946 1952; x_wconf 83' lang='grc' dir='ltr'><strong>διαλογισμοῖς</strong></span> <span class='ocrx_word' id='word_1_254' title='bbox 2996 1881 3272 1952; x_wconf 80' lang='grc' dir='ltr'>στρεϐλοῖς</span> <span class='ocrx_word' id='word_1_255' title='bbox 3319 1879 3719 1950; x_wconf 68' lang='grc' dir='ltr'>ἐναϐρυνόμενον.</span> 
     </span>
    </p>
   </div>
   <div class='ocr_carea' id='block_1_35' title="bbox 464 1975 2046 2045">
    <p class='ocr_par' dir='ltr' id='par_1_35' title="bbox 464 1975 2046 2045">
     <span class='ocr_line' id='line_1_35' title="bbox 464 1975 2046 2045; baseline 0.003 -16"><span class='ocrx_word' id='word_1_256' title='bbox 464 1975 628 2039; x_wconf 76' lang='lat' dir='ltr'><strong>dzeos,</strong></span> <span class='ocrx_word' id='word_1_257' title='bbox 662 1985 717 2030; x_wconf 93' lang='lat' dir='ltr'><strong>et</strong></span> <span class='ocrx_word' id='word_1_258' title='bbox 749 1975 1058 2038; x_wconf 62' lang='lat' dir='ltr'><strong>ltwreticos,</strong></span> <span class='ocrx_word' id='word_1_259' title='bbox 1102 1976 1230 2044; x_wconf 87' lang='lat' dir='ltr'><strong>quia</strong></span> <span class='ocrx_word' id='word_1_260' title='bbox 1284 1976 1336 2030; x_wconf 93' lang='lat' dir='ltr'><strong>in</strong></span> <span class='ocrx_word' id='word_1_261' title='bbox 1370 1978 1631 2030; x_wconf 87' lang='lat' dir='ltr'><strong>tortuosis</strong></span> <span class='ocrx_word' id='word_1_262' title='bbox 1679 1976 1918 2045; x_wconf 89' lang='lat' dir='ltr'><strong>ipsormn</strong></span> <span class='ocrx_word' id='word_1_263' title='bbox 1960 1995 2046 2033; x_wconf 85' lang='lat' dir='ltr'><strong>ra-</strong></span> 
     </span>
    </p>
   </div>
   <div class='ocr_carea' id='block_1_36' title="bbox 463 2065 2044 2136">
    <p class='ocr_par' dir='ltr' id='par_1_36' title="bbox 463 2065 2044 2136">
     <span class='ocr_line' id='line_1_36' title="bbox 463 2065 2044 2136; baseline 0 -16"><span class='ocrx_word' id='word_1_264' title='bbox 463 2065 903 2120; x_wconf 79' lang='lat' dir='ltr'><strong>tiocinationibus</strong></span> <span class='ocrx_word' id='word_1_265' title='bbox 928 2074 983 2119; x_wconf 91' lang='lat' dir='ltr'><strong>et</strong></span> <span class='ocrx_word' id='word_1_266' title='bbox 1025 2065 1484 2133; x_wconf 87' lang='lat' dir='ltr'><strong>disputationibus</strong></span> <span class='ocrx_word' id='word_1_267' title='bbox 1508 2065 1824 2135; x_wconf 77' lang='lat' dir='ltr'><strong>gloriantes,</strong></span> <span class='ocrx_word' id='word_1_268' title='bbox 1851 2084 2044 2136; x_wconf 84' lang='lat' dir='ltr'><strong>quam-</strong></span> 
     </span>
    </p>
   </div>
   <div class='ocr_carea' id='block_1_37' title="bbox 462 2156 2044 2229">
    <p class='ocr_par' dir='ltr' id='par_1_37' title="bbox 462 2156 2044 2229">
     <span class='ocr_line' id='line_1_37' title="bbox 462 2156 2044 2229; baseline 0.002 -19"><span class='ocrx_word' id='word_1_269' title='bbox 462 2157 546 2210; x_wconf 77' lang='lat' dir='ltr'><strong>vis</strong></span> <span class='ocrx_word' id='word_1_270' title='bbox 580 2173 766 2211; x_wconf 90' lang='lat' dir='ltr'><strong>earum</strong></span> <span class='ocrx_word' id='word_1_271' title='bbox 802 2156 1225 2210; x_wconf 86' lang='lat' dir='ltr'><strong>imbecillitatem</strong></span> <span class='ocrx_word' id='word_1_272' title='bbox 1267 2158 1526 2222; x_wconf 89' lang='lat' dir='ltr'><strong>sentiant,</strong></span> <span class='ocrx_word' id='word_1_273' title='bbox 1579 2173 1676 2212; x_wconf 87' lang='lat' dir='ltr'><strong>nos</strong></span> <span class='ocrx_word' id='word_1_274' title='bbox 1708 2159 2044 2229; x_wconf 78' lang='lat' dir='ltr'><strong>impugnant,</strong></span> 
     </span>
    </p>
   </div>
   <div class='ocr_carea' id='block_1_38' title="bbox 463 2249 2042 2318">
    <p class='ocr_par' dir='ltr' id='par_1_38' title="bbox 463 2249 2042 2318">
     <span class='ocr_line' id='line_1_38' title="bbox 463 2249 2042 2318; baseline 0.003 -14"><span class='ocrx_word' id='word_1_275' title='bbox 463 2263 565 2304; x_wconf 90' lang='lat' dir='ltr'><strong>nec</strong></span> <span class='ocrx_word' id='word_1_276' title='bbox 595 2250 761 2303; x_wconf 89' lang='lat' dir='ltr'><strong>Deum</strong></span> <span class='ocrx_word' id='word_1_277' title='bbox 795 2263 918 2304; x_wconf 88' lang='lat' dir='ltr'><strong>esse</strong></span> <span class='ocrx_word' id='word_1_278' title='bbox 947 2249 1276 2303; x_wconf 85' lang='lat' dir='ltr'><strong>conﬁtentur</strong></span> <span class='ocrx_word' id='word_1_279' title='bbox 1327 2250 1586 2318; x_wconf 88' lang='lat' dir='ltr'><strong>Spiritum</strong></span> <span class='ocrx_word' id='word_1_280' title='bbox 1631 2262 1877 2305; x_wconf 88' lang='lat' dir='ltr'><strong>sanctum</strong></span> <span class='ocrx_word' id='word_1_281' title='bbox 1928 2252 2042 2308; x_wconf 88' lang='lat' dir='ltr'><strong>Dei.</strong></span> 
     </span>
    </p>
   </div>
   <div class='ocr_carea' id='block_1_39' title="bbox 467 2340 2047 2396">
    <p class='ocr_par' dir='ltr' id='par_1_39' title="bbox 467 2340 2047 2396">
     <span class='ocr_line' id='line_1_39' title="bbox 467 2340 2047 2396; baseline 0.001 -2"><span class='ocrx_word' id='word_1_282' title='bbox 467 2341 667 2396; x_wconf 87' lang='lat' dir='ltr'><strong>Scribit</strong></span> <span class='ocrx_word' id='word_1_283' title='bbox 699 2351 880 2395; x_wconf 87' lang='lat' dir='ltr'><strong>autem</strong></span> <span class='ocrx_word' id='word_1_284' title='bbox 919 2340 1086 2394; x_wconf 89' lang='lat' dir='ltr'><strong>etiam</strong></span> <span class='ocrx_word' id='word_1_285' title='bbox 1134 2341 1184 2393; x_wconf 92' lang='lat' dir='ltr'><strong>in</strong></span> <span class='ocrx_word' id='word_1_286' title='bbox 1218 2355 1316 2395; x_wconf 88' lang='lat' dir='ltr'><strong>eos</strong></span> <span class='ocrx_word' id='word_1_287' title='bbox 1350 2341 1548 2395; x_wconf 86' lang='lat' dir='ltr'><strong>alicubi</strong></span> <span class='ocrx_word' id='word_1_288' title='bbox 1597 2344 1676 2396; x_wconf 90' lang='lat' dir='ltr'><strong>sic</strong></span> <span class='ocrx_word' id='word_1_289' title='bbox 1712 2360 1726 2396; x_wconf 94' lang='lat'><strong>:</strong></span> <span class='ocrx_word' id='word_1_290' title='bbox 1763 2361 1782 2394; x_wconf 81' lang='grc' dir='ltr'><strong>ι</strong></span> <span class='ocrx_word' id='word_1_291' title='bbox 1820 2343 2047 2396; x_wconf 81' lang='lat' dir='ltr'><strong>Anima-</strong></span> 
     </span>
    </p>
   </div>
   <div class='ocr_carea' id='block_1_40' title="bbox 466 2430 2044 2501">
    <p class='ocr_par' dir='ltr' id='par_1_40' title="bbox 466 2430 2044 2501">
     <span class='ocr_line' id='line_1_40' title="bbox 466 2430 2044 2501; baseline 0.001 -17"><span class='ocrx_word' id='word_1_292' title='bbox 466 2431 544 2485; x_wconf 88' lang='lat' dir='ltr'><strong>les</strong></span> <span class='ocrx_word' id='word_1_293' title='bbox 595 2431 733 2501; x_wconf 87' lang='grc'><strong>(46),</strong></span> <span class='ocrx_word' id='word_1_294' title='bbox 782 2430 1046 2500; x_wconf 88' lang='lat' dir='ltr'><strong>Spiritum</strong></span> <span class='ocrx_word' id='word_1_295' title='bbox 1102 2447 1206 2484; x_wconf 92' lang='lat' dir='ltr'><strong>non</strong></span> <span class='ocrx_word' id='word_1_296' title='bbox 1257 2433 1550 2499; x_wconf 77' lang='lat' dir='ltr'><strong>habentes;</strong></span> <span class='ocrx_word' id='word_1_297' title='bbox 1623 2452 1642 2485; x_wconf 73' lang='grc' dir='ltr'><strong>ι</strong></span> <span class='ocrx_word' id='word_1_298' title='bbox 1709 2445 1764 2488; x_wconf 93' lang='lat' dir='ltr'><strong>et</strong></span> <span class='ocrx_word' id='word_1_299' title='bbox 1814 2450 2044 2488; x_wconf 86' lang='lat' dir='ltr'><strong>rursus:</strong></span> 
     </span>
    </p>
   </div>
   <div class='ocr_carea' id='block_1_41' title="bbox 471 2520 2048 2593">
    <p class='ocr_par' dir='ltr' id='par_1_41' title="bbox 471 2520 2048 2593">
     <span class='ocr_line' id='line_1_41' title="bbox 471 2520 2048 2593; baseline 0.003 -20"><span class='ocrx_word' id='word_1_300' title='bbox 471 2538 492 2572; x_wconf 75' lang='grc' dir='ltr'><strong>ι</strong></span> <span class='ocrx_word' id='word_1_301' title='bbox 524 2520 789 2574; x_wconf 85' lang='lat' dir='ltr'><strong>Animalis</strong></span> <span class='ocrx_word' id='word_1_302' title='bbox 827 2520 939 2590; x_wconf 84' lang='grc'><strong>(47)</strong></span> <span class='ocrx_word' id='word_1_303' title='bbox 988 2529 1168 2574; x_wconf 83' lang='lat' dir='ltr'><strong>autem</strong></span> <span class='ocrx_word' id='word_1_304' title='bbox 1224 2521 1386 2575; x_wconf 86' lang='lat' dir='ltr'><strong>homo</strong></span> <span class='ocrx_word' id='word_1_305' title='bbox 1419 2537 1524 2575; x_wconf 90' lang='lat' dir='ltr'><strong>non</strong></span> <span class='ocrx_word' id='word_1_306' title='bbox 1577 2523 1876 2590; x_wconf 89' lang='lat' dir='ltr'><strong>recipitea,</strong></span> <span class='ocrx_word' id='word_1_307' title='bbox 1929 2539 2048 2593; x_wconf 78' lang='lat' dir='ltr'><strong>qua:</strong></span> 
     </span>
    </p>
   </div>
   <div class='ocr_carea' id='block_1_42' title="bbox 467 2611 2045 2682">
    <p class='ocr_par' dir='ltr' id='par_1_42' title="bbox 467 2611 2045 2682">
     <span class='ocr_line' id='line_1_42' title="bbox 467 2611 2045 2682; baseline 0 -15"><span class='ocrx_word' id='word_1_308' title='bbox 467 2622 594 2667; x_wconf 85' lang='lat' dir='ltr'><strong>sunt</strong></span> <span class='ocrx_word' id='word_1_309' title='bbox 626 2611 861 2680; x_wconf 83' lang='lat' dir='ltr'><strong>Spiritus</strong></span> <span class='ocrx_word' id='word_1_310' title='bbox 896 2611 1029 2672; x_wconf 86' lang='lat' dir='ltr'><strong>Dei;</strong></span> <span class='ocrx_word' id='word_1_311' title='bbox 1085 2611 1311 2664; x_wconf 86' lang='lat' dir='ltr'><strong>stultitia</strong></span> <span class='ocrx_word' id='word_1_312' title='bbox 1344 2613 1492 2665; x_wconf 86' lang='lat' dir='ltr'><strong>enim</strong></span> <span class='ocrx_word' id='word_1_313' title='bbox 1541 2623 1668 2666; x_wconf 91' lang='lat' dir='ltr'><strong>sunt</strong></span> <span class='ocrx_word' id='word_1_314' title='bbox 1705 2613 1805 2682; x_wconf 86' lang='lat' dir='ltr'><strong>illi,</strong></span> <span class='ocrx_word' id='word_1_315' title='bbox 1840 2625 1893 2667; x_wconf 89' lang='lat' dir='ltr'><strong>et</strong></span> <span class='ocrx_word' id='word_1_316' title='bbox 1941 2633 2045 2668; x_wconf 90' lang='lat' dir='ltr'><strong>non</strong></span> 
     </span>
    </p>
   </div>
   <div class='ocr_carea' id='block_1_43' title="bbox 467 2703 2043 2776">
    <p class='ocr_par' dir='ltr' id='par_1_43' title="bbox 467 2703 2043 2776">
     <span class='ocr_line' id='line_1_43' title="bbox 467 2703 2043 2776; baseline 0.001 -17"><span class='ocrx_word' id='word_1_317' title='bbox 467 2715 645 2776; x_wconf 88' lang='lat' dir='ltr'><strong>p0test</strong></span> <span class='ocrx_word' id='word_1_318' title='bbox 675 2704 993 2773; x_wconf 81' lang='lat' dir='ltr'><strong>intelligere.</strong></span> <span class='ocrx_word' id='word_1_319' title='bbox 1023 2703 1334 2773; x_wconf 75' lang='lat' dir='ltr'><strong>Spiritualis</strong></span> <span class='ocrx_word' id='word_1_320' title='bbox 1366 2715 1546 2758; x_wconf 87' lang='lat' dir='ltr'><strong>autem</strong></span> <span class='ocrx_word' id='word_1_321' title='bbox 1589 2705 1800 2773; x_wconf 87' lang='lat' dir='ltr'><strong>judicat</strong></span> <span class='ocrx_word' id='word_1_322' title='bbox 1823 2707 2043 2776; x_wconf 80' lang='lat' dir='ltr'><strong>quidem</strong></span> 
     </span>
    </p>
   </div>
   <div class='ocr_carea' id='block_1_44' title="bbox 467 2794 2049 2864">
    <p class='ocr_par' dir='ltr' id='par_1_44' title="bbox 467 2794 2049 2864">
     <span class='ocr_line' id='line_1_44' title="bbox 467 2794 2049 2864; baseline 0.003 -16"><span class='ocrx_word' id='word_1_323' title='bbox 467 2810 656 2849; x_wconf 91' lang='lat' dir='ltr'><strong>omnes</strong></span> <span class='ocrx_word' id='word_1_324' title='bbox 707 2794 842 2862; x_wconf 63' lang='lat'><strong>(48),</strong></span> <span class='ocrx_word' id='word_1_325' title='bbox 875 2795 987 2864; x_wconf 84' lang='lat' dir='ltr'><strong>ipse</strong></span> <span class='ocrx_word' id='word_1_326' title='bbox 1039 2809 1164 2848; x_wconf 82' lang='lat' dir='ltr'><strong>vero</strong></span> <span class='ocrx_word' id='word_1_327' title='bbox 1215 2810 1243 2847; x_wconf 90' lang='lat' dir='ltr'><strong>a</strong></span> <span class='ocrx_word' id='word_1_328' title='bbox 1303 2798 1521 2850; x_wconf 89' lang='lat' dir='ltr'><strong>nemine</strong></span> <span class='ocrx_word' id='word_1_329' title='bbox 1566 2796 1883 2864; x_wconf 74' lang='lat' dir='ltr'><strong>iudicatur;</strong></span> <span class='ocrx_word' id='word_1_330' title='bbox 1927 2818 1946 2850; x_wconf 76' lang='grc' dir='ltr'><strong>ι</strong></span> <span class='ocrx_word' id='word_1_331' title='bbox 1995 2807 2049 2852; x_wconf 85' lang='lat' dir='ltr'><strong>ct</strong></span> 
     </span>
    </p>
   </div>
   <div class='ocr_carea' id='block_1_45' title="bbox 467 2891 2048 2959">
    <p class='ocr_par' dir='ltr' id='par_1_45' title="bbox 467 2891 2048 2959">
     <span class='ocr_line' id='line_1_45' title="bbox 467 2891 2048 2959; baseline 0.001 -13"><span class='ocrx_word' id='word_1_332' title='bbox 467 2906 658 2946; x_wconf 88' lang='lat' dir='ltr'><strong>rursus</strong></span> <span class='ocrx_word' id='word_1_333' title='bbox 685 2907 1027 2944; x_wconf 87' lang='lat' dir='ltr'><strong>communem</strong></span> <span class='ocrx_word' id='word_1_334' title='bbox 1075 2906 1196 2945; x_wconf 87' lang='lat' dir='ltr'><strong>esse</strong></span> <span class='ocrx_word' id='word_1_335' title='bbox 1248 2891 1473 2959; x_wconf 83' lang='lat' dir='ltr'><strong>Spiritui</strong></span> <span class='ocrx_word' id='word_1_336' title='bbox 1525 2902 1714 2945; x_wconf 91' lang='lat' dir='ltr'><strong>sancto</strong></span> <span class='ocrx_word' id='word_1_337' title='bbox 1753 2894 2048 2948; x_wconf 84' lang='lat' dir='ltr'><strong>ostendens</strong></span> 
     </span>
    </p>
   </div>
   <div class='ocr_carea' id='block_1_46' title="bbox 469 2982 2046 3055">
    <p class='ocr_par' dir='ltr' id='par_1_46' title="bbox 469 2982 2046 3055">
     <span class='ocr_line' id='line_1_46' title="bbox 469 2982 2046 3055; baseline 0.002 -20"><span class='ocrx_word' id='word_1_338' title='bbox 469 2999 632 3037; x_wconf 89' lang='lat' dir='ltr'><strong>unam</strong></span> <span class='ocrx_word' id='word_1_339' title='bbox 666 2983 1144 3036; x_wconf 71' lang='lat' dir='ltr'><strong>clementissintam</strong></span> <span class='ocrx_word' id='word_1_340' title='bbox 1181 2992 1449 3045; x_wconf 89' lang='lat' dir='ltr'><strong>naturam,</strong></span> <span class='ocrx_word' id='word_1_341' title='bbox 1491 2987 1608 3036; x_wconf 90' lang='lat' dir='ltr'><strong>ait:</strong></span> <span class='ocrx_word' id='word_1_342' title='bbox 1652 3001 1671 3034; x_wconf 76' lang='grc' dir='ltr'><strong>ι</strong></span> <span class='ocrx_word' id='word_1_343' title='bbox 1710 2982 1766 3036; x_wconf 85' lang='lat' dir='ltr'><strong>Si</strong></span> <span class='ocrx_word' id='word_1_344' title='bbox 1803 3000 1906 3053; x_wconf 88' lang='lat' dir='ltr'><strong>qua</strong></span> <span class='ocrx_word' id='word_1_345' title='bbox 1934 2985 2046 3055; x_wconf 83' lang='grc'><strong>(49)</strong></span> 
     </span>
    </p>
   </div>
   <div class='ocr_carea' id='block_1_47' title="bbox 467 3057 2050 3142">
    <p class='ocr_par' dir='ltr' id='par_1_47' title="bbox 467 3057 2050 3142">
     <span class='ocr_line' id='line_1_47' title="bbox 467 3057 2050 3142; baseline 0.002 -14"><span class='ocrx_word' id='word_1_346' title='bbox 467 3057 892 3128; x_wconf 76' lang='lat' dir='ltr'><strong>communicatio</strong></span> <span class='ocrx_word' id='word_1_347' title='bbox 916 3074 1175 3142; x_wconf 83' lang='lat' dir='ltr'><strong>Spiritus.</strong></span> <span class='ocrx_word' id='word_1_348' title='bbox 1214 3093 1232 3126; x_wconf 74' lang='grc' dir='ltr'><strong>ι</strong></span> <span class='ocrx_word' id='word_1_349' title='bbox 1283 3073 1542 3128; x_wconf 73' lang='lat' dir='ltr'><strong>Cat-nales</strong></span> <span class='ocrx_word' id='word_1_350' title='bbox 1579 3091 1732 3137; x_wconf 85' lang='lat' dir='ltr'><strong>vero,</strong></span> <span class='ocrx_word' id='word_1_351' title='bbox 1763 3091 1855 3129; x_wconf 90' lang='lat' dir='ltr'><strong>aut</strong></span> <span class='ocrx_word' id='word_1_352' title='bbox 1879 3087 2050 3132; x_wconf 87' lang='lat' dir='ltr'><strong>terre-</strong></span> 
     </span>
    </p>
   </div>
   <div class='ocr_carea' id='block_1_48' title="bbox 466 3166 2048 3238">
    <p class='ocr_par' dir='ltr' id='par_1_48' title="bbox 466 3166 2048 3238">
     <span class='ocr_line' id='line_1_48' title="bbox 466 3166 2048 3238; baseline 0.001 -18"><span class='ocrx_word' id='word_1_353' title='bbox 466 3181 567 3221; x_wconf 87' lang='lat' dir='ltr'><strong>nos</strong></span> <span class='ocrx_word' id='word_1_354' title='bbox 599 3174 761 3220; x_wconf 79' lang='lat' dir='ltr'><strong>vocat</strong></span> <span class='ocrx_word' id='word_1_355' title='bbox 793 3181 910 3230; x_wconf 83' lang='lat' dir='ltr'><strong>eos,</strong></span> <span class='ocrx_word' id='word_1_356' title='bbox 943 3167 1033 3234; x_wconf 91' lang='lat' dir='ltr'><strong>qui</strong></span> <span class='ocrx_word' id='word_1_357' title='bbox 1071 3166 1123 3220; x_wconf 89' lang='lat' dir='ltr'><strong>in</strong></span> <span class='ocrx_word' id='word_1_358' title='bbox 1156 3176 1355 3220; x_wconf 87' lang='lat' dir='ltr'><strong>terram</strong></span> <span class='ocrx_word' id='word_1_359' title='bbox 1395 3166 1634 3220; x_wconf 86' lang='lat' dir='ltr'><strong>inclinati</strong></span> <span class='ocrx_word' id='word_1_360' title='bbox 1681 3177 1808 3222; x_wconf 88' lang='lat' dir='ltr'><strong>sunt.</strong></span> <span class='ocrx_word' id='word_1_361' title='bbox 1845 3187 1858 3222; x_wconf 92' lang='lat'><strong>:</strong></span> <span class='ocrx_word' id='word_1_362' title='bbox 1913 3185 2048 3238; x_wconf 88' lang='lat' dir='ltr'><strong>quo-</strong></span> 
     </span>
    </p>
   </div>
   <div class='ocr_carea' id='block_1_49' title="bbox 2149 1971 3719 2046">
    <p class='ocr_par' dir='ltr' id='par_1_49' title="bbox 2149 1971 3719 2046">
     <span class='ocr_line' id='line_1_49' title="bbox 2149 1971 3719 2046; baseline -0.003 -19"><span class='ocrx_word' id='word_1_363' title='bbox 2149 1975 2577 2045; x_wconf 84' lang='grc' dir='ltr'>γνωσιμαχοῦσι,</span> <span class='ocrx_word' id='word_1_364' title='bbox 2615 1976 2708 2028; x_wconf 75' lang='grc' dir='ltr'><strong>καὶ</strong></span> <span class='ocrx_word' id='word_1_365' title='bbox 2751 1977 2848 2046; x_wconf 82' lang='grc' dir='ltr'><strong>οὐχ</strong></span> <span class='ocrx_word' id='word_1_366' title='bbox 2903 1975 3228 2044; x_wconf 81' lang='grc' dir='ltr'>ὁμολογοῦσι</span> <span class='ocrx_word' id='word_1_367' title='bbox 3279 1973 3412 2026; x_wconf 85' lang='grc' dir='ltr'>Θεὸν</span> <span class='ocrx_word' id='word_1_368' title='bbox 3469 1972 3528 2025; x_wconf 78' lang='grc' dir='ltr'><strong>τὸ</strong></span> <span class='ocrx_word' id='word_1_369' title='bbox 3576 1971 3719 2040; x_wconf 80' lang='grc' dir='ltr'>ἆγιον</span> 
     </span>
    </p>
   </div>
   <div class='ocr_carea' id='block_1_50' title="bbox 2149 2064 3722 2137">
    <p class='ocr_par' dir='ltr' id='par_1_50' title="bbox 2149 2064 3722 2137">
     <span class='ocr_line' id='line_1_50' title="bbox 2149 2064 3722 2137; baseline -0.003 -18"><span class='ocrx_word' id='word_1_370' title='bbox 2149 2067 2370 2137; x_wconf 83' lang='grc' dir='ltr'>Πνεῦμα</span> <span class='ocrx_word' id='word_1_371' title='bbox 2417 2067 2509 2119; x_wconf 89' lang='grc' dir='ltr'><strong>τοῦ</strong></span> <span class='ocrx_word' id='word_1_372' title='bbox 2548 2066 2705 2120; x_wconf 87' lang='grc' dir='ltr'>Θεοῦ.</span> <span class='ocrx_word' id='word_1_373' title='bbox 2764 2066 3096 2118; x_wconf 83' lang='grc' dir='ltr'>Ἐπιστέλλει</span> <span class='ocrx_word' id='word_1_374' title='bbox 3144 2066 3200 2118; x_wconf 87' lang='grc' dir='ltr'>δὲ</span> <span class='ocrx_word' id='word_1_375' title='bbox 3238 2066 3330 2118; x_wconf 70' lang='grc' dir='ltr'><strong>καὶ</strong></span> <span class='ocrx_word' id='word_1_376' title='bbox 3376 2064 3511 2135; x_wconf 74' lang='grc' dir='ltr'>πρὸς</span> <span class='ocrx_word' id='word_1_377' title='bbox 3539 2064 3722 2125; x_wconf 76' lang='grc' dir='ltr'>αὐτοὺς</span> 
     </span>
    </p>
   </div>
   <div class='ocr_carea' id='block_1_51' title="bbox 2147 2151 3722 2228">
    <p class='ocr_par' dir='ltr' id='par_1_51' title="bbox 2147 2151 3722 2228">
     <span class='ocr_line' id='line_1_51' title="bbox 2147 2151 3722 2228; baseline -0.003 -17"><span class='ocrx_word' id='word_1_378' title='bbox 2147 2159 2289 2212; x_wconf 85' lang='grc' dir='ltr'>οῦτω</span> <span class='ocrx_word' id='word_1_379' title='bbox 2326 2177 2462 2210; x_wconf 86' lang='grc' dir='ltr'>που·</span> <span class='ocrx_word' id='word_1_380' title='bbox 2499 2177 2517 2208; x_wconf 76' lang='grc' dir='ltr'><strong>ι</strong></span> <span class='ocrx_word' id='word_1_381' title='bbox 2557 2161 2794 2228; x_wconf 71' lang='grc' dir='ltr'>Ψυχικοὶ</span> <span class='ocrx_word' id='word_1_382' title='bbox 2829 2159 3052 2228; x_wconf 83' lang='grc' dir='ltr'>Πνεῦμα</span> <span class='ocrx_word' id='word_1_383' title='bbox 3083 2157 3157 2228; x_wconf 85' lang='grc' dir='ltr'>μὴ</span> <span class='ocrx_word' id='word_1_384' title='bbox 3180 2157 3394 2226; x_wconf 78' lang='grc' dir='ltr'>ἔχοντες</span> <span class='ocrx_word' id='word_1_385' title='bbox 3419 2172 3436 2189; x_wconf 77' lang='grc' dir='ltr'><strong><em>ο</em></strong></span> <span class='ocrx_word' id='word_1_386' title='bbox 3477 2176 3493 2206; x_wconf 75' lang='grc' dir='ltr'><strong>ι</strong></span> <span class='ocrx_word' id='word_1_387' title='bbox 3529 2151 3722 2208; x_wconf 74' lang='grc' dir='ltr'>καὶαῦ-</span> 
     </span>
    </p>
   </div>
   <div class='ocr_carea' id='block_1_52' title="bbox 2149 2243 3722 2319">
    <p class='ocr_par' dir='ltr' id='par_1_52' title="bbox 2149 2243 3722 2319">
     <span class='ocr_line' id='line_1_52' title="bbox 2149 2243 3722 2319; baseline -0.003 -19"><span class='ocrx_word' id='word_1_388' title='bbox 2149 2246 2234 2310; x_wconf 87' lang='grc' dir='ltr'><strong>θις</strong></span> <span class='ocrx_word' id='word_1_389' title='bbox 2259 2265 2272 2278; x_wconf 78' lang='grc' dir='ltr'><strong><em>ο</em></strong></span> <span class='ocrx_word' id='word_1_390' title='bbox 2305 2267 2322 2298; x_wconf 76' lang='grc' dir='ltr'><strong>ι</strong></span> <span class='ocrx_word' id='word_1_391' title='bbox 2362 2247 2608 2318; x_wconf 81' lang='grc' dir='ltr'>Ψυχικὸς</span> <span class='ocrx_word' id='word_1_392' title='bbox 2641 2248 2766 2319; x_wconf 80' lang='grc'><strong>[154</strong></span> <span class='ocrx_word' id='word_1_393' title='bbox 2797 2247 2850 2318; x_wconf 84' lang='lat' dir='ltr'><strong>a]</strong></span> <span class='ocrx_word' id='word_1_394' title='bbox 2879 2247 2936 2300; x_wconf 85' lang='grc' dir='ltr'>δὲ</span> <span class='ocrx_word' id='word_1_395' title='bbox 2983 2247 3268 2317; x_wconf 78' lang='grc' dir='ltr'>ἄνθρωπος</span> <span class='ocrx_word' id='word_1_396' title='bbox 3311 2247 3372 2299; x_wconf 75' lang='grc' dir='ltr'><strong>οὐ</strong></span> <span class='ocrx_word' id='word_1_397' title='bbox 3423 2247 3632 2316; x_wconf 77' lang='grc' dir='ltr'>δέχεται</span> <span class='ocrx_word' id='word_1_398' title='bbox 3660 2243 3722 2295; x_wconf 79' lang='grc' dir='ltr'>τὰ</span> 
     </span>
    </p>
   </div>
   <div class='ocr_carea' id='block_1_53' title="bbox 2147 2337 3722 2410">
    <p class='ocr_par' dir='ltr' id='par_1_53' title="bbox 2147 2337 3722 2410">
     <span class='ocr_line' id='line_1_53' title="bbox 2147 2337 3722 2410; baseline -0.004 -17"><span class='ocrx_word' id='word_1_399' title='bbox 2147 2340 2239 2393; x_wconf 81' lang='grc' dir='ltr'><strong>τοῦ</strong></span> <span class='ocrx_word' id='word_1_400' title='bbox 2271 2339 2589 2409; x_wconf 74' lang='grc' dir='ltr'>Πνεῦματος</span> <span class='ocrx_word' id='word_1_401' title='bbox 2615 2340 2709 2392; x_wconf 91' lang='grc' dir='ltr'><strong>τοῦ</strong></span> <span class='ocrx_word' id='word_1_402' title='bbox 2737 2339 2871 2392; x_wconf 84' lang='grc' dir='ltr'>Θεοῦ</span> <span class='ocrx_word' id='word_1_403' title='bbox 2895 2356 2908 2368; x_wconf 90' lang='grc'><strong>·</strong></span> <span class='ocrx_word' id='word_1_404' title='bbox 2939 2339 3118 2410; x_wconf 73' lang='grc' dir='ltr'>μωρία</span> <span class='ocrx_word' id='word_1_405' title='bbox 3143 2338 3250 2408; x_wconf 75' lang='grc' dir='ltr'><strong>γὰρ</strong></span> <span class='ocrx_word' id='word_1_406' title='bbox 3276 2339 3424 2409; x_wconf 75' lang='grc' dir='ltr'>αὐτῷ</span> <span class='ocrx_word' id='word_1_407' title='bbox 3449 2341 3609 2398; x_wconf 82' lang='grc' dir='ltr'>ἐστιν,</span> <span class='ocrx_word' id='word_1_408' title='bbox 3637 2337 3722 2388; x_wconf 76' lang='grc' dir='ltr'>καὶ</span> 
     </span>
    </p>
   </div>
   <div class='ocr_carea' id='block_1_54' title="bbox 2147 2431 3722 2502">
    <p class='ocr_par' dir='ltr' id='par_1_54' title="bbox 2147 2431 3722 2502">
     <span class='ocr_line' id='line_1_54' title="bbox 2147 2431 3722 2502; baseline -0.003 -17"><span class='ocrx_word' id='word_1_409' title='bbox 2147 2435 2208 2486; x_wconf 80' lang='grc' dir='ltr'><strong>οὐ</strong></span> <span class='ocrx_word' id='word_1_410' title='bbox 2265 2433 2488 2485; x_wconf 79' lang='grc' dir='ltr'>δύναται</span> <span class='ocrx_word' id='word_1_411' title='bbox 2539 2433 2763 2501; x_wconf 81' lang='grc' dir='ltr'>γνῶναι.</span> <span class='ocrx_word' id='word_1_412' title='bbox 2809 2433 2866 2485; x_wconf 84' lang='grc'><strong>’0</strong></span> <span class='ocrx_word' id='word_1_413' title='bbox 2911 2431 2968 2484; x_wconf 82' lang='grc' dir='ltr'><strong>δὲ</strong></span> <span class='ocrx_word' id='word_1_414' title='bbox 3042 2432 3413 2502; x_wconf 81' lang='grc' dir='ltr'>πνευματικὸς</span> <span class='ocrx_word' id='word_1_415' title='bbox 3459 2431 3722 2500; x_wconf 80' lang='grc' dir='ltr'>ἀνακρίνει</span> 
     </span>
    </p>
   </div>
   <div class='ocr_carea' id='block_1_55' title="bbox 2152 2521 3725 2595">
    <p class='ocr_par' dir='ltr' id='par_1_55' title="bbox 2152 2521 3725 2595">
     <span class='ocr_line' id='line_1_55' title="bbox 2152 2521 3725 2595; baseline -0.004 -17"><span class='ocrx_word' id='word_1_416' title='bbox 2152 2526 2248 2595; x_wconf 85' lang='grc' dir='ltr'>μὲν</span> <span class='ocrx_word' id='word_1_417' title='bbox 2279 2525 2501 2588; x_wconf 81' lang='grc' dir='ltr'>πάντας,</span> <span class='ocrx_word' id='word_1_418' title='bbox 2535 2525 2693 2587; x_wconf 82' lang='grc' dir='ltr'>αὐτὸς</span> <span class='ocrx_word' id='word_1_419' title='bbox 2717 2524 2774 2577; x_wconf 86' lang='grc' dir='ltr'><strong>δέ</strong></span> <span class='ocrx_word' id='word_1_420' title='bbox 2806 2524 2898 2576; x_wconf 81' lang='grc' dir='ltr'>ὑπ’</span> <span class='ocrx_word' id='word_1_421' title='bbox 2932 2523 3143 2586; x_wconf 79' lang='grc' dir='ltr'>οὐδενὸς</span> <span class='ocrx_word' id='word_1_422' title='bbox 3171 2524 3542 2594; x_wconf 81' lang='grc' dir='ltr'>ἀνακρίνεται.</span> <span class='ocrx_word' id='word_1_423' title='bbox 3575 2541 3592 2574; x_wconf 71' lang='grc' dir='ltr'><strong>ι</strong></span> <span class='ocrx_word' id='word_1_424' title='bbox 3623 2521 3725 2575; x_wconf 78' lang='grc' dir='ltr'>Καὶ</span> 
     </span>
    </p>
   </div>
   <div class='ocr_carea' id='block_1_56' title="bbox 2153 2613 3724 2686">
    <p class='ocr_par' dir='ltr' id='par_1_56' title="bbox 2153 2613 3724 2686">
     <span class='ocr_line' id='line_1_56' title="bbox 2153 2613 3724 2686; baseline -0.002 -18"><span class='ocrx_word' id='word_1_425' title='bbox 2153 2615 2334 2677; x_wconf 82' lang='grc' dir='ltr'>πάλιν,</span> <span class='ocrx_word' id='word_1_426' title='bbox 2365 2617 2426 2668; x_wconf 86' lang='grc' dir='ltr'><strong>τὸ</strong></span> <span class='ocrx_word' id='word_1_427' title='bbox 2460 2615 2592 2686; x_wconf 84' lang='grc' dir='ltr'>πρὸς</span> <span class='ocrx_word' id='word_1_428' title='bbox 2614 2616 2710 2686; x_wconf 82' lang='grc' dir='ltr'>τὴν</span> <span class='ocrx_word' id='word_1_429' title='bbox 2749 2615 2916 2686; x_wconf 83' lang='grc' dir='ltr'>μόνην</span> <span class='ocrx_word' id='word_1_430' title='bbox 2949 2616 3310 2686; x_wconf 78' lang='grc' dir='ltr'>ἡμερωτάτην</span> <span class='ocrx_word' id='word_1_431' title='bbox 3340 2616 3503 2684; x_wconf 77' lang='grc' dir='ltr'>φύσιν</span> <span class='ocrx_word' id='word_1_432' title='bbox 3527 2613 3724 2667; x_wconf 88' lang='grc' dir='ltr'>ἐπίκοι-</span> 
     </span>
    </p>
   </div>
   <div class='ocr_carea' id='block_1_57' title="bbox 2149 2706 3726 2778">
    <p class='ocr_par' dir='ltr' id='par_1_57' title="bbox 2149 2706 3726 2778">
     <span class='ocr_line' id='line_1_57' title="bbox 2149 2706 3726 2778; baseline -0.003 -18"><span class='ocrx_word' id='word_1_433' title='bbox 2149 2726 2236 2761; x_wconf 91' lang='grc' dir='ltr'><strong>νον</strong></span> <span class='ocrx_word' id='word_1_434' title='bbox 2290 2709 2384 2761; x_wconf 88' lang='grc' dir='ltr'><strong>τοῦ</strong></span> <span class='ocrx_word' id='word_1_435' title='bbox 2419 2709 2572 2777; x_wconf 86' lang='grc' dir='ltr'>ἁγίου</span> <span class='ocrx_word' id='word_1_436' title='bbox 2607 2708 2923 2778; x_wconf 77' lang='grc' dir='ltr'>Πνεῦματος</span> <span class='ocrx_word' id='word_1_437' title='bbox 2951 2707 3146 2776; x_wconf 85' lang='grc' dir='ltr'>δηλῶν,</span> <span class='ocrx_word' id='word_1_438' title='bbox 3175 2706 3303 2778; x_wconf 77' lang='grc' dir='ltr'><strong>ἔφη·</strong></span> <span class='ocrx_word' id='word_1_439' title='bbox 3346 2728 3364 2759; x_wconf 78' lang='grc' dir='ltr'><strong>ι</strong></span> <span class='ocrx_word' id='word_1_440' title='bbox 3412 2707 3480 2760; x_wconf 66' lang='lat' dir='ltr'><strong>Et</strong></span> <span class='ocrx_word' id='word_1_441' title='bbox 3512 2724 3591 2770; x_wconf 89' lang='grc' dir='ltr'><strong>τις</strong></span> <span class='ocrx_word' id='word_1_442' title='bbox 3621 2721 3726 2758; x_wconf 84' lang='grc' dir='ltr'>κοι-</span> 
     </span>
    </p>
   </div>
   <div class='ocr_carea' id='block_1_58' title="bbox 2149 2797 3729 2871">
    <p class='ocr_par' dir='ltr' id='par_1_58' title="bbox 2149 2797 3729 2871">
     <span class='ocr_line' id='line_1_58' title="bbox 2149 2797 3729 2871; baseline -0.003 -18"><span class='ocrx_word' id='word_1_443' title='bbox 2149 2803 2313 2854; x_wconf 89' lang='grc' dir='ltr'>νωνία</span> <span class='ocrx_word' id='word_1_444' title='bbox 2361 2801 2698 2870; x_wconf 80' lang='grc' dir='ltr'>Πνεύματος.</span> <span class='ocrx_word' id='word_1_445' title='bbox 2737 2820 2754 2851; x_wconf 75' lang='grc' dir='ltr'><strong>ι</strong></span> <span class='ocrx_word' id='word_1_446' title='bbox 2793 2801 3095 2870; x_wconf 80' lang='grc' dir='ltr'>Σαρκικοῦς</span> <span class='ocrx_word' id='word_1_447' title='bbox 3128 2801 3206 2862; x_wconf 88' lang='grc' dir='ltr'>δὲ,</span> <span class='ocrx_word' id='word_1_448' title='bbox 3248 2800 3279 2871; x_wconf 84' lang='grc' dir='ltr'>ἢ</span> <span class='ocrx_word' id='word_1_449' title='bbox 3328 2801 3544 2870; x_wconf 83' lang='grc' dir='ltr'>χοῖκοὺς</span> <span class='ocrx_word' id='word_1_450' title='bbox 3587 2797 3729 2851; x_wconf 84' lang='grc' dir='ltr'>καλεῖ</span> 
     </span>
    </p>
   </div>
   <div class='ocr_carea' id='block_1_59' title="bbox 2148 2890 3726 2962">
    <p class='ocr_par' dir='ltr' id='par_1_59' title="bbox 2148 2890 3726 2962">
     <span class='ocr_line' id='line_1_59' title="bbox 2148 2890 3726 2962; baseline -0.003 -18"><span class='ocrx_word' id='word_1_451' title='bbox 2148 2893 2273 2953; x_wconf 73' lang='grc' dir='ltr'>τοὺς</span> <span class='ocrx_word' id='word_1_452' title='bbox 2306 2893 2372 2961; x_wconf 79' lang='grc' dir='ltr'>τῇ</span> <span class='ocrx_word' id='word_1_453' title='bbox 2405 2893 2475 2962; x_wconf 83' lang='grc' dir='ltr'>γῇ</span> <span class='ocrx_word' id='word_1_454' title='bbox 2519 2890 2980 2952; x_wconf 87' lang='grc' dir='ltr'>κατανενευκότας</span> <span class='ocrx_word' id='word_1_455' title='bbox 3003 2907 3018 2922; x_wconf 76' lang='grc' dir='ltr'><strong><em>ο</em></strong></span> <span class='ocrx_word' id='word_1_456' title='bbox 3058 2891 3245 2961; x_wconf 82' lang='grc' dir='ltr'>ἐπειδὴ</span> <span class='ocrx_word' id='word_1_457' title='bbox 3291 2892 3561 2962; x_wconf 78' lang='grc' dir='ltr'>ἀκρασίαν</span> <span class='ocrx_word' id='word_1_458' title='bbox 3612 2890 3726 2942; x_wconf 84' lang='grc' dir='ltr'>λυτ-</span> 
     </span>
    </p>
   </div>
   <div class='ocr_carea' id='block_1_60' title="bbox 2147 2981 3728 3052">
    <p class='ocr_par' dir='ltr' id='par_1_60' title="bbox 2147 2981 3728 3052">
     <span class='ocr_line' id='line_1_60' title="bbox 2147 2981 3728 3052; baseline -0.003 -16"><span class='ocrx_word' id='word_1_459' title='bbox 2147 2983 2370 3046; x_wconf 84' lang='grc' dir='ltr'>τῶντες,</span> <span class='ocrx_word' id='word_1_460' title='bbox 2408 2983 2503 3036; x_wconf 74' lang='grc' dir='ltr'><strong>καὶ</strong></span> <span class='ocrx_word' id='word_1_461' title='bbox 2541 2981 2612 3034; x_wconf 83' lang='grc' dir='ltr'>τὰ</span> <span class='ocrx_word' id='word_1_462' title='bbox 2641 2981 3040 3052; x_wconf 82' lang='grc' dir='ltr'>διαϐεϐλημένα</span> <span class='ocrx_word' id='word_1_463' title='bbox 3081 2985 3193 3045; x_wconf 85' lang='grc' dir='ltr'>τοῖς</span> <span class='ocrx_word' id='word_1_464' title='bbox 3239 2985 3444 3052; x_wconf 85' lang='grc' dir='ltr'>τιμίοις</span> <span class='ocrx_word' id='word_1_465' title='bbox 3490 2998 3728 3052; x_wconf 88' lang='grc' dir='ltr'>παραμε-</span> 
     </span>
    </p>
   </div>
   <div class='ocr_carea' id='block_1_61' title="bbox 2150 3073 3725 3146">
    <p class='ocr_par' dir='ltr' id='par_1_61' title="bbox 2150 3073 3725 3146">
     <span class='ocr_line' id='line_1_61' title="bbox 2150 3073 3725 3146; baseline -0.002 -19"><span class='ocrx_word' id='word_1_466' title='bbox 2150 3074 2427 3146; x_wconf 86' lang='grc' dir='ltr'>τροῦντες,</span> <span class='ocrx_word' id='word_1_467' title='bbox 2478 3075 2574 3127; x_wconf 76' lang='grc' dir='ltr'><strong>καὶ</strong></span> <span class='ocrx_word' id='word_1_468' title='bbox 2627 3078 2740 3137; x_wconf 88' lang='grc' dir='ltr'>τοῖς</span> <span class='ocrx_word' id='word_1_469' title='bbox 2801 3073 3007 3135; x_wconf 83' lang='grc' dir='ltr'>ὑλικοίς</span> <span class='ocrx_word' id='word_1_470' title='bbox 3043 3074 3454 3146; x_wconf 80' lang='grc' dir='ltr'>ὑποκαθήμενοι</span> <span class='ocrx_word' id='word_1_471' title='bbox 3491 3074 3725 3135; x_wconf 76' lang='grc' dir='ltr'>πάθεσιν,</span> 
     </span>
    </p>
   </div>
   <div class='ocr_carea' id='block_1_62' title="bbox 2152 3162 3730 3234">
    <p class='ocr_par' dir='ltr' id='par_1_62' title="bbox 2152 3162 3730 3234">
     <span class='ocr_line' id='line_1_62' title="bbox 2152 3162 3730 3234; baseline -0.001 -18"><span class='ocrx_word' id='word_1_472' title='bbox 2152 3165 2246 3216; x_wconf 75' lang='grc' dir='ltr'><strong>καὶ</strong></span> <span class='ocrx_word' id='word_1_473' title='bbox 2271 3163 2472 3216; x_wconf 79' lang='grc' dir='ltr'>ὡσανεὶ</span> <span class='ocrx_word' id='word_1_474' title='bbox 2503 3162 2748 3234; x_wconf 85' lang='grc' dir='ltr'>βορϐόρῳ</span> <span class='ocrx_word' id='word_1_475' title='bbox 2780 3166 2899 3226; x_wconf 86' lang='grc' dir='ltr'>ταῖς</span> <span class='ocrx_word' id='word_1_476' title='bbox 2930 3165 3183 3234; x_wconf 74' lang='grc' dir='ltr'>αἰσχραῖς</span> <span class='ocrx_word' id='word_1_477' title='bbox 3213 3164 3298 3216; x_wconf 77' lang='grc' dir='ltr'><strong>ἀεὶ</strong></span> <span class='ocrx_word' id='word_1_478' title='bbox 3326 3162 3730 3232; x_wconf 84' lang='grc' dir='ltr'>ἐγκυλινδούμε-</span> 
     </span>
    </p>
   </div>
   <div class='ocr_carea' id='block_1_63' title="bbox 467 3237 2046 3328">
    <p class='ocr_par' dir='ltr' id='par_1_63' title="bbox 467 3237 2046 3328">
     <span class='ocr_line' id='line_1_63' title="bbox 467 3237 2046 3328; baseline 0 -14"><span class='ocrx_word' id='word_1_479' title='bbox 467 3258 614 3314; x_wconf 89' lang='lat' dir='ltr'><strong>niam</strong></span> <span class='ocrx_word' id='word_1_480' title='bbox 649 3273 771 3312; x_wconf 88' lang='lat' dir='ltr'><strong>cum</strong></span> <span class='ocrx_word' id='word_1_481' title='bbox 801 3256 854 3311; x_wconf 93' lang='lat' dir='ltr'><strong>in</strong></span> <span class='ocrx_word' id='word_1_482' title='bbox 896 3257 1371 3325; x_wconf 87' lang='lat' dir='ltr'><strong>intemperantiam</strong></span> <span class='ocrx_word' id='word_1_483' title='bbox 1415 3258 1527 3328; x_wconf 84' lang='lat'><strong>(50)</strong></span> <span class='ocrx_word' id='word_1_484' title='bbox 1567 3259 1754 3314; x_wconf 89' lang='lat' dir='ltr'><strong>rabide</strong></span> <span class='ocrx_word' id='word_1_485' title='bbox 1785 3237 2046 3327; x_wconf 79' lang='lat' dir='ltr'><strong>ferantur,</strong></span> 
     </span>
    </p>
   </div>
   <div class='ocr_carea' id='block_1_64' title="bbox 2151 3237 3728 3328">
    <p class='ocr_par' dir='ltr' id='par_1_64' title="bbox 2153 3253 3728 3326">
     <span class='ocr_line' id='line_1_64' title="bbox 2153 3253 3728 3326; baseline -0.002 -17"><span class='ocrx_word' id='word_1_486' title='bbox 2153 3272 2233 3309; x_wconf 90' lang='grc' dir='ltr'><strong>νοι</strong></span> <span class='ocrx_word' id='word_1_487' title='bbox 2282 3255 2566 3325; x_wconf 74' lang='grc' dir='ltr'>πράξεσιν,</span> <span class='ocrx_word' id='word_1_488' title='bbox 2600 3255 2696 3308; x_wconf 77' lang='grc' dir='ltr'><strong>καὶ</strong></span> <span class='ocrx_word' id='word_1_489' title='bbox 2727 3253 2882 3307; x_wconf 72' lang='grc' dir='ltr'>αὐτοὶ</span> <span class='ocrx_word' id='word_1_490' title='bbox 2917 3255 3251 3326; x_wconf 80' lang='grc' dir='ltr'>παράλληλοί</span> <span class='ocrx_word' id='word_1_491' title='bbox 3287 3273 3405 3320; x_wconf 84' lang='grc' dir='ltr'><strong>πως</strong></span> <span class='ocrx_word' id='word_1_492' title='bbox 3436 3259 3548 3315; x_wconf 81' lang='grc' dir='ltr'>τοῖς</span> <span class='ocrx_word' id='word_1_493' title='bbox 3579 3256 3728 3324; x_wconf 82' lang='grc' dir='ltr'>ψυχι-</span> 
     </span>
    </p>
   </div>
   <div class='ocr_carea' id='block_1_65' title="bbox 467 3349 2046 3418">
    <p class='ocr_par' dir='ltr' id='par_1_65' title="bbox 467 3349 2046 3418">
     <span class='ocr_line' id='line_1_65' title="bbox 467 3349 2046 3418; baseline -0.001 -12"><span class='ocrx_word' id='word_1_494' title='bbox 467 3359 524 3406; x_wconf 89' lang='lat' dir='ltr'><strong>et</strong></span> <span class='ocrx_word' id='word_1_495' title='bbox 559 3364 647 3417; x_wconf 87' lang='lat' dir='ltr'><strong>ea,</strong></span> <span class='ocrx_word' id='word_1_496' title='bbox 691 3364 813 3418; x_wconf 74' lang='lat' dir='ltr'><strong>qua:</strong></span> <span class='ocrx_word' id='word_1_497' title='bbox 864 3349 1219 3417; x_wconf 86' lang='lat' dir='ltr'><strong>vituperanda</strong></span> <span class='ocrx_word' id='word_1_498' title='bbox 1273 3360 1423 3416; x_wconf 88' lang='lat' dir='ltr'><strong>sunt,</strong></span> <span class='ocrx_word' id='word_1_499' title='bbox 1462 3366 1581 3404; x_wconf 91' lang='lat' dir='ltr'><strong>cum</strong></span> <span class='ocrx_word' id='word_1_500' title='bbox 1631 3351 1696 3404; x_wconf 88' lang='lat' dir='ltr'><strong>iis</strong></span> <span class='ocrx_word' id='word_1_501' title='bbox 1745 3351 2046 3417; x_wconf 81' lang='lat' dir='ltr'><strong>conferant,</strong></span> 
     </span>
    </p>
   </div>
   <div class='ocr_carea' id='block_1_66' title="bbox 469 3439 2050 3513">
    <p class='ocr_par' dir='ltr' id='par_1_66' title="bbox 469 3439 2050 3513">
     <span class='ocr_line' id='line_1_66' title="bbox 469 3439 2050 3513; baseline 0.001 -20"><span class='ocrx_word' id='word_1_502' title='bbox 469 3457 591 3512; x_wconf 74' lang='lat' dir='ltr'><strong>qua:</strong></span> <span class='ocrx_word' id='word_1_503' title='bbox 621 3443 674 3494; x_wconf 92' lang='lat' dir='ltr'><strong>in</strong></span> <span class='ocrx_word' id='word_1_504' title='bbox 699 3440 872 3510; x_wconf 88' lang='lat' dir='ltr'><strong>pretio</strong></span> <span class='ocrx_word' id='word_1_505' title='bbox 902 3439 1090 3494; x_wconf 83' lang='lat' dir='ltr'><strong>haberi</strong></span> <span class='ocrx_word' id='word_1_506' title='bbox 1118 3439 1336 3506; x_wconf 87' lang='lat' dir='ltr'><strong>debent,</strong></span> <span class='ocrx_word' id='word_1_507' title='bbox 1363 3449 1419 3494; x_wconf 86' lang='lat' dir='ltr'><strong>et</strong></span> <span class='ocrx_word' id='word_1_508' title='bbox 1458 3441 1834 3497; x_wconf 88' lang='lat' dir='ltr'><strong>materialibus</strong></span> <span class='ocrx_word' id='word_1_509' title='bbox 1877 3443 2050 3513; x_wconf 83' lang='lat' dir='ltr'><strong>subji-</strong></span> 
     </span>
    </p>
   </div>
   <div class='ocr_carea' id='block_1_67' title="bbox 467 3531 2052 3601">
    <p class='ocr_par' dir='ltr' id='par_1_67' title="bbox 467 3531 2052 3601">
     <span class='ocr_line' id='line_1_67' title="bbox 467 3531 2052 3601; baseline -0.001 -14"><span class='ocrx_word' id='word_1_510' title='bbox 467 3533 682 3587; x_wconf 90' lang='lat' dir='ltr'><strong>ciantur</strong></span> <span class='ocrx_word' id='word_1_511' title='bbox 707 3531 1069 3601; x_wconf 88' lang='lat' dir='ltr'><strong>passionibus,</strong></span> <span class='ocrx_word' id='word_1_512' title='bbox 1105 3538 1158 3583; x_wconf 87' lang='lat' dir='ltr'><strong>et</strong></span> <span class='ocrx_word' id='word_1_513' title='bbox 1203 3531 1256 3583; x_wconf 93' lang='lat' dir='ltr'><strong>in</strong></span> <span class='ocrx_word' id='word_1_514' title='bbox 1305 3531 1555 3599; x_wconf 88' lang='lat' dir='ltr'><strong>turpibus</strong></span> <span class='ocrx_word' id='word_1_515' title='bbox 1586 3532 1911 3596; x_wconf 84' lang='lat' dir='ltr'><strong>actionibus,</strong></span> <span class='ocrx_word' id='word_1_516' title='bbox 1945 3533 2052 3588; x_wconf 79' lang='lat' dir='ltr'><strong>vel-</strong></span> 
     </span>
    </p>
   </div>
   <div class='ocr_carea' id='block_1_68' title="bbox 468 3623 2052 3692">
    <p class='ocr_par' dir='ltr' id='par_1_68' title="bbox 468 3623 2052 3692">
     <span class='ocr_line' id='line_1_68' title="bbox 468 3623 2052 3692; baseline -0.001 -11"><span class='ocrx_word' id='word_1_517' title='bbox 468 3625 546 3681; x_wconf 85' lang='lat' dir='ltr'><strong>uti</strong></span> <span class='ocrx_word' id='word_1_518' title='bbox 612 3625 665 3677; x_wconf 90' lang='lat' dir='ltr'><strong>in</strong></span> <span class='ocrx_word' id='word_1_519' title='bbox 709 3636 890 3687; x_wconf 71' lang='lat' dir='ltr'><strong>caeno,</strong></span> <span class='ocrx_word' id='word_1_520' title='bbox 942 3637 1160 3690; x_wconf 89' lang='lat' dir='ltr'><strong>semper</strong></span> <span class='ocrx_word' id='word_1_521' title='bbox 1208 3623 1537 3685; x_wconf 84' lang='lat' dir='ltr'><strong>volutentur,</strong></span> <span class='ocrx_word' id='word_1_522' title='bbox 1589 3624 1688 3692; x_wconf 93' lang='lat' dir='ltr'><strong>ipsi</strong></span> <span class='ocrx_word' id='word_1_523' title='bbox 1731 3625 1893 3677; x_wconf 86' lang='lat' dir='ltr'><strong>etiam</strong></span> <span class='ocrx_word' id='word_1_524' title='bbox 1929 3625 2052 3679; x_wconf 91' lang='lat' dir='ltr'><strong>ani-</strong></span> 
     </span>
    </p>
   </div>
   <div class='ocr_carea' id='block_1_69' title="bbox 442 3713 2047 3783">
    <p class='ocr_par' dir='ltr' id='par_1_69' title="bbox 442 3713 2047 3783">
     <span class='ocr_line' id='line_1_69' title="bbox 442 3713 2047 3783; baseline 0 -14"><span class='ocrx_word' id='word_1_525' title='bbox 442 3714 704 3769; x_wconf 81' lang='lat' dir='ltr'><strong>‘malibus</strong></span> <span class='ocrx_word' id='word_1_526' title='bbox 745 3713 1051 3768; x_wconf 87' lang='lat' dir='ltr'><strong>hominibus</strong></span> <span class='ocrx_word' id='word_1_527' title='bbox 1086 3729 1244 3783; x_wconf 88' lang='lat' dir='ltr'><strong>pares</strong></span> <span class='ocrx_word' id='word_1_528' title='bbox 1267 3715 1668 3779; x_wconf 85' lang='lat' dir='ltr'><strong>quodammodo</strong></span> <span class='ocrx_word' id='word_1_529' title='bbox 1698 3716 1874 3781; x_wconf 89' lang='lat' dir='ltr'><strong>liunt;</strong></span> <span class='ocrx_word' id='word_1_530' title='bbox 1924 3732 2047 3769; x_wconf 86' lang='lat' dir='ltr'><strong>nam</strong></span> 
     </span>
    </p>
   </div>
   <div class='ocr_carea' id='block_1_70' title="bbox 469 3805 2050 3876">
    <p class='ocr_par' dir='ltr' id='par_1_70' title="bbox 469 3805 2050 3876">
     <span class='ocr_line' id='line_1_70' title="bbox 469 3805 2050 3876; baseline 0 -17"><span class='ocrx_word' id='word_1_531' title='bbox 469 3806 695 3876; x_wconf 89' lang='lat' dir='ltr'><strong>perinde</strong></span> <span class='ocrx_word' id='word_1_532' title='bbox 737 3805 891 3874; x_wconf 89' lang='lat' dir='ltr'><strong>quasi</strong></span> <span class='ocrx_word' id='word_1_533' title='bbox 929 3805 981 3857; x_wconf 87' lang='lat' dir='ltr'><strong>in</strong></span> <span class='ocrx_word' id='word_1_534' title='bbox 1027 3806 1276 3873; x_wconf 82' lang='lat' dir='ltr'><strong>utrisque</strong></span> <span class='ocrx_word' id='word_1_535' title='bbox 1309 3805 1504 3859; x_wconf 59' lang='lat' dir='ltr'><strong>anima</strong></span> <span class='ocrx_word' id='word_1_536' title='bbox 1555 3807 1890 3876; x_wconf 84' lang='lat' dir='ltr'><strong>perspicacia</strong></span> <span class='ocrx_word' id='word_1_537' title='bbox 1937 3807 2050 3876; x_wconf 85' lang='grc'><strong>(51)</strong></span> 
     </span>
    </p>
   </div>
   <div class='ocr_carea' id='block_1_71' title="bbox 471 3897 2050 3968">
    <p class='ocr_par' dir='ltr' id='par_1_71' title="bbox 471 3897 2050 3968">
     <span class='ocr_line' id='line_1_71' title="bbox 471 3897 2050 3968; baseline 0.003 -18"><span class='ocrx_word' id='word_1_538' title='bbox 471 3897 705 3968; x_wconf 88' lang='lat' dir='ltr'><strong>quadam</strong></span> <span class='ocrx_word' id='word_1_539' title='bbox 735 3898 1056 3968; x_wconf 88' lang='lat' dir='ltr'><strong>lippitudine</strong></span> <span class='ocrx_word' id='word_1_540' title='bbox 1098 3899 1358 3966; x_wconf 80' lang='lat' dir='ltr'><strong>impedita</strong></span> <span class='ocrx_word' id='word_1_541' title='bbox 1414 3915 1479 3953; x_wconf 89' lang='lat' dir='ltr'><strong>ac</strong></span> <span class='ocrx_word' id='word_1_542' title='bbox 1509 3899 1682 3953; x_wconf 85' lang='lat' dir='ltr'><strong>velata</strong></span> <span class='ocrx_word' id='word_1_543' title='bbox 1733 3901 1826 3965; x_wconf 91' lang='lat' dir='ltr'><strong>sit,</strong></span> <span class='ocrx_word' id='word_1_544' title='bbox 1872 3903 2050 3955; x_wconf 90' lang='lat' dir='ltr'><strong>neutri</strong></span> 
     </span>
    </p>
   </div>
   <div class='ocr_carea' id='block_1_72' title="bbox 472 3989 2052 4057">
    <p class='ocr_par' dir='ltr' id='par_1_72' title="bbox 472 3989 2052 4057">
     <span class='ocr_line' id='line_1_72' title="bbox 472 3989 2052 4057; baseline 0.003 -15"><span class='ocrx_word' id='word_1_545' title='bbox 472 3989 765 4042; x_wconf 90' lang='lat' dir='ltr'><strong>illuminari</strong></span> <span class='ocrx_word' id='word_1_546' title='bbox 811 3997 1040 4057; x_wconf 89' lang='lat' dir='ltr'><strong>possunt</strong></span> <span class='ocrx_word' id='word_1_547' title='bbox 1089 4004 1115 4039; x_wconf 88' lang='lat' dir='ltr'><strong>a</strong></span> <span class='ocrx_word' id='word_1_548' title='bbox 1158 4004 1375 4056; x_wconf 88' lang='lat' dir='ltr'><strong>semper</strong></span> <span class='ocrx_word' id='word_1_549' title='bbox 1410 3991 1529 4041; x_wconf 84' lang='lat' dir='ltr'><strong>viva</strong></span> <span class='ocrx_word' id='word_1_550' title='bbox 1602 3999 1656 4043; x_wconf 92' lang='lat' dir='ltr'><strong>et</strong></span> <span class='ocrx_word' id='word_1_551' title='bbox 1695 4004 1884 4045; x_wconf 89' lang='lat' dir='ltr'><strong>serena</strong></span> <span class='ocrx_word' id='word_1_552' title='bbox 1934 3992 2052 4047; x_wconf 90' lang='lat' dir='ltr'><strong>luce</strong></span> 
     </span>
    </p>
   </div>
   <div class='ocr_carea' id='block_1_73' title="bbox 469 4079 2051 4150">
    <p class='ocr_par' dir='ltr' id='par_1_73' title="bbox 469 4079 2051 4150">
     <span class='ocr_line' id='line_1_73' title="bbox 469 4079 2051 4150; baseline 0.001 -16"><span class='ocrx_word' id='word_1_553' title='bbox 469 4080 706 4149; x_wconf 80' lang='lat' dir='ltr'><strong>Spiritus</strong></span> <span class='ocrx_word' id='word_1_554' title='bbox 737 4080 931 4141; x_wconf 87' lang='lat' dir='ltr'><strong>sancti,</strong></span> <span class='ocrx_word' id='word_1_555' title='bbox 961 4079 1056 4133; x_wconf 89' lang='lat' dir='ltr'><strong>sed</strong></span> <span class='ocrx_word' id='word_1_556' title='bbox 1083 4079 1409 4133; x_wconf 87' lang='lat' dir='ltr'><strong>decrescunt</strong></span> <span class='ocrx_word' id='word_1_557' title='bbox 1443 4081 1496 4133; x_wconf 90' lang='lat' dir='ltr'><strong>in</strong></span> <span class='ocrx_word' id='word_1_558' title='bbox 1530 4080 1644 4134; x_wconf 90' lang='lat' dir='ltr'><strong>dies</strong></span> <span class='ocrx_word' id='word_1_559' title='bbox 1674 4098 1737 4135; x_wconf 89' lang='lat' dir='ltr'><strong>ac</strong></span> <span class='ocrx_word' id='word_1_560' title='bbox 1768 4083 2051 4150; x_wconf 47' lang='lat' dir='ltr'><strong>prolabun&#39;</strong></span> 
     </span>
    </p>
   </div>
   <div class='ocr_carea' id='block_1_74' title="bbox 474 4172 2052 4241">
    <p class='ocr_par' dir='ltr' id='par_1_74' title="bbox 474 4172 2052 4241">
     <span class='ocr_line' id='line_1_74' title="bbox 474 4172 2052 4241; baseline 0.001 -15"><span class='ocrx_word' id='word_1_561' title='bbox 474 4185 584 4238; x_wconf 90' lang='lat' dir='ltr'><strong>tur,</strong></span> <span class='ocrx_word' id='word_1_562' title='bbox 615 4188 680 4227; x_wconf 90' lang='lat' dir='ltr'><strong>ac</strong></span> <span class='ocrx_word' id='word_1_563' title='bbox 707 4172 872 4227; x_wconf 82' lang='lat' dir='ltr'><strong>veluti</strong></span> <span class='ocrx_word' id='word_1_564' title='bbox 907 4183 1240 4241; x_wconf 82' lang='lat' dir='ltr'><strong>unguentum</strong></span> <span class='ocrx_word' id='word_1_565' title='bbox 1277 4172 1390 4226; x_wconf 90' lang='lat' dir='ltr'><strong>luto</strong></span> <span class='ocrx_word' id='word_1_566' title='bbox 1420 4175 1767 4227; x_wconf 86' lang='lat' dir='ltr'><strong>commistum</strong></span> <span class='ocrx_word' id='word_1_567' title='bbox 1830 4177 2052 4228; x_wconf 89' lang='lat' dir='ltr'><strong>omnino</strong></span> 
     </span>
    </p>
   </div>
   <div class='ocr_carea' id='block_1_75' title="bbox 469 4265 2052 4336">
    <p class='ocr_par' dir='ltr' id='par_1_75' title="bbox 469 4265 2052 4336">
     <span class='ocr_line' id='line_1_75' title="bbox 469 4265 2052 4336; baseline 0.004 -18"><span class='ocrx_word' id='word_1_568' title='bbox 469 4275 699 4336; x_wconf 86' lang='lat' dir='ltr'><strong>pereunt</strong></span> <span class='ocrx_word' id='word_1_569' title='bbox 726 4284 740 4319; x_wconf 97' lang='lat'><strong>:</strong></span> <span class='ocrx_word' id='word_1_570' title='bbox 773 4280 840 4320; x_wconf 90' lang='lat' dir='ltr'><strong>ne</strong></span> <span class='ocrx_word' id='word_1_571' title='bbox 880 4265 1012 4318; x_wconf 90' lang='lat' dir='ltr'><strong>illud</strong></span> <span class='ocrx_word' id='word_1_572' title='bbox 1047 4267 1264 4335; x_wconf 89' lang='lat' dir='ltr'><strong>quidem</strong></span> <span class='ocrx_word' id='word_1_573' title='bbox 1312 4265 1544 4320; x_wconf 82' lang='lat' dir='ltr'><strong>fortasse</strong></span> <span class='ocrx_word' id='word_1_574' title='bbox 1576 4265 1962 4336; x_wconf 77' lang='lat' dir='ltr'><strong>intelligentes,</strong></span> <span class='ocrx_word' id='word_1_575' title='bbox 1993 4284 2052 4323; x_wconf 87' lang='lat' dir='ltr'><strong>se</strong></span> 
     </span>
    </p>
   </div>
   <div class='ocr_carea' id='block_1_76' title="bbox 470 4357 2048 4427">
    <p class='ocr_par' dir='ltr' id='par_1_76' title="bbox 470 4357 2048 4427">
     <span class='ocr_line' id='line_1_76' title="bbox 470 4357 2048 4427; baseline 0.002 -17"><span class='ocrx_word' id='word_1_576' title='bbox 470 4360 561 4412; x_wconf 89' lang='lat' dir='ltr'><strong>illo</strong></span> <span class='ocrx_word' id='word_1_577' title='bbox 590 4360 728 4411; x_wconf 88' lang='lat' dir='ltr'><strong>bono</strong></span> <span class='ocrx_word' id='word_1_578' title='bbox 759 4357 981 4427; x_wconf 84' lang='lat' dir='ltr'><strong>privari,</strong></span> <span class='ocrx_word' id='word_1_579' title='bbox 1015 4358 1156 4426; x_wconf 89' lang='lat' dir='ltr'><strong>quod</strong></span> <span class='ocrx_word' id='word_1_580' title='bbox 1188 4374 1352 4410; x_wconf 89' lang='lat' dir='ltr'><strong>unum</strong></span> <span class='ocrx_word' id='word_1_581' title='bbox 1401 4372 1466 4410; x_wconf 82' lang='lat' dir='ltr'><strong>ac</strong></span> <span class='ocrx_word' id='word_1_582' title='bbox 1500 4357 1672 4410; x_wconf 87' lang='lat' dir='ltr'><strong>solum</strong></span> <span class='ocrx_word' id='word_1_583' title='bbox 1714 4359 1912 4412; x_wconf 85' lang='lat' dir='ltr'><strong>bonum</strong></span> <span class='ocrx_word' id='word_1_584' title='bbox 1947 4368 2048 4414; x_wconf 83' lang='lat' dir='ltr'><strong>est.</strong></span> 
     </span>
    </p>
   </div>
   <div class='ocr_carea' id='block_1_77' title="bbox 469 4449 2052 4517">
    <p class='ocr_par' dir='ltr' id='par_1_77' title="bbox 469 4449 2052 4517">
     <span class='ocr_line' id='line_1_77' title="bbox 469 4449 2052 4517; baseline 0.001 -15"><span class='ocrx_word' id='word_1_585' title='bbox 469 4450 741 4516; x_wconf 88' lang='lat' dir='ltr'><strong>Quantum</strong></span> <span class='ocrx_word' id='word_1_586' title='bbox 789 4450 931 4503; x_wconf 91' lang='lat' dir='ltr'><strong>enim</strong></span> <span class='ocrx_word' id='word_1_587' title='bbox 977 4449 1050 4502; x_wconf 86' lang='lat' dir='ltr'><strong>sit</strong></span> <span class='ocrx_word' id='word_1_588' title='bbox 1082 4449 1355 4514; x_wconf 89' lang='lat' dir='ltr'><strong>damnum,</strong></span> <span class='ocrx_word' id='word_1_589' title='bbox 1396 4449 1540 4517; x_wconf 89' lang='lat' dir='ltr'><strong>quod</strong></span> <span class='ocrx_word' id='word_1_590' title='bbox 1581 4450 1703 4503; x_wconf 90' lang='lat' dir='ltr'><strong>inde</strong></span> <span class='ocrx_word' id='word_1_591' title='bbox 1735 4452 1930 4514; x_wconf 86' lang='lat' dir='ltr'><strong>oritur,</strong></span> <span class='ocrx_word' id='word_1_592' title='bbox 1961 4460 2052 4504; x_wconf 92' lang='lat' dir='ltr'><strong>ant</strong></span> 
     </span>
    </p>
   </div>
   <div class='ocr_carea' id='block_1_78' title="bbox 470 4541 2052 4611">
    <p class='ocr_par' dir='ltr' id='par_1_78' title="bbox 470 4541 2052 4611">
     <span class='ocr_line' id='line_1_78' title="bbox 470 4541 2052 4611; baseline -0.001 -17"><span class='ocrx_word' id='word_1_593' title='bbox 470 4541 649 4611; x_wconf 84' lang='lat' dir='ltr'><strong>potius</strong></span> <span class='ocrx_word' id='word_1_594' title='bbox 680 4541 989 4595; x_wconf 86' lang='lat' dir='ltr'><strong>omnitnoda</strong></span> <span class='ocrx_word' id='word_1_595' title='bbox 1035 4541 1287 4610; x_wconf 89' lang='lat' dir='ltr'><strong>perditio,</strong></span> <span class='ocrx_word' id='word_1_596' title='bbox 1323 4555 1480 4595; x_wconf 88' lang='lat' dir='ltr'><strong>nemo</strong></span> <span class='ocrx_word' id='word_1_597' title='bbox 1526 4541 1713 4594; x_wconf 83' lang='lat' dir='ltr'><strong>verbis</strong></span> <span class='ocrx_word' id='word_1_598' title='bbox 1745 4541 2052 4609; x_wconf 79' lang='lat' dir='ltr'><strong>exprimere</strong></span> 
     </span>
    </p>
   </div>
   <div class='ocr_carea' id='block_1_79' title="bbox 473 4631 2054 4700">
    <p class='ocr_par' dir='ltr' id='par_1_79' title="bbox 473 4631 2054 4700">
     <span class='ocr_line' id='line_1_79' title="bbox 473 4631 2054 4700; baseline 0.001 -17"><span class='ocrx_word' id='word_1_599' title='bbox 473 4641 684 4700; x_wconf 81' lang='lat' dir='ltr'><strong>potest,</strong></span> <span class='ocrx_word' id='word_1_600' title='bbox 739 4632 840 4686; x_wconf 89' lang='lat' dir='ltr'><strong>etsi</strong></span> <span class='ocrx_word' id='word_1_601' title='bbox 880 4631 1030 4686; x_wconf 90' lang='lat' dir='ltr'><strong>omni</strong></span> <span class='ocrx_word' id='word_1_602' title='bbox 1083 4632 1279 4685; x_wconf 85' lang='lat' dir='ltr'><strong>mentis</strong></span> <span class='ocrx_word' id='word_1_603' title='bbox 1306 4641 1504 4685; x_wconf 89' lang='lat' dir='ltr'><strong>conatu</strong></span> <span class='ocrx_word' id='word_1_604' title='bbox 1547 4640 1730 4684; x_wconf 88' lang='lat' dir='ltr'><strong>utatur</strong></span> <span class='ocrx_word' id='word_1_605' title='bbox 1796 4647 1860 4684; x_wconf 91' lang='lat' dir='ltr'><strong>ac</strong></span> <span class='ocrx_word' id='word_1_606' title='bbox 1901 4633 2054 4684; x_wconf 72' lang='lat' dir='ltr'><strong>velte-</strong></span> 
     </span>
    </p>
   </div>
   <div class='ocr_carea' id='block_1_80' title="bbox 474 4722 2053 4793">
    <p class='ocr_par' dir='ltr' id='par_1_80' title="bbox 474 4722 2053 4793">
     <span class='ocr_line' id='line_1_80' title="bbox 474 4722 2053 4793; baseline -0.003 -15"><span class='ocrx_word' id='word_1_607' title='bbox 474 4725 697 4779; x_wconf 81' lang='lat' dir='ltr'><strong>ntentia.</strong></span> <span class='ocrx_word' id='word_1_608' title='bbox 745 4725 819 4777; x_wconf 92' lang='lat' dir='ltr'><strong>De</strong></span> <span class='ocrx_word' id='word_1_609' title='bbox 845 4725 928 4778; x_wconf 87' lang='lat' dir='ltr'><strong>his</strong></span> <span class='ocrx_word' id='word_1_610' title='bbox 969 4740 1132 4793; x_wconf 90' lang='lat' dir='ltr'><strong>porro</strong></span> <span class='ocrx_word' id='word_1_611' title='bbox 1163 4725 1328 4777; x_wconf 89' lang='lat' dir='ltr'><strong>etiam</strong></span> <span class='ocrx_word' id='word_1_612' title='bbox 1373 4724 1452 4778; x_wconf 92' lang='lat' dir='ltr'><strong>sic</strong></span> <span class='ocrx_word' id='word_1_613' title='bbox 1486 4724 1784 4792; x_wconf 90' lang='lat' dir='ltr'><strong>loquuntur</strong></span> <span class='ocrx_word' id='word_1_614' title='bbox 1809 4722 2053 4790; x_wconf 81' lang='lat' dir='ltr'><strong>Scriptu-</strong></span> 
     </span>
    </p>
   </div>
   <div class='ocr_carea' id='block_1_81' title="bbox 475 4813 2051 4884">
    <p class='ocr_par' dir='ltr' id='par_1_81' title="bbox 475 4813 2051 4884">
     <span class='ocr_line' id='line_1_81' title="bbox 475 4813 2051 4884; baseline -0.001 -15"><span class='ocrx_word' id='word_1_615' title='bbox 475 4830 570 4874; x_wconf 68' lang='grc' dir='ltr'>τω.</span> <span class='ocrx_word' id='word_1_616' title='bbox 607 4817 746 4870; x_wconf 90' lang='lat' dir='ltr'><strong>Deus</strong></span> <span class='ocrx_word' id='word_1_617' title='bbox 780 4817 1000 4884; x_wconf 88' lang='lat' dir='ltr'><strong>quidem</strong></span> <span class='ocrx_word' id='word_1_618' title='bbox 1039 4816 1090 4870; x_wconf 91' lang='lat' dir='ltr'><strong>in</strong></span> <span class='ocrx_word' id='word_1_619' title='bbox 1117 4816 1313 4871; x_wconf 83' lang='lat' dir='ltr'><strong>Genesi</strong></span> <span class='ocrx_word' id='word_1_620' title='bbox 1343 4817 1456 4870; x_wconf 90' lang='lat' dir='ltr'><strong>ait:</strong></span> <span class='ocrx_word' id='word_1_621' title='bbox 1493 4835 1511 4866; x_wconf 78' lang='grc' dir='ltr'><strong>ι</strong></span> <span class='ocrx_word' id='word_1_622' title='bbox 1542 4813 1893 4884; x_wconf 70' lang='lat' dir='ltr'><strong>Nequaquam</strong></span> <span class='ocrx_word' id='word_1_623' title='bbox 1937 4813 2051 4883; x_wconf 73' lang='lat'><strong>(52)</strong></span> 
     </span>
    </p>
   </div>
   <div class='ocr_carea' id='block_1_82' title="bbox 547 5012 1413 5083">
    <p class='ocr_par' dir='ltr' id='par_1_82' title="bbox 547 5012 1413 5083">
     <span class='ocr_line' id='line_1_82' title="bbox 547 5012 1413 5083; baseline -0.005 -14"><span class='ocrx_word' id='word_1_624' title='bbox 547 5014 656 5083; x_wconf 74' lang='grc'><strong>(45)</strong></span> <span class='ocrx_word' id='word_1_625' title='bbox 700 5012 820 5066; x_wconf 88' lang='lat' dir='ltr'><strong>Non</strong></span> <span class='ocrx_word' id='word_1_626' title='bbox 841 5015 985 5067; x_wconf 77' lang='lat' dir='ltr'><strong>estis.</strong></span> <span class='ocrx_word' id='word_1_627' title='bbox 1016 5013 1173 5067; x_wconf 80' lang='lat' dir='ltr'><strong>Rom.</strong></span> <span class='ocrx_word' id='word_1_628' title='bbox 1209 5029 1327 5078; x_wconf 84' lang='lat' dir='ltr'><strong>vm,</strong></span> <span class='ocrx_word' id='word_1_629' title='bbox 1358 5015 1413 5083; x_wconf 86' lang='lat'><strong>9.</strong></span> 
     </span>
    </p>
   </div>
   <div class='ocr_carea' id='block_1_83' title="bbox 549 5079 2048 5156">
    <p class='ocr_par' dir='ltr' id='par_1_83' title="bbox 549 5079 2048 5156">
     <span class='ocr_line' id='line_1_83' title="bbox 549 5079 2048 5156; baseline -0.004 -18"><span class='ocrx_word' id='word_1_630' title='bbox 549 5079 659 5156; x_wconf 85' lang='grc'><strong>(44)</strong></span> <span class='ocrx_word' id='word_1_631' title='bbox 707 5083 940 5156; x_wconf 70' lang='lat' dir='ltr'><strong>Fratres.</strong></span> <span class='ocrx_word' id='word_1_632' title='bbox 976 5083 1149 5138; x_wconf 87' lang='lat' dir='ltr'><strong>Galat.</strong></span> <span class='ocrx_word' id='word_1_633' title='bbox 1177 5101 1249 5156; x_wconf 58' lang='grc' dir='ltr'>ν),</span> <span class='ocrx_word' id='word_1_634' title='bbox 1283 5091 1332 5137; x_wconf 86' lang='grc'><strong>1.</strong></span> <span class='ocrx_word' id='word_1_635' title='bbox 1369 5082 1543 5156; x_wconf 75' lang='lat' dir='ltr'><strong>Voces</strong></span> <span class='ocrx_word' id='word_1_636' title='bbox 1571 5081 1632 5146; x_wconf 77' lang='grc' dir='ltr'>ἐξ</span> <span class='ocrx_word' id='word_1_637' title='bbox 1657 5080 1834 5152; x_wconf 86' lang='grc' dir='ltr'>ὑμῶν,</span> <span class='ocrx_word' id='word_1_638' title='bbox 1864 5079 1916 5133; x_wconf 93' lang='lat' dir='ltr'><strong>id</strong></span> <span class='ocrx_word' id='word_1_639' title='bbox 1945 5086 2048 5146; x_wconf 81' lang='lat' dir='ltr'><strong>est,</strong></span> 
     </span>
    </p>
   </div>
   <div class='ocr_carea' id='block_1_84' title="bbox 483 5154 1649 5214">
    <p class='ocr_par' dir='ltr' id='par_1_84' title="bbox 483 5154 1649 5214">
     <span class='ocr_line' id='line_1_84' title="bbox 483 5154 1649 5214; baseline -0.002 -6"><span class='ocrx_word' id='word_1_640' title='bbox 483 5173 503 5208; x_wconf 76' lang='grc' dir='ltr'><strong>ι</strong></span> <span class='ocrx_word' id='word_1_641' title='bbox 540 5154 604 5210; x_wconf 81' lang='lat' dir='ltr'><strong>ex</strong></span> <span class='ocrx_word' id='word_1_642' title='bbox 629 5158 802 5214; x_wconf 81' lang='lat' dir='ltr'><strong>vobis,</strong></span> <span class='ocrx_word' id='word_1_643' title='bbox 833 5171 850 5204; x_wconf 72' lang='grc' dir='ltr'><strong>ι</strong></span> <span class='ocrx_word' id='word_1_644' title='bbox 881 5155 1072 5206; x_wconf 90' lang='lat' dir='ltr'><strong>desunt</strong></span> <span class='ocrx_word' id='word_1_645' title='bbox 1099 5156 1151 5206; x_wconf 89' lang='lat' dir='ltr'><strong>in</strong></span> <span class='ocrx_word' id='word_1_646' title='bbox 1180 5154 1366 5209; x_wconf 59' lang='grc' dir='ltr'>(ἔναιρε</span> <span class='ocrx_word' id='word_1_647' title='bbox 1397 5154 1649 5206; x_wconf 89' lang='lat' dir='ltr'><strong>editione.</strong></span> 
     </span>
    </p>
   </div>
   <div class='ocr_carea' id='block_1_85' title="bbox 549 5221 1778 5296">
    <p class='ocr_par' dir='ltr' id='par_1_85' title="bbox 549 5221 1778 5296">
     <span class='ocr_line' id='line_1_85' title="bbox 549 5221 1778 5296; baseline -0.002 -19"><span class='ocrx_word' id='word_1_648' title='bbox 549 5225 661 5296; x_wconf 86' lang='grc'><strong>(45)</strong></span> <span class='ocrx_word' id='word_1_649' title='bbox 689 5224 936 5296; x_wconf 64' lang='lat' dir='ltr'><strong>Spiritus.</strong></span> <span class='ocrx_word' id='word_1_650' title='bbox 972 5224 1180 5296; x_wconf 12' lang='lat' dir='ltr'><strong>Da_n.iv,</strong></span> <span class='ocrx_word' id='word_1_651' title='bbox 1210 5224 1277 5296; x_wconf 52' lang='lat'><strong>[5</strong></span> <span class='ocrx_word' id='word_1_652' title='bbox 1305 5232 1420 5296; x_wconf 88' lang='lat' dir='ltr'><strong>(seu</strong></span> <span class='ocrx_word' id='word_1_653' title='bbox 1467 5224 1550 5280; x_wconf 72' lang='lat'><strong>19.)</strong></span> <span class='ocrx_word' id='word_1_654' title='bbox 1578 5238 1700 5296; x_wconf 57' lang='lat' dir='ltr'><strong>;_§&#39;t,</strong></span> <span class='ocrx_word' id='word_1_655' title='bbox 1726 5221 1778 5275; x_wconf 79' lang='lat'><strong>5.</strong></span> 
     </span>
    </p>
   </div>
   <div class='ocr_carea' id='block_1_86' title="bbox 550 5292 1676 5364">
    <p class='ocr_par' dir='ltr' id='par_1_86' title="bbox 550 5292 1676 5364">
     <span class='ocr_line' id='line_1_86' title="bbox 550 5292 1676 5364; baseline -0.002 -15"><span class='ocrx_word' id='word_1_656' title='bbox 550 5292 662 5364; x_wconf 79' lang='grc'><strong>(46)</strong></span> <span class='ocrx_word' id='word_1_657' title='bbox 704 5293 992 5364; x_wconf 73' lang='lat' dir='ltr'><strong>Animulas.</strong></span> <span class='ocrx_word' id='word_1_658' title='bbox 1015 5293 1199 5364; x_wconf 17' lang='lat' dir='ltr'><strong>iEpist.</strong></span> <span class='ocrx_word' id='word_1_659' title='bbox 1233 5292 1559 5364; x_wconf 66' lang='lat' dir='ltr'><strong>Judzevers.</strong></span> <span class='ocrx_word' id='word_1_660' title='bbox 1590 5293 1676 5364; x_wconf 54' lang='lat'><strong>19.</strong></span> 
     </span>
    </p>
   </div>
   <div class='ocr_carea' id='block_1_87' title="bbox 549 5358 2050 5488">
    <p class='ocr_par' dir='ltr' id='par_1_87' title="bbox 549 5358 2050 5488">
     <span class='ocr_line' id='line_1_87' title="bbox 549 5358 2050 5488; baseline -0.005 -69"><span class='ocrx_word' id='word_1_661' title='bbox 549 5358 978 5488; x_wconf 61' lang='lat' dir='ltr'><strong>(675)311nimalis.</strong></span> <span class='ocrx_word' id='word_1_662' title='bbox 1013 5358 1186 5418; x_wconf 79' lang='lat' dir='ltr'><strong>lCor.</strong></span> <span class='ocrx_word' id='word_1_663' title='bbox 1231 5380 1290 5428; x_wconf 90' lang='lat' dir='ltr'><strong>Il,</strong></span> <span class='ocrx_word' id='word_1_664' title='bbox 1347 5362 1414 5414; x_wconf 73' lang='lat' dir='ltr'>H</span> <span class='ocrx_word' id='word_1_665' title='bbox 1447 5401 1462 5428; x_wconf 86' lang='lat'><strong>,</strong></span> <span class='ocrx_word' id='word_1_666' title='bbox 1499 5363 1584 5415; x_wconf 85' lang='grc'><strong>15.</strong></span> <span class='ocrx_word' id='word_1_667' title='bbox 1652 5361 1783 5416; x_wconf 83' lang='lat' dir='ltr'><strong>Vide</strong></span> <span class='ocrx_word' id='word_1_668' title='bbox 1823 5369 1938 5416; x_wconf 89' lang='lat' dir='ltr'><strong>not.</strong></span> <span class='ocrx_word' id='word_1_669' title='bbox 1994 5358 2050 5425; x_wconf 74' lang='grc'><strong>1,</strong></span> 
     </span>
     <span class='ocr_line' id='line_1_88' title="bbox 550 5452 717 5488; baseline -0.012 0"><span class='ocrx_word' id='word_1_670' title='bbox 550 5452 599 5488; x_wconf 78' lang='grc' dir='ltr'><strong>ιι.</strong></span> <span class='ocrx_word' id='word_1_671' title='bbox 702 5473 717 5486; x_wconf 93' lang='grc'><strong>.</strong></span> 
     </span>
    </p>
   </div>
   <div class='ocr_carea' id='block_1_88' title="bbox 517 5435 717 5490">
    <p class='ocr_par' dir='ltr' id='par_1_88' title="bbox 517 5435 717 5490">
     <span class='ocr_line' id='line_1_89' title="bbox 517 5435 717 5490; baseline -0.015 0"><span class='ocrx_word' id='word_1_672' title='bbox 517 5435 599 5490; x_wconf 69' lang='lat' dir='ltr'><strong>ait.</strong></span> <span class='ocrx_word' id='word_1_673' title='bbox 622 5435 717 5488; x_wconf 78' lang='lat'><strong>55.</strong></span> 
     </span>
    </p>
   </div>
   <div class='ocr_carea' id='block_1_89' title="bbox 477 5451 2049 5572">
    <p class='ocr_par' dir='ltr' id='par_1_89' title="bbox 477 5451 2049 5572">
     <span class='ocr_line' id='line_1_90' title="bbox 477 5451 2049 5572; baseline -0.008 -10"><span class='ocrx_word' id='word_1_674' title='bbox 477 5451 908 5572; x_wconf 51' lang='grc' dir='ltr'><strong>μδὲἰῠὸηιηεε.</strong></span> <span class='ocrx_word' id='word_1_675' title='bbox 951 5501 1136 5556; x_wconf 66' lang='lat' dir='ltr'><strong>Graeca</strong></span> <span class='ocrx_word' id='word_1_676' title='bbox 1163 5501 1327 5556; x_wconf 86' lang='lat' dir='ltr'><strong>editio</strong></span> <span class='ocrx_word' id='word_1_677' title='bbox 1367 5512 1422 5556; x_wconf 92' lang='lat' dir='ltr'><strong>et</strong></span> <span class='ocrx_word' id='word_1_678' title='bbox 1447 5498 1605 5569; x_wconf 81' lang='lat' dir='ltr'><strong>Vulg.</strong></span> <span class='ocrx_word' id='word_1_679' title='bbox 1635 5501 1904 5568; x_wconf 87' lang='lat' dir='ltr'><strong>interpres</strong></span> <span class='ocrx_word' id='word_1_680' title='bbox 1949 5496 2049 5551; x_wconf 82' lang='lat' dir='ltr'><strong>lia-</strong></span> 
     </span>
    </p>
   </div>
   <div class='ocr_carea' id='block_1_90' title="bbox 476 5573 1363 5638">
    <p class='ocr_par' dir='ltr' id='par_1_90' title="bbox 476 5573 1363 5638">
     <span class='ocr_line' id='line_1_91' title="bbox 476 5573 1363 5638; baseline -0.009 -6"><span class='ocrx_word' id='word_1_681' title='bbox 476 5573 608 5632; x_wconf 68' lang='lat' dir='ltr'><strong>bent</strong></span> <span class='ocrx_word' id='word_1_682' title='bbox 631 5575 830 5638; x_wconf 85' lang='grc' dir='ltr'>πάντα,</span> <span class='ocrx_word' id='word_1_683' title='bbox 861 5573 912 5626; x_wconf 87' lang='lat' dir='ltr'><strong>id</strong></span> <span class='ocrx_word' id='word_1_684' title='bbox 940 5584 1020 5624; x_wconf 87' lang='lat' dir='ltr'><strong>est</strong></span> <span class='ocrx_word' id='word_1_685' title='bbox 1049 5590 1066 5622; x_wconf 79' lang='grc' dir='ltr'><strong>ι</strong></span> <span class='ocrx_word' id='word_1_686' title='bbox 1106 5573 1306 5624; x_wconf 88' lang='lat' dir='ltr'><strong>omnia.</strong></span> <span class='ocrx_word' id='word_1_687' title='bbox 1341 5591 1363 5625; x_wconf 65' lang='grc' dir='ltr'><strong>ι</strong></span> 
     </span>
    </p>
   </div>
   <div class='ocr_carea' id='block_1_91' title="bbox 549 5636 1893 5724">
    <p class='ocr_par' dir='ltr' id='par_1_91' title="bbox 549 5636 1893 5724">
     <span class='ocr_line' id='line_1_92' title="bbox 549 5636 1893 5724; baseline -0.004 -27"><span class='ocrx_word' id='word_1_688' title='bbox 549 5645 660 5724; x_wconf 52' lang='lat' dir='ltr'><strong>(fg)</strong></span> <span class='ocrx_word' id='word_1_689' title='bbox 703 5636 907 5724; x_wconf 62' lang='lat' dir='ltr'><strong>Siqua.</strong></span> <span class='ocrx_word' id='word_1_690' title='bbox 941 5641 1172 5724; x_wconf 75' lang='lat' dir='ltr'><strong>Philipp.</strong></span> <span class='ocrx_word' id='word_1_691' title='bbox 1206 5641 1350 5724; x_wconf 78' lang='grc'><strong>11,</strong></span> <span class='ocrx_word' id='word_1_692' title='bbox 1386 5640 1520 5724; x_wconf 78' lang='lat' dir='ltr'><strong>_Vide</strong></span> <span class='ocrx_word' id='word_1_693' title='bbox 1536 5652 1725 5724; x_wconf 40' lang='grc' dir='ltr'>εεςηικ</span> <span class='ocrx_word' id='word_1_694' title='bbox 1743 5636 1810 5692; x_wconf 88' lang='grc'><strong>78</strong></span> 
     </span>
    </p>
   </div>
   <div class='ocr_carea' id='block_1_92' title="bbox 549 5707 2055 5836">
    <p class='ocr_par' dir='ltr' id='par_1_92' title="bbox 549 5707 2055 5836">
     <span class='ocr_line' id='line_1_93' title="bbox 549 5707 2055 5836; baseline -0.003 -70"><span class='ocrx_word' id='word_1_695' title='bbox 549 5707 662 5836; x_wconf 55' lang='grc' dir='ltr'><strong>φο)</strong></span> <span class='ocrx_word' id='word_1_696' title='bbox 701 5713 766 5766; x_wconf 85' lang='lat' dir='ltr'><strong>In</strong></span> <span class='ocrx_word' id='word_1_697' title='bbox 792 5707 1259 5779; x_wconf 68' lang='lat' dir='ltr'><strong>intemperantiam.</strong></span> <span class='ocrx_word' id='word_1_698' title='bbox 1289 5712 1490 5781; x_wconf 78' lang='lat' dir='ltr'><strong>Codex,</strong></span> <span class='ocrx_word' id='word_1_699' title='bbox 1523 5707 1818 5780; x_wconf 81' lang='grc' dir='ltr'>ἀκρασίαν.</span> <span class='ocrx_word' id='word_1_700' title='bbox 1843 5708 2055 5764; x_wconf 82' lang='lat' dir='ltr'><strong>Fortas-</strong></span> 
     </span>
     <span class='ocr_line' id='line_1_94' title="bbox 586 5780 1345 5836; baseline -0.001 0"><span class='ocrx_word' id='word_1_701' title='bbox 586 5788 845 5836; x_wconf 75' lang='lat' dir='ltr'><strong>etrendum</strong></span> <span class='ocrx_word' id='word_1_702' title='bbox 877 5781 1011 5836; x_wconf 74' lang='grc' dir='ltr'>πρὸς</span> <span class='ocrx_word' id='word_1_703' title='bbox 1058 5780 1345 5836; x_wconf 80' lang='grc' dir='ltr'>ἀκρασίαν.</span> 
     </span>
    </p>
   </div>
   <div class='ocr_carea' id='block_1_93' title="bbox 483 5780 1345 5853">
    <p class='ocr_par' dir='ltr' id='par_1_93' title="bbox 483 5780 1345 5853">
     <span class='ocr_line' id='line_1_95' title="bbox 483 5780 1345 5853; baseline -0.002 -16"><span class='ocrx_word' id='word_1_704' title='bbox 483 5795 541 5837; x_wconf 72' lang='lat' dir='ltr'><strong>te</strong></span> <span class='ocrx_word' id='word_1_705' title='bbox 563 5780 845 5853; x_wconf 75' lang='lat' dir='ltr'><strong>legendum</strong></span> <span class='ocrx_word' id='word_1_706' title='bbox 877 5781 1011 5851; x_wconf 80' lang='grc' dir='ltr'>πρὸς</span> <span class='ocrx_word' id='word_1_707' title='bbox 1058 5780 1345 5852; x_wconf 81' lang='grc' dir='ltr'>ἀκρασίαν.</span> 
     </span>
    </p>
   </div>
   <div class='ocr_carea' id='block_1_94' title="bbox 2152 3344 3731 3417">
    <p class='ocr_par' dir='ltr' id='par_1_94' title="bbox 2152 3344 3731 3417">
     <span class='ocr_line' id='line_1_96' title="bbox 2152 3344 3731 3417; baseline -0.002 -17"><span class='ocrx_word' id='word_1_708' title='bbox 2152 3349 2268 3410; x_wconf 87' lang='grc' dir='ltr'>κοῖς</span> <span class='ocrx_word' id='word_1_709' title='bbox 2304 3347 2634 3399; x_wconf 76' lang='grc' dir='ltr'>καθεστᾶσιν</span> <span class='ocrx_word' id='word_1_710' title='bbox 2699 3346 2786 3409; x_wconf 85' lang='grc' dir='ltr'><strong>Ὦς</strong></span> <span class='ocrx_word' id='word_1_711' title='bbox 2812 3344 2921 3416; x_wconf 82' lang='grc' dir='ltr'>γὰρ</span> <span class='ocrx_word' id='word_1_712' title='bbox 2952 3346 3056 3398; x_wconf 84' lang='grc' dir='ltr'><strong>ὑπό</strong></span> <span class='ocrx_word' id='word_1_713' title='bbox 3084 3363 3227 3409; x_wconf 89' lang='grc' dir='ltr'>τινος</span> <span class='ocrx_word' id='word_1_714' title='bbox 3259 3346 3445 3417; x_wconf 84' lang='grc' dir='ltr'>λήμης</span> <span class='ocrx_word' id='word_1_715' title='bbox 3477 3347 3538 3400; x_wconf 81' lang='grc' dir='ltr'>τὺ</span> <span class='ocrx_word' id='word_1_716' title='bbox 3561 3347 3731 3416; x_wconf 88' lang='grc' dir='ltr'>διορα-</span> 
     </span>
    </p>
   </div>
   <div class='ocr_carea' id='block_1_95' title="bbox 2149 3437 3731 3509">
    <p class='ocr_par' dir='ltr' id='par_1_95' title="bbox 2149 3437 3731 3509">
     <span class='ocr_line' id='line_1_97' title="bbox 2149 3437 3731 3509; baseline -0.001 -17"><span class='ocrx_word' id='word_1_717' title='bbox 2149 3438 2299 3492; x_wconf 81' lang='grc' dir='ltr'>τικὸν</span> <span class='ocrx_word' id='word_1_718' title='bbox 2338 3439 2437 3508; x_wconf 80' lang='grc' dir='ltr'><strong>τῆς</strong></span> <span class='ocrx_word' id='word_1_719' title='bbox 2472 3438 2649 3507; x_wconf 79' lang='grc' dir='ltr'>ψυχῆς</span> <span class='ocrx_word' id='word_1_720' title='bbox 2683 3437 2850 3507; x_wconf 77' lang='grc' dir='ltr'>ἄμφω</span> <span class='ocrx_word' id='word_1_721' title='bbox 2885 3439 3328 3509; x_wconf 84' lang='grc' dir='ltr'>ἐπισκεπόμενοι,</span> <span class='ocrx_word' id='word_1_722' title='bbox 3385 3440 3451 3492; x_wconf 84' lang='grc' dir='ltr'>οὑ</span> <span class='ocrx_word' id='word_1_723' title='bbox 3491 3439 3731 3493; x_wconf 78' lang='grc' dir='ltr'>δύνανται</span> 
     </span>
    </p>
   </div>
   <div class='ocr_carea' id='block_1_96' title="bbox 2152 3531 3734 3600">
    <p class='ocr_par' dir='ltr' id='par_1_96' title="bbox 2152 3531 3734 3600">
     <span class='ocr_line' id='line_1_98' title="bbox 2152 3531 3734 3600; baseline -0.002 -16"><span class='ocrx_word' id='word_1_724' title='bbox 2152 3531 2606 3600; x_wconf 81' lang='grc' dir='ltr'>καταλάμπεσθαι</span> <span class='ocrx_word' id='word_1_725' title='bbox 2637 3531 2740 3584; x_wconf 83' lang='grc' dir='ltr'><strong>ὑπὸ</strong></span> <span class='ocrx_word' id='word_1_726' title='bbox 2783 3531 2878 3584; x_wconf 88' lang='grc' dir='ltr'><strong>τοῦ</strong></span> <span class='ocrx_word' id='word_1_727' title='bbox 2913 3532 3142 3595; x_wconf 82' lang='grc' dir='ltr'>ἀειζώου</span> <span class='ocrx_word' id='word_1_728' title='bbox 3183 3531 3276 3584; x_wconf 83' lang='grc' dir='ltr'><strong>καὶ</strong></span> <span class='ocrx_word' id='word_1_729' title='bbox 3320 3532 3524 3585; x_wconf 84' lang='grc' dir='ltr'>ἀπόνου</span> <span class='ocrx_word' id='word_1_730' title='bbox 3570 3531 3734 3600; x_wconf 82' lang='grc' dir='ltr'>φωτὸς</span> 
     </span>
    </p>
   </div>
   <div class='ocr_carea' id='block_1_97' title="bbox 2151 3622 3729 3692">
    <p class='ocr_par' dir='ltr' id='par_1_97' title="bbox 2151 3622 3729 3692">
     <span class='ocr_line' id='line_1_99' title="bbox 2151 3622 3729 3692; baseline -0.001 -17"><span class='ocrx_word' id='word_1_731' title='bbox 2151 3622 2244 3675; x_wconf 93' lang='grc' dir='ltr'><strong>τοῦ</strong></span> <span class='ocrx_word' id='word_1_732' title='bbox 2277 3622 2430 3690; x_wconf 75' lang='grc' dir='ltr'>ἁγίου</span> <span class='ocrx_word' id='word_1_733' title='bbox 2486 3622 2837 3692; x_wconf 72' lang='grc' dir='ltr'>Πνεῦματοςο</span> <span class='ocrx_word' id='word_1_734' title='bbox 2882 3623 2997 3676; x_wconf 83' lang='grc' dir='ltr'>ἀλλ’</span> <span class='ocrx_word' id='word_1_735' title='bbox 3028 3625 3086 3675; x_wconf 85' lang='grc' dir='ltr'><strong>ἐν</strong></span> <span class='ocrx_word' id='word_1_736' title='bbox 3126 3623 3440 3676; x_wconf 78' lang='grc' dir='ltr'>ἀποπτὼσει</span> <span class='ocrx_word' id='word_1_737' title='bbox 3479 3625 3729 3692; x_wconf 88' lang='grc' dir='ltr'>γίνονται,</span> 
     </span>
    </p>
   </div>
   <div class='ocr_carea' id='block_1_98' title="bbox 2152 3713 3734 3788">
    <p class='ocr_par' dir='ltr' id='par_1_98' title="bbox 2152 3713 3734 3788">
     <span class='ocr_line' id='line_1_100' title="bbox 2152 3713 3734 3788; baseline 0.001 -22"><span class='ocrx_word' id='word_1_738' title='bbox 2152 3713 2246 3766; x_wconf 77' lang='grc' dir='ltr'>καὶ</span> <span class='ocrx_word' id='word_1_739' title='bbox 2269 3714 2566 3784; x_wconf 83' lang='grc' dir='ltr'>ἐσπὰμπαν</span> <span class='ocrx_word' id='word_1_740' title='bbox 2596 3715 2944 3778; x_wconf 85' lang='grc' dir='ltr'>ἀπόλλυνται,</span> <span class='ocrx_word' id='word_1_741' title='bbox 2984 3715 3060 3779; x_wconf 84' lang='grc' dir='ltr'>ὡς</span> <span class='ocrx_word' id='word_1_742' title='bbox 3096 3715 3266 3786; x_wconf 83' lang='grc' dir='ltr'>μύρον</span> <span class='ocrx_word' id='word_1_743' title='bbox 3314 3715 3562 3788; x_wconf 76' lang='grc' dir='ltr'>βορϐόρῳ</span> <span class='ocrx_word' id='word_1_744' title='bbox 3603 3733 3734 3784; x_wconf 83' lang='grc' dir='ltr'>συμ-</span> 
     </span>
    </p>
   </div>
   <div class='ocr_carea' id='block_1_99' title="bbox 2154 3804 3732 3877">
    <p class='ocr_par' dir='ltr' id='par_1_99' title="bbox 2154 3804 3732 3877">
     <span class='ocr_line' id='line_1_101' title="bbox 2154 3804 3732 3877; baseline 0.001 -21"><span class='ocrx_word' id='word_1_745' title='bbox 2154 3804 2359 3857; x_wconf 85' lang='grc' dir='ltr'>πλακέν</span> <span class='ocrx_word' id='word_1_746' title='bbox 2381 3820 2394 3833; x_wconf 81' lang='grc'>⁶</span> <span class='ocrx_word' id='word_1_747' title='bbox 2431 3805 2552 3857; x_wconf 68' lang='grc' dir='ltr'>οὐδὲ</span> <span class='ocrx_word' id='word_1_748' title='bbox 2581 3805 2852 3868; x_wconf 85' lang='grc' dir='ltr'>συνιέντες</span> <span class='ocrx_word' id='word_1_749' title='bbox 2881 3805 3040 3875; x_wconf 86' lang='grc' dir='ltr'>τάχα,</span> <span class='ocrx_word' id='word_1_750' title='bbox 3070 3805 3144 3869; x_wconf 79' lang='grc' dir='ltr'><strong>ὡς</strong></span> <span class='ocrx_word' id='word_1_751' title='bbox 3176 3807 3270 3858; x_wconf 89' lang='grc' dir='ltr'><strong>τοῦ</strong></span> <span class='ocrx_word' id='word_1_752' title='bbox 3300 3807 3417 3869; x_wconf 73' lang='grc' dir='ltr'>ἐνὸς</span> <span class='ocrx_word' id='word_1_753' title='bbox 3456 3807 3549 3860; x_wconf 86' lang='grc' dir='ltr'><strong>καὶ</strong></span> <span class='ocrx_word' id='word_1_754' title='bbox 3582 3806 3732 3877; x_wconf 87' lang='grc' dir='ltr'>μόνου</span> 
     </span>
    </p>
   </div>
   <div class='ocr_carea' id='block_1_100' title="bbox 2153 3895 3734 3969">
    <p class='ocr_par' dir='ltr' id='par_1_100' title="bbox 2153 3895 3734 3969">
     <span class='ocr_line' id='line_1_102' title="bbox 2153 3895 3734 3969; baseline 0.003 -22"><span class='ocrx_word' id='word_1_755' title='bbox 2153 3895 2473 3966; x_wconf 88' lang='grc' dir='ltr'>στεροῦνται</span> <span class='ocrx_word' id='word_1_756' title='bbox 2513 3895 2739 3964; x_wconf 83' lang='grc' dir='ltr'>ἀγαθοῦ.</span> <span class='ocrx_word' id='word_1_757' title='bbox 2778 3896 2988 3967; x_wconf 82' lang='grc' dir='ltr'>Πηλίκη</span> <span class='ocrx_word' id='word_1_758' title='bbox 3031 3897 3138 3966; x_wconf 79' lang='grc' dir='ltr'><strong>γὰρ</strong></span> <span class='ocrx_word' id='word_1_759' title='bbox 3175 3898 3207 3966; x_wconf 81' lang='grc' dir='ltr'>ἡ</span> <span class='ocrx_word' id='word_1_760' title='bbox 3259 3897 3512 3951; x_wconf 83' lang='grc' dir='ltr'>ἐντεῦθεν</span> <span class='ocrx_word' id='word_1_761' title='bbox 3552 3899 3734 3969; x_wconf 78' lang='grc' dir='ltr'>ζημία,</span> 
     </span>
    </p>
   </div>
   <div class='ocr_carea' id='block_1_101' title="bbox 2156 3987 3731 4063">
    <p class='ocr_par' dir='ltr' id='par_1_101' title="bbox 2156 3987 3731 4063">
     <span class='ocr_line' id='line_1_103' title="bbox 2156 3987 3731 4063; baseline 0.001 -22"><span class='ocrx_word' id='word_1_762' title='bbox 2156 3989 2355 4060; x_wconf 80' lang='grc' dir='ltr'>μᾶλλον</span> <span class='ocrx_word' id='word_1_763' title='bbox 2390 3988 2447 4041; x_wconf 80' lang='grc' dir='ltr'>δὲ</span> <span class='ocrx_word' id='word_1_764' title='bbox 2481 3987 2747 4058; x_wconf 75' lang='grc' dir='ltr'>παντελὴς</span> <span class='ocrx_word' id='word_1_765' title='bbox 2775 3989 3040 4055; x_wconf 84' lang='grc' dir='ltr'>ἀπώλεια,</span> <span class='ocrx_word' id='word_1_766' title='bbox 3069 3991 3245 4053; x_wconf 76' lang='grc' dir='ltr'>οὐδεὶς</span> <span class='ocrx_word' id='word_1_767' title='bbox 3275 3991 3418 4060; x_wconf 85' lang='grc' dir='ltr'>λόγῳ</span> <span class='ocrx_word' id='word_1_768' title='bbox 3456 3991 3731 4063; x_wconf 78' lang='grc' dir='ltr'>παραστῆ-</span> 
     </span>
    </p>
   </div>
   <div class='ocr_carea' id='block_1_102' title="bbox 2155 4080 3732 4156">
    <p class='ocr_par' dir='ltr' id='par_1_102' title="bbox 2155 4080 3732 4156">
     <span class='ocr_line' id='line_1_104' title="bbox 2155 4080 3732 4156; baseline 0.001 -22"><span class='ocrx_word' id='word_1_769' title='bbox 2155 4099 2244 4134; x_wconf 89' lang='grc' dir='ltr'><strong>σαι</strong></span> <span class='ocrx_word' id='word_1_770' title='bbox 2273 4080 2516 4142; x_wconf 81' lang='grc' dir='ltr'>δῦναται,</span> <span class='ocrx_word' id='word_1_771' title='bbox 2559 4080 2661 4132; x_wconf 77' lang='grc' dir='ltr'><strong>κᾶν</strong></span> <span class='ocrx_word' id='word_1_772' title='bbox 2695 4081 2842 4152; x_wconf 83' lang='grc' dir='ltr'>πάσῃ</span> <span class='ocrx_word' id='word_1_773' title='bbox 2869 4084 3137 4153; x_wconf 80' lang='grc' dir='ltr'>χρήσηται</span> <span class='ocrx_word' id='word_1_774' title='bbox 3167 4082 3405 4147; x_wconf 86' lang='grc' dir='ltr'>διανοίας</span> <span class='ocrx_word' id='word_1_775' title='bbox 3443 4083 3732 4156; x_wconf 78' lang='grc' dir='ltr'>ὑπερϐολῇ.</span> 
     </span>
    </p>
   </div>
   <div class='ocr_carea' id='block_1_103' title="bbox 2153 4173 3724 4248">
    <p class='ocr_par' dir='ltr' id='par_1_103' title="bbox 2153 4173 3724 4248">
     <span class='ocr_line' id='line_1_105' title="bbox 2153 4173 3724 4248; baseline 0.001 -22"><span class='ocrx_word' id='word_1_776' title='bbox 2153 4173 2466 4245; x_wconf 80' lang='grc' dir='ltr'>Διαγορεύει</span> <span class='ocrx_word' id='word_1_777' title='bbox 2491 4174 2547 4226; x_wconf 86' lang='grc' dir='ltr'><strong>δέ</strong></span> <span class='ocrx_word' id='word_1_778' title='bbox 2576 4175 2668 4226; x_wconf 79' lang='grc' dir='ltr'>καὶ</span> <span class='ocrx_word' id='word_1_779' title='bbox 2701 4175 2828 4246; x_wconf 81' lang='grc' dir='ltr'>περὶ</span> <span class='ocrx_word' id='word_1_780' title='bbox 2856 4177 3058 4228; x_wconf 74' lang='grc' dir='ltr'>τούτων</span> <span class='ocrx_word' id='word_1_781' title='bbox 3090 4177 3117 4228; x_wconf 93' lang='lat'><strong>6</strong></span> <span class='ocrx_word' id='word_1_782' title='bbox 3171 4177 3267 4244; x_wconf 83' lang='grc' dir='ltr'><strong>μὲν</strong></span> <span class='ocrx_word' id='word_1_783' title='bbox 3293 4176 3426 4240; x_wconf 88' lang='grc' dir='ltr'>Θεὸς</span> <span class='ocrx_word' id='word_1_784' title='bbox 3459 4180 3518 4230; x_wconf 87' lang='grc' dir='ltr'><strong>ἐν</strong></span> <span class='ocrx_word' id='word_1_785' title='bbox 3544 4180 3608 4248; x_wconf 86' lang='grc' dir='ltr'>τῇ</span> <span class='ocrx_word' id='word_1_786' title='bbox 3643 4176 3680 4228; x_wconf 86' lang='grc' dir='ltr'><strong>Γ</strong></span> <span class='ocrx_word' id='word_1_787' title='bbox 3683 4193 3724 4227; x_wconf 87' lang='grc' dir='ltr'>ε·</span> 
     </span>
    </p>
   </div>
   <div class='ocr_carea' id='block_1_104' title="bbox 2152 4265 3734 4338">
    <p class='ocr_par' dir='ltr' id='par_1_104' title="bbox 2152 4265 3734 4338">
     <span class='ocr_line' id='line_1_106' title="bbox 2152 4265 3734 4338; baseline 0 -20"><span class='ocrx_word' id='word_1_788' title='bbox 2152 4266 2295 4318; x_wconf 79' lang='grc' dir='ltr'>νέσει</span> <span class='ocrx_word' id='word_1_789' title='bbox 2343 4265 2567 4318; x_wconf 85' lang='grc' dir='ltr'>τοιῶσδε</span> <span class='ocrx_word' id='word_1_790' title='bbox 2594 4282 2606 4294; x_wconf 93' lang='grc'><strong>·</strong></span> <span class='ocrx_word' id='word_1_791' title='bbox 2641 4285 2659 4316; x_wconf 79' lang='grc' dir='ltr'><strong>ι</strong></span> <span class='ocrx_word' id='word_1_792' title='bbox 2697 4268 2772 4318; x_wconf 84' lang='grc' dir='ltr'><strong>Οὐ</strong></span> <span class='ocrx_word' id='word_1_793' title='bbox 2815 4267 2889 4337; x_wconf 82' lang='grc' dir='ltr'>μὴ</span> <span class='ocrx_word' id='word_1_794' title='bbox 2929 4266 3232 4338; x_wconf 84' lang='grc' dir='ltr'>καταμείνῃ</span> <span class='ocrx_word' id='word_1_795' title='bbox 3271 4267 3331 4319; x_wconf 83' lang='grc' dir='ltr'><strong>τὸ</strong></span> <span class='ocrx_word' id='word_1_796' title='bbox 3375 4268 3601 4338; x_wconf 85' lang='grc' dir='ltr'>Πνεῦμά</span> <span class='ocrx_word' id='word_1_797' title='bbox 3639 4284 3734 4338; x_wconf 91' lang='grc' dir='ltr'><strong>μου</strong></span> 
     </span>
    </p>
   </div>
   <div class='ocr_carea' id='block_1_105' title="bbox 2153 4356 3734 4427">
    <p class='ocr_par' dir='ltr' id='par_1_105' title="bbox 2153 4356 3734 4427">
     <span class='ocr_line' id='line_1_107' title="bbox 2153 4356 3734 4427; baseline 0.001 -17"><span class='ocrx_word' id='word_1_798' title='bbox 2153 4359 2210 4410; x_wconf 80' lang='grc' dir='ltr'><strong>ἐν</strong></span> <span class='ocrx_word' id='word_1_799' title='bbox 2233 4360 2344 4420; x_wconf 90' lang='grc' dir='ltr'>τοῖς</span> <span class='ocrx_word' id='word_1_800' title='bbox 2379 4357 2688 4427; x_wconf 83' lang='grc' dir='ltr'>ἀνθρώποις</span> <span class='ocrx_word' id='word_1_801' title='bbox 2714 4358 2927 4420; x_wconf 78' lang='grc' dir='ltr'>τούτοις</span> <span class='ocrx_word' id='word_1_802' title='bbox 2956 4359 3036 4420; x_wconf 86' lang='grc' dir='ltr'><strong>είς</strong></span> <span class='ocrx_word' id='word_1_803' title='bbox 3059 4359 3148 4410; x_wconf 82' lang='grc' dir='ltr'><strong>τὸν</strong></span> <span class='ocrx_word' id='word_1_804' title='bbox 3171 4358 3364 4423; x_wconf 82' lang='grc' dir='ltr'>αἰῶνα,</span> <span class='ocrx_word' id='word_1_805' title='bbox 3397 4360 3486 4412; x_wconf 77' lang='grc' dir='ltr'>διὰ</span> <span class='ocrx_word' id='word_1_806' title='bbox 3518 4360 3578 4412; x_wconf 84' lang='grc' dir='ltr'>τὸ</span> <span class='ocrx_word' id='word_1_807' title='bbox 3604 4356 3734 4412; x_wconf 78' lang='grc' dir='ltr'>εἶναι</span> 
     </span>
    </p>
   </div>
   <div class='ocr_carea' id='block_1_106' title="bbox 2152 4445 3737 4520">
    <p class='ocr_par' dir='ltr' id='par_1_106' title="bbox 2152 4445 3737 4520">
     <span class='ocr_line' id='line_1_108' title="bbox 2152 4445 3737 4520; baseline 0.002 -20"><span class='ocrx_word' id='word_1_808' title='bbox 2152 4449 2348 4510; x_wconf 79' lang='grc' dir='ltr'>αὐτοὺς</span> <span class='ocrx_word' id='word_1_809' title='bbox 2388 4449 2598 4520; x_wconf 75' lang='grc' dir='ltr'>σάρκας</span> <span class='ocrx_word' id='word_1_810' title='bbox 2625 4462 2642 4477; x_wconf 79' lang='lat'><strong>&#39;</strong></span> <span class='ocrx_word' id='word_1_811' title='bbox 2675 4467 2692 4499; x_wconf 70' lang='grc' dir='ltr'><strong>ι</strong></span> <span class='ocrx_word' id='word_1_812' title='bbox 2724 4450 2752 4500; x_wconf 98' lang='lat'><strong>6</strong></span> <span class='ocrx_word' id='word_1_813' title='bbox 2791 4449 2846 4500; x_wconf 81' lang='grc' dir='ltr'><strong>δὲ</strong></span> <span class='ocrx_word' id='word_1_814' title='bbox 2882 4447 3092 4510; x_wconf 87' lang='grc' dir='ltr'>Παῦλος</span> <span class='ocrx_word' id='word_1_815' title='bbox 3112 4466 3124 4478; x_wconf 86' lang='grc'>·</span> <span class='ocrx_word' id='word_1_816' title='bbox 3161 4467 3179 4498; x_wconf 76' lang='grc' dir='ltr'><strong>ι</strong></span> <span class='ocrx_word' id='word_1_817' title='bbox 3214 4445 3338 4512; x_wconf 66' lang='lat' dir='ltr'><strong>Dio;</strong></span> <span class='ocrx_word' id='word_1_818' title='bbox 3380 4451 3409 4502; x_wconf 89' lang='lat'><strong>6</strong></span> <span class='ocrx_word' id='word_1_819' title='bbox 3438 4451 3617 4520; x_wconf 82' lang='grc' dir='ltr'>χοῐκὸς</span> <span class='ocrx_word' id='word_1_820' title='bbox 3649 4451 3737 4504; x_wconf 78' lang='grc' dir='ltr'><strong>ἄν-</strong></span> 
     </span>
    </p>
   </div>
   <div class='ocr_carea' id='block_1_107' title="bbox 2155 4535 3734 4614">
    <p class='ocr_par' dir='ltr' id='par_1_107' title="bbox 2155 4535 3734 4614">
     <span class='ocr_line' id='line_1_109' title="bbox 2155 4535 3734 4614; baseline 0.003 -24"><span class='ocrx_word' id='word_1_821' title='bbox 2155 4539 2390 4608; x_wconf 85' lang='grc' dir='ltr'>θρωπος,</span> <span class='ocrx_word' id='word_1_822' title='bbox 2436 4540 2666 4592; x_wconf 88' lang='grc' dir='ltr'>τοιοῦτοι</span> <span class='ocrx_word' id='word_1_823' title='bbox 2717 4541 2812 4593; x_wconf 68' lang='grc' dir='ltr'><strong>καὶ</strong></span> <span class='ocrx_word' id='word_1_824' title='bbox 2846 4541 2893 4592; x_wconf 76' lang='lat' dir='ltr'><strong>oi</strong></span> <span class='ocrx_word' id='word_1_825' title='bbox 2934 4539 3136 4610; x_wconf 76' lang='grc' dir='ltr'>χοϊκοί*</span> <span class='ocrx_word' id='word_1_826' title='bbox 3167 4541 3259 4593; x_wconf 67' lang='grc' dir='ltr'><strong>κα)⁴</strong></span> <span class='ocrx_word' id='word_1_827' title='bbox 3295 4535 3404 4604; x_wconf 73' lang='grc' dir='ltr'>οἷος</span> <span class='ocrx_word' id='word_1_828' title='bbox 3440 4545 3468 4594; x_wconf 93' lang='lat'><strong>6</strong></span> <span class='ocrx_word' id='word_1_829' title='bbox 3502 4542 3734 4614; x_wconf 80' lang='grc' dir='ltr'>ἐπουρά·</span> 
     </span>
    </p>
   </div>
   <div class='ocr_carea' id='block_1_108' title="bbox 2153 4630 3730 4704">
    <p class='ocr_par' dir='ltr' id='par_1_108' title="bbox 2153 4630 3730 4704">
     <span class='ocr_line' id='line_1_110' title="bbox 2153 4630 3730 4704; baseline 0.003 -22"><span class='ocrx_word' id='word_1_830' title='bbox 2153 4647 2284 4694; x_wconf 87' lang='grc' dir='ltr'>νιος,</span> <span class='ocrx_word' id='word_1_831' title='bbox 2327 4631 2559 4684; x_wconf 83' lang='grc' dir='ltr'>τοιοῦτοι</span> <span class='ocrx_word' id='word_1_832' title='bbox 2604 4633 2696 4685; x_wconf 77' lang='grc' dir='ltr'><strong>καὶ</strong></span> <span class='ocrx_word' id='word_1_833' title='bbox 2748 4635 2797 4684; x_wconf 89' lang='grc' dir='ltr'><strong>οί</strong></span> <span class='ocrx_word' id='word_1_834' title='bbox 2842 4630 3189 4700; x_wconf 70' lang='grc' dir='ltr'>ἐπουράνιοι·</span> <span class='ocrx_word' id='word_1_835' title='bbox 3240 4653 3257 4684; x_wconf 70' lang='grc' dir='ltr'><strong>ι</strong></span> <span class='ocrx_word' id='word_1_836' title='bbox 3323 4634 3355 4704; x_wconf 88' lang='grc' dir='ltr'><strong>ή</strong></span> <span class='ocrx_word' id='word_1_837' title='bbox 3420 4634 3478 4686; x_wconf 85' lang='grc' dir='ltr'>δὲ</span> <span class='ocrx_word' id='word_1_838' title='bbox 3530 4634 3730 4702; x_wconf 78' lang='grc' dir='ltr'>Σοφία³</span> 
     </span>
    </p>
   </div>
   <div class='ocr_carea' id='block_1_109' title="bbox 2161 4724 3735 4796">
    <p class='ocr_par' dir='ltr' id='par_1_109' title="bbox 2161 4724 3735 4796">
     <span class='ocr_line' id='line_1_111' title="bbox 2161 4724 3735 4796; baseline 0.002 -22"><span class='ocrx_word' id='word_1_839' title='bbox 2161 4743 2178 4773; x_wconf 77' lang='grc' dir='ltr'><strong>ι</strong></span> <span class='ocrx_word' id='word_1_840' title='bbox 2211 4724 2423 4776; x_wconf 81' lang='grc' dir='ltr'>Σκολιοὶ</span> <span class='ocrx_word' id='word_1_841' title='bbox 2465 4727 2573 4795; x_wconf 81' lang='grc' dir='ltr'>γὰρ</span> <span class='ocrx_word' id='word_1_842' title='bbox 2603 4727 2853 4795; x_wconf 77' lang='grc' dir='ltr'>λογισμοὶ</span> <span class='ocrx_word' id='word_1_843' title='bbox 2889 4726 3213 4796; x_wconf 76' lang='grc' dir='ltr'>χωρίζουσιν</span> <span class='ocrx_word' id='word_1_844' title='bbox 3245 4727 3352 4779; x_wconf 77' lang='grc' dir='ltr'><strong>ἀπὸ</strong></span> <span class='ocrx_word' id='word_1_845' title='bbox 3388 4727 3521 4779; x_wconf 88' lang='grc' dir='ltr'>Θεοῦ</span> <span class='ocrx_word' id='word_1_846' title='bbox 3547 4744 3560 4757; x_wconf 83' lang='lat'><strong><em>°</em></strong></span> <span class='ocrx_word' id='word_1_847' title='bbox 3599 4728 3735 4780; x_wconf 83' lang='grc' dir='ltr'>δοκι-</span> 
     </span>
    </p>
   </div>
   <div class='ocr_carea' id='block_1_110' title="bbox 2157 4812 3736 4887">
    <p class='ocr_par' dir='ltr' id='par_1_110' title="bbox 2157 4812 3736 4887">
     <span class='ocr_line' id='line_1_112' title="bbox 2157 4812 3736 4887; baseline 0.001 -23"><span class='ocrx_word' id='word_1_848' title='bbox 2157 4812 2438 4883; x_wconf 75' lang='grc' dir='ltr'>μαζομένη</span> <span class='ocrx_word' id='word_1_849' title='bbox 2481 4813 2538 4866; x_wconf 77' lang='grc' dir='ltr'><strong>δὲ</strong></span> <span class='ocrx_word' id='word_1_850' title='bbox 2583 4816 2617 4885; x_wconf 81' lang='grc' dir='ltr'>ὴ</span> <span class='ocrx_word' id='word_1_851' title='bbox 2645 4813 2877 4884; x_wconf 79' lang='grc' dir='ltr'>δύναμις</span> <span class='ocrx_word' id='word_1_852' title='bbox 2935 4815 3147 4885; x_wconf 80' lang='grc' dir='ltr'>ἐλέγχει</span> <span class='ocrx_word' id='word_1_853' title='bbox 3181 4814 3306 4887; x_wconf 72' lang='grc'><strong>[154</strong></span> <span class='ocrx_word' id='word_1_854' title='bbox 3329 4815 3383 4887; x_wconf 84' lang='lat' dir='ltr'><strong>b]</strong></span> <span class='ocrx_word' id='word_1_855' title='bbox 3413 4818 3540 4879; x_wconf 72' lang='grc' dir='ltr'>τοὺς</span> <span class='ocrx_word' id='word_1_856' title='bbox 3573 4817 3736 4887; x_wconf 66' lang='grc' dir='ltr'>ἄφρο-</span> 
     </span>
    </p>
   </div>
   <div class='ocr_carea' id='block_1_111' title="bbox 2233 5003 3735 5084">
    <p class='ocr_par' dir='ltr' id='par_1_111' title="bbox 2233 5003 3735 5084">
     <span class='ocr_line' id='line_1_113' title="bbox 2233 5003 3735 5084; baseline -0.001 -21"><span class='ocrx_word' id='word_1_857' title='bbox 2233 5009 2348 5078; x_wconf 80' lang='grc'><strong>(51)</strong></span> <span class='ocrx_word' id='word_1_858' title='bbox 2384 5007 2750 5084; x_wconf 65' lang='lat' dir='ltr'><strong>__Perspic_nciu.</strong></span> <span class='ocrx_word' id='word_1_859' title='bbox 2800 5007 2856 5062; x_wconf 77' lang='lat' dir='ltr'><strong>In</strong></span> <span class='ocrx_word' id='word_1_860' title='bbox 2893 5009 3101 5084; x_wconf 67' lang='lat' dir='ltr'><strong>Graeco,</strong></span> <span class='ocrx_word' id='word_1_861' title='bbox 3131 5012 3452 5084; x_wconf 88' lang='grc' dir='ltr'>διορατικόν.</span> <span class='ocrx_word' id='word_1_862' title='bbox 3494 5010 3550 5064; x_wconf 85' lang='lat' dir='ltr'><strong>In</strong></span> <span class='ocrx_word' id='word_1_863' title='bbox 3587 5003 3735 5084; x_wconf 56' lang='lat' dir='ltr'><strong>com:-</strong></span> 
     </span>
    </p>
   </div>
   <div class='ocr_carea' id='block_1_112' title="bbox 2166 5077 3735 5150">
    <p class='ocr_par' dir='ltr' id='par_1_112' title="bbox 2166 5077 3735 5150">
     <span class='ocr_line' id='line_1_114' title="bbox 2166 5077 3735 5150; baseline -0.002 -17"><span class='ocrx_word' id='word_1_864' title='bbox 2166 5077 2447 5150; x_wconf 81' lang='lat' dir='ltr'><strong>mentariis</strong></span> <span class='ocrx_word' id='word_1_865' title='bbox 2494 5080 2553 5150; x_wconf 3' lang='lat' dir='ltr'><strong>in,</strong></span> <span class='ocrx_word' id='word_1_866' title='bbox 2587 5077 2826 5150; x_wconf 70' lang='lat' dir='ltr'><strong>Psalmos</strong></span> <span class='ocrx_word' id='word_1_867' title='bbox 2872 5083 2936 5132; x_wconf 90' lang='lat' dir='ltr'><strong>ad</strong></span> <span class='ocrx_word' id='word_1_868' title='bbox 2967 5077 3432 5150; x_wconf 68' lang='grc' dir='ltr'>ι·θι“ς.17ἰ›ε;ι1ηιί</span> <span class='ocrx_word' id='word_1_869' title='bbox 3476 5097 3626 5142; x_wconf 78' lang='lat' dir='ltr'><strong>cxrtt,</strong></span> <span class='ocrx_word' id='word_1_870' title='bbox 3676 5079 3735 5131; x_wconf 86' lang='grc' dir='ltr'><strong>τὸ</strong></span> 
     </span>
    </p>
   </div>
   <div class='ocr_carea' id='block_1_113' title="bbox 2168 5148 3736 5218">
    <p class='ocr_par' dir='ltr' id='par_1_113' title="bbox 2168 5148 3736 5218">
     <span class='ocr_line' id='line_1_115' title="bbox 2168 5148 3736 5218; baseline 0 -16"><span class='ocrx_word' id='word_1_871' title='bbox 2168 5151 2276 5202; x_wconf 83' lang='grc' dir='ltr'><strong>πᾶν</strong></span> <span class='ocrx_word' id='word_1_872' title='bbox 2299 5149 2604 5218; x_wconf 79' lang='grc' dir='ltr'>διορατικὺν</span> <span class='ocrx_word' id='word_1_873' title='bbox 2633 5148 2789 5218; x_wconf 84' lang='grc' dir='ltr'>γένος</span> <span class='ocrx_word' id='word_1_874' title='bbox 2817 5161 2972 5205; x_wconf 86' lang='lat' dir='ltr'><strong>vocat</strong></span> <span class='ocrx_word' id='word_1_875' title='bbox 3007 5167 3194 5207; x_wconf 88' lang='lat' dir='ltr'><strong>onmes</strong></span> <span class='ocrx_word' id='word_1_876' title='bbox 3230 5148 3471 5207; x_wconf 79' lang='lat' dir='ltr'><strong>homines</strong></span> <span class='ocrx_word' id='word_1_877' title='bbox 3496 5161 3736 5206; x_wconf 86' lang='lat' dir='ltr'><strong>contem-</strong></span> 
     </span>
    </p>
   </div>
   <div class='ocr_carea' id='block_1_114' title="bbox 2161 5220 2646 5289">
    <p class='ocr_par' dir='ltr' id='par_1_114' title="bbox 2161 5220 2646 5289">
     <span class='ocr_line' id='line_1_116' title="bbox 2161 5220 2646 5289; baseline 0.006 -17"><span class='ocrx_word' id='word_1_878' title='bbox 2161 5220 2380 5289; x_wconf 80' lang='lat' dir='ltr'><strong>plationi</strong></span> <span class='ocrx_word' id='word_1_879' title='bbox 2411 5221 2646 5289; x_wconf 78' lang='lat' dir='ltr'><strong>deditos.</strong></span> 
     </span>
    </p>
   </div>
   <div class='ocr_carea' id='block_1_115' title="bbox 2236 5287 3738 5359">
    <p class='ocr_par' dir='ltr' id='par_1_115' title="bbox 2236 5287 3738 5359">
     <span class='ocr_line' id='line_1_117' title="bbox 2236 5287 3738 5359; baseline -0.003 -15"><span class='ocrx_word' id='word_1_880' title='bbox 2236 5287 2758 5359; x_wconf 14' lang='lat' dir='ltr'><strong>(52)_‘Nequaquam.</strong></span> <span class='ocrx_word' id='word_1_881' title='bbox 2792 5287 2928 5359; x_wconf 86' lang='lat' dir='ltr'><strong>Gen.</strong></span> <span class='ocrx_word' id='word_1_882' title='bbox 2961 5307 3034 5356; x_wconf 83' lang='grc' dir='ltr'><strong>νι,</strong></span> <span class='ocrx_word' id='word_1_883' title='bbox 3072 5291 3123 5344; x_wconf 82' lang='grc'>5.</span> <span class='ocrx_word' id='word_1_884' title='bbox 3156 5290 3326 5345; x_wconf 86' lang='lat' dir='ltr'><strong>Simili</strong></span> <span class='ocrx_word' id='word_1_885' title='bbox 3359 5293 3518 5344; x_wconf 90' lang='lat' dir='ltr'><strong>modo</strong></span> <span class='ocrx_word' id='word_1_886' title='bbox 3555 5291 3620 5342; x_wconf 85' lang='lat' dir='ltr'><strong>ad</strong></span> <span class='ocrx_word' id='word_1_887' title='bbox 3651 5305 3738 5342; x_wconf 84' lang='lat' dir='ltr'><strong>ca—</strong></span> 
     </span>
    </p>
   </div>
   <div class='ocr_carea' id='block_1_116' title="bbox 2159 5356 3736 5432">
    <p class='ocr_par' dir='ltr' id='par_1_116' title="bbox 2159 5356 3736 5432">
     <span class='ocr_line' id='line_1_118' title="bbox 2159 5356 3736 5432; baseline -0.001 -22"><span class='ocrx_word' id='word_1_888' title='bbox 2159 5356 2256 5432; x_wconf 77' lang='lat' dir='ltr'><strong>put</strong></span> <span class='ocrx_word' id='word_1_889' title='bbox 2288 5356 2604 5432; x_wconf 73' lang='lat' dir='ltr'><strong>ItEpistolae</strong></span> <span class='ocrx_word' id='word_1_890' title='bbox 2631 5360 2814 5432; x_wconf 73' lang='lat' dir='ltr'><strong>prima:</strong></span> <span class='ocrx_word' id='word_1_891' title='bbox 2838 5358 2978 5414; x_wconf 83' lang='lat' dir='ltr'><strong>Petri</strong></span> <span class='ocrx_word' id='word_1_892' title='bbox 2999 5362 3073 5414; x_wconf 83' lang='lat' dir='ltr'><strong>ait</strong></span> <span class='ocrx_word' id='word_1_893' title='bbox 3106 5363 3360 5432; x_wconf 81' lang='lat' dir='ltr'><strong>Didymus</strong></span> <span class='ocrx_word' id='word_1_894' title='bbox 3393 5379 3406 5413; x_wconf 93' lang='lat'><strong>:</strong></span> <span class='ocrx_word' id='word_1_895' title='bbox 3446 5381 3463 5413; x_wconf 76' lang='grc' dir='ltr'><strong>ι</strong></span> <span class='ocrx_word' id='word_1_896' title='bbox 3501 5360 3736 5432; x_wconf 87' lang='lat' dir='ltr'><strong>Carnens</strong></span> 
     </span>
    </p>
   </div>
   <div class='ocr_carea' id='block_1_117' title="bbox 2155 5429 3729 5497">
    <p class='ocr_par' dir='ltr' id='par_1_117' title="bbox 2155 5429 3729 5497">
     <span class='ocr_line' id='line_1_119' title="bbox 2155 5429 3729 5497; baseline -0.002 -17"><span class='ocrx_word' id='word_1_897' title='bbox 2155 5431 2321 5490; x_wconf 89' lang='lat' dir='ltr'><strong>enim,</strong></span> <span class='ocrx_word' id='word_1_898' title='bbox 2385 5429 2476 5494; x_wconf 87' lang='lat' dir='ltr'><strong>qui</strong></span> <span class='ocrx_word' id='word_1_899' title='bbox 2527 5429 2777 5481; x_wconf 84' lang='lat' dir='ltr'><strong>venditus</strong></span> <span class='ocrx_word' id='word_1_900' title='bbox 2808 5439 2891 5481; x_wconf 86' lang='lat' dir='ltr'><strong>est</strong></span> <span class='ocrx_word' id='word_1_901' title='bbox 2925 5433 3024 5483; x_wconf 84' lang='lat' dir='ltr'><strong>sub</strong></span> <span class='ocrx_word' id='word_1_902' title='bbox 3065 5429 3305 5497; x_wconf 76' lang='lat' dir='ltr'><strong>peccatu,</strong></span> <span class='ocrx_word' id='word_1_903' title='bbox 3346 5443 3608 5490; x_wconf 78' lang='lat' dir='ltr'><strong>vocatur;</strong></span> <span class='ocrx_word' id='word_1_904' title='bbox 3644 5431 3729 5481; x_wconf 85' lang='lat' dir='ltr'><strong>sed</strong></span> 
     </span>
    </p>
   </div>
   <div class='ocr_carea' id='block_1_118' title="bbox 2155 5497 3733 5561">
    <p class='ocr_par' dir='ltr' id='par_1_118' title="bbox 2155 5497 3733 5561">
     <span class='ocr_line' id='line_1_120' title="bbox 2155 5497 3733 5561; baseline -0.003 -9"><span class='ocrx_word' id='word_1_905' title='bbox 2155 5499 2318 5552; x_wconf 87' lang='lat' dir='ltr'><strong>etiam</strong></span> <span class='ocrx_word' id='word_1_906' title='bbox 2357 5497 2456 5558; x_wconf 92' lang='lat' dir='ltr'><strong>illi,</strong></span> <span class='ocrx_word' id='word_1_907' title='bbox 2485 5499 2576 5561; x_wconf 93' lang='lat' dir='ltr'><strong>qui</strong></span> <span class='ocrx_word' id='word_1_908' title='bbox 2602 5499 2948 5551; x_wconf 81' lang='lat' dir='ltr'><strong>vehementer</strong></span> <span class='ocrx_word' id='word_1_909' title='bbox 2976 5501 3302 5553; x_wconf 88' lang='lat' dir='ltr'><strong>inclinantur</strong></span> <span class='ocrx_word' id='word_1_910' title='bbox 3326 5504 3389 5553; x_wconf 88' lang='lat' dir='ltr'><strong>ad</strong></span> <span class='ocrx_word' id='word_1_911' title='bbox 3423 5515 3657 5559; x_wconf 79' lang='lat' dir='ltr'><strong>carnem,</strong></span> <span class='ocrx_word' id='word_1_912' title='bbox 3683 5505 3733 5548; x_wconf 70' lang='lat' dir='ltr'><strong>et</strong></span> 
     </span>
    </p>
   </div>
   <div class='ocr_carea' id='block_1_119' title="bbox 2155 5567 3737 5638">
    <p class='ocr_par' dir='ltr' id='par_1_119' title="bbox 2155 5567 3737 5638">
     <span class='ocr_line' id='line_1_121' title="bbox 2155 5567 3737 5638; baseline -0.001 -17"><span class='ocrx_word' id='word_1_913' title='bbox 2155 5578 2345 5622; x_wconf 90' lang='lat' dir='ltr'><strong>sancto</strong></span> <span class='ocrx_word' id='word_1_914' title='bbox 2367 5567 2567 5638; x_wconf 85' lang='lat' dir='ltr'><strong>Spiritu</strong></span> <span class='ocrx_word' id='word_1_915' title='bbox 2618 5567 2944 5638; x_wconf 83' lang='lat' dir='ltr'><strong>desolantur,</strong></span> <span class='ocrx_word' id='word_1_916' title='bbox 2995 5583 3278 5638; x_wconf 88' lang='lat' dir='ltr'><strong>pr0pterea</strong></span> <span class='ocrx_word' id='word_1_917' title='bbox 3316 5587 3503 5624; x_wconf 87' lang='lat' dir='ltr'><strong>carnes</strong></span> <span class='ocrx_word' id='word_1_918' title='bbox 3537 5583 3737 5620; x_wconf 78' lang='lat' dir='ltr'><strong>nuncu-</strong></span> 
     </span>
    </p>
   </div>
   <div class='ocr_carea' id='block_1_120' title="bbox 2153 5636 3736 5708">
    <p class='ocr_par' dir='ltr' id='par_1_120' title="bbox 2153 5636 3736 5708">
     <span class='ocr_line' id='line_1_122' title="bbox 2153 5636 3736 5708; baseline -0.002 -18"><span class='ocrx_word' id='word_1_919' title='bbox 2153 5649 2376 5706; x_wconf 91' lang='lat' dir='ltr'><strong>pantur,</strong></span> <span class='ocrx_word' id='word_1_920' title='bbox 2405 5637 2619 5708; x_wconf 83' lang='lat' dir='ltr'><strong>dicente</strong></span> <span class='ocrx_word' id='word_1_921' title='bbox 2651 5636 2754 5708; x_wconf 75' lang='lat' dir='ltr'><strong>illis</strong></span> <span class='ocrx_word' id='word_1_922' title='bbox 2793 5638 2901 5691; x_wconf 91' lang='lat' dir='ltr'><strong>Deo</strong></span> <span class='ocrx_word' id='word_1_923' title='bbox 2932 5657 2946 5693; x_wconf 92' lang='lat'><strong>:</strong></span> <span class='ocrx_word' id='word_1_924' title='bbox 2983 5636 3007 5690; x_wconf 73' lang='grc' dir='ltr'>ι’</span> <span class='ocrx_word' id='word_1_925' title='bbox 3042 5636 3157 5692; x_wconf 77' lang='lat' dir='ltr'><strong>Noli</strong></span> <span class='ocrx_word' id='word_1_926' title='bbox 3190 5642 3523 5708; x_wconf 73' lang='lat' dir='ltr'><strong>pertttanebit</strong></span> <span class='ocrx_word' id='word_1_927' title='bbox 3566 5639 3736 5704; x_wconf 83' lang='lat' dir='ltr'><strong>Spiri-</strong></span> 
     </span>
    </p>
   </div>
   <div class='ocr_carea' id='block_1_121' title="bbox 2157 5705 3734 5781">
    <p class='ocr_par' dir='ltr' id='par_1_121' title="bbox 2157 5705 3734 5781">
     <span class='ocr_line' id='line_1_123' title="bbox 2157 5705 3734 5781; baseline 0.001 -22"><span class='ocrx_word' id='word_1_928' title='bbox 2157 5705 2243 5760; x_wconf 82' lang='lat' dir='ltr'><strong>tus</strong></span> <span class='ocrx_word' id='word_1_929' title='bbox 2306 5721 2458 5764; x_wconf 89' lang='lat' dir='ltr'><strong>meus</strong></span> <span class='ocrx_word' id='word_1_930' title='bbox 2517 5706 2660 5763; x_wconf 89' lang='lat' dir='ltr'><strong>inter</strong></span> <span class='ocrx_word' id='word_1_931' title='bbox 2713 5705 2973 5766; x_wconf 81' lang='lat' dir='ltr'><strong>homines</strong></span> <span class='ocrx_word' id='word_1_932' title='bbox 3023 5705 3205 5780; x_wconf 45' lang='lat' dir='ltr'><strong>istos,‘</strong></span> <span class='ocrx_word' id='word_1_933' title='bbox 3233 5725 3300 5766; x_wconf 91' lang='lat' dir='ltr'><strong>eo</strong></span> <span class='ocrx_word' id='word_1_934' title='bbox 3353 5713 3493 5781; x_wconf 89' lang='lat' dir='ltr'><strong>quod</strong></span> <span class='ocrx_word' id='word_1_935' title='bbox 3548 5719 3734 5763; x_wconf 82' lang='lat' dir='ltr'><strong>carnes</strong></span> 
     </span>
    </p>
   </div>
   <div class='ocr_carea' id='block_1_122' title="bbox 2159 5784 2367 5833">
    <p class='ocr_par' dir='ltr' id='par_1_122' title="bbox 2159 5784 2367 5833">
     <span class='ocr_line' id='line_1_124' title="bbox 2159 5784 2367 5833; baseline -0.024 -1"><span class='ocrx_word' id='word_1_936' title='bbox 2159 5784 2304 5833; x_wconf 81' lang='lat' dir='ltr'><strong>sunt.</strong></span> <span class='ocrx_word' id='word_1_937' title='bbox 2347 5795 2367 5827; x_wconf 67' lang='grc' dir='ltr'><strong>ι</strong></span> 
     </span>
    </p>
   </div>
  </div>
