4054 6386
462 344 570 401 745
1715 336 1951 394 DIDYMI
1990 339 2469 396 ALEXANDRINI
2724 386 2733 391 .
3655 336 3747 398 7H

459 459 683 517 ﬁcatum
726 470 910 529 regem
965 464 1020 510 et
1066 453 1354 510 Dominum
1404 452 1689 519 virtutum,
1766 453 2057 522 Apostolus

2180 451 2517 527 ῑοξαζόμενον
2561 452 2783 525 βασιλέα
2830 451 2924 505 καὶ
2959 449 3164 523 Κύριον
3196 449 3499 521 δυνάμεων,
3541 449 3572 502 6
3596 452 3748 508 Ἀπό-

459 549 701 607 ostendit
744 564 868 605 esse
922 547 1183 618 Spiritum
1222 555 1510 612 sanctum;
1542 554 1598 600 et
1642 559 1764 599 cum
1816 545 1956 598 Idem
2001 544 2056 598 in

2180 549 2346 612 ςτολος
2377 549 2439 601 τὸ
2487 548 2641 617 ἅγιον
2671 543 2811 599 εἶναι
2843 544 3082 598 δείκνυσι
3111 542 3357 615 Πνεῦμα·
3392 543 3489 597 καὶ
3524 544 3603 609 ὡς
3633 546 3749 600 ὅταν

460 642 699 712 Epistola
742 639 1288 696 communicationem
1326 652 1446 692 esse
1481 636 1611 690 dicit
1653 634 1876 705 Spiritui
1931 649 2055 688 cum

2180 646 2187 691 ι
2239 639 2402 703 αὐτὸς
2460 639 2792 712 ἐπιστέλλῃ,
2858 636 3143 690 κοινωνίαν
3211 630 3350 690 εἶναι
3400 636 3625 706 φάσκων
3680 638 3750 706 τῷ

461 733 649 800 Patre,
675 742 731 787 et
762 732 903 787 Filio
935 750 949 787 :
986 730 1425 785 communionem
1472 728 1681 782 scilicet
1716 727 1957 787 tit'ilulis,
2001 734 2060 778 ut

2180 731 2449 803 Ινεύματι
2497 732 2637 804 πρὸς
2689 733 2781 786 τὸν
2823 731 3041 801 Πατέρα
3082 730 3177 784 καὶ
3208 730 3300 783 τὸν
3338 728 3489 801 Υἱὸν,
3519 729 3674 800 δῆλον
3700 731 3750 783 δὲ

462 834 633 899 patet,
667 836 723 881 et
762 823 913 895 regni
959 834 1012 877 et
1045 822 1255 893 gloriae,
1282 822 1420 874 sicut
1457 831 1615 873 antea
1650 820 1853 873 dictum
1877 828 1981 884 est,
2006 827 2061 872 et

2180 827 2242 879 ἑτι
2265 825 2540 896 θεότητος,
2583 825 2678 879 καὶ
2705 824 3003 895 βασιλείας,
3043 823 3135 876 καὶ
3178 821 3358 893 δόξης,
3396 822 3473 887 ὡς
3503 823 3753 894 προείρη-

463 932 660 974 rursus
707 917 921 971 dicetur
964 917 1017 969 in
1059 916 1205 967 hunc
1235 915 1474 967 modum.
1526 911 1827 966 Corinthiis
1876 911 1929 963 in
1971 924 2057 964 se-

2180 936 2250 972 :at
2298 920 2392 971 καὶ
2426 914 2582 981 αὖθις
2634 918 2955 990 ρηθήσεταυ
3007 916 3180 979 οὕτως
3228 915 3539 985 Κορινθίοις
3583 918 3639 969 ἐν
3688 918 3748 986 τῇ

463 1012 638 1065 cnuda
679 1008 914 1079 Epistola
945 1006 1181 1061 scribit:
1222 1024 1240 1056 ι
1276 1003 1465 1060 Gratia
1494 1004 1606 1075 (64)
1646 1004 1856 1056 Domini
1889 1001 2058 1056 nostri

2180 1011 2392 1081 isuttpa
2459 1009 2774 1079 Ἐπιστολῇο
2838 1028 2856 1059 ι
2917 1009 2981 1060 ’11
3027 1008 3187 1079 χάρις
3212 1006 3306 1059 τοῦ
3349 1006 3556 1077 Κυρίου
3605 1004 3751 1076 ήμῶν

461 1101 589 1159 Jesu
620 1100 846 1164 Cill‘iSli,
896 1110 953 1152 et
984 1098 1229 1151 Charitas
1269 1097 1362 1149 Dei
1391 1107 1446 1149 et
1486 1096 1686 1160 Patris,
1723 1104 1778 1147 et
1813 1109 2061 1148 cominu-

2180 1100 2349 1169 Ἰησοῦ
2399 1097 2661 1170 Χριστοῦ,
2698 1098 2795 1151 καὶ
2825 1100 2856 1167 ὴ
2890 1086 3077 1167 ἀγάπη
3111 1095 3204 1149 τοῦ
3235 1094 3370 1149 Θεοῦ
3399 1096 3495 1148 καὶ
3524 1094 3748 1165 Πατρὸς,

462 1195 670 1253 niuatio
702 1192 879 1247 sancti
906 1190 1166 1260 Spiritus.
1198 1207 1218 1239 ι
1257 1188 1324 1241 Ει
1356 1189 1481 1241 alibi
1507 1189 1584 1243 ait
1614 1208 1626 1243 :
1662 1206 1681 1238 ι
1716 1188 1771 1241 Si
1816 1203 1919 1255 qua
1942 1186 2055 1257 (65)

2180 1194 2258 1246 (αὶ
2281 1195 2314 1263 ἡ
2350 1191 2609 1246 κοινωνία
2652 1191 2745 1244 τοῦ
2774 1192 2934 1259 ἁγίου
2976 1187 3313 1260 Πνεῦματοςο
3352 1208 3372 1240 ι
3407 1188 3501 1240 καὶ
3531 1186 3750 1258 ἑτέρωθί

464 1284 888 1340 canimuuicaiio
938 1283 1213 1350 Spiritus;
1255 1299 1273 1331 ι
1329 1279 1580 1347 Ephesiis
1633 1295 1763 1334 vero
1823 1280 2055 1333 scribit:

2180 1301 2357 1357 ρησινο
2394 1304 2412 1335 ι
2449 1285 2519 1338 Εἴ
2538 1301 2623 1349 τις
2649 1284 2909 1338 κοινωνία
2937 1280 3275 1352 Πνεύματος.
3313 1300 3333 1333 ι
3381 1280 3648 1349 Ἐφεσίοις
3675 1278 3748 1337 δέ.

469 1396 487 1427 ι
521 1378 789 1429 Curantes
817 1373 928 1444 (66)
948 1388 1168 1426 scrvare
1196 1371 1457 1424 unitatem
1486 1370 1725 1440 Spiritus
1755 1371 1808 1425 in
1844 1369 2060 1425 vinculo

2180 1377 2624 1441 [Σπουδάξοντες
2668 1377 2857 1447 τηρεῖν
2906 1374 3005 1446 τὴν
3054 1374 3281 1444 ἑνότητα
3322 1372 3416 1427 τοῦ
3444 1372 3751 1443 Πνεῦματος

462 1471 633 1538 pacis.
675 1487 693 1520 ι
724 1467 987 1530 ObSerVa,
1024 1465 1286 1519 unitatem
1332 1465 1420 1517 hic
1443 1463 1734 1528 nominari,
1778 1475 2059 1532 propterea

2180 1486 2219 1521 ιν
2245 1467 2324 1539 τῷ
2366 1467 2647 1539 συνδέσμῳ
2670 1468 2772 1535 τῆς
2799 1467 3044 1539 εἰρήνης.
3083 1484 3102 1518 ι
3142 1464 3517 1536 Κατανόησον,
3545 1463 3619 1527 ὡς
3640 1463 3751 1516 ἑνόη

464 1562 609 1632 quod
643 1560 877 1629 Spiritus
913 1575 1074 1612 unam
1108 1558 1306 1612 habeat
1338 1568 1587 1611 naturam
1617 1573 1740 1611 cum
1768 1556 1949 1612 Patre.
1993 1556 2063 1610 Et

2180 1577 2300 1631 τητα
2355 1556 2509 1614 εἶπεν
2551 1560 2641 1614 διὰ
2672 1559 2772 1632 τὴν
2833 1559 2971 1631 πρὸς
3005 1558 3099 1612 τὸν
3155 1557 3377 1629 Πατέρα
3414 1557 3513 1627 τῆς
3543 1555 3752 1625 φύσεως

465 1668 653 1710 rursus
684 1652 980 1707 Corinthiis
1014 1669 1028 1705 :
1079 1668 1099 1702 ι
1131 1652 1212 1703 An
1246 1651 1466 1703 nescitis
1490 1649 1627 1720 (67),
1654 1650 1797 1718 quod
1828 1663 2065 1719 corpora

2180 1651 2380 1707 ἕνωσιν.
2412 1652 2525 1705 Καὶ
2556 1652 2720 1706 πάλιν
2771 1650 3100 1723 Κορινθίοις·
3159 1669 3179 1703 t
3221 1651 3291 1703 ’Ἡ
3322 1651 3422 1703 οὐκ
3448 1649 3648 1715 οἴδατε,
3675 1651 3751 1703 ὅτι

463 1752 646 1801 vestra
671 1743 929 1813 templum
968 1752 1096 1798 sunt
1140 1741 1378 1812 Spiritus
1401 1742 1597 1806 sancti,
1639 1741 1730 1810 qni
1762 1741 1923 1794 estin
1958 1756 2056 1794 vo-

2180 1745 2240 1799 τά
2264 1742 2493 1817 σώματα
2516 1746 2546 1799 ὑ
2555 1746 2670 1817 μῶν
2691 1745 2819 1809 ναὸς
2841 1744 2936 1799 τοῦ
2982 1745 3039 1797 tv
3072 1745 3202 1814 ὑμῖν
3228 1743 3387 1812 ἁγίου
3442 1741 3752 1814 Πνεῦματός

463 1836 572 1901 bis,
595 1851 757 1906 quem
780 1836 991 1890 habetis
1023 1850 1054 1890 a
1099 1836 1246 1901 Deo;
1281 1844 1337 1889 et
1370 1849 1475 1889 non
1497 1832 1628 1888 estis
1652 1833 1859 1887 vestri?
1889 1832 2068 1902 Empti

2180 1841 2343 1903 εστιν,
2371 1834 2432 1894 οῦ
2457 1838 2609 1911 ἔχετε
2651 1839 2758 1893 ἀπὸ
2784 1839 2878 1893 τοῦ
2909 1838 3067 1903 Θεοῦ,
3094 1839 3188 1891 καὶ
3221 1839 3321 1892 οὐκ
3360 1837 3482 1890 ἐστὲ
3508 1836 3712 1889 ἑαυτῶν
3735 1851 3749 1901 ;

467 1926 617 1982 enim
654 1927 787 1982 estis
815 1928 1012 1996 pretio.
1042 1925 1356 1982 Glorilicate
1389 1925 1583 1992 Deum,
1614 1925 1707 1995 qui
1736 1935 1822 1980 est
1855 1924 1911 1980 in
1946 1941 2063 1980 cor-

463 2020 694 2090 poribus
741 2020 1030 2075 vestris»:
1071 2018 1127 2074 id
1178 2028 1282 2086 est,
1331 2018 1597 2088 Spiritum
1655 2025 1925 2074 sanctum.
1993 2016 2058 2071 Et

467 2124 658 2164 rursus
702 2124 826 2163 cum
878 2109 1031 2179 prius
1068 2108 1384 2174 clamasset,
1413 2127 1429 2159 ι
1453 2108 1715 2163 Dominus
1738 2106 1848 2178 (68)
1880 2116 2058 2162 autem

466 2203 707 2271 Spiritus
743 2209 847 2268 est,
885 2220 904 2253 ι
948 2201 1171 2255 subdit:
1211 2218 1229 2252 ι
1264 2200 1369 2255 Nos
1395 2198 1648 2271 vero(69)
1679 2214 1870 2255 omnes
1908 2216 2061 2255 rete-

468 2295 576 2351 lata
608 2293 746 2349 l‘acie
777 2293 1004 2365 gloriam
1048 2293 1265 2349 Domini
1299 2293 1667 2361 speculantes,
1710 2292 1763 2345 in
1811 2294 2059 2346 eamdem

469 2387 758 2456 imaginem
784 2383 1238 2441 transformamur
1267 2401 1298 2438 a
1342 2385 1514 2455 gloria
1550 2384 1604 2439 in
1631 2383 1883 2455 gloriam,
1919 2385 2064 2439 sicut

468 2497 500 2535 ιι
534 2479 748 2535 Domini
783 2478 1029 2549 Spiritu;
1057 2497 1076 2530 ι
1109 2488 1165 2533 et
1192 2493 1420 2534 rursus:
1457 2497 1478 2530 ι
1517 2478 1572 2533 Si
1614 2487 1793 2533 autem
1815 2476 1930 2550 (76)
1965 2482 2064 2534 ini-

471 2572 721 2628 nistratio
763 2570 953 2626 mortis
976 2571 1029 2625 in
1059 2570 1254 2626 litteris
1276 2570 1539 2639 impressa
1568 2571 1622 2625 in
1656 2569 1924 2641 lapidibus
1947 2572 2062 2643 (71)

472 2666 654 2721 fuitin
686 2664 879 2735 gloria,
910 2664 1045 2718 adeo
1078 2672 1136 2717 ut
1175 2679 1283 2718 non
1312 2672 1534 2733 pOSseut
1561 2663 1748 2719 oculos
1774 2664 1937 2734 ﬁgere
1971 2666 2064 2721 lilii

472 2757 639 2813 Israel
685 2756 736 2810 in
778 2755 917 2812 facie
963 2754 1134 2826 Moysi
1182 2770 1406 2826 pr0pter
1441 2756 1668 2826 gloriam
1703 2757 1883 2811 vultus
1925 2757 2063 2826 ejus,

471 2864 594 2918 qua:
638 2857 973 2914 evacuatur;
1016 2847 1291 2916 quomodo
1346 2862 1452 2898 non
1509 2848 1680 2912 magis
1734 2847 2066 2903 ministratio

473 2939 710 3009 Spiritus
741 2939 846 2994 erit
871 2939 925 2992 in
956 2937 1166 3008 gloria?
1191 2956 1210 2990 ι
1248 2934 1414 3008 294
1445 2935 1567 2991 Hinc
1598 2937 1666 2990 iis
1690 2935 1887 2992 similia
1916 2948 2064 3002 sunt,

470 3024 675 3102 qute'a
720 3029 930 3085 Joanne
983 3030 1291 3085 dicuntur:
1332 3048 1351 3080 ι
1408 3028 1653 3083 Vidimus
1672 3027 1786 3100 (72)
1836 3029 2064 3099 gloriam

2175 1931 2553 2004 Ἦγοράσθητε
2577 1931 2687 2003 γὰρ
2707 1931 2898 2002 τιμῆς.
2934 1930 3207 1997 Δοξάσατε
3258 1929 3324 2001 δὴ
3350 1929 3443 1983 τὸν
3481 1928 3613 1982 Θεὸν
3665 1927 3752 1981 τὸν

2161 2028 2220 2080 ὲν
2249 2026 2360 2087 τοῖς
2384 2022 2631 2096 σώμασιν
2655 2024 2685 2076 ὑ
2695 2023 2830 2095 μῶν·
2846 2043 2863 2075 ι
2886 2022 3032 2077 τοῦτ’
3054 2021 3223 2087 ἔστιν,
3251 2022 3312 2075 τὸ
3344 2022 3497 2090 ἆγιον
3512 2018 3750 2091 Πνεῦμα.

2163 2116 2273 2171 Καὶ
2293 2115 2454 2169 πάλιν
2480 2115 2971 2187 προαναφωνήσας,
3004 2132 3023 2166 t
3049 2114 3106 2168 Ὁ
3121 2114 3178 2169 δὲ
3210 2115 3413 2184 Κύριος
3442 2112 3504 2167 τὸ
3535 2111 3754 2183 Πνεῦμα

2164 2209 2335 2270 ἐστιν,
2372 2226 2390 2258 ι
2427 2207 2643 2274 ὲπάγεν
2668 2226 2687 2258 ι
2709 2206 2900 2277 Ἡμεῖς
2923 2205 2981 2259 δὲ
3019 2205 3221 2269 πάντες
3254 2202 3753 2274 ἀνακεκαλυμμένῳ

2164 2297 2442 2370 προσώπῳ
2455 2296 2553 2369 τὴν
2565 2296 2720 2361 δόξαν
2736 2296 2943 2369 Κυρίου
2960 2292 3464 2366 κατοπτριζόμενοι,
3477 2292 3574 2364 τὴν
3590 2292 3753 2364 αὐτὴν

2169 2393 2359 2446 εἰκόνα
2412 2389 2914 2462 μεταμορφούμεθα
2944 2389 3055 2442 ἀπὸ
3086 2387 3245 2458 δόξης
3287 2388 3368 2449 εἰς
3399 2385 3580 2453 δόξαν,
3627 2383 3754 2437 καθ-

2165 2486 2311 2557 άπερ
2341 2484 2450 2536 ἀπὸ
2483 2483 2689 2554 Κυρίου
2728 2480 3065 2553 Πνεῦματος·
3097 2498 3119 2535 ι
3158 2481 3251 2534 καὶ
3277 2479 3458 2534 πάλιν·
3502 2498 3521 2532 ι
3552 2479 3618 2532 Et
3643 2477 3753 2549 δὲή

2164 2576 2409 2631 διακονία
2454 2574 2549 2629 τοῦ
2600 2573 2833 2629 θανάτου
2866 2576 2923 2627 tv
2953 2573 3278 2646 γράμμασιν
3338 2570 3753 2641 ἐντετυπωμένη

2166 2669 2335 2733 λίθοις
2366 2666 2495 2740 [155
2527 2666 2580 2739 b]
2644 2665 2880 2738 ἐγενήθη
2927 2666 2985 2718 tv
3022 2664 3170 2736 δόξῃ,
3205 2663 3345 2718 ὥστε
3385 2662 3459 2735 μὴ
3500 2660 3755 2716 δύνασθαι

2169 2763 2417 2817 ἀτενίσαι
2450 2760 2576 2824 τοὺς
2602 2761 2752 2825 υἱοὺς
2799 2757 3016 2830 Ἰσραὴλ
3045 2760 3125 2822 είς
3156 2756 3219 2811 τὸ
3265 2757 3555 2827 πρόσωπον
3596 2756 3758 2809 Μωῦ-

2170 2854 2328 2918 σέως,
2360 2852 2449 2905 διὰ
2472 2851 2571 2924 τὴν
2592 2851 2750 2916 δόξαν
2799 2849 2894 2903 τοῦ
2921 2848 3215 2921 προσώπου
3240 2846 3405 2902 αὐτοῦ
3430 2846 3530 2919 τὴν
3558 2862 3758 2919 καταρ·

2168 2946 2463 3017 γουμένην·
2498 2945 2616 3007 πῶς
2652 2943 2773 3015 οὐχ).
2820 2941 3019 3015 μᾶλλον
3040 2946 3073 3013 ἡ
3119 2940 3368 2997 διακονία
3396 2940 3491 2993 τοῦ
3516 2939 3760 3010 Πνεῦμα-

2167 3055 2260 3103 τος
2313 3037 2468 3090 ἔσται
2491 3038 2551 3090 tv
2579 3035 2747 3107 δόξῃς
2795 3053 2814 3087 ι
2871 3034 3227 3106 παραπλησία
3258 3033 3337 3106 τῷ
3375 3034 3480 3088 ὑπὸ
3516 3032 3755 3086 Ὶωάννιυ

471 3124 611 3196 ejus,
643 3123 868 3195 gloriam
914 3123 1072 3193 quasi
1109 3120 1381 3191 Unigeniti
1413 3135 1444 3175 a
1473 3119 1633 3175 Patre
1666 3137 1680 3173 :
1715 3119 1907 3189 plenus
1936 3138 2067 3191 gra-

2180 3129 2469 3202 εἰρημένῳ·
2500 3145 2520 3179 t
2557 3127 2769 3197 ’Ἱδομεν
2802 3126 2902 3197 τὴν
2930 3124 3089 3190 δόξαν
3123 3123 3312 3188 αὑτοῦ,
3354 3123 3512 3188 δόξαν
3539 3123 3614 3186 ὡς
3645 3122 3757 3175 Μο-

474 3193 564 3274 tiae
597 3193 667 3273 et:
692 3215 968 3280 veritatis;
1000 3233 1020 3268 ι
1049 3224 1105 3270 et
1129 3216 1346 3285 sapiens
1359 3214 1659 3271 Zorobabel
1679 3215 1756 3270 ait
1785 3232 1800 3270 :
1829 3233 1850 3267 ι
1877 3212 2067 3271 Omnis

2180 3193 2433 3289 voytvoiic
2478 3217 2631 3289 παρὰ
2668 3193 2908 3287 Πατρόςο
2965 3216 3179 3288 πλήρης
3210 3214 3433 3287 χάριτος
3479 3215 3572 3268 καὶ
3624 3212 3758 3285 άληα

476 3321 619 3367 terra
643 3310 757 3382 (75)
805 3309 1090 3365 veritatem
1119 3323 1297 3376 vocat,
1343 3322 1400 3365 et
1441 3310 1640 3366 ctelum
1681 3309 1970 3381 benedicit,
2009 3317 2068 3364 et

473 3403 661 3459 munia
697 3418 862 3473 opera
893 3399 1279 3458 concutiuntur
1323 3412 1380 3459 et
1427 3411 1684 3458 tremunt.
1716 3418 1736 3452 ι
1766 3393 2066 3455 γοτὶωὲιιι

475 3505 660 3551 autem
711 3496 845 3550 dicit
883 3492 1148 3563 Spiritum
1180 3503 1451 3557 sanctum,
1486 3503 1545 3547 ut
1585 3507 1653 3547 ex
1690 3492 2067 3547 antecedenti-

477 3589 581 3644 bus
602 3584 928 3641 testimoniis
951 3595 1118 3655 patet.
1154 3585 1216 3640 Et
1244 3585 1359 3654 ipse
1395 3584 1488 3638 Dei
1512 3583 1750 3653 Spiritus
1784 3599 1880 3653 per
1909 3569 2067 3639 Psal-

479 3685 592 3734 tem
629 3677 801 3742 inquit
842 3695 858 3732 :
900 3695 921 3729 ι
948 3678 1055 3732 Eos
1072 3677 1208 3748 (74),
1254 3676 1346 3745 qui
1403 3675 1710 3745 gloriﬁcant
1751 3690 1857 3738 me.
1898 3673 2065 3745 glori-

481 3767 677 3832 ﬁcabo,
713 3778 768 3822 et
793 3775 1111 3836 spernentes
1138 3782 1225 3821 tne
1252 3774 1602 3835 spernentur.
1637 3783 1658 3818 ι
1698 3764 1850 3833 Quod
1883 3775 2065 3820 autem

479 3858 648 3914 etiam
674 3858 836 3914 simul
869 3860 1127 3914 adoretur
1169 3858 1287 3929 ipse
1318 3873 1442 3913 cum
1485 3856 1645 3913 Patre
1686 3866 1741 3911 et
1780 3856 1935 3921 Filio,
1973 3872 2069 3927 pa-

484 3948 719 4004 triarcha
750 3949 954 4017 docuit,
971 3965 1093 4005 cum
1111 3949 1179 4004 ad
1202 3962 1460 4019 quercum
1492 3947 1731 4002 Mambre
1748 3948 1860 4020 (75)
1877 3947 2070 4017 aeqna|i

483 4041 694 4100 honore
741 4052 989 4099 sanctam
1050 4040 1374 4097 Trinitatem
1429 4039 1647 4111 excepit
1704 4047 1760 4094 et
1805 4041 2071 4109 adoravit,

557 4221 670 4296 (iis)
712 4221 920 4296 Gratia.
958 4219 1015 4296 ll
1039 4221 1169 4296 Cor.
1200 4238 1317 4292 χιιι,
1347 4224 1436 4279 15.

559 4291 674 4364 (65)
710 4291 767 4364 Si
803 4308 927 4363 qua.
961 4293 1195 4362 Philipp.
1225 4291 1370 4359 11,1.

561 4360 676 4436 (66)
707 4360 987 4436 Curantes.
1019 4360 1221 4436 _Epl_t_es.
1254 4380 1331 4429 iv,
1364 4364 1451 4436 1⁷)ζ
1471 4360 1834 4436 Hieronymus
1861 4376 2077 4436 quoque

489 4435 546 4492 in
573 4431 986 4503 commentariis
1012 4433 1067 4486 in
1099 4431 1272 4495 Epist.
1303 4435 1371 4488 ad
1405 4431 1597 4503 Eplies.
1626 4431 1694 4486 ad
1737 4435 1878 4487 hunc
1906 4431 2083 4486 locum

493 4506 653 4572 (tom.
682 4502 798 4567 VII,
833 4518 955 4573 pag.
996 4502 1125 4571 608)
1160 4506 1378 4560 nomine
1425 4502 1461 4554 ι
1492 4502 1727 4572 Spiritus
1754 4522 1774 4556 ι
1831 4503 2083 4574 intelligit

497 4574 760 4645 Spiritum
789 4583 1056 4645 sanctum.

566 4643 678 4716 (67)
707 4646 789 4716 4η
820 4644 1056 4716 nescitis.
1088 4641 1139 4716 1A
1159 4643 1286 4700 Cor.
1318 4659 1392 4709 γι,
1419 4642 1506 4716 19,
1527 4641 1620 4698 20.

591 4713 986 4786 6§)1_)_omiitus.
1016 4714 1059 4786 ll
1095 4714 1229 4786 _Cor.
1263 4731 1346 4779 ιιι,
1385 4715 1472 4769 17.

592 4782 680 4856 69)
719 4783 831 4856 Nos
851 4800 991 4853 vero.
1018 4782 1066 4856 ll_
1081 4783 1206 4856 Ωον.
1237 4800 1317 4849 In,
1356 4786 1444 4856 i8.

593 4853 684 4925 7U)
722 4853 997 4925 Stantem.
1032 4853 1073 4907 ll
1124 4854 1248 4925 (lor.
1279 4871 1361 4918 ut,
1397 4855 1450 4918 7,
1486 4854 1541 4910 8.

594 4921 684 4995 ’11)
714 4921 781 4975 In
820 4923 1112 4995 lapidibus.
1151 4923 1338 4980 Graeca
1370 4926 1559 4991 editio,
1596 4926 1653 4978 tv
1681 4923 1876 4989 λίθοις.
1912 4924 2084 4995 Didy-

504 5007 627 5047 mus
655 4994 858 5047 Omittit
898 4996 1138 5046 voculam
1172 4995 1252 5049 ἐν.

578 5062 691 5135 (72)
736 5060 994 5135 Vidimus.
1023 5063 1181 5119 Juan.
1226 5066 1386 5128 1,”.
1434 5064 1730 5119 Bibliornm
1777 5064 1945 5119 editio
1986 5078 2085 5131 pro

507 5131 693 5204 ἴδομεν
726 5133 888 5186 liabet
931 5131 1331 5207 ἐθεασάμεθα,
1374 5151 1537 5206 quam
1579 5136 1867 5191 lectionem
1916 5135 2086 5205 Didy-

508 5212 882 5274 musisequtus
908 5213 990 5257 est
1014 5205 1187 5274 segni.
1216 5205 1287 5259 4:3
1315 5206 1367 5261 b.

580 5273 695 5344 (75)
727 5271 913 5327 Omnis
975 5271 1135 5328 terra.
1192 5275 1321 5330 Haec
1366 5290 1471 5329 non
1521 5291 1587 5331 ex
1640 5276 1776 5330 libro
1810 5275 2086 5329 Canonieo

486 5356 724 5411 .sumpta
758 5353 904 5405 sunt,
932 5345 1025 5397 sed
1069 5360 1136 5398 ex
1180 5344 1273 5399 lib.
1314 5361 1371 5400 ιιι
1426 5345 1628 5410 Εειιταξ,
1677 5361 1798 5411 cap.
1831 5360 1904 5406 tv,
1942 5360 2083 5398 vers.

509 5361 724 5411 sumpta
758 5361 904 5405 sunt,
932 5361 1025 5397 seu
1069 5361 1136 5398 ex
1180 5361 1273 5399 Ito.
1314 5361 1371 5400 ιιι
1426 5361 1628 5410 mura),
1677 5361 1798 5465 capl.
1831 5361 1904 5406 tv,
1942 5361 2083 5398 vers.

509 5413 601 5469 56.
629 5412 826 5482 Grieca
843 5422 1022 5482 autem
1050 5414 1217 5468 editio
1236 5415 1354 5482 ejus
1381 5415 1502 5468 libri
1525 5417 1686 5469 habet
1709 5430 1723 5466 :
1794 5416 1968 5468 ἄσα...
1990 5415 2088 5468 καὶ

510 5483 740 5555 οὐρανὸς
769 5481 941 5552 αὐτὴν
994 5483 1223 5552 εὐλογεῖ,
1270 5481 1332 5540 et
1384 5494 1606 5538 camera.
1666 5483 1859 5538 Latina
1919 5499 2083 5538 vero:

520 5572 541 5606 ι
562 5554 748 5610 Omnis
773 5562 917 5606 terra
951 5555 1229 5609 veritatem
1253 5555 1487 5615 invocat,
1516 5555 1711 5609 ctelum
1730 5555 1891 5607 etiam
1920 5554 2088 5622 ipsam

517 5623 806 5686 benedicit,
838 5635 892 5675 et
940 5625 1122 5677 omnia
1178 5637 1342 5692 opera
1399 5635 1701 5690 moventur,
1735 5632 1791 5676 et
1849 5634 2090 5679 tronuint

518 5706 658 5762 eam.
689 5710 708 5743 ι
740 5691 883 5747 idem
920 5693 1069 5748 locus
1113 5691 1311 5748 citatur
1363 5693 1527 5747 etiam
1556 5710 1585 5745 a
1616 5693 1801 5747 Flavio
1850 5693 2089 5762 Josepbo

521 5757 614 5814 lib.
655 5776 729 5828 xi,
757 5777 876 5832 cap.
903 5764 958 5830 5,
999 5773 1055 5819 et
1083 5766 1224 5833 apud
1266 5763 1526 5822 Basiliam
1567 5762 1662 5822 lib.
1696 5778 1749 5832 v,
1792 5764 1850 5821 in
1898 5757 2086 5820 Enita-

2173 3311 2343 3375 θείας.
2382 3329 2401 3363 ι
2432 3310 2545 3364 Kal
2570 3312 2600 3365 6
2645 3309 2807 3380 σοφὸς
2855 3307 3165 3381 Ζοροϐάϐελ
3211 3307 3399 3378 φησιν·
3442 3325 3462 3358 ι
3521 3306 3681 3361 Πᾶσα
3724 3307 3757 3376 ἡ

2172 3404 2247 3475 γῆ
2270 3403 2369 3475 τὴν
2401 3401 2661 3469 ἀλήθειαν
2702 3400 2879 3463 καλεῖ,
2923 3400 3019 3455 καὶ
3047 3399 3077 3451 6
3121 3397 3350 3471 οὐρανὸς
3389 3397 3620 3465 εὐλογεῖ,
3669 3397 3763 3451 καὶ

2174 3496 2353 3550 πάντα
2397 3494 2465 3548 τά
2518 3493 2656 3566 ἔργα
2691 3492 2897 3547 σείεται
2933 3492 3029 3545 κα)⁸
3064 3491 3279 3563 τρέμει·
3328 3509 3348 3543 ι
3407 3490 3664 3562 ἀλήθειαν
3707 3487 3764 3542 δὲ

2176 3585 2240 3639 τὸ
2271 3585 2426 3653 ἆγιον
2458 3584 2687 3655 Πνεῦμα
2715 3582 2888 3652 λέγει,
2922 3582 2999 3646 ὡς
3026 3582 3286 3654 ἀνωτέρω
3321 3581 3757 3653 μεμαρτύρηται.

2174 3677 2287 3731 Καὶ
2336 3676 2470 3730 αὐτὸ
2491 3675 2547 3729 δὲ
2581 3675 2644 3728 τὸ
2675 3673 2904 3744 Πνεῦμα
2932 3671 3029 3726 τοῦ
3058 3671 3195 3725 Θεοῦ
3217 3671 3306 3726 διὰ
3334 3670 3430 3725 τοῦ
3456 3667 3759 3741 Ψαλμφδοῦ

2173 3767 2341 3835 λέγει’
2385 3787 2403 3819 ι
2439 3768 2579 3831 Τοὺς
2606 3764 2931 3831 δοξάζοντας
2960 3782 3027 3836 με
3055 3764 3283 3832 δοξάσω,
3307 3765 3402 3818 καὶ
3438 3767 3489 3819 οἱ
3550 3762 3765 3830 ἐξουθε-

2173 3858 2393 3922 νοῦντές
2416 3876 2483 3931 με
2514 3858 3045 3930 ἐξουθενηθήσονται.
3081 3878 3098 3909 ι
3128 3859 3251 3912 Ὅτι
3272 3858 3329 3911 δὲ
3358 3858 3453 3911 καὶ
3478 3871 3762 3927 συμπροσ-

2178 3955 2420 4005 κυνείται
2448 3950 2528 4021 τῷ
2556 3951 2733 4022 Πατρὶ
2779 3951 2874 4006 καὶ
2907 3950 2984 4023 τῷ
3031 3950 3169 4019 Υἱῷ,
3204 3953 3231 4004 6
3261 3950 3564 4022 προπάτωρ
3590 3946 3765 4002 ἐδίδα-

2182 4041 2271 4109 ξεν
2298 4042 2356 4095 tv
2379 4043 2445 4113 τῇ
2492 4040 2615 4113 δρυῒ
2640 4044 2709 4114 τῇ
2738 4041 3007 4115 Μαμσρῇ,
3035 4042 3134 4114 τὴν
3180 4041 3342 4111 ἁγίαν
3364 4040 3640 4113 ὁμοτίμως
3684 4037 3758 4092 δε-

2183 4237 2372 4289 mzum,
2415 4238 2538 4292 pag.
2574 4223 2700 4287 510,
2732 4238 2822 4277 um
2855 4243 2875 4276 ‹
2909 4231 3193 4278 Veritatis:
3229 4220 3637 4292 nominet'ilius
3667 4234 3764 4292 ve-

2186 4295 2305 4365 nire
2334 4289 2553 4348 dicitur.
2586 4294 2748 4365 Quin
2787 4294 3023 4365 Cyrillus
3073 4293 3476 4365 Aleitandrinns
3516 4291 3614 4365 lib.
3651 4305 3671 4365 ι
3710 4289 3765 4365 in

2183 4362 2487 4434 datiuum,
2517 4359 2642 4434 pag.
2684 4361 2754 4416 26
2794 4359 3044 4418 eumdem
3086 4361 3242 4434 aﬂert
3289 4360 3444 4434 quasi
3489 4359 3770 4434 eilivinis

2192 4432 2487 4502 Scriptnris
2512 4430 2922 4502 depromptum;
2959 4434 3040 4487 sic
3068 4433 3212 4484 enini
3257 4431 3492 4502 scribit:
3535 4430 3624 4502 Ὠς
3653 4430 3770 4500 γάρ

2190 4501 2360 4574 φησιν
2384 4501 3012 4575 ήθεόπνευστος-Γραφή
3035 4519 3053 4536 ο
3078 4502 3293 4575 Πᾶσα-ἡ
3323 4501 3415 4572 γῆ.
3444 4517 3499 4575 κ.
3526 4501 3679 4575 τηλ..
3718 4503 3772 4554 id

2187 4572 2286 4644 est
2324 4591 2338 4627 :
2379 4572 2495 4629 (Ut
2520 4577 2664 4628 enim
2689 4573 2766 4627 ait
2794 4572 3107 4644 Scriptura
3138 4572 3398 4644 divinitus
3449 4572 3721 4644 inspirata
3755 4586 3775 4619 -.

2190 4639 2449 4697 Universa
2475 4655 2645 4709 terra,
2671 4662 2690 4695 ι
2717 4652 2772 4698 et
2795 4638 3018 4713 reliqua.
3054 4641 3231 4697 Simili
3262 4638 3502 4713 modos.
3534 4638 3780 4713 Athana-

2186 4713 2302 4767 sius
2334 4715 2386 4766 in
2417 4728 2669 4769 sermone
2708 4711 3007 4781 majori'De
3044 4714 3168 4780 fide,
3199 4727 3348 4765 num.
3382 4712 3471 4776 55,
3506 4728 3626 4780 pag.
3673 4711 3776 4774 18,

2185 4798 2252 4836 ex
2286 4786 2478 4838 eodem
2500 4784 2814 4854 apocrypbo
2847 4784 2987 4839 libro
3011 4782 3436 4854 vei-ba_prolert.
3473 4783 3782 4854 itidemqlie

2186 4860 2433 4908 vetustus
2483 4848 3097 4918 aiictor"Qumtia'nunt
3158 4848 3362 4906 veteris
3393 4862 3441 4905 et
3483 4848 3622 4905 Novi
3676 4849 3786 4904 Te-

2186 4923 2475 4993 giamenti,
2540 4924 2747 4993 Didymi
2804 4923 3037 4993 fortasse
3082 4923 3349 4992 aequalis,
3401 4924 3591 4993 eodem
3661 4937 3788 4989 quo

2190 4991 2448 5065 Didymus
2484 4988 2910 5065 inodo'loquens
2960 4991 3128 5065 (part.
3149 4988 3397 5065 uittam.
3428 4991 3491 5045 Ill
3519 4988 3775 5065 Opert’itn

2187 5060 2475 5131 Augustini
2525 5067 2611 5118 ed.
2660 5060 2941 5129 Mattrittte,
2971 5060 3117 5133 "pag.
3161 5063 3269 5133 108
3306 5060 3657 5133 Appendicis)
3697 5062 3787 5115 sic.

2187 5135 2436 5186 eumdem
2490 5135 2664 5190 citat:
2703 5154 2722 5186 ι
2748 5134 2816 5187 Et
2862 5131 3005 5187 audii
3042 5131 3342 5187 Zorobabel
3385 5132 3510 5199 quia
3569 5144 3786 5198 «super

2197 5220 2217 5253 ‹
2247 5204 2457 5268 omnia,
2486 5223 2505 5256 ι
2533 5207 2629 5273 ait,
2659 5224 2678 5256 ι
2707 5204 2871 5258 vincit
2909 5204 3128 5258 veritas.
3164 5220 3182 5254 ι
3217 5205 3348 5267 Qua?
3375 5201 3535 5273 verba
3554 5209 3789 5254 exstant

2188 5287 2309 5345 cap.
2344 5289 2427 5338 Itt,
2459 5289 2604 5330 vers.
2652 5276 2722 5329 12
2763 5275 2889 5345 ejus
2918 5274 3060 5345 libri.
3090 5275 3312 5327 Demutn
3343 5272 3684 5345 Ambrosius,
3708 5282 3784 5345 _t_tt

2191 5344 2327 5397 alios
2363 5355 2594 5410 taceant,
2636 5346 2728 5400 lib.
2776 5340 2813 5400 ii
2856 5343 2935 5397 De
2985 5342 3189 5410 Spiritu
3236 5354 3442 5407 sancto,
3476 5357 3596 5410 cap.
3633 5340 3667 5394 6
3705 5340 3783 5393 ii-

2190 5413 2346 5483 brnm
2377 5426 2628 5483 quartum
2664 5416 2848 5470 Esdra:
2885 5414 3100 5482 allegat.

2263 5480 2564 5555 (Ἰ4)”Εο.ς.
2624 5484 2643 5538 Ι
2699 5485 2833 5555 Reg.
2887 5499 2948 5547 ti,
2994 5480 3077 5538 '52
3116 5497 3249 5555 tseu
3314 5480 3567 5555 ‘50),_nbi
3607 5481 3785 5536 Com-

2194 5551 2461 5622 plutensis
2486 5556 2653 5608 euitio
2683 5557 2763 5610 sic
2782 5551 2998 5617 'babet,
3030 5565 3086 5607 ut
3114 5551 3394 5622 Didymus.
3427 5551 3630 5622 Tanieu
3668 5566 3780 5618 pro

2191 5621 2707 5694 ὲξουθενηθήσονται
2768 5626 2824 5680 in
2858 5642 2921 5680 ea
2975 5625 3172 5695 legitur
3215 5621 3781 5695 ἑξουθενωθήσονται.

2190 5695 2322 5747 Alia!
2354 5695 2513 5757 paulo
2535 5696 2710 5748 aliter.

2266 5763 2377 5832 (75)
2415 5763 2670 5823 Mambre.
2707 5764 2836 5824 Vide
2860 5764 2996 5822 Gen.
3037 5779 3191 5832 xviii,
3219 5764 3271 5835 l,
3296 5764 3333 5819 2
3354 5778 3473 5833 sqq.
