4054 6432
391 377 503 431 ’745

1423 373 1512 428 DE
1551 369 1928 429 TRINITATE
1968 374 2177 431 LIBER
2217 375 2607 436 SECUNDUS.

3547 369 3650 428 ιιι

391 489 728 560 ξιωσάμενος
783 487 879 543 καὶ
944 489 1327 562 προσκυνήσας
1380 489 1607 560 Τριάδα,
1659 488 1736 552 ὡς
1788 490 1846 542 ὲν

2083 491 2217 545 sicut
2239 491 2290 544 in
2314 493 2488 562 primo
2517 495 2659 566 λόγῳ
2686 492 2792 565 (76)
2824 493 3024 548 dictum
3057 502 3159 548 est.
3191 489 3390 546 Paulus
3417 505 3652 562 quoque,

391 581 832 652 πρὼτῳιεῖρηται
866 580 1024 650 λόγῳ.
1058 581 1168 634 Καὶ
1215 583 1244 633 ὁ
1272 581 1484 643 Παῦλος
1533 581 1590 632 δὲ
1619 579 1878 650 ἔγραψενν
1901 582 1976 646 ὡς

393 672 646 742 ἀνωτέρω
697 674 776 734 είς
804 672 902 735 τὰς
932 671 1205 739 θεολογίας
1232 671 1326 724 τοῦ
1357 671 1680 741 Πνεύματος
1738 670 1976 742 ἐδείχθη,

392 765 473 817 ὅτι
510 783 528 815 ι
575 765 765 817 Πεσὼν
801 765 896 817 ἐπὶ
940 764 1232 836 πρόσωπον
1278 764 1667 833 προσκυνήσει.
1709 780 1727 813 ι
1762 763 1978 832 Αίρετι-

393 858 480 910 κοὶ
511 857 588 922 δὲ,
615 855 692 926 τῷ
727 857 856 926 περὶ
885 855 945 908 τὸ
981 855 1267 926 βάπτισμα
1305 853 1609 924 δεσποτικῷ
1647 852 1979 924 θεσπίσματι

395 948 487 1000 καὶ
547 945 627 1017 τῷ
695 946 1001 1015 Ἀποστόλῳ
1067 944 1637 1015 ἀντινομοθετοῦντες,
1705 946 1799 997 καὶ
1850 944 1978 1016 περὶ

394 1038 634 1102 πλείονος
678 1037 1013 1108 ποιούμενοι,
1062 1039 1271 1108 μήποτε
1301 1035 1603 1106 φωραθεῖεν
1636 1036 1846 1106 ἀπηχὲς
1902 1036 1977 1106 μὴ

392 1131 683 1202 προέμενοι
743 1129 882 1182 κατά
911 1129 1007 1182 τοῦ
1041 1113 1170 1182 Υἱοῦ
1201 1129 1294 1182 καὶ
1321 1127 1414 1180 τοῦ
1448 1127 1602 1195 ἁγίου
1634 1127 1976 1197 Πνεύματος,

393 1220 511 1271 κατ’
541 1217 746 1271 οἰκείαν
771 1217 960 1288 ὥσπερ
987 1216 1234 1270 σύνθεσιν
1261 1215 1360 1288 τὴν
1398 1215 1705 1284 δοξολογίαν
1729 1216 1978 1287 ἀναπέμ-

394 1325 578 1361 πουσι.

1025 1397 1183 1448 ΚΕΦ.
1223 1397 1351 1449 KA'.

462 1485 600 1548 Τοὺς
629 1485 683 1538 δὲ
711 1484 1287 1554 άντιδιαταττομένους
1308 1485 1402 1538 καὶ
1428 1484 1584 1548 ἰδίαις
1613 1487 1976 1557 παραδόσεσιν

393 1577 779 1647 ὲναμείϐοντας
828 1579 927 1648 τὴν
978 1576 1197 1647 ἐντολὴν
1227 1577 1318 1629 τοῦ
1350 1577 1507 1642 Θεοῦ,
1541 1578 1716 1649 μάτην
1737 1579 1976 1644 ἐλπίζειν

390 1671 489 1740 τῆς
547 1669 818 1738 βασιλείας
847 1667 1010 1722 αὐτοῦ
1040 1671 1221 1738 τυχεῖν
1254 1671 1282 1721 ὁ
1307 1669 1496 1740 Σωτὴρ
1523 1670 1786 1723 διδάσκων
1816 1674 1873 1723 ὲν
1899 1671 1974 1742 τῷ

392 1761 534 1814 κατὰ
583 1761 807 1832 Μάρκον
858 1761 1196 1831 Εὐαγγελίῳ,
1243 1763 1355 1824 τοῖς
1409 1759 1536 1831 [156
1571 1761 1626 1833 a]
1660 1762 1973 1832 Φαρισαίοις

2078 591 2138 636 ιιι
2167 585 2412 652 superius
2431 585 2544 657 (77)
2582 589 2634 640 in
2677 585 2993 656 theologicis
3037 585 3103 638 de
3147 583 3350 650 Spiritu
3403 583 3654 638 testimo-

2079 674 2184 728 niis
2217 687 2491 731 ostensum
2517 686 2621 742 est,
2655 677 2873 746 scripsit
2907 695 2921 731 :
2961 694 2978 726 ι
3019 673 3445 744 Procidens(78)
3478 673 3528 726 in
3569 672 3652 726 fa-

2077 765 2215 818 ciem
2250 767 2545 822 adorabit.»
2574 767 2680 822 Sed
2714 766 2953 822 haeretici
2987 782 3048 820 ea
3085 766 3515 831 ediceutes,qua3
3542 770 3652 814 tum

2081 854 2292 910 Domini
2331 869 2622 928 pracepto,
2673 875 2781 929 quo
2821 859 3148 928 baptismum
3196 855 3427 910 conferri
3469 853 3651 923 jltSsil,

2085 954 2195 999 tum
2252 948 2510 1017 Apostnlo
2567 953 2944 1011 adversantur,
3003 958 3058 1004 et
3113 948 3240 1000 illud
3291 946 3523 999 maxime
3566 960 3653 998 ca-

2079 1046 2287 1099 vcntes,
2323 1054 2388 1092 ne
2425 1038 2566 1094 forte
2617 1042 2800 1095 odium
2835 1051 3025 1096 contra
3069 1038 3260 1093 Filium
3303 1049 3356 1093 et
3392 1036 3653 1107 Spiritum

2078 1138 2326 1182 sanctum
2355 1131 2667 1198 deposuisse
2694 1132 3187 1200 deprehendantur,
3212 1127 3507 1183 secundum
3532 1140 3659 1194 pro-

2079 1218 2252 1284 prium
2298 1220 2534 1288 ipsorum
2571 1219 2731 1274 veluti
2766 1219 3231 1289 compositionem.
3279 1217 3386 1269 Deo
3434 1213 3658 1268 domin-

2081 1309 2246 1378 giam,
2278 1309 2328 1364 id
2363 1321 2468 1377 est,
2510 1311 2979 1379 gloriﬁcatiouem,
3025 1309 3252 1364 reddunt
3301 1322 3365 1361 ac
3399 1303 3655 1359 oﬂeruut.

2681 1400 2830 1456 CAP.
2870 1399 3060 1456 XXIV.

2149 1485 2255 1540 Eos
2282 1499 2487 1552 autem,
2517 1489 2608 1560 qui
2651 1489 2763 1544 ltmc
2797 1490 3130 1558 impugnant,
3163 1488 3361 1556 quique
3408 1486 3656 1555 proprias

2077 1575 2393 1632 traditiones
2431 1588 2699 1648 praecepto
2733 1580 3030 1646 subrogaut
3063 1575 3180 1637 Dei,
3207 1575 3402 1628 frustra
3434 1587 3656 1641 sperate

2077 1684 2136 1723 se
2163 1685 2387 1738 regnum
2437 1670 2552 1736 ejus
2597 1680 3007 1730 consecuturos,
3052 1668 3253 1721 docens
3305 1665 3554 1721 Salvator
3598 1663 3652 1714 in

2077 1761 2369 1830 Evangelio
2398 1763 2690 1817 secundum
2712 1762 2977 1822 Marcum,
3002 1757 3284 1812 Pltarismis
3307 1755 3397 1824 qui
3429 1753 3651 1813 similia,

393 1852 752 1923 παραπλήσια
785 1853 1085 1922 αίρετικοῖς
1133 1853 1467 1924 φρονήσασιν
1519 1848 1673 1905 εἷπε·
1716 1873 1734 1906 ι
1773 1856 1869 1909 Διά
1922 1857 1974 1908 τί

2083 1868 2138 1904 ac
2196 1851 2456 1914 haeretici,
2497 1851 2821 1915 sentiebant,
2871 1851 2989 1904 ait:
3030 1867 3047 1899 ι
3079 1849 3256 1914 Quare
3280 1846 3392 1918 (79)
3439 1844 3651 1898 irritmn

392 1943 633 1996 ἀθετεῖτε
673 1943 772 2012 τὴν
819 1942 1038 2012 ἐντολὴν
1067 1941 1160 1994 τοῦ
1204 1942 1360 2007 Θεοῦ,
1413 1943 1499 1995 ἵνα
1527 1943 1626 2014 τὴν
1676 1945 1976 2017 παράδοσιν

393 2035 546 2104 ὑμῶν
574 2035 884 2105 τηρήσητε;
937 2034 1181 2104 Μωῦσῆς
1208 2033 1316 2103 γάρ
1364 2029 1538 2088 εἶπεν·
1573 2035 1720 2106 Τίμα
1757 2036 1846 2090 τὸν
1876 2055 1978 2090 πα-

390 2123 526 2193 τέρα
567 2140 659 2175 σου
721 2123 815 2175 καὶ
841 2122 939 2190 τὴν
974 2121 1187 2192 μητέρα
1241 2138 1354 2174 σου·
1402 2122 1516 2183 καὶ,
1554 2122 1611 2174 '0
1667 2122 1979 2177 κακολογῶν

396 2212 627 2283 πατέρα,
670 2212 702 2283 ἢ
754 2213 984 2285 μητέρα,
1035 2211 1251 2282 θανάτῳ
1293 2211 1620 2265 τελευτάτω.
1691 2214 1881 2284 Ὑμεῖς
1925 2214 1980 2266 δὲ

393 2302 598 2370 λέγετε·
653 2304 778 2355 Ἐὰν
809 2303 936 2374 εἴπῃ
977 2301 1263 2373 ἄνθρωπος
1292 2302 1370 2372 τῷ
1405 2303 1593 2374 πατρὶ,
1635 2304 1753 2376 ἢτῇ
1793 2304 1978 2374 μητρὶ,

395 2394 633 2465 Κορϐάν.
656 2393 683 2445 ὂ
709 2393 803 2446 ἐὰν
836 2394 894 2460 ἐξ
926 2393 1059 2464 ἐμοῦ
1097 2395 1382 2466 ὠφελήθης
1404 2413 1416 2425 ο
1452 2397 1546 2448 καὶ
1573 2395 1672 2448 οὐκ
1698 2396 1773 2448 ἔτι
1796 2396 1982 2464 ἀφίετε

394 2485 556 2536 αὐτὸν
570 2485 718 2537 οὐδὲν
736 2485 956 2554 ποιῆσαι
974 2484 1048 2555 τῷ
1067 2489 1232 2555 πατρὶ
1253 2487 1439 2550 αὑτοῦ,
1462 2487 1494 2557 ἢ
1517 2490 1582 2557 τῇ
1607 2505 1713 2558 μητ
1723 2488 1774 2556 pl.
1794 2487 1980 2548 αὑτοῦ,

394 2575 722 2646 ἀκυροῦντες
734 2576 986 2644 τὸνλόγον
999 2576 1092 2629 τοῦ
1105 2576 1238 2629 Θεοῦ
1251 2580 1313 2647 τῇ
1329 2577 1536 2648 παραδὸ
1543 2597 1619 2630 σει
1633 2581 1661 2630 ύ
1670 2579 1804 2649 μῶν.
1818 2597 1836 2630 ι
1852 2581 1915 2632 Ὃ
1927 2580 1983 2632 δὲ

394 2667 562 2737 λέγει,
585 2667 823 2720 τοιοῦτόν
847 2671 1016 2721 ἐστιν·
1047 2669 1105 2720 '0
1123 2666 1216 2720 τοῦ
1235 2666 1532 2737 φιλοψύχου
1551 2670 1685 2722 Θεοῦ
1699 2671 1862 2739 νόμος
1881 2687 1985 2721 πα-

397 2762 747 2832 ρακελεύεται
775 2761 847 2832 μὴ
867 2759 1197 2820 ἀθετεῖσθαι,
1223 2761 1359 2831 μήτε
1377 2762 1806 2832 κακηγορεῖσθαι
1827 2761 1986 2812 πατέ-

399 2869 518 2923 ρας,
549 2851 689 2905 καθὰ
724 2851 1164 2923 προγέγραπται·
1193 2850 1268 2913 ὡς
1297 2850 1341 2902 δ’
1373 2846 1440 2903 αὖ
1479 2851 1642 2904 πάλιν
1669 2851 1984 2920 ἀγαπᾶσθαι

396 2945 524 3005 τοὺς
547 2943 738 3006 παῖδας
767 2944 858 2996 ὑπ’
895 2942 1097 3007 αὐτῶν,
1127 2942 1224 2994 καὶ
1256 2942 1330 3012 μὴ
1353 2941 1782 3014 παροργίζεσθαι
1813 2960 1983 3013 προσο

396 3039 602 3090 τάττει.
647 3037 719 3088 Τὸ
740 3036 797 3088 δὲ
831 3033 1180 3106 Ἰσραηλιτῶν
1217 3034 1336 3098 ἔθος
1363 3035 1616 3088 ἐϐούλετο
1635 3036 1864 3088 ἕκαστον
1891 3035 1984 3087 τοῦ

396 3127 528 3182 λαοῦ
539 3169 552 3190 ,
571 3129 694 3196 ἀφιε
705 3125 896 3196 ροῦντα
913 3125 1100 3178 ἑαυτὸν
1111 3124 1191 3195 τῷ
1202 3125 1332 3194 ναῷ,
1354 3143 1486 3194 φανε
1493 3127 1561 3197 ρὰ
1575 3126 1710 3196 πρὸς
1720 3126 1816 3198 τὴν
1828 3126 1987 3178 δύνα-

403 3235 496 3286 μιν
527 3191 858 3288 προσφέρειν
907 3215 986 3285 τῷ
1031 3191 1184 3286 ἱερῷ,
1239 3191 1395 3268 ἀτινά
1426 3191 1643 3285 ἐλέγετο
1672 3191 1910 3287 Κορϐάν,
1955 3217 1984 3269 ὃ
2011 3191 2056 3252 C

399 3306 765 3378 ἑρμηνεύεται
828 3305 1044 3373 δῶρον,
1090 3305 1167 3368 ὡς
1220 3305 1283 3377 δὴ
1325 3305 1403 3374 τῷ
1457 3307 1576 3377 Θεῷ
1608 3307 1978 3376 ἀνακείμενα·

399 3405 593 3476 κέρδος
623 3406 679 3458 δὲ
709 3405 916 3474 ἐγίνετο
939 3406 1048 3459 τῶν
1087 3405 1295 3476 ἱερέων.
1330 3401 1604 3474 Ὀκνηρῶς
1639 3395 1732 3453 οὖν
1753 3399 1984 3468 ἑχόντων

403 3501 638 3571 μάλιστα
661 3500 771 3553 τῶν
806 3500 1046 3572 πατράσι
1075 3500 1142 3552 τά
1161 3500 1432 3567 ἀναγκαῖα
1463 3497 1719 3566 χορηγεῖν
1744 3492 1984 3561 ὀφειλόν-

397 3610 506 3644 των
535 3593 669 3664 πρδς
698 3591 854 3644 τοῦτο
881 3592 940 3644 τὸ
972 3591 1166 3662 δῶρον,
1231 3590 1324 3642 καὶ
1364 3587 1544 3651 καλῶς
1580 3586 1868 3653 λεγόντων,
1901 3585 1981 3637 ὅτι

398 3683 460 3735 ού
489 3683 706 3752 θεμιτὸν
736 3682 826 3736 τὸν
853 3681 1135 3751 ὀφείλοντα
1174 3682 1247 3752 μὴ
1278 3682 1555 3742 ἀποτῖσαι,
1595 3678 1829 3748 μάλιστα
1869 3680 1981 3740 τοῖς

399 3774 732 3843 γενομένοις·
759 3777 808 3826 οἱ
863 3775 1026 3845 ἱερεῖς
1058 3773 1439 3840 νεαλογοῦντες
1492 3771 1791 3833 ἐδίδασκον,
1841 3768 1980 3821 ὥστε

399 3866 527 3928 τοὺς
557 3864 880 3934 γενομένους
931 3864 1126 3934 μᾶλλον
1158 3864 1190 3933 ἢ
1221 3864 1282 3916 τὸ
1310 3859 1644 3934 προσφέρειν
1682 3860 1852 3932 δῶρον
1876 3875 1982 3912 πα-

404 3955 715 4026 ραϐλέπειν,
767 3955 861 4009 καὶ
885 3955 1094 4018 τέκνοις
1125 3953 1437 4006 ὑπετίθεντο
1466 3952 1648 4020 λέγειν
1708 3951 1978 4012 τοκεῦσιν,

399 4049 485 4099 ὅτι
515 4045 596 4098 Τὰ
623 4045 891 4116 προσόντα
935 4045 1088 4116 ἡμῖν,
1143 4045 1315 4116 δῶρόν
1375 4046 1541 4105 ἐστιν,
1581 4043 1674 4096 καὶ
1705 4044 1843 4112 ὅπερ
1886 4043 1981 4095 ἐὰν

402 4137 637 4208 λήψεσθε
692 4140 821 4209 παρ’
853 4137 1034 4206 ἡμῶν,
1061 4137 1220 4189 τοῦτο
1261 4135 1368 4189 ἀπὸ
1399 4135 1492 4188 τοῦ
1532 4134 1703 4205 δώρου
1733 4134 1825 4187 τοῦ
1880 4135 1980 4205 ἤδη

405 4230 814 4298 ὑποσχεθέντος,
868 4229 900 4298 ἢ
937 4227 1307 4290 ἀνατεθέντος,
1345 4227 1534 4299 ὥσπερ
1558 4227 1637 4297 τῷ
1677 4225 1796 4296 Θεῷ
1829 4227 1982 4294 ἀφαι·

409 4320 613 4390 ρεῖσθε·
640 4320 981 4390 κατεχόμεθα
1007 4320 1135 4390 γὰρ,
1165 4321 1348 4389 φησιν,
1376 4319 1455 4385 τῷ
1483 4319 1609 4390 περὶ
1631 4319 1793 4386 εὐχῆς
1815 4317 1978 4388 λόγῳ,

406 4411 483 4480 τῷ
517 4410 808 4474 κελεύοντι,
868 4410 1165 4481 εὐξάμενον
1214 4408 1542 4463 ἀποδιδόναι.
1587 4409 1784 4462 Ἐλθὼν
1809 4404 1900 4462 οὖν
1953 4408 1981 4460 ὀ

406 4501 535 4565 Θεὸς
561 4503 727 4572 Λόγος
763 4501 890 4574 [156
932 4503 986 4574 b]
1036 4503 1064 4554 ὁ
1096 4501 1169 4573 μὴ
1203 4501 1260 4568 ἐξ
1308 4498 1516 4564 ἐνδείας
1579 4500 1780 4569 γονέων
1818 4500 1978 4564 αύτδς
2011 4523 2055 4580 ι)

406 4593 669 4663 τιμᾶσθαι
703 4594 1043 4664 βουλόμενος,
1103 4593 1241 4662 μήτε
1281 4591 1520 4662 πατέρας
1551 4590 1680 4644 υἱῶν
1721 4589 1976 4660 ἀτιμοτέ-

411 4701 534 4752 ρους
567 4685 850 4756 ὑπάρχειν,
885 4684 1017 4737 ἀλλά
1048 4685 1181 4755 μήτε
1214 4682 1435 4744 τούτους
1477 4683 1724 4743 ἐκείνων,
1756 4682 1851 4733 καὶ
1883 4680 1979 4752 τὴν

408 4776 796 4848 προλεχθεῖσαν
830 4777 1005 4847 εὑρὼν
1054 4775 1224 4845 ἀσεϐῆ
1272 4775 1378 4827 τῶν
1424 4774 1613 4844 ἱερέων
1659 4773 1977 4844 παράδοσιν,

480 4972 592 5044 (76)
623 4971 687 5026 In
713 4957 1072 5044 primolitéytp.
1091 4971 1366 5044 Quisnam
1397 4979 1506 5044 est“
1517 4971 1724 5044 primus
1756 4970 1856 5044 iste
1885 4970 1972 5023 λό-

407 5041 534 5112 γος;
569 5043 622 5096 Ιιι
651 5043 824 5108 primo
849 5041 1062 5110 quidem
1090 5042 1248 5104 hujus
1275 5043 1452 5112 operis
1478 5041 1632 5102 libro,
1661 5051 1752 5094 aut
1776 5041 1970 5112 saltem

411 5110 462 5167 iu
501 5116 586 5177 iis,
623 5111 1383 5182 quae-supersunt,capitibus
1417 5112 1556 5182 nulla
1594 5114 1652 5164 tit
1699 5110 1858 5182 hujus
1890 5111 1966 5164 rei

415 5180 654 5236 mentio.’
676 5180 1001 5235 Memorat-ur
1027 5181 1170 5233 enim
1207 5180 1466 5233 duntaxat
1498 5181 1672 5233 obiter
1701 5181 1753 5232 in
1777 5196 1972 5234 secun-

415 5259 482 5304 do
515 5254 614 5306 hoc
645 5251 783 5304 libro
812 5267 981 5319 segm.
1021 5251 1122 5303 1υὸ
1169 5267 1220 5303 a.
1253 5250 1436 5316 Itaque
1472 5249 1597 5302 hinc
1644 5252 1805 5302 etiam
1849 5265 1978 5302 con—

417 5319 870 5445 ﬁrmairg7videtur
897 5321 1225 5390 conjectura,
1275 5334 1437 5384 quam
1491 5319 1722 5374 iudicavi
1760 5329 1871 5374 not.
1923 5320 1977 5383 ‘2,

417 5405 535 5445 nae.
670 5427 684 5442 .

453 5405 535 5445 ac.
563 5393 684 5445 157.

416 5405 912 5526 ΡΞΙῗῆἶῖὶὲιιρεινὶιιε.
953 5457 1153 5527 Nempe
1179 5472 1351 5527 segm.
1388 5456 1492 5512 106
1517 5475 1570 5511 α.

487 5529 599 5601 (78)
637 5531 938 5601 Providens.
973 5528 991 5580 Ι
1017 5529 1080 5581 ad
1109 5530 1244 5601 Cor:
1268 5543 1380 5601 τις,
1414 5527 1504 5601 25.

482 5593 592 5668 (79)
627 5599 822 5668 Quare.
880 5597 1173 5668 Marc.vu,
1220 5597 1370 5650 9-13.
1419 5593 1603 5651 Graeca
1662 5596 1827 5652 editio
1881 5609 1982 5668 pro

419 5666 646 5735 (quare.
671 5687 688 5720 ι
724 5666 884 5722 liabet
915 5666 1112 5730 καλῶς,
1137 5668 1186 5719 id
1213 5678 1314 5722 est.
1345 5684 1363 5714 ι
1391 5668 1546 5720 bene.
1578 5685 1594 5717 ι

487 5739 596 5809 (8υ)
635 5737 862 5793 Corbcm.
915 5737 970 5789 Ιιι
1019 5736 1221 5790 Grazcis
1255 5736 1438 5789 Bibliis
1484 5736 1569 5790 hic
1612 5737 1826 5793 additur
1877 5737 1978 5792 ista

733 5854 1003 5912 ΡΑτιιοι..
1050 5852 1168 5913 Gn.
1212 5851 1516 5917 XXXIX.

2081 1943 2258 1996 facitis
2293 1952 2618 2012 prmeeptum
2651 1943 2764 2003 Dei.
2801 1952 2859 1996 ιιι
2889 1942 3230 1995 traditionem
3269 1947 3503 1992 vestram
3536 1949 3653 1988 ser-

2079 2034 2254 2089 vetis?
2287 2034 2496 2106 Moyses
2554 2035 2700 2089 enim
2755 2031 2916 2102 295
2957 2031 3132 2087 dixit:
3175 2029 3389 2082 llonora
3446 2035 3650 2095 patrem

2081 2137 2252 2192 tuum,
2283 2139 2339 2183 et
2365 2141 2595 2183 matrem
2625 2138 2766 2181 tuam
2795 2143 2810 2192 ;
2843 2137 2935 2181 et:
2979 2125 3078 2190 Qul
3113 2120 3446 2177 maledixerit
3486 2118 3649 2188 patri,

2079 2219 2161 2273 vel
2196 2220 2375 2284 matri,
2415 2228 2587 2272 morte
2647 2223 2928 2272 moriatur.
2958 2214 3064 2270 Vos
3106 2223 3284 2268 autem
3330 2211 3554 2266 dicitis:
3595 2208 3651 2264 Si

2081 2312 2277 2366 dixerit
2300 2311 2458 2364 homo
2483 2311 2642 2380 patri,
2662 2319 2754 2362 aut
2785 2309 2962 2372 matri,
2982 2306 3192 2362 Corban
3210 2303 3343 2373 (80),
3375 2301 3657 2373 quodcun-

2081 2417 2185 2470 que
2211 2419 2278 2455 ex
2325 2417 2411 2456 me
2456 2401 2550 2456 tibi
2581 2400 2906 2471 prol’uit(8l)
2936 2416 2949 2453 :
2974 2407 3028 2453 et
3063 2397 3290 2465 amplius
3327 2411 3430 2450 non
3466 2394 3654 2447 dimit-

2085 2495 2196 2548 titis
2249 2508 2372 2546 eum
2422 2493 2715 2562 quidquam
2777 2492 2953 2545 facere
3000 2490 3138 2560 patri
3199 2503 3316 2551 suo,
3354 2494 3446 2540 aut
3491 2484 3654 2538 matri

2086 2599 2220 2646 suae,
2255 2583 2622 2638 rescindentes
2661 2583 2886 2636 verbum
2925 2581 3016 2635 Dei
3055 2595 3149 2650 per
3183 2577 3526 2632 traditionem
3564 2591 3656 2628 ve-

2083 2684 2275 2727 stram.
2315 2692 2334 2724 ι
2375 2673 2526 2740 Quod
2570 2684 2748 2727 autem
2785 2673 2886 2727 sibi
2919 2671 3054 2734 vult,
3087 2668 3385 2737 ltujusmodi
3424 2677 3526 2722 est.
3561 2665 3652 2719 Dei

2087 2767 2388 2818 animarum
2437 2767 2668 2818 amantis
2700 2765 2783 2819 lex
2818 2775 2997 2834 patres
3030 2763 3235 2834 sperni,
3265 2763 3450 2831 eisque
3486 2761 3659 2814 male—-

2086 2855 2191 2909 dici
2223 2865 2389 2921 velat,
2417 2865 2476 2910 ιιι
2507 2859 2560 2910 in
2589 2856 3031 2910 antecedentibus
3055 2854 3232 2908 verbis
3257 2853 3513 2921 scriptum
3541 2861 3653 2912 est;

2086 2947 2230 3002 sicut
2257 2948 2496 3002 vicissim
2532 2947 2668 3000 ﬁlios
2695 2947 2763 2999 ab
2789 2947 2920 3009 ipsis
2948 2944 3119 3014 diligi,
3137 2954 3192 2998 et
3219 2944 3286 2998 ad
3321 2943 3656 2997 iracundiam

2087 3055 2192 3092 non
2247 3039 2652 3107 provocari(82)
2694 3037 2865 3106 jubet.
2928 3037 3295 3090 lsraelitarum
3344 3049 3470 3088 vero
3527 3049 3658 3086 con-

2088 3131 2319 3185 suetudo
2349 3145 2787 3199 unumquemque
2808 3145 2838 3185 e
2864 3129 3058 3199 populo
3090 3127 3286 3196 templo
3324 3141 3443 3181 sese
3469 3143 3660 3182 conse-

2085 3235 2330 3277 crantem
2379 3220 2601 3288 jubebat
2651 3220 2844 3276 aﬂerre
2881 3236 2978 3290 pro
3022 3219 3228 3275 viribus
3279 3220 3564 3275 manifesto
3601 3223 3655 3276 in

2086 3314 2344 3383 templum
2374 3329 2460 3378 ea,
2497 3328 2615 3382 qua:
2666 3314 2984 3367 dicebautur
3020 3311 3256 3377 Corban,
3297 3314 3438 3382 quod
3488 3313 3658 3366 inter-

2084 3415 2366 3474 pretamur
2401 3407 2619 3469 donum,
2661 3413 2845 3472 utpote
2886 3405 3140 3458 nimirum
3193 3403 3302 3459 Deo
3322 3405 3528 3469 dicata;
3573 3406 3656 3458 lu-

2082 3513 2233 3551 crum
2275 3511 2404 3551 vero
2435 3496 2805 3550 sacerdotibus
2830 3495 3163 3565 obtingebat.
3200 3495 3331 3548 Cum
3373 3510 3504 3561 ergo
3560 3510 3656 3550 ens

2083 3587 2549 3657 potissimum,qui
2577 3587 2875 3642 necessaria
2906 3587 3213 3654 parentibus
3243 3588 3655 3642 subministrare

2082 3681 2368 3739 debebant,
2399 3681 2598 3734 donum
2630 3678 2731 3732 hoc
2762 3675 2952 3731 ali'erre
2979 3677 3204 3746 pigeret,
3233 3693 3296 3730 ac
3335 3687 3480 3732 recte
3509 3678 3656 3732 diee-

2085 3780 2223 3836 rent,
2260 3770 2410 3826 nefas
2455 3785 2575 3825 esse
2611 3771 2694 3824 cui
2730 3769 2948 3834 debeas,
2987 3785 3093 3823 non
3142 3769 3385 3833 reddere,
3421 3784 3652 3838 prmer-

2085 3865 2178 3918 tim
2221 3864 2555 3932 genitoribus
2579 3861 2713 3933 (85),
2771 3877 2938 3914 novas
2986 3861 3296 3915 sacerdotes
3343 3860 3654 3914 invehentes

2083 3955 2377 4016 doctrinas,
2410 3953 2684 4021 genitores
2733 3952 2909 4022 petius
2959 3953 3302 4022 negligendas
3345 3967 3464 4006 esse
3496 3954 3656 4007 doce-

2084 4043 2232 4104 bant,
2263 4056 2424 4109 quam
2470 4043 2594 4095 doni
2639 4042 2964 4095 oblationem
3017 4044 3390 4107 omittendam,
3429 4054 3482 4096 et
3519 4044 3656 4096 lilios

2083 4133 2196 4186 haec
2225 4146 2410 4186 eorum
2452 4135 2765 4201 parentibus
2795 4134 2973 4186 dicere
3000 4133 3290 4198 iubebant:
3327 4133 3455 4199 Qua:
3489 4134 3656 4187 Ιιειιιε-

2084 4239 2223 4284 tuus,
2251 4225 2447 4277 donum
2470 4235 2620 4286 sunt,
2647 4233 2700 4278 et
2729 4225 3083 4292 quodcunque
3108 4240 3136 4278 a
3170 4225 3322 4278 nobis
3353 4227 3650 4293 accipietis,

2083 4313 2134 4368 id
2161 4314 2322 4368 veluti
2357 4315 2467 4368 Deo
2498 4315 2754 4380 aufertis;
2784 4330 2849 4368 ex
2882 4317 3021 4369 dono
3053 4317 3246 4384 quippe
3272 4317 3322 4369 id
3347 4317 3650 4380 detrahitis,

2082 4407 2222 4474 quod
2266 4407 2378 4474 jam
2433 4409 2780 4474 promissum,
2836 4418 2929 4461 aut
2965 4423 3340 4462 consecratum
3387 4418 3472 4464 est
3508 4428 3521 4464 :
3561 4413 3652 4465 illo

2081 4495 2225 4547 enim
2277 4495 2408 4566 legis
2462 4498 2786 4559 testimonio,
2838 4513 2901 4551 ac
2953 4511 3219 4567 prmeepto
3259 4502 3652 4571 obstringituur

2085 4588 2345 4657 (aiebant)
2378 4590 2519 4656 quod
2553 4590 2616 4642 de
2651 4597 2775 4643 voto
2821 4589 2984 4642 latum
3017 4599 3121 4651 est,
3165 4605 3288 4645 cum
3331 4593 3395 4655 is,
3435 4595 3524 4663 qui
3555 4611 3648 4649 vo-

2084 4681 2242 4743 verit,
2290 4680 2512 4734 reddere
2566 4679 2818 4748 jubeatur
2855 4682 2991 4752 (84).
3023 4680 3276 4737 Veniens.
3308 4684 3470 4754 igitur
3509 4686 3654 4742 Deus

2087 4772 2344 4837 Verbum,
2368 4772 2459 4841 qui
2497 4787 2562 4826 ex
2595 4783 2875 4842 parentum
2916 4773 3205 4844 indigentia
3248 4776 3506 4832 honorari
3542 4778 3654 4848 ipse

2081 4972 2457 5042 interpretatio
2502 4991 2518 5028 :

2081 5044 2296 5096 ιΙοιιιιιιι.
2332 5062 2348 5092 ι
2950 5044 2962 5048 ⁷
3415 5044 3429 5050 ⁷
3480 5085 3483 5092 .

2082 5111 2414 5245 ὡὲξὶὲθῑέὺί
2459 5113 2676 5183 profuit.
2724 5113 2908 5170 Graeca
2957 5117 3145 5181 editio,
3191 5118 3502 5193 ὠφεληθῇς,
3557 5139 3658 5194 pro

2133 5200 2390 5330 φᾶξὲυἲὶςά
2421 5253 2775 5319 iracundiam,
2805 5264 2910 5311 etc.
2947 5253 3077 5312 Vide
3118 5256 3287 5327 Epist.
3337 5261 3404 5313 ad
3453 5260 3654 5330 Epltes.

2087 5322 2645 5467 1ἶ.’(ἐίἀ)ζζεηῑιονὶιιῌιιε.
2683 5391 2884 5467 Codex,
2934 5397 3065 5467 τοῖς.
3084 5398 3417 5467 γενομένοις.
3459 5398 3660 5467 Legen-

2087 5460 2214 5514 dum
2239 5463 2467 5538 videtur,
2489 5464 2609 5538 eoi;
2628 5465 3009 5538 γεννωμένοις.
3035 5460 3318 5538 Similique
3347 5460 3504 5522 [nodo
3533 5460 3655 5524 tvnox

2086 5545 2205 5603 pro_
2217 5529 2558 5603 γενομένους,
2599 5529 2714 5603 lego
2739 5529 3127 5603 γεννωμένους.

2159 5599 2270 5671 (84)
2302 5599 2578 5674 lubealuir.
2615 5599 3132 5674 Videbevitixxvu,
3156 5607 3229 5672 2;
3264 5607 3422 5661 Num.
3454 5621 3533 5674 vr,
3560 5605 3652 5674 τη

2088 5681 2142 5726 et
2180 5671 2407 5738 την-ὃς
2440 5682 2494 5726 et
2526 5673 2680 5727 Deut.
2716 5687 2871 5738 χχιιι,
2898 5671 2987 5728 22.

2581 4975 2650 5028 Ὅ
2705 4975 2822 5028 ὲστι
2871 4975 3065 5048 δῶρον,
3102 4976 3156 5032 id
3201 4989 3304 5043 est,
3353 4983 3538 5050 «quod
3574 4995 3658 5040 est

3264 5855 3340 5917 at
