  <div class='ocr_page' id='page_1' title='image "/cluster/home/n/w/nwhite01/storage/ocr_20150623/39/coo.31924054869361/381.png"; bbox 0 0 4056 6400; ppageno 0'>
   <div class='ocr_carea' id='block_1_1' title="bbox 410 348 511 404">
    <p class='ocr_par' dir='ltr' id='par_1_1' title="bbox 410 348 511 404">
     <span class='ocr_line' id='line_1_1' title="bbox 410 348 511 404; baseline 0.01 -2"><span class='ocrx_word' id='word_1_1' title='bbox 410 348 511 404; x_wconf 61' lang='grc'><strong>74⁸1</strong></span> 
     </span>
    </p>
   </div>
   <div class='ocr_carea' id='block_1_2' title="bbox 1644 331 2402 389">
    <p class='ocr_par' dir='ltr' id='par_1_2' title="bbox 1644 331 2402 389">
     <span class='ocr_line' id='line_1_2' title="bbox 1644 331 2402 389; baseline -0.001 0"><span class='ocrx_word' id='word_1_2' title='bbox 1644 332 1882 389; x_wconf 69' lang='grc' dir='ltr'>οιῡγιιι</span> <span class='ocrx_word' id='word_1_3' title='bbox 1923 331 2402 388; x_wconf 78' lang='lat' dir='ltr'><strong>ALEXANDRINI</strong></span> 
     </span>
    </p>
   </div>
   <div class='ocr_carea' id='block_1_3' title="bbox 3549 327 3644 394">
    <p class='ocr_par' dir='ltr' id='par_1_3' title="bbox 3549 327 3644 394">
     <span class='ocr_line' id='line_1_3' title="bbox 3549 327 3644 394; baseline 0 0"><span class='ocrx_word' id='word_1_4' title='bbox 3549 327 3644 394; x_wconf 64' lang='grc' dir='ltr'>ἠε</span> 
     </span>
    </p>
   </div>
   <div class='ocr_carea' id='block_1_4' title="bbox 411 439 1995 526">
    <p class='ocr_par' dir='ltr' id='par_1_4' title="bbox 411 447 1973 526">
     <span class='ocr_line' id='line_1_4' title="bbox 411 447 1973 526; baseline -0.01 -10"><span class='ocrx_word' id='word_1_5' title='bbox 411 459 646 524; x_wconf 84' lang='lat' dir='ltr'><strong>nolebat,</strong></span> <span class='ocrx_word' id='word_1_6' title='bbox 677 467 852 526; x_wconf 80' lang='lat' dir='ltr'><strong>neque</strong></span> <span class='ocrx_word' id='word_1_7' title='bbox 889 457 1072 524; x_wconf 79' lang='lat' dir='ltr'><strong>patres</strong></span> <span class='ocrx_word' id='word_1_8' title='bbox 1107 449 1250 512; x_wconf 69' lang='lat' dir='ltr'><strong>ﬁliis,</strong></span> <span class='ocrx_word' id='word_1_9' title='bbox 1290 460 1390 503; x_wconf 90' lang='lat' dir='ltr'><strong>nec</strong></span> <span class='ocrx_word' id='word_1_10' title='bbox 1423 447 1660 503; x_wconf 75' lang='lat' dir='ltr'><strong>vicissim</strong></span> <span class='ocrx_word' id='word_1_11' title='bbox 1709 449 1847 502; x_wconf 85' lang='lat' dir='ltr'><strong>lilios</strong></span> <span class='ocrx_word' id='word_1_12' title='bbox 1879 462 1973 517; x_wconf 82' lang='lat' dir='ltr'><strong>pa-</strong></span> 
     </span>
    </p>
   </div>
   <div class='ocr_carea' id='block_1_5' title="bbox 2097 439 3649 526">
    <p class='ocr_par' dir='ltr' id='par_1_5' title="bbox 2097 439 3649 516">
     <span class='ocr_line' id='line_1_5' title="bbox 2097 439 3649 516; baseline -0.002 -20"><span class='ocrx_word' id='word_1_13' title='bbox 2097 446 2334 510; x_wconf 78' lang='grc' dir='ltr'>;ναντίως</span> <span class='ocrx_word' id='word_1_14' title='bbox 2357 447 2585 516; x_wconf 79' lang='grc' dir='ltr'>ἔχουσαν</span> <span class='ocrx_word' id='word_1_15' title='bbox 2617 443 2750 516; x_wconf 89' lang='grc' dir='ltr'>πρὸς</span> <span class='ocrx_word' id='word_1_16' title='bbox 2774 442 2872 514; x_wconf 80' lang='grc' dir='ltr'>τὴν</span> <span class='ocrx_word' id='word_1_17' title='bbox 2914 441 3065 496; x_wconf 79' lang='grc' dir='ltr'>ὁσίαν</span> <span class='ocrx_word' id='word_1_18' title='bbox 3097 439 3261 495; x_wconf 76' lang='grc' dir='ltr'>αὑτοῦ</span> <span class='ocrx_word' id='word_1_19' title='bbox 3296 440 3530 513; x_wconf 72' lang='grc' dir='ltr'>ἐντολὴν,</span> <span class='ocrx_word' id='word_1_20' title='bbox 3562 445 3649 510; x_wconf 77' lang='grc' dir='ltr'><strong>ὲγ·</strong></span> 
     </span>
    </p>
   </div>
   <div class='ocr_carea' id='block_1_6' title="bbox 322 536 1970 606">
    <p class='ocr_par' dir='ltr' id='par_1_6' title="bbox 322 536 1970 606">
     <span class='ocr_line' id='line_1_6' title="bbox 322 536 1970 606; baseline -0.01 1"><span class='ocrx_word' id='word_1_21' title='bbox 322 543 329 554; x_wconf 82' lang='grc'><em>’</em></span> <span class='ocrx_word' id='word_1_22' title='bbox 410 550 654 606; x_wconf 74' lang='lat' dir='ltr'><strong>rentibus</strong></span> <span class='ocrx_word' id='word_1_23' title='bbox 680 545 1114 602; x_wconf 86' lang='lat' dir='ltr'><strong>inhonoratiores</strong></span> <span class='ocrx_word' id='word_1_24' title='bbox 1143 554 1260 595; x_wconf 88' lang='lat' dir='ltr'><strong>esse</strong></span> <span class='ocrx_word' id='word_1_25' title='bbox 1292 539 1524 602; x_wconf 82' lang='lat' dir='ltr'><strong>volebat,</strong></span> <span class='ocrx_word' id='word_1_26' title='bbox 1557 553 1622 592; x_wconf 93' lang='lat' dir='ltr'><strong>ac</strong></span> <span class='ocrx_word' id='word_1_27' title='bbox 1660 536 1970 606; x_wconf 77' lang='lat' dir='ltr'><strong>przedictam</strong></span> 
     </span>
    </p>
   </div>
   <div class='ocr_carea' id='block_1_7' title="bbox 2080 536 2822 609">
    <p class='ocr_par' dir='ltr' id='par_1_7' title="bbox 2080 536 2822 609">
     <span class='ocr_line' id='line_1_7' title="bbox 2080 536 2822 609; baseline -0.003 -20"><span class='ocrx_word' id='word_1_28' title='bbox 2080 537 2232 590; x_wconf 86' lang='grc' dir='ltr'>καλεῖ</span> <span class='ocrx_word' id='word_1_29' title='bbox 2255 538 2324 590; x_wconf 75' lang='grc' dir='ltr'><strong>τα</strong></span> <span class='ocrx_word' id='word_1_30' title='bbox 2356 536 2822 609; x_wconf 82' lang='grc' dir='ltr'>μνημονευθέντα.</span> 
     </span>
    </p>
   </div>
   <div class='ocr_carea' id='block_1_8' title="bbox 411 623 3653 710">
    <p class='ocr_par' dir='ltr' id='par_1_8' title="bbox 411 623 3653 710">
     <span class='ocr_line' id='line_1_8' title="bbox 411 623 3653 710; baseline -0.007 -11"><span class='ocrx_word' id='word_1_31' title='bbox 411 643 692 698; x_wconf 87' lang='lat' dir='ltr'><strong>inveniens</strong></span> <span class='ocrx_word' id='word_1_32' title='bbox 752 639 970 710; x_wconf 83' lang='lat' dir='ltr'><strong>impiam</strong></span> <span class='ocrx_word' id='word_1_33' title='bbox 1022 633 1363 688; x_wconf 75' lang='lat' dir='ltr'><strong>sacerdotum</strong></span> <span class='ocrx_word' id='word_1_34' title='bbox 1415 630 1794 694; x_wconf 88' lang='lat' dir='ltr'><strong>traditionem,</strong></span> <span class='ocrx_word' id='word_1_35' title='bbox 1851 644 1971 700; x_wconf 74' lang='lat' dir='ltr'><strong>qua:</strong></span> <span class='ocrx_word' id='word_1_36' title='bbox 2009 643 2198 686; x_wconf 86' lang='lat' dir='ltr'><strong>sancto</strong></span> <span class='ocrx_word' id='word_1_37' title='bbox 2239 629 2357 698; x_wconf 84' lang='lat' dir='ltr'><strong>ejus</strong></span> <span class='ocrx_word' id='word_1_38' title='bbox 2430 637 2697 699; x_wconf 68' lang='lat' dir='ltr'><strong>praecepto</strong></span> <span class='ocrx_word' id='word_1_39' title='bbox 2743 624 3151 690; x_wconf 76' lang='lat' dir='ltr'><strong>adversabatur,</strong></span> <span class='ocrx_word' id='word_1_40' title='bbox 3229 623 3318 679; x_wconf 78' lang='lat' dir='ltr'><strong>illa</strong></span> <span class='ocrx_word' id='word_1_41' title='bbox 3365 623 3653 694; x_wconf 70' lang='lat' dir='ltr'><strong>exprobrat</strong></span> 
     </span>
    </p>
   </div>
   <div class='ocr_carea' id='block_1_9' title="bbox 410 731 1493 801">
    <p class='ocr_par' dir='ltr' id='par_1_9' title="bbox 410 731 1493 801">
     <span class='ocr_line' id='line_1_9' title="bbox 410 731 1493 801; baseline -0.014 -11"><span class='ocrx_word' id='word_1_42' title='bbox 410 733 717 798; x_wconf 75' lang='lat' dir='ltr'><strong>l&#39;liarisaeis,</strong></span> <span class='ocrx_word' id='word_1_43' title='bbox 747 744 866 801; x_wconf 64' lang='lat' dir='ltr'><strong>quae</strong></span> <span class='ocrx_word' id='word_1_44' title='bbox 896 731 1314 782; x_wconf 87' lang='lat' dir='ltr'><strong>commemorata</strong></span> <span class='ocrx_word' id='word_1_45' title='bbox 1343 731 1493 776; x_wconf 91' lang='lat' dir='ltr'><strong>sunt.</strong></span> 
     </span>
    </p>
   </div>
   <div class='ocr_carea' id='block_1_10' title="bbox 1013 810 1374 867">
    <p class='ocr_par' dir='ltr' id='par_1_10' title="bbox 1013 810 1374 867">
     <span class='ocr_line' id='line_1_10' title="bbox 1013 810 1374 867; baseline -0.008 0"><span class='ocrx_word' id='word_1_46' title='bbox 1013 812 1164 867; x_wconf 82' lang='lat' dir='ltr'><strong>CAP.</strong></span> <span class='ocrx_word' id='word_1_47' title='bbox 1207 810 1374 867; x_wconf 81' lang='lat' dir='ltr'><strong>XXV.</strong></span> 
     </span>
    </p>
   </div>
   <div class='ocr_carea' id='block_1_11' title="bbox 479 904 1980 984">
    <p class='ocr_par' dir='ltr' id='par_1_11' title="bbox 479 904 1980 984">
     <span class='ocr_line' id='line_1_11' title="bbox 479 904 1980 984; baseline -0.015 -10"><span class='ocrx_word' id='word_1_48' title='bbox 479 919 612 974; x_wconf 87' lang='lat' dir='ltr'><strong>Cum</strong></span> <span class='ocrx_word' id='word_1_49' title='bbox 679 928 807 984; x_wconf 86' lang='lat' dir='ltr'><strong>ergo</strong></span> <span class='ocrx_word' id='word_1_50' title='bbox 879 909 1189 966; x_wconf 85' lang='lat' dir='ltr'><strong>sublimium</strong></span> <span class='ocrx_word' id='word_1_51' title='bbox 1259 904 1669 971; x_wconf 88' lang='lat' dir='ltr'><strong>divinorumque</strong></span> <span class='ocrx_word' id='word_1_52' title='bbox 1742 908 1980 955; x_wconf 77' lang='lat' dir='ltr'><strong>textuutn</strong></span> 
     </span>
    </p>
   </div>
   <div class='ocr_carea' id='block_1_12' title="bbox 412 998 1980 1074">
    <p class='ocr_par' dir='ltr' id='par_1_12' title="bbox 412 998 1980 1074">
     <span class='ocr_line' id='line_1_12' title="bbox 412 998 1980 1074; baseline -0.013 -10"><span class='ocrx_word' id='word_1_53' title='bbox 412 1003 1022 1074; x_wconf 32' lang='lat' dir='ltr'><strong>testimonio‘probetur,</strong></span> <span class='ocrx_word' id='word_1_54' title='bbox 1053 998 1310 1068; x_wconf 84' lang='lat' dir='ltr'><strong>Spiritum</strong></span> <span class='ocrx_word' id='word_1_55' title='bbox 1346 1005 1592 1048; x_wconf 89' lang='lat' dir='ltr'><strong>sanctum</strong></span> <span class='ocrx_word' id='word_1_56' title='bbox 1626 1001 1892 1047; x_wconf 59' lang='lat' dir='ltr'><strong>coarterne</strong></span> <span class='ocrx_word' id='word_1_57' title='bbox 1913 1007 1980 1045; x_wconf 80' lang='lat' dir='ltr'><strong>ex</strong></span> 
     </span>
    </p>
   </div>
   <div class='ocr_carea' id='block_1_13' title="bbox 411 1087 1981 1170">
    <p class='ocr_par' dir='ltr' id='par_1_13' title="bbox 411 1087 1981 1170">
     <span class='ocr_line' id='line_1_13' title="bbox 411 1087 1981 1170; baseline -0.015 -9"><span class='ocrx_word' id='word_1_58' title='bbox 411 1119 540 1169; x_wconf 82' lang='lat' dir='ltr'><strong>una,</strong></span> <span class='ocrx_word' id='word_1_59' title='bbox 573 1110 628 1156; x_wconf 86' lang='lat' dir='ltr'><strong>et</strong></span> <span class='ocrx_word' id='word_1_60' title='bbox 681 1111 930 1170; x_wconf 89' lang='lat' dir='ltr'><strong>suprema</strong></span> <span class='ocrx_word' id='word_1_61' title='bbox 981 1094 1160 1147; x_wconf 90' lang='lat' dir='ltr'><strong>divina</strong></span> <span class='ocrx_word' id='word_1_62' title='bbox 1206 1100 1394 1145; x_wconf 89' lang='lat' dir='ltr'><strong>natura</strong></span> <span class='ocrx_word' id='word_1_63' title='bbox 1443 1087 1712 1150; x_wconf 80' lang='lat' dir='ltr'><strong>eluxisse,</strong></span> <span class='ocrx_word' id='word_1_64' title='bbox 1750 1100 1981 1149; x_wconf 86' lang='lat' dir='ltr'><strong>eumque</strong></span> 
     </span>
    </p>
   </div>
   <div class='ocr_carea' id='block_1_14' title="bbox 411 1173 1979 1249">
    <p class='ocr_par' dir='ltr' id='par_1_14' title="bbox 411 1173 1979 1249">
     <span class='ocr_line' id='line_1_14' title="bbox 411 1173 1979 1249; baseline -0.014 -2"><span class='ocrx_word' id='word_1_65' title='bbox 411 1191 704 1249; x_wconf 83' lang='lat' dir='ltr'><strong>secundum</strong></span> <span class='ocrx_word' id='word_1_66' title='bbox 734 1185 1023 1242; x_wconf 86' lang='lat' dir='ltr'><strong>essentiam</strong></span> <span class='ocrx_word' id='word_1_67' title='bbox 1049 1193 1103 1236; x_wconf 91' lang='lat' dir='ltr'><strong>et</strong></span> <span class='ocrx_word' id='word_1_68' title='bbox 1130 1179 1448 1249; x_wconf 80' lang='lat' dir='ltr'><strong>potentiam,</strong></span> <span class='ocrx_word' id='word_1_69' title='bbox 1475 1191 1627 1246; x_wconf 66' lang='lat' dir='ltr'><strong>aeque</strong></span> <span class='ocrx_word' id='word_1_70' title='bbox 1663 1189 1726 1229; x_wconf 88' lang='lat' dir='ltr'><strong>ac</strong></span> <span class='ocrx_word' id='word_1_71' title='bbox 1767 1173 1979 1228; x_wconf 83' lang='lat' dir='ltr'><strong>Patrem</strong></span> 
     </span>
    </p>
   </div>
   <div class='ocr_carea' id='block_1_15' title="bbox 412 1265 1978 1354">
    <p class='ocr_par' dir='ltr' id='par_1_15' title="bbox 412 1265 1978 1354">
     <span class='ocr_line' id='line_1_15' title="bbox 412 1265 1978 1354; baseline -0.013 -18"><span class='ocrx_word' id='word_1_72' title='bbox 412 1282 580 1354; x_wconf 72' lang='lat'><strong>296</strong></span> <span class='ocrx_word' id='word_1_73' title='bbox 624 1289 679 1333; x_wconf 89' lang='lat' dir='ltr'><strong>et</strong></span> <span class='ocrx_word' id='word_1_74' title='bbox 710 1277 927 1339; x_wconf 82' lang='lat' dir='ltr'><strong>Filium,</strong></span> <span class='ocrx_word' id='word_1_75' title='bbox 979 1274 1095 1327; x_wconf 88' lang='lat' dir='ltr'><strong>sine</strong></span> <span class='ocrx_word' id='word_1_76' title='bbox 1146 1269 1250 1324; x_wconf 78' lang='lat' dir='ltr'><strong>tilla</strong></span> <span class='ocrx_word' id='word_1_77' title='bbox 1305 1266 1664 1337; x_wconf 73' lang='lat' dir='ltr'><strong>discrepantia</strong></span> <span class='ocrx_word' id='word_1_78' title='bbox 1713 1265 1978 1319; x_wconf 82' lang='lat' dir='ltr'><strong>inﬁnitum</strong></span> 
     </span>
    </p>
   </div>
   <div class='ocr_carea' id='block_1_16' title="bbox 412 1360 1981 1436">
    <p class='ocr_par' dir='ltr' id='par_1_16' title="bbox 412 1360 1981 1436">
     <span class='ocr_line' id='line_1_16' title="bbox 412 1360 1981 1436; baseline -0.013 -7"><span class='ocrx_word' id='word_1_79' title='bbox 412 1387 556 1436; x_wconf 83' lang='lat' dir='ltr'><strong>esse,</strong></span> <span class='ocrx_word' id='word_1_80' title='bbox 595 1377 650 1424; x_wconf 85' lang='lat' dir='ltr'><strong>et</strong></span> <span class='ocrx_word' id='word_1_81' title='bbox 690 1363 1170 1434; x_wconf 87' lang='lat' dir='ltr'><strong>incorruptibilem,</strong></span> <span class='ocrx_word' id='word_1_82' title='bbox 1201 1370 1255 1416; x_wconf 91' lang='lat' dir='ltr'><strong>et</strong></span> <span class='ocrx_word' id='word_1_83' title='bbox 1291 1360 1506 1430; x_wconf 83' lang='lat' dir='ltr'><strong>propria</strong></span> <span class='ocrx_word' id='word_1_84' title='bbox 1543 1365 1806 1427; x_wconf 82' lang='lat' dir='ltr'><strong>potestate</strong></span> <span class='ocrx_word' id='word_1_85' title='bbox 1846 1371 1981 1425; x_wconf 68' lang='lat' dir='ltr'><strong>prte-</strong></span> 
     </span>
    </p>
   </div>
   <div class='ocr_carea' id='block_1_17' title="bbox 414 1447 1984 1525">
    <p class='ocr_par' dir='ltr' id='par_1_17' title="bbox 414 1447 1984 1525">
     <span class='ocr_line' id='line_1_17' title="bbox 414 1447 1984 1525; baseline -0.011 -8"><span class='ocrx_word' id='word_1_86' title='bbox 414 1462 609 1525; x_wconf 87' lang='lat' dir='ltr'><strong>dilum,</strong></span> <span class='ocrx_word' id='word_1_87' title='bbox 633 1467 688 1512; x_wconf 87' lang='lat' dir='ltr'><strong>et</strong></span> <span class='ocrx_word' id='word_1_88' title='bbox 711 1457 933 1518; x_wconf 82' lang='lat' dir='ltr'><strong>bonum,</strong></span> <span class='ocrx_word' id='word_1_89' title='bbox 961 1463 1013 1507; x_wconf 88' lang='lat' dir='ltr'><strong>et</strong></span> <span class='ocrx_word' id='word_1_90' title='bbox 1036 1461 1303 1516; x_wconf 88' lang='lat' dir='ltr'><strong>sanctum,</strong></span> <span class='ocrx_word' id='word_1_91' title='bbox 1329 1461 1383 1504; x_wconf 89' lang='lat' dir='ltr'><strong>et</strong></span> <span class='ocrx_word' id='word_1_92' title='bbox 1409 1447 1587 1500; x_wconf 87' lang='lat' dir='ltr'><strong>omnia</strong></span> <span class='ocrx_word' id='word_1_93' title='bbox 1616 1447 1834 1507; x_wconf 85' lang='lat' dir='ltr'><strong>habere,</strong></span> <span class='ocrx_word' id='word_1_94' title='bbox 1865 1461 1984 1514; x_wconf 67' lang='lat' dir='ltr'><strong>quae</strong></span> 
     </span>
    </p>
   </div>
   <div class='ocr_carea' id='block_1_18' title="bbox 414 1539 1982 1608">
    <p class='ocr_par' dir='ltr' id='par_1_18' title="bbox 414 1539 1982 1608">
     <span class='ocr_line' id='line_1_18' title="bbox 414 1539 1982 1608; baseline -0.011 -2"><span class='ocrx_word' id='word_1_95' title='bbox 414 1560 573 1606; x_wconf 86' lang='lat' dir='ltr'><strong>antea</strong></span> <span class='ocrx_word' id='word_1_96' title='bbox 616 1548 760 1602; x_wconf 87' lang='lat' dir='ltr'><strong>dicta</strong></span> <span class='ocrx_word' id='word_1_97' title='bbox 819 1556 966 1608; x_wconf 90' lang='lat' dir='ltr'><strong>sunt,</strong></span> <span class='ocrx_word' id='word_1_98' title='bbox 999 1545 1134 1597; x_wconf 85' lang='lat' dir='ltr'><strong>adeo</strong></span> <span class='ocrx_word' id='word_1_99' title='bbox 1187 1551 1246 1596; x_wconf 88' lang='lat' dir='ltr'><strong>ut</strong></span> <span class='ocrx_word' id='word_1_100' title='bbox 1297 1555 1362 1594; x_wconf 79' lang='lat' dir='ltr'><strong>ex</strong></span> <span class='ocrx_word' id='word_1_101' title='bbox 1411 1539 1528 1608; x_wconf 86' lang='lat' dir='ltr'><strong>ipso</strong></span> <span class='ocrx_word' id='word_1_102' title='bbox 1573 1551 1982 1606; x_wconf 89' lang='lat' dir='ltr'><strong>cognoscamus,</strong></span> 
     </span>
    </p>
   </div>
   <div class='ocr_carea' id='block_1_19' title="bbox 416 1623 1982 1698">
    <p class='ocr_par' dir='ltr' id='par_1_19' title="bbox 416 1623 1982 1698">
     <span class='ocr_line' id='line_1_19' title="bbox 416 1623 1982 1698; baseline -0.011 -3"><span class='ocrx_word' id='word_1_103' title='bbox 416 1641 585 1695; x_wconf 92' lang='lat' dir='ltr'><strong>Deum</strong></span> <span class='ocrx_word' id='word_1_104' title='bbox 619 1638 672 1692; x_wconf 94' lang='lat' dir='ltr'><strong>in</strong></span> <span class='ocrx_word' id='word_1_105' title='bbox 708 1634 864 1690; x_wconf 91' lang='lat' dir='ltr'><strong>nobis</strong></span> <span class='ocrx_word' id='word_1_106' title='bbox 887 1632 1167 1697; x_wconf 87' lang='lat' dir='ltr'><strong>habitare;</strong></span> <span class='ocrx_word' id='word_1_107' title='bbox 1204 1643 1434 1698; x_wconf 81' lang='lat' dir='ltr'><strong>cumque</strong></span> <span class='ocrx_word' id='word_1_108' title='bbox 1472 1627 1648 1691; x_wconf 89' lang='lat' dir='ltr'><strong>Pater,</strong></span> <span class='ocrx_word' id='word_1_109' title='bbox 1675 1626 1799 1679; x_wconf 89' lang='lat' dir='ltr'><strong>dum</strong></span> <span class='ocrx_word' id='word_1_110' title='bbox 1836 1623 1982 1678; x_wconf 77' lang='lat' dir='ltr'><strong>illum</strong></span> 
     </span>
    </p>
   </div>
   <div class='ocr_carea' id='block_1_20' title="bbox 414 1717 2060 1814">
    <p class='ocr_par' dir='ltr' id='par_1_20' title="bbox 414 1717 2060 1814">
     <span class='ocr_line' id='line_1_20' title="bbox 414 1717 2060 1814; baseline -0.013 -27"><span class='ocrx_word' id='word_1_111' title='bbox 414 1730 656 1787; x_wconf 87' lang='lat' dir='ltr'><strong>declarat</strong></span> <span class='ocrx_word' id='word_1_112' title='bbox 690 1740 812 1782; x_wconf 88' lang='lat' dir='ltr'><strong>esse</strong></span> <span class='ocrx_word' id='word_1_113' title='bbox 860 1723 1027 1795; x_wconf 85' lang='lat' dir='ltr'><strong>ipsius</strong></span> <span class='ocrx_word' id='word_1_114' title='bbox 1076 1721 1336 1792; x_wconf 88' lang='lat' dir='ltr'><strong>Spiritum</strong></span> <span class='ocrx_word' id='word_1_115' title='bbox 1359 1759 1377 1785; x_wconf 92' lang='lat'><strong>,</strong></span> <span class='ocrx_word' id='word_1_116' title='bbox 1438 1717 1722 1772; x_wconf 75' lang='lat' dir='ltr'><strong>manifesto</strong></span> <span class='ocrx_word' id='word_1_117' title='bbox 1755 1722 1986 1769; x_wconf 89' lang='lat' dir='ltr'><strong>testetur</strong></span> <span class='ocrx_word' id='word_1_118' title='bbox 2017 1759 2060 1814; x_wconf 68' lang='grc' dir='ltr'><strong>Β</strong></span> 
     </span>
    </p>
   </div>
   <div class='ocr_carea' id='block_1_21' title="bbox 414 1805 1984 1889">
    <p class='ocr_par' dir='ltr' id='par_1_21' title="bbox 414 1805 1984 1889">
     <span class='ocr_line' id='line_1_21' title="bbox 414 1805 1984 1889; baseline -0.015 -10"><span class='ocrx_word' id='word_1_119' title='bbox 414 1823 602 1889; x_wconf 88' lang='lat' dir='ltr'><strong>etiam,</strong></span> <span class='ocrx_word' id='word_1_120' title='bbox 661 1833 782 1875; x_wconf 91' lang='lat' dir='ltr'><strong>eum</strong></span> <span class='ocrx_word' id='word_1_121' title='bbox 819 1817 920 1887; x_wconf 88' lang='lat' dir='ltr'><strong>ipsi</strong></span> <span class='ocrx_word' id='word_1_122' title='bbox 967 1810 1486 1871; x_wconf 74' lang='lat' dir='ltr'><strong>consubstantialem</strong></span> <span class='ocrx_word' id='word_1_123' title='bbox 1533 1823 1672 1872; x_wconf 84' lang='lat' dir='ltr'><strong>esse,</strong></span> <span class='ocrx_word' id='word_1_124' title='bbox 1722 1816 1777 1862; x_wconf 87' lang='lat' dir='ltr'><strong>et</strong></span> <span class='ocrx_word' id='word_1_125' title='bbox 1817 1805 1984 1859; x_wconf 89' lang='lat' dir='ltr'><strong>Deum</strong></span> 
     </span>
    </p>
   </div>
   <div class='ocr_carea' id='block_1_22' title="bbox 417 1902 1987 1980">
    <p class='ocr_par' dir='ltr' id='par_1_22' title="bbox 417 1902 1987 1980">
     <span class='ocr_line' id='line_1_22' title="bbox 417 1902 1987 1980; baseline -0.011 -8"><span class='ocrx_word' id='word_1_126' title='bbox 417 1919 758 1980; x_wconf 87' lang='lat' dir='ltr'><strong>increatum;</strong></span> <span class='ocrx_word' id='word_1_127' title='bbox 809 1925 1040 1978; x_wconf 90' lang='lat' dir='ltr'><strong>cumque</strong></span> <span class='ocrx_word' id='word_1_128' title='bbox 1081 1921 1148 1962; x_wconf 90' lang='lat' dir='ltr'><strong>ne</strong></span> <span class='ocrx_word' id='word_1_129' title='bbox 1186 1906 1353 1962; x_wconf 84' lang='lat' dir='ltr'><strong>Filius</strong></span> <span class='ocrx_word' id='word_1_130' title='bbox 1393 1903 1615 1975; x_wconf 83' lang='lat' dir='ltr'><strong>quidem</strong></span> <span class='ocrx_word' id='word_1_131' title='bbox 1668 1902 1987 1972; x_wconf 79' lang='lat' dir='ltr'><strong>dedignatus</strong></span> 
     </span>
    </p>
   </div>
   <div class='ocr_carea' id='block_1_23' title="bbox 416 1990 1991 2072">
    <p class='ocr_par' dir='ltr' id='par_1_23' title="bbox 416 1990 1991 2072">
     <span class='ocr_line' id='line_1_23' title="bbox 416 1990 1991 2072; baseline -0.013 -9"><span class='ocrx_word' id='word_1_132' title='bbox 416 2007 508 2072; x_wconf 88' lang='lat' dir='ltr'><strong>sit,</strong></span> <span class='ocrx_word' id='word_1_133' title='bbox 545 2005 617 2061; x_wconf 90' lang='lat' dir='ltr'><strong>ob</strong></span> <span class='ocrx_word' id='word_1_134' title='bbox 653 2001 1108 2064; x_wconf 89' lang='lat' dir='ltr'><strong>communionem,</strong></span> <span class='ocrx_word' id='word_1_135' title='bbox 1135 2012 1296 2067; x_wconf 90' lang='lat' dir='ltr'><strong>quam</strong></span> <span class='ocrx_word' id='word_1_136' title='bbox 1319 2011 1440 2050; x_wconf 93' lang='lat' dir='ltr'><strong>cum</strong></span> <span class='ocrx_word' id='word_1_137' title='bbox 1474 1994 1590 2063; x_wconf 92' lang='lat' dir='ltr'><strong>ipso</strong></span> <span class='ocrx_word' id='word_1_138' title='bbox 1611 1992 1790 2054; x_wconf 86' lang='lat' dir='ltr'><strong>habet,</strong></span> <span class='ocrx_word' id='word_1_139' title='bbox 1824 1990 1991 2044; x_wconf 77' lang='lat' dir='ltr'><strong>deita-</strong></span> 
     </span>
    </p>
   </div>
   <div class='ocr_carea' id='block_1_24' title="bbox 416 2084 1990 2164">
    <p class='ocr_par' dir='ltr' id='par_1_24' title="bbox 416 2084 1990 2164">
     <span class='ocr_line' id='line_1_24' title="bbox 416 2084 1990 2164; baseline -0.013 -12"><span class='ocrx_word' id='word_1_140' title='bbox 416 2099 508 2154; x_wconf 91' lang='lat' dir='ltr'><strong>tis.</strong></span> <span class='ocrx_word' id='word_1_141' title='bbox 545 2105 602 2152; x_wconf 90' lang='lat' dir='ltr'><strong>et</strong></span> <span class='ocrx_word' id='word_1_142' title='bbox 628 2093 803 2164; x_wconf 82' lang='lat' dir='ltr'><strong>regni,</strong></span> <span class='ocrx_word' id='word_1_143' title='bbox 829 2100 883 2146; x_wconf 90' lang='lat' dir='ltr'><strong>et</strong></span> <span class='ocrx_word' id='word_1_144' title='bbox 903 2090 1106 2161; x_wconf 60' lang='lat' dir='ltr'><strong>gloria,</strong></span> <span class='ocrx_word' id='word_1_145' title='bbox 1143 2097 1198 2143; x_wconf 89' lang='lat' dir='ltr'><strong>et</strong></span> <span class='ocrx_word' id='word_1_146' title='bbox 1232 2088 1284 2141; x_wconf 90' lang='lat' dir='ltr'><strong>in</strong></span> <span class='ocrx_word' id='word_1_147' title='bbox 1321 2086 1438 2155; x_wconf 85' lang='lat' dir='ltr'><strong>ipso</strong></span> <span class='ocrx_word' id='word_1_148' title='bbox 1468 2084 1614 2154; x_wconf 88' lang='lat' dir='ltr'><strong>ungi,</strong></span> <span class='ocrx_word' id='word_1_149' title='bbox 1651 2091 1706 2136; x_wconf 94' lang='lat' dir='ltr'><strong>et</strong></span> <span class='ocrx_word' id='word_1_150' title='bbox 1730 2097 1853 2138; x_wconf 92' lang='lat' dir='ltr'><strong>eum</strong></span> <span class='ocrx_word' id='word_1_151' title='bbox 1879 2093 1990 2133; x_wconf 82' lang='lat' dir='ltr'><strong>ma-</strong></span> 
     </span>
    </p>
   </div>
   <div class='ocr_carea' id='block_1_25' title="bbox 415 2170 1989 2254">
    <p class='ocr_par' dir='ltr' id='par_1_25' title="bbox 415 2170 1989 2254">
     <span class='ocr_line' id='line_1_25' title="bbox 415 2170 1989 2254; baseline -0.011 -12"><span class='ocrx_word' id='word_1_152' title='bbox 415 2198 632 2244; x_wconf 89' lang='lat' dir='ltr'><strong>nentem</strong></span> <span class='ocrx_word' id='word_1_153' title='bbox 661 2183 800 2254; x_wconf 86' lang='lat' dir='ltr'><strong>apud</strong></span> <span class='ocrx_word' id='word_1_154' title='bbox 833 2183 1005 2252; x_wconf 91' lang='lat' dir='ltr'><strong>ipsum</strong></span> <span class='ocrx_word' id='word_1_155' title='bbox 1026 2179 1318 2240; x_wconf 71' lang='lat' dir='ltr'><strong>habere,et</strong></span> <span class='ocrx_word' id='word_1_156' title='bbox 1349 2190 1445 2241; x_wconf 88' lang='lat' dir='ltr'><strong>per</strong></span> <span class='ocrx_word' id='word_1_157' title='bbox 1477 2172 1822 2242; x_wconf 89' lang='lat' dir='ltr'><strong>semetipsum</strong></span> <span class='ocrx_word' id='word_1_158' title='bbox 1849 2170 1989 2224; x_wconf 86' lang='lat' dir='ltr'><strong>illius</strong></span> 
     </span>
    </p>
   </div>
   <div class='ocr_carea' id='block_1_26' title="bbox 416 2261 1986 2344">
    <p class='ocr_par' dir='ltr' id='par_1_26' title="bbox 416 2261 1986 2344">
     <span class='ocr_line' id='line_1_26' title="bbox 416 2261 1986 2344; baseline -0.013 -9"><span class='ocrx_word' id='word_1_159' title='bbox 416 2281 702 2335; x_wconf 81' lang='lat' dir='ltr'><strong>adventum</strong></span> <span class='ocrx_word' id='word_1_160' title='bbox 741 2273 1126 2344; x_wconf 65' lang='lat' dir='ltr'><strong>praenuntiam,</strong></span> <span class='ocrx_word' id='word_1_161' title='bbox 1168 2277 1224 2324; x_wconf 91' lang='lat' dir='ltr'><strong>et</strong></span> <span class='ocrx_word' id='word_1_162' title='bbox 1263 2266 1626 2336; x_wconf 66' lang='lat' dir='ltr'><strong>aequalitatem</strong></span> <span class='ocrx_word' id='word_1_163' title='bbox 1679 2263 1903 2318; x_wconf 91' lang='lat' dir='ltr'><strong>honoris</strong></span> <span class='ocrx_word' id='word_1_164' title='bbox 1937 2261 1986 2316; x_wconf 89' lang='lat' dir='ltr'><strong>ei</strong></span> 
     </span>
    </p>
   </div>
   <div class='ocr_carea' id='block_1_27' title="bbox 417 2354 1987 2438">
    <p class='ocr_par' dir='ltr' id='par_1_27' title="bbox 417 2354 1987 2438">
     <span class='ocr_line' id='line_1_27' title="bbox 417 2354 1987 2438; baseline -0.012 -14"><span class='ocrx_word' id='word_1_165' title='bbox 417 2371 678 2432; x_wconf 86' lang='lat' dir='ltr'><strong>tribuere,</strong></span> <span class='ocrx_word' id='word_1_166' title='bbox 705 2381 866 2438; x_wconf 88' lang='lat' dir='ltr'><strong>quam</strong></span> <span class='ocrx_word' id='word_1_167' title='bbox 898 2362 1187 2433; x_wconf 84' lang='lat' dir='ltr'><strong>Apostolus</strong></span> <span class='ocrx_word' id='word_1_168' title='bbox 1226 2361 1387 2416; x_wconf 90' lang='lat' dir='ltr'><strong>etiam</strong></span> <span class='ocrx_word' id='word_1_169' title='bbox 1415 2356 1670 2418; x_wconf 81' lang='lat' dir='ltr'><strong>servavit.</strong></span> <span class='ocrx_word' id='word_1_170' title='bbox 1713 2354 1804 2424; x_wconf 88' lang='lat' dir='ltr'><strong>qui</strong></span> <span class='ocrx_word' id='word_1_171' title='bbox 1835 2368 1987 2408; x_wconf 85' lang='lat' dir='ltr'><strong>com-</strong></span> 
     </span>
    </p>
   </div>
   <div class='ocr_carea' id='block_1_28' title="bbox 418 2447 1990 2526">
    <p class='ocr_par' dir='ltr' id='par_1_28' title="bbox 418 2447 1990 2526">
     <span class='ocr_line' id='line_1_28' title="bbox 418 2447 1990 2526; baseline -0.012 -10"><span class='ocrx_word' id='word_1_172' title='bbox 418 2460 836 2516; x_wconf 88' lang='lat' dir='ltr'><strong>municationetn</strong></span> <span class='ocrx_word' id='word_1_173' title='bbox 890 2467 1106 2526; x_wconf 88' lang='lat' dir='ltr'><strong>quoque</strong></span> <span class='ocrx_word' id='word_1_174' title='bbox 1144 2461 1199 2508; x_wconf 88' lang='lat' dir='ltr'><strong>et</strong></span> <span class='ocrx_word' id='word_1_175' title='bbox 1245 2451 1506 2504; x_wconf 88' lang='lat' dir='ltr'><strong>unitatem</strong></span> <span class='ocrx_word' id='word_1_176' title='bbox 1545 2447 1712 2516; x_wconf 86' lang='lat' dir='ltr'><strong>ipsius</strong></span> <span class='ocrx_word' id='word_1_177' title='bbox 1755 2458 1990 2500; x_wconf 84' lang='lat' dir='ltr'><strong>comme-</strong></span> 
     </span>
    </p>
   </div>
   <div class='ocr_carea' id='block_1_29' title="bbox 418 2537 1989 2618">
    <p class='ocr_par' dir='ltr' id='par_1_29' title="bbox 418 2537 1989 2618">
     <span class='ocr_line' id='line_1_29' title="bbox 418 2537 1989 2618; baseline -0.012 -10"><span class='ocrx_word' id='word_1_178' title='bbox 418 2553 678 2618; x_wconf 83' lang='lat' dir='ltr'><strong>moravit;</strong></span> <span class='ocrx_word' id='word_1_179' title='bbox 729 2559 944 2605; x_wconf 90' lang='lat' dir='ltr'><strong>etcum</strong></span> <span class='ocrx_word' id='word_1_180' title='bbox 989 2543 1236 2601; x_wconf 86' lang='lat' dir='ltr'><strong>similiter</strong></span> <span class='ocrx_word' id='word_1_181' title='bbox 1285 2555 1475 2596; x_wconf 87' lang='lat' dir='ltr'><strong>omnes</strong></span> <span class='ocrx_word' id='word_1_182' title='bbox 1522 2540 1640 2592; x_wconf 82' lang='lat' dir='ltr'><strong>aliae</strong></span> <span class='ocrx_word' id='word_1_183' title='bbox 1693 2537 1989 2606; x_wconf 76' lang='lat' dir='ltr'><strong>Scriptura:</strong></span> 
     </span>
    </p>
   </div>
   <div class='ocr_carea' id='block_1_30' title="bbox 418 2631 1988 2700">
    <p class='ocr_par' dir='ltr' id='par_1_30' title="bbox 418 2631 1988 2700">
     <span class='ocr_line' id='line_1_30' title="bbox 418 2631 1988 2700; baseline -0.013 0"><span class='ocrx_word' id='word_1_184' title='bbox 418 2660 580 2700; x_wconf 88' lang='lat' dir='ltr'><strong>unam</strong></span> <span class='ocrx_word' id='word_1_185' title='bbox 639 2655 761 2697; x_wconf 86' lang='lat' dir='ltr'><strong>esse</strong></span> <span class='ocrx_word' id='word_1_186' title='bbox 803 2639 1037 2694; x_wconf 80' lang='lat' dir='ltr'><strong>divinam</strong></span> <span class='ocrx_word' id='word_1_187' title='bbox 1085 2647 1330 2689; x_wconf 87' lang='lat' dir='ltr'><strong>naturam</strong></span> <span class='ocrx_word' id='word_1_188' title='bbox 1375 2631 1678 2690; x_wconf 82' lang='lat' dir='ltr'><strong>ostendant,</strong></span> <span class='ocrx_word' id='word_1_189' title='bbox 1729 2637 1783 2681; x_wconf 92' lang='lat' dir='ltr'><strong>et</strong></span> <span class='ocrx_word' id='word_1_190' title='bbox 1826 2643 1988 2680; x_wconf 92' lang='lat' dir='ltr'><strong>unum</strong></span> 
     </span>
    </p>
   </div>
   <div class='ocr_carea' id='block_1_31' title="bbox 418 2717 1992 2790">
    <p class='ocr_par' dir='ltr' id='par_1_31' title="bbox 418 2717 1992 2790">
     <span class='ocr_line' id='line_1_31' title="bbox 418 2717 1992 2790; baseline -0.013 0"><span class='ocrx_word' id='word_1_191' title='bbox 418 2749 612 2790; x_wconf 81' lang='lat' dir='ltr'><strong>nomen</strong></span> <span class='ocrx_word' id='word_1_192' title='bbox 647 2747 766 2789; x_wconf 84' lang='lat' dir='ltr'><strong>esse</strong></span> <span class='ocrx_word' id='word_1_193' title='bbox 813 2731 994 2785; x_wconf 91' lang='lat' dir='ltr'><strong>dicant</strong></span> <span class='ocrx_word' id='word_1_194' title='bbox 1025 2739 1234 2781; x_wconf 87' lang='lat' dir='ltr'><strong>summe</strong></span> <span class='ocrx_word' id='word_1_195' title='bbox 1267 2721 1590 2778; x_wconf 72' lang='lat' dir='ltr'><strong>honoranda:</strong></span> <span class='ocrx_word' id='word_1_196' title='bbox 1623 2717 1906 2782; x_wconf 88' lang='lat' dir='ltr'><strong>Trinitati,</strong></span> <span class='ocrx_word' id='word_1_197' title='bbox 1937 2727 1992 2771; x_wconf 92' lang='lat' dir='ltr'><strong>et</strong></span> 
     </span>
    </p>
   </div>
   <div class='ocr_carea' id='block_1_32' title="bbox 418 2807 1992 2886">
    <p class='ocr_par' dir='ltr' id='par_1_32' title="bbox 418 2807 1992 2886">
     <span class='ocr_line' id='line_1_32' title="bbox 418 2807 1992 2886; baseline -0.011 -6"><span class='ocrx_word' id='word_1_198' title='bbox 418 2827 566 2880; x_wconf 91' lang='lat' dir='ltr'><strong>illum</strong></span> <span class='ocrx_word' id='word_1_199' title='bbox 601 2825 654 2878; x_wconf 93' lang='lat' dir='ltr'><strong>in</strong></span> <span class='ocrx_word' id='word_1_200' title='bbox 691 2820 877 2886; x_wconf 89' lang='lat' dir='ltr'><strong>tantis,</strong></span> <span class='ocrx_word' id='word_1_201' title='bbox 905 2827 958 2874; x_wconf 92' lang='lat' dir='ltr'><strong>et</strong></span> <span class='ocrx_word' id='word_1_202' title='bbox 987 2815 1187 2871; x_wconf 87' lang='lat' dir='ltr'><strong>talibus</strong></span> <span class='ocrx_word' id='word_1_203' title='bbox 1211 2814 1389 2878; x_wconf 89' lang='lat' dir='ltr'><strong>donis,</strong></span> <span class='ocrx_word' id='word_1_204' title='bbox 1428 2820 1520 2866; x_wconf 91' lang='lat' dir='ltr'><strong>aut</strong></span> <span class='ocrx_word' id='word_1_205' title='bbox 1552 2810 1711 2865; x_wconf 84' lang='lat' dir='ltr'><strong>simul</strong></span> <span class='ocrx_word' id='word_1_206' title='bbox 1756 2825 1874 2864; x_wconf 88' lang='lat' dir='ltr'><strong>cum</strong></span> <span class='ocrx_word' id='word_1_207' title='bbox 1906 2807 1992 2862; x_wconf 88' lang='lat' dir='ltr'><strong>Fi-</strong></span> 
     </span>
    </p>
   </div>
   <div class='ocr_carea' id='block_1_33' title="bbox 418 2897 1990 2972">
    <p class='ocr_par' dir='ltr' id='par_1_33' title="bbox 418 2897 1990 2972">
     <span class='ocr_line' id='line_1_33' title="bbox 418 2897 1990 2972; baseline -0.01 -4"><span class='ocrx_word' id='word_1_208' title='bbox 418 2915 492 2968; x_wconf 92' lang='lat' dir='ltr'><strong>lio</strong></span> <span class='ocrx_word' id='word_1_209' title='bbox 531 2911 820 2972; x_wconf 84' lang='lat' dir='ltr'><strong>collucent.</strong></span> <span class='ocrx_word' id='word_1_210' title='bbox 859 2915 953 2961; x_wconf 91' lang='lat' dir='ltr'><strong>aut</strong></span> <span class='ocrx_word' id='word_1_211' title='bbox 996 2907 1160 2960; x_wconf 90' lang='lat' dir='ltr'><strong>etiam</strong></span> <span class='ocrx_word' id='word_1_212' title='bbox 1205 2918 1447 2959; x_wconf 85' lang='lat' dir='ltr'><strong>seorsum</strong></span> <span class='ocrx_word' id='word_1_213' title='bbox 1490 2901 1661 2970; x_wconf 88' lang='lat' dir='ltr'><strong>ipsum</strong></span> <span class='ocrx_word' id='word_1_214' title='bbox 1691 2897 1760 2953; x_wconf 82' lang='lat' dir='ltr'><strong>de</strong></span> <span class='ocrx_word' id='word_1_215' title='bbox 1793 2899 1990 2953; x_wconf 75' lang='lat' dir='ltr'><strong>divinis</strong></span> 
     </span>
    </p>
   </div>
   <div class='ocr_carea' id='block_1_34' title="bbox 417 2997 1988 3074">
    <p class='ocr_par' dir='ltr' id='par_1_34' title="bbox 417 2997 1988 3074">
     <span class='ocr_line' id='line_1_34' title="bbox 417 2997 1988 3074; baseline -0.011 -15"><span class='ocrx_word' id='word_1_216' title='bbox 417 3004 674 3074; x_wconf 88' lang='lat' dir='ltr'><strong>operibus</strong></span> <span class='ocrx_word' id='word_1_217' title='bbox 712 3010 766 3055; x_wconf 90' lang='lat' dir='ltr'><strong>et</strong></span> <span class='ocrx_word' id='word_1_218' title='bbox 795 2997 1390 3066; x_wconf 77' lang='lat' dir='ltr'><strong>virtutiluts’loqueutes</strong></span> <span class='ocrx_word' id='word_1_219' title='bbox 1419 3001 1753 3054; x_wconf 83' lang='lat' dir='ltr'><strong>memorent,</strong></span> <span class='ocrx_word' id='word_1_220' title='bbox 1788 2999 1840 3046; x_wconf 90' lang='lat' dir='ltr'><strong>et</strong></span> <span class='ocrx_word' id='word_1_221' title='bbox 1864 3005 1988 3044; x_wconf 89' lang='lat' dir='ltr'><strong>eum</strong></span> 
     </span>
    </p>
   </div>
   <div class='ocr_carea' id='block_1_35' title="bbox 2714 805 3042 862">
    <p class='ocr_par' dir='ltr' id='par_1_35' title="bbox 2714 805 3042 862">
     <span class='ocr_line' id='line_1_35' title="bbox 2714 805 3042 862; baseline 0.006 -6"><span class='ocrx_word' id='word_1_222' title='bbox 2714 805 2872 862; x_wconf 84' lang='grc' dir='ltr'><strong>ΚΕΦ.</strong></span> <span class='ocrx_word' id='word_1_223' title='bbox 2909 805 3042 858; x_wconf 84' lang='grc' dir='ltr'><strong>ΚΕ¹.</strong></span> 
     </span>
    </p>
   </div>
   <div class='ocr_carea' id='block_1_36' title="bbox 2170 891 3657 964">
    <p class='ocr_par' dir='ltr' id='par_1_36' title="bbox 2170 891 3657 964">
     <span class='ocr_line' id='line_1_36' title="bbox 2170 891 3657 964; baseline -0.003 -16"><span class='ocrx_word' id='word_1_224' title='bbox 2170 894 2493 964; x_wconf 82' lang='grc' dir='ltr'>Ὑπερφυῶν</span> <span class='ocrx_word' id='word_1_225' title='bbox 2520 894 2696 947; x_wconf 83' lang='grc' dir='ltr'>τοίνυν</span> <span class='ocrx_word' id='word_1_226' title='bbox 2714 895 3041 960; x_wconf 81' lang='grc' dir='ltr'>ἀποδείξεων</span> <span class='ocrx_word' id='word_1_227' title='bbox 3074 891 3486 964; x_wconf 88' lang='grc' dir='ltr'>μαρτυρουσῶν,</span> <span class='ocrx_word' id='word_1_228' title='bbox 3503 892 3580 944; x_wconf 80' lang='grc' dir='ltr'>ὅτι</span> <span class='ocrx_word' id='word_1_229' title='bbox 3597 892 3657 943; x_wconf 83' lang='grc' dir='ltr'>ὲκ</span> 
     </span>
    </p>
   </div>
   <div class='ocr_carea' id='block_1_37' title="bbox 2086 985 3659 1059">
    <p class='ocr_par' dir='ltr' id='par_1_37' title="bbox 2086 985 3659 1059">
     <span class='ocr_line' id='line_1_37' title="bbox 2086 985 3659 1059; baseline -0.004 -18"><span class='ocrx_word' id='word_1_230' title='bbox 2086 991 2186 1059; x_wconf 83' lang='grc' dir='ltr'>τῆς</span> <span class='ocrx_word' id='word_1_231' title='bbox 2207 989 2336 1058; x_wconf 79' lang='grc' dir='ltr'>μιᾶς</span> <span class='ocrx_word' id='word_1_232' title='bbox 2359 989 2452 1041; x_wconf 91' lang='lat' dir='ltr'><strong>xui</strong></span> <span class='ocrx_word' id='word_1_233' title='bbox 2472 986 2733 1040; x_wconf 82' lang='grc' dir='ltr'><strong>ἀνωτάτω</strong></span> <span class='ocrx_word' id='word_1_234' title='bbox 2757 987 2944 1057; x_wconf 75' lang='grc' dir='ltr'>θεῖκῆς</span> <span class='ocrx_word' id='word_1_235' title='bbox 2963 985 3175 1055; x_wconf 80' lang='grc' dir='ltr'>φύσεως</span> <span class='ocrx_word' id='word_1_236' title='bbox 3213 985 3446 1054; x_wconf 77' lang='grc' dir='ltr'><strong>ἐξεφάνη</strong></span> <span class='ocrx_word' id='word_1_237' title='bbox 3481 987 3659 1036; x_wconf 83' lang='grc' dir='ltr'>συναῖ-</span> 
     </span>
    </p>
   </div>
   <div class='ocr_carea' id='block_1_38' title="bbox 2085 1074 3659 1147">
    <p class='ocr_par' dir='ltr' id='par_1_38' title="bbox 2085 1074 3659 1147">
     <span class='ocr_line' id='line_1_38' title="bbox 2085 1074 3659 1147; baseline -0.005 -15"><span class='ocrx_word' id='word_1_238' title='bbox 2085 1079 2213 1141; x_wconf 86' lang='grc' dir='ltr'>δίως</span> <span class='ocrx_word' id='word_1_239' title='bbox 2232 1079 2292 1130; x_wconf 88' lang='grc' dir='ltr'><strong>τὸ</strong></span> <span class='ocrx_word' id='word_1_240' title='bbox 2322 1079 2475 1146; x_wconf 70' lang='grc' dir='ltr'>ἅγιον</span> <span class='ocrx_word' id='word_1_241' title='bbox 2496 1078 2736 1147; x_wconf 83' lang='grc' dir='ltr'><strong>Πνεῦμα,</strong></span> <span class='ocrx_word' id='word_1_242' title='bbox 2760 1077 2850 1129; x_wconf 90' lang='lat' dir='ltr'><strong>xui</strong></span> <span class='ocrx_word' id='word_1_243' title='bbox 2867 1075 3145 1146; x_wconf 75' lang='grc' dir='ltr'>ἔχει-κατά</span> <span class='ocrx_word' id='word_1_244' title='bbox 3163 1092 3221 1128; x_wconf 89' lang='grc' dir='ltr'><strong>τε</strong></span> <span class='ocrx_word' id='word_1_245' title='bbox 3243 1075 3341 1144; x_wconf 78' lang='grc' dir='ltr'>τὴν</span> <span class='ocrx_word' id='word_1_246' title='bbox 3362 1074 3548 1127; x_wconf 80' lang='grc' dir='ltr'>οὐσίαν</span> <span class='ocrx_word' id='word_1_247' title='bbox 3571 1075 3659 1125; x_wconf 91' lang='lat' dir='ltr'><strong>xui</strong></span> 
     </span>
    </p>
   </div>
   <div class='ocr_carea' id='block_1_39' title="bbox 2087 1163 3660 1241">
    <p class='ocr_par' dir='ltr' id='par_1_39' title="bbox 2087 1163 3660 1241">
     <span class='ocr_line' id='line_1_39' title="bbox 2087 1163 3660 1241; baseline -0.004 -19"><span class='ocrx_word' id='word_1_248' title='bbox 2087 1171 2186 1240; x_wconf 83' lang='grc' dir='ltr'>τὴν</span> <span class='ocrx_word' id='word_1_249' title='bbox 2205 1168 2434 1240; x_wconf 73' lang='grc' dir='ltr'>δύναμιν</span> <span class='ocrx_word' id='word_1_250' title='bbox 2451 1170 2510 1222; x_wconf 86' lang='grc' dir='ltr'><strong>τὸ</strong></span> <span class='ocrx_word' id='word_1_251' title='bbox 2528 1169 2775 1241; x_wconf 79' lang='grc' dir='ltr'>ἄπειρον,</span> <span class='ocrx_word' id='word_1_252' title='bbox 2795 1170 2886 1221; x_wconf 79' lang='grc' dir='ltr'>καὶ</span> <span class='ocrx_word' id='word_1_253' title='bbox 2905 1169 2965 1222; x_wconf 90' lang='grc' dir='ltr'><strong>τὸ</strong></span> <span class='ocrx_word' id='word_1_254' title='bbox 2977 1169 3275 1240; x_wconf 78' lang='grc' dir='ltr'><strong>ἄφθαρτον,</strong></span> <span class='ocrx_word' id='word_1_255' title='bbox 3291 1166 3384 1219; x_wconf 88' lang='lat' dir='ltr'><strong>xui</strong></span> <span class='ocrx_word' id='word_1_256' title='bbox 3403 1166 3464 1218; x_wconf 89' lang='grc' dir='ltr'><strong>τὸ</strong></span> <span class='ocrx_word' id='word_1_257' title='bbox 3477 1163 3660 1229; x_wconf 73' lang='grc' dir='ltr'>αὐτεξ-</span> 
     </span>
    </p>
   </div>
   <div class='ocr_carea' id='block_1_40' title="bbox 2087 1257 3663 1330">
    <p class='ocr_par' dir='ltr' id='par_1_40' title="bbox 2087 1257 3663 1330">
     <span class='ocr_line' id='line_1_40' title="bbox 2087 1257 3663 1330; baseline -0.003 -17"><span class='ocrx_word' id='word_1_258' title='bbox 2087 1259 2288 1323; x_wconf 84' lang='grc' dir='ltr'>ούσιον,</span> <span class='ocrx_word' id='word_1_259' title='bbox 2318 1262 2411 1313; x_wconf 90' lang='lat' dir='ltr'><strong>xui</strong></span> <span class='ocrx_word' id='word_1_260' title='bbox 2426 1261 2486 1313; x_wconf 89' lang='grc' dir='ltr'><strong>τὸ</strong></span> <span class='ocrx_word' id='word_1_261' title='bbox 2514 1260 2737 1330; x_wconf 78' lang='grc' dir='ltr'>ἀγαθὸν,</span> <span class='ocrx_word' id='word_1_262' title='bbox 2768 1261 2863 1314; x_wconf 86' lang='lat' dir='ltr'><strong>xui</strong></span> <span class='ocrx_word' id='word_1_263' title='bbox 2890 1261 2948 1314; x_wconf 88' lang='grc' dir='ltr'><strong>τὸ</strong></span> <span class='ocrx_word' id='word_1_264' title='bbox 2985 1261 3160 1330; x_wconf 74' lang='grc' dir='ltr'>ἅγιον,</span> <span class='ocrx_word' id='word_1_265' title='bbox 3189 1259 3284 1314; x_wconf 87' lang='lat' dir='ltr'><strong>xui</strong></span> <span class='ocrx_word' id='word_1_266' title='bbox 3313 1257 3383 1310; x_wconf 73' lang='grc' dir='ltr'><strong>τά</strong></span> <span class='ocrx_word' id='word_1_267' title='bbox 3410 1274 3663 1328; x_wconf 81' lang='grc' dir='ltr'>προειρη-</span> 
     </span>
    </p>
   </div>
   <div class='ocr_carea' id='block_1_41' title="bbox 2090 1341 3662 1423">
    <p class='ocr_par' dir='ltr' id='par_1_41' title="bbox 2090 1341 3662 1423">
     <span class='ocr_line' id='line_1_41' title="bbox 2090 1341 3662 1423; baseline -0.003 -20"><span class='ocrx_word' id='word_1_268' title='bbox 2090 1349 2229 1417; x_wconf 87' lang='grc' dir='ltr'>μένα</span> <span class='ocrx_word' id='word_1_269' title='bbox 2257 1350 2436 1404; x_wconf 89' lang='grc' dir='ltr'>πάντα</span> <span class='ocrx_word' id='word_1_270' title='bbox 2467 1351 2902 1420; x_wconf 80' lang='grc' dir='ltr'><strong>ἀπαραλλάκτως</strong></span> <span class='ocrx_word' id='word_1_271' title='bbox 2932 1350 3067 1423; x_wconf 86' lang='grc' dir='ltr'>πρὸς</span> <span class='ocrx_word' id='word_1_272' title='bbox 3094 1350 3184 1402; x_wconf 84' lang='grc' dir='ltr'><strong>τὸν</strong></span> <span class='ocrx_word' id='word_1_273' title='bbox 3215 1349 3433 1420; x_wconf 79' lang='grc' dir='ltr'>Πατέρα</span> <span class='ocrx_word' id='word_1_274' title='bbox 3463 1347 3556 1400; x_wconf 87' lang='lat' dir='ltr'><strong>xui</strong></span> <span class='ocrx_word' id='word_1_275' title='bbox 3577 1341 3662 1399; x_wconf 80' lang='grc' dir='ltr'><strong>τὸν</strong></span> 
     </span>
    </p>
   </div>
   <div class='ocr_carea' id='block_1_42' title="bbox 2091 1436 3662 1511">
    <p class='ocr_par' dir='ltr' id='par_1_42' title="bbox 2091 1436 3662 1511">
     <span class='ocr_line' id='line_1_42' title="bbox 2091 1436 3662 1511; baseline -0.003 -19"><span class='ocrx_word' id='word_1_276' title='bbox 2091 1439 2218 1493; x_wconf 83' lang='grc' dir='ltr'>Υἱὸν</span> <span class='ocrx_word' id='word_1_277' title='bbox 2248 1438 2442 1504; x_wconf 76' lang='grc' dir='ltr'>οὕτως,</span> <span class='ocrx_word' id='word_1_278' title='bbox 2490 1438 2631 1492; x_wconf 82' lang='grc' dir='ltr'>ὥστε</span> <span class='ocrx_word' id='word_1_279' title='bbox 2666 1439 2726 1504; x_wconf 78' lang='grc' dir='ltr'>ἐξ</span> <span class='ocrx_word' id='word_1_280' title='bbox 2775 1439 2940 1494; x_wconf 80' lang='grc' dir='ltr'>αὐτοῦ</span> <span class='ocrx_word' id='word_1_281' title='bbox 2993 1438 3350 1511; x_wconf 77' lang='grc' dir='ltr'><strong>γνωρίζεσθαι</strong></span> <span class='ocrx_word' id='word_1_282' title='bbox 3394 1437 3485 1491; x_wconf 85' lang='grc' dir='ltr'><strong>τὸν</strong></span> <span class='ocrx_word' id='word_1_283' title='bbox 3535 1436 3662 1488; x_wconf 93' lang='grc' dir='ltr'>Θεὸν</span> 
     </span>
    </p>
   </div>
   <div class='ocr_carea' id='block_1_43' title="bbox 2089 1527 3664 1602">
    <p class='ocr_par' dir='ltr' id='par_1_43' title="bbox 2089 1527 3664 1602">
     <span class='ocr_line' id='line_1_43' title="bbox 2089 1527 3664 1602; baseline -0.003 -16"><span class='ocrx_word' id='word_1_284' title='bbox 2089 1534 2256 1586; x_wconf 69' lang='grc' dir='ltr'>οἰκεῖν</span> <span class='ocrx_word' id='word_1_285' title='bbox 2275 1533 2333 1584; x_wconf 82' lang='grc' dir='ltr'>ἐν</span> <span class='ocrx_word' id='word_1_286' title='bbox 2366 1533 2519 1602; x_wconf 80' lang='grc' dir='ltr'>ἡμῖν·</span> <span class='ocrx_word' id='word_1_287' title='bbox 2553 1532 2649 1584; x_wconf 88' lang='lat' dir='ltr'><strong>xui</strong></span> <span class='ocrx_word' id='word_1_288' title='bbox 2675 1531 2768 1584; x_wconf 90' lang='grc' dir='ltr'><strong>τοῦ</strong></span> <span class='ocrx_word' id='word_1_289' title='bbox 2811 1533 3020 1602; x_wconf 89' lang='grc' dir='ltr'>Πατρὸς</span> <span class='ocrx_word' id='word_1_290' title='bbox 3052 1531 3300 1598; x_wconf 74' lang='grc' dir='ltr'>ἐκφανῶς</span> <span class='ocrx_word' id='word_1_291' title='bbox 3325 1530 3414 1584; x_wconf 80' lang='grc' dir='ltr'>διὰ</span> <span class='ocrx_word' id='word_1_292' title='bbox 3441 1529 3532 1583; x_wconf 89' lang='grc' dir='ltr'><strong>τοῦ</strong></span> <span class='ocrx_word' id='word_1_293' title='bbox 3554 1527 3664 1583; x_wconf 83' lang='grc' dir='ltr'>δει-</span> 
     </span>
    </p>
   </div>
   <div class='ocr_carea' id='block_1_44' title="bbox 2090 1618 3662 1694">
    <p class='ocr_par' dir='ltr' id='par_1_44' title="bbox 2090 1618 3662 1694">
     <span class='ocr_line' id='line_1_44' title="bbox 2090 1618 3662 1694; baseline -0.001 -18"><span class='ocrx_word' id='word_1_294' title='bbox 2090 1622 2275 1677; x_wconf 79' lang='grc' dir='ltr'>κνύειν</span> <span class='ocrx_word' id='word_1_295' title='bbox 2317 1623 2538 1694; x_wconf 79' lang='grc' dir='ltr'><strong>Πνεῦμα</strong></span> <span class='ocrx_word' id='word_1_296' title='bbox 2570 1621 2735 1676; x_wconf 79' lang='grc' dir='ltr'>αὐτοῦ</span> <span class='ocrx_word' id='word_1_297' title='bbox 2775 1618 2916 1676; x_wconf 88' lang='grc' dir='ltr'>εἷναι</span> <span class='ocrx_word' id='word_1_298' title='bbox 2952 1623 3082 1676; x_wconf 80' lang='grc' dir='ltr'>αὐτὸ</span> <span class='ocrx_word' id='word_1_299' title='bbox 3117 1621 3538 1693; x_wconf 85' lang='grc' dir='ltr'>μαρτυροῦντος,</span> <span class='ocrx_word' id='word_1_300' title='bbox 3583 1623 3662 1674; x_wconf 86' lang='grc' dir='ltr'>ὅτι</span> 
     </span>
    </p>
   </div>
   <div class='ocr_carea' id='block_1_45' title="bbox 2091 1716 3663 1788">
    <p class='ocr_par' dir='ltr' id='par_1_45' title="bbox 2091 1716 3663 1788">
     <span class='ocr_line' id='line_1_45' title="bbox 2091 1716 3663 1788; baseline 0 -18"><span class='ocrx_word' id='word_1_301' title='bbox 2091 1717 2185 1770; x_wconf 88' lang='lat' dir='ltr'><strong>xui</strong></span> <span class='ocrx_word' id='word_1_302' title='bbox 2213 1717 2494 1787; x_wconf 78' lang='grc' dir='ltr'>ὁμοούσιον</span> <span class='ocrx_word' id='word_1_303' title='bbox 2518 1716 2688 1788; x_wconf 79' lang='grc' dir='ltr'>αὐτῷ,</span> <span class='ocrx_word' id='word_1_304' title='bbox 2741 1718 2836 1770; x_wconf 80' lang='grc' dir='ltr'>καὶ</span> <span class='ocrx_word' id='word_1_305' title='bbox 2871 1716 3005 1780; x_wconf 87' lang='grc' dir='ltr'>Θεὸς</span> <span class='ocrx_word' id='word_1_306' title='bbox 3045 1717 3309 1787; x_wconf 85' lang='grc' dir='ltr'>ἀγένητὸς</span> <span class='ocrx_word' id='word_1_307' title='bbox 3348 1719 3516 1769; x_wconf 72' lang='grc' dir='ltr'>ἐστιν’</span> <span class='ocrx_word' id='word_1_308' title='bbox 3568 1718 3663 1770; x_wconf 67' lang='grc' dir='ltr'>οὐκ</span> 
     </span>
    </p>
   </div>
   <div class='ocr_carea' id='block_1_46' title="bbox 2089 1808 3663 1881">
    <p class='ocr_par' dir='ltr' id='par_1_46' title="bbox 2089 1808 3663 1881">
     <span class='ocr_line' id='line_1_46' title="bbox 2089 1808 3663 1881; baseline 0 -19"><span class='ocrx_word' id='word_1_309' title='bbox 2089 1808 2500 1873; x_wconf 80' lang='grc' dir='ltr'>ἀπαξιώσαντος</span> <span class='ocrx_word' id='word_1_310' title='bbox 2537 1810 2594 1863; x_wconf 82' lang='grc' dir='ltr'>δὲ</span> <span class='ocrx_word' id='word_1_311' title='bbox 2645 1809 2768 1862; x_wconf 74' lang='grc' dir='ltr'>οὔτε</span> <span class='ocrx_word' id='word_1_312' title='bbox 2795 1809 2887 1862; x_wconf 90' lang='grc' dir='ltr'><strong>τοῦ</strong></span> <span class='ocrx_word' id='word_1_313' title='bbox 2922 1809 3076 1871; x_wconf 83' lang='grc' dir='ltr'>Υίοῦ,</span> <span class='ocrx_word' id='word_1_314' title='bbox 3114 1809 3204 1863; x_wconf 84' lang='grc' dir='ltr'><strong>διά</strong></span> <span class='ocrx_word' id='word_1_315' title='bbox 3241 1808 3339 1880; x_wconf 79' lang='grc' dir='ltr'>τὴν</span> <span class='ocrx_word' id='word_1_316' title='bbox 3368 1810 3495 1881; x_wconf 74' lang='grc' dir='ltr'>περὶ</span> <span class='ocrx_word' id='word_1_317' title='bbox 3534 1809 3663 1862; x_wconf 78' lang='grc' dir='ltr'>αὐτὸ</span> 
     </span>
    </p>
   </div>
   <div class='ocr_carea' id='block_1_47' title="bbox 2089 1899 3658 1971">
    <p class='ocr_par' dir='ltr' id='par_1_47' title="bbox 2089 1899 3658 1971">
     <span class='ocr_line' id='line_1_47' title="bbox 2089 1899 3658 1971; baseline -0.001 -17"><span class='ocrx_word' id='word_1_318' title='bbox 2089 1902 2184 1969; x_wconf 84' lang='grc' dir='ltr'>τῆς</span> <span class='ocrx_word' id='word_1_319' title='bbox 2212 1900 2482 1971; x_wconf 85' lang='grc' dir='ltr'>θεότητος,</span> <span class='ocrx_word' id='word_1_320' title='bbox 2517 1901 2612 1954; x_wconf 90' lang='lat' dir='ltr'><strong>xui</strong></span> <span class='ocrx_word' id='word_1_321' title='bbox 2661 1901 2958 1971; x_wconf 77' lang='grc' dir='ltr'><strong>βασιλείας,</strong></span> <span class='ocrx_word' id='word_1_322' title='bbox 3009 1902 3104 1953; x_wconf 90' lang='lat' dir='ltr'><strong>xui</strong></span> <span class='ocrx_word' id='word_1_323' title='bbox 3149 1899 3307 1971; x_wconf 78' lang='grc' dir='ltr'>δόξης</span> <span class='ocrx_word' id='word_1_324' title='bbox 3363 1901 3658 1954; x_wconf 72' lang='grc' dir='ltr'>κοινωνίαν·</span> 
     </span>
    </p>
   </div>
   <div class='ocr_carea' id='block_1_48' title="bbox 2089 1989 3662 2062">
    <p class='ocr_par' dir='ltr' id='par_1_48' title="bbox 2089 1989 3662 2062">
     <span class='ocr_line' id='line_1_48' title="bbox 2089 1989 3662 2062; baseline -0.001 -18"><span class='ocrx_word' id='word_1_325' title='bbox 2089 1993 2181 2044; x_wconf 89' lang='lat' dir='ltr'><strong>xui</strong></span> <span class='ocrx_word' id='word_1_326' title='bbox 2233 1993 2290 2044; x_wconf 81' lang='grc' dir='ltr'><strong>έν</strong></span> <span class='ocrx_word' id='word_1_327' title='bbox 2319 1991 2467 2062; x_wconf 78' lang='grc' dir='ltr'><strong>αὑτῷ</strong></span> <span class='ocrx_word' id='word_1_328' title='bbox 2512 1991 2822 2062; x_wconf 85' lang='grc' dir='ltr'>χρισθῆναι,</span> <span class='ocrx_word' id='word_1_329' title='bbox 2869 1991 2963 2043; x_wconf 87' lang='lat' dir='ltr'><strong>xui</strong></span> <span class='ocrx_word' id='word_1_330' title='bbox 2998 1989 3142 2061; x_wconf 76' lang='grc' dir='ltr'>ἔχειν</span> <span class='ocrx_word' id='word_1_331' title='bbox 3186 1989 3318 2042; x_wconf 74' lang='grc' dir='ltr'>αὐτὸ</span> <span class='ocrx_word' id='word_1_332' title='bbox 3350 1990 3509 2060; x_wconf 88' lang='grc' dir='ltr'>μένον</span> <span class='ocrx_word' id='word_1_333' title='bbox 3542 1991 3662 2060; x_wconf 87' lang='grc' dir='ltr'>παρ’</span> 
     </span>
    </p>
   </div>
   <div class='ocr_carea' id='block_1_49' title="bbox 2089 2081 3666 2154">
    <p class='ocr_par' dir='ltr' id='par_1_49' title="bbox 2089 2081 3666 2154">
     <span class='ocr_line' id='line_1_49' title="bbox 2089 2081 3666 2154; baseline 0 -18"><span class='ocrx_word' id='word_1_334' title='bbox 2089 2083 2260 2153; x_wconf 79' lang='grc' dir='ltr'>αὐτῷ,</span> <span class='ocrx_word' id='word_1_335' title='bbox 2310 2083 2403 2137; x_wconf 89' lang='lat' dir='ltr'><strong>xui</strong></span> <span class='ocrx_word' id='word_1_336' title='bbox 2446 2083 2512 2136; x_wconf 81' lang='grc' dir='ltr'>δι’</span> <span class='ocrx_word' id='word_1_337' title='bbox 2540 2083 2735 2136; x_wconf 77' lang='grc' dir='ltr'>ἑαυτοῦ</span> <span class='ocrx_word' id='word_1_338' title='bbox 2776 2081 3194 2154; x_wconf 77' lang='grc' dir='ltr'>προεξαγγεῖλαι</span> <span class='ocrx_word' id='word_1_339' title='bbox 3237 2083 3336 2153; x_wconf 82' lang='grc' dir='ltr'>τὴν</span> <span class='ocrx_word' id='word_1_340' title='bbox 3377 2083 3666 2154; x_wconf 76' lang='grc' dir='ltr'>ἐπιδημίαν</span> 
     </span>
    </p>
   </div>
   <div class='ocr_carea' id='block_1_50' title="bbox 2090 2174 3666 2247">
    <p class='ocr_par' dir='ltr' id='par_1_50' title="bbox 2090 2174 3666 2247">
     <span class='ocr_line' id='line_1_50' title="bbox 2090 2174 3666 2247; baseline -0.001 -18"><span class='ocrx_word' id='word_1_341' title='bbox 2090 2176 2277 2240; x_wconf 82' lang='grc' dir='ltr'>αὐτοῦ,</span> <span class='ocrx_word' id='word_1_342' title='bbox 2314 2176 2409 2229; x_wconf 90' lang='lat' dir='ltr'><strong>xui</strong></span> <span class='ocrx_word' id='word_1_343' title='bbox 2435 2174 2534 2247; x_wconf 80' lang='grc' dir='ltr'>τὴν</span> <span class='ocrx_word' id='word_1_344' title='bbox 2563 2175 2834 2246; x_wconf 72' lang='grc' dir='ltr'>ἰσοτιμίαν</span> <span class='ocrx_word' id='word_1_345' title='bbox 2875 2175 3023 2245; x_wconf 79' lang='grc' dir='ltr'>αὐτῷ</span> <span class='ocrx_word' id='word_1_346' title='bbox 3063 2176 3392 2244; x_wconf 86' lang='grc' dir='ltr'>ἀπονεῖμαι,</span> <span class='ocrx_word' id='word_1_347' title='bbox 3419 2175 3485 2246; x_wconf 78' lang='grc' dir='ltr'>ἣν</span> <span class='ocrx_word' id='word_1_348' title='bbox 3518 2177 3610 2229; x_wconf 89' lang='lat' dir='ltr'><strong>xui</strong></span> <span class='ocrx_word' id='word_1_349' title='bbox 3638 2177 3666 2228; x_wconf 99' lang='lat'><strong>6</strong></span> 
     </span>
    </p>
   </div>
   <div class='ocr_carea' id='block_1_51' title="bbox 2102 2265 3667 2337">
    <p class='ocr_par' dir='ltr' id='par_1_51' title="bbox 2102 2265 3667 2337">
     <span class='ocr_line' id='line_1_51' title="bbox 2102 2265 3667 2337; baseline -0.002 -15"><span class='ocrx_word' id='word_1_350' title='bbox 2102 2267 2424 2330; x_wconf 86' lang='grc' dir='ltr'>Ἀπόστολος</span> <span class='ocrx_word' id='word_1_351' title='bbox 2446 2266 2732 2337; x_wconf 75' lang='grc' dir='ltr'>ἐφύλαξεν,</span> <span class='ocrx_word' id='word_1_352' title='bbox 2775 2265 2941 2319; x_wconf 82' lang='grc' dir='ltr'>ἔτιδὲ</span> <span class='ocrx_word' id='word_1_353' title='bbox 2985 2268 3080 2320; x_wconf 90' lang='lat' dir='ltr'><strong>xui</strong></span> <span class='ocrx_word' id='word_1_354' title='bbox 3103 2267 3387 2321; x_wconf 84' lang='grc' dir='ltr'>κοινωνίαν</span> <span class='ocrx_word' id='word_1_355' title='bbox 3426 2267 3518 2320; x_wconf 92' lang='lat' dir='ltr'><strong>xui</strong></span> <span class='ocrx_word' id='word_1_356' title='bbox 3557 2267 3667 2320; x_wconf 77' lang='grc' dir='ltr'><strong>ἑνό-</strong></span> 
     </span>
    </p>
   </div>
   <div class='ocr_carea' id='block_1_52' title="bbox 2087 2356 3666 2432">
    <p class='ocr_par' dir='ltr' id='par_1_52' title="bbox 2087 2356 3666 2432">
     <span class='ocr_line' id='line_1_52' title="bbox 2087 2356 3666 2432; baseline -0.002 -20"><span class='ocrx_word' id='word_1_357' title='bbox 2087 2377 2226 2432; x_wconf 89' lang='grc' dir='ltr'>τητα</span> <span class='ocrx_word' id='word_1_358' title='bbox 2263 2357 2428 2413; x_wconf 82' lang='grc' dir='ltr'>αὐτοῦ</span> <span class='ocrx_word' id='word_1_359' title='bbox 2459 2358 2713 2429; x_wconf 71' lang='grc' dir='ltr'>ἔγραψενο</span> <span class='ocrx_word' id='word_1_360' title='bbox 2753 2357 2953 2428; x_wconf 88' lang='grc' dir='ltr'>ὁμοίως</span> <span class='ocrx_word' id='word_1_361' title='bbox 2986 2357 3043 2410; x_wconf 83' lang='grc' dir='ltr'>δὲ</span> <span class='ocrx_word' id='word_1_362' title='bbox 3080 2358 3176 2411; x_wconf 92' lang='lat' dir='ltr'><strong>xui</strong></span> <span class='ocrx_word' id='word_1_363' title='bbox 3210 2358 3405 2410; x_wconf 83' lang='grc' dir='ltr'>πασῶν</span> <span class='ocrx_word' id='word_1_364' title='bbox 3435 2357 3542 2410; x_wconf 87' lang='grc' dir='ltr'><strong>τῶν</strong></span> <span class='ocrx_word' id='word_1_365' title='bbox 3576 2356 3666 2412; x_wconf 81' lang='grc' dir='ltr'><strong>ἄλ-</strong></span> 
     </span>
    </p>
   </div>
   <div class='ocr_carea' id='block_1_53' title="bbox 2088 2444 3671 2522">
    <p class='ocr_par' dir='ltr' id='par_1_53' title="bbox 2088 2444 3671 2522">
     <span class='ocr_line' id='line_1_53' title="bbox 2088 2444 3671 2522; baseline -0.003 -18"><span class='ocrx_word' id='word_1_366' title='bbox 2088 2452 2194 2505; x_wconf 85' lang='grc' dir='ltr'><strong>λων</strong></span> <span class='ocrx_word' id='word_1_367' title='bbox 2232 2451 2463 2522; x_wconf 85' lang='grc' dir='ltr'>Γραφῶν</span> <span class='ocrx_word' id='word_1_368' title='bbox 2501 2451 2628 2520; x_wconf 86' lang='grc' dir='ltr'>μίαν</span> <span class='ocrx_word' id='word_1_369' title='bbox 2658 2444 2797 2503; x_wconf 74' lang='grc' dir='ltr'>εἶναι</span> <span class='ocrx_word' id='word_1_370' title='bbox 2841 2448 3000 2518; x_wconf 80' lang='grc' dir='ltr'>φύσιν</span> <span class='ocrx_word' id='word_1_371' title='bbox 3049 2447 3197 2501; x_wconf 82' lang='grc' dir='ltr'>θείαν</span> <span class='ocrx_word' id='word_1_372' title='bbox 3230 2448 3527 2520; x_wconf 83' lang='grc' dir='ltr'>δηλουσῶν,</span> <span class='ocrx_word' id='word_1_373' title='bbox 3579 2448 3671 2501; x_wconf 88' lang='lat' dir='ltr'><strong>xui</strong></span> 
     </span>
    </p>
   </div>
   <div class='ocr_carea' id='block_1_54' title="bbox 2089 2540 3669 2613">
    <p class='ocr_par' dir='ltr' id='par_1_54' title="bbox 2089 2540 3669 2613">
     <span class='ocr_line' id='line_1_54' title="bbox 2089 2540 3669 2613; baseline -0.004 -17"><span class='ocrx_word' id='word_1_374' title='bbox 2089 2544 2148 2596; x_wconf 86' lang='grc' dir='ltr'>ἓν</span> <span class='ocrx_word' id='word_1_375' title='bbox 2187 2545 2359 2613; x_wconf 74' lang='grc' dir='ltr'>ὄνομα</span> <span class='ocrx_word' id='word_1_376' title='bbox 2395 2546 2460 2613; x_wconf 79' lang='grc' dir='ltr'>τῇ</span> <span class='ocrx_word' id='word_1_377' title='bbox 2507 2541 2763 2612; x_wconf 85' lang='grc' dir='ltr'>παντίμῳ</span> <span class='ocrx_word' id='word_1_378' title='bbox 2811 2540 3001 2611; x_wconf 86' lang='grc' dir='ltr'>Τριάδι</span> <span class='ocrx_word' id='word_1_379' title='bbox 3046 2540 3319 2609; x_wconf 78' lang='grc' dir='ltr'>λεγουσῶν</span> <span class='ocrx_word' id='word_1_380' title='bbox 3350 2579 3366 2605; x_wconf 88' lang='grc'><strong>,</strong></span> <span class='ocrx_word' id='word_1_381' title='bbox 3407 2544 3502 2594; x_wconf 82' lang='lat' dir='ltr'><strong>xui</strong></span> <span class='ocrx_word' id='word_1_382' title='bbox 3549 2557 3669 2593; x_wconf 76' lang='lat' dir='ltr'><strong>ow-</strong></span> 
     </span>
    </p>
   </div>
   <div class='ocr_carea' id='block_1_55' title="bbox 2087 2632 3670 2704">
    <p class='ocr_par' dir='ltr' id='par_1_55' title="bbox 2087 2632 3670 2704">
     <span class='ocr_line' id='line_1_55' title="bbox 2087 2632 3670 2704; baseline -0.004 -15"><span class='ocrx_word' id='word_1_383' title='bbox 2087 2636 2393 2691; x_wconf 89' lang='grc' dir='ltr'>ταττουσῶν</span> <span class='ocrx_word' id='word_1_384' title='bbox 2455 2635 2589 2689; x_wconf 81' lang='grc' dir='ltr'>αὐτὸ</span> <span class='ocrx_word' id='word_1_385' title='bbox 2663 2635 2722 2687; x_wconf 85' lang='grc' dir='ltr'>ὲν</span> <span class='ocrx_word' id='word_1_386' title='bbox 2801 2633 3080 2696; x_wconf 78' lang='grc' dir='ltr'>τοσούτοις</span> <span class='ocrx_word' id='word_1_387' title='bbox 3165 2633 3260 2686; x_wconf 91' lang='lat' dir='ltr'><strong>xui</strong></span> <span class='ocrx_word' id='word_1_388' title='bbox 3331 2632 3670 2704; x_wconf 75' lang='grc' dir='ltr'>τηλικούτοις</span> 
     </span>
    </p>
   </div>
   <div class='ocr_carea' id='block_1_56' title="bbox 2090 2718 3669 2799">
    <p class='ocr_par' dir='ltr' id='par_1_56' title="bbox 2090 2718 3669 2799">
     <span class='ocr_line' id='line_1_56' title="bbox 2090 2718 3669 2799; baseline -0.006 -17"><span class='ocrx_word' id='word_1_389' title='bbox 2090 2728 2445 2799; x_wconf 86' lang='grc' dir='ltr'>χαρίσμασιν,</span> <span class='ocrx_word' id='word_1_390' title='bbox 2476 2725 2509 2796; x_wconf 83' lang='grc' dir='ltr'>ἢ</span> <span class='ocrx_word' id='word_1_391' title='bbox 2553 2723 2690 2795; x_wconf 87' lang='grc' dir='ltr'>μετὰ</span> <span class='ocrx_word' id='word_1_392' title='bbox 2734 2723 2827 2776; x_wconf 83' lang='grc' dir='ltr'><strong>τοῦ</strong></span> <span class='ocrx_word' id='word_1_393' title='bbox 2875 2722 3031 2786; x_wconf 77' lang='grc' dir='ltr'>Υίοῦ,</span> <span class='ocrx_word' id='word_1_394' title='bbox 3059 2723 3092 2792; x_wconf 80' lang='grc' dir='ltr'>ἦ</span> <span class='ocrx_word' id='word_1_395' title='bbox 3118 2723 3213 2775; x_wconf 89' lang='lat' dir='ltr'><strong>xui</strong></span> <span class='ocrx_word' id='word_1_396' title='bbox 3237 2720 3362 2792; x_wconf 78' lang='grc'><strong>[157</strong></span> <span class='ocrx_word' id='word_1_397' title='bbox 3394 2720 3456 2793; x_wconf 85' lang='grc' dir='ltr'>α]</span> <span class='ocrx_word' id='word_1_398' title='bbox 3509 2718 3669 2774; x_wconf 82' lang='grc' dir='ltr'>αὐτοῦ</span> 
     </span>
    </p>
   </div>
   <div class='ocr_carea' id='block_1_57' title="bbox 2090 2812 3666 2888">
    <p class='ocr_par' dir='ltr' id='par_1_57' title="bbox 2090 2812 3666 2888">
     <span class='ocr_line' id='line_1_57' title="bbox 2090 2812 3666 2888; baseline -0.008 -15"><span class='ocrx_word' id='word_1_399' title='bbox 2090 2818 2231 2873; x_wconf 80' lang='grc' dir='ltr'>κατὰ</span> <span class='ocrx_word' id='word_1_400' title='bbox 2263 2817 2429 2888; x_wconf 86' lang='grc' dir='ltr'>μόνας</span> <span class='ocrx_word' id='word_1_401' title='bbox 2453 2817 2546 2869; x_wconf 76' lang='grc' dir='ltr'><strong>ἐπὶ</strong></span> <span class='ocrx_word' id='word_1_402' title='bbox 2575 2813 2772 2868; x_wconf 87' lang='grc' dir='ltr'>θεῖκῶν</span> <span class='ocrx_word' id='word_1_403' title='bbox 2800 2813 2976 2884; x_wconf 71' lang='grc' dir='ltr'>ἔργων</span> <span class='ocrx_word' id='word_1_404' title='bbox 3021 2812 3116 2865; x_wconf 89' lang='lat' dir='ltr'><strong>xui</strong></span> <span class='ocrx_word' id='word_1_405' title='bbox 3139 2812 3427 2882; x_wconf 82' lang='grc' dir='ltr'>δυνάμεων</span> <span class='ocrx_word' id='word_1_406' title='bbox 3473 2827 3666 2882; x_wconf 78' lang='grc' dir='ltr'><strong>μνημο⁶</strong></span> 
     </span>
    </p>
   </div>
   <div class='ocr_carea' id='block_1_58' title="bbox 2090 2902 3670 2976">
    <p class='ocr_par' dir='ltr' id='par_1_58' title="bbox 2090 2902 3670 2976">
     <span class='ocr_line' id='line_1_58' title="bbox 2090 2902 3670 2976; baseline -0.006 -12"><span class='ocrx_word' id='word_1_407' title='bbox 2090 2909 2380 2972; x_wconf 89' lang='grc' dir='ltr'>νευουσῶν,</span> <span class='ocrx_word' id='word_1_408' title='bbox 2425 2908 2518 2962; x_wconf 86' lang='lat' dir='ltr'><strong>xui</strong></span> <span class='ocrx_word' id='word_1_409' title='bbox 2565 2905 2842 2961; x_wconf 89' lang='grc' dir='ltr'>καλουσῶν</span> <span class='ocrx_word' id='word_1_410' title='bbox 2875 2904 3007 2958; x_wconf 73' lang='grc' dir='ltr'>αὐτὸ</span> <span class='ocrx_word' id='word_1_411' title='bbox 3040 2906 3160 2957; x_wconf 86' lang='grc' dir='ltr'>κατ’</span> <span class='ocrx_word' id='word_1_412' title='bbox 3191 2903 3472 2976; x_wconf 74' lang='grc' dir='ltr'>ἐξαίρετον</span> <span class='ocrx_word' id='word_1_413' title='bbox 3503 2902 3670 2956; x_wconf 81' lang='grc' dir='ltr'><strong>Πνεῦ⁹</strong></span> 
     </span>
    </p>
   </div>
   <div class='ocr_carea' id='block_1_59' title="bbox 2095 2993 3675 3074">
    <p class='ocr_par' dir='ltr' id='par_1_59' title="bbox 2095 2993 3675 3074">
     <span class='ocr_line' id='line_1_59' title="bbox 2095 2993 3675 3074; baseline -0.006 -18"><span class='ocrx_word' id='word_1_414' title='bbox 2095 3020 2171 3074; x_wconf 83' lang='grc' dir='ltr'><strong>μα</strong></span> <span class='ocrx_word' id='word_1_415' title='bbox 2223 3003 2398 3070; x_wconf 78' lang='grc' dir='ltr'>ἅγιον,</span> <span class='ocrx_word' id='word_1_416' title='bbox 2431 2999 2656 3070; x_wconf 78' lang='grc' dir='ltr'>Πνεῦμα</span> <span class='ocrx_word' id='word_1_417' title='bbox 2678 2998 2772 3051; x_wconf 90' lang='grc' dir='ltr'><strong>τοῦ</strong></span> <span class='ocrx_word' id='word_1_418' title='bbox 2802 2997 2960 3060; x_wconf 86' lang='grc' dir='ltr'>Θεοῦ,</span> <span class='ocrx_word' id='word_1_419' title='bbox 2991 2998 3085 3050; x_wconf 89' lang='lat' dir='ltr'><strong>xui</strong></span> <span class='ocrx_word' id='word_1_420' title='bbox 3115 2999 3178 3049; x_wconf 86' lang='grc' dir='ltr'>ὲκ</span> <span class='ocrx_word' id='word_1_421' title='bbox 3203 2995 3296 3048; x_wconf 91' lang='grc' dir='ltr'><strong>τοῦ</strong></span> <span class='ocrx_word' id='word_1_422' title='bbox 3323 2995 3485 3060; x_wconf 84' lang='grc' dir='ltr'>Θεοῦ,</span> <span class='ocrx_word' id='word_1_423' title='bbox 3524 2995 3615 3048; x_wconf 85' lang='lat' dir='ltr'><strong>xui</strong></span> <span class='ocrx_word' id='word_1_424' title='bbox 3647 2993 3675 3046; x_wconf 83' lang='grc' dir='ltr'><strong>ὃ</strong></span> 
     </span>
    </p>
   </div>
   <div class='ocr_carea' id='block_1_60' title="bbox 419 3083 1995 3170">
    <p class='ocr_par' dir='ltr' id='par_1_60' title="bbox 419 3083 1986 3162">
     <span class='ocr_line' id='line_1_60' title="bbox 419 3083 1986 3162; baseline -0.009 -14"><span class='ocrx_word' id='word_1_425' title='bbox 419 3103 612 3150; x_wconf 85' lang='lat' dir='ltr'><strong>vocent</strong></span> <span class='ocrx_word' id='word_1_426' title='bbox 645 3107 738 3162; x_wconf 80' lang='lat' dir='ltr'><strong>per</strong></span> <span class='ocrx_word' id='word_1_427' title='bbox 775 3089 1152 3146; x_wconf 76' lang='lat' dir='ltr'><strong>excellentiam</strong></span> <span class='ocrx_word' id='word_1_428' title='bbox 1201 3086 1462 3156; x_wconf 84' lang='lat' dir='ltr'><strong>Spiritum</strong></span> <span class='ocrx_word' id='word_1_429' title='bbox 1512 3094 1780 3146; x_wconf 83' lang='lat' dir='ltr'><strong>sanctum,</strong></span> <span class='ocrx_word' id='word_1_430' title='bbox 1816 3083 1986 3151; x_wconf 85' lang='lat' dir='ltr'><strong>Spiri-</strong></span> 
     </span>
    </p>
   </div>
   <div class='ocr_carea' id='block_1_61' title="bbox 2097 3083 3673 3170">
    <p class='ocr_par' dir='ltr' id='par_1_61' title="bbox 2097 3089 3673 3164">
     <span class='ocr_line' id='line_1_61' title="bbox 2097 3089 3673 3164; baseline -0.004 -15"><span class='ocrx_word' id='word_1_431' title='bbox 2097 3095 2243 3164; x_wconf 79' lang='grc' dir='ltr'>παρὰ</span> <span class='ocrx_word' id='word_1_432' title='bbox 2278 3094 2372 3148; x_wconf 90' lang='grc' dir='ltr'><strong>τοῦ</strong></span> <span class='ocrx_word' id='word_1_433' title='bbox 2399 3093 2614 3164; x_wconf 84' lang='grc' dir='ltr'>Πατρὸς</span> <span class='ocrx_word' id='word_1_434' title='bbox 2655 3091 3033 3164; x_wconf 79' lang='grc' dir='ltr'>ἐκπορεύεται.</span> <span class='ocrx_word' id='word_1_435' title='bbox 3073 3092 3164 3146; x_wconf 89' lang='lat' dir='ltr'><strong>xui</strong></span> <span class='ocrx_word' id='word_1_436' title='bbox 3197 3091 3427 3145; x_wconf 79' lang='grc' dir='ltr'>Πνεῦαα</span> <span class='ocrx_word' id='word_1_437' title='bbox 3461 3091 3540 3158; x_wconf 80' lang='grc' dir='ltr'>ἓν,</span> <span class='ocrx_word' id='word_1_438' title='bbox 3583 3089 3673 3143; x_wconf 91' lang='lat' dir='ltr'><strong>xui</strong></span> 
     </span>
    </p>
   </div>
   <div class='ocr_carea' id='block_1_62' title="bbox 421 3177 1989 3250">
    <p class='ocr_par' dir='ltr' id='par_1_62' title="bbox 421 3177 1989 3250">
     <span class='ocr_line' id='line_1_62' title="bbox 421 3177 1989 3250; baseline -0.008 -10"><span class='ocrx_word' id='word_1_439' title='bbox 421 3197 534 3240; x_wconf 92' lang='lat' dir='ltr'><strong>tum</strong></span> <span class='ocrx_word' id='word_1_440' title='bbox 571 3183 686 3250; x_wconf 89' lang='lat' dir='ltr'><strong>Dei,</strong></span> <span class='ocrx_word' id='word_1_441' title='bbox 716 3191 772 3238; x_wconf 90' lang='lat' dir='ltr'><strong>et</strong></span> <span class='ocrx_word' id='word_1_442' title='bbox 801 3198 868 3238; x_wconf 79' lang='lat' dir='ltr'><strong>ex</strong></span> <span class='ocrx_word' id='word_1_443' title='bbox 902 3180 1012 3236; x_wconf 89' lang='lat' dir='ltr'><strong>Deo</strong></span> <span class='ocrx_word' id='word_1_444' title='bbox 1051 3180 1506 3243; x_wconf 41' lang='lat' dir='ltr'><strong>exsistentemyet</strong></span> <span class='ocrx_word' id='word_1_445' title='bbox 1531 3193 1558 3229; x_wconf 85' lang='lat' dir='ltr'><strong>a</strong></span> <span class='ocrx_word' id='word_1_446' title='bbox 1601 3177 1758 3228; x_wconf 82' lang='lat' dir='ltr'><strong>l&#39;atre</strong></span> <span class='ocrx_word' id='word_1_447' title='bbox 1801 3189 1989 3245; x_wconf 89' lang='lat' dir='ltr'><strong>proce-</strong></span> 
     </span>
    </p>
   </div>
   <div class='ocr_carea' id='block_1_63' title="bbox 419 3265 1992 3344">
    <p class='ocr_par' dir='ltr' id='par_1_63' title="bbox 419 3265 1992 3344">
     <span class='ocr_line' id='line_1_63' title="bbox 419 3265 1992 3344; baseline -0.01 -12"><span class='ocrx_word' id='word_1_448' title='bbox 419 3280 655 3338; x_wconf 88' lang='lat' dir='ltr'><strong>dentem,</strong></span> <span class='ocrx_word' id='word_1_449' title='bbox 685 3283 741 3330; x_wconf 84' lang='lat' dir='ltr'><strong>et</strong></span> <span class='ocrx_word' id='word_1_450' title='bbox 769 3273 1026 3344; x_wconf 89' lang='lat' dir='ltr'><strong>Spiritum</strong></span> <span class='ocrx_word' id='word_1_451' title='bbox 1060 3284 1245 3333; x_wconf 90' lang='lat' dir='ltr'><strong>unum,</strong></span> <span class='ocrx_word' id='word_1_452' title='bbox 1266 3278 1320 3324; x_wconf 88' lang='lat' dir='ltr'><strong>et</strong></span> <span class='ocrx_word' id='word_1_453' title='bbox 1351 3268 1611 3337; x_wconf 87' lang='lat' dir='ltr'><strong>Spiritum</strong></span> <span class='ocrx_word' id='word_1_454' title='bbox 1644 3265 1907 3328; x_wconf 80' lang='lat' dir='ltr'><strong>veritatis,</strong></span> <span class='ocrx_word' id='word_1_455' title='bbox 1940 3274 1992 3317; x_wconf 89' lang='lat' dir='ltr'><strong>et</strong></span> 
     </span>
    </p>
   </div>
   <div class='ocr_carea' id='block_1_64' title="bbox 420 3353 1990 3438">
    <p class='ocr_par' dir='ltr' id='par_1_64' title="bbox 420 3353 1990 3438">
     <span class='ocr_line' id='line_1_64' title="bbox 420 3353 1990 3438; baseline -0.01 -17"><span class='ocrx_word' id='word_1_456' title='bbox 420 3368 682 3438; x_wconf 83' lang='lat' dir='ltr'><strong>Spiritum</strong></span> <span class='ocrx_word' id='word_1_457' title='bbox 713 3365 972 3426; x_wconf 79' lang='lat' dir='ltr'><strong>divinum,</strong></span> <span class='ocrx_word' id='word_1_458' title='bbox 996 3372 1050 3416; x_wconf 90' lang='lat' dir='ltr'><strong>et</strong></span> <span class='ocrx_word' id='word_1_459' title='bbox 1080 3360 1289 3415; x_wconf 86' lang='lat' dir='ltr'><strong>Flatum</strong></span> <span class='ocrx_word' id='word_1_460' title='bbox 1319 3357 1733 3426; x_wconf 81' lang='lat' dir='ltr'><strong>Onmipoteutis,</strong></span> <span class='ocrx_word' id='word_1_461' title='bbox 1767 3371 1884 3424; x_wconf 65' lang='lat' dir='ltr'><strong>quae</strong></span> <span class='ocrx_word' id='word_1_462' title='bbox 1912 3353 1990 3408; x_wconf 86' lang='lat' dir='ltr'><strong>vel</strong></span> 
     </span>
    </p>
   </div>
   <div class='ocr_carea' id='block_1_65' title="bbox 420 3447 1992 3528">
    <p class='ocr_par' dir='ltr' id='par_1_65' title="bbox 420 3447 1992 3528">
     <span class='ocr_line' id='line_1_65' title="bbox 420 3447 1992 3528; baseline -0.01 -14"><span class='ocrx_word' id='word_1_463' title='bbox 420 3460 534 3514; x_wconf 87' lang='lat' dir='ltr'><strong>sola</strong></span> <span class='ocrx_word' id='word_1_464' title='bbox 570 3473 666 3528; x_wconf 88' lang='lat' dir='ltr'><strong>per</strong></span> <span class='ocrx_word' id='word_1_465' title='bbox 698 3473 758 3512; x_wconf 89' lang='lat' dir='ltr'><strong>se</strong></span> <span class='ocrx_word' id='word_1_466' title='bbox 791 3454 1063 3510; x_wconf 81' lang='lat' dir='ltr'><strong>suﬂiciunt</strong></span> <span class='ocrx_word' id='word_1_467' title='bbox 1097 3462 1286 3508; x_wconf 86' lang='lat' dir='ltr'><strong>contra</strong></span> <span class='ocrx_word' id='word_1_468' title='bbox 1331 3464 1520 3506; x_wconf 88' lang='lat' dir='ltr'><strong>omnes</strong></span> <span class='ocrx_word' id='word_1_469' title='bbox 1561 3447 1839 3502; x_wconf 64' lang='lat' dir='ltr'><strong>litereticas</strong></span> <span class='ocrx_word' id='word_1_470' title='bbox 1871 3460 1992 3514; x_wconf 86' lang='lat' dir='ltr'><strong>per-</strong></span> 
     </span>
    </p>
   </div>
   <div class='ocr_carea' id='block_1_66' title="bbox 422 3537 1994 3614">
    <p class='ocr_par' dir='ltr' id='par_1_66' title="bbox 422 3537 1994 3614">
     <span class='ocr_line' id='line_1_66' title="bbox 422 3537 1994 3614; baseline -0.01 -13"><span class='ocrx_word' id='word_1_471' title='bbox 422 3551 742 3613; x_wconf 85' lang='lat' dir='ltr'><strong>versitates;</strong></span> <span class='ocrx_word' id='word_1_472' title='bbox 781 3559 1015 3614; x_wconf 87' lang='lat' dir='ltr'><strong>cumque</strong></span> <span class='ocrx_word' id='word_1_473' title='bbox 1057 3543 1257 3597; x_wconf 73' lang='lat' dir='ltr'><strong>eaedem</strong></span> <span class='ocrx_word' id='word_1_474' title='bbox 1292 3549 1575 3599; x_wconf 90' lang='lat' dir='ltr'><strong>testentur,</strong></span> <span class='ocrx_word' id='word_1_475' title='bbox 1609 3537 1749 3606; x_wconf 90' lang='lat' dir='ltr'><strong>quod</strong></span> <span class='ocrx_word' id='word_1_476' title='bbox 1793 3551 1893 3590; x_wconf 93' lang='lat' dir='ltr'><strong>nos</strong></span> <span class='ocrx_word' id='word_1_477' title='bbox 1939 3545 1994 3588; x_wconf 91' lang='lat' dir='ltr'><strong>et</strong></span> 
     </span>
    </p>
   </div>
   <div class='ocr_carea' id='block_1_67' title="bbox 313 3631 1992 3700">
    <p class='ocr_par' dir='ltr' id='par_1_67' title="bbox 313 3631 1992 3700">
     <span class='ocr_line' id='line_1_67' title="bbox 313 3631 1992 3700; baseline -0.01 -6"><span class='ocrx_word' id='word_1_478' title='bbox 313 3683 318 3694; x_wconf 91' lang='lat'>.</span> <span class='ocrx_word' id='word_1_479' title='bbox 420 3641 519 3696; x_wconf 86' lang='lat' dir='ltr'><strong>Dei</strong></span> <span class='ocrx_word' id='word_1_480' title='bbox 571 3640 710 3693; x_wconf 88' lang='lat' dir='ltr'><strong>lilios</strong></span> <span class='ocrx_word' id='word_1_481' title='bbox 756 3637 908 3700; x_wconf 83' lang='lat' dir='ltr'><strong>facit,</strong></span> <span class='ocrx_word' id='word_1_482' title='bbox 941 3644 998 3690; x_wconf 90' lang='lat' dir='ltr'><strong>et</strong></span> <span class='ocrx_word' id='word_1_483' title='bbox 1051 3635 1288 3698; x_wconf 90' lang='lat' dir='ltr'><strong>deilicat,</strong></span> <span class='ocrx_word' id='word_1_484' title='bbox 1329 3641 1385 3686; x_wconf 89' lang='lat' dir='ltr'><strong>et</strong></span> <span class='ocrx_word' id='word_1_485' title='bbox 1425 3631 1639 3692; x_wconf 88' lang='lat' dir='ltr'><strong>liberat,</strong></span> <span class='ocrx_word' id='word_1_486' title='bbox 1675 3640 1729 3683; x_wconf 92' lang='lat' dir='ltr'><strong>et</strong></span> <span class='ocrx_word' id='word_1_487' title='bbox 1777 3641 1992 3680; x_wconf 86' lang='lat' dir='ltr'><strong>rursum</strong></span> 
     </span>
    </p>
   </div>
   <div class='ocr_carea' id='block_1_68' title="bbox 417 3720 1995 3797">
    <p class='ocr_par' dir='ltr' id='par_1_68' title="bbox 417 3720 1995 3797">
     <span class='ocr_line' id='line_1_68' title="bbox 417 3720 1995 3797; baseline -0.01 -10"><span class='ocrx_word' id='word_1_488' title='bbox 417 3740 594 3795; x_wconf 86' lang='lat' dir='ltr'><strong>creat,</strong></span> <span class='ocrx_word' id='word_1_489' title='bbox 621 3741 676 3785; x_wconf 89' lang='lat' dir='ltr'><strong>et</strong></span> <span class='ocrx_word' id='word_1_490' title='bbox 704 3737 1048 3797; x_wconf 90' lang='lat' dir='ltr'><strong>peccatorum</strong></span> <span class='ocrx_word' id='word_1_491' title='bbox 1073 3725 1391 3779; x_wconf 85' lang='lat' dir='ltr'><strong>remissione</strong></span> <span class='ocrx_word' id='word_1_492' title='bbox 1413 3723 1683 3792; x_wconf 88' lang='lat' dir='ltr'><strong>dignatur,</strong></span> <span class='ocrx_word' id='word_1_493' title='bbox 1699 3730 1752 3775; x_wconf 89' lang='lat' dir='ltr'><strong>et</strong></span> <span class='ocrx_word' id='word_1_494' title='bbox 1782 3720 1995 3788; x_wconf 79' lang='lat' dir='ltr'><strong>sapien-</strong></span> 
     </span>
    </p>
   </div>
   <div class='ocr_carea' id='block_1_69' title="bbox 418 3811 1994 3891">
    <p class='ocr_par' dir='ltr' id='par_1_69' title="bbox 418 3811 1994 3891">
     <span class='ocr_line' id='line_1_69' title="bbox 418 3811 1994 3891; baseline -0.008 -15"><span class='ocrx_word' id='word_1_495' title='bbox 418 3826 577 3885; x_wconf 81' lang='lat' dir='ltr'><strong>tiam,</strong></span> <span class='ocrx_word' id='word_1_496' title='bbox 615 3836 678 3874; x_wconf 90' lang='lat' dir='ltr'><strong>ac</strong></span> <span class='ocrx_word' id='word_1_497' title='bbox 711 3819 1073 3891; x_wconf 89' lang='lat' dir='ltr'><strong>cognitionem</strong></span> <span class='ocrx_word' id='word_1_498' title='bbox 1099 3817 1254 3872; x_wconf 91' lang='lat' dir='ltr'><strong>nobis</strong></span> <span class='ocrx_word' id='word_1_499' title='bbox 1284 3816 1508 3886; x_wconf 67' lang='lat' dir='ltr'><strong>praebet,</strong></span> <span class='ocrx_word' id='word_1_500' title='bbox 1538 3823 1593 3868; x_wconf 93' lang='lat' dir='ltr'><strong>et</strong></span> <span class='ocrx_word' id='word_1_501' title='bbox 1629 3827 1812 3875; x_wconf 87' lang='lat' dir='ltr'><strong>omne,</strong></span> <span class='ocrx_word' id='word_1_502' title='bbox 1851 3811 1994 3880; x_wconf 88' lang='lat' dir='ltr'><strong>quod</strong></span> 
     </span>
    </p>
   </div>
   <div class='ocr_carea' id='block_1_70' title="bbox 415 3905 1994 3978">
    <p class='ocr_par' dir='ltr' id='par_1_70' title="bbox 415 3905 1994 3978">
     <span class='ocr_line' id='line_1_70' title="bbox 415 3905 1994 3978; baseline -0.009 -9"><span class='ocrx_word' id='word_1_503' title='bbox 415 3916 631 3969; x_wconf 63' lang='lat' dir='ltr'><strong>[actum</strong></span> <span class='ocrx_word' id='word_1_504' title='bbox 668 3920 773 3976; x_wconf 88' lang='lat' dir='ltr'><strong>est,</strong></span> <span class='ocrx_word' id='word_1_505' title='bbox 821 3911 1145 3976; x_wconf 81' lang='lat' dir='ltr'><strong>sanctiﬁcat,</strong></span> <span class='ocrx_word' id='word_1_506' title='bbox 1182 3918 1237 3964; x_wconf 88' lang='lat' dir='ltr'><strong>et</strong></span> <span class='ocrx_word' id='word_1_507' title='bbox 1273 3907 1457 3978; x_wconf 88' lang='lat' dir='ltr'><strong>implet</strong></span> <span class='ocrx_word' id='word_1_508' title='bbox 1481 3905 1666 3960; x_wconf 77' lang='lat' dir='ltr'><strong>orbem</strong></span> <span class='ocrx_word' id='word_1_509' title='bbox 1709 3915 1994 3967; x_wconf 89' lang='lat' dir='ltr'><strong>terrarum,</strong></span> 
     </span>
    </p>
   </div>
   <div class='ocr_carea' id='block_1_71' title="bbox 415 3998 1997 4070">
    <p class='ocr_par' dir='ltr' id='par_1_71' title="bbox 415 3998 1997 4070">
     <span class='ocr_line' id='line_1_71' title="bbox 415 3998 1997 4070; baseline -0.008 -9"><span class='ocrx_word' id='word_1_510' title='bbox 415 4016 482 4062; x_wconf 81' lang='lat' dir='ltr'><strong>et</strong></span> <span class='ocrx_word' id='word_1_511' title='bbox 511 4005 750 4060; x_wconf 90' lang='lat' dir='ltr'><strong>continet</strong></span> <span class='ocrx_word' id='word_1_512' title='bbox 779 4005 986 4066; x_wconf 87' lang='lat' dir='ltr'><strong>omnia,</strong></span> <span class='ocrx_word' id='word_1_513' title='bbox 1015 4012 1071 4056; x_wconf 89' lang='lat' dir='ltr'><strong>et</strong></span> <span class='ocrx_word' id='word_1_514' title='bbox 1117 4002 1230 4070; x_wconf 84' lang='lat' dir='ltr'><strong>ipse</strong></span> <span class='ocrx_word' id='word_1_515' title='bbox 1259 4005 1519 4056; x_wconf 61' lang='lat' dir='ltr'><strong>caelorum</strong></span> <span class='ocrx_word' id='word_1_516' title='bbox 1549 3999 1776 4052; x_wconf 87' lang='lat' dir='ltr'><strong>virtutes</strong></span> <span class='ocrx_word' id='word_1_517' title='bbox 1813 3998 1997 4052; x_wconf 81' lang='lat' dir='ltr'><strong>lirnta-</strong></span> 
     </span>
    </p>
   </div>
   <div class='ocr_carea' id='block_1_72' title="bbox 419 4087 1996 4166">
    <p class='ocr_par' dir='ltr' id='par_1_72' title="bbox 419 4087 1996 4166">
     <span class='ocr_line' id='line_1_72' title="bbox 419 4087 1996 4166; baseline -0.007 -17"><span class='ocrx_word' id='word_1_518' title='bbox 419 4098 526 4160; x_wconf 73' lang='lat' dir='ltr'><strong>vit,</strong></span> <span class='ocrx_word' id='word_1_519' title='bbox 545 4105 708 4166; x_wconf 84' lang='lat' dir='ltr'><strong>atque</strong></span> <span class='ocrx_word' id='word_1_520' title='bbox 732 4092 1192 4155; x_wconf 82' lang='lat' dir='ltr'><strong>corroboravit,et</strong></span> <span class='ocrx_word' id='word_1_521' title='bbox 1222 4091 1272 4146; x_wconf 86' lang='lat' dir='ltr'><strong>ei</strong></span> <span class='ocrx_word' id='word_1_522' title='bbox 1304 4089 1651 4144; x_wconf 84' lang='lat' dir='ltr'><strong>descendenti</strong></span> <span class='ocrx_word' id='word_1_523' title='bbox 1677 4089 1798 4144; x_wconf 64' lang='lat' dir='ltr'><strong>coeli</strong></span> <span class='ocrx_word' id='word_1_524' title='bbox 1826 4087 1996 4157; x_wconf 89' lang='lat' dir='ltr'><strong>aperti</strong></span> 
     </span>
    </p>
   </div>
   <div class='ocr_carea' id='block_1_73' title="bbox 429 4179 1997 4252">
    <p class='ocr_par' dir='ltr' id='par_1_73' title="bbox 429 4179 1997 4252">
     <span class='ocr_line' id='line_1_73' title="bbox 429 4179 1997 4252; baseline -0.008 -10"><span class='ocrx_word' id='word_1_525' title='bbox 429 4197 575 4252; x_wconf 88' lang='lat' dir='ltr'><strong>sunt,</strong></span> <span class='ocrx_word' id='word_1_526' title='bbox 601 4195 656 4243; x_wconf 91' lang='lat' dir='ltr'><strong>et</strong></span> <span class='ocrx_word' id='word_1_527' title='bbox 691 4201 721 4240; x_wconf 89' lang='lat' dir='ltr'><strong>a</strong></span> <span class='ocrx_word' id='word_1_528' title='bbox 754 4185 942 4240; x_wconf 90' lang='lat' dir='ltr'><strong>mundi</strong></span> <span class='ocrx_word' id='word_1_529' title='bbox 980 4183 1366 4239; x_wconf 76' lang='lat' dir='ltr'><strong>constitutione</strong></span> <span class='ocrx_word' id='word_1_530' title='bbox 1388 4197 1551 4250; x_wconf 90' lang='lat' dir='ltr'><strong>super</strong></span> <span class='ocrx_word' id='word_1_531' title='bbox 1584 4196 1752 4249; x_wconf 85' lang='lat' dir='ltr'><strong>aquas</strong></span> <span class='ocrx_word' id='word_1_532' title='bbox 1787 4179 1997 4233; x_wconf 83' lang='lat' dir='ltr'><strong>fereba-</strong></span> 
     </span>
    </p>
   </div>
   <div class='ocr_carea' id='block_1_74' title="bbox 432 4274 2001 4350">
    <p class='ocr_par' dir='ltr' id='par_1_74' title="bbox 432 4274 2001 4350">
     <span class='ocr_line' id='line_1_74' title="bbox 432 4274 2001 4350; baseline -0.005 -16"><span class='ocrx_word' id='word_1_533' title='bbox 432 4294 542 4347; x_wconf 92' lang='lat' dir='ltr'><strong>tur,</strong></span> <span class='ocrx_word' id='word_1_534' title='bbox 579 4294 780 4350; x_wconf 81' lang='lat' dir='ltr'><strong>easque</strong></span> <span class='ocrx_word' id='word_1_535' title='bbox 811 4275 1208 4337; x_wconf 78' lang='lat' dir='ltr'><strong>sanetilicabat,</strong></span> <span class='ocrx_word' id='word_1_536' title='bbox 1241 4285 1298 4330; x_wconf 87' lang='lat' dir='ltr'><strong>et</strong></span> <span class='ocrx_word' id='word_1_537' title='bbox 1331 4274 1634 4344; x_wconf 85' lang='lat' dir='ltr'><strong>prophetis,</strong></span> <span class='ocrx_word' id='word_1_538' title='bbox 1666 4283 1827 4342; x_wconf 86' lang='lat' dir='ltr'><strong>atque</strong></span> <span class='ocrx_word' id='word_1_539' title='bbox 1871 4289 2001 4341; x_wconf 88' lang='lat' dir='ltr'><strong>apo-</strong></span> 
     </span>
    </p>
   </div>
   <div class='ocr_carea' id='block_1_75' title="bbox 430 4364 1998 4442">
    <p class='ocr_par' dir='ltr' id='par_1_75' title="bbox 430 4364 1998 4442">
     <span class='ocr_line' id='line_1_75' title="bbox 430 4364 1998 4442; baseline -0.008 -15"><span class='ocrx_word' id='word_1_540' title='bbox 430 4374 586 4428; x_wconf 82' lang='lat' dir='ltr'><strong>stolis</strong></span> <span class='ocrx_word' id='word_1_541' title='bbox 611 4369 913 4442; x_wconf 81' lang='lat' dir='ltr'><strong>inspiravit,</strong></span> <span class='ocrx_word' id='word_1_542' title='bbox 954 4369 1207 4436; x_wconf 88' lang='lat' dir='ltr'><strong>ipsosque</strong></span> <span class='ocrx_word' id='word_1_543' title='bbox 1234 4365 1382 4420; x_wconf 90' lang='lat' dir='ltr'><strong>misit</strong></span> <span class='ocrx_word' id='word_1_544' title='bbox 1409 4374 1466 4420; x_wconf 92' lang='lat' dir='ltr'><strong>ut</strong></span> <span class='ocrx_word' id='word_1_545' title='bbox 1497 4364 1775 4428; x_wconf 83' lang='lat' dir='ltr'><strong>Dominus,</strong></span> <span class='ocrx_word' id='word_1_546' title='bbox 1810 4373 1866 4419; x_wconf 89' lang='lat' dir='ltr'><strong>et</strong></span> <span class='ocrx_word' id='word_1_547' title='bbox 1893 4378 1998 4417; x_wconf 89' lang='lat' dir='ltr'><strong>una</strong></span> 
     </span>
    </p>
   </div>
   <div class='ocr_carea' id='block_1_76' title="bbox 2094 3181 3672 3257">
    <p class='ocr_par' dir='ltr' id='par_1_76' title="bbox 2094 3181 3672 3257">
     <span class='ocr_line' id='line_1_76' title="bbox 2094 3181 3672 3257; baseline -0.003 -18"><span class='ocrx_word' id='word_1_548' title='bbox 2094 3186 2319 3257; x_wconf 85' lang='grc' dir='ltr'>Πνεῦμα</span> <span class='ocrx_word' id='word_1_549' title='bbox 2339 3184 2618 3256; x_wconf 81' lang='grc' dir='ltr'>ἀληθείας,</span> <span class='ocrx_word' id='word_1_550' title='bbox 2652 3185 2746 3239; x_wconf 85' lang='lat' dir='ltr'><strong>xui</strong></span> <span class='ocrx_word' id='word_1_551' title='bbox 2788 3184 3012 3256; x_wconf 77' lang='grc' dir='ltr'>Πνεῦμα</span> <span class='ocrx_word' id='word_1_552' title='bbox 3050 3185 3213 3249; x_wconf 87' lang='grc' dir='ltr'>θεῖον,</span> <span class='ocrx_word' id='word_1_553' title='bbox 3263 3183 3359 3238; x_wconf 86' lang='lat' dir='ltr'><strong>xui</strong></span> <span class='ocrx_word' id='word_1_554' title='bbox 3387 3183 3535 3255; x_wconf 81' lang='grc' dir='ltr'>Πνοὴ</span> <span class='ocrx_word' id='word_1_555' title='bbox 3582 3181 3672 3235; x_wconf 82' lang='grc' dir='ltr'><strong>τοῦ</strong></span> 
     </span>
    </p>
   </div>
   <div class='ocr_carea' id='block_1_77' title="bbox 2093 3274 3676 3349">
    <p class='ocr_par' dir='ltr' id='par_1_77' title="bbox 2093 3274 3676 3349">
     <span class='ocr_line' id='line_1_77' title="bbox 2093 3274 3676 3349; baseline -0.002 -19"><span class='ocrx_word' id='word_1_556' title='bbox 2093 3278 2562 3349; x_wconf 89' lang='grc' dir='ltr'>Παντοκράτορος,</span> <span class='ocrx_word' id='word_1_557' title='bbox 2616 3275 2654 3330; x_wconf 78' lang='grc' dir='ltr'>ἂ</span> <span class='ocrx_word' id='word_1_558' title='bbox 2701 3276 2797 3329; x_wconf 86' lang='lat' dir='ltr'><strong>xui</strong></span> <span class='ocrx_word' id='word_1_559' title='bbox 2843 3275 2978 3346; x_wconf 75' lang='grc' dir='ltr'>μόνα</span> <span class='ocrx_word' id='word_1_560' title='bbox 3031 3275 3282 3346; x_wconf 75' lang='grc' dir='ltr'>αὐτάρκη</span> <span class='ocrx_word' id='word_1_561' title='bbox 3312 3274 3454 3346; x_wconf 85' lang='grc' dir='ltr'>πρὸς</span> <span class='ocrx_word' id='word_1_562' title='bbox 3500 3275 3676 3336; x_wconf 88' lang='grc' dir='ltr'>πάσας</span> 
     </span>
    </p>
   </div>
   <div class='ocr_carea' id='block_1_78' title="bbox 2094 3363 3676 3440">
    <p class='ocr_par' dir='ltr' id='par_1_78' title="bbox 2094 3363 3676 3440">
     <span class='ocr_line' id='line_1_78' title="bbox 2094 3363 3676 3440; baseline -0.003 -18"><span class='ocrx_word' id='word_1_563' title='bbox 2094 3368 2376 3440; x_wconf 77' lang='grc' dir='ltr'>αἱρετικὰς</span> <span class='ocrx_word' id='word_1_564' title='bbox 2407 3367 2756 3440; x_wconf 78' lang='grc' dir='ltr'>διαστροφάςο</span> <span class='ocrx_word' id='word_1_565' title='bbox 2780 3365 3168 3438; x_wconf 86' lang='grc' dir='ltr'>μαρτυρουσῶν</span> <span class='ocrx_word' id='word_1_566' title='bbox 3193 3366 3270 3429; x_wconf 69' lang='grc' dir='ltr'>δὲ,</span> <span class='ocrx_word' id='word_1_567' title='bbox 3305 3365 3386 3419; x_wconf 84' lang='grc' dir='ltr'>ὅτι</span> <span class='ocrx_word' id='word_1_568' title='bbox 3421 3366 3516 3420; x_wconf 87' lang='grc' dir='ltr'><strong>τοῦ</strong></span> <span class='ocrx_word' id='word_1_569' title='bbox 3545 3363 3676 3418; x_wconf 82' lang='grc' dir='ltr'>Θεοῦ</span> 
     </span>
    </p>
   </div>
   <div class='ocr_carea' id='block_1_79' title="bbox 2095 3456 3678 3530">
    <p class='ocr_par' dir='ltr' id='par_1_79' title="bbox 2095 3456 3678 3530">
     <span class='ocr_line' id='line_1_79' title="bbox 2095 3456 3678 3530; baseline -0.002 -18"><span class='ocrx_word' id='word_1_570' title='bbox 2095 3460 2242 3530; x_wconf 79' lang='grc' dir='ltr'>ἡμᾶς</span> <span class='ocrx_word' id='word_1_571' title='bbox 2271 3459 2422 3523; x_wconf 83' lang='grc' dir='ltr'>υἱοὺς</span> <span class='ocrx_word' id='word_1_572' title='bbox 2463 3461 2629 3526; x_wconf 88' lang='grc' dir='ltr'>ποιεῖ,</span> <span class='ocrx_word' id='word_1_573' title='bbox 2670 3459 2766 3512; x_wconf 88' lang='lat' dir='ltr'><strong>xui</strong></span> <span class='ocrx_word' id='word_1_574' title='bbox 2808 3457 3063 3521; x_wconf 85' lang='grc' dir='ltr'>θεοποιεῖ,</span> <span class='ocrx_word' id='word_1_575' title='bbox 3104 3458 3197 3511; x_wconf 88' lang='lat' dir='ltr'><strong>xui</strong></span> <span class='ocrx_word' id='word_1_576' title='bbox 3234 3456 3533 3530; x_wconf 77' lang='grc' dir='ltr'>ἐλευθεροῖ,</span> <span class='ocrx_word' id='word_1_577' title='bbox 3587 3457 3678 3510; x_wconf 87' lang='lat' dir='ltr'><strong>xui</strong></span> 
     </span>
    </p>
   </div>
   <div class='ocr_carea' id='block_1_80' title="bbox 2095 3546 3679 3618">
    <p class='ocr_par' dir='ltr' id='par_1_80' title="bbox 2095 3546 3679 3618">
     <span class='ocr_line' id='line_1_80' title="bbox 2095 3546 3679 3618; baseline -0.001 -18"><span class='ocrx_word' id='word_1_578' title='bbox 2095 3547 2392 3609; x_wconf 78' lang='grc' dir='ltr'>ἀνακτίζει,</span> <span class='ocrx_word' id='word_1_579' title='bbox 2427 3547 2522 3600; x_wconf 85' lang='lat' dir='ltr'><strong>xui</strong></span> <span class='ocrx_word' id='word_1_580' title='bbox 2551 3547 2840 3618; x_wconf 82' lang='grc' dir='ltr'>ἁμαρτιῶν</span> <span class='ocrx_word' id='word_1_581' title='bbox 2873 3547 3117 3616; x_wconf 79' lang='grc' dir='ltr'>ἀφέσεως</span> <span class='ocrx_word' id='word_1_582' title='bbox 3147 3546 3306 3612; x_wconf 79' lang='grc' dir='ltr'>ἀξιοῖ,</span> <span class='ocrx_word' id='word_1_583' title='bbox 3356 3547 3456 3600; x_wconf 86' lang='lat' dir='ltr'><strong>xui</strong></span> <span class='ocrx_word' id='word_1_584' title='bbox 3492 3547 3679 3614; x_wconf 84' lang='grc' dir='ltr'>σοφίαν</span> 
     </span>
    </p>
   </div>
   <div class='ocr_carea' id='block_1_81' title="bbox 2093 3638 3680 3710">
    <p class='ocr_par' dir='ltr' id='par_1_81' title="bbox 2093 3638 3680 3710">
     <span class='ocr_line' id='line_1_81' title="bbox 2093 3638 3680 3710; baseline -0.001 -17"><span class='ocrx_word' id='word_1_585' title='bbox 2093 3641 2190 3693; x_wconf 87' lang='lat' dir='ltr'><strong>xui</strong></span> <span class='ocrx_word' id='word_1_586' title='bbox 2211 3638 2414 3708; x_wconf 78' lang='grc' dir='ltr'>γνῶσιν</span> <span class='ocrx_word' id='word_1_587' title='bbox 2450 3639 2706 3710; x_wconf 81' lang='grc' dir='ltr'>παρέχει,</span> <span class='ocrx_word' id='word_1_588' title='bbox 2748 3638 2844 3691; x_wconf 85' lang='grc' dir='ltr'>καὶ</span> <span class='ocrx_word' id='word_1_589' title='bbox 2893 3640 3001 3691; x_wconf 84' lang='grc' dir='ltr'><strong>πᾶν</strong></span> <span class='ocrx_word' id='word_1_590' title='bbox 3032 3638 3093 3691; x_wconf 86' lang='grc' dir='ltr'><strong>τὸ</strong></span> <span class='ocrx_word' id='word_1_591' title='bbox 3127 3639 3497 3708; x_wconf 85' lang='grc' dir='ltr'>πεποιημένον</span> <span class='ocrx_word' id='word_1_592' title='bbox 3526 3638 3680 3707; x_wconf 79' lang='grc' dir='ltr'>ἀγιάο</span> 
     </span>
    </p>
   </div>
   <div class='ocr_carea' id='block_1_82' title="bbox 2095 3729 3680 3801">
    <p class='ocr_par' dir='ltr' id='par_1_82' title="bbox 2095 3729 3680 3801">
     <span class='ocr_line' id='line_1_82' title="bbox 2095 3729 3680 3801; baseline 0 -19"><span class='ocrx_word' id='word_1_593' title='bbox 2095 3729 2200 3794; x_wconf 78' lang='grc' dir='ltr'>ζει,</span> <span class='ocrx_word' id='word_1_594' title='bbox 2244 3731 2340 3784; x_wconf 85' lang='lat' dir='ltr'><strong>xui</strong></span> <span class='ocrx_word' id='word_1_595' title='bbox 2371 3730 2568 3801; x_wconf 84' lang='grc' dir='ltr'>πληροῖ</span> <span class='ocrx_word' id='word_1_596' title='bbox 2595 3729 2692 3800; x_wconf 83' lang='grc' dir='ltr'>τὴν</span> <span class='ocrx_word' id='word_1_597' title='bbox 2723 3730 3069 3800; x_wconf 79' lang='grc' dir='ltr'>οἰκουμένην,</span> <span class='ocrx_word' id='word_1_598' title='bbox 3089 3729 3180 3783; x_wconf 88' lang='lat' dir='ltr'><strong>xui</strong></span> <span class='ocrx_word' id='word_1_599' title='bbox 3207 3729 3421 3800; x_wconf 90' lang='grc' dir='ltr'>συνέχει</span> <span class='ocrx_word' id='word_1_600' title='bbox 3453 3730 3521 3785; x_wconf 79' lang='grc' dir='ltr'><strong>τὰ</strong></span> <span class='ocrx_word' id='word_1_601' title='bbox 3549 3730 3680 3783; x_wconf 82' lang='grc' dir='ltr'>πάν-</span> 
     </span>
    </p>
   </div>
   <div class='ocr_carea' id='block_1_83' title="bbox 2097 3820 3680 3892">
    <p class='ocr_par' dir='ltr' id='par_1_83' title="bbox 2097 3820 3680 3892">
     <span class='ocr_line' id='line_1_83' title="bbox 2097 3820 3680 3892; baseline -0.001 -16"><span class='ocrx_word' id='word_1_602' title='bbox 2097 3840 2184 3887; x_wconf 87' lang='grc' dir='ltr'><strong>τα,</strong></span> <span class='ocrx_word' id='word_1_603' title='bbox 2219 3822 2311 3874; x_wconf 90' lang='lat' dir='ltr'><strong>xui</strong></span> <span class='ocrx_word' id='word_1_604' title='bbox 2335 3821 2465 3874; x_wconf 77' lang='grc' dir='ltr'>αὐτὸ</span> <span class='ocrx_word' id='word_1_605' title='bbox 2493 3821 2600 3874; x_wconf 89' lang='grc' dir='ltr'><strong>τῶν</strong></span> <span class='ocrx_word' id='word_1_606' title='bbox 2623 3821 2866 3892; x_wconf 77' lang='grc' dir='ltr'>οὐρανῶν</span> <span class='ocrx_word' id='word_1_607' title='bbox 2894 3822 3128 3892; x_wconf 73' lang='grc' dir='ltr'>ἥδρασεν</span> <span class='ocrx_word' id='word_1_608' title='bbox 3161 3823 3254 3873; x_wconf 91' lang='lat' dir='ltr'><strong>xui</strong></span> <span class='ocrx_word' id='word_1_609' title='bbox 3283 3821 3564 3891; x_wconf 73' lang='grc' dir='ltr'>ἐνίσχυσεν</span> <span class='ocrx_word' id='word_1_610' title='bbox 3586 3820 3680 3882; x_wconf 70' lang='grc' dir='ltr'><strong>τὰς</strong></span> 
     </span>
    </p>
   </div>
   <div class='ocr_carea' id='block_1_84' title="bbox 2097 3911 3683 3983">
    <p class='ocr_par' dir='ltr' id='par_1_84' title="bbox 2097 3911 3683 3983">
     <span class='ocr_line' id='line_1_84' title="bbox 2097 3911 3683 3983; baseline -0.002 -17"><span class='ocrx_word' id='word_1_611' title='bbox 2097 3912 2377 3982; x_wconf 86' lang='grc' dir='ltr'>δυνάμεις,</span> <span class='ocrx_word' id='word_1_612' title='bbox 2413 3912 2508 3966; x_wconf 80' lang='grc' dir='ltr'>καὶ</span> <span class='ocrx_word' id='word_1_613' title='bbox 2535 3911 2888 3983; x_wconf 81' lang='grc' dir='ltr'>ἀνεῴχθησαν</span> <span class='ocrx_word' id='word_1_614' title='bbox 2943 3911 3092 3982; x_wconf 80' lang='grc' dir='ltr'><strong>αὑτῷ</strong></span> <span class='ocrx_word' id='word_1_615' title='bbox 3122 3911 3543 3974; x_wconf 73' lang='grc' dir='ltr'>καταϐαίνοντι,</span> <span class='ocrx_word' id='word_1_616' title='bbox 3591 3911 3683 3964; x_wconf 88' lang='lat' dir='ltr'><strong>xui</strong></span> 
     </span>
    </p>
   </div>
   <div class='ocr_carea' id='block_1_85' title="bbox 2099 4003 3682 4077">
    <p class='ocr_par' dir='ltr' id='par_1_85' title="bbox 2099 4003 3682 4077">
     <span class='ocr_line' id='line_1_85' title="bbox 2099 4003 3682 4077; baseline -0.004 -17"><span class='ocrx_word' id='word_1_617' title='bbox 2099 4006 2209 4060; x_wconf 87' lang='grc' dir='ltr'><strong>ἀπὸ</strong></span> <span class='ocrx_word' id='word_1_618' title='bbox 2251 4006 2560 4076; x_wconf 76' lang='grc' dir='ltr'>καταϐολῆς</span> <span class='ocrx_word' id='word_1_619' title='bbox 2596 4006 2802 4076; x_wconf 87' lang='grc' dir='ltr'>κόσμου</span> <span class='ocrx_word' id='word_1_620' title='bbox 2844 4005 3143 4077; x_wconf 86' lang='grc' dir='ltr'>φερόμενον</span> <span class='ocrx_word' id='word_1_621' title='bbox 3179 4004 3272 4056; x_wconf 74' lang='grc' dir='ltr'><strong>ἐπὶ</strong></span> <span class='ocrx_word' id='word_1_622' title='bbox 3316 4003 3423 4056; x_wconf 88' lang='grc' dir='ltr'><strong>τῶν</strong></span> <span class='ocrx_word' id='word_1_623' title='bbox 3479 4005 3682 4058; x_wconf 88' lang='grc' dir='ltr'>ὑδάτων</span> 
     </span>
    </p>
   </div>
   <div class='ocr_carea' id='block_1_86' title="bbox 2100 4091 3683 4168">
    <p class='ocr_par' dir='ltr' id='par_1_86' title="bbox 2100 4091 3683 4168">
     <span class='ocr_line' id='line_1_86' title="bbox 2100 4091 3683 4168; baseline -0.003 -19"><span class='ocrx_word' id='word_1_624' title='bbox 2100 4095 2324 4168; x_wconf 82' lang='grc' dir='ltr'>ἠγίαζεν</span> <span class='ocrx_word' id='word_1_625' title='bbox 2353 4095 2515 4156; x_wconf 83' lang='grc' dir='ltr'>αὐτὰ,</span> <span class='ocrx_word' id='word_1_626' title='bbox 2565 4097 2660 4148; x_wconf 90' lang='lat' dir='ltr'><strong>xui</strong></span> <span class='ocrx_word' id='word_1_627' title='bbox 2693 4095 2974 4166; x_wconf 84' lang='grc' dir='ltr'>προφήτας</span> <span class='ocrx_word' id='word_1_628' title='bbox 3002 4093 3096 4147; x_wconf 80' lang='grc' dir='ltr'>καὶ</span> <span class='ocrx_word' id='word_1_629' title='bbox 3123 4091 3454 4156; x_wconf 89' lang='grc' dir='ltr'>ἀποστόλους</span> <span class='ocrx_word' id='word_1_630' title='bbox 3492 4093 3683 4163; x_wconf 83' lang='grc' dir='ltr'>ὲνήχη-</span> 
     </span>
    </p>
   </div>
   <div class='ocr_carea' id='block_1_87' title="bbox 2103 4181 3684 4256">
    <p class='ocr_par' dir='ltr' id='par_1_87' title="bbox 2103 4181 3684 4256">
     <span class='ocr_line' id='line_1_87' title="bbox 2103 4181 3684 4256; baseline -0.003 -18"><span class='ocrx_word' id='word_1_631' title='bbox 2103 4203 2194 4238; x_wconf 89' lang='grc' dir='ltr'><strong>σεν</strong></span> <span class='ocrx_word' id='word_1_632' title='bbox 2246 4186 2340 4239; x_wconf 89' lang='lat' dir='ltr'><strong>xui</strong></span> <span class='ocrx_word' id='word_1_633' title='bbox 2386 4184 2652 4256; x_wconf 72' lang='grc' dir='ltr'>ἐπεμψεν,</span> <span class='ocrx_word' id='word_1_634' title='bbox 2693 4185 2768 4248; x_wconf 83' lang='grc' dir='ltr'>ὡς</span> <span class='ocrx_word' id='word_1_635' title='bbox 2821 4183 3118 4254; x_wconf 88' lang='grc' dir='ltr'>Δεσπότης,</span> <span class='ocrx_word' id='word_1_636' title='bbox 3167 4183 3262 4236; x_wconf 87' lang='lat' dir='ltr'><strong>xui</strong></span> <span class='ocrx_word' id='word_1_637' title='bbox 3319 4185 3569 4252; x_wconf 83' lang='grc' dir='ltr'>συνεργεῖ</span> <span class='ocrx_word' id='word_1_638' title='bbox 3608 4181 3684 4249; x_wconf 80' lang='grc' dir='ltr'>τῷ</span> 
     </span>
    </p>
   </div>
   <div class='ocr_carea' id='block_1_88' title="bbox 2103 4268 3682 4348">
    <p class='ocr_par' dir='ltr' id='par_1_88' title="bbox 2103 4268 3682 4348">
     <span class='ocr_line' id='line_1_88' title="bbox 2103 4268 3682 4348; baseline -0.003 -18"><span class='ocrx_word' id='word_1_639' title='bbox 2103 4278 2278 4348; x_wconf 81' lang='grc' dir='ltr'>Πατρὶ</span> <span class='ocrx_word' id='word_1_640' title='bbox 2337 4279 2432 4331; x_wconf 86' lang='lat' dir='ltr'><strong>xui</strong></span> <span class='ocrx_word' id='word_1_641' title='bbox 2485 4277 2561 4348; x_wconf 82' lang='grc' dir='ltr'>τῷ</span> <span class='ocrx_word' id='word_1_642' title='bbox 2594 4275 2731 4347; x_wconf 84' lang='grc' dir='ltr'>Υἱῷ,</span> <span class='ocrx_word' id='word_1_643' title='bbox 2792 4275 2952 4346; x_wconf 82' lang='grc' dir='ltr'>μόνος</span> <span class='ocrx_word' id='word_1_644' title='bbox 3001 4291 3060 4327; x_wconf 89' lang='grc' dir='ltr'><strong>τε</strong></span> <span class='ocrx_word' id='word_1_645' title='bbox 3113 4268 3252 4326; x_wconf 79' lang='grc' dir='ltr'>οἶδεν</span> <span class='ocrx_word' id='word_1_646' title='bbox 3286 4273 3358 4326; x_wconf 82' lang='grc' dir='ltr'><strong>τά</strong></span> <span class='ocrx_word' id='word_1_647' title='bbox 3389 4272 3483 4327; x_wconf 89' lang='grc' dir='ltr'><strong>τοῦ</strong></span> <span class='ocrx_word' id='word_1_648' title='bbox 3530 4272 3682 4337; x_wconf 86' lang='grc' dir='ltr'>Θεοῦ,</span> 
     </span>
    </p>
   </div>
   <div class='ocr_carea' id='block_1_89' title="bbox 2105 4363 3686 4438">
    <p class='ocr_par' dir='ltr' id='par_1_89' title="bbox 2105 4363 3686 4438">
     <span class='ocr_line' id='line_1_89' title="bbox 2105 4363 3686 4438; baseline -0.004 -16"><span class='ocrx_word' id='word_1_649' title='bbox 2105 4369 2248 4422; x_wconf 84' lang='grc' dir='ltr'><strong>καθά</strong></span> <span class='ocrx_word' id='word_1_650' title='bbox 2273 4368 2302 4419; x_wconf 93' lang='lat'><strong>6</strong></span> <span class='ocrx_word' id='word_1_651' title='bbox 2347 4367 2675 4438; x_wconf 76' lang='grc' dir='ltr'>Μονογενὴς,</span> <span class='ocrx_word' id='word_1_652' title='bbox 2713 4366 2807 4420; x_wconf 88' lang='lat' dir='ltr'><strong>xui</strong></span> <span class='ocrx_word' id='word_1_653' title='bbox 2859 4368 2984 4419; x_wconf 86' lang='grc' dir='ltr'>πνεῖ</span> <span class='ocrx_word' id='word_1_654' title='bbox 3027 4365 3155 4418; x_wconf 72' lang='grc' dir='ltr'>ἔνθα</span> <span class='ocrx_word' id='word_1_655' title='bbox 3191 4364 3539 4436; x_wconf 83' lang='grc' dir='ltr'>προείρηται,</span> <span class='ocrx_word' id='word_1_656' title='bbox 3593 4363 3686 4417; x_wconf 89' lang='lat' dir='ltr'><strong>xui</strong></span> 
     </span>
    </p>
   </div>
   <div class='ocr_carea' id='block_1_90' title="bbox 432 4456 1995 4531">
    <p class='ocr_par' dir='ltr' id='par_1_90' title="bbox 432 4456 1995 4528">
     <span class='ocr_line' id='line_1_90' title="bbox 432 4456 1995 4528; baseline -0.008 -7"><span class='ocrx_word' id='word_1_657' title='bbox 432 4481 554 4521; x_wconf 91' lang='lat' dir='ltr'><strong>cum</strong></span> <span class='ocrx_word' id='word_1_658' title='bbox 587 4464 767 4526; x_wconf 86' lang='lat' dir='ltr'><strong>Patre,</strong></span> <span class='ocrx_word' id='word_1_659' title='bbox 794 4472 851 4517; x_wconf 93' lang='lat' dir='ltr'><strong>et</strong></span> <span class='ocrx_word' id='word_1_660' title='bbox 878 4461 1032 4515; x_wconf 60' lang='lat' dir='ltr'><strong>.Filio</strong></span> <span class='ocrx_word' id='word_1_661' title='bbox 1065 4467 1402 4528; x_wconf 89' lang='lat' dir='ltr'><strong>cooperatur,</strong></span> <span class='ocrx_word' id='word_1_662' title='bbox 1433 4465 1489 4512; x_wconf 90' lang='lat' dir='ltr'><strong>et</strong></span> <span class='ocrx_word' id='word_1_663' title='bbox 1526 4456 1673 4512; x_wconf 89' lang='lat' dir='ltr'><strong>solus</strong></span> <span class='ocrx_word' id='word_1_664' title='bbox 1701 4456 1851 4510; x_wconf 87' lang='lat' dir='ltr'><strong>novit</strong></span> <span class='ocrx_word' id='word_1_665' title='bbox 1881 4470 1995 4524; x_wconf 70' lang='lat' dir='ltr'><strong>qua:</strong></span> 
     </span>
    </p>
   </div>
   <div class='ocr_carea' id='block_1_91' title="bbox 2097 4456 3686 4531">
    <p class='ocr_par' dir='ltr' id='par_1_91' title="bbox 2105 4456 3686 4531">
     <span class='ocr_line' id='line_1_91' title="bbox 2105 4456 3686 4531; baseline -0.004 -16"><span class='ocrx_word' id='word_1_666' title='bbox 2105 4460 2263 4515; x_wconf 76' lang='grc' dir='ltr'>θεῖκά</span> <span class='ocrx_word' id='word_1_667' title='bbox 2303 4460 2553 4531; x_wconf 86' lang='grc' dir='ltr'>δωρεῖται</span> <span class='ocrx_word' id='word_1_668' title='bbox 2591 4461 2666 4523; x_wconf 82' lang='grc' dir='ltr'><strong>ὡς</strong></span> <span class='ocrx_word' id='word_1_669' title='bbox 2714 4459 2984 4529; x_wconf 79' lang='grc' dir='ltr'>βούλεται,</span> <span class='ocrx_word' id='word_1_670' title='bbox 3017 4458 3112 4510; x_wconf 90' lang='lat' dir='ltr'><strong>xui.</strong></span> <span class='ocrx_word' id='word_1_671' title='bbox 3157 4457 3284 4511; x_wconf 78' lang='grc' dir='ltr'>ναὸν</span> <span class='ocrx_word' id='word_1_672' title='bbox 3322 4456 3435 4528; x_wconf 75' lang='grc' dir='ltr'>ἔχει</span> <span class='ocrx_word' id='word_1_673' title='bbox 3474 4459 3564 4510; x_wconf 85' lang='grc' dir='ltr'><strong>τὸν</strong></span> <span class='ocrx_word' id='word_1_674' title='bbox 3597 4474 3686 4508; x_wconf 93' lang='grc' dir='ltr'>πι-</span> 
     </span>
    </p>
   </div>
   <div class='ocr_carea' id='block_1_92' title="bbox 433 4546 2003 4625">
    <p class='ocr_par' dir='ltr' id='par_1_92' title="bbox 433 4546 2003 4625">
     <span class='ocr_line' id='line_1_92' title="bbox 433 4546 2003 4625; baseline -0.006 -16"><span class='ocrx_word' id='word_1_675' title='bbox 433 4563 562 4611; x_wconf 84' lang='lat' dir='ltr'><strong>sunt</strong></span> <span class='ocrx_word' id='word_1_676' title='bbox 589 4555 706 4624; x_wconf 87' lang='lat' dir='ltr'><strong>Dei,</strong></span> <span class='ocrx_word' id='word_1_677' title='bbox 743 4553 1192 4625; x_wconf 82' lang='lat' dir='ltr'><strong>quemadmodum</strong></span> <span class='ocrx_word' id='word_1_678' title='bbox 1221 4548 1565 4618; x_wconf 81' lang='lat' dir='ltr'><strong>Unigenilus,</strong></span> <span class='ocrx_word' id='word_1_679' title='bbox 1611 4557 1667 4603; x_wconf 89' lang='lat' dir='ltr'><strong>et</strong></span> <span class='ocrx_word' id='word_1_680' title='bbox 1708 4547 1881 4616; x_wconf 82' lang='lat' dir='ltr'><strong>spirat</strong></span> <span class='ocrx_word' id='word_1_681' title='bbox 1911 4546 2003 4600; x_wconf 85' lang='lat' dir='ltr'><strong>ubi</strong></span> 
     </span>
    </p>
   </div>
   <div class='ocr_carea' id='block_1_93' title="bbox 434 4640 2006 4710">
    <p class='ocr_par' dir='ltr' id='par_1_93' title="bbox 434 4640 2006 4710">
     <span class='ocr_line' id='line_1_93' title="bbox 434 4640 2006 4710; baseline -0.004 -12"><span class='ocrx_word' id='word_1_682' title='bbox 434 4647 569 4710; x_wconf 80' lang='lat' dir='ltr'><strong>vult,</strong></span> <span class='ocrx_word' id='word_1_683' title='bbox 596 4655 651 4701; x_wconf 91' lang='lat' dir='ltr'><strong>et</strong></span> <span class='ocrx_word' id='word_1_684' title='bbox 678 4647 858 4700; x_wconf 89' lang='lat' dir='ltr'><strong>divina</strong></span> <span class='ocrx_word' id='word_1_685' title='bbox 887 4644 1054 4699; x_wconf 89' lang='lat' dir='ltr'><strong>donat</strong></span> <span class='ocrx_word' id='word_1_686' title='bbox 1087 4652 1148 4697; x_wconf 92' lang='lat' dir='ltr'><strong>ut</strong></span> <span class='ocrx_word' id='word_1_687' title='bbox 1193 4642 1328 4708; x_wconf 88' lang='lat' dir='ltr'><strong>vult,</strong></span> <span class='ocrx_word' id='word_1_688' title='bbox 1356 4651 1412 4696; x_wconf 87' lang='lat' dir='ltr'><strong>et</strong></span> <span class='ocrx_word' id='word_1_689' title='bbox 1449 4640 1621 4696; x_wconf 74' lang='lat' dir='ltr'><strong>lltlelis</strong></span> <span class='ocrx_word' id='word_1_690' title='bbox 1668 4641 1827 4695; x_wconf 88' lang='lat' dir='ltr'><strong>homo</strong></span> <span class='ocrx_word' id='word_1_691' title='bbox 1870 4649 2006 4693; x_wconf 86' lang='lat' dir='ltr'><strong>tem-</strong></span> 
     </span>
    </p>
   </div>
   <div class='ocr_carea' id='block_1_94' title="bbox 435 4733 2004 4808">
    <p class='ocr_par' dir='ltr' id='par_1_94' title="bbox 435 4733 2004 4808">
     <span class='ocr_line' id='line_1_94' title="bbox 435 4733 2004 4808; baseline -0.006 -16"><span class='ocrx_word' id='word_1_692' title='bbox 435 4741 580 4807; x_wconf 86' lang='lat' dir='ltr'><strong>plum</strong></span> <span class='ocrx_word' id='word_1_693' title='bbox 603 4739 770 4808; x_wconf 87' lang='lat' dir='ltr'><strong>ipsius</strong></span> <span class='ocrx_word' id='word_1_694' title='bbox 797 4747 880 4792; x_wconf 92' lang='lat' dir='ltr'><strong>est</strong></span> <span class='ocrx_word' id='word_1_695' title='bbox 903 4753 1055 4808; x_wconf 68' lang='lat' dir='ltr'><strong>aeque</strong></span> <span class='ocrx_word' id='word_1_696' title='bbox 1081 4752 1146 4791; x_wconf 87' lang='lat' dir='ltr'><strong>ac</strong></span> <span class='ocrx_word' id='word_1_697' title='bbox 1176 4735 1374 4801; x_wconf 80' lang='lat' dir='ltr'><strong>Patris,</strong></span> <span class='ocrx_word' id='word_1_698' title='bbox 1408 4744 1461 4788; x_wconf 91' lang='lat' dir='ltr'><strong>et</strong></span> <span class='ocrx_word' id='word_1_699' title='bbox 1489 4733 1630 4788; x_wconf 88' lang='lat' dir='ltr'><strong>sicut</strong></span> <span class='ocrx_word' id='word_1_700' title='bbox 1662 4733 1714 4786; x_wconf 89' lang='lat' dir='ltr'><strong>in</strong></span> <span class='ocrx_word' id='word_1_701' title='bbox 1744 4733 2004 4786; x_wconf 88' lang='lat' dir='ltr'><strong>honorem</strong></span> 
     </span>
    </p>
   </div>
   <div class='ocr_carea' id='block_1_95' title="bbox 437 4821 2005 4898">
    <p class='ocr_par' dir='ltr' id='par_1_95' title="bbox 437 4821 2005 4898">
     <span class='ocr_line' id='line_1_95' title="bbox 437 4821 2005 4898; baseline -0.008 -15"><span class='ocrx_word' id='word_1_702' title='bbox 437 4839 492 4884; x_wconf 92' lang='lat' dir='ltr'><strong>ct</strong></span> <span class='ocrx_word' id='word_1_703' title='bbox 541 4828 760 4898; x_wconf 84' lang='lat' dir='ltr'><strong>gloriam</strong></span> <span class='ocrx_word' id='word_1_704' title='bbox 801 4829 1016 4882; x_wconf 89' lang='lat' dir='ltr'><strong>deitatis</strong></span> <span class='ocrx_word' id='word_1_705' title='bbox 1065 4825 1331 4896; x_wconf 83' lang='lat' dir='ltr'><strong>Unigeniti</strong></span> <span class='ocrx_word' id='word_1_706' title='bbox 1375 4834 1620 4878; x_wconf 86' lang='lat' dir='ltr'><strong>sanctum</strong></span> <span class='ocrx_word' id='word_1_707' title='bbox 1659 4822 1884 4884; x_wconf 86' lang='lat' dir='ltr'><strong>Pascha,</strong></span> <span class='ocrx_word' id='word_1_708' title='bbox 1935 4821 2005 4873; x_wconf 90' lang='lat' dir='ltr'><strong>ita</strong></span> 
     </span>
    </p>
   </div>
   <div class='ocr_carea' id='block_1_96' title="bbox 439 4910 2008 4983">
    <p class='ocr_par' dir='ltr' id='par_1_96' title="bbox 439 4910 2008 4983">
     <span class='ocr_line' id='line_1_96' title="bbox 439 4910 2008 4983; baseline -0.008 -9"><span class='ocrx_word' id='word_1_709' title='bbox 439 4919 574 4974; x_wconf 85' lang='lat' dir='ltr'><strong>etin</strong></span> <span class='ocrx_word' id='word_1_710' title='bbox 606 4919 862 4972; x_wconf 88' lang='lat' dir='ltr'><strong>honorem</strong></span> <span class='ocrx_word' id='word_1_711' title='bbox 899 4927 952 4971; x_wconf 88' lang='lat' dir='ltr'><strong>et</strong></span> <span class='ocrx_word' id='word_1_712' title='bbox 1010 4917 1236 4979; x_wconf 71' lang='lat' dir='ltr'><strong>gloriam</strong></span> <span class='ocrx_word' id='word_1_713' title='bbox 1291 4914 1526 4983; x_wconf 86' lang='lat' dir='ltr'><strong>Spiritus</strong></span> <span class='ocrx_word' id='word_1_714' title='bbox 1569 4912 1762 4967; x_wconf 80' lang='lat' dir='ltr'><strong>festum</strong></span> <span class='ocrx_word' id='word_1_715' title='bbox 1816 4910 2008 4964; x_wconf 78' lang='lat' dir='ltr'><strong>Pente—</strong></span> 
     </span>
    </p>
   </div>
   <div class='ocr_carea' id='block_1_97' title="bbox 441 4999 2006 5066">
    <p class='ocr_par' dir='ltr' id='par_1_97' title="bbox 441 4999 2006 5066">
     <span class='ocr_line' id='line_1_97' title="bbox 441 4999 2006 5066; baseline -0.005 -7"><span class='ocrx_word' id='word_1_716' title='bbox 441 5017 614 5061; x_wconf 76' lang='lat' dir='ltr'><strong>(&#39;OSlCS</strong></span> <span class='ocrx_word' id='word_1_717' title='bbox 645 5008 711 5058; x_wconf 89' lang='lat' dir='ltr'><strong>ab</strong></span> <span class='ocrx_word' id='word_1_718' title='bbox 740 5005 894 5058; x_wconf 90' lang='lat' dir='ltr'><strong>initio</strong></span> <span class='ocrx_word' id='word_1_719' title='bbox 921 5004 1249 5058; x_wconf 87' lang='lat' dir='ltr'><strong>celebratum</strong></span> <span class='ocrx_word' id='word_1_720' title='bbox 1282 5012 1385 5066; x_wconf 89' lang='lat' dir='ltr'><strong>est,</strong></span> <span class='ocrx_word' id='word_1_721' title='bbox 1423 5009 1477 5054; x_wconf 90' lang='lat' dir='ltr'><strong>et</strong></span> <span class='ocrx_word' id='word_1_722' title='bbox 1506 5003 1554 5055; x_wconf 87' lang='lat' dir='ltr'><strong>ei</strong></span> <span class='ocrx_word' id='word_1_723' title='bbox 1601 5001 1870 5053; x_wconf 85' lang='lat' dir='ltr'><strong>ministrat</strong></span> <span class='ocrx_word' id='word_1_724' title='bbox 1899 4999 2006 5053; x_wconf 88' lang='lat' dir='ltr'><strong>Ga-</strong></span> 
     </span>
    </p>
   </div>
   <div class='ocr_carea' id='block_1_98' title="bbox 442 5091 2010 5164">
    <p class='ocr_par' dir='ltr' id='par_1_98' title="bbox 442 5091 2010 5164">
     <span class='ocr_line' id='line_1_98' title="bbox 442 5091 2010 5164; baseline -0.006 -13"><span class='ocrx_word' id='word_1_725' title='bbox 442 5096 576 5151; x_wconf 87' lang='lat' dir='ltr'><strong>briel</strong></span> <span class='ocrx_word' id='word_1_726' title='bbox 616 5096 757 5150; x_wconf 91' lang='lat' dir='ltr'><strong>sicut</strong></span> <span class='ocrx_word' id='word_1_727' title='bbox 794 5095 1145 5164; x_wconf 89' lang='lat' dir='ltr'><strong>omnipotenti</strong></span> <span class='ocrx_word' id='word_1_728' title='bbox 1191 5094 1303 5148; x_wconf 91' lang='lat' dir='ltr'><strong>Deo</strong></span> <span class='ocrx_word' id='word_1_729' title='bbox 1335 5093 1481 5146; x_wconf 87' lang='lat' dir='ltr'><strong>Patri</strong></span> <span class='ocrx_word' id='word_1_730' title='bbox 1511 5111 1525 5145; x_wconf 90' lang='lat'><strong>:</strong></span> <span class='ocrx_word' id='word_1_731' title='bbox 1564 5091 1838 5160; x_wconf 83' lang='lat' dir='ltr'><strong>quomodo</strong></span> <span class='ocrx_word' id='word_1_732' title='bbox 1872 5092 2010 5143; x_wconf 91' lang='lat' dir='ltr'><strong>Deus</strong></span> 
     </span>
    </p>
   </div>
   <div class='ocr_carea' id='block_1_99' title="bbox 445 5183 2008 5254">
    <p class='ocr_par' dir='ltr' id='par_1_99' title="bbox 445 5183 2008 5254">
     <span class='ocr_line' id='line_1_99' title="bbox 445 5183 2008 5254; baseline -0.003 -14"><span class='ocrx_word' id='word_1_733' title='bbox 445 5203 548 5242; x_wconf 93' lang='lat' dir='ltr'><strong>non</strong></span> <span class='ocrx_word' id='word_1_734' title='bbox 597 5197 700 5248; x_wconf 87' lang='lat' dir='ltr'><strong>est,</strong></span> <span class='ocrx_word' id='word_1_735' title='bbox 757 5187 1134 5240; x_wconf 64' lang='lat' dir='ltr'><strong>haereticorum</strong></span> <span class='ocrx_word' id='word_1_736' title='bbox 1181 5185 1396 5254; x_wconf 87' lang='lat' dir='ltr'><strong>quidem</strong></span> <span class='ocrx_word' id='word_1_737' title='bbox 1435 5185 1721 5248; x_wconf 76' lang='lat' dir='ltr'><strong>sententia,</strong></span> <span class='ocrx_word' id='word_1_738' title='bbox 1766 5183 1874 5245; x_wconf 89' lang='lat' dir='ltr'><strong>ille,</strong></span> <span class='ocrx_word' id='word_1_739' title='bbox 1918 5183 2008 5250; x_wconf 90' lang='lat' dir='ltr'><strong>qui</strong></span> 
     </span>
    </p>
   </div>
   <div class='ocr_carea' id='block_1_100' title="bbox 445 5275 2012 5347">
    <p class='ocr_par' dir='ltr' id='par_1_100' title="bbox 445 5275 2012 5347">
     <span class='ocr_line' id='line_1_100' title="bbox 445 5275 2012 5347; baseline -0.003 -15"><span class='ocrx_word' id='word_1_740' title='bbox 445 5294 544 5333; x_wconf 91' lang='lat' dir='ltr'><strong>nos</strong></span> <span class='ocrx_word' id='word_1_741' title='bbox 574 5278 826 5332; x_wconf 87' lang='lat' dir='ltr'><strong>deilicat?</strong></span> <span class='ocrx_word' id='word_1_742' title='bbox 855 5279 1126 5347; x_wconf 86' lang='lat' dir='ltr'><strong>quomodo</strong></span> <span class='ocrx_word' id='word_1_743' title='bbox 1175 5293 1280 5332; x_wconf 90' lang='lat' dir='ltr'><strong>non</strong></span> <span class='ocrx_word' id='word_1_744' title='bbox 1317 5288 1398 5331; x_wconf 92' lang='lat' dir='ltr'><strong>est</strong></span> <span class='ocrx_word' id='word_1_745' title='bbox 1442 5278 1712 5330; x_wconf 85' lang='lat' dir='ltr'><strong>&#39;Domiuus</strong></span> <span class='ocrx_word' id='word_1_746' title='bbox 1768 5276 1876 5340; x_wconf 89' lang='lat' dir='ltr'><strong>ille,</strong></span> <span class='ocrx_word' id='word_1_747' title='bbox 1919 5275 2012 5342; x_wconf 91' lang='lat' dir='ltr'><strong>qui</strong></span> 
     </span>
    </p>
   </div>
   <div class='ocr_carea' id='block_1_101' title="bbox 445 5368 2013 5438">
    <p class='ocr_par' dir='ltr' id='par_1_101' title="bbox 445 5368 2013 5438">
     <span class='ocr_line' id='line_1_101' title="bbox 445 5368 2013 5438; baseline -0.001 -15"><span class='ocrx_word' id='word_1_748' title='bbox 445 5386 546 5424; x_wconf 85' lang='lat' dir='ltr'><strong>nos</strong></span> <span class='ocrx_word' id='word_1_749' title='bbox 581 5370 825 5423; x_wconf 88' lang='lat' dir='ltr'><strong>libertate</strong></span> <span class='ocrx_word' id='word_1_750' title='bbox 853 5369 1058 5422; x_wconf 82' lang='lat' dir='ltr'><strong>donat?</strong></span> <span class='ocrx_word' id='word_1_751' title='bbox 1097 5370 1367 5438; x_wconf 91' lang='lat' dir='ltr'><strong>quomodo</strong></span> <span class='ocrx_word' id='word_1_752' title='bbox 1401 5385 1504 5422; x_wconf 92' lang='lat' dir='ltr'><strong>non</strong></span> <span class='ocrx_word' id='word_1_753' title='bbox 1537 5379 1620 5424; x_wconf 87' lang='lat' dir='ltr'><strong>est</strong></span> <span class='ocrx_word' id='word_1_754' title='bbox 1647 5383 1762 5432; x_wconf 76' lang='lat' dir='ltr'><strong>rex,</strong></span> <span class='ocrx_word' id='word_1_755' title='bbox 1804 5377 1858 5420; x_wconf 89' lang='lat' dir='ltr'><strong>et</strong></span> <span class='ocrx_word' id='word_1_756' title='bbox 1897 5368 2013 5434; x_wconf 84' lang='lat' dir='ltr'><strong>glo-</strong></span> 
     </span>
    </p>
   </div>
   <div class='ocr_carea' id='block_1_102' title="bbox 445 5458 2014 5529">
    <p class='ocr_par' dir='ltr' id='par_1_102' title="bbox 445 5458 2014 5529">
     <span class='ocr_line' id='line_1_102' title="bbox 445 5458 2014 5529; baseline -0.001 -16"><span class='ocrx_word' id='word_1_757' title='bbox 445 5460 690 5514; x_wconf 82' lang='lat' dir='ltr'><strong>riﬁcatus</strong></span> <span class='ocrx_word' id='word_1_758' title='bbox 711 5459 873 5529; x_wconf 79' lang='lat'><strong>297</strong></span> <span class='ocrx_word' id='word_1_759' title='bbox 900 5458 1006 5524; x_wconf 89' lang='lat' dir='ltr'><strong>ille,</strong></span> <span class='ocrx_word' id='word_1_760' title='bbox 1029 5461 1120 5527; x_wconf 90' lang='lat' dir='ltr'><strong>qui</strong></span> <span class='ocrx_word' id='word_1_761' title='bbox 1155 5460 1207 5512; x_wconf 93' lang='lat' dir='ltr'><strong>in</strong></span> <span class='ocrx_word' id='word_1_762' title='bbox 1241 5461 1440 5528; x_wconf 85' lang='lat' dir='ltr'><strong>hymno</strong></span> <span class='ocrx_word' id='word_1_763' title='bbox 1466 5459 1624 5512; x_wconf 89' lang='lat' dir='ltr'><strong>simul</strong></span> <span class='ocrx_word' id='word_1_764' title='bbox 1650 5474 1770 5513; x_wconf 91' lang='lat' dir='ltr'><strong>cum</strong></span> <span class='ocrx_word' id='word_1_765' title='bbox 1800 5469 2014 5512; x_wconf 90' lang='lat' dir='ltr'><strong>creatu-</strong></span> 
     </span>
    </p>
   </div>
   <div class='ocr_carea' id='block_1_103' title="bbox 448 5549 2016 5618">
    <p class='ocr_par' dir='ltr' id='par_1_103' title="bbox 448 5549 2016 5618">
     <span class='ocr_line' id='line_1_103' title="bbox 448 5549 2016 5618; baseline 0.002 -17"><span class='ocrx_word' id='word_1_766' title='bbox 448 5549 528 5604; x_wconf 85' lang='lat' dir='ltr'><strong>ris</strong></span> <span class='ocrx_word' id='word_1_767' title='bbox 549 5549 724 5604; x_wconf 85' lang='lat' dir='ltr'><strong>Deutn</strong></span> <span class='ocrx_word' id='word_1_768' title='bbox 761 5551 977 5604; x_wconf 83' lang='lat' dir='ltr'><strong>laudare</strong></span> <span class='ocrx_word' id='word_1_769' title='bbox 1021 5563 1124 5602; x_wconf 89' lang='lat' dir='ltr'><strong>non</strong></span> <span class='ocrx_word' id='word_1_770' title='bbox 1154 5549 1398 5617; x_wconf 85' lang='lat' dir='ltr'><strong>jubetur,</strong></span> <span class='ocrx_word' id='word_1_771' title='bbox 1429 5550 1626 5618; x_wconf 87' lang='lat' dir='ltr'><strong>quique</strong></span> <span class='ocrx_word' id='word_1_772' title='bbox 1686 5563 1782 5602; x_wconf 90' lang='lat' dir='ltr'><strong>nos</strong></span> <span class='ocrx_word' id='word_1_773' title='bbox 1825 5549 2016 5617; x_wconf 85' lang='lat' dir='ltr'><strong>dignos</strong></span> 
     </span>
    </p>
   </div>
   <div class='ocr_carea' id='block_1_104' title="bbox 450 5639 2014 5711">
    <p class='ocr_par' dir='ltr' id='par_1_104' title="bbox 450 5639 2014 5711">
     <span class='ocr_line' id='line_1_104' title="bbox 450 5639 2014 5711; baseline 0.001 -17"><span class='ocrx_word' id='word_1_774' title='bbox 450 5639 600 5706; x_wconf 71' lang='lat' dir='ltr'><strong>fecit,</strong></span> <span class='ocrx_word' id='word_1_775' title='bbox 636 5650 690 5694; x_wconf 89' lang='lat' dir='ltr'><strong>ut</strong></span> <span class='ocrx_word' id='word_1_776' title='bbox 722 5656 818 5711; x_wconf 90' lang='lat' dir='ltr'><strong>per</strong></span> <span class='ocrx_word' id='word_1_777' title='bbox 845 5641 1166 5709; x_wconf 87' lang='lat' dir='ltr'><strong>baptismum</strong></span> <span class='ocrx_word' id='word_1_778' title='bbox 1199 5653 1610 5708; x_wconf 84' lang='lat' dir='ltr'><strong>conregnetuns,</strong></span> <span class='ocrx_word' id='word_1_779' title='bbox 1645 5649 1700 5694; x_wconf 88' lang='lat' dir='ltr'><strong>et</strong></span> <span class='ocrx_word' id='word_1_780' title='bbox 1745 5641 2014 5710; x_wconf 85' lang='lat' dir='ltr'><strong>conglori-</strong></span> 
     </span>
    </p>
   </div>
   <div class='ocr_carea' id='block_1_105' title="bbox 454 5727 2008 5798">
    <p class='ocr_par' dir='ltr' id='par_1_105' title="bbox 454 5727 2008 5798">
     <span class='ocr_line' id='line_1_105' title="bbox 454 5727 2008 5798; baseline 0.005 -18"><span class='ocrx_word' id='word_1_781' title='bbox 454 5727 676 5783; x_wconf 76' lang='lat' dir='ltr'><strong>ticemur</strong></span> <span class='ocrx_word' id='word_1_782' title='bbox 721 5746 844 5787; x_wconf 90' lang='lat' dir='ltr'><strong>cum</strong></span> <span class='ocrx_word' id='word_1_783' title='bbox 896 5731 1152 5785; x_wconf 67' lang='lat' dir='ltr'><strong>Christo?</strong></span> <span class='ocrx_word' id='word_1_784' title='bbox 1186 5729 1330 5784; x_wconf 85' lang='lat' dir='ltr'><strong>Nihil</strong></span> <span class='ocrx_word' id='word_1_785' title='bbox 1374 5729 1515 5785; x_wconf 90' lang='lat' dir='ltr'><strong>enim</strong></span> <span class='ocrx_word' id='word_1_786' title='bbox 1548 5730 1598 5785; x_wconf 92' lang='lat' dir='ltr'><strong>iu</strong></span> <span class='ocrx_word' id='word_1_787' title='bbox 1647 5731 1713 5786; x_wconf 92' lang='lat' dir='ltr'><strong>iis</strong></span> <span class='ocrx_word' id='word_1_788' title='bbox 1741 5732 2008 5798; x_wconf 89' lang='lat' dir='ltr'><strong>omnibus,</strong></span> 
     </span>
    </p>
   </div>
   <div class='ocr_carea' id='block_1_106' title="bbox 2108 4549 3687 4624">
    <p class='ocr_par' dir='ltr' id='par_1_106' title="bbox 2108 4549 3687 4624">
     <span class='ocr_line' id='line_1_106' title="bbox 2108 4549 3687 4624; baseline -0.004 -18"><span class='ocrx_word' id='word_1_789' title='bbox 2108 4555 2230 4606; x_wconf 84' lang='grc' dir='ltr'>στὸν</span> <span class='ocrx_word' id='word_1_790' title='bbox 2268 4552 2554 4624; x_wconf 79' lang='grc' dir='ltr'>ἄνθρωπον</span> <span class='ocrx_word' id='word_1_791' title='bbox 2605 4551 2735 4616; x_wconf 78' lang='grc' dir='ltr'>ἴσως</span> <span class='ocrx_word' id='word_1_792' title='bbox 2783 4551 2862 4622; x_wconf 83' lang='grc' dir='ltr'>τῷ</span> <span class='ocrx_word' id='word_1_793' title='bbox 2905 4551 3104 4622; x_wconf 73' lang='grc' dir='ltr'>Πατρὶ,</span> <span class='ocrx_word' id='word_1_794' title='bbox 3155 4550 3250 4602; x_wconf 85' lang='lat' dir='ltr'><strong>xui</strong></span> <span class='ocrx_word' id='word_1_795' title='bbox 3297 4550 3550 4620; x_wconf 74' lang='grc' dir='ltr'>καθάπερ</span> <span class='ocrx_word' id='word_1_796' title='bbox 3608 4549 3687 4610; x_wconf 86' lang='grc' dir='ltr'><strong>εἰς</strong></span> 
     </span>
    </p>
   </div>
   <div class='ocr_carea' id='block_1_107' title="bbox 2104 4636 3690 4716">
    <p class='ocr_par' dir='ltr' id='par_1_107' title="bbox 2104 4636 3690 4716">
     <span class='ocr_line' id='line_1_107' title="bbox 2104 4636 3690 4716; baseline -0.004 -19"><span class='ocrx_word' id='word_1_797' title='bbox 2104 4643 2268 4716; x_wconf 81' lang='grc' dir='ltr'>τιμὴν</span> <span class='ocrx_word' id='word_1_798' title='bbox 2312 4644 2405 4696; x_wconf 90' lang='lat' dir='ltr'><strong>xui</strong></span> <span class='ocrx_word' id='word_1_799' title='bbox 2450 4642 2608 4706; x_wconf 75' lang='grc' dir='ltr'>δόξαν</span> <span class='ocrx_word' id='word_1_800' title='bbox 2657 4643 2757 4712; x_wconf 85' lang='grc' dir='ltr'>τῆς</span> <span class='ocrx_word' id='word_1_801' title='bbox 2795 4642 2888 4695; x_wconf 89' lang='grc' dir='ltr'><strong>τοῦ</strong></span> <span class='ocrx_word' id='word_1_802' title='bbox 2941 4638 3279 4708; x_wconf 81' lang='grc' dir='ltr'>Μονογενοῦς</span> <span class='ocrx_word' id='word_1_803' title='bbox 3342 4639 3593 4710; x_wconf 77' lang='grc' dir='ltr'>θεότητος</span> <span class='ocrx_word' id='word_1_804' title='bbox 3627 4636 3690 4691; x_wconf 80' lang='grc' dir='ltr'><strong>τὸ</strong></span> 
     </span>
    </p>
   </div>
   <div class='ocr_carea' id='block_1_108' title="bbox 2108 4729 3690 4804">
    <p class='ocr_par' dir='ltr' id='par_1_108' title="bbox 2108 4729 3690 4804">
     <span class='ocr_line' id='line_1_108' title="bbox 2108 4729 3690 4804; baseline -0.004 -14"><span class='ocrx_word' id='word_1_805' title='bbox 2108 4736 2261 4804; x_wconf 77' lang='grc' dir='ltr'>ἅγιον</span> <span class='ocrx_word' id='word_1_806' title='bbox 2289 4734 2502 4803; x_wconf 83' lang='grc' dir='ltr'>Πάσχα,</span> <span class='ocrx_word' id='word_1_807' title='bbox 2536 4731 2679 4785; x_wconf 77' lang='grc' dir='ltr'>οὕτω</span> <span class='ocrx_word' id='word_1_808' title='bbox 2724 4733 2820 4785; x_wconf 81' lang='lat' dir='ltr'><strong>xui</strong></span> <span class='ocrx_word' id='word_1_809' title='bbox 2855 4730 2950 4784; x_wconf 90' lang='grc' dir='ltr'><strong>τοῦ</strong></span> <span class='ocrx_word' id='word_1_810' title='bbox 2986 4731 3301 4802; x_wconf 84' lang='grc' dir='ltr'>Πνεύματος</span> <span class='ocrx_word' id='word_1_811' title='bbox 3348 4733 3382 4803; x_wconf 78' lang='grc' dir='ltr'><strong>ἡ</strong></span> <span class='ocrx_word' id='word_1_812' title='bbox 3404 4730 3565 4803; x_wconf 78' lang='grc' dir='ltr'>ἑορτὴ</span> <span class='ocrx_word' id='word_1_813' title='bbox 3592 4729 3690 4800; x_wconf 84' lang='grc' dir='ltr'>τῆς</span> 
     </span>
    </p>
   </div>
   <div class='ocr_carea' id='block_1_109' title="bbox 2107 4821 3688 4896">
    <p class='ocr_par' dir='ltr' id='par_1_109' title="bbox 2107 4821 3688 4896">
     <span class='ocr_line' id='line_1_109' title="bbox 2107 4821 3688 4896; baseline -0.005 -16"><span class='ocrx_word' id='word_1_814' title='bbox 2107 4825 2487 4896; x_wconf 83' lang='grc' dir='ltr'>Πεντηκοστῆς</span> <span class='ocrx_word' id='word_1_815' title='bbox 2507 4823 2568 4888; x_wconf 75' lang='grc' dir='ltr'>ἐξ</span> <span class='ocrx_word' id='word_1_816' title='bbox 2596 4824 2771 4894; x_wconf 85' lang='grc' dir='ltr'>ἀρχῆς</span> <span class='ocrx_word' id='word_1_817' title='bbox 2805 4822 3159 4893; x_wconf 76' lang='grc' dir='ltr'>ἐπετελέσθη,</span> <span class='ocrx_word' id='word_1_818' title='bbox 3193 4823 3287 4876; x_wconf 85' lang='lat' dir='ltr'><strong>xui</strong></span> <span class='ocrx_word' id='word_1_819' title='bbox 3320 4821 3557 4876; x_wconf 88' lang='grc' dir='ltr'>διακονεῖ</span> <span class='ocrx_word' id='word_1_820' title='bbox 3589 4821 3688 4876; x_wconf 82' lang='grc' dir='ltr'><strong>αὐ-</strong></span> 
     </span>
    </p>
   </div>
   <div class='ocr_carea' id='block_1_110' title="bbox 2108 4911 3689 4988">
    <p class='ocr_par' dir='ltr' id='par_1_110' title="bbox 2108 4911 3689 4988">
     <span class='ocr_line' id='line_1_110' title="bbox 2108 4911 3689 4988; baseline -0.003 -19"><span class='ocrx_word' id='word_1_821' title='bbox 2108 4916 2185 4988; x_wconf 84' lang='grc' dir='ltr'>τῷ</span> <span class='ocrx_word' id='word_1_822' title='bbox 2212 4918 2241 4968; x_wconf 91' lang='lat'><strong>6</strong></span> <span class='ocrx_word' id='word_1_823' title='bbox 2276 4915 2535 4987; x_wconf 76' lang='grc' dir='ltr'>Γαϐριὴλ,</span> <span class='ocrx_word' id='word_1_824' title='bbox 2567 4915 2643 4977; x_wconf 87' lang='grc' dir='ltr'>ὼς</span> <span class='ocrx_word' id='word_1_825' title='bbox 2677 4914 2755 4985; x_wconf 85' lang='grc' dir='ltr'>τῷ</span> <span class='ocrx_word' id='word_1_826' title='bbox 2783 4915 3182 4984; x_wconf 86' lang='grc' dir='ltr'>παντοκράτορι</span> <span class='ocrx_word' id='word_1_827' title='bbox 3202 4913 3321 4983; x_wconf 87' lang='grc' dir='ltr'>Θεῷ</span> <span class='ocrx_word' id='word_1_828' title='bbox 3353 4913 3546 4984; x_wconf 87' lang='grc' dir='ltr'>Πατρί·</span> <span class='ocrx_word' id='word_1_829' title='bbox 3574 4911 3689 4973; x_wconf 84' lang='grc' dir='ltr'><strong>πῶς</strong></span> 
     </span>
    </p>
   </div>
   <div class='ocr_carea' id='block_1_111' title="bbox 2111 5001 3688 5074">
    <p class='ocr_par' dir='ltr' id='par_1_111' title="bbox 2111 5001 3688 5074">
     <span class='ocr_line' id='line_1_111' title="bbox 2111 5001 3688 5074; baseline -0.003 -15"><span class='ocrx_word' id='word_1_830' title='bbox 2111 5004 2251 5060; x_wconf 83' lang='grc' dir='ltr'>κατὰ</span> <span class='ocrx_word' id='word_1_831' title='bbox 2283 5006 2592 5072; x_wconf 78' lang='grc' dir='ltr'>αἱρετικοὺς</span> <span class='ocrx_word' id='word_1_832' title='bbox 2615 5006 2675 5058; x_wconf 76' lang='grc' dir='ltr'>οὐ</span> <span class='ocrx_word' id='word_1_833' title='bbox 2719 5004 2853 5068; x_wconf 90' lang='grc' dir='ltr'>Θεὸς</span> <span class='ocrx_word' id='word_1_834' title='bbox 2913 5007 2940 5057; x_wconf 89' lang='grc' dir='ltr'>ὁ</span> <span class='ocrx_word' id='word_1_835' title='bbox 2974 5005 3120 5074; x_wconf 78' lang='grc' dir='ltr'>ἡμᾶς</span> <span class='ocrx_word' id='word_1_836' title='bbox 3162 5003 3456 5067; x_wconf 89' lang='grc' dir='ltr'>θεοποιῶν;</span> <span class='ocrx_word' id='word_1_837' title='bbox 3494 5001 3588 5056; x_wconf 90' lang='lat' dir='ltr'><strong>xui</strong></span> <span class='ocrx_word' id='word_1_838' title='bbox 3630 5003 3688 5054; x_wconf 88' lang='grc' dir='ltr'>οὐ</span> 
     </span>
    </p>
   </div>
   <div class='ocr_carea' id='block_1_112' title="bbox 2110 5093 3692 5168">
    <p class='ocr_par' dir='ltr' id='par_1_112' title="bbox 2110 5093 3692 5168">
     <span class='ocr_line' id='line_1_112' title="bbox 2110 5093 3692 5168; baseline -0.003 -18"><span class='ocrx_word' id='word_1_839' title='bbox 2110 5097 2313 5168; x_wconf 83' lang='grc' dir='ltr'>Κύριος</span> <span class='ocrx_word' id='word_1_840' title='bbox 2335 5100 2363 5150; x_wconf 89' lang='lat'><strong>6</strong></span> <span class='ocrx_word' id='word_1_841' title='bbox 2395 5099 2542 5168; x_wconf 78' lang='grc' dir='ltr'>ἡμᾶς</span> <span class='ocrx_word' id='word_1_842' title='bbox 2583 5096 2907 5168; x_wconf 71' lang='grc' dir='ltr'>ἐλευθερῶνς</span> <span class='ocrx_word' id='word_1_843' title='bbox 2942 5097 3035 5149; x_wconf 88' lang='lat' dir='ltr'><strong>xui</strong></span> <span class='ocrx_word' id='word_1_844' title='bbox 3057 5096 3117 5149; x_wconf 79' lang='grc' dir='ltr'>οὐ</span> <span class='ocrx_word' id='word_1_845' title='bbox 3145 5096 3394 5166; x_wconf 81' lang='grc' dir='ltr'>βασιλεὺς</span> <span class='ocrx_word' id='word_1_846' title='bbox 3422 5097 3514 5149; x_wconf 87' lang='lat' dir='ltr'><strong>xui</strong></span> <span class='ocrx_word' id='word_1_847' title='bbox 3542 5093 3692 5159; x_wconf 80' lang='grc' dir='ltr'>δοξα-</span> 
     </span>
    </p>
   </div>
   <div class='ocr_carea' id='block_1_113' title="bbox 2112 5185 3692 5261">
    <p class='ocr_par' dir='ltr' id='par_1_113' title="bbox 2112 5185 3692 5261">
     <span class='ocr_line' id='line_1_113' title="bbox 2112 5185 3692 5261; baseline -0.004 -18"><span class='ocrx_word' id='word_1_848' title='bbox 2112 5189 2334 5261; x_wconf 81' lang='grc' dir='ltr'>ζόμενος</span> <span class='ocrx_word' id='word_1_849' title='bbox 2366 5192 2395 5242; x_wconf 88' lang='grc' dir='ltr'>ὁ</span> <span class='ocrx_word' id='word_1_850' title='bbox 2430 5191 2503 5261; x_wconf 77' lang='grc' dir='ltr'>μὴ</span> <span class='ocrx_word' id='word_1_851' title='bbox 2559 5189 2744 5260; x_wconf 81' lang='grc' dir='ltr'>ὑμνῶν</span> <span class='ocrx_word' id='word_1_852' title='bbox 2793 5189 2930 5259; x_wconf 84' lang='grc' dir='ltr'><strong>μετά</strong></span> <span class='ocrx_word' id='word_1_853' title='bbox 2955 5190 3056 5258; x_wconf 76' lang='grc' dir='ltr'>τῆς</span> <span class='ocrx_word' id='word_1_854' title='bbox 3089 5189 3337 5252; x_wconf 86' lang='grc' dir='ltr'>κτίσεως,</span> <span class='ocrx_word' id='word_1_855' title='bbox 3388 5193 3416 5242; x_wconf 89' lang='lat'><strong>6</strong></span> <span class='ocrx_word' id='word_1_856' title='bbox 3439 5190 3584 5258; x_wconf 78' lang='grc' dir='ltr'>ἡμᾶς</span> <span class='ocrx_word' id='word_1_857' title='bbox 3607 5185 3692 5239; x_wconf 80' lang='grc' dir='ltr'>διὰ</span> 
     </span>
    </p>
   </div>
   <div class='ocr_carea' id='block_1_114' title="bbox 2113 5279 3691 5353">
    <p class='ocr_par' dir='ltr' id='par_1_114' title="bbox 2113 5279 3691 5353">
     <span class='ocr_line' id='line_1_114' title="bbox 2113 5279 3691 5353; baseline -0.005 -17"><span class='ocrx_word' id='word_1_858' title='bbox 2113 5283 2206 5336; x_wconf 90' lang='grc' dir='ltr'><strong>τοῦ</strong></span> <span class='ocrx_word' id='word_1_859' title='bbox 2245 5283 2616 5353; x_wconf 83' lang='grc' dir='ltr'>βαπτίσματος</span> <span class='ocrx_word' id='word_1_860' title='bbox 2648 5281 3104 5350; x_wconf 78' lang='grc' dir='ltr'>συμϐασιλεύσειν</span> <span class='ocrx_word' id='word_1_861' title='bbox 3138 5283 3232 5333; x_wconf 91' lang='lat' dir='ltr'><strong>xui</strong></span> <span class='ocrx_word' id='word_1_862' title='bbox 3273 5279 3691 5346; x_wconf 72' lang='grc' dir='ltr'>συνδυξασθήσε-</span> 
     </span>
    </p>
   </div>
   <div class='ocr_carea' id='block_1_115' title="bbox 2117 5373 3691 5446">
    <p class='ocr_par' dir='ltr' id='par_1_115' title="bbox 2117 5373 3691 5446">
     <span class='ocr_line' id='line_1_115' title="bbox 2117 5373 3691 5446; baseline -0.003 -19"><span class='ocrx_word' id='word_1_863' title='bbox 2117 5375 2240 5428; x_wconf 89' lang='grc' dir='ltr'>σθαι</span> <span class='ocrx_word' id='word_1_864' title='bbox 2287 5375 2509 5446; x_wconf 83' lang='grc' dir='ltr'>Χριστῷ</span> <span class='ocrx_word' id='word_1_865' title='bbox 2574 5374 2960 5439; x_wconf 84' lang='grc' dir='ltr'>καταξιώσων;</span> <span class='ocrx_word' id='word_1_866' title='bbox 3006 5375 3114 5426; x_wconf 84' lang='lat' dir='ltr'><strong>Kui</strong></span> <span class='ocrx_word' id='word_1_867' title='bbox 3160 5374 3268 5446; x_wconf 83' lang='grc' dir='ltr'><strong>γὰρ</strong></span> <span class='ocrx_word' id='word_1_868' title='bbox 3303 5375 3360 5426; x_wconf 84' lang='grc' dir='ltr'>ὲν</span> <span class='ocrx_word' id='word_1_869' title='bbox 3389 5376 3552 5428; x_wconf 79' lang='grc' dir='ltr'>πᾶσιν</span> <span class='ocrx_word' id='word_1_870' title='bbox 3586 5373 3691 5432; x_wconf 79' lang='grc' dir='ltr'>τοῖς</span> 
     </span>
    </p>
   </div>
   <div class='ocr_carea' id='block_1_116' title="bbox 2115 5461 3689 5536">
    <p class='ocr_par' dir='ltr' id='par_1_116' title="bbox 2115 5461 3689 5536">
     <span class='ocr_line' id='line_1_116' title="bbox 2115 5461 3689 5536; baseline -0.003 -19"><span class='ocrx_word' id='word_1_871' title='bbox 2115 5464 2489 5536; x_wconf 84' lang='grc' dir='ltr'>προλεχθεῖσιν</span> <span class='ocrx_word' id='word_1_872' title='bbox 2517 5464 2643 5536; x_wconf 79' lang='grc'><strong>[157</strong></span> <span class='ocrx_word' id='word_1_873' title='bbox 2671 5462 2723 5535; x_wconf 89' lang='lat' dir='ltr'><strong>b]</strong></span> <span class='ocrx_word' id='word_1_874' title='bbox 2761 5466 2892 5534; x_wconf 70' lang='grc' dir='ltr'>περὶ</span> <span class='ocrx_word' id='word_1_875' title='bbox 2922 5464 3017 5518; x_wconf 84' lang='grc' dir='ltr'><strong>τοῦ</strong></span> <span class='ocrx_word' id='word_1_876' title='bbox 3049 5465 3194 5518; x_wconf 90' lang='grc' dir='ltr'>θείου</span> <span class='ocrx_word' id='word_1_877' title='bbox 3239 5465 3574 5536; x_wconf 86' lang='grc' dir='ltr'>Πνεύματος,</span> <span class='ocrx_word' id='word_1_878' title='bbox 3605 5461 3689 5514; x_wconf 76' lang='grc' dir='ltr'><strong>οὑ-</strong></span> 
     </span>
    </p>
   </div>
   <div class='ocr_carea' id='block_1_117' title="bbox 2115 5552 3692 5627">
    <p class='ocr_par' dir='ltr' id='par_1_117' title="bbox 2115 5552 3692 5627">
     <span class='ocr_line' id='line_1_117' title="bbox 2115 5552 3692 5627; baseline -0.003 -19"><span class='ocrx_word' id='word_1_879' title='bbox 2115 5557 2202 5609; x_wconf 84' lang='grc' dir='ltr'>δὲν</span> <span class='ocrx_word' id='word_1_880' title='bbox 2229 5556 2359 5609; x_wconf 79' lang='grc' dir='ltr'>ἴδιον</span> <span class='ocrx_word' id='word_1_881' title='bbox 2389 5556 2710 5626; x_wconf 85' lang='grc' dir='ltr'>κτισμάτων</span> <span class='ocrx_word' id='word_1_882' title='bbox 2733 5556 3069 5626; x_wconf 88' lang='grc' dir='ltr'>εὑρίσκεται,</span> <span class='ocrx_word' id='word_1_883' title='bbox 3103 5557 3209 5610; x_wconf 77' lang='grc' dir='ltr'>οὐδ’</span> <span class='ocrx_word' id='word_1_884' title='bbox 3244 5557 3485 5627; x_wconf 80' lang='grc' dir='ltr'>ὑπῆρξεν</span> <span class='ocrx_word' id='word_1_885' title='bbox 3527 5552 3692 5622; x_wconf 83' lang='grc' dir='ltr'>οὐρα-</span> 
     </span>
    </p>
   </div>
   <div class='ocr_carea' id='block_1_118' title="bbox 2117 5639 3687 5715">
    <p class='ocr_par' dir='ltr' id='par_1_118' title="bbox 2117 5639 3687 5715">
     <span class='ocr_line' id='line_1_118' title="bbox 2117 5639 3687 5715; baseline -0.006 -17"><span class='ocrx_word' id='word_1_886' title='bbox 2117 5645 2250 5707; x_wconf 88' lang='grc' dir='ltr'>νίοις</span> <span class='ocrx_word' id='word_1_887' title='bbox 2296 5645 2588 5715; x_wconf 74' lang='grc' dir='ltr'>δυνάμεσιν</span> <span class='ocrx_word' id='word_1_888' title='bbox 2633 5642 3180 5715; x_wconf 84' lang='grc' dir='ltr'>συμμνημονεύεσθαι</span> <span class='ocrx_word' id='word_1_889' title='bbox 3227 5646 3319 5697; x_wconf 69' lang='grc' dir='ltr'><strong>ἐπὶ</strong></span> <span class='ocrx_word' id='word_1_890' title='bbox 3363 5645 3547 5712; x_wconf 85' lang='grc' dir='ltr'>θεῖκῆς</span> <span class='ocrx_word' id='word_1_891' title='bbox 3590 5639 3687 5691; x_wconf 73' lang='lat' dir='ltr'><strong>5w.-</strong></span> 
     </span>
    </p>
   </div>
   <div class='ocr_carea' id='block_1_119' title="bbox 2127 5726 3689 5808">
    <p class='ocr_par' dir='ltr' id='par_1_119' title="bbox 2127 5726 3689 5808">
     <span class='ocr_line' id='line_1_119' title="bbox 2127 5726 3689 5808; baseline -0.017 -1"><span class='ocrx_word' id='word_1_892' title='bbox 2127 5738 2274 5807; x_wconf 74' lang='grc' dir='ltr'>Ρεᾶς,</span> <span class='ocrx_word' id='word_1_893' title='bbox 2334 5737 2368 5808; x_wconf 84' lang='grc' dir='ltr'><strong>ἢ</strong></span> <span class='ocrx_word' id='word_1_894' title='bbox 2425 5735 2724 5808; x_wconf 71' lang='grc' dir='ltr'>ἐνεργείας,</span> <span class='ocrx_word' id='word_1_895' title='bbox 2770 5737 2803 5807; x_wconf 86' lang='grc' dir='ltr'>ἢ</span> <span class='ocrx_word' id='word_1_896' title='bbox 2860 5735 3168 5806; x_wconf 59' lang='grc' dir='ltr'>δοξολογκίας</span> <span class='ocrx_word' id='word_1_897' title='bbox 3231 5737 3366 5807; x_wconf 84' lang='grc' dir='ltr'>μετὰ</span> <span class='ocrx_word' id='word_1_898' title='bbox 3419 5731 3511 5788; x_wconf 87' lang='grc' dir='ltr'><strong>τοῦ</strong></span> <span class='ocrx_word' id='word_1_899' title='bbox 3557 5726 3689 5784; x_wconf 87' lang='grc' dir='ltr'>Θεοῦ</span> 
     </span>
    </p>
   </div>
  </div>
