4056 6432
419 366 528 426 ’149

1443 362 1531 418 DE
1569 359 1945 416 TRINITATE
1984 360 2182 415 LIBER
2228 360 2611 420 SECUNDUS.

3571 369 3678 430 7a)

418 482 518 536 καὶ
556 478 790 549 Πατρὸς,
834 477 926 530 καὶ
957 495 1048 530 του
1091 477 1234 530 Υίοῦ.
1265 477 1344 531 Τὰ
1367 477 1423 530 δὲ
1462 476 1534 547 μὴ
1572 477 1678 528 ίδια
1708 476 1815 530 τῶν
1845 493 2001 546 ποιη-

2106 491 2224 546 qua!
2249 488 2407 532 antea
2445 477 2510 532 de
2541 477 2722 532 divino
2760 477 2963 548 Spiritu
3008 478 3149 534 dicta
3191 491 3336 547 sunt,
3383 483 3676 540 invenitur.

425 571 632 641 μάτων,
670 567 848 638 δῆλον,
885 568 968 620 ὅτι
1003 566 1138 620 Θεοῦ
1167 567 1327 636 μόνου
1362 567 1470 620 ἴδια
1501 567 1759 636 ὑπάρχει·
1791 565 1923 628 Θεὸς
1951 566 2006 618 δὲ

419 662 481 714 οὐ
508 660 768 722 κτίζεται.
806 658 943 711 Ἀλλ’
992 659 1042 710 οἱ
1070 659 1297 728 κτίσμα,
1329 659 1360 729 ἢ
1389 657 1575 712 δοῦλον
1595 657 1840 724 λέγοντες
1858 659 2008 725 (ταυ-

419 749 512 802 τὸν
542 748 647 818 γάρ
680 747 948 816 ὲστι),καὶ
972 748 1044 818 μὴ
1065 747 1438 816 θεολογοῦντες
1464 749 1555 801 καὶ
1579 746 1890 811 δοξάζοντες
1911 747 2008 798 αῦο

421 839 502 903 τὸ,
536 841 600 908 τῇ
638 854 697 889 τε
726 837 938 907 δουλείᾳ
968 837 1067 906 τῆς
1098 837 1276 907 Ἀγαρ
1307 836 1774 900 συνεκϐάλλονται,
1821 837 1914 889 καὶ
1937 837 2002 906 τῇ

419 928 512 982 τοῦ
539 929 669 999 Χὰμ
694 928 1128 998 κατακρίνονται,
1165 928 1476 991 ἀκούοντες·
1508 947 1526 980 ι
1573 927 2003 999 Ἐπικατάρατος

419 1021 549 1091 Χὰμ
576 1020 847 1072 δουλεύσει
869 1023 982 1083 τοῖς
1012 1019 1260 1088 ἀδελφοῖς
1307 1019 1492 1074 αὑτοῦ·
1538 1039 1556 1072 ι
1589 1021 1726 1090 μετὰ
1759 1019 2004 1089 Σίμωνός

421 1130 480 1165 τε
514 1111 607 1164 τοῦ
660 1113 852 1180 Μάγου
884 1112 1313 1183 ἁναγράφονται,
1346 1112 1440 1165 τοῦ
1467 1112 1792 1182 νομίσαντος
1834 1114 2002 1183 ἀργυ-

427 1203 554 1273 ρίων
574 1203 831 1256 δύνασθαι
865 1204 963 1274 τὴν
993 1204 1236 1275 ἄπρατον
1259 1202 1694 1274 ἐξαγοράσασθαι
1722 1202 1816 1255 τοῦ
1845 1203 2000 1272 ἁγίου

425 1294 740 1364 Πνεῦματος
784 1295 962 1364 χάριν·
1000 1295 1096 1347 καὶ
1130 1294 1217 1348 διὰ
1260 1296 1359 1364 τῆς
1391 1293 1572 1364 βίϐλου
1611 1293 1720 1346 τῶν
1762 1295 1998 1349 ἀποστο-

422 1382 584 1436 λικῶν
629 1383 886 1453 Πράξεων
923 1384 1231 1437 ἁκούουσιν·
1268 1403 1285 1434 ι
1319 1385 1393 1436 Οὐ
1423 1384 1532 1456 γάρ
1560 1385 1708 1437 ἐστιν
1739 1385 1867 1454 ὑμῖν
1896 1402 1996 1456 με-

426 1477 530 1551 ρὶς,
562 1475 680 1528 οὐδὲ
721 1475 918 1546 κλῆρος
949 1478 1006 1529 ὲν
1039 1475 1116 1545 τῷ
1147 1476 1289 1546 λόγῳ
1315 1477 1508 1546 τούτῳ.
1547 1494 1566 1528 ι

2111 571 2254 637 quod
2282 580 2654 622 t-reaturarnm
2697 572 2974 639 proprium
3019 573 3107 633 sit,
3157 587 3330 644 neque
3370 577 3681 632 caelestibus

2111 675 2348 726 unquam
2391 658 2678 713 virtutibus
2713 660 2801 714 hic
2837 661 3006 713 honor
3034 662 3246 716 delatus
3273 676 3377 730 est,
3425 674 3485 720 ut
3516 666 3676 722 simul

2108 765 2229 803 cum
2264 751 2371 804 Deo
2399 761 2453 804 et
2489 751 2669 816 Patre,
2695 761 2748 814 et
2775 768 2895 806 eum
2934 752 3070 806 Filio
3101 769 3677 814 commemorarentur.

2107 854 2228 892 cum
2267 841 2330 894 de
2374 841 2552 894 divina
2595 853 2685 895 aut
2721 844 2918 911 gratia,
2960 855 3052 896 aut
3078 846 3414 914 Operatione,
3446 856 3540 900 aut
3571 849 3675 918 glo-

2107 931 2408 985 riﬁcatione
2451 945 2631 986 sermo
2664 941 2766 986 est.
2807 931 2937 998 Quae
2975 948 3104 988 vero
3147 945 3520 991 creaturarum
3560 953 3676 1008 pro-

2105 1024 2219 1090 pria
2267 1038 2368 1075 non
2410 1032 2556 1088 sunt,
2591 1037 2652 1078 ea
2695 1024 2863 1078 solius
2906 1025 3000 1078 Dei
3045 1027 3261 1096 propria
3301 1042 3424 1082 esse
3475 1029 3678 1098 perspi-

2104 1128 2262 1165 cuum
2298 1123 2415 1169 est:
2451 1114 2592 1168 Deus
2625 1125 2803 1169 autem
2833 1131 2936 1169 non
2961 1126 3193 1171 creatur.
3217 1116 3322 1173 Sed
3345 1119 3437 1189 qui
3465 1129 3682 1175 creatu—

2104 1219 2243 1269 ram,
2277 1215 2370 1258 aut
2395 1221 2608 1260 servum
2639 1221 2761 1260 eum
2801 1217 2998 1262 vocant
3023 1208 3188 1279 (idem
3220 1210 3364 1264 enim
3399 1220 3685 1282 utrumque

2103 1295 2228 1363 est),
2270 1297 2472 1365 quique
2525 1297 2697 1366 ipsum
2756 1312 2860 1349 non
2909 1298 3098 1352 dicunt
3143 1299 3331 1366 Deum,
3387 1315 3487 1356 nec
3534 1301 3682 1356 illum

2105 1384 2430 1452 glorillcant,
2463 1386 2500 1440 ii
2545 1397 2600 1439 et
2633 1387 2880 1441 servituti
2925 1389 3071 1458 Agar
3104 1389 3323 1443 obnoxii
3366 1390 3681 1476 ejiciuntur.

2103 1486 2158 1530 et
2187 1478 2446 1533 servitute
2476 1479 2644 1533 Chant
2685 1479 3136 1544 condemnantur,
3173 1481 3273 1535 sibi
3305 1497 3517 1552 quoque
3552 1485 3684 1556 ipsis

423 1570 528 1624 dici
554 1571 829 1624 audientes
855 1571 1016 1624 illud:
1052 1591 1069 1622 ι
1098 1571 1409 1625 Maledictus
1449 1571 1562 1640 (85)
1590 1571 1757 1626 Cham
1801 1572 2000 1627 serviet
2026 1572 2281 1626 fratribus
2307 1575 2456 1639 suis;
2492 1593 2510 1624 ι
2557 1584 2612 1627 ει
2643 1589 2763 1627 cum
2791 1574 3010 1629 Simone
3041 1575 3192 1646 Mago
3218 1577 3578 1642 collocantur,
3618 1593 3684 1634 ac

424 1665 792 1716 recensentur.
828 1659 916 1726 qui
950 1658 1185 1726 Spiritus
1211 1660 1382 1713 sancti
1421 1661 1671 1728 gratiam,
1727 1663 2034 1730 neutiquam
2066 1677 2196 1716 sane
2229 1662 2491 1728 venalem,
2514 1672 2738 1730 argento
2769 1665 2872 1718 emi
2902 1679 3056 1731 posse
3101 1667 3460 1732 existimavit;
3511 1678 3566 1722 et
3627 1670 3680 1724 in

427 1750 563 1804 libro
603 1757 860 1805 Actorum
910 1753 1325 1821 aposmlicorum
1381 1752 1482 1807 sibi
1531 1752 1734 1807 dictum
1797 1755 2062 1808 audiunt:
2110 1775 2129 1807 ι
2166 1755 2275 1811 Νεε
2305 1757 2449 1810 enim
2475 1755 2612 1827 (85‘)
2657 1765 2740 1811 est
2776 1757 2930 1811 vobis
2955 1771 3102 1827 pars,
3141 1773 3312 1827 neque
3335 1773 3454 1814 sors
3487 1759 3540 1814 in
3579 1759 3684 1816 hoc

427 1861 688 1901 SCI'IIIOHC.
715 1865 734 1898 ι

1013 1940 1170 1992 ΚΕΦ.
1201 1941 1350 2007 Kq'.

505 2031 592 2093 Ὠς
611 2029 827 2100 ἀληθῶς
877 2029 1005 2100 γὰρ,
1061 2031 1246 2101 ἐπειδὴ
1305 2029 1378 2101 μὴ
1409 2031 1555 2084 ἐστιν
1614 2031 1865 2085 κοινωνία
1920 2032 2000 2103 τῷ

425 2123 606 2176 σκότει
639 2122 776 2194 πρὸς
801 2122 862 2175 τὸ
891 2122 1027 2191 φῶς.
1073 2123 1167 2174 καὶ
1188 2125 1299 2185 τοῖς
1324 2122 1707 2194 ἐστερημένοις
1733 2124 1830 2194 τῆς
1853 2123 2000 2187 θείας

423 2213 676 2280 γνώσεως
702 2214 836 2283 πρὸς
867 2214 992 2276 τοὺς
1041 2212 1132 2263 ὑπ’
1163 2213 1332 2282 αὐτῆς
1369 2213 1899 2283 καταυγαζομένους·
1926 2216 2002 2266 εί-

425 2304 597 2368 κότως
629 2305 936 2374 γέγραπται
989 2303 1117 2374 περὶ
1146 2302 1254 2356 τῶν
1280 2303 1600 2370 κακοδόξων·
1631 2322 1650 2354 ι
1673 2304 1747 2356 Τὸ
1779 2302 2002 2374 Πνεῦμα

425 2395 525 2448 οὐκ
548 2395 810 2464 ἔγνωσαν,
859 2395 980 2448 οὐδὲ
1038 2395 1300 2464 συνῆκαν·
1343 2397 1401 2448 ὲν
1429 2395 1607 2448 σκότει
1649 2395 2000 2466 διαπορεύον-

423 2503 534 2540 ται.
572 2505 591 2539 ι
628 2486 859 2549 Δικαίως
886 2486 966 2538 ῗδὲ
990 2487 1084 2539 καὶ
1131 2487 1507 2540 ὲπιστέλλουσι
1557 2487 1685 2558 περὶ
1724 2487 1924 2549 αὐτῶν,
1974 2487 2002 2539 ὀ

429 2580 527 2648 μὲν
566 2578 836 2649 Ἰωάννης,
878 2579 959 2631 ὅτι
993 2596 1011 2630 ι
1057 2579 1174 2632 Ἐπ’
1220 2581 1450 2650 ἐσχάτου
1484 2579 1576 2633 τοῦ
1620 2580 1810 2650 χρόνου
1849 2579 1998 2632 ἐλεύ-

428 2689 607 2726 σονται
661 2673 986 2742 ἐμπαῖκται,
1018 2671 1162 2725 κατὰ
1191 2672 1289 2734 τὰς
1333 2671 1543 2724 ἑαυτῶν
1584 2671 1880 2742 ἐπιθυμίας
1903 2689 2002 2724 πο-

429 2764 710 2835 ρευόμενοι
741 2762 851 2816 τῶν
881 2763 1167 2816 ἀσεϐειῶν.
1199 2758 1358 2816 Οὗτοί
1382 2765 1519 2817 εἰσιν
1549 2765 1598 2816 oi
1627 2762 2000 2835 ἀποδιορίζον-

425 2873 537 2918 τες,
569 2853 808 2924 ψυχικοὶ,
852 2853 1079 2924 Πνεῦμα
1130 2852 1205 2923 μὴ
1259 2853 1493 2923 ἔχοντες·
1534 2873 1552 2906 ι
1590 2857 1619 2908 ὁ
1661 2856 1718 2909 δὲ
1767 2857 2000 2922 Παῦλος,

428 2947 563 3018 πρὸς
591 2947 690 3016 μὲν
720 2945 999 3016 Τιμόθεονο
1024 2965 1041 2996 ι
1077 2945 1150 2999 Τὸ
1173 2947 1229 2998 δὲ
1264 2946 1487 3017 Πνεῦμα
1518 2949 1696 3019 ῥητῶς
1728 2949 1892 3018 λέγει,
1921 2951 2003 3004 ὅτι

427 3038 486 3088 ὲν
528 3036 774 3107 ὑπέροις
813 3039 1020 3107 καιροῖς
1041 3035 1595 3106 ἁποστήσονταίτινες
1621 3039 1720 3108 τῆς
1748 3039 1999 3105 πίστεως,

431 3127 784 3198 προσέχοντες
837 3127 1110 3197 πνεύμασι
1173 3128 1413 3192 πλάνοις,
1479 3130 1571 3182 καὶ¹
1635 3131 2004 3195 διδασκαλίαις

428 3216 734 3288 δαιμονίων,
774 3220 831 3271 ὲν
877 3219 1160 3288 ὑποκρίσει
1209 3218 1543 3288 ψευδολόγων
1576 3219 1700 3292 [158
1731 3219 1784 3290 α]
1807 3238 2000 3274 κεκαυ-

2704 1943 2857 1998 CAP.
2901 1941 3086 1996 XXVI.

2180 2037 2383 2090 Revera
2439 2035 2605 2098 enim,
2637 2035 2890 2104 quoniam
2931 2035 3036 2089 luci
3075 2049 3197 2089 cum
3244 2035 3484 2091 tenebris
3537 2036 3678 2089 nulla

2106 2137 2190 2181 est
2237 2126 2674 2192 communicatio,
2725 2140 2822 2180 nec
2867 2126 2952 2188 iis,
2998 2125 3089 2194 qui
3147 2125 3329 2179 divina
3375 2125 3681 2191 cognitione

2107 2217 2300 2284 privati
2337 2227 2481 2282 sunt,
2505 2231 2624 2270 cum
2660 2217 2765 2278 his,
2801 2217 2892 2285 qui
2925 2216 2992 2270 ab
3018 2231 3080 2268 ea
3117 2215 3401 2272 illuminati
3439 2216 3676 2276 luerunt.

2110 2307 2306 2361 merito
2335 2306 2595 2374 scriptum
2627 2315 2710 2360 est
2742 2306 2807 2358 de
2843 2303 3115 2359 haereticis
3133 2317 3414 2374 perperam
3442 2306 3678 2361 sentien-

2110 2397 2252 2451 tibus
2283 2414 2296 2451 :
2328 2415 2346 2447 ι
2375 2395 2634 2464 Spiritum
2677 2411 2781 2449 non
2821 2406 3184 2465 cognoverunt
3206 2394 3344 2464 (86),
3375 2412 3475 2451 nec
3512 2396 3676 2452 intel-

2110 2486 2402 2552 lexerunt;
2439 2486 2490 2538 in
2523 2485 2755 2540 tenebris
2793 2484 3128 2538 ambulant.»
3172 2485 3359 2539 Merito
3402 2485 3565 2540 etiam
3609 2487 3679 2540 de

2109 2581 2239 2650 ipsis
2258 2579 2521 2642 scribunt,
2550 2576 2785 2632 Joannes
2819 2578 3036 2646 quidem
3068 2595 3079 2629 :
3113 2595 3131 2628 ι
3163 2577 3218 2630 In
3248 2578 3538 2633 novissimo
3564 2578 3676 2647 (87)

2108 2683 2349 2741 tempore
2397 2672 2616 2725 venient
2682 2670 2927 2724 illusores
2969 2669 3119 2739 juxta
3170 2684 3358 2724 eorum
3404 2670 3675 2727 desidem

2111 2764 2449 2818 ambulantes
2497 2763 2548 2815 in
2600 2761 2992 2830 iniquitatibus.
3059 2761 3122 2816 lli
3166 2772 3315 2830 sunt,
3369 2765 3460 2834 qui
3517 2781 3678 2834 sep..-

2111 2853 2380 2923 rant(88),
2410 2851 2690 2914 animales,
2725 2853 2982 2920 Spiritum
3017 2867 3120 2906 non
3152 2853 3448 2909 habentes:
3480 2874 3500 2906 ι
3534 2856 3676 2910 Pau-

2112 2946 2193 2998 lus
2226 2959 2354 2998 vero
2397 2944 2463 2996 ad
2499 2940 2838 2995 Timotheum
2871 2963 2881 2995 :
2917 2959 2936 2992 ι
2969 2941 3205 3009 Spiritus
3227 2943 3338 3012 (89)
3366 2953 3543 2998 autent
3583 2961 3678 2999 ex-

2111 3051 2299 3106 presse
2327 3037 2476 3098 dicit,
2509 3035 2650 3104 quod
2683 3035 2735 3087 in
2765 3034 3075 3088 novissimis
3113 3037 3443 3104 temporibus
3498 3037 3676 3092 disce-

2112 3132 2236 3184 dent
2281 3129 2497 3198 qnidam
2537 3141 2566 3179 a
2619 3127 2742 3185 ﬁde.
2790 3126 3132 3180 attendentes
3165 3128 3442 3193 spiritibus
3477 3132 3677 3183 erroris

2111 3230 2165 3274 et
2205 3219 2462 3273 doctrinis
2522 3217 2935 3279 daemoniorum,
2985 3217 3037 3272 in
3076 3217 3240 3287 298
3279 3217 3548 3287 hypocrisi
3597 3221 3676 3275 Ιοσ

429 3309 806 3382 τηριασμένων
829 3309 925 3381 τὴν
963 3309 1099 3364 ίδίαν
1131 3310 1454 3380 συνείδησιν·
1498 3329 1515 3361 ι
1547 3310 1684 3382 πρὸς
1720 3311 2001 3382 Ἐϐραίους

2106 3311 2379 3381 quentium
2433 3308 2792 3372 mendacium,
2825 3308 3175 3362 canteriatam
3208 3309 3516 3364 habentium
3551 3326 3674 3381 pro-

429 3401 507 3454 δέ’
536 3421 555 3453 ι
594 3400 886 3472 Ἀθετήσας
915 3418 997 3464 τις
1028 3400 1190 3471 νόμον
1244 3401 1544 3465 Μωῦσέως,
1589 3401 1752 3472 χωρὶς
1795 3403 2004 3472 οίκτιρ-

435 3491 548 3562 μῶν
583 3493 674 3545 ἐπὶ
705 3493 854 3545 δυσὶν
894 3491 926 3563 ἢ
966 3493 1112 3563 τρισὶ
1155 3492 1418 3561 μάρτυσιν
1459 3491 2000 3563 ἀποθνήσκεισπόσῳ,

429 3583 595 3646 δοκεῖ,
612 3585 696 3646 τὶς
727 3583 967 3654 χείρονος
997 3582 1356 3652 ἀξιωθήσεται
1384 3583 1676 3654 τιμωρίας.
1705 3585 1734 3635 ό
1754 3583 1844 3635 τὸν
1876 3583 2002 3636 Υἱὺν

430 3673 524 3727 τοῦ
559 3673 694 3727 Θεοῦ
753 3675 1162 3744 καταπατήσας.
1219 3673 1316 3726 καὶ
1348 3674 1408 3726 τὸ
1444 3670 1581 3745 αἷμα
1606 3675 1702 3744 τῆς
1730 3672 2002 3742 Διαθήκης

432 3765 609 3817 κοινὸν
663 3763 1024 3836 ἡγησάμενος.
1062 3764 1120 3815 ὲν
1144 3755 1188 3830 ᾧ
1243 3761 1506 3834 ἡγιάσθη,
1546 3761 1726 3816 καὶτὸ
1780 3760 2004 3832 Πνεῦμα

431 3856 530 3923 τῆς
578 3856 797 3926 χάριτος
854 3853 1172 3924 ὲνυὸρίσας;
1218 3873 1236 3905 ι
1283 3852 1548 3920 Ἐφεσίοις
1596 3852 1671 3906 δέ’
1709 3872 1725 3903 ι
1773 3851 1864 3922 Μὴ
1909 3852 2002 3904 λυ-

436 3950 586 4001 πεῖτε
606 3947 666 3999 τὸ
689 3947 914 4016 Πνεῦμα
947 3945 1006 3998 τὸ
1060 3946 1211 4013 ἆγιον
1243 3945 1335 3998 τοῦ
1379 3944 1534 4007 Θεοῦ,
1567 3946 1625 3997 ὲν
1659 3938 1703 4012 ᾧ
1741 3943 2003 4015 ἐσφραγίο

439 4041 598 4110 σθητε
632 4040 709 4100 είς
741 4037 951 4108 ἡμέραν
993 4037 1440 4107 ἀπολυτρώσεως.
1469 4045 1498 4086 5
1532 4037 1690 4089 Καὶὸ
1727 4035 2004 4104 Δεσπότης

433 4133 487 4186 δὲ
522 4134 579 4184 ὲν
596 4131 877 4202 Ματθαίῳ,
924 4128 1002 4199 τῷ
1048 4129 1228 4182 ἁλόντι
1255 4128 1347 4182 ἐπὶ
1380 4127 1696 4198 βλασφημίᾳ
1722 4125 1816 4179 τοῦ
1847 4126 2002 4194 ἁγίου

437 4225 769 4294 Πνεῦματος,
800 4222 875 4285 ὼς
916 4220 1292 4289 ἁναπολόγητα
1346 4219 1654 4283 πταίσαντι,
1686 4216 2004 4287 παρατείνει

432 4316 533 4386 τὴν
561 4315 805 4379 κόλασιν,
825 4313 923 4382 οὐχ
953 4311 1059 4375 ἓως
1099 4311 1194 4364 τοῦ
1220 4311 1483 4382 παρόντος
1514 4309 1726 4373 αἰῶνος,
1760 4308 2005 4362 ἀλλὰκαὶ

435 4408 527 4463 τοῦ
563 4407 858 4478 μέλλοντος·
892 4407 978 4459 ἵνα
1013 4405 1212 4475 σφόδρα
1239 4402 1631 4474 φυλαττώμεθα
1674 4403 1884 4455 τοιοῦτο
1909 4421 2007 4473 μη-

435 4494 493 4552 δὲ
523 4498 662 4551 κατὰ
703 4498 921 4565 ἄγνοιαν
949 4495 1286 4565 ἁμαρτῆσαι,
1339 4492 1532 4560 λέγων’
1576 4510 1594 4544 ι
1637 4492 1792 4544 Πᾶσα
1827 4491 2005 4562 ἁμαρ-

435 4589 527 4644 τία
578 4589 670 4642 καὶ
709 4586 1025 4658 βλασφημία
1067 4585 1404 4655 ἀφεθήσεται
1440 4585 1550 4647 τοῖς
1601 4581 1930 4650 ἀνθρώποις,
1971 4583 2003 4652 ἡ

2103 3403 2273 3473 priam
2303 3400 2684 3454 conscientiam
2704 3415 2752 3462 ς»
2788 3400 2854 3452 ad
2884 3399 3134 3454 Hebrzeos
3159 3409 3334 3455 autem
3363 3415 3378 3454 :
3414 3420 3433 3452 ι
3456 3399 3673 3457 Praeva-

2105 3496 2307 3548 ricatus
2326 3491 2437 3561 (90)
2471 3491 2594 3558 quis
2624 3490 2793 3560 legem
2839 3489 3058 3560 Moysis,
3093 3491 3208 3544 sine
3235 3492 3582 3546 miseratione
3619 3497 3674 3548 lu

2104 3588 2310 3639 duobus
2341 3594 2432 3636 aut
2459 3583 2631 3636 tribus
2667 3582 2892 3636 testibus
2917 3582 3146 3635 moritur
3179 3595 3195 3634 :
3229 3593 3433 3650 quanto
3463 3585 3673 3639 videtur

2103 3680 2224 3749 quis
2247 3678 2358 3747 (9|)
2395 3676 2660 3730 deteriora
2697 3674 2891 3729 mereri
2919 3674 3206 3743 supplicia,
3237 3675 3328 3743 qui
3357 3673 3548 3729 Filium
3581 3677 3673 3732 Dei

2104 3767 2524 3831 conculcaverit,
2569 3775 2626 3820 et
2675 3764 2991 3834 sanguinem
3050 3765 3383 3820 Testamenti
3417 3767 3673 3835 pollutum

2105 3859 2337 3922 duxerit,
2385 3857 2436 3911 in
2483 3871 2592 3926 quo
2619 3855 2990 3912 sanctiﬁcatus
3011 3864 3114 3920 est,
3151 3865 3206 3910 et
3237 3855 3459 3924 Spiritui
3489 3859 3673 3926 gratia:

2104 3948 2482 4002 contumeliam
2511 3946 2734 4001 fecerit?
2757 3966 2776 3998 ι
2805 3957 2857 4000 ει
2892 3946 2956 3999 ad
2987 3946 3242 4014 Ephesios
3268 3965 3280 4001 :
3318 3965 3337 4000 ι
3364 3945 3541 4004 Nolite
3559 3948 3671 4020 (92)

2104 4041 2427 4095 contristare
2457 4038 2715 4107 Spiritum
2751 4048 2997 4091 sanctum
3032 4037 3148 4099 Dei,
3172 4037 3224 4090 in
3253 4052 3360 4106 quo
3399 4039 3671 4108 obsignati

2102 4131 2235 4186 estis
2277 4131 2328 4184 in
2372 4129 2512 4184 diem
2563 4128 2963 4196 redemptionis.
3003 4146 3021 4178 ι
3055 4127 3311 4182 Dominus
3358 4143 3486 4182 vero
3530 4133 3669 4200 apud

2105 4223 2412 4279 Matthaeum
2466 4221 2539 4285 ei,
2586 4222 2676 4289 qui
2724 4219 2776 4272 in
2810 4218 3140 4288 blaSphemia
3183 4229 3372 4274 contra
3410 4219 3670 4288 Spiritum

2103 4323 2351 4368 sanctum
2379 4313 2744 4382 deprehensus
2778 4309 2972 4374 fuerat,
2999 4319 3181 4379 utpote
3225 4311 3377 4378 cujus
3420 4312 3670 4376 delictum

2105 4405 2446 4458 excusatione
2472 4411 2704 4468 careret,
2735 4401 3066 4470 punitionem
3106 4401 3352 4468 producit
3380 4417 3484 4456 non
3515 4403 3671 4458 modo

2107 4509 2276 4562 usque
2311 4493 2376 4547 ad
2408 4508 2644 4562 prmseus
2682 4492 2958 4557 stecnlum,
2989 4492 3081 4545 sed
3114 4493 3276 4547 etiam
3309 4506 3476 4562 usque
3506 4494 3572 4547 ad
3599 4493 3661 4548 ln-

2108 4596 2325 4652 turum;
2365 4594 2422 4638 ut
2459 4585 2742 4654 diligenter
2763 4598 3068 4648 caveamus,
3089 4600 3155 4637 ne
3185 4585 3236 4636 in
3266 4583 3367 4638 hoc
3391 4593 3669 4652 peccatum

435 4683 492 4736 δὲ
520 4683 599 4744 είς
633 4681 693 4734 τὸ
720 4679 941 4750 Πνεῦμα
970 4677 1283 4749 βλασφημία
1315 4677 1415 4728 οὐκ
1443 4675 1774 4744 ἀφεθήσεται
1801 4675 2001 4736 αὐτοῖς’

2111 4692 2176 4732 ηε
2227 4692 2321 4746 per
2361 4676 2712 4745 ignorantiam
2744 4675 2853 4744 (93)
2904 4673 3118 4742 quidem
3166 4673 3540 4742 prolabamur;
3595 4678 3668 4728 ait

513 4792 984 4866 (8§)_Maledictn§.
1029 4787 1196 4866 Gen._
1228 4803 1307 4866 ts.
1339 4786 1428 4866 ἓξ.
1501 4785 1766 4866 Cpmplut.
1828 4787 1994 4866 editio

2106 4787 2311 4840 ἔσονται
2369 4787 2694 4866 ἐμπαῖκται.
2742 4784 2846 4864 sed
2879 4784 3046 4866 codex
3081 4782 3493 4866 Akxandrintts,
3520 4786 3667 4866 circa

438 4856 535 4933 pro
567 4856 715 4931 Χὰμ,
749 4877 838 4915 seu
871 4881 893 4933 γι
919 4860 1154 4933 ΟΙιιιιιιηι
1184 4859 1347 4933 habet
1379 4856 1620 4933 Χαναάν,
1677 4871 1822 4933 sett_¢
1849 4857 1993 4909 (Ilia-

441 4925 599 4990 itaau.
626 4925 732 4984 {ut
783 4932 972 4996 legitur
1016 4929 1067 4980 in
1115 4927 1382 4996 llehraico
1409 4927 1722 4994 exetnplari.
1758 4925 1994 4996 Franco-

439 5005 701 5056 fnrtensis
731 4994 858 5054 vero
879 4999 1040 5052 habet
1067 4998 1215 5067 Χάμ,
1244 5008 1301 5049 ιιι
1344 4995 1619 5064 Didymus.
1649 4995 1724 5067 Ac
1756 5010 1851 5067 pro
1875 4994 1997 5067 δου-

437 5073 640 5132 Ῑεὺσει,
696 5072 746 5123 id
805 5079 907 5130 est,
956 5064 1270 5128 «serviens
1320 5077 1549 5131 utraque
1599 5066 1764 5118 editio
1817 5064 1997 5127 habet.

448 5161 566 5206 καις
595 5142 810 5210 οἰκέτης
840 5137 1099 5210 ἕσταιπὶιὶ
1129 5146 1232 5198 est,
1266 5155 1284 5186 ι
1315 5151 1444 5210 puer
1467 5149 1660 5210 servus
1685 5134 1806 5187 erit.
1840 5151 1858 5184 ι

515 5203 644 5294 (85“)
683 5203 790 5294 [Vrec
814 5205 1405 5294 enimzlAct.‘vm,n2'l,
1430 5205 1517 5294 ubi
1568 5204 1859 5294 Simonem!
1889 5203 2000 5294 Ma:

439 5273 561 5350 gum
598 5273 675 5336 sic
715 5282 900 5333 l’etrus
934 5276 1407 5350 alltitlttitttr_;_00x
1448 5273 1561 5325 ἔστι
1609 5289 1692 5324 σοι
1734 5273 1914 5342 μερίς,
1946 5284 2003 5326 et

445 5345 672 5421 reliqua,
696 5351 748 5404 id
775 5360 877 5412 est,
915 5367 934 5396 ‹
959 5355 1166 5400 nonest
1203 5345 1300 5399 tibi
1331 5359 1476 5413 pars,
1497 5362 1516 5393 ι
1541 5355 1594 5398 ει
1614 5359 1733 5411 qua:
1768 5359 2004 5410 sequun-

443 5432 493 5477 ιιι
504 5441 547 5476 ι’.

518 5492 626 5562 (86)
660 5490 913 5556 Spiritum
941 5504 1042 5562 non
1068 5495 1438 5562 eognoverttnt.
1471 5481 1828 5562 pSttl.'l_.x-’¥a:l,
1859 5497 2002 5534 vers.

440 5560 494 5614 5.
524 5551 640 5614 ’νυκ
679 5551 877 5618 tamen,
915 5551 1234 5624 «Spiritum,
1259 5575 1278 5608 ι
1326 5556 1475 5609 deest
1525 5557 1575 5606 in
1627 5551 1816 5604 Btbltis
1880 5567 2002 5605 cum

439 5630 663 5689 Gra‘eis,
698 5641 807 5679 tum
843 5628 1064 5681 Latinis.

516 5699 624 5772 (87)
667 5698 730 5750 In
759 5697 1058 5772 novissimi).
1114 5693 1258 5772 Non_
1290 5693 1684 5772 :loanttis_h_:ec
1717 5697 1880 5772 .sunt,
1913 5689 2006 5772 sed

441 5758 590 5826 Indae
606 5758 817 5825 vers.18
829 5777 880 5820 et
901 5767 1030 5820 l9.G
1043 5782 1179 5821 rauca
1197 5764 1451 5819 ed.habct
1473 5782 1485 5816 :
1504 5763 1590 5816 Ἐν
1604 5760 1814 5832 ἐσχάτῳ
1829 5758 2005 5830 χρόνῳ

2105 4866 2344 4924 tempora
2375 4855 2797 4909 conciliiNicaeni
2817 4855 2970 4922 primi
2989 4863 3264 4918 exaratus,
3295 4865 3351 4906 ut
3369 4855 3530 4924 aliqui
3557 4858 3663 4924 opi-

2104 4939 2328 4989 nantur,
2362 4936 2450 4976 aut
2486 4935 2634 4978 certe
2666 4925 3084 4994 vetustissimus.
3121 4925 3301 4994 habet
3339 4941 3458 4979 eam
3496 4925 3668 4994 ipsam
3707 4969 3712 4972 .

2107 4997 2413 5056 lectionem,
2445 5010 2608 5061 quam
2651 4994 2736 5046 hic
2769 4995 3012 5062 sequitur
3037 4991 3313 5062 Didymus.

2181 5063 2288 5134 (88)
2327 5062 2431 5128 Qui
2478 5073 2744 5132 separant.
2795 5061 2966 5117 Biblia
3007 5061 3094 5116 hic
3138 5061 3362 5128 addunt,
3415 5063 3665 5129 ἑαυτούς,

2104 5136 2154 5190 id
2187 5145 2288 5190 est.
2326 5152 2344 5183 ι
2365 5137 2700 5202 semetipsos.
2726 5150 2744 5182 ι

2201 5202 2288 5271 89)
2324 5199 2575 5271 Spiritus;
2608 5202 2623 5254 I
2653 5203 2720 5254 ad
2749 5199 2887 5271 Tim.
2917 5217 2992 5264 IV,
3026 5215 3044 5255 t
3083 5216 3136 5260 et
3165 5207 3220 5260 2.

2201 5205 2288 5271 89)
2324 5205 2572 5269 Spiritus.
2608 5205 2623 5254 I
2653 5205 2720 5254 ad
2749 5205 2887 5253 Tim.
2917 5217 2992 5264 tv,
3026 5215 3044 5255 ι
3083 5216 3136 5260 ει
3165 5207 3220 5260 2.

2179 5205 2293 5406 ί9ιι)
2323 5270 2731 5349 Ρνίευιιι-ἑεαιιιε.
2764 5270 2924 5323 Hebr.
2949 5287 3004 5335 χ,
3031 5274 3100 5328 ‘28
3128 5286 3183 5330 et
3205 5273 3294 5329 29.

2183 5345 2262 5406 (9|
2337 5340 2551 5394 Videtur
2578 5357 2716 5406 quis.
2738 5340 2920 5394 Graeca
2943 5343 3108 5398 editio
3138 5362 3232 5406 pro
3261 5344 3294 5397 δ

2183 5340 2293 5414 (91)
2337 5340 2551 5414 Videtur
2578 5345 2716 5410 quis.
2738 5340 2920 5414 Graeca
2943 5343 3108 5398 editio
3137 5362 3232 5414 pro
3261 5344 3408 5399 δοκεῖ
3437 5363 3540 5410 τις,
3573 5347 3670 5402 ha-

2110 5411 2200 5469 bet
2225 5413 2450 5471 δοκεῖτε,
2483 5412 2532 5462 id
2559 5421 2659 5472 est,
2693 5427 2710 5459 ι
2733 5411 2952 5478 putatis.
2978 5430 2997 5463 ι

2182 5481 2294 5550 (92)
2334 5482 2532 5550 Nolite.
2558 5481 2755 5549 Ephes.
2793 5493 2866 5541 tv,
2896 5479 2996 5550 59.

2187 5483 2296 5618 (92)
2334 5483 2532 5534 Nolite.
2558 5483 2755 5549 Ephes.
2793 5493 2866 5541 tv,
2907 5483 2996 5534 50.

2187 5553 2275 5623 (93
2334 5549 2436 5602 Per
2453 5550 2838 5623 ignorantiam.
2863 5548 3090 5623 ΔΑίᾘιιὶςι,
3120 5552 3229 5608 imo
3265 5555 3418 5619 plane
3454 5553 3667 5619 gemina

2110 5617 2409 5676 dictaverat
2453 5617 2712 5688 Didymus
2761 5619 2912 5673 initio
2955 5620 3074 5674 libri
3125 5623 3199 5676 De
3232 5617 3434 5689 Spiritu
3457 5617 3666 5687 sancto,

2111 5693 2198 5746 ubi
2239 5692 2351 5744 Ιιωε
2378 5690 2604 5760 legimus
2635 5707 2647 5740 :
2690 5707 2708 5739 ι
2735 5689 3037 5760 Praesertim
3083 5707 3204 5745 cum
3251 5690 3580 5760 blasphemia
3614 5693 3698 5744 in-

2110 5776 2232 5818 cum
2265 5761 2379 5816 sine
2410 5759 2559 5813 venia
2606 5761 2699 5825 sit,
2736 5759 2809 5814 ita
2842 5767 2898 5814 ut
2921 5759 3340 5830 blaspbetnantis
3369 5759 3524 5832 pinna
3553 5769 3670 5817 teu-
