4056 6428
387 420 488 477 761

1722 28 3573 56 ______________________________________

1425 421 1515 477 DE
1554 420 1936 476 TRINITATE
1975 419 2183 477 LIBER
2223 417 2605 475 SECUNDUS.

3561 411 3671 470 763

382 530 484 586 κδν
508 532 539 584 ὁ
590 530 865 603 ἐπάρατος
889 532 1220 604 Πορφύριος,
1280 532 1376 587 καὶ
1408 534 1548 603 πρὸς
1581 532 1682 604 τὴν
1719 532 1976 587 τελεωτά-

2088 540 2275 604 utpote
2325 532 2644 587 interiorem
2699 530 2896 587 mentis
2942 528 3203 586 visionem
3249 527 3523 585 turbatam
3567 528 3669 585 ba-

379 639 486 695 την
520 621 798 677 ἀδυνατῶν
863 622 1162 692 θεολογίαν,
1223 622 1318 678 ἅτε
1374 625 1512 697 μήτε
1546 624 1666 679 κατ’
1707 623 1980 696 ἐπιθυμη-

382 715 546 783 τικὴν
571 712 700 785 [HO
736 712 787 785 ὁ]
818 713 912 767 καὶ
940 713 1188 786 τροιτικὴν
1221 714 1387 770 αὑτοῦ
1423 714 1622 788 ὁρμὴν,
1656 716 1755 776 τὴν
1778 715 1982 787 παροῦ-

385 820 488 857 σαν
516 800 837 872 ποιούμενος
874 801 1158 874 ἐξήγησιν,
1189 804 1451 877 ἀμυδρῶς
1482 803 1544 858 τὸ
1571 805 1629 858 ἓν
1664 805 1758 858 καὶ
1783 823 1982 859 σωστι-

383 893 487 948 κὺν
511 892 666 961 ἅγιον
702 893 929 964 Πνεῦμα
961 893 1055 948 τοῦ
1113 894 1250 949 Θεοῦ
1285 894 1465 967 ψυχὴν
1497 897 1940 970 προσηγόρευσεν
1963 914 1977 929 ο

384 986 448 1039 ού
485 984 585 1056 τὴν
621 982 910 1057 ἀνθρώπου
962 985 1019 1039 δὲ
1047 987 1220 1057 ὅμως,
1255 987 1393 1042 ἀλλά
1419 989 1519 1059 τὴν
1558 988 1638 1061 τῷ
1671 992 1835 1043 παντὶ
1866 989 1981 1044 δια-

386 1077 783 1145 πεφοιτηκυῖαν
809 1074 1020 1147 κόσμῳ.
1057 1075 1245 1148 Ἔχεις
1306 1071 1399 1132 οὖν
1429 1079 1522 1132 καὶ
1567 1080 1695 1143 τοὺς
1736 1079 1847 1133 τῶν
1877 1079 1983 1147 ἔξω

391 1171 585 1241 σοφοὺς
611 1169 1046 1241 μαρτυροῦντας,
1080 1171 1156 1235 ὡς
1180 1173 1235 1226 αἱ
1261 1175 1412 1244 τρεῖς
1437 1172 1705 1246 μακάριαι
1741 1173 1980 1228 ὑποστά-

394 1279 506 1326 σεις
529 1262 587 1315 ὲν
620 1263 722 1335 μιᾷ
773 1261 1006 1335 θεότητι,
1048 1264 1143 1318 καὶ¹
1166 1263 1268 1318 ούκ
1293 1263 1482 1319 ἄλλοτε
1517 1266 1613 1320 καὶ
1649 1265 1838 1320 ἄλλοτε
1894 1266 1981 1331 ἐξ·

388 1354 667 1426 εφάνησαν
685 1372 700 1385 ·
741 1354 857 1410 ἀλλ’
878 1356 968 1409 ὅτε
1002 1355 1274 1429 ἡπρώτη,
1308 1357 1431 1411 τότε
1455 1359 1552 1412 σὺν
1580 1360 1718 1431 αὐτῇ
1748 1358 1863 1431 ἅμα
1885 1359 1981 1414 καὶ

386 1446 447 1511 ἐξ
467 1447 639 1519 αὐτῆς
665 1448 762 1503 καὶ
791 1449 825 1520 ἡ
880 1448 1013 1519 ἄλλη
1046 1449 1142 1503 καὶ
1178 1451 1212 1520 ὴ
1248 1451 1410 1522 ἑτέρα
1465 1450 1773 1518 συναῖδίως,
1819 1451 1896 1514 ὼς
1920 1450 1982 1504 τὸ

386 1539 730 1611 ἀπαύγασμα
754 1540 832 1612 τῷ
864 1541 1015 1613 πυρί.
1045 1541 1266 1597 Κείσθω
1301 1542 1361 1597 δέ
1388 1560 1441 1597 τι
1469 1542 1612 1597 κατὰ
1640 1543 1868 1614 φυσικὸν
1893 1544 1983 1598 λό-

385 1650 483 1702 γον
512 1635 608 1689 καὶ
631 1636 695 1689 ἐκ
726 1634 835 1688 τῶν
882 1635 1169 1707 ἡμετέρων
1203 1635 1514 1709 μαρτυροῦν
1540 1639 1606 1708 τῇ
1638 1638 1860 1709 ἀνάρχῳ
1887 1639 1983 1691 ὲκ-

384 1724 666 1795 πορεύσει,
729 1726 825 1780 καὶ
886 1729 953 1798 τῇ
988 1726 1126 1799 πρὸς
1175 1726 1268 1780 τὸν
1311 1728 1571 1799 μονογενῆ
1626 1727 1761 1782 Θεὸν
1809 1728 1982 1797 Λόγον

384 1817 766 1888 όμοουσιότητι
811 1818 908 1871 τοῦ
944 1817 1126 1873 θεῖκοῦ
1180 1819 1300 1884 ἑνὸς
1334 1819 1671 1891 Πνεύματος.
1702 1820 1890 1875 Ἔστιν
1922 1819 1981 1875 δὲ

2085 622 2242 690 bens,
2281 631 2337 677 et
2383 622 2589 689 laesam,
2631 635 2805 691 neque
2853 623 2922 677 ad
2972 620 3427 693 perfectissimam
3458 619 3670 673 theolo-

2084 715 2228 786 giam
2276 716 2563 785 pervenire
2605 712 2811 778 valens,
2845 713 3043 784 quippe
3073 726 3193 782 qua:
3238 709 3672 782 concupiscibili,

2084 815 2141 862 et
2172 821 2408 862 venereo
2432 805 2574 860 illius
2599 806 2860 877 appetitui
2891 814 3254 861 consentanea
3280 818 3385 860 non
3412 811 3519 868 est,
3543 802 3671 856 dum

2085 907 2413 968 praesentem
2442 898 2695 968 proponit
2735 897 3179 967 explicationem,
3208 896 3443 952 obscure
3482 909 3669 956 unum,

2085 1001 2145 1046 et
2174 988 2515 1047 salutifernm
2546 989 2810 1059 Spiritum
2835 988 2930 1044 Dei
2961 980 3211 1042 sanctum
3249 985 3526 1051 indicavit,
3554 987 3677 1041 ani-

2086 1098 2231 1137 mam
2275 1097 2401 1137 eum
2437 1082 2765 1148 nominans;
2800 1096 2908 1136 non
2946 1080 3182 1136 hominis
3212 1088 3393 1135 tamen
3434 1078 3673 1134 animam

2086 1175 2301 1239 dicens,
2332 1173 2426 1228 sed
2461 1172 2725 1237 animam,
2749 1187 2874 1243 quas
2910 1171 3222 1228 universum
3260 1169 3520 1225 mundum
3552 1182 3677 1237 per-

2084 1266 2271 1321 vadat.
2298 1263 2451 1334 lpsos
2474 1278 2605 1335 ergo
2626 1263 2970 1318 ethnicorum
2988 1262 3264 1332 sapientes
3287 1259 3477 1316 testari
3499 1259 3671 1323 vides,

2086 1370 2201 1412 tres
2230 1356 2423 1412 beatas
2463 1356 2787 1427 hypostases
2830 1354 2884 1409 in
2926 1369 3034 1409 una
3074 1355 3300 1419 deitate,
3342 1368 3519 1423 neque
3543 1366 3676 1407 vero

2086 1450 2249 1505 aliam
2281 1449 2441 1515 alias,
2479 1448 2721 1504 eluxisse
2748 1466 2765 1504 :
2792 1447 2889 1503 sed
2918 1446 3137 1518 quando
3164 1447 3362 1518 prima,
3395 1455 3524 1501 tunc
3548 1460 3674 1500 cum

2086 1543 2200 1614 ipsa
2232 1540 2418 1609 simul,
2444 1551 2499 1597 et
2533 1556 2599 1596 ex
2630 1541 2772 1611 ipsa,
2813 1539 2981 1595 etiam
3011 1538 3141 1603 alia,
3167 1549 3220 1593 et
3243 1537 3413 1594 altera
3440 1550 3675 1608 persona

2083 1643 2357 1689 coaeterne
2396 1632 2626 1694 exstitit,
2673 1632 2819 1686 sicut
2862 1629 3119 1700 splendor
3156 1642 3371 1684 coaevus
3413 1636 3498 1683 est
3536 1626 3672 1696 igni.

2087 1726 2195 1782 Sed
2232 1724 2438 1793 aliquid
2475 1724 2640 1780 etiam
2670 1723 2738 1778 de
2781 1732 2974 1777 nostro
3009 1720 3304 1776 all‘eramus
3339 1735 3406 1775 ex
3436 1719 3673 1775 naturali

2087 1819 2298 1873 ratione
2326 1817 2638 1879 deductum,
2670 1815 2815 1886 quod
2853 1824 3116 1870 aeternam
3146 1815 3308 1870 unius
3340 1813 3511 1869 divini
3550 1811 3677 1883 Spi-

381 1887 544 1960 τοῦτο
563 1922 580 1939 ’
610 1887 785 1974 Λόγος
834 1905 897 1959 ού
922 1907 1202 1974 γεννᾶται,
1242 1906 1276 1977 ἢ
1318 1887 1655 1976 ἐκφαίνεται,
1690 1908 1766 1981 μὴ
1787 1925 1976 1981 συνορ-

2085 1902 2221 1958 ritus
2243 1900 2674 1970 processionem,
2690 1900 2918 1970 ejusque
2932 1914 3055 1953 cum
3075 1898 3351 1970 unigenito
3367 1896 3478 1953 Deo
3497 1897 3676 1953 Verbo

386 1994 599 2068 μῶντος
623 1996 718 2050 καὶ
747 1997 1266 2069 συμπροερχομένου
1298 1998 1416 2069 ἅμα
1449 2000 1598 2071 αύτῷ
1633 2000 1976 2073 Πνεύματος.

383 2085 581 2140 Πολλοὶ
603 2086 660 2139 δὲ
693 2085 926 2142 τοιοῦτοι
967 2086 1027 2152 ἐξ
1067 2088 1399 2159 Ἑλληνικῶν
1452 2088 1651 2160 βίϐλων
1678 2090 1848 2161 λόγοι,
1884 2092 1980 2147 καὶ

381 2177 486 2233 οὐκ
509 2176 803 2248 ἀπόϐλητοι
824 2193 839 2207 ·
892 2176 1011 2231 ἀλλ’
1062 2179 1143 2232 ἔτι
1197 2177 1307 2234 τῶν
1352 2180 1867 2253 ἀπογεγραμμένων
1892 2184 1974 2237 ἒν-

379 2268 557 2324 ταῦΘα
584 2269 985 2342 συμφυέστεροι
1013 2270 1109 2325 καὶ
1139 2272 1401 2345 ίδιώτεροι
1440 2273 1532 2328 ἐπὶ
1592 2273 1753 2327 πλέον
1786 2273 1974 2328 εἰσαῦ-

379 2360 488 2423 θις,
512 2360 606 2415 ἐὰν
626 2360 705 2431 τῷ
720 2359 839 2431 Θεῷ
859 2361 1013 2432 δοκῇ,
1037 2363 1118 2424 είς
1143 2363 1307 2431 μέσον
1328 2363 1818 2434 προενεχθήσονται
1839 2364 1977 2434 πρὸς

379 2453 557 2526 ήμῶν.
590 2453 731 2523 Ἐγὼ
759 2455 873 2526 γὰρ
898 2456 994 2510 καὶ
1054 2457 1105 2509 οἱ
1136 2455 1283 2526 ἐμοὶ,
1312 2456 1387 2521 ὡς
1434 2458 1614 2512 ἴσασιν
1667 2460 1716 2512 οἱ
1753 2459 1975 2532 μνήμης

383 2560 475 2614 μοι
505 2544 606 2614 τῆς
638 2545 769 2615 περὶ
793 2544 892 2616 τὴν
920 2545 1159 2617 ἄναρχον
1185 2546 1281 2599 καὶ
1307 2547 1394 2600 ἀεὶ
1417 2547 1680 2612 ὡσαύτως
1709 2548 1801 2602 καὶ
1829 2548 1974 2603 κατά

378 2635 555 2690 ταυτά
585 2636 816 2707 ἔχουσαν
863 2638 1147 2709 μακαρίαν
1177 2638 1408 2711 Τριάδα,
1448 2640 1552 2710 τῆς
1588 2639 1838 2712 διδούσης
1882 2640 1971 2695 ἀεὶ

386 2729 562 2793 καλὰ,
600 2730 703 2784 οὐκ
745 2730 1162 2803 ἀφαιρουμένης
1206 2731 1283 2797 δὲ,
1335 2732 1444 2786 οὐδ’
1485 2732 1873 2807 ὀνειδιξούσης,
1909 2735 1967 2788 ὲν

386 2823 509 2886 ταῖς
547 2823 678 2892 παρ’
714 2823 933 2894 ἡμέραν
974 2821 1204 2887 ταύταις
1249 2824 1565 2889 συνουσίαις
1608 2828 1976 2896 κοινωνήσαν-

384 2937 501 3011 bzec
554 2936 815 3011 Didymus
860 2939 1114 2994 dictaret.
1168 2937 1504 3011 Theodosius
1555 2941 1702 2994 enim
1749 2942 1974 3011 Magnus

387 3008 685 3079 imperator
706 3009 824 3073 ejus
849 3011 1051 3078 scripta
1083 3011 1203 3079 igne
1225 3009 1427 3064 aboleri
1447 3012 1703 3076 jusserat.

462 3078 574 3149 (45)
613 3076 979 3153 Ρνορηνεηιιινζ
1019 3076 1170 3146 Quod
1202 3081 1291 3134 hic
1320 3081 1624 3150 pollicetur,
1665 3092 1885 3153 praestat
1914 3084 1979 3136 li-

390 3147 490 3202 bro
522 3147 855 3217 tertin,’cap.
895 3149 929 3202 2
950 3159 1004 3204 et
1030 3168 1180 3218 seqq.

2080 1991 2708 2047 consubstantialitatem
2757 1989 3068 2045 confirmet.
3112 1988 3210 2045 Est
3262 1997 3443 2044 autem
3485 1986 3676 2058 hujus-

2082 2086 2251 2141 modi.
2275 2084 2469 2141 Sermo
2491 2101 2595 2141 non
2622 2092 2939 2156 generatur,
2961 2092 3055 2140 aut
3075 2096 3182 2138 non
3205 2080 3450 2149 ell'ertur,
3477 2080 3581 2137 nisi
3604 2081 3678 2137 si-

2082 2178 2194 2233 mul
2224 2194 2348 2234 cum
2375 2179 2491 2249 ipso
2511 2177 2748 2247 Spiritus
2768 2186 2948 2245 exeat,
2968 2176 3314 2248 etprocedat.
3333 2174 3524 2231 Plures
3545 2188 3674 2229 vero

2080 2271 2204 2326 alite
2247 2270 2559 2340 hujnsmodi
2615 2269 2879 2334 rationes,
2918 2283 2984 2324 ac
3027 2267 3312 2334 doctrinae,
3343 2282 3529 2338 eanue
3567 2282 3673 2321 non

2085 2361 2478 2432 improbandae,
2502 2360 2632 2429 quin
2669 2358 2841 2413 multo
2861 2358 3039 2414 adhuc
3068 2357 3241 2429 magis
3263 2358 3329 2411 ad
3362 2372 3475 2413 rem
3507 2355 3674 2426 perti-

2079 2464 2303 2518 nentes,
2332 2452 2614 2523 magisque
2639 2452 2894 2521 propriae,
2923 2464 3088 2521 quam
3119 2465 3242 2520 quae
3275 2450 3364 2506 hic
3390 2450 3676 2518 exscripta:

2077 2554 2226 2610 sunt,
2280 2559 2491 2609 rursus,
2537 2545 2581 2598 si
2635 2543 2747 2599 Deo
2792 2545 2965 2600 visum
3010 2542 3197 2609 fuerit,
3250 2557 3315 2597 ex
3362 2541 3674 2598 Grecorum

2076 2638 2232 2695 libris
2271 2637 2322 2692 in
2360 2636 2596 2691 medium
2627 2652 2658 2690 a
2698 2636 2858 2692 nobis
2894 2632 3393 2706 proferenturﬂb’).
3434 2631 3501 2688 Ut
3527 2632 3673 2687 enim

2083 2729 2387 2800 uoruutqui
2414 2729 2468 2783 in
2486 2727 2986 2785 liiscealternorum
3009 2727 3217 2782 dierum
3238 2725 3352 2797 (46)
3370 2723 3676 2795 congressi-

2080 2821 2183 2878 bus
2217 2820 2329 2894 (47)
2358 2819 2521 2893 305
2551 2834 2895 2876 communem
2928 2833 3140 2875 mecum
3175 2818 3483 2873 habuerunt
3523 2831 3675 2872 com-

2084 2940 2335 3009 leguutur
2361 2953 2535 2993 sacrae
2566 2937 2884 3009 Scriptura,
2934 2949 3138 3009 easque
3204 2937 3453 3009 doctores
3499 2937 3672 3009 inter-

2085 3006 2385 3079 pretantur;
2408 3017 2462 3063 et
2479 3019 2672 3063 cuncta
2699 3008 2854 3079 liuut,
2887 3008 3087 3079 quaead
3104 3006 3352 3077 synaxim
3370 3007 3672 3079 pertinent,

2086 3076 2326 3150 excepta
2354 3078 2737 3150 mysteriorum
2771 3076 3157 3131 celebratione.
3198 3081 3373 3150 Atque
3423 3076 3509 3130 hic
3556 3092 3674 3150 nios

2009 3155 2053 3215 ς
2087 3145 2470 3204 Alexandrina:
2500 3148 2757 3203 Ecclesiae
2802 3154 3048 3201 vetustus
3102 3157 3206 3200 est.
3251 3145 3477 3200 Constat
3527 3148 3671 3199 enim

460 3218 573 3289 (46)
613 3215 969 3294 Alternorum
1004 3215 1229 3275 dierum.
1272 3220 1517 3276 Perbelle
1555 3222 1668 3276 hare
1703 3222 1754 3277 in
1819 3223 1985 3294 Didy-
2089 3219 2500 3294 Urigenem_his
2527 3229 2592 3294 ut
2628 3218 2918 3294 plurimum
2956 3217 3148 3272 diebus
3197 3215 3669 3294 inuecclesiando-

388 3304 534 3343 mum
561 3291 828 3356 quadrant
888 3309 903 3344 :
945 3290 1236 3344 Auctorem
1291 3294 1434 3345 enim
1476 3295 1719 3347 indicant
1749 3305 1803 3348 et
1853 3290 1982 3347 Ale-

387 3360 731 3420 xandrinum,
783 3370 838 3414 et
884 3360 1267 3415 Alexandrina:
1317 3363 1566 3416 Ecclesia:
1629 3365 1980 3418 catechistam

387 3439 548 3497 atque
598 3430 897 3484 doctorem.
953 3431 1088 3485 Nam
1149 3435 1617 3497 C(ilth'CsSIlSiSli,
1659 3435 1775 3488 sive
1801 3436 1982 3489 eccle-

386 3499 590 3554 siastici
619 3511 919 3555 conventus
947 3502 1171 3555 alternis
1202 3504 1393 3556 diebus
1439 3505 1780 3559 Alexandria:
1816 3506 1982 3557 habe-

386 3569 608 3633 bantur,
640 3585 835 3638 nempe
862 3569 996 3625 feria
1033 3582 1251 3638 quarta,
1292 3573 1424 3627 feria
1462 3582 1636 3636 sexta,
1668 3591 1732 3628 ac
1765 3575 1853 3628 die
1883 3574 1983 3629 Do-

388 3638 591 3693 minico
638 3657 664 3711 7:
700 3638 938 3695 Sabbato
986 3650 1165 3711 autem
1234 3658 1338 3696 non
1394 3644 1748 3697 habebantur.
1809 3646 1980 3711 Quem

387 3724 595 3786 morem
630 3710 984 3786 Epiphanius,
1024 3708 1322 3786 Salamina;
1360 3713 1413 3766 in
1450 3715 1629 3786 Cypro
1654 3715 1793 3768 haud
1823 3708 1982 3785 longe

387 3782 457 3854 a_b
492 3779 983 3854 Alexandrinorum
1023 3782 1248 3854 civitate
1293 3779 1629 3854 degens..-“
1667 3779 1981 3854 apostolicis

389 3848 597 3925 derivat
652 3852 1007 3925 temporibus,
1024 3868 1161 3925 cum
1194 3852 1246 3906 in
1283 3853 1633 3923 Expositione
1658 3848 1803 3925 fidei,
1829 3872 1977 3910 nunt.

387 3917 478 3992 9.2,
513 3928 645 3992 tom.
672 3921 714 3983 Ι,
746 3935 872 3992 pag,
906 3920 1037 3992 11οέ
1074 3922 1188 3976 haec
1214 3917 1404 3978 scribit
1439 3940 1454 3978 :
1490 3917 1748 3992 Συνάξεις
1778 3926 1837 3981 δὲ
1864 3927 1981 3978 ἐπι-

385 3989 704 4061 τελούμεναι
746 3990 1029 4060 ταχθεῖσαι
1064 3994 1202 4047 εἰσιν
1233 3993 1342 4047 ἀπὸ
1387 3996 1496 4049 τῶν
1527 3989 1860 4061 ἀποστόλων,
1890 4014 1982 4049 τε·

386 4059 566 4138 τ-ράδι,
590 4064 683 4138 ita.)
709 4059 1100 4138 tpoca§6dvtp.
1136 4064 1233 4116 καὶ
1294 4067 1571 4138 Κυριακῇ.
1601 4067 1731 4134 Quae
1758 4059 1983 4121 sic'ver-

392 4130 457 4207 tit
487 4130 803 4207 Petavius;
847 4151 865 4183 ι
893 4130 1059 4207 Sacri
1082 4148 1248 4203 porro
1297 4130 1703 4207 (ξοιίνειιίὶιδξει
1745 4152 1981 4207 synaxes

388 4203 460 4254 ab
503 4203 757 4270 apostolis
791 4202 1051 4257 instituta!
1100 4214 1227 4258 sunt
1277 4205 1361 4259 his
1383 4208 1719 4273 potissimum
1765 4202 1977 4271 diebus,

389 4280 622 4348 q_ttart:t,_
659 4283 922 4343 sciteque
968 4273 1130 4348 feria,
1161 4287 1217 4328 et
1265 4275 1561 4348 Dotninica.
1593 4297 1612 4330 ι
1667 4280 1779 4348 Ego
1802 4288 1979 4330 autem

390 4342 471 4395 sic
499 4344 680 4396 malim
710 4354 927 4399 vertere
958 4361 975 4415 ι
1035 4363 1054 4396 ι
1083 4342 1394 4415 Synnxibus
1425 4360 1604 4402 autem
1640 4342 1982 4403 reiebrandis

387 4421 603 4490 quarta,
633 4423 896 4482 sextaqne
948 4414 1103 4479 feria,
1129 4414 1135 4415 “
1159 4425 1222 4490 et
1267 4417 1569 4485 Dominira,
1599 4420 1713 4490 jam
1748 4418 1873 4472 inde
1910 4420 1981 4473 ab

2086 3291 2285 3346 cuisse.
2323 3308 2341 3341 ι
2378 3284 2661 3354 Legendus
2692 3288 2855 3341 etiam
2887 3287 3223 3342 Sozomenus
3263 3286 3355 3339 lib.
3409 3300 3482 3339 vit
3524 3284 3671 3344 Hist.

2086 3359 2235 3422 eccl..
2275 3374 2393 3427 cap.
2429 3359 2516 3424 19,
2547 3372 2611 3411 ac
2645 3356 2980 3425 Nicephorus
3004 3356 3263 3412 Callistus
3299 3356 3389 3412 lib.
3422 3372 3519 3418 xu,
3547 3373 3670 3422 cap.

2084 3430 2174 3485 54.
2211 3430 2509 3496 Quamdam
2544 3442 2670 3481 vero
2706 3427 2832 3481 huic
2859 3442 2963 3480 non
3008 3427 3323 3481 dissimilem
3377 3437 3669 3481 consuetu-

2086 3503 2265 3554 dinem
2296 3510 2512 3561 octavo,
2551 3504 2606 3551 et
2635 3513 2777 3552 nono
2811 3497 3009 3551 sarculo
3039 3498 3090 3551 in
3118 3497 3465 3553 monasteriis
3488 3499 3672 3551 adhuc

2088 3572 2326 3639 viguisse
2357 3580 2572 3639 constat
2594 3584 2658 3639 ex
2693 3567 2964 3639 Theodori
2998 3568 3225 3639 Studita:
3258 3567 3493 3639 epistola,
3516 3567 3579 3622 10
3603 3570 3671 3620 ad

2086 3636 2363 3711 Nicolaum
2403 3638 2563 3711 (apud
2587 3637 2933 3711 Sirmondum
2974 3636 3188 3703 lom.V,
3220 3636 3345 3708 pag.
3378 3636 3503 3708 198)
3535 3654 3548 3690 :
3591 3652 3673 3711 sic

2084 3713 2229 3765 t-niut
2292 3708 2571 3764 Nicolaum
2628 3708 2804 3777 ipsnm
2860 3708 3112 3762 hortatur
3158 3717 3383 3763 sanctus
3430 3708 3668 3776 pracsul:

2092 3801 2110 3833 ι
2142 3782 2281 3836 Cura
2313 3795 2536 3849 prorsus
2563 3790 2617 3832 ut
2663 3778 2995 3833 catcchesim
3045 3779 3284 3846 qualibet
3315 3780 3674 3849 hebdomade

2087 3864 2172 3905 ter
2206 3848 2374 3905 facias
2429 3852 2494 3905 ad
2538 3864 2857 3917 vesperam;
2906 3851 3160 3918 quoniam
3224 3867 3256 3905 a
3309 3848 3565 3903 Patribus
3616 3849 3672 3902 id

2086 3922 2343 3977 traditqu
2374 3932 2479 3983 est,
2511 3931 2564 3976 et
2586 3919 2846 3973 salutare.
2874 3937 2893 3970 ι
2935 3922 3004 3974 At
3033 3929 3227 3975 contra
3258 3920 3309 3975 iit
3339 3919 3670 3975 Caesariensi

2086 3994 2352 4055 Ecclesia,
2383 3991 2614 4056 exempli
2651 3990 2845 4059 gratia,
2887 3991 3095 4061 Didymi
3138 4002 3297 4045 aatate
3325 3999 3382 4045 et
3432 3990 3674 4044 Sablialo

2084 4075 2247 4117 etiam
2271 4062 2614 4132 habebantur
2641 4075 2894 4132 synaxes,
2928 4073 2982 4114 et
2999 4129 3011 4132 Α
3027 4062 3164 4132 feria
3188 4074 3384 4132 quarta
3407 4071 3671 4128 sextaque

2086 4134 2516 4189 distribuebatur
2543 4129 2908 4201 Eucharistia.
2942 4149 2962 4183 ι
2994 4129 3105 4186 Nos
3146 4129 3309 4201 igitur
3337 4143 3529 4201 quater
3553 4145 3669 4201 stu-

2084 4207 2225 4274 gulis
2253 4203 2574 4271 septimanis
2608 4203 2706 4274 (ait
2733 4200 2966 4257 Basilius
3001 4200 3323 4274 epist.’289)
3358 4200 3666 4257 communi-

2086 4272 2295 4337 cantus,
2337 4274 2637 4335 Dominica,
2682 4272 2821 4326 feria
2870 4284 3086 4337 quarta,
3133 4275 3186 4326 in
3238 4273 3561 4329 Parasceve,
3612 4281 3668 4323 et

2085 4344 2345 4400 Sabbatu.
2388 4363 2406 4395 ι
2443 4345 2760 4397 Inltomana
2790 4357 2918 4396 vero
2958 4341 3200 4397 Ecclesia
3248 4357 3497 4412 quaenam
3549 4350 3666 4394 tum

2086 4418 2294 4484 vigeret
2320 4414 2661 4484 consuetudo
2686 4414 2877 4466 saltem
2920 4414 3364 4484 Quadragesimaa
3399 4423 3663 4484 tempore,

388 4480 755 4560 apostoiorum
808 4480 1060 4560 tempore
1115 4484 1405 4560 assignate:
1454 4480 1646 4543 suuifi
1680 4489 1852 4543 Porro
1889 4491 1973 4543 his
2006 4505 2051 4560 ι)
2078 4480 2281 4560 indicat
2309 4485 2474 4560 etiam
2506 4484 2564 4539 S.
2592 4483 2703 4538 Leo
2738 4484 3068 4560 iu_sermone
3090 4480 3293 4560 quarto
3311 4482 3388 4536 De
3413 4480 3667 4547 Quadi-aa

387 4551 520 4621 ipsis
572 4553 763 4609 diebus
806 4551 1122 4611 catecheses
1154 4551 1355 4612 habere
1396 4569 1795 4614 consueverant
1823 4571 1972 4613 cate-

388 4624 577 4694 chistw
604 4626 954 4680 Alexandrini
997 4646 1010 4680 :
1059 4626 1212 4694 isque
1242 4643 1358 4681 mos
1391 4629 1440 4681 in
1471 4631 1837 4684 Alexandrina
1865 4632 1969 4683 Ec-

386 4692 551 4747 clesia
580 4706 823 4750 vetustus
849 4705 992 4759 erat,
1022 4692 1221 4771 quippe
1269 4700 1370 4771 qui
1395 4700 1461 4752 ab
1495 4700 1972 4771 OrigeneDidymi

388 4778 722 4832 praecessore
775 4776 1026 4821 servatus
1061 4769 1271 4822 fuisset.
1330 4769 1454 4823 llzec
1491 4775 1674 4825 omnia
1730 4769 1974 4825 Socratis

390 4837 700 4909 teStiinonio
739 4836 1113 4909 conﬁrmanda
1147 4848 1292 4909 sunt.
1325 4842 1467 4909 quod
1499 4844 1783 4896 brevitatis
1807 4858 1973 4897 cau~a

386 4903 812 4979 Latine_tantuui
855 4906 1099 4973 aﬂeram.
1146 4907 1195 4962 Is
1246 4903 1377 4977 ergo
1416 4912 1508 4966 lib.
1542 4928 1570 4965 ν
1630 4912 1772 4969 Hist.
1818 4913 1971 4979 εστι,

386 4990 504 5053 cap.
533 4976 624 5053 ἡ,
656 4988 940 5053 postquam
982 4980 1165 5053 varios
1199 4976 1588 5053 Ecclesiarnm,
1613 4994 1878 5053 quantum
1905 4976 1971 5036 ad

382 5045 588 5124 ieiunia
639 5045 892 5116 pertinet,
958 5047 1094 5124 ritus
1156 5052 1426 5118 exposuit,
1492 5045 1970 5124 limc'sulijnngit:

393 5135 413 5167 ε
439 5118 591 5182 Quod
629 5132 757 5191 vero
783 5127 993 5187 spectat
1020 5119 1088 5175 ad
1115 5135 1372 5191 synaxes,
1415 5138 1520 5177 non
1554 5125 1729 5178 minor
1749 5118 1972 5179 'est'va-

388 5192 572 5242 rietas.
632 5187 765 5241 Nam
812 5206 934 5243 cum
961 5187 1381 5259 onmes'ubique
1422 5203 1688 5248 terrarum
1722 5195 1973 5249 Ecclesia:

387 5273 484 5335 per
507 5259 1147 5335 singulashebdoniadas
1166 5261 1254 5316 die
1280 5263 1503 5318 Sabbati
1525 5280 1677 5320 sacra
1714 5266 1969 5335 mysteria

387 5329 686 5393 celebrent,
714 5330 1064 5385 Alexandrini
1091 5340 1291 5395 tamen,
1328 5344 1385 5387 et
1418 5335 1668 5400 Ronaani,
1698 5329 1968 5393 veiustam

386 5403 677 5466 quamdam
706 5402 1051 5454 traditionem
1107 5404 1304 5467 secuti,
1354 5404 1405 5458 id
1440 5406 1618 5460 facere
1645 5409 1967 5467 detrectant,

386 5474 493 5522 Sed
518 5467 793 5541 {Egyptih
820 5472 912 5541 qui
941 5472 1323 5526 Alexandrinis
1368 5477 1527 5529 vicini
1583 5487 1737 5538 sunt,
1787 5486 1842 5531 et
1905 5477 1968 5540 ii,

386 5541 475 5617 qui
504 5539 856 5617 Thebaidem
880 5543 1144 5617 incolunt,
1173 5541 1414 5599 Sabbato
1454 5547 1669 5615 quidem
1731 5539 1969 5617 synaxes

382 5612 692 5679 celebrant;
719 5628 824 5685 non
854 5614 1227 5685 tameu,_sicut
1256 5630 1371 5685 mos
1397 5612 1485 5670 est
1505 5612 1965 5685 Christianorum,

384 5696 540 5735 sacra
579 5683 836 5751 mysteria
878 5682 1210 5756 percipiunt.
1263 5684 1554 5754 Postquam
1591 5689 1735 5740 enim
1765 5682 1965 5756 epulati

383 5760 533 5816 sunt,
564 5760 629 5827 et
661 5755 1086 5827 oumi_ciborum
1115 5768 1316 5827 genere
1350 5758 1600 5827 saturati.
1632 5759 1737 5812 sub
1778 5773 1967 5827 vespe~

383 5835 499 5875 ram
525 5821 798 5878 oblatione
823 5823 960 5877 facta
988 5821 1408 5879 communicant.
1440 5826 1709 5882 Praeterea
1733 5821 1966 5882 Alexan-

377 5891 515 5952 drive
545 5904 740 5966 quarta
772 5894 932 5963 feria,
964 5904 1019 5949 et
1065 5910 1152 5961 ea,
1206 5910 1330 5965 quae
1392 5898 1591 5954 dicitur
1638 5899 1961 5968 Parasceve,

2076 4556 2274 4634 geritur:
2299 4556 2381 4634 si_c
2410 4558 2635 4634 loquens
2665 4572 2679 4607 :
2717 4572 2738 4604 ‹
2775 4553 3026 4634 Secpiiila
3059 4553 3274 4634 igitur,
3340 4565 3394 4608 et
3444 4561 3666 4634 quarta,

2077 4622 2131 4687 Et
2152 4632 2303 4682 sexta
2339 4622 2806 4693 feria'jejunemus
2830 4637 2844 4676 :
2870 4622 3324 4677 Sabbato'autcm
3352 4625 3492 4693 apud
3533 4623 3663 4693 beaf

2081 4714 2194 4758 tmn
2232 4695 2449 4752 Petrum
2482 4690 2784 4764 apostolum
2836 4694 3047 4764 vigilias
3087 4690 3448 4748 celebremus.
3485 4709 3505 4743 ι
3545 4690 3663 4747 Etsi

2076 4772 2222 4829 enim
2260 4770 2373 4822 haec
2406 4763 2569 4819 verba
2599 4765 2920 4831 Qucsncllus
2957 4763 3027 4815 ibi
3053 4768 3408 4833 expungeuda
3443 4778 3668 4818 censue.

2079 4847 2169 4903 rit,
2192 4854 2315 4894 cum
2348 4850 2526 4891 tamen
2548 4838 2598 4888 iu
2630 4838 2959 4904 pervetustis
2986 4838 3387 4903 exemplaribus
3414 4842 3664 4900 exstent,

2077 4912 2355 4969 retinenda
2388 4908 2654 4961 videntur.

2150 4979 2264 5055 (Π)
2294 4978 2360 5032 1η
2385 4980 2589 5055 hisce...
2618 4978 2998 5055 congressibus.
3032 4979 3223 5055 Videat
3253 4976 3444 5055 lector,
3466 4990 3659 5055 utrum

2076 5048 2276 5109 locutio
2307 5055 2441 5112 haec,
2472 5051 2530 5102 ἐν
2551 5048 2800 5113 ταύταις,
2844 5048 2897 5101 id
2942 5061 3046 5113 cst,
3103 5070 3123 5101 ί
3156 5052 3210 5103 iu
3257 5048 3363 5109 bis,
3397 5066 3417 5100 ι
3464 5051 3666 5104 indicet

2077 5126 2365 5194 Didymum
2396 5121 2655 5194 concisitu
2681 5122 2851 5173 libros
2882 5120 3044 5194 hosce
3090 5122 3168 5194 De
3223 5116 3525 5194 Trinitale._
3567 5132 3662 5173 aut

2075 5192 2263 5251 eorum
2301 5200 2509 5260 partem
2543 5192 2783 5259 aliquam
2840 5193 3099 5260 recitasse
3142 5192 3195 5245 iu
3247 5192 3658 5257 congressibus,

2074 5281 2210 5333 quos
2234 5259 2397 5317 modo
2429 5261 2559 5333 dixi,
2588 5262 2715 5315 dum
2740 5259 3055 5316 catechista:
3077 5275 3302 5333 munere
3318 5260 3657 5331 iungeretur.

2073 5331 2231 5404 Quod
2253 5348 2385 5387 vero
2408 5332 2602 5404 attinet
2629 5333 2698 5385 ad
2732 5345 2944 5404 vocem,
2972 5331 3303 5404 συνουσίαις,
3333 5333 3435 5404 hac
3460 5334 3657 5404 potius,

2072 5400 2236 5475 quam
2287 5400 3016 5475 synaxiumgnomiueidec
3072 5403 3308 5458 fortasse
3335 5400 3523 5475 utitur
3568 5402 3661 5455 Di-

2073 5472 2291 5548 dymus,
2318 5472 2463 5543 quod
2493 5472 2548 5528 in
2579 5472 2946 5527 Alexandrina
2973 5474 3214 5530 Ecclesia
3247 5473 3396 5548 feriis
3438 5484 3656 5548 quarta,

2072 5542 2128 5601 ei
2160 5557 2315 5603 sexta
2340 5542 2446 5600 non
2480 5556 2873 5614 peragerentur
2898 5559 3057 5599 sacra
3080 5545 3364 5616 mysteria,
3392 5542 3659 5616 autquod

2072 5619 2106 5672 ii
2137 5625 2461 5693 conventus,
2499 5616 2700 5693 quibus
2733 5628 2838 5669 non
2876 5614 3181 5693 episcopus,
3220 5630 3337 5693 non
3376 5614 3660 5693 presbyter

2071 5697 2327 5758 praeerat,
2365 5688 2462 5758 sed
2504 5684 2965 5758 magisternullis
3011 5684 3184 5740 sacris
3220 5685 3504 5758 ordinibus
3553 5684 3658 5736 ini-

2072 5754 2256 5821 iiatns,
2290 5754 2734 5828 cnjnsniodierat
2774 5756 3055 5828 Didymus,
3094 5756 3262 5824 magis
3289 5754 3505 5825 proprie
3533 5769 3659 5812 suv-

2069 5829 2271 5895 θυσίαι,
2308 5843 2468 5898 quam
2497 5825 2744 5899 συνάξεις
2775 5825 3189 5897 appellarentur.
