  <div class='ocr_page' id='page_1' title='image "/cluster/home/n/w/nwhite01/storage/ocr_20150623/39/coo.31924054869361/389.png"; bbox 0 0 4056 6400; ppageno 0'>
   <div class='ocr_carea' id='block_1_1' title="bbox 483 420 593 475">
    <p class='ocr_par' dir='ltr' id='par_1_1' title="bbox 483 420 593 475">
     <span class='ocr_line' id='line_1_1' title="bbox 483 420 593 475; baseline -0.009 -1"><span class='ocrx_word' id='word_1_1' title='bbox 483 420 593 475; x_wconf 74' lang='lat'><strong>763</strong></span> 
     </span>
    </p>
   </div>
   <div class='ocr_carea' id='block_1_2' title="bbox 1749 418 2495 475">
    <p class='ocr_par' dir='ltr' id='par_1_2' title="bbox 1749 418 2495 475">
     <span class='ocr_line' id='line_1_2' title="bbox 1749 418 2495 475; baseline -0.003 -1"><span class='ocrx_word' id='word_1_2' title='bbox 1749 419 1983 474; x_wconf 81' lang='lat' dir='ltr'><strong>DIDYMI</strong></span> <span class='ocrx_word' id='word_1_3' title='bbox 2022 418 2495 475; x_wconf 66' lang='lat' dir='ltr'><strong>ALEXANDBINI</strong></span> 
     </span>
    </p>
   </div>
   <div class='ocr_carea' id='block_1_3' title="bbox 3644 415 3738 473">
    <p class='ocr_par' dir='ltr' id='par_1_3' title="bbox 3644 415 3738 473">
     <span class='ocr_line' id='line_1_3' title="bbox 3644 415 3738 473; baseline 0.053 -5"><span class='ocrx_word' id='word_1_4' title='bbox 3644 415 3738 473; x_wconf 65' lang='lat'><strong>76!</strong></span> 
     </span>
    </p>
   </div>
   <div class='ocr_carea' id='block_1_4' title="bbox 484 527 2079 604">
    <p class='ocr_par' dir='ltr' id='par_1_4' title="bbox 484 529 2077 604">
     <span class='ocr_line' id='line_1_4' title="bbox 484 529 2077 604; baseline 0.003 -21"><span class='ocrx_word' id='word_1_5' title='bbox 484 529 931 587; x_wconf 81' lang='lat' dir='ltr'><strong>memorationem</strong></span> <span class='ocrx_word' id='word_1_6' title='bbox 955 530 1070 604; x_wconf 74' lang='grc' dir='ltr'><strong>(ιε)</strong></span> <span class='ocrx_word' id='word_1_7' title='bbox 1093 541 1330 598; x_wconf 54' lang='lat' dir='ltr'><strong>aeterna,</strong></span> <span class='ocrx_word' id='word_1_8' title='bbox 1354 540 1409 588; x_wconf 90' lang='lat' dir='ltr'><strong>et</strong></span> <span class='ocrx_word' id='word_1_9' title='bbox 1431 531 1592 587; x_wconf 87' lang='lat' dir='ltr'><strong>simili</strong></span> <span class='ocrx_word' id='word_1_10' title='bbox 1621 548 1836 603; x_wconf 85' lang='lat' dir='ltr'><strong>semper</strong></span> <span class='ocrx_word' id='word_1_11' title='bbox 1860 535 2077 589; x_wconf 85' lang='lat' dir='ltr'><strong>eodem-</strong></span> 
     </span>
    </p>
   </div>
   <div class='ocr_carea' id='block_1_5' title="bbox 2185 527 3739 604">
    <p class='ocr_par' dir='ltr' id='par_1_5' title="bbox 2185 527 3739 603">
     <span class='ocr_line' id='line_1_5' title="bbox 2185 527 3739 603; baseline -0.002 -16"><span class='ocrx_word' id='word_1_12' title='bbox 2185 551 2291 598; x_wconf 85' lang='grc' dir='ltr'><strong>τες,</strong></span> <span class='ocrx_word' id='word_1_13' title='bbox 2336 534 2437 586; x_wconf 79' lang='grc' dir='ltr'><strong>οὐκ</strong></span> <span class='ocrx_word' id='word_1_14' title='bbox 2462 533 2608 585; x_wconf 79' lang='grc' dir='ltr'>ἐστιν</span> <span class='ocrx_word' id='word_1_15' title='bbox 2651 533 2762 598; x_wconf 78' lang='grc' dir='ltr'><strong>ὅτε,</strong></span> <span class='ocrx_word' id='word_1_16' title='bbox 2803 532 2838 603; x_wconf 80' lang='grc' dir='ltr'>ἢ</span> <span class='ocrx_word' id='word_1_17' title='bbox 2883 533 3236 601; x_wconf 81' lang='grc' dir='ltr'>ἐπαυσάμην,</span> <span class='ocrx_word' id='word_1_18' title='bbox 3264 529 3297 600; x_wconf 75' lang='grc' dir='ltr'><strong>ἥ</strong></span> <span class='ocrx_word' id='word_1_19' title='bbox 3322 529 3402 599; x_wconf 89' lang='grc' dir='ltr'><strong>(ἐν</strong></span> <span class='ocrx_word' id='word_1_20' title='bbox 3423 527 3507 599; x_wconf 76' lang='grc' dir='ltr'>τῷ</span> <span class='ocrx_word' id='word_1_21' title='bbox 3531 529 3739 599; x_wconf 82' lang='grc' dir='ltr'>ὀνόματι</span> 
     </span>
    </p>
   </div>
   <div class='ocr_carea' id='block_1_6' title="bbox 483 623 2074 694">
    <p class='ocr_par' dir='ltr' id='par_1_6' title="bbox 483 623 2074 694">
     <span class='ocr_line' id='line_1_6' title="bbox 483 623 2074 694; baseline 0.004 -21"><span class='ocrx_word' id='word_1_22' title='bbox 483 637 590 690; x_wconf 83' lang='lat' dir='ltr'><strong>que</strong></span> <span class='ocrx_word' id='word_1_23' title='bbox 621 623 782 677; x_wconf 89' lang='lat' dir='ltr'><strong>modo</strong></span> <span class='ocrx_word' id='word_1_24' title='bbox 807 637 868 678; x_wconf 87' lang='lat' dir='ltr'><strong>se</strong></span> <span class='ocrx_word' id='word_1_25' title='bbox 904 623 1152 678; x_wconf 75' lang='lat' dir='ltr'><strong>habentis</strong></span> <span class='ocrx_word' id='word_1_26' title='bbox 1193 624 1365 679; x_wconf 66' lang='lat' dir='ltr'><strong>beatae</strong></span> <span class='ocrx_word' id='word_1_27' title='bbox 1416 623 1720 689; x_wconf 72' lang='lat' dir='ltr'><strong>Trinitatis,</strong></span> <span class='ocrx_word' id='word_1_28' title='bbox 1767 641 1887 694; x_wconf 70' lang='lat' dir='ltr'><strong>quae</strong></span> <span class='ocrx_word' id='word_1_29' title='bbox 1935 633 2074 680; x_wconf 88' lang='lat' dir='ltr'><strong>bona</strong></span> 
     </span>
    </p>
   </div>
   <div class='ocr_carea' id='block_1_7' title="bbox 484 711 2073 786">
    <p class='ocr_par' dir='ltr' id='par_1_7' title="bbox 484 711 2073 786">
     <span class='ocr_line' id='line_1_7' title="bbox 484 711 2073 786; baseline 0.004 -23"><span class='ocrx_word' id='word_1_30' title='bbox 484 725 549 763; x_wconf 84' lang='lat' dir='ltr'><strong>ac</strong></span> <span class='ocrx_word' id='word_1_31' title='bbox 577 711 842 779; x_wconf 62' lang='lat' dir='ltr'><strong>praclara</strong></span> <span class='ocrx_word' id='word_1_32' title='bbox 888 728 1105 780; x_wconf 82' lang='lat' dir='ltr'><strong>semper</strong></span> <span class='ocrx_word' id='word_1_33' title='bbox 1150 714 1384 783; x_wconf 82' lang='lat' dir='ltr'><strong>largitur</strong></span> <span class='ocrx_word' id='word_1_34' title='bbox 1431 713 1567 786; x_wconf 69' lang='grc' dir='ltr'><strong>(ιθ),</strong></span> <span class='ocrx_word' id='word_1_35' title='bbox 1625 730 1725 769; x_wconf 87' lang='lat' dir='ltr'><strong>nec</strong></span> <span class='ocrx_word' id='word_1_36' title='bbox 1774 731 1836 769; x_wconf 90' lang='lat' dir='ltr'><strong>ea</strong></span> <span class='ocrx_word' id='word_1_37' title='bbox 1877 715 2073 783; x_wconf 81' lang='lat' dir='ltr'><strong>aufert,</strong></span> 
     </span>
    </p>
   </div>
   <div class='ocr_carea' id='block_1_8' title="bbox 486 803 2075 876">
    <p class='ocr_par' dir='ltr' id='par_1_8' title="bbox 486 803 2075 876">
     <span class='ocr_line' id='line_1_8' title="bbox 486 803 2075 876; baseline 0.005 -25"><span class='ocrx_word' id='word_1_38' title='bbox 486 809 580 852; x_wconf 89' lang='lat' dir='ltr'><strong>aut</strong></span> <span class='ocrx_word' id='word_1_39' title='bbox 625 803 923 870; x_wconf 80' lang='lat' dir='ltr'><strong>exprobrat</strong></span> <span class='ocrx_word' id='word_1_40' title='bbox 978 804 1114 875; x_wconf 85' lang='lat'><strong>(50),</strong></span> <span class='ocrx_word' id='word_1_41' title='bbox 1166 806 1371 860; x_wconf 92' lang='lat' dir='ltr'><strong>nullum</strong></span> <span class='ocrx_word' id='word_1_42' title='bbox 1420 821 1657 876; x_wconf 87' lang='lat' dir='ltr'><strong>unquam</strong></span> <span class='ocrx_word' id='word_1_43' title='bbox 1711 805 1810 859; x_wconf 90' lang='lat' dir='ltr'><strong>fuit</strong></span> <span class='ocrx_word' id='word_1_44' title='bbox 1839 815 2075 876; x_wconf 87' lang='lat' dir='ltr'><strong>tempus,</strong></span> 
     </span>
    </p>
   </div>
   <div class='ocr_carea' id='block_1_9' title="bbox 485 895 2079 969">
    <p class='ocr_par' dir='ltr' id='par_1_9' title="bbox 485 895 2079 969">
     <span class='ocr_line' id='line_1_9' title="bbox 485 895 2079 969; baseline 0.003 -23"><span class='ocrx_word' id='word_1_45' title='bbox 485 907 596 961; x_wconf 81' lang='lat' dir='ltr'><strong>quo</strong></span> <span class='ocrx_word' id='word_1_46' title='bbox 634 907 735 963; x_wconf 92' lang='lat' dir='ltr'><strong>ego</strong></span> <span class='ocrx_word' id='word_1_47' title='bbox 762 908 867 947; x_wconf 90' lang='lat' dir='ltr'><strong>una</strong></span> <span class='ocrx_word' id='word_1_48' title='bbox 898 909 1019 948; x_wconf 87' lang='lat' dir='ltr'><strong>cum</strong></span> <span class='ocrx_word' id='word_1_49' title='bbox 1055 895 1191 951; x_wconf 84' lang='lat' dir='ltr'><strong>meis</strong></span> <span class='ocrx_word' id='word_1_50' title='bbox 1221 899 1548 951; x_wconf 80' lang='lat' dir='ltr'><strong>cessaverim</strong></span> <span class='ocrx_word' id='word_1_51' title='bbox 1590 896 1705 969; x_wconf 83' lang='lat'><strong>[5|]</strong></span> <span class='ocrx_word' id='word_1_52' title='bbox 1740 898 1815 969; x_wconf 91' lang='lat' dir='ltr'><strong>(in</strong></span> <span class='ocrx_word' id='word_1_53' title='bbox 1849 900 2079 953; x_wconf 86' lang='lat' dir='ltr'><strong>sanctis-</strong></span> 
     </span>
    </p>
   </div>
   <div class='ocr_carea' id='block_1_10' title="bbox 487 986 2076 1057">
    <p class='ocr_par' dir='ltr' id='par_1_10' title="bbox 487 986 2076 1057">
     <span class='ocr_line' id='line_1_10' title="bbox 487 986 2076 1057; baseline 0.001 -16"><span class='ocrx_word' id='word_1_54' title='bbox 487 986 629 1041; x_wconf 79' lang='lat' dir='ltr'><strong>simo</strong></span> <span class='ocrx_word' id='word_1_55' title='bbox 667 993 849 1042; x_wconf 88' lang='lat' dir='ltr'><strong>autem</strong></span> <span class='ocrx_word' id='word_1_56' title='bbox 885 988 1053 1057; x_wconf 83' lang='lat' dir='ltr'><strong>ipsius</strong></span> <span class='ocrx_word' id='word_1_57' title='bbox 1099 988 1386 1044; x_wconf 83' lang='lat' dir='ltr'><strong>Trinitatis</strong></span> <span class='ocrx_word' id='word_1_58' title='bbox 1438 990 1658 1044; x_wconf 89' lang='lat' dir='ltr'><strong>nomine</strong></span> <span class='ocrx_word' id='word_1_59' title='bbox 1700 990 1882 1044; x_wconf 81' lang='lat' dir='ltr'><strong>omnia</strong></span> <span class='ocrx_word' id='word_1_60' title='bbox 1932 990 2076 1043; x_wconf 85' lang='lat' dir='ltr'><strong>dicta</strong></span> 
     </span>
    </p>
   </div>
   <div class='ocr_carea' id='block_1_11' title="bbox 488 1074 2076 1148">
    <p class='ocr_par' dir='ltr' id='par_1_11' title="bbox 488 1074 2076 1148">
     <span class='ocr_line' id='line_1_11' title="bbox 488 1074 2076 1148; baseline 0.002 -20"><span class='ocrx_word' id='word_1_61' title='bbox 488 1074 621 1139; x_wconf 79' lang='lat' dir='ltr'><strong>sint,</strong></span> <span class='ocrx_word' id='word_1_62' title='bbox 656 1083 711 1129; x_wconf 91' lang='lat' dir='ltr'><strong>et</strong></span> <span class='ocrx_word' id='word_1_63' title='bbox 742 1074 899 1141; x_wconf 85' lang='lat' dir='ltr'><strong>llant,</strong></span> <span class='ocrx_word' id='word_1_64' title='bbox 932 1087 987 1131; x_wconf 87' lang='lat' dir='ltr'><strong>et</strong></span> <span class='ocrx_word' id='word_1_65' title='bbox 1036 1076 1221 1147; x_wconf 86' lang='lat' dir='ltr'><strong>quiete</strong></span> <span class='ocrx_word' id='word_1_66' title='bbox 1257 1077 1652 1148; x_wconf 86' lang='lat' dir='ltr'><strong>delibereulur)</strong></span> <span class='ocrx_word' id='word_1_67' title='bbox 1681 1077 1929 1133; x_wconf 82' lang='lat' dir='ltr'><strong>mihimet</strong></span> <span class='ocrx_word' id='word_1_68' title='bbox 1976 1077 2076 1147; x_wconf 85' lang='lat' dir='ltr'><strong>ipsi</strong></span> 
     </span>
    </p>
   </div>
   <div class='ocr_carea' id='block_1_12' title="bbox 485 1165 2076 1240">
    <p class='ocr_par' dir='ltr' id='par_1_12' title="bbox 485 1165 2076 1240">
     <span class='ocr_line' id='line_1_12' title="bbox 485 1165 2076 1240; baseline 0.001 -21"><span class='ocrx_word' id='word_1_69' title='bbox 485 1174 544 1219; x_wconf 89' lang='lat' dir='ltr'><strong>et</strong></span> <span class='ocrx_word' id='word_1_70' title='bbox 581 1165 718 1221; x_wconf 89' lang='lat' dir='ltr'><strong>meis</strong></span> <span class='ocrx_word' id='word_1_71' title='bbox 740 1168 921 1222; x_wconf 80' lang='lat' dir='ltr'><strong>omnia</strong></span> <span class='ocrx_word' id='word_1_72' title='bbox 959 1168 1379 1224; x_wconf 79' lang='lat' dir='ltr'><strong>subministrare</strong></span> <span class='ocrx_word' id='word_1_73' title='bbox 1426 1168 1564 1240; x_wconf 87' lang='lat' dir='ltr'><strong>(ipsa</strong></span> <span class='ocrx_word' id='word_1_74' title='bbox 1615 1170 1784 1232; x_wconf 91' lang='lat' dir='ltr'><strong>enim,</strong></span> <span class='ocrx_word' id='word_1_75' title='bbox 1828 1184 1951 1223; x_wconf 92' lang='lat' dir='ltr'><strong>cum</strong></span> <span class='ocrx_word' id='word_1_76' title='bbox 2002 1168 2076 1223; x_wconf 85' lang='lat' dir='ltr'><strong>sit</strong></span> 
     </span>
    </p>
   </div>
   <div class='ocr_carea' id='block_1_13' title="bbox 486 1260 2077 1331">
    <p class='ocr_par' dir='ltr' id='par_1_13' title="bbox 486 1260 2077 1331">
     <span class='ocr_line' id='line_1_13' title="bbox 486 1260 2077 1331; baseline 0.001 -18"><span class='ocrx_word' id='word_1_77' title='bbox 486 1260 728 1313; x_wconf 92' lang='lat' dir='ltr'><strong>omnium</strong></span> <span class='ocrx_word' id='word_1_78' title='bbox 758 1275 943 1325; x_wconf 83' lang='lat' dir='ltr'><strong>causa,</strong></span> <span class='ocrx_word' id='word_1_79' title='bbox 971 1261 1171 1316; x_wconf 81' lang='lat' dir='ltr'><strong>nullius</strong></span> <span class='ocrx_word' id='word_1_80' title='bbox 1220 1261 1299 1316; x_wconf 89' lang='lat' dir='ltr'><strong>rei</strong></span> <span class='ocrx_word' id='word_1_81' title='bbox 1337 1260 1561 1331; x_wconf 78' lang='lat' dir='ltr'><strong>indiget,</strong></span> <span class='ocrx_word' id='word_1_82' title='bbox 1589 1275 1654 1315; x_wconf 90' lang='lat' dir='ltr'><strong>ac</strong></span> <span class='ocrx_word' id='word_1_83' title='bbox 1705 1260 1859 1315; x_wconf 77' lang='lat' dir='ltr'><strong>nobis</strong></span> <span class='ocrx_word' id='word_1_84' title='bbox 1909 1261 2077 1329; x_wconf 80' lang='lat' dir='ltr'><strong>prod-</strong></span> 
     </span>
    </p>
   </div>
   <div class='ocr_carea' id='block_1_14' title="bbox 484 1352 2081 1423">
    <p class='ocr_par' dir='ltr' id='par_1_14' title="bbox 484 1352 2081 1423">
     <span class='ocr_line' id='line_1_14' title="bbox 484 1352 2081 1423; baseline 0.002 -18"><span class='ocrx_word' id='word_1_85' title='bbox 484 1363 610 1405; x_wconf 84' lang='lat' dir='ltr'><strong>esse</strong></span> <span class='ocrx_word' id='word_1_86' title='bbox 651 1360 859 1407; x_wconf 89' lang='lat' dir='ltr'><strong>tantum</strong></span> <span class='ocrx_word' id='word_1_87' title='bbox 918 1353 1034 1422; x_wconf 84' lang='lat' dir='ltr'><strong>ipsa</strong></span> <span class='ocrx_word' id='word_1_88' title='bbox 1101 1352 1328 1423; x_wconf 87' lang='lat' dir='ltr'><strong>potest),</strong></span> <span class='ocrx_word' id='word_1_89' title='bbox 1394 1368 1514 1408; x_wconf 84' lang='lat' dir='ltr'><strong>eam</strong></span> <span class='ocrx_word' id='word_1_90' title='bbox 1573 1363 1629 1408; x_wconf 90' lang='lat' dir='ltr'><strong>et</strong></span> <span class='ocrx_word' id='word_1_91' title='bbox 1678 1352 1971 1418; x_wconf 89' lang='lat' dir='ltr'><strong>adoraudo,</strong></span> <span class='ocrx_word' id='word_1_92' title='bbox 2023 1363 2081 1408; x_wconf 91' lang='lat' dir='ltr'><strong>et</strong></span> 
     </span>
    </p>
   </div>
   <div class='ocr_carea' id='block_1_15' title="bbox 489 1442 2080 1514">
    <p class='ocr_par' dir='ltr' id='par_1_15' title="bbox 489 1442 2080 1514">
     <span class='ocr_line' id='line_1_15' title="bbox 489 1442 2080 1514; baseline 0.004 -19"><span class='ocrx_word' id='word_1_93' title='bbox 489 1442 865 1513; x_wconf 76' lang='lat' dir='ltr'><strong>gloriﬁcando,</strong></span> <span class='ocrx_word' id='word_1_94' title='bbox 910 1453 967 1499; x_wconf 91' lang='lat' dir='ltr'><strong>et</strong></span> <span class='ocrx_word' id='word_1_95' title='bbox 999 1459 1097 1514; x_wconf 89' lang='lat' dir='ltr'><strong>pro</strong></span> <span class='ocrx_word' id='word_1_96' title='bbox 1148 1446 1285 1499; x_wconf 87' lang='lat' dir='ltr'><strong>meis</strong></span> <span class='ocrx_word' id='word_1_97' title='bbox 1343 1445 1548 1500; x_wconf 86' lang='lat' dir='ltr'><strong>viribus</strong></span> <span class='ocrx_word' id='word_1_98' title='bbox 1596 1444 1967 1500; x_wconf 86' lang='lat' dir='ltr'><strong>celebrando:</strong></span> <span class='ocrx_word' id='word_1_99' title='bbox 2016 1462 2080 1502; x_wconf 89' lang='lat' dir='ltr'><strong>ac</strong></span> 
     </span>
    </p>
   </div>
   <div class='ocr_carea' id='block_1_16' title="bbox 489 1537 2077 1608">
    <p class='ocr_par' dir='ltr' id='par_1_16' title="bbox 489 1537 2077 1608">
     <span class='ocr_line' id='line_1_16' title="bbox 489 1537 2077 1608; baseline 0 -16"><span class='ocrx_word' id='word_1_100' title='bbox 489 1537 638 1593; x_wconf 87' lang='lat' dir='ltr'><strong>nullo</strong></span> <span class='ocrx_word' id='word_1_101' title='bbox 667 1554 902 1608; x_wconf 89' lang='lat' dir='ltr'><strong>unquam</strong></span> <span class='ocrx_word' id='word_1_102' title='bbox 945 1549 1190 1607; x_wconf 86' lang='lat' dir='ltr'><strong>tempore</strong></span> <span class='ocrx_word' id='word_1_103' title='bbox 1225 1553 1331 1592; x_wconf 92' lang='lat' dir='ltr'><strong>non</strong></span> <span class='ocrx_word' id='word_1_104' title='bbox 1389 1538 1658 1602; x_wconf 88' lang='lat' dir='ltr'><strong>dictitavi,</strong></span> <span class='ocrx_word' id='word_1_105' title='bbox 1691 1551 1786 1592; x_wconf 74' lang='lat' dir='ltr'><strong>eos</strong></span> <span class='ocrx_word' id='word_1_106' title='bbox 1818 1537 1973 1592; x_wconf 81' lang='lat' dir='ltr'><strong>valde</strong></span> <span class='ocrx_word' id='word_1_107' title='bbox 2025 1538 2077 1592; x_wconf 92' lang='lat' dir='ltr'><strong>in</strong></span> 
     </span>
    </p>
   </div>
   <div class='ocr_carea' id='block_1_17' title="bbox 490 1627 2078 1699">
    <p class='ocr_par' dir='ltr' id='par_1_17' title="bbox 490 1627 2078 1699">
     <span class='ocr_line' id='line_1_17' title="bbox 490 1627 2078 1699; baseline 0 -16"><span class='ocrx_word' id='word_1_108' title='bbox 490 1644 643 1683; x_wconf 88' lang='lat' dir='ltr'><strong>suam</strong></span> <span class='ocrx_word' id='word_1_109' title='bbox 682 1629 923 1699; x_wconf 89' lang='lat' dir='ltr'><strong>ipsorum</strong></span> <span class='ocrx_word' id='word_1_110' title='bbox 963 1628 1262 1698; x_wconf 88' lang='lat' dir='ltr'><strong>perniciem</strong></span> <span class='ocrx_word' id='word_1_111' title='bbox 1314 1642 1565 1698; x_wconf 85' lang='lat' dir='ltr'><strong>peccare,</strong></span> <span class='ocrx_word' id='word_1_112' title='bbox 1615 1628 1706 1696; x_wconf 85' lang='lat' dir='ltr'><strong>qui</strong></span> <span class='ocrx_word' id='word_1_113' title='bbox 1756 1627 2078 1697; x_wconf 64' lang='lat' dir='ltr'><strong>praeclarum</strong></span> 
     </span>
    </p>
   </div>
   <div class='ocr_carea' id='block_1_18' title="bbox 487 1719 2080 1790">
    <p class='ocr_par' dir='ltr' id='par_1_18' title="bbox 487 1719 2080 1790">
     <span class='ocr_line' id='line_1_18' title="bbox 487 1719 2080 1790; baseline 0.001 -17"><span class='ocrx_word' id='word_1_114' title='bbox 487 1720 713 1790; x_wconf 85' lang='lat' dir='ltr'><strong>aliquid,</strong></span> <span class='ocrx_word' id='word_1_115' title='bbox 764 1735 827 1776; x_wconf 90' lang='lat' dir='ltr'><strong>ac</strong></span> <span class='ocrx_word' id='word_1_116' title='bbox 870 1722 1116 1790; x_wconf 87' lang='lat' dir='ltr'><strong>sapiente</strong></span> <span class='ocrx_word' id='word_1_117' title='bbox 1167 1722 1388 1788; x_wconf 76' lang='lat' dir='ltr'><strong>dignum</strong></span> <span class='ocrx_word' id='word_1_118' title='bbox 1434 1720 1502 1773; x_wconf 89' lang='lat' dir='ltr'><strong>de</strong></span> <span class='ocrx_word' id='word_1_119' title='bbox 1564 1719 1654 1773; x_wconf 89' lang='lat' dir='ltr'><strong>illa</strong></span> <span class='ocrx_word' id='word_1_120' title='bbox 1704 1719 1793 1773; x_wconf 90' lang='lat' dir='ltr'><strong>vel</strong></span> <span class='ocrx_word' id='word_1_121' title='bbox 1871 1720 2080 1775; x_wconf 86' lang='lat' dir='ltr'><strong>discere</strong></span> 
     </span>
    </p>
   </div>
   <div class='ocr_carea' id='block_1_19' title="bbox 491 1812 2078 1885">
    <p class='ocr_par' dir='ltr' id='par_1_19' title="bbox 491 1812 2078 1885">
     <span class='ocr_line' id='line_1_19' title="bbox 491 1812 2078 1885; baseline 0.001 -18"><span class='ocrx_word' id='word_1_122' title='bbox 491 1815 794 1885; x_wconf 67' lang='lat' dir='ltr'><strong>negligum,</strong></span> <span class='ocrx_word' id='word_1_123' title='bbox 831 1813 913 1868; x_wconf 94' lang='lat' dir='ltr'><strong>vel</strong></span> <span class='ocrx_word' id='word_1_124' title='bbox 942 1814 1165 1869; x_wconf 87' lang='lat' dir='ltr'><strong>docere.</strong></span> <span class='ocrx_word' id='word_1_125' title='bbox 1196 1812 1349 1871; x_wconf 81' lang='lat' dir='ltr'><strong>Nunc</strong></span> <span class='ocrx_word' id='word_1_126' title='bbox 1374 1832 1526 1884; x_wconf 90' lang='lat' dir='ltr'><strong>vero,</strong></span> <span class='ocrx_word' id='word_1_127' title='bbox 1558 1832 1681 1871; x_wconf 90' lang='lat' dir='ltr'><strong>eum</strong></span> <span class='ocrx_word' id='word_1_128' title='bbox 1711 1832 1774 1871; x_wconf 91' lang='lat' dir='ltr'><strong>ea</strong></span> <span class='ocrx_word' id='word_1_129' title='bbox 1812 1817 2078 1870; x_wconf 83' lang='lat' dir='ltr'><strong>duntaxat</strong></span> 
     </span>
    </p>
   </div>
   <div class='ocr_carea' id='block_1_20' title="bbox 2178 622 3743 697">
    <p class='ocr_par' dir='ltr' id='par_1_20' title="bbox 2178 622 3743 697">
     <span class='ocr_line' id='line_1_20' title="bbox 2178 622 3743 697; baseline -0.002 -18"><span class='ocrx_word' id='word_1_130' title='bbox 2178 627 2236 680; x_wconf 79' lang='grc' dir='ltr'>δὲ</span> <span class='ocrx_word' id='word_1_131' title='bbox 2281 627 2452 697; x_wconf 82' lang='grc' dir='ltr'>αὐτῆς</span> <span class='ocrx_word' id='word_1_132' title='bbox 2495 625 2573 697; x_wconf 85' lang='grc' dir='ltr'>τῷ</span> <span class='ocrx_word' id='word_1_133' title='bbox 2620 625 2874 696; x_wconf 82' lang='grc' dir='ltr'>παναγιῳ</span> <span class='ocrx_word' id='word_1_134' title='bbox 2920 625 3101 679; x_wconf 86' lang='grc' dir='ltr'>πάντα</span> <span class='ocrx_word' id='word_1_135' title='bbox 3146 622 3411 691; x_wconf 79' lang='grc' dir='ltr'><strong>λεγέσθω,</strong></span> <span class='ocrx_word' id='word_1_136' title='bbox 3462 622 3555 675; x_wconf 70' lang='grc' dir='ltr'><strong>καὶ</strong></span> <span class='ocrx_word' id='word_1_137' title='bbox 3582 639 3743 693; x_wconf 80' lang='grc' dir='ltr'>πρατ-</span> 
     </span>
    </p>
   </div>
   <div class='ocr_carea' id='block_1_21' title="bbox 2179 714 3742 790">
    <p class='ocr_par' dir='ltr' id='par_1_21' title="bbox 2179 714 3742 790">
     <span class='ocr_line' id='line_1_21' title="bbox 2179 714 3742 790; baseline -0.003 -17"><span class='ocrx_word' id='word_1_138' title='bbox 2179 718 2376 782; x_wconf 83' lang='grc' dir='ltr'>τέσθω,</span> <span class='ocrx_word' id='word_1_139' title='bbox 2444 720 2539 773; x_wconf 79' lang='grc' dir='ltr'><strong>καὶ</strong></span> <span class='ocrx_word' id='word_1_140' title='bbox 2594 721 2721 790; x_wconf 79' lang='grc' dir='ltr'>σιγῇ</span> <span class='ocrx_word' id='word_1_141' title='bbox 2781 716 3147 788; x_wconf 82' lang='grc' dir='ltr'><strong>βουλευέσθω)</strong></span> <span class='ocrx_word' id='word_1_142' title='bbox 3200 714 3421 788; x_wconf 85' lang='grc' dir='ltr'>ἐμαυτῷ</span> <span class='ocrx_word' id='word_1_143' title='bbox 3489 716 3581 768; x_wconf 77' lang='grc' dir='ltr'><strong>καὶ</strong></span> <span class='ocrx_word' id='word_1_144' title='bbox 3640 716 3742 778; x_wconf 84' lang='grc' dir='ltr'>τοῖς</span> 
     </span>
    </p>
   </div>
   <div class='ocr_carea' id='block_1_22' title="bbox 2179 804 3743 879">
    <p class='ocr_par' dir='ltr' id='par_1_22' title="bbox 2179 804 3743 879">
     <span class='ocr_line' id='line_1_22' title="bbox 2179 804 3743 879; baseline -0.003 -17"><span class='ocrx_word' id='word_1_145' title='bbox 2179 808 2420 879; x_wconf 77' lang='grc' dir='ltr'><strong>ἐμαυτοῦ</strong></span> <span class='ocrx_word' id='word_1_146' title='bbox 2451 808 2707 878; x_wconf 82' lang='grc' dir='ltr'><strong>παρέχων</strong></span> <span class='ocrx_word' id='word_1_147' title='bbox 2732 807 2792 860; x_wconf 86' lang='grc' dir='ltr'><strong>τὸ</strong></span> <span class='ocrx_word' id='word_1_148' title='bbox 2823 808 2932 860; x_wconf 78' lang='grc' dir='ltr'><strong>πᾶν</strong></span> <span class='ocrx_word' id='word_1_149' title='bbox 2967 805 3185 878; x_wconf 77' lang='grc' dir='ltr'><strong>(χρῄζει</strong></span> <span class='ocrx_word' id='word_1_150' title='bbox 3216 806 3326 877; x_wconf 76' lang='grc' dir='ltr'><strong>γὰρ</strong></span> <span class='ocrx_word' id='word_1_151' title='bbox 3355 804 3515 875; x_wconf 82' lang='grc' dir='ltr'>αῦτη,</span> <span class='ocrx_word' id='word_1_152' title='bbox 3541 805 3743 858; x_wconf 70' lang='grc' dir='ltr'>πάντων</span> 
     </span>
    </p>
   </div>
   <div class='ocr_carea' id='block_1_23' title="bbox 2180 893 3742 971">
    <p class='ocr_par' dir='ltr' id='par_1_23' title="bbox 2180 893 3742 971">
     <span class='ocr_line' id='line_1_23' title="bbox 2180 893 3742 971; baseline -0.005 -17"><span class='ocrx_word' id='word_1_153' title='bbox 2180 899 2335 954; x_wconf 76' lang='grc' dir='ltr'>αἰτία</span> <span class='ocrx_word' id='word_1_154' title='bbox 2361 896 2519 960; x_wconf 75' lang='grc' dir='ltr'>οὖσα,</span> <span class='ocrx_word' id='word_1_155' title='bbox 2550 899 2673 971; x_wconf 69' lang='grc' dir='ltr'>[ιιι</span> <span class='ocrx_word' id='word_1_156' title='bbox 2706 897 2762 970; x_wconf 84' lang='lat' dir='ltr'><strong>a]</strong></span> <span class='ocrx_word' id='word_1_157' title='bbox 2803 897 3036 961; x_wconf 82' lang='grc' dir='ltr'>οὐδενὸς.</span> <span class='ocrx_word' id='word_1_158' title='bbox 3072 899 3121 951; x_wconf 81' lang='grc' dir='ltr'><strong>εἰ</strong></span> <span class='ocrx_word' id='word_1_159' title='bbox 3166 896 3244 968; x_wconf 83' lang='grc' dir='ltr'>μὴ</span> <span class='ocrx_word' id='word_1_160' title='bbox 3290 896 3394 966; x_wconf 76' lang='grc' dir='ltr'>τῆς</span> <span class='ocrx_word' id='word_1_161' title='bbox 3417 894 3573 966; x_wconf 80' lang='grc' dir='ltr'>ἡμῶν</span> <span class='ocrx_word' id='word_1_162' title='bbox 3609 893 3742 964; x_wconf 79' lang='grc' dir='ltr'><strong>ὠφε-</strong></span> 
     </span>
    </p>
   </div>
   <div class='ocr_carea' id='block_1_24' title="bbox 2180 984 3746 1061">
    <p class='ocr_par' dir='ltr' id='par_1_24' title="bbox 2180 984 3746 1061">
     <span class='ocr_line' id='line_1_24' title="bbox 2180 984 3746 1061; baseline -0.002 -19"><span class='ocrx_word' id='word_1_163' title='bbox 2180 988 2377 1058; x_wconf 83' lang='grc' dir='ltr'>λείας),</span> <span class='ocrx_word' id='word_1_164' title='bbox 2403 986 2728 1061; x_wconf 82' lang='grc' dir='ltr'><strong>προσκυνῶν</strong></span> <span class='ocrx_word' id='word_1_165' title='bbox 2755 1005 2813 1041; x_wconf 90' lang='grc' dir='ltr'><strong>τε</strong></span> <span class='ocrx_word' id='word_1_166' title='bbox 2841 987 2936 1042; x_wconf 78' lang='grc' dir='ltr'><strong>καὶ</strong></span> <span class='ocrx_word' id='word_1_167' title='bbox 2965 985 3228 1053; x_wconf 77' lang='grc' dir='ltr'><strong>δοξάζων,</strong></span> <span class='ocrx_word' id='word_1_168' title='bbox 3261 985 3353 1039; x_wconf 79' lang='grc' dir='ltr'><strong>καὶ</strong></span> <span class='ocrx_word' id='word_1_169' title='bbox 3382 987 3516 1057; x_wconf 81' lang='grc' dir='ltr'>πρὸς</span> <span class='ocrx_word' id='word_1_170' title='bbox 3535 984 3746 1053; x_wconf 83' lang='grc' dir='ltr'>δύναμιν</span> 
     </span>
    </p>
   </div>
   <div class='ocr_carea' id='block_1_25' title="bbox 2180 1077 3748 1153">
    <p class='ocr_par' dir='ltr' id='par_1_25' title="bbox 2180 1077 3748 1153">
     <span class='ocr_line' id='line_1_25' title="bbox 2180 1077 3748 1153; baseline -0.003 -18"><span class='ocrx_word' id='word_1_171' title='bbox 2180 1082 2279 1153; x_wconf 78' lang='grc' dir='ltr'><strong>τὴν</strong></span> <span class='ocrx_word' id='word_1_172' title='bbox 2342 1077 2510 1136; x_wconf 84' lang='grc' dir='ltr'>οὖσάν</span> <span class='ocrx_word' id='word_1_173' title='bbox 2566 1098 2656 1153; x_wconf 89' lang='grc' dir='ltr'>μοι</span> <span class='ocrx_word' id='word_1_174' title='bbox 2708 1078 3075 1151; x_wconf 76' lang='grc' dir='ltr'><strong>ἐγκωμιάζων</strong></span> <span class='ocrx_word' id='word_1_175' title='bbox 3137 1079 3341 1150; x_wconf 73' lang='grc' dir='ltr'>αὐτήνο</span> <span class='ocrx_word' id='word_1_176' title='bbox 3398 1077 3431 1148; x_wconf 83' lang='grc' dir='ltr'>ἢ</span> <span class='ocrx_word' id='word_1_177' title='bbox 3479 1077 3538 1130; x_wconf 85' lang='grc' dir='ltr'><strong>ού</strong></span> <span class='ocrx_word' id='word_1_178' title='bbox 3591 1077 3748 1132; x_wconf 78' lang='grc' dir='ltr'>πολλὰ</span> 
     </span>
    </p>
   </div>
   <div class='ocr_carea' id='block_1_26' title="bbox 2181 1167 3746 1245">
    <p class='ocr_par' dir='ltr' id='par_1_26' title="bbox 2181 1167 3746 1245">
     <span class='ocr_line' id='line_1_26' title="bbox 2181 1167 3746 1245; baseline -0.003 -20"><span class='ocrx_word' id='word_1_179' title='bbox 2181 1172 2320 1244; x_wconf 74' lang='grc' dir='ltr'><strong>ἔφην</strong></span> <span class='ocrx_word' id='word_1_180' title='bbox 2357 1172 2664 1228; x_wconf 76' lang='grc' dir='ltr'>ἀδικεῖσθαι</span> <span class='ocrx_word' id='word_1_181' title='bbox 2697 1172 2833 1245; x_wconf 83' lang='grc' dir='ltr'>πρὸς</span> <span class='ocrx_word' id='word_1_182' title='bbox 2866 1170 3078 1227; x_wconf 79' lang='grc' dir='ltr'>ἑαυτῶν</span> <span class='ocrx_word' id='word_1_183' title='bbox 3104 1171 3234 1235; x_wconf 81' lang='grc' dir='ltr'>τοὺς</span> <span class='ocrx_word' id='word_1_184' title='bbox 3266 1170 3340 1241; x_wconf 79' lang='grc' dir='ltr'><strong>μὴ</strong></span> <span class='ocrx_word' id='word_1_185' title='bbox 3365 1167 3746 1233; x_wconf 75' lang='grc' dir='ltr'><strong>σπουδάζοντας</strong></span> 
     </span>
    </p>
   </div>
   <div class='ocr_carea' id='block_1_27' title="bbox 2183 1261 3749 1337">
    <p class='ocr_par' dir='ltr' id='par_1_27' title="bbox 2183 1261 3749 1337">
     <span class='ocr_line' id='line_1_27' title="bbox 2183 1261 3749 1337; baseline -0.004 -17"><span class='ocrx_word' id='word_1_186' title='bbox 2183 1267 2348 1336; x_wconf 80' lang='grc' dir='ltr'>σοφόν</span> <span class='ocrx_word' id='word_1_187' title='bbox 2405 1284 2458 1320; x_wconf 89' lang='grc' dir='ltr'>τι</span> <span class='ocrx_word' id='word_1_188' title='bbox 2503 1267 2633 1337; x_wconf 78' lang='grc' dir='ltr'>περὶ</span> <span class='ocrx_word' id='word_1_189' title='bbox 2695 1265 2903 1336; x_wconf 78' lang='grc' dir='ltr'>αὐτῆς,</span> <span class='ocrx_word' id='word_1_190' title='bbox 2945 1266 2979 1337; x_wconf 76' lang='grc' dir='ltr'><strong>ἢ</strong></span> <span class='ocrx_word' id='word_1_191' title='bbox 3041 1264 3256 1336; x_wconf 81' lang='grc' dir='ltr'><strong>μαθεῖν,</strong></span> <span class='ocrx_word' id='word_1_192' title='bbox 3296 1262 3330 1333; x_wconf 79' lang='grc' dir='ltr'><strong>ἢ</strong></span> <span class='ocrx_word' id='word_1_193' title='bbox 3380 1261 3604 1328; x_wconf 78' lang='grc' dir='ltr'><strong>διδάξαι.</strong></span> <span class='ocrx_word' id='word_1_194' title='bbox 3648 1262 3749 1314; x_wconf 73' lang='grc' dir='ltr'><strong>Καὶ</strong></span> 
     </span>
    </p>
   </div>
   <div class='ocr_carea' id='block_1_28' title="bbox 2181 1352 3751 1427">
    <p class='ocr_par' dir='ltr' id='par_1_28' title="bbox 2181 1352 3751 1427">
     <span class='ocr_line' id='line_1_28' title="bbox 2181 1352 3751 1427; baseline -0.002 -18"><span class='ocrx_word' id='word_1_195' title='bbox 2181 1355 2278 1409; x_wconf 84' lang='grc' dir='ltr'>νῦν</span> <span class='ocrx_word' id='word_1_196' title='bbox 2315 1357 2372 1410; x_wconf 86' lang='grc' dir='ltr'>δὲ</span> <span class='ocrx_word' id='word_1_197' title='bbox 2418 1357 2664 1427; x_wconf 77' lang='grc' dir='ltr'><strong>συνήθως</strong></span> <span class='ocrx_word' id='word_1_198' title='bbox 2710 1354 3008 1418; x_wconf 82' lang='grc' dir='ltr'><strong>πιστεύων,</strong></span> <span class='ocrx_word' id='word_1_199' title='bbox 3055 1355 3133 1417; x_wconf 84' lang='grc' dir='ltr'>ὡς</span> <span class='ocrx_word' id='word_1_200' title='bbox 3173 1353 3414 1425; x_wconf 75' lang='grc' dir='ltr'>σταθερὰ</span> <span class='ocrx_word' id='word_1_201' title='bbox 3445 1353 3541 1407; x_wconf 71' lang='grc' dir='ltr'>καὶ</span> <span class='ocrx_word' id='word_1_202' title='bbox 3572 1352 3751 1423; x_wconf 76' lang='grc' dir='ltr'>βέσαια</span> 
     </span>
    </p>
   </div>
   <div class='ocr_carea' id='block_1_29' title="bbox 2182 1440 3751 1520">
    <p class='ocr_par' dir='ltr' id='par_1_29' title="bbox 2182 1440 3751 1520">
     <span class='ocr_line' id='line_1_29' title="bbox 2182 1440 3751 1520; baseline -0.001 -21"><span class='ocrx_word' id='word_1_203' title='bbox 2182 1446 2371 1502; x_wconf 81' lang='grc' dir='ltr'>ἐκεῖνά</span> <span class='ocrx_word' id='word_1_204' title='bbox 2413 1446 2561 1501; x_wconf 83' lang='grc' dir='ltr'>ἐστιν</span> <span class='ocrx_word' id='word_1_205' title='bbox 2605 1446 2764 1518; x_wconf 86' lang='grc' dir='ltr'>μόνα,</span> <span class='ocrx_word' id='word_1_206' title='bbox 2801 1440 2878 1501; x_wconf 82' lang='grc' dir='ltr'><strong>ὧν</strong></span> <span class='ocrx_word' id='word_1_207' title='bbox 2908 1449 3233 1520; x_wconf 87' lang='grc' dir='ltr'>προηγεῖται</span> <span class='ocrx_word' id='word_1_208' title='bbox 3274 1446 3437 1518; x_wconf 84' lang='grc' dir='ltr'>αῦτη,</span> <span class='ocrx_word' id='word_1_209' title='bbox 3474 1445 3751 1499; x_wconf 75' lang='grc' dir='ltr'>ἀνατείνων</span> 
     </span>
    </p>
   </div>
   <div class='ocr_carea' id='block_1_30' title="bbox 2184 1537 3750 1611">
    <p class='ocr_par' dir='ltr' id='par_1_30' title="bbox 2184 1537 3750 1611">
     <span class='ocr_line' id='line_1_30' title="bbox 2184 1537 3750 1611; baseline -0.001 -19"><span class='ocrx_word' id='word_1_210' title='bbox 2184 1540 2282 1592; x_wconf 76' lang='grc' dir='ltr'><strong>σὺν</strong></span> <span class='ocrx_word' id='word_1_211' title='bbox 2317 1537 2395 1609; x_wconf 85' lang='grc' dir='ltr'>τῷ</span> <span class='ocrx_word' id='word_1_212' title='bbox 2444 1537 2658 1609; x_wconf 87' lang='grc' dir='ltr'>σώματι</span> <span class='ocrx_word' id='word_1_213' title='bbox 2701 1538 2805 1607; x_wconf 81' lang='grc' dir='ltr'>τῆς</span> <span class='ocrx_word' id='word_1_214' title='bbox 2846 1538 3089 1603; x_wconf 79' lang='grc' dir='ltr'>διανοίας</span> <span class='ocrx_word' id='word_1_215' title='bbox 3129 1539 3199 1592; x_wconf 81' lang='grc' dir='ltr'>τὰ</span> <span class='ocrx_word' id='word_1_216' title='bbox 3227 1539 3472 1611; x_wconf 70' lang='grc' dir='ltr'>θμματα,</span> <span class='ocrx_word' id='word_1_217' title='bbox 3511 1538 3750 1608; x_wconf 77' lang='grc' dir='ltr'>λίσσομαι</span> 
     </span>
    </p>
   </div>
   <div class='ocr_carea' id='block_1_31' title="bbox 2183 1629 3750 1702">
    <p class='ocr_par' dir='ltr' id='par_1_31' title="bbox 2183 1629 3750 1702">
     <span class='ocr_line' id='line_1_31' title="bbox 2183 1629 3750 1702; baseline -0.002 -17"><span class='ocrx_word' id='word_1_218' title='bbox 2183 1629 2327 1702; x_wconf 78' lang='grc' dir='ltr'>ὑπέρ</span> <span class='ocrx_word' id='word_1_219' title='bbox 2383 1646 2444 1683; x_wconf 88' lang='grc' dir='ltr'>τε</span> <span class='ocrx_word' id='word_1_220' title='bbox 2500 1630 2744 1701; x_wconf 88' lang='grc' dir='ltr'>ἐμαυτοῦ</span> <span class='ocrx_word' id='word_1_221' title='bbox 2785 1630 2880 1685; x_wconf 81' lang='grc' dir='ltr'><strong>καὶ</strong></span> <span class='ocrx_word' id='word_1_222' title='bbox 2918 1630 3029 1684; x_wconf 90' lang='grc' dir='ltr'><strong>τῶν</strong></span> <span class='ocrx_word' id='word_1_223' title='bbox 3079 1629 3139 1695; x_wconf 80' lang='grc' dir='ltr'>ἐξ</span> <span class='ocrx_word' id='word_1_224' title='bbox 3187 1630 3345 1700; x_wconf 86' lang='grc' dir='ltr'>ἐμοῦ,</span> <span class='ocrx_word' id='word_1_225' title='bbox 3391 1629 3623 1683; x_wconf 73' lang='grc' dir='ltr'>καὶτῶν</span> <span class='ocrx_word' id='word_1_226' title='bbox 3664 1631 3750 1682; x_wconf 82' lang='grc' dir='ltr'><strong>ἀπ’</strong></span> 
     </span>
    </p>
   </div>
   <div class='ocr_carea' id='block_1_32' title="bbox 2183 1718 3752 1793">
    <p class='ocr_par' dir='ltr' id='par_1_32' title="bbox 2183 1718 3752 1793">
     <span class='ocr_line' id='line_1_32' title="bbox 2183 1718 3752 1793; baseline -0.003 -17"><span class='ocrx_word' id='word_1_227' title='bbox 2183 1722 2365 1776; x_wconf 81' lang='grc' dir='ltr'>αὐτῶν</span> <span class='ocrx_word' id='word_1_228' title='bbox 2416 1721 2590 1776; x_wconf 76' lang='grc' dir='ltr'>ὅντων</span> <span class='ocrx_word' id='word_1_229' title='bbox 2626 1738 2686 1775; x_wconf 88' lang='grc' dir='ltr'><strong>τε</strong></span> <span class='ocrx_word' id='word_1_230' title='bbox 2732 1721 2827 1776; x_wconf 75' lang='grc' dir='ltr'>καὶ</span> <span class='ocrx_word' id='word_1_231' title='bbox 2870 1721 3174 1793; x_wconf 80' lang='grc' dir='ltr'>ἐσομένων,</span> <span class='ocrx_word' id='word_1_232' title='bbox 3219 1721 3302 1774; x_wconf 86' lang='grc' dir='ltr'>ἐτι</span> <span class='ocrx_word' id='word_1_233' title='bbox 3339 1720 3447 1792; x_wconf 79' lang='grc' dir='ltr'><strong>μὴν</strong></span> <span class='ocrx_word' id='word_1_234' title='bbox 3493 1721 3585 1774; x_wconf 78' lang='grc' dir='ltr'>καὶ</span> <span class='ocrx_word' id='word_1_235' title='bbox 3623 1718 3752 1792; x_wconf 81' lang='grc' dir='ltr'><strong>ὑπὲρ</strong></span> 
     </span>
    </p>
   </div>
   <div class='ocr_carea' id='block_1_33' title="bbox 2185 1811 3752 1887">
    <p class='ocr_par' dir='ltr' id='par_1_33' title="bbox 2185 1811 3752 1887">
     <span class='ocr_line' id='line_1_33' title="bbox 2185 1811 3752 1887; baseline -0.002 -19"><span class='ocrx_word' id='word_1_236' title='bbox 2185 1816 2426 1880; x_wconf 75' lang='grc' dir='ltr'>πάντων,</span> <span class='ocrx_word' id='word_1_237' title='bbox 2475 1814 2801 1886; x_wconf 82' lang='grc' dir='ltr'><strong>πειθόμενος</strong></span> <span class='ocrx_word' id='word_1_238' title='bbox 2842 1814 2921 1886; x_wconf 84' lang='grc' dir='ltr'>τῷ</span> <span class='ocrx_word' id='word_1_239' title='bbox 2962 1814 3509 1887; x_wconf 84' lang='grc' dir='ltr'><strong>παρακελευσαμένῳ</strong></span> <span class='ocrx_word' id='word_1_240' title='bbox 3552 1811 3752 1881; x_wconf 76' lang='grc' dir='ltr'>Σωτῆρι</span> 
     </span>
    </p>
   </div>
   <div class='ocr_carea' id='block_1_34' title="bbox 488 1883 2079 1980">
    <p class='ocr_par' dir='ltr' id='par_1_34' title="bbox 488 1883 2077 1977">
     <span class='ocr_line' id='line_1_34' title="bbox 488 1883 2077 1977; baseline -0.001 -16"><span class='ocrx_word' id='word_1_241' title='bbox 488 1883 726 1967; x_wconf 81' lang='lat' dir='ltr'><strong>stabilia,</strong></span> <span class='ocrx_word' id='word_1_242' title='bbox 754 1913 809 1959; x_wconf 80' lang='lat' dir='ltr'><strong>et</strong></span> <span class='ocrx_word' id='word_1_243' title='bbox 840 1903 994 1958; x_wconf 83' lang='lat' dir='ltr'><strong>firma</strong></span> <span class='ocrx_word' id='word_1_244' title='bbox 1030 1916 1152 1958; x_wconf 85' lang='lat' dir='ltr'><strong>esse</strong></span> <span class='ocrx_word' id='word_1_245' title='bbox 1201 1905 1447 1971; x_wconf 85' lang='lat' dir='ltr'><strong>credam,</strong></span> <span class='ocrx_word' id='word_1_246' title='bbox 1497 1921 1619 1977; x_wconf 53' lang='lat' dir='ltr'><strong>quae.</strong></span> <span class='ocrx_word' id='word_1_247' title='bbox 1671 1904 1913 1960; x_wconf 84' lang='lat' dir='ltr'><strong>Trinitas</strong></span> <span class='ocrx_word' id='word_1_248' title='bbox 1964 1906 2077 1973; x_wconf 88' lang='lat' dir='ltr'><strong>ipsa</strong></span> 
     </span>
    </p>
   </div>
   <div class='ocr_carea' id='block_1_35' title="bbox 2185 1883 3752 1980">
    <p class='ocr_par' dir='ltr' id='par_1_35' title="bbox 2185 1883 3752 1980">
     <span class='ocr_line' id='line_1_35' title="bbox 2185 1883 3752 1980; baseline -0.003 -19"><span class='ocrx_word' id='word_1_249' title='bbox 2185 1906 2406 1979; x_wconf 79' lang='grc' dir='ltr'>Χριστῷ</span> <span class='ocrx_word' id='word_1_250' title='bbox 2445 1883 2700 1978; x_wconf 76' lang='grc' dir='ltr'><strong>εὔχεσθαι</strong></span> <span class='ocrx_word' id='word_1_251' title='bbox 2750 1883 2903 1980; x_wconf 80' lang='grc' dir='ltr'>ὑπὲρ</span> <span class='ocrx_word' id='word_1_252' title='bbox 2933 1883 3198 1980; x_wconf 61' lang='grc' dir='ltr'>ἀλλήλων,</span> <span class='ocrx_word' id='word_1_253' title='bbox 3242 1883 3440 1975; x_wconf 81' lang='grc' dir='ltr'>λέγων,</span> <span class='ocrx_word' id='word_1_254' title='bbox 3475 1904 3615 1975; x_wconf 81' lang='grc' dir='ltr'>ἆπερ</span> <span class='ocrx_word' id='word_1_255' title='bbox 3639 1905 3667 1957; x_wconf 81' lang='grc' dir='ltr'>ὁ</span> <span class='ocrx_word' id='word_1_256' title='bbox 3699 1905 3752 1956; x_wconf 88' lang='grc' dir='ltr'>ἐν</span> 
     </span>
    </p>
   </div>
   <div class='ocr_carea' id='block_1_36' title="bbox 486 1995 2076 2068">
    <p class='ocr_par' dir='ltr' id='par_1_36' title="bbox 486 1995 2076 2068">
     <span class='ocr_line' id='line_1_36' title="bbox 486 1995 2076 2068; baseline -0.001 -17"><span class='ocrx_word' id='word_1_257' title='bbox 486 1996 795 2068; x_wconf 70' lang='lat' dir='ltr'><strong>prmcurrit,</strong></span> <span class='ocrx_word' id='word_1_258' title='bbox 846 1995 1046 2051; x_wconf 85' lang='lat' dir='ltr'><strong>mentis</strong></span> <span class='ocrx_word' id='word_1_259' title='bbox 1069 1995 1259 2053; x_wconf 90' lang='lat' dir='ltr'><strong>oculos</strong></span> <span class='ocrx_word' id='word_1_260' title='bbox 1306 1996 1447 2067; x_wconf 77' lang='grc'><strong>(52),</strong></span> <span class='ocrx_word' id='word_1_261' title='bbox 1489 2005 1548 2051; x_wconf 89' lang='lat' dir='ltr'><strong>ut</strong></span> <span class='ocrx_word' id='word_1_262' title='bbox 1589 1997 1761 2064; x_wconf 87' lang='lat' dir='ltr'><strong>soleo,</strong></span> <span class='ocrx_word' id='word_1_263' title='bbox 1812 2011 1919 2051; x_wconf 91' lang='lat' dir='ltr'><strong>una</strong></span> <span class='ocrx_word' id='word_1_264' title='bbox 1955 2011 2076 2051; x_wconf 92' lang='lat' dir='ltr'><strong>cum</strong></span> 
     </span>
    </p>
   </div>
   <div class='ocr_carea' id='block_1_37' title="bbox 489 2078 2079 2162">
    <p class='ocr_par' dir='ltr' id='par_1_37' title="bbox 489 2078 2079 2162">
     <span class='ocr_line' id='line_1_37' title="bbox 489 2078 2079 2162; baseline 0 -17"><span class='ocrx_word' id='word_1_265' title='bbox 489 2104 722 2160; x_wconf 89' lang='lat' dir='ltr'><strong>corpore</strong></span> <span class='ocrx_word' id='word_1_266' title='bbox 746 2105 964 2144; x_wconf 80' lang='lat' dir='ltr'><strong>sursum</strong></span> <span class='ocrx_word' id='word_1_267' title='bbox 1015 2090 1305 2146; x_wconf 89' lang='lat' dir='ltr'><strong>intendens</strong></span> <span class='ocrx_word' id='word_1_268' title='bbox 1358 2089 1470 2161; x_wconf 82' lang='grc'><strong>(55)</strong></span> <span class='ocrx_word' id='word_1_269' title='bbox 1514 2092 1758 2162; x_wconf 90' lang='lat' dir='ltr'><strong>supplico</strong></span> <span class='ocrx_word' id='word_1_270' title='bbox 1807 2078 1930 2146; x_wconf 89' lang='lat' dir='ltr'><strong>cum</strong></span> <span class='ocrx_word' id='word_1_271' title='bbox 1979 2105 2079 2159; x_wconf 87' lang='lat' dir='ltr'><strong>pro</strong></span> 
     </span>
    </p>
   </div>
   <div class='ocr_carea' id='block_1_38' title="bbox 490 2180 2080 2252">
    <p class='ocr_par' dir='ltr' id='par_1_38' title="bbox 490 2180 2080 2252">
     <span class='ocr_line' id='line_1_38' title="bbox 490 2180 2080 2252; baseline 0.001 -17"><span class='ocrx_word' id='word_1_272' title='bbox 490 2197 579 2235; x_wconf 85' lang='lat' dir='ltr'><strong>tne</strong></span> <span class='ocrx_word' id='word_1_273' title='bbox 611 2181 750 2250; x_wconf 91' lang='lat' dir='ltr'><strong>ipso,</strong></span> <span class='ocrx_word' id='word_1_274' title='bbox 784 2189 897 2235; x_wconf 85' lang='lat' dir='ltr'><strong>tum</strong></span> <span class='ocrx_word' id='word_1_275' title='bbox 931 2195 1031 2249; x_wconf 88' lang='lat' dir='ltr'><strong>pro</strong></span> <span class='ocrx_word' id='word_1_276' title='bbox 1061 2180 1151 2246; x_wconf 87' lang='lat' dir='ltr'><strong>iis,</strong></span> <span class='ocrx_word' id='word_1_277' title='bbox 1180 2183 1274 2252; x_wconf 90' lang='lat' dir='ltr'><strong>qui</strong></span> <span class='ocrx_word' id='word_1_278' title='bbox 1309 2182 1416 2236; x_wconf 86' lang='lat' dir='ltr'><strong>orti</strong></span> <span class='ocrx_word' id='word_1_279' title='bbox 1447 2193 1574 2237; x_wconf 87' lang='lat' dir='ltr'><strong>sunt</strong></span> <span class='ocrx_word' id='word_1_280' title='bbox 1602 2198 1669 2237; x_wconf 80' lang='lat' dir='ltr'><strong>ex</strong></span> <span class='ocrx_word' id='word_1_281' title='bbox 1703 2197 1811 2247; x_wconf 89' lang='lat' dir='ltr'><strong>me,</strong></span> <span class='ocrx_word' id='word_1_282' title='bbox 1841 2193 1952 2237; x_wconf 88' lang='lat' dir='ltr'><strong>tum</strong></span> <span class='ocrx_word' id='word_1_283' title='bbox 1982 2197 2080 2251; x_wconf 93' lang='lat' dir='ltr'><strong>pro</strong></span> 
     </span>
    </p>
   </div>
   <div class='ocr_carea' id='block_1_39' title="bbox 489 2273 2077 2343">
    <p class='ocr_par' dir='ltr' id='par_1_39' title="bbox 489 2273 2077 2343">
     <span class='ocr_line' id='line_1_39' title="bbox 489 2273 2077 2343; baseline 0.001 -15"><span class='ocrx_word' id='word_1_284' title='bbox 489 2273 578 2339; x_wconf 87' lang='lat' dir='ltr'><strong>iis,</strong></span> <span class='ocrx_word' id='word_1_285' title='bbox 612 2274 703 2343; x_wconf 85' lang='lat' dir='ltr'><strong>qui</strong></span> <span class='ocrx_word' id='word_1_286' title='bbox 737 2289 804 2329; x_wconf 75' lang='lat' dir='ltr'><strong>ex</strong></span> <span class='ocrx_word' id='word_1_287' title='bbox 837 2273 974 2343; x_wconf 79' lang='lat' dir='ltr'><strong>ipsis</strong></span> <span class='ocrx_word' id='word_1_288' title='bbox 1027 2273 1138 2327; x_wconf 90' lang='lat' dir='ltr'><strong>nati</strong></span> <span class='ocrx_word' id='word_1_289' title='bbox 1193 2283 1341 2340; x_wconf 88' lang='lat' dir='ltr'><strong>sunt,</strong></span> <span class='ocrx_word' id='word_1_290' title='bbox 1368 2284 1424 2329; x_wconf 89' lang='lat' dir='ltr'><strong>et</strong></span> <span class='ocrx_word' id='word_1_291' title='bbox 1463 2286 1788 2339; x_wconf 88' lang='lat' dir='ltr'><strong>nascentur;</strong></span> <span class='ocrx_word' id='word_1_292' title='bbox 1830 2290 1894 2329; x_wconf 90' lang='lat' dir='ltr'><strong>ac</strong></span> <span class='ocrx_word' id='word_1_293' title='bbox 1924 2274 2077 2329; x_wconf 86' lang='lat' dir='ltr'><strong>insu-</strong></span> 
     </span>
    </p>
   </div>
   <div class='ocr_carea' id='block_1_40' title="bbox 489 2363 2076 2435">
    <p class='ocr_par' dir='ltr' id='par_1_40' title="bbox 489 2363 2076 2435">
     <span class='ocr_line' id='line_1_40' title="bbox 489 2363 2076 2435; baseline 0.002 -17"><span class='ocrx_word' id='word_1_294' title='bbox 489 2379 586 2435; x_wconf 89' lang='lat' dir='ltr'><strong>per</strong></span> <span class='ocrx_word' id='word_1_295' title='bbox 615 2365 883 2420; x_wconf 80' lang='lat' dir='ltr'><strong>Salvatari</strong></span> <span class='ocrx_word' id='word_1_296' title='bbox 913 2363 1131 2420; x_wconf 86' lang='lat' dir='ltr'><strong>Christo</strong></span> <span class='ocrx_word' id='word_1_297' title='bbox 1160 2365 1443 2431; x_wconf 70' lang='lat' dir='ltr'><strong>obetlieus,</strong></span> <span class='ocrx_word' id='word_1_298' title='bbox 1495 2368 1587 2435; x_wconf 89' lang='lat' dir='ltr'><strong>qui</strong></span> <span class='ocrx_word' id='word_1_299' title='bbox 1630 2382 1790 2422; x_wconf 91' lang='lat' dir='ltr'><strong>orare</strong></span> <span class='ocrx_word' id='word_1_300' title='bbox 1845 2367 2076 2422; x_wconf 90' lang='lat' dir='ltr'><strong>alterum</strong></span> 
     </span>
    </p>
   </div>
   <div class='ocr_carea' id='block_1_41' title="bbox 488 2455 2081 2529">
    <p class='ocr_par' dir='ltr' id='par_1_41' title="bbox 488 2455 2081 2529">
     <span class='ocr_line' id='line_1_41' title="bbox 488 2455 2081 2529; baseline 0.003 -21"><span class='ocrx_word' id='word_1_301' title='bbox 488 2470 592 2527; x_wconf 88' lang='lat' dir='ltr'><strong>pro</strong></span> <span class='ocrx_word' id='word_1_302' title='bbox 628 2456 800 2510; x_wconf 90' lang='lat' dir='ltr'><strong>altero</strong></span> <span class='ocrx_word' id='word_1_303' title='bbox 822 2470 922 2512; x_wconf 89' lang='lat' dir='ltr'><strong>nos</strong></span> <span class='ocrx_word' id='word_1_304' title='bbox 946 2455 1129 2525; x_wconf 85' lang='lat' dir='ltr'><strong>jussit,</strong></span> <span class='ocrx_word' id='word_1_305' title='bbox 1161 2470 1260 2527; x_wconf 88' lang='lat' dir='ltr'><strong>pro</strong></span> <span class='ocrx_word' id='word_1_306' title='bbox 1284 2458 1555 2513; x_wconf 88' lang='lat' dir='ltr'><strong>universis</strong></span> <span class='ocrx_word' id='word_1_307' title='bbox 1583 2458 1892 2514; x_wconf 89' lang='lat' dir='ltr'><strong>hominibus</strong></span> <span class='ocrx_word' id='word_1_308' title='bbox 1916 2457 2081 2529; x_wconf 75' lang='lat'><strong>306</strong></span> 
     </span>
    </p>
   </div>
   <div class='ocr_carea' id='block_1_42' title="bbox 490 2549 2080 2623">
    <p class='ocr_par' dir='ltr' id='par_1_42' title="bbox 490 2549 2080 2623">
     <span class='ocr_line' id='line_1_42' title="bbox 490 2549 2080 2623; baseline 0.002 -19"><span class='ocrx_word' id='word_1_309' title='bbox 490 2549 760 2618; x_wconf 88' lang='lat' dir='ltr'><strong>supplico,</strong></span> <span class='ocrx_word' id='word_1_310' title='bbox 804 2564 867 2605; x_wconf 90' lang='lat' dir='ltr'><strong>ea</strong></span> <span class='ocrx_word' id='word_1_311' title='bbox 915 2549 1124 2617; x_wconf 89' lang='lat' dir='ltr'><strong>dicens,</strong></span> <span class='ocrx_word' id='word_1_312' title='bbox 1174 2567 1296 2623; x_wconf 68' lang='lat' dir='ltr'><strong>qua:</strong></span> <span class='ocrx_word' id='word_1_313' title='bbox 1345 2550 1553 2607; x_wconf 83' lang='lat' dir='ltr'><strong>Psaltes</strong></span> <span class='ocrx_word' id='word_1_314' title='bbox 1600 2552 1654 2606; x_wconf 90' lang='lat' dir='ltr'><strong>in</strong></span> <span class='ocrx_word' id='word_1_315' title='bbox 1712 2567 1820 2606; x_wconf 69' lang='grc' dir='ltr'><strong>ιιι</strong></span> <span class='ocrx_word' id='word_1_316' title='bbox 1866 2552 2080 2621; x_wconf 85' lang='lat' dir='ltr'><strong>psalmo</strong></span> 
     </span>
    </p>
   </div>
   <div class='ocr_carea' id='block_1_43' title="bbox 490 2641 2079 2716">
    <p class='ocr_par' dir='ltr' id='par_1_43' title="bbox 490 2641 2079 2716">
     <span class='ocr_line' id='line_1_43' title="bbox 490 2641 2079 2716; baseline 0.003 -20"><span class='ocrx_word' id='word_1_317' title='bbox 490 2657 657 2697; x_wconf 87' lang='lat' dir='ltr'><strong>orans</strong></span> <span class='ocrx_word' id='word_1_318' title='bbox 687 2641 764 2696; x_wconf 86' lang='lat' dir='ltr'><strong>ait</strong></span> <span class='ocrx_word' id='word_1_319' title='bbox 793 2660 809 2697; x_wconf 91' lang='lat'><strong>:</strong></span> <span class='ocrx_word' id='word_1_320' title='bbox 845 2661 865 2695; x_wconf 72' lang='grc' dir='ltr'><strong>ι</strong></span> <span class='ocrx_word' id='word_1_321' title='bbox 900 2642 954 2697; x_wconf 92' lang='lat' dir='ltr'><strong>lu</strong></span> <span class='ocrx_word' id='word_1_322' title='bbox 989 2655 1063 2709; x_wconf 91' lang='lat' dir='ltr'><strong>te,</strong></span> <span class='ocrx_word' id='word_1_323' title='bbox 1098 2644 1322 2699; x_wconf 90' lang='lat' dir='ltr'><strong>Domine</strong></span> <span class='ocrx_word' id='word_1_324' title='bbox 1349 2644 1488 2716; x_wconf 70' lang='grc'><strong>(54),</strong></span> <span class='ocrx_word' id='word_1_325' title='bbox 1522 2645 1760 2715; x_wconf 87' lang='lat' dir='ltr'><strong>speravi,</strong></span> <span class='ocrx_word' id='word_1_326' title='bbox 1816 2660 1884 2701; x_wconf 90' lang='lat' dir='ltr'><strong>ne</strong></span> <span class='ocrx_word' id='word_1_327' title='bbox 1945 2661 2079 2701; x_wconf 89' lang='lat' dir='ltr'><strong>con-</strong></span> 
     </span>
    </p>
   </div>
   <div class='ocr_carea' id='block_1_44' title="bbox 495 2733 2081 2806">
    <p class='ocr_par' dir='ltr' id='par_1_44' title="bbox 495 2733 2081 2806">
     <span class='ocr_line' id='line_1_44' title="bbox 495 2733 2081 2806; baseline 0.002 -19"><span class='ocrx_word' id='word_1_328' title='bbox 495 2733 692 2789; x_wconf 90' lang='lat' dir='ltr'><strong>fundar</strong></span> <span class='ocrx_word' id='word_1_329' title='bbox 724 2734 776 2788; x_wconf 91' lang='lat' dir='ltr'><strong>in</strong></span> <span class='ocrx_word' id='word_1_330' title='bbox 803 2735 1103 2791; x_wconf 64' lang='lat' dir='ltr'><strong>saeculum:</strong></span> <span class='ocrx_word' id='word_1_331' title='bbox 1143 2736 1195 2790; x_wconf 90' lang='lat' dir='ltr'><strong>in</strong></span> <span class='ocrx_word' id='word_1_332' title='bbox 1227 2736 1439 2806; x_wconf 82' lang='lat' dir='ltr'><strong>justitia</strong></span> <span class='ocrx_word' id='word_1_333' title='bbox 1496 2745 1587 2789; x_wconf 91' lang='lat' dir='ltr'><strong>tua</strong></span> <span class='ocrx_word' id='word_1_334' title='bbox 1642 2736 1812 2790; x_wconf 88' lang='lat' dir='ltr'><strong>libera</strong></span> <span class='ocrx_word' id='word_1_335' title='bbox 1869 2751 1975 2801; x_wconf 91' lang='lat' dir='ltr'><strong>me,</strong></span> <span class='ocrx_word' id='word_1_336' title='bbox 2026 2746 2081 2792; x_wconf 89' lang='lat' dir='ltr'><strong>et</strong></span> 
     </span>
    </p>
   </div>
   <div class='ocr_carea' id='block_1_45' title="bbox 490 2826 2076 2895">
    <p class='ocr_par' dir='ltr' id='par_1_45' title="bbox 490 2826 2076 2895">
     <span class='ocr_line' id='line_1_45' title="bbox 490 2826 2076 2895; baseline 0.001 -13"><span class='ocrx_word' id='word_1_337' title='bbox 490 2828 641 2895; x_wconf 86' lang='lat' dir='ltr'><strong>eripe</strong></span> <span class='ocrx_word' id='word_1_338' title='bbox 670 2834 792 2891; x_wconf 88' lang='lat' dir='ltr'><strong>me&#39;;</strong></span> <span class='ocrx_word' id='word_1_339' title='bbox 825 2826 1025 2881; x_wconf 91' lang='lat' dir='ltr'><strong>inclina</strong></span> <span class='ocrx_word' id='word_1_340' title='bbox 1065 2827 1132 2882; x_wconf 87' lang='lat' dir='ltr'><strong>ad</strong></span> <span class='ocrx_word' id='word_1_341' title='bbox 1158 2842 1245 2882; x_wconf 90' lang='lat' dir='ltr'><strong>me</strong></span> <span class='ocrx_word' id='word_1_342' title='bbox 1279 2842 1466 2882; x_wconf 90' lang='lat' dir='ltr'><strong>aurem</strong></span> <span class='ocrx_word' id='word_1_343' title='bbox 1497 2836 1666 2893; x_wconf 90' lang='lat' dir='ltr'><strong>tuam,</strong></span> <span class='ocrx_word' id='word_1_344' title='bbox 1700 2839 1756 2882; x_wconf 89' lang='lat' dir='ltr'><strong>et</strong></span> <span class='ocrx_word' id='word_1_345' title='bbox 1788 2828 1937 2884; x_wconf 84' lang='lat' dir='ltr'><strong>salva</strong></span> <span class='ocrx_word' id='word_1_346' title='bbox 1972 2843 2076 2884; x_wconf 90' lang='lat' dir='ltr'><strong>me.</strong></span> 
     </span>
    </p>
   </div>
   <div class='ocr_carea' id='block_1_46' title="bbox 490 2916 2080 2990">
    <p class='ocr_par' dir='ltr' id='par_1_46' title="bbox 490 2916 2080 2990">
     <span class='ocr_line' id='line_1_46' title="bbox 490 2916 2080 2990; baseline 0.001 -19"><span class='ocrx_word' id='word_1_347' title='bbox 490 2916 625 2971; x_wconf 81' lang='lat' dir='ltr'><strong>Esto</strong></span> <span class='ocrx_word' id='word_1_348' title='bbox 657 2917 788 2971; x_wconf 89' lang='lat' dir='ltr'><strong>mihi</strong></span> <span class='ocrx_word' id='word_1_349' title='bbox 825 2917 877 2971; x_wconf 90' lang='lat' dir='ltr'><strong>in</strong></span> <span class='ocrx_word' id='word_1_350' title='bbox 919 2919 1085 2973; x_wconf 91' lang='lat' dir='ltr'><strong>Deum</strong></span> <span class='ocrx_word' id='word_1_351' title='bbox 1132 2929 1492 2988; x_wconf 83' lang='lat' dir='ltr'><strong>protectorem</strong></span> <span class='ocrx_word' id='word_1_352' title='bbox 1527 2920 1667 2990; x_wconf 83' lang='grc'><strong>(55),</strong></span> <span class='ocrx_word' id='word_1_353' title='bbox 1716 2929 1771 2975; x_wconf 88' lang='lat' dir='ltr'><strong>et</strong></span> <span class='ocrx_word' id='word_1_354' title='bbox 1810 2920 1864 2974; x_wconf 90' lang='lat' dir='ltr'><strong>in</strong></span> <span class='ocrx_word' id='word_1_355' title='bbox 1900 2920 2080 2975; x_wconf 90' lang='lat' dir='ltr'><strong>locum</strong></span> 
     </span>
    </p>
   </div>
   <div class='ocr_carea' id='block_1_47' title="bbox 490 3010 2081 3082">
    <p class='ocr_par' dir='ltr' id='par_1_47' title="bbox 490 3010 2081 3082">
     <span class='ocr_line' id='line_1_47' title="bbox 490 3010 2081 3082; baseline 0.001 -17"><span class='ocrx_word' id='word_1_356' title='bbox 490 3010 783 3075; x_wconf 88' lang='lat' dir='ltr'><strong>nmnitum,</strong></span> <span class='ocrx_word' id='word_1_357' title='bbox 814 3022 872 3065; x_wconf 92' lang='lat' dir='ltr'><strong>ut</strong></span> <span class='ocrx_word' id='word_1_358' title='bbox 895 3012 1104 3065; x_wconf 89' lang='lat' dir='ltr'><strong>salvum</strong></span> <span class='ocrx_word' id='word_1_359' title='bbox 1138 3026 1223 3067; x_wconf 89' lang='lat' dir='ltr'><strong>me</strong></span> <span class='ocrx_word' id='word_1_360' title='bbox 1250 3012 1449 3078; x_wconf 88' lang='lat' dir='ltr'><strong>facias,</strong></span> <span class='ocrx_word' id='word_1_361' title='bbox 1476 3012 1734 3082; x_wconf 88' lang='lat' dir='ltr'><strong>quoniam</strong></span> <span class='ocrx_word' id='word_1_362' title='bbox 1765 3012 2081 3067; x_wconf 75' lang='lat' dir='ltr'><strong>firmamen-</strong></span> 
     </span>
    </p>
   </div>
   <div class='ocr_carea' id='block_1_48' title="bbox 491 3106 2080 3175">
    <p class='ocr_par' dir='ltr' id='par_1_48' title="bbox 491 3106 2080 3175">
     <span class='ocr_line' id='line_1_48' title="bbox 491 3106 2080 3175; baseline 0.003 -18"><span class='ocrx_word' id='word_1_363' title='bbox 491 3112 605 3157; x_wconf 91' lang='lat' dir='ltr'><strong>tum</strong></span> <span class='ocrx_word' id='word_1_364' title='bbox 642 3120 839 3173; x_wconf 91' lang='lat' dir='ltr'><strong>meum,</strong></span> <span class='ocrx_word' id='word_1_365' title='bbox 868 3116 925 3161; x_wconf 92' lang='lat' dir='ltr'><strong>et</strong></span> <span class='ocrx_word' id='word_1_366' title='bbox 959 3106 1227 3175; x_wconf 76' lang='lat' dir='ltr'><strong>refugium</strong></span> <span class='ocrx_word' id='word_1_367' title='bbox 1258 3121 1437 3162; x_wconf 90' lang='lat' dir='ltr'><strong>meum</strong></span> <span class='ocrx_word' id='word_1_368' title='bbox 1468 3121 1528 3162; x_wconf 82' lang='lat' dir='ltr'><strong>es</strong></span> <span class='ocrx_word' id='word_1_369' title='bbox 1585 3114 1663 3163; x_wconf 92' lang='lat' dir='ltr'><strong>tu.</strong></span> <span class='ocrx_word' id='word_1_370' title='bbox 1709 3106 1853 3161; x_wconf 87' lang='lat' dir='ltr'><strong>Deus</strong></span> <span class='ocrx_word' id='word_1_371' title='bbox 1907 3121 2080 3173; x_wconf 82' lang='lat' dir='ltr'><strong>tuens,</strong></span> 
     </span>
    </p>
   </div>
   <div class='ocr_carea' id='block_1_49' title="bbox 488 3198 2081 3270">
    <p class='ocr_par' dir='ltr' id='par_1_49' title="bbox 488 3198 2081 3270">
     <span class='ocr_line' id='line_1_49' title="bbox 488 3198 2081 3270; baseline 0.001 -19"><span class='ocrx_word' id='word_1_372' title='bbox 488 3198 641 3267; x_wconf 88' lang='lat' dir='ltr'><strong>eripe</strong></span> <span class='ocrx_word' id='word_1_373' title='bbox 696 3214 782 3255; x_wconf 91' lang='lat' dir='ltr'><strong>me</strong></span> <span class='ocrx_word' id='word_1_374' title='bbox 836 3200 904 3255; x_wconf 90' lang='lat' dir='ltr'><strong>de</strong></span> <span class='ocrx_word' id='word_1_375' title='bbox 931 3215 1098 3255; x_wconf 87' lang='lat' dir='ltr'><strong>manu</strong></span> <span class='ocrx_word' id='word_1_376' title='bbox 1163 3200 1492 3270; x_wconf 86' lang='lat' dir='ltr'><strong>peccatoris,</strong></span> <span class='ocrx_word' id='word_1_377' title='bbox 1547 3199 1615 3254; x_wconf 86' lang='lat' dir='ltr'><strong>de</strong></span> <span class='ocrx_word' id='word_1_378' title='bbox 1667 3215 1830 3254; x_wconf 89' lang='lat' dir='ltr'><strong>manu</strong></span> <span class='ocrx_word' id='word_1_379' title='bbox 1889 3208 2081 3254; x_wconf 91' lang='lat' dir='ltr'><strong>contra</strong></span> 
     </span>
    </p>
   </div>
   <div class='ocr_carea' id='block_1_50' title="bbox 489 3289 2079 3363">
    <p class='ocr_par' dir='ltr' id='par_1_50' title="bbox 489 3289 2079 3363">
     <span class='ocr_line' id='line_1_50' title="bbox 489 3289 2079 3363; baseline -0.001 -18"><span class='ocrx_word' id='word_1_380' title='bbox 489 3289 665 3360; x_wconf 86' lang='lat' dir='ltr'><strong>legem</strong></span> <span class='ocrx_word' id='word_1_381' title='bbox 694 3293 905 3363; x_wconf 77' lang='lat' dir='ltr'><strong>agentis</strong></span> <span class='ocrx_word' id='word_1_382' title='bbox 950 3301 1006 3347; x_wconf 92' lang='lat' dir='ltr'><strong>et</strong></span> <span class='ocrx_word' id='word_1_383' title='bbox 1055 3291 1248 3362; x_wconf 89' lang='lat' dir='ltr'><strong>iniqui.</strong></span> <span class='ocrx_word' id='word_1_384' title='bbox 1298 3291 1564 3359; x_wconf 84' lang='lat' dir='ltr'><strong>Quoniam</strong></span> <span class='ocrx_word' id='word_1_385' title='bbox 1613 3300 1668 3345; x_wconf 91' lang='lat' dir='ltr'><strong>tu</strong></span> <span class='ocrx_word' id='word_1_386' title='bbox 1716 3304 1784 3346; x_wconf 85' lang='lat' dir='ltr'><strong>es</strong></span> <span class='ocrx_word' id='word_1_387' title='bbox 1818 3291 2079 3360; x_wconf 84' lang='lat' dir='ltr'><strong>patientia</strong></span> 
     </span>
    </p>
   </div>
   <div class='ocr_carea' id='block_1_51' title="bbox 492 3382 2078 3454">
    <p class='ocr_par' dir='ltr' id='par_1_51' title="bbox 492 3382 2078 3454">
     <span class='ocr_line' id='line_1_51' title="bbox 492 3382 2078 3454; baseline -0.001 -15"><span class='ocrx_word' id='word_1_388' title='bbox 492 3398 635 3451; x_wconf 89' lang='lat' dir='ltr'><strong>mea,</strong></span> <span class='ocrx_word' id='word_1_389' title='bbox 677 3382 925 3449; x_wconf 88' lang='lat' dir='ltr'><strong>Domine,</strong></span> <span class='ocrx_word' id='word_1_390' title='bbox 957 3383 1201 3449; x_wconf 87' lang='lat' dir='ltr'><strong>Domine,</strong></span> <span class='ocrx_word' id='word_1_391' title='bbox 1229 3398 1353 3452; x_wconf 88' lang='lat' dir='ltr'><strong>spes</strong></span> <span class='ocrx_word' id='word_1_392' title='bbox 1384 3397 1503 3437; x_wconf 88' lang='lat' dir='ltr'><strong>mea</strong></span> <span class='ocrx_word' id='word_1_393' title='bbox 1534 3400 1564 3437; x_wconf 85' lang='lat' dir='ltr'><strong>a</strong></span> <span class='ocrx_word' id='word_1_394' title='bbox 1595 3383 1883 3454; x_wconf 84' lang='lat' dir='ltr'><strong>juventute</strong></span> <span class='ocrx_word' id='word_1_395' title='bbox 1936 3396 2078 3437; x_wconf 87' lang='lat' dir='ltr'><strong>mea.</strong></span> 
     </span>
    </p>
   </div>
   <div class='ocr_carea' id='block_1_52' title="bbox 494 3471 2082 3541">
    <p class='ocr_par' dir='ltr' id='par_1_52' title="bbox 494 3471 2082 3541">
     <span class='ocr_line' id='line_1_52' title="bbox 494 3471 2082 3541; baseline 0 -13"><span class='ocrx_word' id='word_1_396' title='bbox 494 3471 556 3528; x_wconf 86' lang='lat' dir='ltr'><strong>In</strong></span> <span class='ocrx_word' id='word_1_397' title='bbox 595 3482 649 3529; x_wconf 91' lang='lat' dir='ltr'><strong>te</strong></span> <span class='ocrx_word' id='word_1_398' title='bbox 680 3473 1042 3529; x_wconf 81' lang='lat' dir='ltr'><strong>conﬁrmatus</strong></span> <span class='ocrx_word' id='word_1_399' title='bbox 1068 3489 1189 3528; x_wconf 78' lang='lat' dir='ltr'><strong>sum</strong></span> <span class='ocrx_word' id='word_1_400' title='bbox 1224 3488 1293 3529; x_wconf 79' lang='lat' dir='ltr'><strong>ex</strong></span> <span class='ocrx_word' id='word_1_401' title='bbox 1323 3484 1506 3541; x_wconf 89' lang='lat' dir='ltr'><strong>utero,</strong></span> <span class='ocrx_word' id='word_1_402' title='bbox 1537 3474 1605 3528; x_wconf 90' lang='lat' dir='ltr'><strong>de</strong></span> <span class='ocrx_word' id='word_1_403' title='bbox 1653 3483 1843 3529; x_wconf 88' lang='lat' dir='ltr'><strong>ventre</strong></span> <span class='ocrx_word' id='word_1_404' title='bbox 1890 3474 2082 3528; x_wconf 88' lang='lat' dir='ltr'><strong>matris</strong></span> 
     </span>
    </p>
   </div>
   <div class='ocr_carea' id='block_1_53' title="bbox 493 3563 2080 3636">
    <p class='ocr_par' dir='ltr' id='par_1_53' title="bbox 493 3563 2080 3636">
     <span class='ocr_line' id='line_1_53' title="bbox 493 3563 2080 3636; baseline -0.002 -14"><span class='ocrx_word' id='word_1_405' title='bbox 493 3580 632 3622; x_wconf 76' lang='lat' dir='ltr'><strong>mea:</strong></span> <span class='ocrx_word' id='word_1_406' title='bbox 660 3573 718 3619; x_wconf 88' lang='lat' dir='ltr'><strong>tu</strong></span> <span class='ocrx_word' id='word_1_407' title='bbox 747 3578 821 3636; x_wconf 48' lang='lat' dir='ltr'><strong>es,</strong></span> <span class='ocrx_word' id='word_1_408' title='bbox 845 3574 1121 3636; x_wconf 83' lang='lat' dir='ltr'><strong>protector</strong></span> <span class='ocrx_word' id='word_1_409' title='bbox 1150 3579 1322 3620; x_wconf 82' lang='lat' dir='ltr'><strong>meus.</strong></span> <span class='ocrx_word' id='word_1_410' title='bbox 1350 3563 1408 3619; x_wconf 89' lang='lat' dir='ltr'><strong>In</strong></span> <span class='ocrx_word' id='word_1_411' title='bbox 1439 3573 1495 3620; x_wconf 89' lang='lat' dir='ltr'><strong>te</strong></span> <span class='ocrx_word' id='word_1_412' title='bbox 1518 3563 1755 3619; x_wconf 86' lang='lat' dir='ltr'><strong>laudatio</strong></span> <span class='ocrx_word' id='word_1_413' title='bbox 1785 3580 1903 3618; x_wconf 85' lang='lat' dir='ltr'><strong>mea</strong></span> <span class='ocrx_word' id='word_1_414' title='bbox 1934 3579 2080 3619; x_wconf 87' lang='lat' dir='ltr'><strong>sem-</strong></span> 
     </span>
    </p>
   </div>
   <div class='ocr_carea' id='block_1_54' title="bbox 493 3648 2079 3724">
    <p class='ocr_par' dir='ltr' id='par_1_54' title="bbox 493 3648 2079 3724">
     <span class='ocr_line' id='line_1_54' title="bbox 493 3648 2079 3724; baseline -0.003 -16"><span class='ocrx_word' id='word_1_415' title='bbox 493 3670 626 3723; x_wconf 89' lang='lat' dir='ltr'><strong>per:</strong></span> <span class='ocrx_word' id='word_1_416' title='bbox 663 3662 919 3724; x_wconf 88' lang='lat' dir='ltr'><strong>tanquam</strong></span> <span class='ocrx_word' id='word_1_417' title='bbox 956 3653 1258 3724; x_wconf 75' lang='lat' dir='ltr'><strong>prodigium</strong></span> <span class='ocrx_word' id='word_1_418' title='bbox 1313 3650 1488 3707; x_wconf 86' lang='lat' dir='ltr'><strong>factus</strong></span> <span class='ocrx_word' id='word_1_419' title='bbox 1531 3667 1653 3706; x_wconf 88' lang='lat' dir='ltr'><strong>sum</strong></span> <span class='ocrx_word' id='word_1_420' title='bbox 1705 3649 1891 3705; x_wconf 88' lang='lat' dir='ltr'><strong>multis</strong></span> <span class='ocrx_word' id='word_1_421' title='bbox 1939 3648 2079 3722; x_wconf 83' lang='lat'><strong>(56),</strong></span> 
     </span>
    </p>
   </div>
   <div class='ocr_carea' id='block_1_55' title="bbox 494 3742 2084 3816">
    <p class='ocr_par' dir='ltr' id='par_1_55' title="bbox 494 3742 2084 3816">
     <span class='ocr_line' id='line_1_55' title="bbox 494 3742 2084 3816; baseline -0.001 -17"><span class='ocrx_word' id='word_1_422' title='bbox 494 3756 553 3800; x_wconf 90' lang='lat' dir='ltr'><strong>et</strong></span> <span class='ocrx_word' id='word_1_423' title='bbox 586 3756 670 3815; x_wconf 88' lang='lat' dir='ltr'><strong>tn,</strong></span> <span class='ocrx_word' id='word_1_424' title='bbox 697 3745 925 3800; x_wconf 90' lang='lat' dir='ltr'><strong>Domine</strong></span> <span class='ocrx_word' id='word_1_425' title='bbox 955 3744 1092 3816; x_wconf 88' lang='lat'><strong>(57),</strong></span> <span class='ocrx_word' id='word_1_426' title='bbox 1123 3743 1338 3812; x_wconf 88' lang='lat' dir='ltr'><strong>adjutor</strong></span> <span class='ocrx_word' id='word_1_427' title='bbox 1362 3760 1515 3799; x_wconf 90' lang='lat' dir='ltr'><strong>meus</strong></span> <span class='ocrx_word' id='word_1_428' title='bbox 1555 3742 1731 3799; x_wconf 90' lang='lat' dir='ltr'><strong>fortis.</strong></span> <span class='ocrx_word' id='word_1_429' title='bbox 1793 3742 2084 3811; x_wconf 82' lang='lat' dir='ltr'><strong>Repleatur</strong></span> 
     </span>
    </p>
   </div>
   <div class='ocr_carea' id='block_1_56' title="bbox 495 3835 2081 3909">
    <p class='ocr_par' dir='ltr' id='par_1_56' title="bbox 495 3835 2081 3909">
     <span class='ocr_line' id='line_1_56' title="bbox 495 3835 2081 3909; baseline -0.001 -18"><span class='ocrx_word' id='word_1_430' title='bbox 495 3854 560 3893; x_wconf 87' lang='lat' dir='ltr'><strong>os</strong></span> <span class='ocrx_word' id='word_1_431' title='bbox 588 3853 766 3892; x_wconf 89' lang='lat' dir='ltr'><strong>meum</strong></span> <span class='ocrx_word' id='word_1_432' title='bbox 797 3837 977 3903; x_wconf 89' lang='lat' dir='ltr'><strong>laude,</strong></span> <span class='ocrx_word' id='word_1_433' title='bbox 1020 3847 1079 3892; x_wconf 91' lang='lat' dir='ltr'><strong>ut</strong></span> <span class='ocrx_word' id='word_1_434' title='bbox 1113 3847 1325 3893; x_wconf 91' lang='lat' dir='ltr'><strong>cantem</strong></span> <span class='ocrx_word' id='word_1_435' title='bbox 1354 3837 1466 3909; x_wconf 90' lang='lat'><strong>(58)</strong></span> <span class='ocrx_word' id='word_1_436' title='bbox 1497 3835 1725 3908; x_wconf 88' lang='lat' dir='ltr'><strong>gloriam</strong></span> <span class='ocrx_word' id='word_1_437' title='bbox 1767 3845 1936 3903; x_wconf 87' lang='lat' dir='ltr'><strong>tuam,</strong></span> <span class='ocrx_word' id='word_1_438' title='bbox 1971 3845 2081 3890; x_wconf 89' lang='lat' dir='ltr'><strong>tota</strong></span> 
     </span>
    </p>
   </div>
   <div class='ocr_carea' id='block_1_57' title="bbox 496 3926 2082 4000">
    <p class='ocr_par' dir='ltr' id='par_1_57' title="bbox 496 3926 2082 4000">
     <span class='ocr_line' id='line_1_57' title="bbox 496 3926 2082 4000; baseline -0.002 -16"><span class='ocrx_word' id='word_1_439' title='bbox 496 3929 588 3985; x_wconf 87' lang='lat' dir='ltr'><strong>die</strong></span> <span class='ocrx_word' id='word_1_440' title='bbox 626 3926 1085 3999; x_wconf 77' lang='lat' dir='ltr'><strong>magniﬁcentiam</strong></span> <span class='ocrx_word' id='word_1_441' title='bbox 1136 3938 1303 3985; x_wconf 92' lang='lat' dir='ltr'><strong>tuam.</strong></span> <span class='ocrx_word' id='word_1_442' title='bbox 1341 3928 1420 3985; x_wconf 83' lang='lat' dir='ltr'><strong>Ne</strong></span> <span class='ocrx_word' id='word_1_443' title='bbox 1455 3927 1711 4000; x_wconf 84' lang='lat' dir='ltr'><strong>projicias</strong></span> <span class='ocrx_word' id='word_1_444' title='bbox 1736 3941 1822 3981; x_wconf 89' lang='lat' dir='ltr'><strong>me</strong></span> <span class='ocrx_word' id='word_1_445' title='bbox 1861 3927 1913 3981; x_wconf 87' lang='lat' dir='ltr'><strong>in</strong></span> <span class='ocrx_word' id='word_1_446' title='bbox 1946 3940 2082 3981; x_wconf 89' lang='lat' dir='ltr'><strong>tem-</strong></span> 
     </span>
    </p>
   </div>
   <div class='ocr_carea' id='block_1_58' title="bbox 498 4020 2082 4094">
    <p class='ocr_par' dir='ltr' id='par_1_58' title="bbox 498 4020 2082 4094">
     <span class='ocr_line' id='line_1_58' title="bbox 498 4020 2082 4094; baseline -0.003 -16"><span class='ocrx_word' id='word_1_447' title='bbox 498 4039 632 4094; x_wconf 80' lang='lat' dir='ltr'><strong>pore</strong></span> <span class='ocrx_word' id='word_1_448' title='bbox 675 4023 973 4079; x_wconf 88' lang='lat' dir='ltr'><strong>senectutis</strong></span> <span class='ocrx_word' id='word_1_449' title='bbox 1021 4020 1170 4094; x_wconf 83' lang='lat'><strong>(59);</strong></span> <span class='ocrx_word' id='word_1_450' title='bbox 1225 4022 1353 4078; x_wconf 88' lang='lat' dir='ltr'><strong>dum</strong></span> <span class='ocrx_word' id='word_1_451' title='bbox 1396 4022 1581 4078; x_wconf 81' lang='lat' dir='ltr'><strong>deficit</strong></span> <span class='ocrx_word' id='word_1_452' title='bbox 1630 4021 1891 4078; x_wconf 82' lang='lat' dir='ltr'><strong>fortitudo</strong></span> <span class='ocrx_word' id='word_1_453' title='bbox 1942 4034 2082 4087; x_wconf 90' lang='lat' dir='ltr'><strong>mea,</strong></span> 
     </span>
    </p>
   </div>
   <div class='ocr_carea' id='block_1_59' title="bbox 568 4238 2078 4315">
    <p class='ocr_par' dir='ltr' id='par_1_59' title="bbox 568 4238 2078 4315">
     <span class='ocr_line' id='line_1_59' title="bbox 568 4238 2078 4315; baseline 0.002 -20"><span class='ocrx_word' id='word_1_454' title='bbox 568 4241 681 4313; x_wconf 63' lang='lat'><strong>(48)</strong></span> <span class='ocrx_word' id='word_1_455' title='bbox 705 4238 1301 4315; x_wconf 66' lang='lat' dir='ltr'><strong>Commemorationem._</strong></span> <span class='ocrx_word' id='word_1_456' title='bbox 1336 4240 1393 4295; x_wconf 88' lang='lat' dir='ltr'><strong>lu</strong></span> <span class='ocrx_word' id='word_1_457' title='bbox 1425 4240 1910 4315; x_wconf 63' lang='lat' dir='ltr'><strong>Grazco,_pvﬁp&#39;qq.</strong></span> <span class='ocrx_word' id='word_1_458' title='bbox 1948 4242 2078 4315; x_wconf 62' lang='lat' dir='ltr'><strong>Quae</strong></span> 
     </span>
    </p>
   </div>
   <div class='ocr_carea' id='block_1_60' title="bbox 494 4310 2076 4382">
    <p class='ocr_par' dir='ltr' id='par_1_60' title="bbox 494 4310 2076 4382">
     <span class='ocr_line' id='line_1_60' title="bbox 494 4310 2076 4382; baseline 0.001 -18"><span class='ocrx_word' id='word_1_459' title='bbox 494 4310 600 4367; x_wconf 75' lang='lat' dir='ltr'><strong>vox</strong></span> <span class='ocrx_word' id='word_1_460' title='bbox 627 4310 732 4366; x_wconf 72' lang='lat' dir='ltr'><strong>non</strong></span> <span class='ocrx_word' id='word_1_461' title='bbox 771 4313 905 4366; x_wconf 80' lang='lat' dir='ltr'><strong>satis</strong></span> <span class='ocrx_word' id='word_1_462' title='bbox 933 4324 1019 4367; x_wconf 80' lang='lat' dir='ltr'><strong>est</strong></span> <span class='ocrx_word' id='word_1_463' title='bbox 1060 4311 1231 4366; x_wconf 86' lang='lat' dir='ltr'><strong>clara.</strong></span> <span class='ocrx_word' id='word_1_464' title='bbox 1282 4310 1589 4381; x_wconf 84' lang='lat' dir='ltr'><strong>Legetnlum</strong></span> <span class='ocrx_word' id='word_1_465' title='bbox 1637 4310 1883 4379; x_wconf 79' lang='lat' dir='ltr'><strong>forsttati,</strong></span> <span class='ocrx_word' id='word_1_466' title='bbox 1932 4312 2076 4382; x_wconf 83' lang='grc' dir='ltr'><strong>γνώ-</strong></span> 
     </span>
    </p>
   </div>
   <div class='ocr_carea' id='block_1_61' title="bbox 497 4382 2070 4454">
    <p class='ocr_par' dir='ltr' id='par_1_61' title="bbox 497 4382 2070 4454">
     <span class='ocr_line' id='line_1_61' title="bbox 497 4382 2070 4454; baseline 0 -18"><span class='ocrx_word' id='word_1_467' title='bbox 497 4399 630 4454; x_wconf 89' lang='grc' dir='ltr'>μης,</span> <span class='ocrx_word' id='word_1_468' title='bbox 657 4393 712 4436; x_wconf 91' lang='lat' dir='ltr'><strong>et</strong></span> <span class='ocrx_word' id='word_1_469' title='bbox 748 4382 1064 4454; x_wconf 75' lang='lat' dir='ltr'><strong>vertendum</strong></span> <span class='ocrx_word' id='word_1_470' title='bbox 1095 4400 1108 4437; x_wconf 91' lang='lat'><strong>:</strong></span> <span class='ocrx_word' id='word_1_471' title='bbox 1141 4402 1160 4433; x_wconf 77' lang='grc' dir='ltr'><strong>σ</strong></span> <span class='ocrx_word' id='word_1_472' title='bbox 1194 4384 1517 4437; x_wconf 79' lang='lat' dir='ltr'><strong>sententiam</strong></span> <span class='ocrx_word' id='word_1_473' title='bbox 1547 4383 1614 4454; x_wconf 84' lang='lat' dir='ltr'><strong>de</strong></span> <span class='ocrx_word' id='word_1_474' title='bbox 1639 4395 1910 4439; x_wconf 66' lang='grc' dir='ltr'>αξιοι-ιη...</span> <span class='ocrx_word' id='word_1_475' title='bbox 1944 4384 2070 4437; x_wconf 87' lang='lat' dir='ltr'><strong>Tri-</strong></span> 
     </span>
    </p>
   </div>
   <div class='ocr_carea' id='block_1_62' title="bbox 495 4452 2071 4525">
    <p class='ocr_par' dir='ltr' id='par_1_62' title="bbox 495 4452 2071 4525">
     <span class='ocr_line' id='line_1_62' title="bbox 495 4452 2071 4525; baseline -0.001 -17"><span class='ocrx_word' id='word_1_476' title='bbox 495 4452 689 4508; x_wconf 81' lang='lat' dir='ltr'><strong>ititate.</strong></span> <span class='ocrx_word' id='word_1_477' title='bbox 719 4470 739 4502; x_wconf 72' lang='grc' dir='ltr'><strong>ι</strong></span> <span class='ocrx_word' id='word_1_478' title='bbox 795 4452 949 4519; x_wconf 88' lang='lat' dir='ltr'><strong>Quod</strong></span> <span class='ocrx_word' id='word_1_479' title='bbox 998 4454 1044 4508; x_wconf 86' lang='lat' dir='ltr'><strong>si</strong></span> <span class='ocrx_word' id='word_1_480' title='bbox 1092 4454 1216 4522; x_wconf 92' lang='lat' dir='ltr'><strong>quis</strong></span> <span class='ocrx_word' id='word_1_481' title='bbox 1276 4455 1498 4525; x_wconf 84' lang='grc' dir='ltr'>μνήμην</span> <span class='ocrx_word' id='word_1_482' title='bbox 1546 4453 1893 4525; x_wconf 85' lang='lat' dir='ltr'><strong>interpretari</strong></span> <span class='ocrx_word' id='word_1_483' title='bbox 1940 4454 2071 4507; x_wconf 86' lang='lat' dir='ltr'><strong>velit</strong></span> 
     </span>
    </p>
   </div>
   <div class='ocr_carea' id='block_1_63' title="bbox 502 4524 2072 4593">
    <p class='ocr_par' dir='ltr' id='par_1_63' title="bbox 502 4524 2072 4593">
     <span class='ocr_line' id='line_1_63' title="bbox 502 4524 2072 4593; baseline 0.002 -18"><span class='ocrx_word' id='word_1_484' title='bbox 502 4542 524 4575; x_wconf 72' lang='grc' dir='ltr'><strong>ι</strong></span> <span class='ocrx_word' id='word_1_485' title='bbox 560 4527 896 4588; x_wconf 89' lang='lat' dir='ltr'><strong>memoriam,</strong></span> <span class='ocrx_word' id='word_1_486' title='bbox 928 4542 950 4576; x_wconf 78' lang='grc' dir='ltr'><strong>ι</strong></span> <span class='ocrx_word' id='word_1_487' title='bbox 994 4539 1188 4579; x_wconf 88' lang='lat' dir='ltr'><strong>sensus</strong></span> <span class='ocrx_word' id='word_1_488' title='bbox 1215 4537 1319 4578; x_wconf 73' lang='lat' dir='ltr'><strong>erit</strong></span> <span class='ocrx_word' id='word_1_489' title='bbox 1345 4524 1377 4578; x_wconf 46' lang='lat'><strong>:&#39;</strong></span> <span class='ocrx_word' id='word_1_490' title='bbox 1404 4541 1423 4575; x_wconf 74' lang='grc' dir='ltr'><strong>ι</strong></span> <span class='ocrx_word' id='word_1_491' title='bbox 1468 4524 1558 4593; x_wconf 86' lang='lat' dir='ltr'><strong>qui</strong></span> <span class='ocrx_word' id='word_1_492' title='bbox 1596 4525 1983 4593; x_wconf 86' lang='lat' dir='ltr'><strong>meminerunt,</strong></span> <span class='ocrx_word' id='word_1_493' title='bbox 2012 4535 2072 4578; x_wconf 92' lang='lat' dir='ltr'><strong>ut</strong></span> 
     </span>
    </p>
   </div>
   <div class='ocr_carea' id='block_1_64' title="bbox 494 4592 1904 4663">
    <p class='ocr_par' dir='ltr' id='par_1_64' title="bbox 494 4592 1904 4663">
     <span class='ocr_line' id='line_1_64' title="bbox 494 4592 1904 4663; baseline -0.001 -15"><span class='ocrx_word' id='word_1_494' title='bbox 494 4609 619 4663; x_wconf 84' lang='lat' dir='ltr'><strong>ego,</strong></span> <span class='ocrx_word' id='word_1_495' title='bbox 644 4607 831 4663; x_wconf 47' lang='lat' dir='ltr'><strong>conum</strong></span> <span class='ocrx_word' id='word_1_496' title='bbox 871 4609 992 4663; x_wconf 60' lang='lat' dir='ltr'><strong>qua</strong></span> <span class='ocrx_word' id='word_1_497' title='bbox 1015 4594 1127 4663; x_wconf 77' lang='lat' dir='ltr'><strong>dixi</strong></span> <span class='ocrx_word' id='word_1_498' title='bbox 1159 4595 1225 4647; x_wconf 88' lang='lat' dir='ltr'><strong>de</strong></span> <span class='ocrx_word' id='word_1_499' title='bbox 1249 4592 1523 4663; x_wconf 66' lang='grc' dir='ltr'>ωιοιξηιι...</span> <span class='ocrx_word' id='word_1_500' title='bbox 1562 4592 1849 4648; x_wconf 85' lang='lat' dir='ltr'><strong>&#39;l‘rinltate.</strong></span> <span class='ocrx_word' id='word_1_501' title='bbox 1884 4613 1904 4646; x_wconf 72' lang='grc' dir='ltr'><strong>ι</strong></span> 
     </span>
    </p>
   </div>
   <div class='ocr_carea' id='block_1_65' title="bbox 567 4661 2078 4735">
    <p class='ocr_par' dir='ltr' id='par_1_65' title="bbox 567 4661 2078 4735">
     <span class='ocr_line' id='line_1_65' title="bbox 567 4661 2078 4735; baseline 0.001 -17"><span class='ocrx_word' id='word_1_502' title='bbox 567 4663 680 4731; x_wconf 77' lang='grc'><strong>(49)</strong></span> <span class='ocrx_word' id='word_1_503' title='bbox 717 4661 989 4733; x_wconf 77' lang='lat' dir='ltr'><strong>Largitur.</strong></span> <span class='ocrx_word' id='word_1_504' title='bbox 1013 4663 1069 4718; x_wconf 90' lang='lat' dir='ltr'><strong>In</strong></span> <span class='ocrx_word' id='word_1_505' title='bbox 1101 4662 1314 4735; x_wconf 63' lang='lat' dir='ltr'><strong>Graeco,</strong></span> <span class='ocrx_word' id='word_1_506' title='bbox 1338 4661 1441 4734; x_wconf 86' lang='grc' dir='ltr'><strong>τῆς</strong></span> <span class='ocrx_word' id='word_1_507' title='bbox 1462 4663 1733 4735; x_wconf 83' lang='grc' dir='ltr'>διδούσης,</span> <span class='ocrx_word' id='word_1_508' title='bbox 1757 4674 1863 4735; x_wconf 83' lang='lat' dir='ltr'><strong>etc.</strong></span> <span class='ocrx_word' id='word_1_509' title='bbox 1884 4664 2078 4735; x_wconf 87' lang='lat' dir='ltr'><strong>Donec</strong></span> 
     </span>
    </p>
   </div>
   <div class='ocr_carea' id='block_1_66' title="bbox 496 4733 2082 4806">
    <p class='ocr_par' dir='ltr' id='par_1_66' title="bbox 496 4733 2082 4806">
     <span class='ocr_line' id='line_1_66' title="bbox 496 4733 2082 4806; baseline 0.002 -21"><span class='ocrx_word' id='word_1_510' title='bbox 496 4735 692 4806; x_wconf 76' lang='lat' dir='ltr'><strong>melior</strong></span> <span class='ocrx_word' id='word_1_511' title='bbox 712 4744 965 4806; x_wconf 83' lang='lat' dir='ltr'><strong>occurrat</strong></span> <span class='ocrx_word' id='word_1_512' title='bbox 990 4736 1169 4806; x_wconf 83' lang='lat' dir='ltr'><strong>lectio,</strong></span> <span class='ocrx_word' id='word_1_513' title='bbox 1192 4733 1585 4806; x_wconf 70' lang='lat' dir='ltr'><strong>legemlnmest</strong></span> <span class='ocrx_word' id='word_1_514' title='bbox 1607 4751 1620 4787; x_wconf 94' lang='lat'><strong>:</strong></span> <span class='ocrx_word' id='word_1_515' title='bbox 1644 4733 1745 4806; x_wconf 78' lang='grc' dir='ltr'><strong>τὴν</strong></span> <span class='ocrx_word' id='word_1_516' title='bbox 1762 4733 2082 4789; x_wconf 81' lang='grc' dir='ltr'>διδοῦσαν...</span> 
     </span>
    </p>
   </div>
   <div class='ocr_carea' id='block_1_67' title="bbox 494 4802 1693 4875">
    <p class='ocr_par' dir='ltr' id='par_1_67' title="bbox 494 4802 1693 4875">
     <span class='ocr_line' id='line_1_67' title="bbox 494 4802 1693 4875; baseline 0.004 -20"><span class='ocrx_word' id='word_1_517' title='bbox 494 4802 1038 4875; x_wconf 31' lang='grc' dir='ltr'><strong>οὐκ-αφαιρουμένην</strong></span> <span class='ocrx_word' id='word_1_518' title='bbox 1067 4804 1146 4875; x_wconf 77' lang='grc' dir='ltr'>δὲ,</span> <span class='ocrx_word' id='word_1_519' title='bbox 1180 4802 1288 4857; x_wconf 73' lang='grc' dir='ltr'>οὐδ’</span> <span class='ocrx_word' id='word_1_520' title='bbox 1311 4803 1693 4869; x_wconf 74' lang='grc' dir='ltr'>ὀνειδίζουσαν.</span> 
     </span>
    </p>
   </div>
   <div class='ocr_carea' id='block_1_68' title="bbox 570 4872 2085 4945">
    <p class='ocr_par' dir='ltr' id='par_1_68' title="bbox 570 4872 2085 4945">
     <span class='ocr_line' id='line_1_68' title="bbox 570 4872 2085 4945; baseline 0.001 -17"><span class='ocrx_word' id='word_1_521' title='bbox 570 4873 683 4945; x_wconf 83' lang='grc'><strong>(50)</strong></span> <span class='ocrx_word' id='word_1_522' title='bbox 714 4872 1036 4945; x_wconf 61' lang='grc' dir='ltr'><strong>Εαρτοὺναὶ.</strong></span> <span class='ocrx_word' id='word_1_523' title='bbox 1067 4872 1235 4945; x_wconf 69' lang='lat' dir='ltr'><strong>Iacob</strong></span> <span class='ocrx_word' id='word_1_524' title='bbox 1282 4890 1326 4943; x_wconf 81' lang='grc' dir='ltr'><strong>ι,</strong></span> <span class='ocrx_word' id='word_1_525' title='bbox 1370 4875 1425 4931; x_wconf 90' lang='grc'><strong>5.</strong></span> <span class='ocrx_word' id='word_1_526' title='bbox 1467 4878 1535 4930; x_wconf 70' lang='lat' dir='ltr'><strong>Et</strong></span> <span class='ocrx_word' id='word_1_527' title='bbox 1578 4875 1948 4933; x_wconf 83' lang='lat' dir='ltr'><strong>Ecclesiastic.</strong></span> <span class='ocrx_word' id='word_1_528' title='bbox 1986 4890 2085 4941; x_wconf 78' lang='lat' dir='ltr'><strong>xx,</strong></span> 
     </span>
    </p>
   </div>
   <div class='ocr_carea' id='block_1_69' title="bbox 499 4942 1172 5007">
    <p class='ocr_par' dir='ltr' id='par_1_69' title="bbox 499 4942 1172 5007">
     <span class='ocr_line' id='line_1_69' title="bbox 499 4942 1172 5007; baseline 0.003 -12"><span class='ocrx_word' id='word_1_529' title='bbox 499 4942 568 4996; x_wconf 78' lang='lat' dir='ltr'><strong>l5</strong></span> <span class='ocrx_word' id='word_1_530' title='bbox 599 4942 803 5002; x_wconf 69' lang='lat' dir='ltr'><strong>et&#39;xu.</strong></span> <span class='ocrx_word' id='word_1_531' title='bbox 824 4943 918 5007; x_wconf 70' lang='lat'><strong>29,</strong></span> <span class='ocrx_word' id='word_1_532' title='bbox 954 4959 1050 4998; x_wconf 83' lang='lat' dir='ltr'><strong>seu</strong></span> <span class='ocrx_word' id='word_1_533' title='bbox 1081 4943 1172 4998; x_wconf 77' lang='lat'><strong>28.</strong></span> 
     </span>
    </p>
   </div>
   <div class='ocr_carea' id='block_1_70' title="bbox 569 5013 2087 5086">
    <p class='ocr_par' dir='ltr' id='par_1_70' title="bbox 569 5013 2087 5086">
     <span class='ocr_line' id='line_1_70' title="bbox 569 5013 2087 5086; baseline 0.003 -19"><span class='ocrx_word' id='word_1_534' title='bbox 569 5013 685 5086; x_wconf 70' lang='grc' dir='ltr'><strong>(ει)</strong></span> <span class='ocrx_word' id='word_1_535' title='bbox 711 5014 1060 5069; x_wconf 75' lang='lat' dir='ltr'><strong>Cessaverim.</strong></span> <span class='ocrx_word' id='word_1_536' title='bbox 1085 5014 1199 5086; x_wconf 82' lang='lat' dir='ltr'><strong>_Hic</strong></span> <span class='ocrx_word' id='word_1_537' title='bbox 1239 5030 1460 5086; x_wconf 85' lang='lat' dir='ltr'><strong>quoque</strong></span> <span class='ocrx_word' id='word_1_538' title='bbox 1510 5014 1760 5072; x_wconf 68' lang='lat' dir='ltr'><strong>Graecum</strong></span> <span class='ocrx_word' id='word_1_539' title='bbox 1805 5016 2087 5086; x_wconf 79' lang='lat' dir='ltr'><strong>exetnplar</strong></span> 
     </span>
    </p>
   </div>
   <div class='ocr_carea' id='block_1_71' title="bbox 499 5083 2087 5157">
    <p class='ocr_par' dir='ltr' id='par_1_71' title="bbox 499 5083 2087 5157">
     <span class='ocr_line' id='line_1_71' title="bbox 499 5083 2087 5157; baseline 0.006 -25"><span class='ocrx_word' id='word_1_540' title='bbox 499 5083 1032 5157; x_wconf 75' lang='lat' dir='ltr'><strong>subobscuramest.</strong></span> <span class='ocrx_word' id='word_1_541' title='bbox 1084 5083 1321 5141; x_wconf 83' lang='lat' dir='ltr'><strong>Deleuda</strong></span> <span class='ocrx_word' id='word_1_542' title='bbox 1377 5085 1594 5141; x_wconf 87' lang='lat' dir='ltr'><strong>videtur</strong></span> <span class='ocrx_word' id='word_1_543' title='bbox 1639 5087 1830 5143; x_wconf 79' lang='lat' dir='ltr'><strong>vocula</strong></span> <span class='ocrx_word' id='word_1_544' title='bbox 1875 5088 1911 5157; x_wconf 75' lang='grc' dir='ltr'>ἦ</span> <span class='ocrx_word' id='word_1_545' title='bbox 1965 5083 2087 5157; x_wconf 81' lang='lat' dir='ltr'><strong>post</strong></span> 
     </span>
    </p>
   </div>
   <div class='ocr_carea' id='block_1_72' title="bbox 497 5153 1063 5224">
    <p class='ocr_par' dir='ltr' id='par_1_72' title="bbox 497 5153 1063 5224">
     <span class='ocr_line' id='line_1_72' title="bbox 497 5153 1063 5224; baseline 0.009 -20"><span class='ocrx_word' id='word_1_546' title='bbox 497 5167 683 5224; x_wconf 76' lang='lat' dir='ltr'><strong>vocem</strong></span> <span class='ocrx_word' id='word_1_547' title='bbox 712 5153 1063 5224; x_wconf 73' lang='grc' dir='ltr'>ἐπαυσάμην.</span> 
     </span>
    </p>
   </div>
   <div class='ocr_carea' id='block_1_73' title="bbox 572 5221 2083 5304">
    <p class='ocr_par' dir='ltr' id='par_1_73' title="bbox 572 5221 2083 5304">
     <span class='ocr_line' id='line_1_73' title="bbox 572 5221 2083 5304; baseline 0.005 -29"><span class='ocrx_word' id='word_1_548' title='bbox 572 5222 685 5295; x_wconf 72' lang='grc'><strong>(52)</strong></span> <span class='ocrx_word' id='word_1_549' title='bbox 710 5221 905 5304; x_wconf 48' lang='lat' dir='ltr'><strong>Menti:</strong></span> <span class='ocrx_word' id='word_1_550' title='bbox 939 5221 1146 5289; x_wconf 67' lang='lat' dir='ltr'><strong>oculos,</strong></span> <span class='ocrx_word' id='word_1_551' title='bbox 1167 5234 1272 5281; x_wconf 89' lang='lat' dir='ltr'><strong>etc.</strong></span> <span class='ocrx_word' id='word_1_552' title='bbox 1307 5225 1440 5304; x_wconf 78' lang='lat' dir='ltr'><strong>cum</strong></span> <span class='ocrx_word' id='word_1_553' title='bbox 1479 5244 1866 5304; x_wconf 87' lang='lat' dir='ltr'><strong>corporeorum</strong></span> <span class='ocrx_word' id='word_1_554' title='bbox 1896 5228 2083 5283; x_wconf 81' lang='lat' dir='ltr'><strong>oculo—</strong></span> 
     </span>
    </p>
   </div>
   <div class='ocr_carea' id='block_1_74' title="bbox 501 5297 2086 5373">
    <p class='ocr_par' dir='ltr' id='par_1_74' title="bbox 501 5297 2086 5373">
     <span class='ocr_line' id='line_1_74' title="bbox 501 5297 2086 5373; baseline 0.007 -30"><span class='ocrx_word' id='word_1_555' title='bbox 501 5307 622 5346; x_wconf 88' lang='lat' dir='ltr'><strong>rnm</strong></span> <span class='ocrx_word' id='word_1_556' title='bbox 673 5297 879 5373; x_wconf 73' lang='lat' dir='ltr'><strong>visione</strong></span> <span class='ocrx_word' id='word_1_557' title='bbox 937 5304 1177 5362; x_wconf 87' lang='lat' dir='ltr'><strong>careret,</strong></span> <span class='ocrx_word' id='word_1_558' title='bbox 1220 5297 1419 5351; x_wconf 79' lang='lat' dir='ltr'><strong>mentis</strong></span> <span class='ocrx_word' id='word_1_559' title='bbox 1459 5306 1667 5354; x_wconf 88' lang='lat' dir='ltr'><strong>tantum</strong></span> <span class='ocrx_word' id='word_1_560' title='bbox 1705 5301 1893 5357; x_wconf 89' lang='lat' dir='ltr'><strong>oculos</strong></span> <span class='ocrx_word' id='word_1_561' title='bbox 1934 5316 2086 5355; x_wconf 80' lang='lat' dir='ltr'><strong>com-</strong></span> 
     </span>
    </p>
   </div>
   <div class='ocr_carea' id='block_1_75' title="bbox 500 5372 1203 5420">
    <p class='ocr_par' dir='ltr' id='par_1_75' title="bbox 500 5372 1203 5420">
     <span class='ocr_line' id='line_1_75' title="bbox 500 5372 1203 5420; baseline 0.007 -5"><span class='ocrx_word' id='word_1_562' title='bbox 500 5372 845 5417; x_wconf 80' lang='lat' dir='ltr'><strong>memoravit.</strong></span> <span class='ocrx_word' id='word_1_563' title='bbox 1192 5413 1203 5420; x_wconf 87' lang='lat'><strong>.</strong></span> 
     </span>
    </p>
   </div>
   <div class='ocr_carea' id='block_1_76' title="bbox 574 5432 2086 5504">
    <p class='ocr_par' dir='ltr' id='par_1_76' title="bbox 574 5432 2086 5504">
     <span class='ocr_line' id='line_1_76' title="bbox 574 5432 2086 5504; baseline 0.003 -17"><span class='ocrx_word' id='word_1_564' title='bbox 574 5433 687 5504; x_wconf 81' lang='grc'><strong>(55)</strong></span> <span class='ocrx_word' id='word_1_565' title='bbox 726 5432 952 5504; x_wconf 75' lang='lat' dir='ltr'><strong>Sursum</strong></span> <span class='ocrx_word' id='word_1_566' title='bbox 975 5433 1270 5491; x_wconf 76' lang='lat' dir='ltr'><strong>intendens.</strong></span> <span class='ocrx_word' id='word_1_567' title='bbox 1295 5437 1580 5495; x_wconf 88' lang='lat' dir='ltr'><strong>Preeantis</strong></span> <span class='ocrx_word' id='word_1_568' title='bbox 1606 5448 1712 5504; x_wconf 88' lang='lat' dir='ltr'><strong>est,</strong></span> <span class='ocrx_word' id='word_1_569' title='bbox 1739 5453 1932 5495; x_wconf 86' lang='lat' dir='ltr'><strong>manus</strong></span> <span class='ocrx_word' id='word_1_570' title='bbox 1953 5439 2086 5494; x_wconf 85' lang='grc' dir='ltr'><strong>ἀνα-</strong></span> 
     </span>
    </p>
   </div>
   <div class='ocr_carea' id='block_1_77' title="bbox 501 5503 2077 5580">
    <p class='ocr_par' dir='ltr' id='par_1_77' title="bbox 501 5503 2077 5580">
     <span class='ocr_line' id='line_1_77' title="bbox 501 5503 2077 5580; baseline 0.006 -25"><span class='ocrx_word' id='word_1_571' title='bbox 501 5503 721 5580; x_wconf 55' lang='grc' dir='ltr'><strong>⁸τείνειν,</strong></span> <span class='ocrx_word' id='word_1_572' title='bbox 780 5514 839 5580; x_wconf 71' lang='lat' dir='ltr'><strong>ut</strong></span> <span class='ocrx_word' id='word_1_573' title='bbox 883 5503 1123 5580; x_wconf 71' lang='lat' dir='ltr'><strong>loquitur</strong></span> <span class='ocrx_word' id='word_1_574' title='bbox 1183 5519 1239 5580; x_wconf 81' lang='lat' dir='ltr'><strong>et</strong></span> <span class='ocrx_word' id='word_1_575' title='bbox 1283 5507 1474 5563; x_wconf 78' lang='lat' dir='ltr'><strong>Pollux</strong></span> <span class='ocrx_word' id='word_1_576' title='bbox 1529 5512 1624 5565; x_wconf 90' lang='lat' dir='ltr'><strong>lih.</strong></span> <span class='ocrx_word' id='word_1_577' title='bbox 1670 5503 1709 5575; x_wconf 83' lang='lat' dir='ltr'><strong>l,</strong></span> <span class='ocrx_word' id='word_1_578' title='bbox 1761 5525 1932 5580; x_wconf 65' lang='lat' dir='ltr'><strong>segni.</strong></span> <span class='ocrx_word' id='word_1_579' title='bbox 1987 5510 2077 5565; x_wconf 77' lang='lat'><strong>‘25.</strong></span> 
     </span>
    </p>
   </div>
   <div class='ocr_carea' id='block_1_78' title="bbox 503 5573 2084 5649">
    <p class='ocr_par' dir='ltr' id='par_1_78' title="bbox 503 5573 2084 5649">
     <span class='ocr_line' id='line_1_78' title="bbox 503 5573 2084 5649; baseline 0.006 -25"><span class='ocrx_word' id='word_1_580' title='bbox 503 5573 798 5649; x_wconf 64' lang='lat' dir='ltr'><strong>tjlrrtstiaui</strong></span> <span class='ocrx_word' id='word_1_581' title='bbox 829 5584 1009 5649; x_wconf 77' lang='lat' dir='ltr'><strong>autem</strong></span> <span class='ocrx_word' id='word_1_582' title='bbox 1034 5575 1154 5649; x_wconf 82' lang='lat' dir='ltr'><strong>illas</strong></span> <span class='ocrx_word' id='word_1_583' title='bbox 1187 5579 1266 5632; x_wconf 91' lang='lat' dir='ltr'><strong>sic</strong></span> <span class='ocrx_word' id='word_1_584' title='bbox 1293 5573 1707 5647; x_wconf 81' lang='lat' dir='ltr'><strong>protendebaut,</strong></span> <span class='ocrx_word' id='word_1_585' title='bbox 1739 5589 1799 5634; x_wconf 93' lang='lat' dir='ltr'><strong>ut</strong></span> <span class='ocrx_word' id='word_1_586' title='bbox 1825 5573 2084 5649; x_wconf 53' lang='lat' dir='ltr'><strong>corporis</strong></span> 
     </span>
    </p>
   </div>
   <div class='ocr_carea' id='block_1_79' title="bbox 505 5640 2084 5715">
    <p class='ocr_par' dir='ltr' id='par_1_79' title="bbox 505 5640 2084 5715">
     <span class='ocr_line' id='line_1_79' title="bbox 505 5640 2084 5715; baseline 0.006 -20"><span class='ocrx_word' id='word_1_587' title='bbox 505 5640 694 5715; x_wconf 56' lang='lat' dir='ltr'><strong>lialiigt</strong></span> <span class='ocrx_word' id='word_1_588' title='bbox 749 5644 928 5699; x_wconf 83' lang='lat' dir='ltr'><strong>crucis</strong></span> <span class='ocrx_word' id='word_1_589' title='bbox 997 5640 1306 5715; x_wconf 66' lang='lat' dir='ltr'><strong>imaginem&#39;</strong></span> <span class='ocrx_word' id='word_1_590' title='bbox 1336 5640 1703 5705; x_wconf 45' lang='lat' dir='ltr'><strong>exhiberentf</strong></span> <span class='ocrx_word' id='word_1_591' title='bbox 1750 5670 1768 5701; x_wconf 79' lang='grc' dir='ltr'><strong>ι</strong></span> <span class='ocrx_word' id='word_1_592' title='bbox 1801 5647 1908 5704; x_wconf 86' lang='lat' dir='ltr'><strong>Nos</strong></span> <span class='ocrx_word' id='word_1_593' title='bbox 1938 5640 2084 5704; x_wconf 73' lang='grc' dir='ltr'><strong>’νει-υ</strong></span> 
     </span>
    </p>
   </div>
   <div class='ocr_carea' id='block_1_80' title="bbox 505 5712 2080 5788">
    <p class='ocr_par' dir='ltr' id='par_1_80' title="bbox 505 5712 2080 5788">
     <span class='ocr_line' id='line_1_80' title="bbox 505 5712 2080 5788; baseline 0.004 -22"><span class='ocrx_word' id='word_1_594' title='bbox 505 5714 622 5788; x_wconf 63' lang='lat' dir='ltr'><strong>(ait</strong></span> <span class='ocrx_word' id='word_1_595' title='bbox 643 5712 1006 5769; x_wconf 86' lang='lat' dir='ltr'><strong>Tertullianus</strong></span> <span class='ocrx_word' id='word_1_596' title='bbox 1055 5712 1162 5788; x_wconf 80' lang='lat' dir='ltr'><strong>lib.</strong></span> <span class='ocrx_word' id='word_1_597' title='bbox 1203 5717 1277 5771; x_wconf 78' lang='lat' dir='ltr'><strong>De</strong></span> <span class='ocrx_word' id='word_1_598' title='bbox 1308 5720 1549 5773; x_wconf 81' lang='lat' dir='ltr'><strong>oratione</strong></span> <span class='ocrx_word' id='word_1_599' title='bbox 1588 5735 1707 5788; x_wconf 88' lang='lat' dir='ltr'><strong>cap.</strong></span> <span class='ocrx_word' id='word_1_600' title='bbox 1739 5720 1827 5788; x_wconf 82' lang='lat' dir='ltr'><strong>ll)</strong></span> <span class='ocrx_word' id='word_1_601' title='bbox 1857 5735 1962 5772; x_wconf 90' lang='lat' dir='ltr'><strong>non</strong></span> <span class='ocrx_word' id='word_1_602' title='bbox 1996 5727 2080 5773; x_wconf 53' lang='lat' dir='ltr'><strong>at-</strong></span> 
     </span>
    </p>
   </div>
   <div class='ocr_carea' id='block_1_81' title="bbox 507 5782 2085 5865">
    <p class='ocr_par' dir='ltr' id='par_1_81' title="bbox 507 5782 2085 5865">
     <span class='ocr_line' id='line_1_81' title="bbox 507 5782 2085 5865; baseline 0.008 -31"><span class='ocrx_word' id='word_1_603' title='bbox 507 5782 752 5865; x_wconf 67' lang='lat' dir='ltr'><strong>tollimus</strong></span> <span class='ocrx_word' id='word_1_604' title='bbox 772 5784 1301 5865; x_wconf 43' lang='lat' dir='ltr'><strong>_tantmn.(manus)_,</strong></span> <span class='ocrx_word' id='word_1_605' title='bbox 1333 5790 1447 5865; x_wconf 73' lang='lat' dir='ltr'><strong>sed</strong></span> <span class='ocrx_word' id='word_1_606' title='bbox 1502 5782 1665 5844; x_wconf 81' lang='lat' dir='ltr'><strong>etiam</strong></span> <span class='ocrx_word' id='word_1_607' title='bbox 1726 5782 2085 5865; x_wconf 71' lang='lat' dir='ltr'><strong>expandimus</strong></span> 
     </span>
    </p>
   </div>
   <div class='ocr_carea' id='block_1_82' title="bbox 511 5852 2083 5929">
    <p class='ocr_par' dir='ltr' id='par_1_82' title="bbox 511 5852 2083 5929">
     <span class='ocr_line' id='line_1_82' title="bbox 511 5852 2083 5929; baseline 0.008 -24"><span class='ocrx_word' id='word_1_608' title='bbox 511 5861 545 5905; x_wconf 85' lang='lat' dir='ltr'><strong>e</strong></span> <span class='ocrx_word' id='word_1_609' title='bbox 574 5852 851 5911; x_wconf 85' lang='lat' dir='ltr'><strong>Dominica</strong></span> <span class='ocrx_word' id='word_1_610' title='bbox 877 5852 1131 5926; x_wconf 78' lang='lat' dir='ltr'><strong>passione</strong></span> <span class='ocrx_word' id='word_1_611' title='bbox 1163 5852 1518 5929; x_wconf 83' lang='lat' dir='ltr'><strong>utedulatum,</strong></span> <span class='ocrx_word' id='word_1_612' title='bbox 1555 5871 1610 5918; x_wconf 86' lang='lat' dir='ltr'><strong>et</strong></span> <span class='ocrx_word' id='word_1_613' title='bbox 1654 5852 1874 5920; x_wconf 72' lang='lat' dir='ltr'><strong>orauies</strong></span> <span class='ocrx_word' id='word_1_614' title='bbox 1915 5863 2083 5918; x_wconf 87' lang='lat' dir='ltr'><strong>couti-</strong></span> 
     </span>
    </p>
   </div>
   <div class='ocr_carea' id='block_1_83' title="bbox 2179 1989 3752 2073">
    <p class='ocr_par' dir='ltr' id='par_1_83' title="bbox 2179 1989 3752 2073">
     <span class='ocr_line' id='line_1_83' title="bbox 2179 1989 3752 2073; baseline -0.007 -15"><span class='ocrx_word' id='word_1_615' title='bbox 2179 1989 2228 2053; x_wconf 21' lang='lat' dir='ltr'><strong>O&#39;I</strong></span> <span class='ocrx_word' id='word_1_616' title='bbox 2271 1998 2473 2071; x_wconf 79' lang='grc' dir='ltr'>ψαλμῷ</span> <span class='ocrx_word' id='word_1_617' title='bbox 2517 2000 2993 2073; x_wconf 74' lang='grc' dir='ltr'><strong>προσευχόμενος*</strong></span> <span class='ocrx_word' id='word_1_618' title='bbox 3034 2018 3054 2052; x_wconf 78' lang='grc' dir='ltr'><strong>ι</strong></span> <span class='ocrx_word' id='word_1_619' title='bbox 3114 1999 3239 2054; x_wconf 79' lang='grc' dir='ltr'><strong>Ἐπὶ</strong></span> <span class='ocrx_word' id='word_1_620' title='bbox 3283 1997 3391 2065; x_wconf 79' lang='grc' dir='ltr'>σοὶ,</span> <span class='ocrx_word' id='word_1_621' title='bbox 3433 1997 3637 2070; x_wconf 79' lang='grc' dir='ltr'>Κύριε,</span> <span class='ocrx_word' id='word_1_622' title='bbox 3664 1995 3752 2066; x_wconf 76' lang='grc' dir='ltr'><strong>ήλ-</strong></span> 
     </span>
    </p>
   </div>
   <div class='ocr_carea' id='block_1_84' title="bbox 2184 2090 3754 2167">
    <p class='ocr_par' dir='ltr' id='par_1_84' title="bbox 2184 2090 3754 2167">
     <span class='ocr_line' id='line_1_84' title="bbox 2184 2090 3754 2167; baseline -0.001 -24"><span class='ocrx_word' id='word_1_623' title='bbox 2184 2106 2359 2167; x_wconf 77' lang='grc' dir='ltr'>πισα’</span> <span class='ocrx_word' id='word_1_624' title='bbox 2425 2090 2500 2162; x_wconf 80' lang='grc' dir='ltr'>μὴ</span> <span class='ocrx_word' id='word_1_625' title='bbox 2545 2092 3003 2163; x_wconf 83' lang='grc' dir='ltr'>καταισχυνθειην</span> <span class='ocrx_word' id='word_1_626' title='bbox 3062 2094 3142 2156; x_wconf 81' lang='grc' dir='ltr'><strong>εἰς</strong></span> <span class='ocrx_word' id='word_1_627' title='bbox 3185 2091 3278 2145; x_wconf 81' lang='grc' dir='ltr'><strong>τὸν</strong></span> <span class='ocrx_word' id='word_1_628' title='bbox 3339 2091 3542 2145; x_wconf 67' lang='grc' dir='ltr'>αἰῶνα*</span> <span class='ocrx_word' id='word_1_629' title='bbox 3595 2090 3651 2143; x_wconf 83' lang='grc' dir='ltr'><strong>ἐν</strong></span> <span class='ocrx_word' id='word_1_630' title='bbox 3693 2090 3754 2159; x_wconf 74' lang='grc' dir='ltr'><strong>τῇ</strong></span> 
     </span>
    </p>
   </div>
   <div class='ocr_carea' id='block_1_85' title="bbox 2181 2178 3755 2254">
    <p class='ocr_par' dir='ltr' id='par_1_85' title="bbox 2181 2178 3755 2254">
     <span class='ocr_line' id='line_1_85' title="bbox 2181 2178 3755 2254; baseline -0.001 -22"><span class='ocrx_word' id='word_1_631' title='bbox 2181 2178 2500 2254; x_wconf 80' lang='grc' dir='ltr'>δικαιοσύνῃ</span> <span class='ocrx_word' id='word_1_632' title='bbox 2559 2198 2653 2234; x_wconf 92' lang='grc' dir='ltr'>σου</span> <span class='ocrx_word' id='word_1_633' title='bbox 2689 2180 2850 2253; x_wconf 80' lang='grc' dir='ltr'>ῥῦσαι</span> <span class='ocrx_word' id='word_1_634' title='bbox 2892 2199 2986 2252; x_wconf 81' lang='grc' dir='ltr'><strong>με,</strong></span> <span class='ocrx_word' id='word_1_635' title='bbox 3048 2181 3144 2235; x_wconf 74' lang='grc' dir='ltr'>καὶ</span> <span class='ocrx_word' id='word_1_636' title='bbox 3193 2180 3380 2248; x_wconf 81' lang='grc' dir='ltr'>ἐξελοῦ</span> <span class='ocrx_word' id='word_1_637' title='bbox 3435 2197 3536 2252; x_wconf 79' lang='grc' dir='ltr'><strong>με’</strong></span> <span class='ocrx_word' id='word_1_638' title='bbox 3589 2180 3755 2234; x_wconf 87' lang='grc' dir='ltr'>κλῖνον</span> 
     </span>
    </p>
   </div>
   <div class='ocr_carea' id='block_1_86' title="bbox 2185 2267 3756 2341">
    <p class='ocr_par' dir='ltr' id='par_1_86' title="bbox 2185 2267 3756 2341">
     <span class='ocr_line' id='line_1_86' title="bbox 2185 2267 3756 2341; baseline -0.003 -18"><span class='ocrx_word' id='word_1_639' title='bbox 2185 2270 2324 2340; x_wconf 81' lang='grc' dir='ltr'>πρὸς</span> <span class='ocrx_word' id='word_1_640' title='bbox 2366 2270 2435 2341; x_wconf 84' lang='grc' dir='ltr'>μὲ</span> <span class='ocrx_word' id='word_1_641' title='bbox 2472 2270 2534 2324; x_wconf 84' lang='grc' dir='ltr'>τὺ</span> <span class='ocrx_word' id='word_1_642' title='bbox 2571 2267 2667 2335; x_wconf 86' lang='grc' dir='ltr'>οῦς</span> <span class='ocrx_word' id='word_1_643' title='bbox 2714 2287 2831 2334; x_wconf 93' lang='grc' dir='ltr'>σου,</span> <span class='ocrx_word' id='word_1_644' title='bbox 2864 2271 2960 2325; x_wconf 77' lang='grc' dir='ltr'><strong>καὶ</strong></span> <span class='ocrx_word' id='word_1_645' title='bbox 2999 2269 3175 2323; x_wconf 85' lang='grc' dir='ltr'>σῶσόν</span> <span class='ocrx_word' id='word_1_646' title='bbox 3221 2285 3310 2340; x_wconf 89' lang='grc' dir='ltr'>με.</span> <span class='ocrx_word' id='word_1_647' title='bbox 3360 2267 3526 2323; x_wconf 87' lang='grc' dir='ltr'>Γενοῦ</span> <span class='ocrx_word' id='word_1_648' title='bbox 3575 2285 3659 2339; x_wconf 88' lang='grc' dir='ltr'>μοι</span> <span class='ocrx_word' id='word_1_649' title='bbox 3684 2267 3756 2329; x_wconf 76' lang='grc' dir='ltr'>εἰς</span> 
     </span>
    </p>
   </div>
   <div class='ocr_carea' id='block_1_87' title="bbox 2183 2356 3754 2433">
    <p class='ocr_par' dir='ltr' id='par_1_87' title="bbox 2183 2356 3754 2433">
     <span class='ocr_line' id='line_1_87' title="bbox 2183 2356 3754 2433; baseline -0.001 -18"><span class='ocrx_word' id='word_1_650' title='bbox 2183 2361 2317 2415; x_wconf 83' lang='grc' dir='ltr'>Θεὸν</span> <span class='ocrx_word' id='word_1_651' title='bbox 2412 2362 2867 2433; x_wconf 79' lang='grc' dir='ltr'>ύπερασπιστὴν,</span> <span class='ocrx_word' id='word_1_652' title='bbox 2910 2362 3005 2416; x_wconf 75' lang='grc' dir='ltr'><strong>καὶ</strong></span> <span class='ocrx_word' id='word_1_653' title='bbox 3044 2363 3126 2425; x_wconf 76' lang='grc' dir='ltr'><strong>εἰς</strong></span> <span class='ocrx_word' id='word_1_654' title='bbox 3175 2361 3340 2414; x_wconf 83' lang='grc' dir='ltr'>τόπον</span> <span class='ocrx_word' id='word_1_655' title='bbox 3402 2360 3629 2432; x_wconf 77' lang='grc' dir='ltr'>ὀχυρὸν,</span> <span class='ocrx_word' id='word_1_656' title='bbox 3666 2356 3754 2413; x_wconf 89' lang='grc' dir='ltr'><strong>τοῦ</strong></span> 
     </span>
    </p>
   </div>
   <div class='ocr_carea' id='block_1_88' title="bbox 2185 2452 3754 2526">
    <p class='ocr_par' dir='ltr' id='par_1_88' title="bbox 2185 2452 3754 2526">
     <span class='ocr_line' id='line_1_88' title="bbox 2185 2452 3754 2526; baseline 0 -21"><span class='ocrx_word' id='word_1_657' title='bbox 2185 2452 2361 2507; x_wconf 86' lang='grc' dir='ltr'>σῶσαι</span> <span class='ocrx_word' id='word_1_658' title='bbox 2409 2471 2476 2524; x_wconf 91' lang='grc' dir='ltr'>με</span> <span class='ocrx_word' id='word_1_659' title='bbox 2498 2471 2511 2485; x_wconf 73' lang='grc' dir='ltr'><strong>ο</strong></span> <span class='ocrx_word' id='word_1_660' title='bbox 2545 2455 2631 2508; x_wconf 85' lang='grc' dir='ltr'><strong>ὅτι</strong></span> <span class='ocrx_word' id='word_1_661' title='bbox 2674 2454 2969 2526; x_wconf 74' lang='grc' dir='ltr'><strong>στερέωμα</strong></span> <span class='ocrx_word' id='word_1_662' title='bbox 3021 2471 3123 2525; x_wconf 88' lang='grc' dir='ltr'>μου</span> <span class='ocrx_word' id='word_1_663' title='bbox 3169 2453 3265 2509; x_wconf 78' lang='grc' dir='ltr'>καὶ</span> <span class='ocrx_word' id='word_1_664' title='bbox 3317 2455 3610 2525; x_wconf 77' lang='grc' dir='ltr'>καταφυγή</span> <span class='ocrx_word' id='word_1_665' title='bbox 3660 2469 3754 2524; x_wconf 81' lang='grc' dir='ltr'>μου</span> 
     </span>
    </p>
   </div>
   <div class='ocr_carea' id='block_1_89' title="bbox 2183 2541 3759 2617">
    <p class='ocr_par' dir='ltr' id='par_1_89' title="bbox 2183 2541 3759 2617">
     <span class='ocr_line' id='line_1_89' title="bbox 2183 2541 3759 2617; baseline 0.001 -20"><span class='ocrx_word' id='word_1_666' title='bbox 2183 2541 2235 2597; x_wconf 81' lang='grc' dir='ltr'><strong>εἴ</strong></span> <span class='ocrx_word' id='word_1_667' title='bbox 2283 2546 2369 2599; x_wconf 88' lang='grc' dir='ltr'><strong>σύ.</strong></span> <span class='ocrx_word' id='word_1_668' title='bbox 2426 2545 2487 2598; x_wconf 82' lang='grc' dir='ltr'>Ὀ</span> <span class='ocrx_word' id='word_1_669' title='bbox 2532 2545 2667 2610; x_wconf 83' lang='grc' dir='ltr'>Θεός</span> <span class='ocrx_word' id='word_1_670' title='bbox 2716 2563 2841 2617; x_wconf 90' lang='grc' dir='ltr'>μου,</span> <span class='ocrx_word' id='word_1_671' title='bbox 2887 2545 3052 2617; x_wconf 76' lang='grc' dir='ltr'>ῥῦσαι</span> <span class='ocrx_word' id='word_1_672' title='bbox 3097 2563 3165 2617; x_wconf 92' lang='grc' dir='ltr'>με</span> <span class='ocrx_word' id='word_1_673' title='bbox 3195 2547 3261 2599; x_wconf 81' lang='grc' dir='ltr'>ἐκ</span> <span class='ocrx_word' id='word_1_674' title='bbox 3289 2547 3480 2617; x_wconf 81' lang='grc' dir='ltr'>χειρὸς</span> <span class='ocrx_word' id='word_1_675' title='bbox 3519 2547 3759 2617; x_wconf 76' lang='grc' dir='ltr'>ἀμαρτω-</span> 
     </span>
    </p>
   </div>
   <div class='ocr_carea' id='block_1_90' title="bbox 2183 2636 3760 2711">
    <p class='ocr_par' dir='ltr' id='par_1_90' title="bbox 2183 2636 3760 2711">
     <span class='ocr_line' id='line_1_90' title="bbox 2183 2636 3760 2711; baseline -0.001 -21"><span class='ocrx_word' id='word_1_676' title='bbox 2183 2637 2303 2702; x_wconf 91' lang='grc' dir='ltr'>λοῦ,</span> <span class='ocrx_word' id='word_1_677' title='bbox 2351 2640 2417 2691; x_wconf 83' lang='grc' dir='ltr'>ἐκ</span> <span class='ocrx_word' id='word_1_678' title='bbox 2451 2637 2633 2711; x_wconf 85' lang='grc' dir='ltr'>χειρὸς</span> <span class='ocrx_word' id='word_1_679' title='bbox 2675 2639 3122 2711; x_wconf 76' lang='grc' dir='ltr'>παρανομοῦντος</span> <span class='ocrx_word' id='word_1_680' title='bbox 3163 2640 3257 2693; x_wconf 74' lang='grc' dir='ltr'><strong>καὶ</strong></span> <span class='ocrx_word' id='word_1_681' title='bbox 3297 2638 3643 2702; x_wconf 82' lang='grc' dir='ltr'>ἀδικοῦντος·</span> <span class='ocrx_word' id='word_1_682' title='bbox 3687 2636 3760 2689; x_wconf 81' lang='grc' dir='ltr'>ὅτι</span> 
     </span>
    </p>
   </div>
   <div class='ocr_carea' id='block_1_91' title="bbox 2187 2724 3760 2804">
    <p class='ocr_par' dir='ltr' id='par_1_91' title="bbox 2187 2724 3760 2804">
     <span class='ocr_line' id='line_1_91' title="bbox 2187 2724 3760 2804; baseline -0.001 -23"><span class='ocrx_word' id='word_1_683' title='bbox 2187 2730 2252 2782; x_wconf 82' lang='grc' dir='ltr'>σὺ</span> <span class='ocrx_word' id='word_1_684' title='bbox 2299 2724 2351 2781; x_wconf 84' lang='grc' dir='ltr'><strong>εἷ</strong></span> <span class='ocrx_word' id='word_1_685' title='bbox 2392 2730 2424 2800; x_wconf 87' lang='grc' dir='ltr'><strong>ή</strong></span> <span class='ocrx_word' id='word_1_686' title='bbox 2466 2730 2713 2801; x_wconf 80' lang='grc' dir='ltr'>ὑπομονὴ</span> <span class='ocrx_word' id='word_1_687' title='bbox 2764 2748 2891 2802; x_wconf 85' lang='grc' dir='ltr'>μου,</span> <span class='ocrx_word' id='word_1_688' title='bbox 2944 2730 3138 2802; x_wconf 84' lang='grc' dir='ltr'>Κύριε,</span> <span class='ocrx_word' id='word_1_689' title='bbox 3183 2731 3379 2804; x_wconf 84' lang='grc' dir='ltr'>Κύριε,</span> <span class='ocrx_word' id='word_1_690' title='bbox 3429 2729 3640 2804; x_wconf 82' lang='grc' dir='ltr'>ήὲλπῑς</span> <span class='ocrx_word' id='word_1_691' title='bbox 3668 2745 3760 2800; x_wconf 88' lang='grc' dir='ltr'><strong>μου</strong></span> 
     </span>
    </p>
   </div>
   <div class='ocr_carea' id='block_1_92' title="bbox 2184 2820 3763 2896">
    <p class='ocr_par' dir='ltr' id='par_1_92' title="bbox 2184 2820 3763 2896">
     <span class='ocr_line' id='line_1_92' title="bbox 2184 2820 3763 2896; baseline 0.001 -24"><span class='ocrx_word' id='word_1_692' title='bbox 2184 2821 2250 2873; x_wconf 86' lang='grc' dir='ltr'>ἐκ</span> <span class='ocrx_word' id='word_1_693' title='bbox 2296 2820 2551 2891; x_wconf 83' lang='grc' dir='ltr'><strong>νεότητός</strong></span> <span class='ocrx_word' id='word_1_694' title='bbox 2604 2838 2730 2892; x_wconf 91' lang='grc' dir='ltr'>μου.</span> <span class='ocrx_word' id='word_1_695' title='bbox 2789 2822 2915 2875; x_wconf 72' lang='grc' dir='ltr'><strong>Ἐπὶ</strong></span> <span class='ocrx_word' id='word_1_696' title='bbox 2953 2822 3013 2876; x_wconf 80' lang='grc' dir='ltr'>σὲ</span> <span class='ocrx_word' id='word_1_697' title='bbox 3059 2822 3469 2896; x_wconf 85' lang='grc' dir='ltr'><strong>ὲπεστηρίχθην</strong></span> <span class='ocrx_word' id='word_1_698' title='bbox 3522 2821 3626 2876; x_wconf 78' lang='grc' dir='ltr'><strong>ἀπὸ</strong></span> <span class='ocrx_word' id='word_1_699' title='bbox 3671 2835 3763 2888; x_wconf 85' lang='grc' dir='ltr'><strong>γα-</strong></span> 
     </span>
    </p>
   </div>
   <div class='ocr_carea' id='block_1_93' title="bbox 2186 2911 3759 2987">
    <p class='ocr_par' dir='ltr' id='par_1_93' title="bbox 2186 2911 3759 2987">
     <span class='ocr_line' id='line_1_93' title="bbox 2186 2911 3759 2987; baseline -0.001 -21"><span class='ocrx_word' id='word_1_700' title='bbox 2186 2912 2368 2983; x_wconf 74' lang='grc' dir='ltr'>στρὸς,</span> <span class='ocrx_word' id='word_1_701' title='bbox 2402 2914 2468 2965; x_wconf 83' lang='grc' dir='ltr'>ἐκ</span> <span class='ocrx_word' id='word_1_702' title='bbox 2501 2914 2708 2977; x_wconf 79' lang='grc' dir='ltr'>κοιλίας</span> <span class='ocrx_word' id='word_1_703' title='bbox 2743 2913 2951 2985; x_wconf 86' lang='grc' dir='ltr'>μητρός</span> <span class='ocrx_word' id='word_1_704' title='bbox 2981 2931 3083 2985; x_wconf 91' lang='grc' dir='ltr'>μου</span> <span class='ocrx_word' id='word_1_705' title='bbox 3124 2915 3186 2968; x_wconf 89' lang='grc' dir='ltr'><strong>σύ</strong></span> <span class='ocrx_word' id='word_1_706' title='bbox 3221 2933 3324 2987; x_wconf 94' lang='grc' dir='ltr'>μου</span> <span class='ocrx_word' id='word_1_707' title='bbox 3355 2911 3411 2969; x_wconf 78' lang='grc' dir='ltr'><strong>εἷ</strong></span> <span class='ocrx_word' id='word_1_708' title='bbox 3440 2913 3759 2982; x_wconf 80' lang='grc' dir='ltr'>σκεπαστής.</span> 
     </span>
    </p>
   </div>
   <div class='ocr_carea' id='block_1_94' title="bbox 2198 3003 3761 3079">
    <p class='ocr_par' dir='ltr' id='par_1_94' title="bbox 2198 3003 3761 3079">
     <span class='ocr_line' id='line_1_94' title="bbox 2198 3003 3761 3079; baseline -0.001 -21"><span class='ocrx_word' id='word_1_709' title='bbox 2198 3003 2287 3058; x_wconf 87' lang='grc' dir='ltr'>Ἐν</span> <span class='ocrx_word' id='word_1_710' title='bbox 2327 3007 2409 3058; x_wconf 81' lang='grc' dir='ltr'><strong>σοὶ</strong></span> <span class='ocrx_word' id='word_1_711' title='bbox 2440 3007 2474 3077; x_wconf 81' lang='grc' dir='ltr'>ὴ</span> <span class='ocrx_word' id='word_1_712' title='bbox 2508 3004 2743 3076; x_wconf 83' lang='grc' dir='ltr'>ῦμνησις</span> <span class='ocrx_word' id='word_1_713' title='bbox 2779 3024 2881 3077; x_wconf 90' lang='grc' dir='ltr'>μου</span> <span class='ocrx_word' id='word_1_714' title='bbox 2914 3006 3229 3071; x_wconf 79' lang='grc' dir='ltr'>διαπαντός.</span> <span class='ocrx_word' id='word_1_715' title='bbox 3276 3007 3428 3060; x_wconf 76' lang='grc' dir='ltr'>Ὢσεὶ</span> <span class='ocrx_word' id='word_1_716' title='bbox 3462 3007 3619 3079; x_wconf 86' lang='grc' dir='ltr'>τέρας</span> <span class='ocrx_word' id='word_1_717' title='bbox 3650 3007 3761 3073; x_wconf 85' lang='grc' dir='ltr'>ἐγε-</span> 
     </span>
    </p>
   </div>
   <div class='ocr_carea' id='block_1_95' title="bbox 2187 3097 3760 3172">
    <p class='ocr_par' dir='ltr' id='par_1_95' title="bbox 2187 3097 3760 3172">
     <span class='ocr_line' id='line_1_95' title="bbox 2187 3097 3760 3172; baseline 0.001 -21"><span class='ocrx_word' id='word_1_718' title='bbox 2187 3097 2358 3169; x_wconf 79' lang='grc' dir='ltr'>νήθην</span> <span class='ocrx_word' id='word_1_719' title='bbox 2389 3100 2503 3161; x_wconf 82' lang='grc' dir='ltr'>τοῖς</span> <span class='ocrx_word' id='word_1_720' title='bbox 2534 3098 2775 3162; x_wconf 85' lang='grc' dir='ltr'>πολλοῖς,</span> <span class='ocrx_word' id='word_1_721' title='bbox 2806 3098 2902 3152; x_wconf 76' lang='grc' dir='ltr'>καὶ</span> <span class='ocrx_word' id='word_1_722' title='bbox 2931 3100 3016 3159; x_wconf 79' lang='grc' dir='ltr'>σὺ,</span> <span class='ocrx_word' id='word_1_723' title='bbox 3056 3099 3247 3172; x_wconf 85' lang='grc' dir='ltr'>Κύριε,</span> <span class='ocrx_word' id='word_1_724' title='bbox 3281 3099 3481 3171; x_wconf 79' lang='grc' dir='ltr'>βοηθός</span> <span class='ocrx_word' id='word_1_725' title='bbox 3512 3117 3610 3172; x_wconf 89' lang='grc' dir='ltr'>μου</span> <span class='ocrx_word' id='word_1_726' title='bbox 3638 3113 3760 3170; x_wconf 81' lang='grc' dir='ltr'>κρα-</span> 
     </span>
    </p>
   </div>
   <div class='ocr_carea' id='block_1_96' title="bbox 2185 3187 3760 3263">
    <p class='ocr_par' dir='ltr' id='par_1_96' title="bbox 2185 3187 3760 3263">
     <span class='ocr_line' id='line_1_96' title="bbox 2185 3187 3760 3263; baseline 0.004 -24"><span class='ocrx_word' id='word_1_727' title='bbox 2185 3187 2361 3250; x_wconf 85' lang='grc' dir='ltr'>ταιός.</span> <span class='ocrx_word' id='word_1_728' title='bbox 2410 3188 2764 3261; x_wconf 80' lang='grc' dir='ltr'><strong>Πληρωθήτω</strong></span> <span class='ocrx_word' id='word_1_729' title='bbox 2804 3190 2867 3243; x_wconf 86' lang='grc' dir='ltr'><strong>τὸ</strong></span> <span class='ocrx_word' id='word_1_730' title='bbox 2917 3190 3093 3262; x_wconf 85' lang='grc' dir='ltr'>στόμα</span> <span class='ocrx_word' id='word_1_731' title='bbox 3139 3208 3241 3263; x_wconf 91' lang='grc' dir='ltr'>μου</span> <span class='ocrx_word' id='word_1_732' title='bbox 3281 3192 3576 3255; x_wconf 83' lang='grc' dir='ltr'>αἰνέσεως,</span> <span class='ocrx_word' id='word_1_733' title='bbox 3626 3192 3760 3253; x_wconf 79' lang='grc' dir='ltr'>ὅπως</span> 
     </span>
    </p>
   </div>
   <div class='ocr_carea' id='block_1_97' title="bbox 2187 3281 3762 3357">
    <p class='ocr_par' dir='ltr' id='par_1_97' title="bbox 2187 3281 3762 3357">
     <span class='ocr_line' id='line_1_97' title="bbox 2187 3281 3762 3357; baseline 0.001 -22"><span class='ocrx_word' id='word_1_734' title='bbox 2187 3281 2486 3352; x_wconf 82' lang='grc' dir='ltr'>ἀνυμνήσω</span> <span class='ocrx_word' id='word_1_735' title='bbox 2516 3281 2613 3352; x_wconf 80' lang='grc' dir='ltr'><strong>τὴν</strong></span> <span class='ocrx_word' id='word_1_736' title='bbox 2656 3281 2815 3349; x_wconf 78' lang='grc' dir='ltr'>δόξαν</span> <span class='ocrx_word' id='word_1_737' title='bbox 2851 3300 2967 3347; x_wconf 90' lang='grc' dir='ltr'>σου,</span> <span class='ocrx_word' id='word_1_738' title='bbox 2999 3283 3129 3355; x_wconf 79' lang='grc' dir='ltr'><strong>ὃλην</strong></span> <span class='ocrx_word' id='word_1_739' title='bbox 3153 3285 3254 3356; x_wconf 82' lang='grc' dir='ltr'><strong>τὴν</strong></span> <span class='ocrx_word' id='word_1_740' title='bbox 3291 3284 3511 3357; x_wconf 81' lang='grc' dir='ltr'>ἡμέραν</span> <span class='ocrx_word' id='word_1_741' title='bbox 3541 3285 3638 3356; x_wconf 79' lang='grc' dir='ltr'>τὴν</span> <span class='ocrx_word' id='word_1_742' title='bbox 3674 3297 3762 3353; x_wconf 81' lang='grc' dir='ltr'>με·</span> 
     </span>
    </p>
   </div>
   <div class='ocr_carea' id='block_1_98' title="bbox 2187 3371 3761 3449">
    <p class='ocr_par' dir='ltr' id='par_1_98' title="bbox 2187 3371 3761 3449">
     <span class='ocr_line' id='line_1_98' title="bbox 2187 3371 3761 3449; baseline 0.001 -25"><span class='ocrx_word' id='word_1_743' title='bbox 2187 3371 2599 3444; x_wconf 81' lang='grc' dir='ltr'>γαλοπρέπειάν</span> <span class='ocrx_word' id='word_1_744' title='bbox 2650 3390 2765 3428; x_wconf 89' lang='grc' dir='ltr'>σου.</span> <span class='ocrx_word' id='word_1_745' title='bbox 2818 3373 2911 3447; x_wconf 80' lang='grc' dir='ltr'><strong>Μὴ</strong></span> <span class='ocrx_word' id='word_1_746' title='bbox 2959 3376 3276 3449; x_wconf 79' lang='grc' dir='ltr'><strong>ἀπορῤίψῃς</strong></span> <span class='ocrx_word' id='word_1_747' title='bbox 3336 3394 3406 3447; x_wconf 88' lang='grc' dir='ltr'><strong>με</strong></span> <span class='ocrx_word' id='word_1_748' title='bbox 3458 3378 3539 3441; x_wconf 83' lang='grc' dir='ltr'><strong>εἰς</strong></span> <span class='ocrx_word' id='word_1_749' title='bbox 3586 3372 3761 3444; x_wconf 78' lang='grc' dir='ltr'>καιρὸν</span> 
     </span>
    </p>
   </div>
   <div class='ocr_carea' id='block_1_99' title="bbox 2189 3465 3771 3543">
    <p class='ocr_par' dir='ltr' id='par_1_99' title="bbox 2189 3465 3771 3543">
     <span class='ocr_line' id='line_1_99' title="bbox 2189 3465 3771 3543; baseline 0.003 -25"><span class='ocrx_word' id='word_1_750' title='bbox 2189 3466 2433 3538; x_wconf 84' lang='grc' dir='ltr'><strong>γήρους·</strong></span> <span class='ocrx_word' id='word_1_751' title='bbox 2484 3467 2544 3520; x_wconf 81' lang='grc' dir='ltr'>ἐν</span> <span class='ocrx_word' id='word_1_752' title='bbox 2580 3465 2660 3538; x_wconf 81' lang='grc' dir='ltr'>τῷ</span> <span class='ocrx_word' id='word_1_753' title='bbox 2693 3467 2968 3521; x_wconf 78' lang='grc' dir='ltr'>ἐκλείπειν</span> <span class='ocrx_word' id='word_1_754' title='bbox 2999 3470 3099 3541; x_wconf 79' lang='grc' dir='ltr'>τὴν</span> <span class='ocrx_word' id='word_1_755' title='bbox 3136 3470 3291 3541; x_wconf 77' lang='grc' dir='ltr'>ἰσχύν</span> <span class='ocrx_word' id='word_1_756' title='bbox 3325 3487 3430 3542; x_wconf 86' lang='grc' dir='ltr'>μου</span> <span class='ocrx_word' id='word_1_757' title='bbox 3484 3470 3558 3543; x_wconf 83' lang='grc' dir='ltr'>μὴ</span> <span class='ocrx_word' id='word_1_758' title='bbox 3593 3471 3771 3537; x_wconf 60' lang='lat' dir='ltr'><strong>tym—</strong></span> 
     </span>
    </p>
   </div>
   <div class='ocr_carea' id='block_1_100' title="bbox 2187 3557 3758 3633">
    <p class='ocr_par' dir='ltr' id='par_1_100' title="bbox 2187 3557 3758 3633">
     <span class='ocr_line' id='line_1_100' title="bbox 2187 3557 3758 3633; baseline 0.001 -22"><span class='ocrx_word' id='word_1_759' title='bbox 2187 3558 2424 3629; x_wconf 81' lang='grc' dir='ltr'>ταλιπῃς</span> <span class='ocrx_word' id='word_1_760' title='bbox 2458 3575 2546 3630; x_wconf 90' lang='grc' dir='ltr'>με.</span> <span class='ocrx_word' id='word_1_761' title='bbox 2606 3578 2626 3611; x_wconf 71' lang='grc' dir='ltr'><strong>ι</strong></span> <span class='ocrx_word' id='word_1_762' title='bbox 2670 3558 2827 3613; x_wconf 85' lang='grc' dir='ltr'>Οῦτω</span> <span class='ocrx_word' id='word_1_763' title='bbox 2875 3559 2987 3632; x_wconf 84' lang='grc' dir='ltr'><strong>γὰρ</strong></span> <span class='ocrx_word' id='word_1_764' title='bbox 3022 3562 3126 3626; x_wconf 85' lang='grc' dir='ltr'>ἂν,</span> <span class='ocrx_word' id='word_1_765' title='bbox 3187 3560 3282 3615; x_wconf 89' lang='grc' dir='ltr'><strong>σοῦ</strong></span> <span class='ocrx_word' id='word_1_766' title='bbox 3326 3563 3523 3627; x_wconf 72' lang='grc' dir='ltr'>ἕνεκα,</span> <span class='ocrx_word' id='word_1_767' title='bbox 3560 3560 3675 3633; x_wconf 73' lang='lat' dir='ltr'><strong>[Nl</strong></span> <span class='ocrx_word' id='word_1_768' title='bbox 3709 3557 3758 3630; x_wconf 71' lang='grc' dir='ltr'>ὁ]</span> 
     </span>
    </p>
   </div>
   <div class='ocr_carea' id='block_1_101' title="bbox 2188 3650 3760 3726">
    <p class='ocr_par' dir='ltr' id='par_1_101' title="bbox 2188 3650 3760 3726">
     <span class='ocr_line' id='line_1_101' title="bbox 2188 3650 3760 3726; baseline 0.001 -22"><span class='ocrx_word' id='word_1_769' title='bbox 2188 3651 2289 3722; x_wconf 84' lang='grc' dir='ltr'>τῆς</span> <span class='ocrx_word' id='word_1_770' title='bbox 2315 3651 2417 3705; x_wconf 83' lang='grc' dir='ltr'><strong>οὐκ</strong></span> <span class='ocrx_word' id='word_1_771' title='bbox 2461 3650 2697 3723; x_wconf 82' lang='grc' dir='ltr'>ἐχούσης</span> <span class='ocrx_word' id='word_1_772' title='bbox 2726 3651 2788 3705; x_wconf 86' lang='grc' dir='ltr'><strong>τὺ</strong></span> <span class='ocrx_word' id='word_1_773' title='bbox 2824 3654 3284 3725; x_wconf 76' lang='grc' dir='ltr'>ἀντιτασσόμενον</span> <span class='ocrx_word' id='word_1_774' title='bbox 3314 3672 3419 3720; x_wconf 92' lang='grc' dir='ltr'>σοι,</span> <span class='ocrx_word' id='word_1_775' title='bbox 3457 3658 3514 3709; x_wconf 89' lang='grc' dir='ltr'>ἐν</span> <span class='ocrx_word' id='word_1_776' title='bbox 3539 3653 3614 3726; x_wconf 83' lang='grc' dir='ltr'>τῷ</span> <span class='ocrx_word' id='word_1_777' title='bbox 3649 3651 3760 3723; x_wconf 84' lang='grc' dir='ltr'><strong>βου-</strong></span> 
     </span>
    </p>
   </div>
   <div class='ocr_carea' id='block_1_102' title="bbox 2186 3741 3762 3819">
    <p class='ocr_par' dir='ltr' id='par_1_102' title="bbox 2186 3741 3762 3819">
     <span class='ocr_line' id='line_1_102' title="bbox 2186 3741 3762 3819; baseline 0.001 -24"><span class='ocrx_word' id='word_1_778' title='bbox 2186 3741 2438 3796; x_wconf 84' lang='grc' dir='ltr'>λεύεσθαι</span> <span class='ocrx_word' id='word_1_779' title='bbox 2486 3742 2656 3797; x_wconf 78' lang='grc' dir='ltr'>ἐλεεῖν</span> <span class='ocrx_word' id='word_1_780' title='bbox 2677 3744 2775 3797; x_wconf 75' lang='grc' dir='ltr'><strong>καὶ</strong></span> <span class='ocrx_word' id='word_1_781' title='bbox 2806 3746 2935 3810; x_wconf 78' lang='grc' dir='ltr'>τοὺς</span> <span class='ocrx_word' id='word_1_782' title='bbox 2964 3746 3325 3819; x_wconf 84' lang='grc' dir='ltr'>ἁμαρτωλοὺς</span> <span class='ocrx_word' id='word_1_783' title='bbox 3355 3750 3530 3819; x_wconf 77' lang='grc' dir='ltr'>ἡμᾶς,</span> <span class='ocrx_word' id='word_1_784' title='bbox 3558 3744 3762 3816; x_wconf 81' lang='grc' dir='ltr'>ἀγαθω-</span> 
     </span>
    </p>
   </div>
   <div class='ocr_carea' id='block_1_103' title="bbox 2186 3832 3760 3912">
    <p class='ocr_par' dir='ltr' id='par_1_103' title="bbox 2186 3832 3760 3912">
     <span class='ocr_line' id='line_1_103' title="bbox 2186 3832 3760 3912; baseline 0.007 -25"><span class='ocrx_word' id='word_1_785' title='bbox 2186 3835 2321 3907; x_wconf 84' lang='grc' dir='ltr'><strong>τάτη</strong></span> <span class='ocrx_word' id='word_1_786' title='bbox 2355 3835 2451 3888; x_wconf 79' lang='grc' dir='ltr'>καὶ</span> <span class='ocrx_word' id='word_1_787' title='bbox 2484 3835 2907 3909; x_wconf 81' lang='grc' dir='ltr'><strong>παναλκεστάτη</strong></span> <span class='ocrx_word' id='word_1_788' title='bbox 2941 3838 3135 3911; x_wconf 85' lang='grc' dir='ltr'>Τριὰς,</span> <span class='ocrx_word' id='word_1_789' title='bbox 3176 3841 3269 3909; x_wconf 74' lang='grc' dir='ltr'><strong>ἀφ’</strong></span> <span class='ocrx_word' id='word_1_790' title='bbox 3295 3834 3363 3912; x_wconf 85' lang='grc' dir='ltr'>ἦς</span> <span class='ocrx_word' id='word_1_791' title='bbox 3408 3841 3506 3894; x_wconf 75' lang='grc' dir='ltr'><strong>καὶ</strong></span> <span class='ocrx_word' id='word_1_792' title='bbox 3540 3840 3667 3912; x_wconf 83' lang='grc' dir='ltr'>παρ’</span> <span class='ocrx_word' id='word_1_793' title='bbox 3696 3832 3760 3910; x_wconf 82' lang='grc' dir='ltr'><strong>ἦς</strong></span> 
     </span>
    </p>
   </div>
   <div class='ocr_carea' id='block_1_104' title="bbox 2190 3925 3758 3999">
    <p class='ocr_par' dir='ltr' id='par_1_104' title="bbox 2190 3925 3758 3999">
     <span class='ocr_line' id='line_1_104' title="bbox 2190 3925 3758 3999; baseline 0.001 -20"><span class='ocrx_word' id='word_1_794' title='bbox 2190 3927 2301 3979; x_wconf 79' lang='grc' dir='ltr'>πᾶν</span> <span class='ocrx_word' id='word_1_795' title='bbox 2323 3925 2551 3995; x_wconf 82' lang='grc' dir='ltr'>ἀγαθὸν,</span> <span class='ocrx_word' id='word_1_796' title='bbox 2582 3927 2675 3980; x_wconf 72' lang='grc' dir='ltr'><strong>καὶ</strong></span> <span class='ocrx_word' id='word_1_797' title='bbox 2703 3929 2785 3992; x_wconf 75' lang='grc' dir='ltr'>εἰς</span> <span class='ocrx_word' id='word_1_798' title='bbox 2807 3928 2875 3999; x_wconf 78' lang='grc' dir='ltr'><strong>ἣν</strong></span> <span class='ocrx_word' id='word_1_799' title='bbox 2909 3930 3127 3984; x_wconf 83' lang='grc' dir='ltr'>πάντων</span> <span class='ocrx_word' id='word_1_800' title='bbox 3154 3932 3305 3984; x_wconf 84' lang='grc' dir='ltr'>πᾶσα</span> <span class='ocrx_word' id='word_1_801' title='bbox 3335 3931 3570 3985; x_wconf 84' lang='grc' dir='ltr'>πάντοτε</span> <span class='ocrx_word' id='word_1_802' title='bbox 3594 3927 3758 3992; x_wconf 76' lang='grc' dir='ltr'>ἐλπὶς,</span> 
     </span>
    </p>
   </div>
   <div class='ocr_carea' id='block_1_105' title="bbox 2190 4017 3759 4095">
    <p class='ocr_par' dir='ltr' id='par_1_105' title="bbox 2190 4017 3759 4095">
     <span class='ocr_line' id='line_1_105' title="bbox 2190 4017 3759 4095; baseline 0 -22"><span class='ocrx_word' id='word_1_803' title='bbox 2190 4018 2285 4073; x_wconf 79' lang='grc' dir='ltr'><strong>καὶ</strong></span> <span class='ocrx_word' id='word_1_804' title='bbox 2340 4017 2460 4089; x_wconf 88' lang='grc' dir='ltr'>μεθ’</span> <span class='ocrx_word' id='word_1_805' title='bbox 2510 4017 2579 4089; x_wconf 77' lang='grc' dir='ltr'><strong>ἢν</strong></span> <span class='ocrx_word' id='word_1_806' title='bbox 2620 4020 2900 4085; x_wconf 85' lang='grc' dir='ltr'>παντελῶς</span> <span class='ocrx_word' id='word_1_807' title='bbox 2944 4022 3132 4088; x_wconf 82' lang='grc' dir='ltr'>οὐδὲν,</span> <span class='ocrx_word' id='word_1_808' title='bbox 3183 4022 3518 4095; x_wconf 79' lang='grc' dir='ltr'>ρυσθείημεν</span> <span class='ocrx_word' id='word_1_809' title='bbox 3559 4023 3664 4076; x_wconf 91' lang='grc' dir='ltr'><strong>τῶν</strong></span> <span class='ocrx_word' id='word_1_810' title='bbox 3703 4037 3759 4074; x_wconf 90' lang='grc' dir='ltr'>τε</span> 
     </span>
    </p>
   </div>
   <div class='ocr_carea' id='block_1_106' title="bbox 2186 4240 3748 4313">
    <p class='ocr_par' dir='ltr' id='par_1_106' title="bbox 2186 4240 3748 4313">
     <span class='ocr_line' id='line_1_106' title="bbox 2186 4240 3748 4313; baseline 0.003 -19"><span class='ocrx_word' id='word_1_811' title='bbox 2186 4250 2362 4313; x_wconf 85' lang='lat' dir='ltr'><strong>temur</strong></span> <span class='ocrx_word' id='word_1_812' title='bbox 2389 4240 2639 4313; x_wconf 84' lang='lat' dir='ltr'><strong>Christo.</strong></span> <span class='ocrx_word' id='word_1_813' title='bbox 2668 4259 2687 4292; x_wconf 75' lang='grc' dir='ltr'><strong>ι</strong></span> <span class='ocrx_word' id='word_1_814' title='bbox 2743 4244 3004 4313; x_wconf 14' lang='grc' dir='ltr'>Αοίηυιιο</span> <span class='ocrx_word' id='word_1_815' title='bbox 3048 4241 3213 4297; x_wconf 89' lang='lat' dir='ltr'><strong>etiam</strong></span> <span class='ocrx_word' id='word_1_816' title='bbox 3255 4244 3306 4298; x_wconf 91' lang='lat' dir='ltr'><strong>in</strong></span> <span class='ocrx_word' id='word_1_817' title='bbox 3346 4258 3505 4299; x_wconf 87' lang='lat' dir='ltr'><strong>sacra</strong></span> <span class='ocrx_word' id='word_1_818' title='bbox 3546 4245 3748 4313; x_wconf 85' lang='lat' dir='ltr'><strong>liturgia</strong></span> 
     </span>
    </p>
   </div>
   <div class='ocr_carea' id='block_1_107' title="bbox 2181 4312 3756 4383">
    <p class='ocr_par' dir='ltr' id='par_1_107' title="bbox 2181 4312 3756 4383">
     <span class='ocr_line' id='line_1_107' title="bbox 2181 4312 3756 4383; baseline 0.003 -18"><span class='ocrx_word' id='word_1_819' title='bbox 2181 4312 2482 4379; x_wconf 85' lang='lat' dir='ltr'><strong>Canonem,</strong></span> <span class='ocrx_word' id='word_1_820' title='bbox 2505 4312 2809 4367; x_wconf 89' lang='lat' dir='ltr'><strong>orationem</strong></span> <span class='ocrx_word' id='word_1_821' title='bbox 2840 4312 3196 4378; x_wconf 88' lang='lat' dir='ltr'><strong>Dmninicam,</strong></span> <span class='ocrx_word' id='word_1_822' title='bbox 3219 4314 3463 4383; x_wconf 85' lang='lat' dir='ltr'><strong>aliasque</strong></span> <span class='ocrx_word' id='word_1_823' title='bbox 3491 4317 3756 4370; x_wconf 88' lang='lat' dir='ltr'><strong>orationes</strong></span> 
     </span>
    </p>
   </div>
   <div class='ocr_carea' id='block_1_108' title="bbox 2177 4383 3752 4452">
    <p class='ocr_par' dir='ltr' id='par_1_108' title="bbox 2177 4383 3752 4452">
     <span class='ocr_line' id='line_1_108' title="bbox 2177 4383 3752 4452; baseline 0.001 -16"><span class='ocrx_word' id='word_1_824' title='bbox 2177 4384 2451 4452; x_wconf 88' lang='lat' dir='ltr'><strong>prutensis</strong></span> <span class='ocrx_word' id='word_1_825' title='bbox 2486 4384 2539 4437; x_wconf 93' lang='lat' dir='ltr'><strong>in</strong></span> <span class='ocrx_word' id='word_1_826' title='bbox 2586 4397 2708 4452; x_wconf 90' lang='lat' dir='ltr'><strong>eum</strong></span> <span class='ocrx_word' id='word_1_827' title='bbox 2735 4383 2948 4452; x_wconf 75' lang='lat' dir='ltr'><strong>modum</strong></span> <span class='ocrx_word' id='word_1_828' title='bbox 2970 4384 3217 4438; x_wconf 88' lang='lat' dir='ltr'><strong>manibus</strong></span> <span class='ocrx_word' id='word_1_829' title='bbox 3254 4386 3513 4439; x_wconf 86' lang='lat' dir='ltr'><strong>sacerdos</strong></span> <span class='ocrx_word' id='word_1_830' title='bbox 3556 4388 3752 4440; x_wconf 86' lang='lat' dir='ltr'><strong>recitat.</strong></span> 
     </span>
    </p>
   </div>
   <div class='ocr_carea' id='block_1_109' title="bbox 2249 4450 3708 4521">
    <p class='ocr_par' dir='ltr' id='par_1_109' title="bbox 2249 4450 3708 4521">
     <span class='ocr_line' id='line_1_109' title="bbox 2249 4450 3708 4521; baseline 0.005 -17"><span class='ocrx_word' id='word_1_831' title='bbox 2249 4452 2361 4521; x_wconf 76' lang='grc'><strong>(54)</strong></span> <span class='ocrx_word' id='word_1_832' title='bbox 2406 4451 2473 4521; x_wconf 75' lang='lat' dir='ltr'><strong>(n</strong></span> <span class='ocrx_word' id='word_1_833' title='bbox 2506 4465 2576 4516; x_wconf 73' lang='lat' dir='ltr'><strong>te,</strong></span> <span class='ocrx_word' id='word_1_834' title='bbox 2613 4451 2858 4506; x_wconf 82' lang='lat' dir='ltr'><strong>Domine.</strong></span> <span class='ocrx_word' id='word_1_835' title='bbox 2891 4450 3035 4507; x_wconf 81' lang='lat' dir='ltr'><strong>Psal.</strong></span> <span class='ocrx_word' id='word_1_836' title='bbox 3066 4467 3193 4516; x_wconf 76' lang='lat' dir='ltr'><strong>Lxx,</strong></span> <span class='ocrx_word' id='word_1_837' title='bbox 3227 4470 3258 4508; x_wconf 86' lang='lat' dir='ltr'><strong>a</strong></span> <span class='ocrx_word' id='word_1_838' title='bbox 3291 4470 3433 4511; x_wconf 86' lang='lat' dir='ltr'><strong>vers.</strong></span> <span class='ocrx_word' id='word_1_839' title='bbox 3465 4457 3486 4509; x_wconf 84' lang='lat' dir='ltr'><strong>l</strong></span> <span class='ocrx_word' id='word_1_840' title='bbox 3534 4455 3599 4508; x_wconf 86' lang='lat' dir='ltr'><strong>ad</strong></span> <span class='ocrx_word' id='word_1_841' title='bbox 3627 4457 3708 4511; x_wconf 87' lang='lat' dir='ltr'><strong>l0.</strong></span> 
     </span>
    </p>
   </div>
   <div class='ocr_carea' id='block_1_110' title="bbox 2247 4519 3751 4597">
    <p class='ocr_par' dir='ltr' id='par_1_110' title="bbox 2247 4519 3751 4597">
     <span class='ocr_line' id='line_1_110' title="bbox 2247 4519 3751 4597; baseline 0.001 -21"><span class='ocrx_word' id='word_1_842' title='bbox 2247 4519 2362 4597; x_wconf 78' lang='lat'><strong>(55)</strong></span> <span class='ocrx_word' id='word_1_843' title='bbox 2404 4519 2782 4597; x_wconf 79' lang='lat' dir='ltr'><strong>Protectorem.</strong></span> <span class='ocrx_word' id='word_1_844' title='bbox 2818 4521 2998 4577; x_wconf 79' lang='lat' dir='ltr'><strong>Codex</strong></span> <span class='ocrx_word' id='word_1_845' title='bbox 3026 4525 3751 4597; x_wconf 73' lang='grc' dir='ltr'>ιιιθιιιιοεθ,ὑπερασπιστής,</span> 
     </span>
    </p>
   </div>
   <div class='ocr_carea' id='block_1_111' title="bbox 2102 4585 2749 4663">
    <p class='ocr_par' dir='ltr' id='par_1_111' title="bbox 2102 4585 2749 4663">
     <span class='ocr_line' id='line_1_111' title="bbox 2102 4585 2749 4663; baseline 0 -18"><span class='ocrx_word' id='word_1_846' title='bbox 2102 4585 2159 4645; x_wconf 71' lang='grc' dir='ltr'><strong>Ι),</strong></span> <span class='ocrx_word' id='word_1_847' title='bbox 2185 4585 2281 4663; x_wconf 76' lang='lat' dir='ltr'><strong>pro</strong></span> <span class='ocrx_word' id='word_1_848' title='bbox 2312 4585 2749 4663; x_wconf 83' lang='grc' dir='ltr'>ὑπερασπιστήν.</span> 
     </span>
    </p>
   </div>
   <div class='ocr_carea' id='block_1_112' title="bbox 2259 4661 3755 4733">
    <p class='ocr_par' dir='ltr' id='par_1_112' title="bbox 2259 4661 3755 4733">
     <span class='ocr_line' id='line_1_112' title="bbox 2259 4661 3755 4733; baseline 0 -14"><span class='ocrx_word' id='word_1_849' title='bbox 2259 4663 2375 4733; x_wconf 83' lang='grc'><strong>(56)</strong></span> <span class='ocrx_word' id='word_1_850' title='bbox 2410 4661 2692 4733; x_wconf 69' lang='lat' dir='ltr'><strong>Tanquam</strong></span> <span class='ocrx_word' id='word_1_851' title='bbox 2727 4662 3028 4731; x_wconf 75' lang='lat' dir='ltr'><strong>prodigium</strong></span> <span class='ocrx_word' id='word_1_852' title='bbox 3057 4661 3229 4729; x_wconf 78' lang='lat' dir='ltr'><strong>[actus</strong></span> <span class='ocrx_word' id='word_1_853' title='bbox 3272 4682 3385 4718; x_wconf 72' lang='lat' dir='ltr'><strong>sum</strong></span> <span class='ocrx_word' id='word_1_854' title='bbox 3419 4668 3621 4721; x_wconf 73' lang='lat' dir='ltr'><strong>multis.</strong></span> <span class='ocrx_word' id='word_1_855' title='bbox 3651 4663 3755 4719; x_wconf 80' lang='lat' dir='ltr'><strong>Me-</strong></span> 
     </span>
    </p>
   </div>
   <div class='ocr_carea' id='block_1_113' title="bbox 2187 4732 3747 4805">
    <p class='ocr_par' dir='ltr' id='par_1_113' title="bbox 2187 4732 3747 4805">
     <span class='ocr_line' id='line_1_113' title="bbox 2187 4732 3747 4805; baseline -0.003 -17"><span class='ocrx_word' id='word_1_856' title='bbox 2187 4732 2291 4788; x_wconf 88' lang='lat' dir='ltr'><strong>rito</strong></span> <span class='ocrx_word' id='word_1_857' title='bbox 2316 4735 2467 4805; x_wconf 88' lang='lat' dir='ltr'><strong>hisce</strong></span> <span class='ocrx_word' id='word_1_858' title='bbox 2495 4732 2691 4805; x_wconf 75' lang='lat' dir='ltr'><strong>Psaltis</strong></span> <span class='ocrx_word' id='word_1_859' title='bbox 2715 4733 2891 4785; x_wconf 82' lang='lat' dir='ltr'><strong>verbis</strong></span> <span class='ocrx_word' id='word_1_860' title='bbox 2910 4745 3030 4786; x_wconf 84' lang='lat' dir='ltr'><strong>orat</strong></span> <span class='ocrx_word' id='word_1_861' title='bbox 3053 4733 3336 4805; x_wconf 84' lang='lat' dir='ltr'><strong>Didymus,</strong></span> <span class='ocrx_word' id='word_1_862' title='bbox 3366 4757 3385 4789; x_wconf 84' lang='grc'><em>‹</em></span> <span class='ocrx_word' id='word_1_863' title='bbox 3415 4738 3699 4791; x_wconf 85' lang='lat' dir='ltr'><strong>multorum</strong></span> <span class='ocrx_word' id='word_1_864' title='bbox 3730 4752 3747 4784; x_wconf 76' lang='grc' dir='ltr'><strong>ι</strong></span> 
     </span>
    </p>
   </div>
   <div class='ocr_carea' id='block_1_114' title="bbox 2186 4804 3756 4873">
    <p class='ocr_par' dir='ltr' id='par_1_114' title="bbox 2186 4804 3756 4873">
     <span class='ocr_line' id='line_1_114' title="bbox 2186 4804 3756 4873; baseline -0.001 -15"><span class='ocrx_word' id='word_1_865' title='bbox 2186 4804 2405 4858; x_wconf 89' lang='lat' dir='ltr'><strong>nomine</strong></span> <span class='ocrx_word' id='word_1_866' title='bbox 2429 4804 2683 4864; x_wconf 85' lang='lat' dir='ltr'><strong>Arianos,</strong></span> <span class='ocrx_word' id='word_1_867' title='bbox 2736 4812 2803 4873; x_wconf 79' lang='lat' dir='ltr'><strong>ut</strong></span> <span class='ocrx_word' id='word_1_868' title='bbox 2835 4804 3268 4873; x_wconf 13' lang='lat' dir='ltr'><strong>puto,rqnorum</strong></span> <span class='ocrx_word' id='word_1_869' title='bbox 3323 4811 3619 4863; x_wconf 86' lang='lat' dir='ltr'><strong>acerrimus</strong></span> <span class='ocrx_word' id='word_1_870' title='bbox 3667 4805 3756 4857; x_wconf 89' lang='lat' dir='ltr'><strong>ad-</strong></span> 
     </span>
    </p>
   </div>
   <div class='ocr_carea' id='block_1_115' title="bbox 2186 4871 3755 4941">
    <p class='ocr_par' dir='ltr' id='par_1_115' title="bbox 2186 4871 3755 4941">
     <span class='ocr_line' id='line_1_115' title="bbox 2186 4871 3755 4941; baseline 0.003 -17"><span class='ocrx_word' id='word_1_871' title='bbox 2186 4875 2463 4930; x_wconf 83' lang='lat' dir='ltr'><strong>versarius</strong></span> <span class='ocrx_word' id='word_1_872' title='bbox 2492 4873 2610 4939; x_wconf 88' lang='lat' dir='ltr'><strong>fuit,</strong></span> <span class='ocrx_word' id='word_1_873' title='bbox 2641 4871 2967 4941; x_wconf 88' lang='lat' dir='ltr'><strong>intelligens.</strong></span> <span class='ocrx_word' id='word_1_874' title='bbox 2992 4871 3072 4927; x_wconf 70' lang='lat' dir='ltr'><strong>At</strong></span> <span class='ocrx_word' id='word_1_875' title='bbox 3090 4876 3245 4930; x_wconf 86' lang='lat' dir='ltr'><strong>nobis</strong></span> <span class='ocrx_word' id='word_1_876' title='bbox 3273 4877 3381 4933; x_wconf 90' lang='lat' dir='ltr'><strong>alio</strong></span> <span class='ocrx_word' id='word_1_877' title='bbox 3411 4878 3573 4932; x_wconf 89' lang='lat' dir='ltr'><strong>etiam</strong></span> <span class='ocrx_word' id='word_1_878' title='bbox 3599 4888 3755 4930; x_wconf 87' lang='lat' dir='ltr'><strong>sensu</strong></span> 
     </span>
    </p>
   </div>
   <div class='ocr_carea' id='block_1_116' title="bbox 2186 4942 3753 5015">
    <p class='ocr_par' dir='ltr' id='par_1_116' title="bbox 2186 4942 3753 5015">
     <span class='ocr_line' id='line_1_116' title="bbox 2186 4942 3753 5015; baseline -0.001 -18"><span class='ocrx_word' id='word_1_879' title='bbox 2186 4944 2301 4999; x_wconf 68' lang='lat' dir='ltr'><strong>haec</strong></span> <span class='ocrx_word' id='word_1_880' title='bbox 2325 4943 2454 5015; x_wconf 85' lang='lat' dir='ltr'><strong>licet</strong></span> <span class='ocrx_word' id='word_1_881' title='bbox 2484 4958 2754 5013; x_wconf 79' lang='lat' dir='ltr'><strong>accipere.</strong></span> <span class='ocrx_word' id='word_1_882' title='bbox 2784 4942 2918 5015; x_wconf 83' lang='lat' dir='ltr'><strong>Quis</strong></span> <span class='ocrx_word' id='word_1_883' title='bbox 2946 4946 3090 4998; x_wconf 87' lang='lat' dir='ltr'><strong>enim</strong></span> <span class='ocrx_word' id='word_1_884' title='bbox 3134 4960 3258 4999; x_wconf 91' lang='lat' dir='ltr'><strong>eum</strong></span> <span class='ocrx_word' id='word_1_885' title='bbox 3294 4965 3315 4998; x_wconf 74' lang='grc' dir='ltr'><strong>ι</strong></span> <span class='ocrx_word' id='word_1_886' title='bbox 3347 4949 3528 5002; x_wconf 85' lang='lat' dir='ltr'><strong>multis</strong></span> <span class='ocrx_word' id='word_1_887' title='bbox 3580 4945 3753 5015; x_wconf 82' lang='lat' dir='ltr'><strong>prodi-</strong></span> 
     </span>
    </p>
   </div>
   <div class='ocr_carea' id='block_1_117' title="bbox 2184 5013 3755 5086">
    <p class='ocr_par' dir='ltr' id='par_1_117' title="bbox 2184 5013 3755 5086">
     <span class='ocr_line' id='line_1_117' title="bbox 2184 5013 3755 5086; baseline 0.001 -20"><span class='ocrx_word' id='word_1_888' title='bbox 2184 5016 2329 5080; x_wconf 87' lang='lat' dir='ltr'><strong>gium</strong></span> <span class='ocrx_word' id='word_1_889' title='bbox 2366 5014 2613 5086; x_wconf 61' lang='lat' dir='ltr'><strong>factum»</strong></span> <span class='ocrx_word' id='word_1_890' title='bbox 2655 5014 2850 5068; x_wconf 87' lang='lat' dir='ltr'><strong>merito</strong></span> <span class='ocrx_word' id='word_1_891' title='bbox 2882 5013 2989 5086; x_wconf 83' lang='lat' dir='ltr'><strong>dici</strong></span> <span class='ocrx_word' id='word_1_892' title='bbox 3018 5025 3197 5084; x_wconf 86' lang='lat' dir='ltr'><strong>neget,</strong></span> <span class='ocrx_word' id='word_1_893' title='bbox 3224 5019 3338 5085; x_wconf 90' lang='lat' dir='ltr'><strong>qui,</strong></span> <span class='ocrx_word' id='word_1_894' title='bbox 3361 5033 3487 5073; x_wconf 88' lang='lat' dir='ltr'><strong>cum</strong></span> <span class='ocrx_word' id='word_1_895' title='bbox 3514 5034 3544 5072; x_wconf 88' lang='lat' dir='ltr'><strong>a</strong></span> <span class='ocrx_word' id='word_1_896' title='bbox 3576 5013 3755 5086; x_wconf 79' lang='lat' dir='ltr'><strong>quinto</strong></span> 
     </span>
    </p>
   </div>
   <div class='ocr_carea' id='block_1_118' title="bbox 2185 5085 3752 5157">
    <p class='ocr_par' dir='ltr' id='par_1_118' title="bbox 2185 5085 3752 5157">
     <span class='ocr_line' id='line_1_118' title="bbox 2185 5085 3752 5157; baseline -0.002 -18"><span class='ocrx_word' id='word_1_897' title='bbox 2185 5086 2405 5139; x_wconf 87' lang='lat' dir='ltr'><strong>circiter</strong></span> <span class='ocrx_word' id='word_1_898' title='bbox 2437 5085 2612 5139; x_wconf 69' lang='lat' dir='ltr'><strong>anatis</strong></span> <span class='ocrx_word' id='word_1_899' title='bbox 2640 5099 2783 5138; x_wconf 88' lang='lat' dir='ltr'><strong>anno</strong></span> <span class='ocrx_word' id='word_1_900' title='bbox 2838 5085 3012 5157; x_wconf 84' lang='lat' dir='ltr'><strong>oculis</strong></span> <span class='ocrx_word' id='word_1_901' title='bbox 3069 5098 3280 5153; x_wconf 88' lang='lat' dir='ltr'><strong>captus,</strong></span> <span class='ocrx_word' id='word_1_902' title='bbox 3332 5099 3494 5157; x_wconf 86' lang='lat' dir='ltr'><strong>atque</strong></span> <span class='ocrx_word' id='word_1_903' title='bbox 3540 5085 3752 5142; x_wconf 84' lang='lat' dir='ltr'><strong>omnino</strong></span> 
     </span>
    </p>
   </div>
   <div class='ocr_carea' id='block_1_119' title="bbox 2186 5155 3755 5221">
    <p class='ocr_par' dir='ltr' id='par_1_119' title="bbox 2186 5155 3755 5221">
     <span class='ocr_line' id='line_1_119' title="bbox 2186 5155 3755 5221; baseline -0.001 -12"><span class='ocrx_word' id='word_1_904' title='bbox 2186 5170 2365 5210; x_wconf 72' lang='lat' dir='ltr'><strong>caecus</strong></span> <span class='ocrx_word' id='word_1_905' title='bbox 2398 5164 2567 5219; x_wconf 85' lang='lat' dir='ltr'><strong>esset,</strong></span> <span class='ocrx_word' id='word_1_906' title='bbox 2617 5163 2726 5208; x_wconf 90' lang='lat' dir='ltr'><strong>tam</strong></span> <span class='ocrx_word' id='word_1_907' title='bbox 2788 5155 2956 5208; x_wconf 86' lang='lat' dir='ltr'><strong>multa</strong></span> <span class='ocrx_word' id='word_1_908' title='bbox 3009 5164 3189 5211; x_wconf 72' lang='lat' dir='ltr'><strong>tariien</strong></span> <span class='ocrx_word' id='word_1_909' title='bbox 3224 5155 3434 5221; x_wconf 77' lang='lat' dir='ltr'><strong>didicit,</strong></span> <span class='ocrx_word' id='word_1_910' title='bbox 3479 5174 3541 5213; x_wconf 87' lang='lat' dir='ltr'><strong>ac</strong></span> <span class='ocrx_word' id='word_1_911' title='bbox 3593 5160 3755 5210; x_wconf 80' lang='lat' dir='ltr'><strong>dicta-</strong></span> 
     </span>
    </p>
   </div>
   <div class='ocr_carea' id='block_1_120' title="bbox 2187 5223 3752 5306">
    <p class='ocr_par' dir='ltr' id='par_1_120' title="bbox 2187 5223 3752 5306">
     <span class='ocr_line' id='line_1_120' title="bbox 2187 5223 3752 5306; baseline -0.001 -28"><span class='ocrx_word' id='word_1_912' title='bbox 2187 5225 2294 5279; x_wconf 73' lang='lat' dir='ltr'><strong>vit?</strong></span> <span class='ocrx_word' id='word_1_913' title='bbox 2311 5225 2476 5306; x_wconf 63' lang='lat' dir='ltr'><strong>Recte</strong></span> <span class='ocrx_word' id='word_1_914' title='bbox 2493 5226 2562 5306; x_wconf 58' lang='lat' dir='ltr'><strong>de</strong></span> <span class='ocrx_word' id='word_1_915' title='bbox 2573 5224 2663 5306; x_wconf 79' lang='lat' dir='ltr'><strong>illo</strong></span> <span class='ocrx_word' id='word_1_916' title='bbox 2689 5223 3023 5306; x_wconf 78' lang='lat' dir='ltr'><strong>Sozomeuus</strong></span> <span class='ocrx_word' id='word_1_917' title='bbox 3045 5226 3135 5306; x_wconf 83' lang='lat' dir='ltr'><strong>lib.</strong></span> <span class='ocrx_word' id='word_1_918' title='bbox 3162 5242 3218 5281; x_wconf 86' lang='lat' dir='ltr'><strong>Ill</strong></span> <span class='ocrx_word' id='word_1_919' title='bbox 3244 5226 3387 5306; x_wconf 72' lang='lat' dir='ltr'><strong>Hist.</strong></span> <span class='ocrx_word' id='word_1_920' title='bbox 3399 5227 3752 5306; x_wconf 55' lang='lat' dir='ltr'><strong>“desinam,</strong></span> 
     </span>
    </p>
   </div>
   <div class='ocr_carea' id='block_1_121' title="bbox 2184 5295 3755 5445">
    <p class='ocr_par' dir='ltr' id='par_1_121' title="bbox 2184 5295 3755 5445">
     <span class='ocr_line' id='line_1_121' title="bbox 2184 5295 3750 5380; baseline -0.002 -31"><span class='ocrx_word' id='word_1_921' title='bbox 2184 5312 2305 5365; x_wconf 89' lang='lat' dir='ltr'><strong>cap.</strong></span> <span class='ocrx_word' id='word_1_922' title='bbox 2340 5295 2428 5362; x_wconf 84' lang='grc'><strong>15,</strong></span> <span class='ocrx_word' id='word_1_923' title='bbox 2472 5315 2491 5347; x_wconf 73' lang='grc' dir='ltr'><strong>ι</strong></span> <span class='ocrx_word' id='word_1_924' title='bbox 2521 5295 2642 5377; x_wconf 65' lang='lat' dir='ltr'><strong>Fuit</strong></span> <span class='ocrx_word' id='word_1_925' title='bbox 2675 5296 3115 5377; x_wconf 31' lang='lat' dir='ltr'><strong>autetntiuquit,</strong></span> <span class='ocrx_word' id='word_1_926' title='bbox 3143 5314 3252 5380; x_wconf 76' lang='lat' dir='ltr'><strong>non</strong></span> <span class='ocrx_word' id='word_1_927' title='bbox 3286 5301 3503 5369; x_wconf 86' lang='lat' dir='ltr'><strong>vulgare</strong></span> <span class='ocrx_word' id='word_1_928' title='bbox 3534 5299 3750 5380; x_wconf 81' lang='lat' dir='ltr'><strong>miracu-</strong></span> 
     </span>
     <span class='ocr_line' id='line_1_122' title="bbox 2184 5364 3755 5445; baseline -0.001 -25"><span class='ocrx_word' id='word_1_929' title='bbox 2184 5366 2296 5420; x_wconf 89' lang='lat' dir='ltr'><strong>lum</strong></span> <span class='ocrx_word' id='word_1_930' title='bbox 2327 5364 2817 5445; x_wconf 38' lang='lat' dir='ltr'><strong>:_multtque._farua</strong></span> <span class='ocrx_word' id='word_1_931' title='bbox 2849 5368 3648 5445; x_wconf 41' lang='lat' dir='ltr'><strong>ejus.trnpubt__Alexantlrtam</strong></span> <span class='ocrx_word' id='word_1_932' title='bbox 3699 5377 3755 5445; x_wconf 64' lang='lat' dir='ltr'><strong>se</strong></span> 
     </span>
    </p>
   </div>
   <div class='ocr_carea' id='block_1_122' title="bbox 2185 5435 3753 5504">
    <p class='ocr_par' dir='ltr' id='par_1_122' title="bbox 2185 5435 3753 5504">
     <span class='ocr_line' id='line_1_123' title="bbox 2185 5435 3753 5504; baseline 0.001 -18"><span class='ocrx_word' id='word_1_933' title='bbox 2185 5436 2556 5503; x_wconf 70' lang='lat' dir='ltr'><strong>contulerunt,</strong></span> <span class='ocrx_word' id='word_1_934' title='bbox 2589 5435 2679 5488; x_wconf 76' lang='lat' dir='ltr'><strong>alii</strong></span> <span class='ocrx_word' id='word_1_935' title='bbox 2710 5435 2828 5502; x_wconf 83' lang='lat' dir='ltr'><strong>ejus</strong></span> <span class='ocrx_word' id='word_1_936' title='bbox 2861 5436 3138 5504; x_wconf 83' lang='lat' dir='ltr'><strong>audiendi,</strong></span> <span class='ocrx_word' id='word_1_937' title='bbox 3170 5439 3262 5492; x_wconf 89' lang='lat' dir='ltr'><strong>alii</strong></span> <span class='ocrx_word' id='word_1_938' title='bbox 3300 5451 3511 5494; x_wconf 86' lang='lat' dir='ltr'><strong>tantum</strong></span> <span class='ocrx_word' id='word_1_939' title='bbox 3544 5435 3753 5492; x_wconf 85' lang='lat' dir='ltr'><strong>videndi</strong></span> 
     </span>
    </p>
   </div>
   <div class='ocr_carea' id='block_1_123' title="bbox 2203 5522 2424 5560">
    <p class='ocr_par' dir='ltr' id='par_1_123' title="bbox 2203 5522 2424 5560">
     <span class='ocr_line' id='line_1_124' title="bbox 2203 5522 2424 5560; baseline -0.005 0"><span class='ocrx_word' id='word_1_940' title='bbox 2203 5522 2370 5560; x_wconf 81' lang='lat' dir='ltr'><strong>:ausa.</strong></span> <span class='ocrx_word' id='word_1_941' title='bbox 2405 5526 2424 5559; x_wconf 79' lang='grc' dir='ltr'><strong>ι</strong></span> 
     </span>
    </p>
   </div>
   <div class='ocr_carea' id='block_1_124' title="bbox 2184 5524 3754 5649">
    <p class='ocr_par' dir='ltr' id='par_1_124' title="bbox 2184 5524 3754 5649">
     <span class='ocr_line' id='line_1_125' title="bbox 2184 5524 3754 5649; baseline -0.001 -22"><span class='ocrx_word' id='word_1_942' title='bbox 2184 5524 2370 5645; x_wconf 55' lang='grc' dir='ltr'><strong>ωξξῗὶ</strong></span> <span class='ocrx_word' id='word_1_943' title='bbox 2402 5526 2657 5649; x_wconf 52' lang='lat' dir='ltr'><strong>Domine.</strong></span> <span class='ocrx_word' id='word_1_944' title='bbox 2682 5572 2794 5649; x_wconf 66' lang='lat' dir='ltr'><strong>Vg:</strong></span> <span class='ocrx_word' id='word_1_945' title='bbox 2828 5591 2880 5649; x_wconf 18' lang='lat' dir='ltr'><strong>a4</strong></span> <span class='ocrx_word' id='word_1_946' title='bbox 2912 5576 3142 5649; x_wconf 83' lang='lat' dir='ltr'><strong>Didyme</strong></span> <span class='ocrx_word' id='word_1_947' title='bbox 3189 5579 3372 5635; x_wconf 88' lang='lat' dir='ltr'><strong>addita</strong></span> <span class='ocrx_word' id='word_1_948' title='bbox 3402 5598 3416 5635; x_wconf 88' lang='lat'><strong>:</strong></span> <span class='ocrx_word' id='word_1_949' title='bbox 3467 5593 3567 5634; x_wconf 89' lang='lat' dir='ltr'><strong>uec</strong></span> <span class='ocrx_word' id='word_1_950' title='bbox 3616 5574 3754 5630; x_wconf 86' lang='lat' dir='ltr'><strong>enim</strong></span> 
     </span>
    </p>
   </div>
   <div class='ocr_carea' id='block_1_125' title="bbox 2184 5643 2935 5702">
    <p class='ocr_par' dir='ltr' id='par_1_125' title="bbox 2184 5643 2935 5702">
     <span class='ocr_line' id='line_1_126' title="bbox 2184 5643 2935 5702; baseline 0 -1"><span class='ocrx_word' id='word_1_951' title='bbox 2184 5643 2364 5702; x_wconf 75' lang='lat' dir='ltr'><strong>exstat</strong></span> <span class='ocrx_word' id='word_1_952' title='bbox 2399 5647 2452 5699; x_wconf 91' lang='lat' dir='ltr'><strong>in</strong></span> <span class='ocrx_word' id='word_1_953' title='bbox 2485 5643 2691 5699; x_wconf 71' lang='lat' dir='ltr'><strong>Gnecis</strong></span> <span class='ocrx_word' id='word_1_954' title='bbox 2724 5643 2935 5701; x_wconf 90' lang='lat' dir='ltr'><strong>Bibliis.</strong></span> 
     </span>
    </p>
   </div>
   <div class='ocr_carea' id='block_1_126' title="bbox 2256 5714 3754 5801">
    <p class='ocr_par' dir='ltr' id='par_1_126' title="bbox 2256 5714 3754 5801">
     <span class='ocr_line' id='line_1_127' title="bbox 2256 5714 3754 5801; baseline -0.004 -29"><span class='ocrx_word' id='word_1_955' title='bbox 2256 5717 2369 5801; x_wconf 74' lang='grc'><strong>(58)</strong></span> <span class='ocrx_word' id='word_1_956' title='bbox 2419 5714 2654 5770; x_wconf 69' lang='lat' dir='ltr'><strong>ﬂantem.</strong></span> <span class='ocrx_word' id='word_1_957' title='bbox 2715 5714 2926 5785; x_wconf 41' lang='lat' dir='ltr'><strong>.Biblia,</strong></span> <span class='ocrx_word' id='word_1_958' title='bbox 2999 5719 3249 5791; x_wconf 83' lang='grc' dir='ltr'>ὑμνήσω.</span> <span class='ocrx_word' id='word_1_959' title='bbox 3305 5721 3596 5792; x_wconf 79' lang='lat' dir='ltr'><strong>Didymus,</strong></span> <span class='ocrx_word' id='word_1_960' title='bbox 3660 5715 3754 5767; x_wconf 70' lang='grc' dir='ltr'><strong>ἀνι</strong></span> 
     </span>
    </p>
   </div>
   <div class='ocr_carea' id='block_1_127' title="bbox 2185 5804 2430 5853">
    <p class='ocr_par' dir='ltr' id='par_1_127' title="bbox 2185 5804 2430 5853">
     <span class='ocr_line' id='line_1_128' title="bbox 2185 5804 2430 5853; baseline -0.012 -12"><span class='ocrx_word' id='word_1_961' title='bbox 2185 5807 2214 5841; x_wconf 91' lang='grc' dir='ltr'>υ</span> <span class='ocrx_word' id='word_1_962' title='bbox 2223 5806 2325 5853; x_wconf 82' lang='grc' dir='ltr'>μνη</span> <span class='ocrx_word' id='word_1_963' title='bbox 2334 5804 2430 5839; x_wconf 81' lang='grc' dir='ltr'><strong>σω.</strong></span> 
     </span>
    </p>
   </div>
   <div class='ocr_carea' id='block_1_128' title="bbox 2223 5806 3744 5933">
    <p class='ocr_par' dir='ltr' id='par_1_128' title="bbox 2223 5806 3744 5933">
     <span class='ocr_line' id='line_1_129' title="bbox 2223 5806 3744 5933; baseline 0.003 -19"><span class='ocrx_word' id='word_1_964' title='bbox 2223 5806 2732 5929; x_wconf 49' lang='grc' dir='ltr'><strong>μῖῐῖὗῗϋὲεηεςιιιιὶε.</strong></span> <span class='ocrx_word' id='word_1_965' title='bbox 2789 5856 3269 5919; x_wconf 86' lang='lat' dir='ltr'><strong>Francofurtensis</strong></span> <span class='ocrx_word' id='word_1_966' title='bbox 3313 5863 3503 5930; x_wconf 86' lang='lat' dir='ltr'><strong>editio,</strong></span> <span class='ocrx_word' id='word_1_967' title='bbox 3552 5860 3744 5933; x_wconf 74' lang='grc' dir='ltr'><strong>γήρως·</strong></span> 
     </span>
    </p>
   </div>
  </div>
