4056 6442
416 463 523 517 765

1438 464 1525 519 DE
1563 464 1936 521 TRINITATE
1975 465 2178 521 LIBER
2218 465 2601 525 SECUNDUS.

3560 461 3663 517 766

413 579 824 653 ἡμαρτημένων
848 581 979 652 ἡμῖν
1010 579 1257 652 ψυχικῶν
1287 582 1381 635 καὶ
1406 584 1735 654 σωματικῶν
1763 574 1984 653 ἐν’γνώ-

2093 603 2159 641 ne
2197 588 2542 655 derelinquas
2596 600 2700 639 me.
2736 603 2755 636 ι
2805 583 2895 638 Sic
2938 586 3081 637 enim
3127 595 3221 649 per
3274 590 3325 635 te
3357 578 3491 651 (60),
3540 595 3664 649 qua:

417 689 501 725 σει
528 672 629 725 καὶ·
647 672 859 743 ἀγνοίᾳ,
890 673 949 725 ἐν
972 672 1114 744 λόγῳ
1139 675 1234 728 καὶ
1256 674 1423 746 ἔργῳ,
1439 668 1540 730 ὧδε
1562 677 1654 730 καὶ
1681 696 1698 727 ‹
1725 677 1813 729 ὅτε
1834 678 1990 746 νικᾷς

416 764 475 816 ὲν
503 762 583 833 τῷ
613 762 819 832 κρίνειν
849 781 869 814 ι
896 762 964 817 τά
982 764 1199 834 κρυπτά
1216 765 1323 819 τῶν
1351 764 1676 837 ἀνθρώπων,
1713 766 1821 819 τῶν
1846 783 1905 819 τε
1933 769 1991 819 ἐν

416 854 607 925 κόσμῳ
634 854 908 925 ἐπαχθῶν,
937 855 1033 908 καὶ
1057 855 1151 909 τοῦ
1175 860 1289 921 τοῖς
1311 857 1535 926 ἀγαθοῖς
1557 859 1645 912 ἀεὶ
1671 859 1993 928 φθονοῦντος

415 943 511 996 καὶ
549 942 791 995 ἐναντίου
829 943 1116 1014 ἱσταμένου
1149 945 1422 1017 δαίμονος,
1459 948 1554 1001 καὶ
1587 949 1792 1013 παντὸς
1824 948 1990 1003 πνεύ-

419 1047 591 1103 ματος
636 1030 875 1102 πονηροῦ
912 1033 1007 1085 καὶ
1043 1033 1354 1107 ἀκαθάρτου
1374 1077 1389 1101 ,
1442 1037 1536 1089 καὶ
1566 1035 1658 1089 τοῦ
1694 1038 1989 1107 μισοκάλου

431 1119 823 1191 Ἀντιχρίστου,
858 1114 1088 1187 οὗτινος,
1126 1123 1202 1187 ὡς
1233 1129 1525 1197 τεκμηριοῖ
1562 1125 1631 1180 τά
1664 1126 1986 1199 πράγματα,

419 1212 448 1263 ὁ
481 1212 720 1280 ἀγωνίας
750 1212 931 1284 δεινῆς
964 1214 1151 1285 γέμων
1194 1216 1385 1287 χρόνος
1413 1218 1641 1288 ἤγγικεν
1670 1218 1769 1290 ἤδη
1789 1235 1804 1250 ο
1845 1218 1988 1274 ὥστε

420 1301 650 1373 μηδένα,
704 1302 779 1375 μὴ
841 1303 949 1359 τῶν
988 1305 1115 1368 νῦν,
1160 1308 1236 1378 μὴ
1275 1308 1385 1363 τῶν
1421 1310 1542 1362 τότε
1579 1311 1984 1383 εὑρισκομένων

410 1392 731 1447 ἀπολέσθαι.
765 1393 954 1459 Οὕτως
983 1396 1050 1449 ἂν
1093 1398 1202 1451 πᾶν
1233 1398 1403 1452 κακὸν
1452 1399 1694 1454 ἐκποδὼν
1736 1401 1983 1473 γένηται,

410 1481 714 1553 διοικηθείη
745 1500 806 1536 τε
836 1484 1017 1548 καλῶς
1046 1487 1138 1538 καὶ
1163 1486 1402 1557 ἡσύχως,
1437 1488 1580 1542 κατὰ
1604 1489 1664 1542 τὸ
1699 1489 1790 1543 σὸν
1819 1490 1988 1559 ἀφθο-

412 1589 503 1625 νον
538 1573 631 1626 καὶ
669 1573 965 1645 φιλόψυχον
995 1575 1224 1647 θέλημα,
1252 1578 1322 1631 τά
1349 1596 1407 1631 τε
1444 1580 1617 1645 κοινὰ,
1652 1581 1721 1634 τά
1752 1597 1813 1632 τε
1845 1580 1988 1634 ίδιω⁸

407 1663 538 1717 τικά
565 1664 867 1736 πράγματα
886 1682 899 1696 ·
934 1667 1028 1719 καὶ
1052 1667 1240 1739 αἱρετὴ
1267 1668 1452 1723 λοιπὸν
1477 1670 1571 1724 καὶ
1604 1670 1834 1724 εὐκταία
1876 1672 1987 1724 πᾶ-

417 1771 504 1809 σιν
546 1756 697 1809 ἔσται
727 1759 760 1828 ἡ
790 1759 848 1810 ἐν
891 1757 1096 1833 ἑκάστῃ
1146 1760 1331 1825 πόλει,
1381 1760 1641 1831 μενοῦνγε
1680 1764 1713 1833 ή
1744 1764 1802 1816 ἐν
1834 1762 1988 1834 ἀγρῷ

407 1845 640 1916 εὐσεϐὴς
665 1848 760 1900 καλ⁸
788 1847 1162 1919 ἰδιοπράγμων
1179 1849 1392 1922 οἴκησις
1409 1870 1423 1885 ·
1443 1853 1536 1906 καὶ
1553 1852 1769 1926 ὑπάρξῃ
1797 1854 1980 1917 παντὶ,

2092 676 2222 730 nihil
2254 677 2442 740 habes,
2478 676 2620 746 quod
2645 689 2765 729 sese
2792 673 2885 727 tibi
2940 680 3196 741 opponat,
3249 670 3374 724 dum
3419 678 3661 722 nostrum

2091 767 2277 831 etiam,
2323 767 2415 837 qui
2456 775 2768 836 peccatores
2813 778 3021 827 sumus,
3080 760 3325 816 misereri
3364 760 3579 821 statuis.
3628 772 3666 813 ο

2089 859 2289 927 optima
2325 866 2379 913 ει
2403 856 2750 926 onmipotens
2778 853 3097 917 Trinitas,a
3150 866 3279 920 qua,
3335 860 3393 904 et
3442 864 3507 903 ex
3556 863 3663 917 qua

2089 957 2174 1002 est
2212 961 2376 1002 omne
2408 948 2630 1011 bonum,
2665 956 2722 999 et
2768 945 2821 1000 in
2871 958 2976 1013 qua
3024 942 3202 996 omnis
3252 941 3492 995 omnium
3542 954 3667 1008 spes

2090 1051 2308 1105 semper
2346 1036 2448 1091 sita
2468 1046 2572 1101 est,
2599 1045 2653 1090 et
2691 1042 2994 1105 postquam
3040 1031 3173 1086 nihil
3212 1030 3435 1086 omnino
3478 1038 3583 1094 est,
3633 1044 3663 1082 a

2090 1128 2326 1196 peccatis
2360 1128 2588 1191 nostris,
2637 1140 2755 1195 quae
2780 1124 2962 1178 anima
2998 1130 3053 1176 et
3078 1135 3324 1191 corpore.
3360 1120 3668 1187 cognitione

2088 1228 2142 1274 et
2168 1218 2495 1289 ignorantia,
2541 1216 2710 1271 verbo
2756 1224 2809 1271 et
2832 1229 2997 1284 opere
3051 1213 3414 1283 peccavimus,
3468 1210 3669 1264 libera-

2088 1309 2269 1363 bimur
2290 1323 2451 1374 nunc,
2483 1317 2682 1363 etcum
2720 1322 2741 1358 ι
2767 1305 2939 1360 vincis
2965 1304 3017 1357 in
3038 1303 3332 1373 judicando
3358 1301 3509 1373 (61)»
3545 1301 3668 1356 abs-

2086 1402 2300 1457 condita
2358 1402 2655 1466 hominum,
2709 1408 2765 1456 et
2816 1399 3000 1461 abiis,
3033 1397 3125 1467 qui
3168 1397 3323 1452 nobis
3376 1396 3668 1450 inmundo

2088 1492 2296 1548 molesti
2331 1503 2477 1558 sunt,
2511 1502 2566 1560 et
2590 1508 2619 1545 a
2648 1493 2915 1555 daemone,
2951 1491 3039 1560 qui
3072 1489 3231 1544 bonis
3268 1504 3482 1558 semper
3527 1488 3667 1542 invi-

2087 1581 2199 1649 det,
2229 1558 2892 1651 eorumque’adversarius
2919 1558 3023 1643 est,
3064 1585 3120 1633 et
3151 1578 3220 1632 ab
3265 1578 3411 1632 omni
3467 1577 3663 1645 Spiritu

2089 1673 2231 1728 malo
2262 1683 2424 1743 atque
2457 1672 2735 1727 immundo
2764 1711 2779 1737 ,
2820 1681 2876 1727 et
2920 1673 2989 1726 ab
3033 1670 3247 1725 honesti
3294 1684 3455 1725 osore
3506 1669 3664 1723 Anti-

2087 1764 2312 1827 christo,
2357 1763 2532 1833 cujus,
2592 1772 2652 1816 ut
2705 1773 2901 1817 eventa
2943 1762 3205 1823 indicant,
3260 1760 3474 1829 plenum
3512 1761 3663 1829 gravi

2092 1853 2348 1909 conﬂictu
2379 1864 2587 1925 tempus
2609 1853 2720 1921 jam
2748 1854 3202 1924 appropinquavit
3224 1852 3369 1923 (62);
3418 1852 3553 1906 adeo
3603 1860 3666 1905 ut

406 1936 485 2000 ὡς
533 1940 644 2003 τοῖς
689 1939 855 2003 ὁσίοις
898 1918 1168 2012 πατράσιν
1216 1918 1310 1997 καλ.
1348 1947 1462 2008 τοῖς
1489 1945 1596 2017 πρὸ
1626 1918 1874 2009 ἐκείνων,
1923 1946 1984 1999 τὸ

2091 1959 2250 1999 nemo
2274 1959 2482 2007 eorum,
2519 1943 2680 2014 307
2705 1945 2794 2013 qui
2832 1959 2974 1997 nunc
3029 1952 3178 2004 sunt,
3241 1957 3400 1996 nemo
3449 1957 3661 2005 eorum,

408 2025 489 2089 ὡς
513 2029 613 2099 ἐρᾷ
645 2029 739 2082 καὶ
769 2029 1016 2099 βούλεται
1040 2033 1160 2085 κατ’
1192 2032 1438 2098 ἐξουσίαν
1460 2034 1635 2100 πλεῖν,
1660 2035 1981 2107 ὁδοιπορεῖν,

406 2114 543 2168 οῖκοι
599 2117 808 2188 μένειν,
850 2123 1148 2191 γεωργεῖν,
1199 2122 1475 2192 ἐπιμελῶς
1519 2126 1600 2187 είς
1646 2125 1983 2197 πανηγύρεις

407 2206 799 2277 παραϐάλλειν,
847 2208 1029 2263 λαλεῖν
1068 2213 1327 2284 χαρίεντα
1364 2216 1459 2269 καὶ
1500 2213 1743 2287 ἐπιεικῆ,
1782 2217 1877 2271 καὶ
1920 2217 1982 2271 τὸ

409 2295 593 2368 μεῖζον
624 2299 848 2367 τούτων,
888 2301 949 2354 τὸ
977 2303 1401 2376 ἀπερισπάστως
1429 2306 1524 2360 καὶ
1555 2307 1839 2377 νηφαλέως
1874 2325 1975 2378 με-

409 2385 648 2457 μνῆσθαί
676 2406 771 2442 σου
792 2432 807 2455 ,
842 2391 938 2445 καὶ
967 2393 1170 2458 παντὸς
1209 2397 1533 2467 πράγματος
1572 2398 1637 2450 ἐκ
1681 2396 1775 2451 σοῦ
1808 2399 1982 2470 ἀρχὴν

2088 2037 2177 2104 qui
2209 2044 2335 2089 tunc
2360 2035 2720 2099 invenientur,
2752 2044 2960 2105 pereat.
2990 2034 3081 2089 Sic
3112 2034 3300 2103 procul
3327 2033 3468 2088 absit
3500 2048 3665 2088 omne

2087 2127 2309 2190 malum,
2357 2135 2413 2181 et
2462 2127 2720 2195 praeclare
2767 2142 2831 2181 ac
2882 2128 3085 2196 quiete,
3130 2125 3284 2194 juxta
3354 2124 3661 2183 muniﬁcam

2087 2226 2232 2272 tuam
2264 2217 2596 2273 voluntatem
2629 2217 2764 2289 (6'5),
2790 2228 2953 2286 atque
2984 2232 3249 2281 amorem,
3295 2233 3402 2286 quo
3454 2217 3664 2271 animas

2090 2309 2455 2379 prosequeris,
2482 2309 2784 2379 dirigantur
2832 2326 2954 2363 cum
2981 2323 3317 2372 communes,
3372 2317 3482 2361 tum
3536 2306 3653 2375 pri-

2086 2409 2222 2453 vatae
2253 2414 2376 2461 res;
2407 2407 2462 2453 et
2490 2400 2562 2453 ita
2590 2414 2781 2454 omnes
2824 2399 2877 2453 in
2918 2409 3192 2470 posterum
3235 2400 3288 2452 in
3341 2413 3664 2467 unaquath

405 2477 674 2531 ποιεῖσθαι
708 2480 800 2533 καὶ
823 2481 1097 2551 τελευτὴν,
1132 2485 1467 2554 μεταδιδόναι
1493 2504 1550 2539 τε
1578 2487 1716 2559 πρὸς
1739 2488 1970 2559 δύναμιν

405 2568 517 2629 τοῖς
546 2568 899 2640 ἐνδεομένοις,
930 2574 1231 2644 ἀρχόμενον
1259 2577 1368 2630 ἀπὸ
1393 2577 1502 2631 τῶν
1528 2578 1664 2650 πρὸς
1694 2579 1851 2647 γένος
1887 2581 1982 2634 καὶ

2083 2492 2323 2560 civitate,
2365 2492 2474 2547 imo
2509 2499 2566 2545 et
2591 2490 2645 2544 in
2675 2505 2828 2562 agro,
2892 2490 2981 2560 pie
3021 2504 3086 2544 ac
3142 2488 3413 2559 religiose,
3470 2498 3525 2543 et
3563 2503 3664 2541 sua

2080 2589 2289 2637 tantum
2330 2591 2585 2637 curantes
2622 2581 2830 2645 vivant,
2865 2589 2925 2634 ut
2969 2589 3181 2649 gratum
3238 2589 3399 2649 atque
3428 2579 3665 2647 optabile

406 2656 518 2711 τῶν
566 2659 815 2726 οἰκείων,
856 2664 949 2716 καὶ
986 2664 1138 2735 παρά
1171 2666 1264 2720 σοῦ
1297 2668 1357 2720 τὸ
1391 2667 1518 2740 [142
1556 2668 1613 2741 a]
1645 2670 1855 2724 δάνειον
1896 2673 1978 2736 είς

2087 2674 2174 2728 [lat
2206 2674 2396 2729 iisdem
2425 2675 2476 2728 in
2509 2675 2642 2730 locis
2669 2674 3002 2729 domicilium
3033 2683 3123 2739 ;et
3151 2672 3311 2727 liceat
3334 2686 3475 2725 nunc
3498 2672 3661 2725 etiam

402 2749 465 2802 τὸ
500 2748 693 2821 μέλλον
724 2753 1064 2824 ἐκδέχεσθαι,
1095 2758 1190 2811 καὶ
1218 2760 1515 2831 ἐπίμετρον
1543 2759 1688 2833 ζωὴν
1737 2762 1976 2817 αἰώνιον.

2087 2768 2403 2838 unicuique,
2441 2768 2585 2823 sicut
2631 2769 2842 2838 pridem
2880 2768 3089 2822 sanctis
3142 2766 3344 2822 nostris
3395 2765 3660 2834 patribus,

411 2862 431 2895 ι
464 2844 708 2916 Νηστεία
742 2866 762 2900 ι
794 2850 924 2921 γάρ,
960 2852 1146 2922 φησὶν,
1181 2871 1199 2903 ι
1234 2855 1327 2906 καὶ
1353 2853 1631 2926 προσευχὴ
1661 2857 1723 2908 ἐκ
1748 2854 1979 2909 θανάτου

2087 2867 2131 2913 et
2163 2859 2251 2922 iis,
2279 2859 2370 2927 qui
2397 2870 2523 2913 ante
2556 2858 2679 2913 illos
2704 2857 2945 2923 fuerunt,
2984 2872 3082 2928 pro
3126 2857 3279 2911 libito
3324 2856 3465 2925 quod
3514 2857 3666 2925 quis-

406 2935 631 3007 ῥύεται·
675 2939 1010 3014 ἐλεημοσύνη
1056 2943 1147 3011 δὲ,
1178 2945 1320 3016 ὑπὲρ
1364 2945 1433 3000 τά
1467 2946 1773 3018 ἀμφότερα.
1828 2966 1847 2998 ›
1893 2948 1980 3013 Ὠς

2087 2961 2183 3015 que
2216 2956 2388 3010 amat,
2420 2956 2477 3001 et
2518 2947 2658 3012 vult,
2694 2947 2863 3003 libere
2888 2961 3076 3017 agere,
3120 2947 3398 3016 navigare,
3438 2960 3665 3016 peregre

408 3026 514 3099 γὰρ
542 3030 635 3082 καὶ
660 3032 708 3084 οἱ
735 3031 839 3097 ἔξω
870 3035 1055 3103 φασίν·

2087 3039 2181 3091 iter
2226 3036 2427 3102 facere,
2470 3036 2617 3091 domi
2668 3051 2915 3102 manere,
2968 3053 3128 3107 agros
3167 3038 3368 3100 colere,
3423 3037 3664 3090 studiose

407 3121 473 3176 ad
529 3138 825 3196 panegyres
877 3144 942 3182 ae
1004 3129 1138 3183 festa
1197 3129 1492 3195 conﬂuere,
1552 3129 1821 3199 jucundos
1883 3141 1934 3185 et
1977 3132 2230 3185 honestos
2267 3146 2547 3185 sermones
2603 3131 2826 3195 habere,
2863 3138 2939 3194 et,
2990 3132 3130 3200 quod
3163 3131 3247 3185 his
3314 3129 3490 3199 majus
3548 3127 3662 3199 (64)

406 3228 508 3283 est,
539 3223 654 3278 sine
682 3221 787 3277 u'la
830 3222 1203 3286 distractione,
1228 3223 1292 3291 {et
1324 3222 1610 3291 vigilanter
1657 3222 1733 3275 lui
1772 3221 2103 3287 meminisse,
2144 3230 2197 3274 et
2222 3221 2462 3290 cujusvis
2491 3221 2567 3275 rei
2630 3222 2845 3275 initium
2918 3236 2947 3274 a
2991 3232 3063 3283 te,
3119 3235 3185 3275 ae
3244 3220 3402 3276 ﬁnem
3461 3218 3663 3298 facere.

407 3316 464 3360 et
493 3309 580 3375 iis,
609 3312 699 3381 qui
727 3313 988 3380 indigent,
1011 3310 1191 3380 largiri
1221 3326 1317 3380 pro
1346 3309 1566 3374 viribus,
1594 3325 1623 3362 a
1644 3311 1979 3380 propinquis,
2020 3319 2075 3365 et
2099 3310 2543 3378 consanguineis,
2581 3325 2647 3365 ac
2707 3308 3023 3365 domesticis
3048 3310 3383 3379 incipiendo,
3422 3319 3477 3364 et
3505 3308 3664 3364 fenus

407 3414 439 3453 a
492 3411 542 3455 te
579 3403 632 3457 in
682 3414 957 3474 posterum
992 3415 1228 3465 sumere,
1269 3410 1325 3455 et
1360 3400 1585 3454 auctarii
1638 3400 1756 3453 loco
1812 3401 1975 3454 vitam
2014 3407 2272 3454 arternam
2296 3399 2562 3469 accipere.
2598 3398 2733 3455 Nam
2762 3418 2783 3452 ι
2807 3398 3071 3470 jejunium
3112 3399 3247 3468 (65),
3277 3417 3297 3452 ι
3329 3399 3525 3471 inquit,
3563 3416 3584 3452 ι
3606 3385 3665 3454 ει

406 3492 580 3545 oratio
604 3491 798 3547 liberat
825 3508 854 3546 a
890 3499 1100 3546 morte:
1126 3491 1470 3558 eleemosyua
1500 3505 1632 3545 vero
1660 3498 1745 3545 est
1784 3504 1949 3560 supra
1983 3498 2294 3562 utrumque.
2318 3509 2339 3544 ι
2376 3490 2531 3546 Sicut
2554 3492 2700 3547 enim
2732 3491 2896 3548 etiam
2928 3490 3141 3560 profani
3171 3490 3348 3558 aiunt,

408 3603 702 3671 Εὐσεϐίης
724 3601 907 3657 οὐδὲν
930 3600 1410 3671 προφερέστερον
1439 3601 1509 3654 ἐν
1528 3600 1929 3670 μερόπεσσιν.
2007 3606 2051 3665 C

406 3733 592 3797 Οὕτως
636 3732 702 3787 ἂν
764 3732 903 3804 πρὸς
967 3730 1182 3795 τούτοις
1227 3730 1521 3800 ἐγγένηται
1584 3729 1646 3784 τὸ
1694 3731 1769 3801 μὴ
1800 3734 1977 3786 νοσεῖν

409 3822 785 3893 ὑπερηφανίαν
805 3823 900 3875 καὶ
924 3821 1114 3890 τῦφον,
1147 3823 1269 3894 μηδ’
1300 3819 1441 3876 εἶναι
1461 3824 1847 3894 καυχηματίαν
1869 3841 1883 3856 ο
1909 3824 1977 3879 δι’

407 3914 444 3970 ἃ
472 3916 687 3985 ἄφυκτα
717 3913 888 3985 πάθη,
922 3915 953 3967 ὁ
982 3912 1082 3984 μὲν
1111 3912 1355 3984 ἔχθιστος
1389 3913 1564 3968 Σατάν
1595 3914 1689 3968 τοῦ
1726 3915 1838 3969 ἀνω
1869 3932 1983 3984 φω-

354 4192 361 4197 -
410 4163 566 4239 Alite,
591 4164 819 4239 γήρους,
871 4170 930 4217 ιιι
957 4162 1237 4239 Didymus.
1285 4162 1388 4229 Qui
1430 4176 1582 4239 suam
1642 4160 1811 4229 ipsius
1854 4164 1989 4239 teta-

415 4245 524 4289 tem
555 4232 950 4301 hic'respicere
985 4232 1232 4299 videtur;
1265 4244 1383 4288 erat
1410 4232 1578 4298 enim,
1606 4242 1661 4285 ut
1691 4240 1843 4300 puto,
1874 4232 1985 4296 jam

409 4317 597 4367 senex,
635 4303 760 4357 dum
794 4303 897 4357 ista
931 4303 1183 4358 dictaret.

483 4393 592 4466 (60)
635 4393 725 4450 Sic
748 4395 884 4466 enim
940 4409 1035 4466 per
1079 4404 1149 4448 te.
1204 4393 1672 4466 Quemadmodum
1731 4393 1988 4466 Didymus

413 4463 704 4519 secundum
751 4463 893 4517 hunc
949 4463 1145 4518 librum
1195 4465 1458 4525 oratione,
1515 4478 1609 4516 seu
1669 4463 1987 4532 precatione

412 4533 703 4600 concludit,
734 4533 804 4588 ita
829 4534 1078 4588 Clemens
1110 4549 1324 4601 quoque
1357 4533 1753 4588 Alexandrinus
1781 4532 1983 4588 Proda-

412 4619 623 4685 gogtgn,
668 4613 730 4685 ει.
765 4602 997 4685 Hilarius
1057 4605 1293 4685 primum
1344 4601 1415 4654 De
1461 4601 1974 4685 Trinitate_lib_rum
2012 4619 2056 4677 ι)

416 4672 580 4726 Simili
610 4676 767 4728 modo
795 4672 1194 4727 concluserant.
1252 4673 1493 4737 Quorum
1549 4673 1794 4738 exempla
1854 4675 1980 4727 imi-

414 4751 557 4812 latus
586 4742 913 4812 Augustinus
965 4742 1017 4795 in
1060 4754 1520 4812 extremo‘opere
1573 4740 1649 4794 De
1699 4740 1981 4810 Trinitate,

415 4830 436 4863 ‹
468 4808 693 4865 Libruni
722 4814 905 4879 itaque
950 4812 1134 4875 ismm,
1195 4808 1403 4879 inquit,
1441 4808 1553 4875 jam
1611 4813 1829 4865 tandem
1888 4808 1986 4866 ali?

410 4882 628 4947 quando
654 4883 963 4949 precatione
993 4883 1206 4943 melius,
1235 4896 1396 4949 quam
1437 4880 1804 4947 disputatione
1853 4897 1984 4938 con-

411 4952 644 5005 cludam.
679 4952 901 5006 Domine
932 4955 1072 5006 Dens
1102 4960 1304 5013 noster,
1336 4968 1355 5001 ι
1389 4955 1443 5003 ει
1470 4949 1696 5018 reliqua.

482 5041 594 5110 (61)
633 5040 808 5096 Vincis
841 5043 896 5095 in
920 5041 1240 5112 judicando.
1275 5041 1350 5094 Ex
1383 5039 1513 5108 psal.
1546 5054 1598 5095 ι..

482 5132 594 5205 (σε)
637 5133 768 5205 Jam_
812 5136 1263 5203 appropinquavit.
1314 5131 1637 5205 Antichristi
1688 5133 1979 5205 adventum

410 5203 713 5273 proximum
747 5203 936 5269 fuisse,

408 5272 532 5329 culo
560 5274 814 5341 suspicati
849 5272 993 5327 sunt.
1029 5272 1096 5327 Ut
1132 5274 1362 5327 Basilius
1404 5272 1629 5340 Magnus
1678 5274 1838 5341 epist.
1874 5274 1978 5328 159

410 5344 482 5396 ad
514 5343 903 5397 Alexandrinos
934 5357 1073 5396 anno
1096 5342 1202 5396 375
1230 5344 1388 5396 data:
1429 5341 1515 5395 ubi
1572 5351 1855 5408 pOStquam
1910 5345 1977 5399 de

410 5412 762 5474 cruciatibus,
791 5413 986 5480 quibus
1019 5412 1356 5466 Alexandriae
1388 5410 1639 5465 catholici
1696 5412 1765 5465 ab
1806 5412 1979 5468 haere-

415 5482 540 5536 ticis
578 5482 933 5540 vvxahantur.
973 5497 1278 5536 sermonem
1324 5482 1532 5542 babuit,
1592 5481 1705 5535 haec
1756 5480 1977 5548 subjicit

414 5566 565 5605 num.
588 5549 644 5611 2,
679 5566 800 5619 pag.
829 5551 928 5606 251
961 5570 972 5603 :
1012 5569 1030 5603 ε
1058 5552 1142 5605 Ad
1168 5554 1265 5604 has
1305 5551 1661 5619 cogitationes
1690 5549 1777 5603 illa
1807 5554 1972 5604 etiam

415 5621 681 5689 accessit:
734 5619 868 5673 Num
928 5622 1185 5675 Dominus
1226 5620 1496 5675 Ecclesias
1553 5635 1679 5673 suas
1721 5620 1976 5689 reliquit?

416 5687 554 5742 Num
587 5689 881 5743 novissima
924 5691 1050 5744 hora
1080 5698 1183 5751 est,
1220 5700 1273 5744 et
1311 5689 1541 5744 defectio
1586 5704 1680 5756 per
1727 5687 1853 5744 haec
1891 5691 1974 5744 in-

416 5760 680 5826 greditur,
706 5760 1045 5815 utreveletur
1065 5759 1281 5814 tandem
1305 5760 1522 5826 iniquus
1553 5758 1640 5813 ille
1669 5758 1809 5813 [ilius
1841 5772 1969 5827 per-

417 5828 655 5892 ditionis,
690 5830 779 5898 qui
811 5830 1149 5893 adversatur,
1179 5838 1234 5882 et
1265 5828 1487 5882 effertur
1540 5828 1798 5883 adversus
1853 5844 1969 5882 om-

418 5911 564 5965 nem,
590 5900 681 5970 qui
709 5899 908 5955 dicitur
960 5901 1118 5965 Deus,
1166 5908 1257 5953 aut
1301 5900 1547 5954 numen?
1582 5916 1602 5950 ι
1650 5900 1730 5955 Ac
1770 5898 1968 5956 similia

972 5206 1151 5273 plures
1180 5214 1307 5258 ante
1339 5204 1625 5273 Didymum
1655 5203 1843 5258 eodem
1878 5220 1979 5258 sa:-
2022 5240 2025 5243 ν

2363 3603 2577 3661 Pietate
2606 3605 2742 3660 nihil
2769 3604 2956 3660 utilius
2978 3614 3055 3661 eet
3081 3605 3399 3662 hominibus.

2087 3736 2179 3794 Sic
2205 3737 2333 3792 illud
2359 3738 2522 3793 etiam
2553 3739 2772 3810 insuper
2799 3739 2956 3796 nobis
2982 3740 3271 3805 concedas,
3297 3750 3357 3796 ut
3385 3742 3437 3797 in
3468 3757 3662 3813 super-

2086 3827 2189 3882 bize
2221 3840 2384 3897 atque
2408 3832 2735 3897 arrogantiae
2764 3830 3007 3888 morbum
3038 3847 3105 3887 ne
3134 3832 3457 3901 incidamus,
3506 3849 3571 3891 ac
3598 3852 3669 3892 ne

2089 3935 2228 3975 unus
2262 3920 2478 3990 quidem
2513 3922 2584 3976 sit
2616 3922 2883 3992 gloriosus
2904 3925 3091 3990 homo,
3123 3933 3288 3996 atque
3328 3934 3660 3994 ostentator;

2087 4159 2423 4234 scripserant
2456 4177 2582 4234 cum,
2609 4161 2845 4218 Hilarius
2882 4173 3016 4221 tom.
3051 4165 3122 4227 ll.
3152 4180 3274 4234 pag.
3305 4166 3409 4221 595
3435 4166 3521 4220 ed.
3558 4166 3664 4221 Ve-

2086 4232 2352 4297 ronensis,
2387 4239 2498 4306 t_u_m
2519 4232 2786 4306 _Cyrillus
2832 4232 3359 4306 Hierosolymitanus
3391 4236 3664 4293 catecbesi

2084 4311 2180 4378 ξγ,
2205 4315 2354 4352 num.
2390 4302 2478 4355 18.
2517 4301 2683 4356 Paulo
2714 4313 2889 4378 autem
2922 4312 3062 4378 post,
3086 4301 3262 4374 'quam
3294 4306 3408 4359 haec
3434 4307 3668 4361 dictavit

2085 4367 2361 4447 Didymus,
2395 4387 2587 4447 nempe
2613 4373 2769 4447 annis
2803 4367 2937 4447 plus'
2965 4367 3143 4428 minus
3165 4381 3291 4447 octo
3339 4384 3464 4447 ante
3522 4390 3662 4443 qua-

2090 4438 2573 4507 dringentesimum
2632 4438 2835 4496 Christi
2901 4457 3125 4506 annum,
3192 4444 3367 4497 aiebat
3423 4438 3667 4500 Joannes

2083 4506 2568 4581 Chrysostomusin
2593 4513 2988 4565 commentario
3008 4514 3062 4565 in
3079 4512 3339 4566 Joannem
3368 4522 3499 4565 tom.
3530 4512 3660 4581 Vill,

2087 4591 2209 4644 pag.
2253 4577 2404 4633 200:
2456 4598 2494 4651 _c
2530 4581 2584 4634 Si
2611 4589 2705 4647 .tot
2756 4595 3021 4634 atinorum
3071 4577 3661 4651 quadringentesimum

2094 4660 2215 4699 esse
2241 4651 2402 4702 linem
2438 4648 2759 4714 dixerimus,
2797 4666 2899 4703 non
2924 4648 3332 4706 aberrabimus:
3353 4670 3374 4703 ι
3408 4652 3666 4718 Quinimo

2095 4718 2337 4773 nonnulli
2364 4720 2508 4772 circa
2534 4735 2595 4772 ea
2636 4730 2877 4787 tempora
2900 4720 3295 4774 Antichristum
3329 4721 3442 4788 jam
3473 4733 3660 4775 natmn

2092 4797 2439 4860 censuerunt,
2476 4789 2639 4856 idque
2666 4805 2696 4842 a
2733 4792 2792 4845 ὃ.
2827 4789 3057 4843 Martino
3108 4790 3500 4860 Turonensium
3549 4795 3667 4860 epi-

2093 4868 2259 4929 scopo
2287 4857 2616 4929 allirmatum
2646 4860 2851 4923 dixere,
2889 4869 2945 4911 ut
2972 4869 3199 4929 constat
3220 4876 3284 4913 ex
3314 4858 3533 4929 Sulpicii
3560 4857 3663 4915 Se-

2090 4927 2203 4977 veri
2240 4926 2455 4997 Dialogo
2488 4944 2546 4990 ll,
2575 4944 2696 4999 cap.
2734 4929 2819 4992 M,
2854 4943 2971 4998 pag.
3004 4928 3109 4981 122
3141 4928 3271 4983 edit.
3310 4926 3660 4985 Veronensis.

2160 5016 2271 5086 (63)
2312 5015 2665 5073 Voluntatem.
2704 5018 2906 5090 codex,
2947 5018 3230 5090 θελήματά
3265 5037 3325 5071 τε
3352 5022 3524 5075 κοινά.
3557 5021 3665 5076 Sed

2088 5098 2233 5154 patet
2260 5089 2541 5156 legendum
2564 5103 2703 5154 esse,
2737 5088 2950 5160 θέλημα
2973 5092 3042 5143 τά
3064 5088 3129 5142 τε
3164 5091 3339 5144 κοινά.

2527 5181 2730 5249 Codex,
2762 5179 2952 5252 μείζω,
2986 5198 3081 5250 pro
3113 5182 3320 5253 μεῖζον.
3356 5179 3489 5239 Vide
3549 5194 3676 5317 noui

2158 5334 2592 5415 (6ᾇλ1ελιιηίιιηι.
2633 5337 3105 5415 Duo_S_criptura:
3134 5339 3499 5415 _loca_aﬂ'ert,
3529 5412 3538 5415 _
3565 5352 3660 5415 aut

2087 5405 2328 5472 respicit.
2358 5408 2510 5460 Alter
2547 5419 2725 5463 exstat
2760 5405 2946 5466 Tobiai
2990 5428 3091 5476 xu,
3125 5413 3159 5466 8
3197 5421 3247 5465 et
3278 5411 3333 5476 9,
3385 5405 3492 5464 ubi
3526 5412 3661 5480 legi-

2089 5484 2211 5529 tur:
2255 5474 2481 5536 Ἀγαθὸν
2512 5480 2787 5536 προσευχὴ
2838 5481 2974 5536 μετά
3022 5482 3279 5536 νηστείας
3319 5481 3415 5534 καὶ
3435 5482 3661 5536 ἐλεημο-

2089 5484 2211 5557 utr:
2255 5480 2481 5558 Ἀγαθὸν
2512 5480 2789 5552 προσευχὴ
2837 5481 2974 5550 μετὰ
3022 5482 3279 5552 νηστείας
3319 5481 3415 5534 καὶ
3435 5482 3662 5551 ἐλεημο-

2086 5560 2316 5621 συνηςεε.
2372 5547 2709 5619 ἐλεημοσύνη
2780 5550 2889 5621 γὰρ
2932 5554 2997 5606 ὲκ
3042 5552 3272 5606 θανάτου
3330 5550 3564 5621 ῥύεται,
3609 5552 3662 5605 id

2084 5623 2168 5667 est
2208 5634 2226 5664 ι
2262 5614 2404 5668 Bona
2436 5614 2523 5669 res
2543 5628 2628 5692 est
2648 5614 2823 5675 oratio
2849 5614 2972 5675 eum
3010 5622 3253 5692 jejunio,
3275 5614 3343 5673 et'
3365 5635 3487 5674 cum
3518 5619 3661 5692 elec-

2085 5698 2374 5759 musyna...
2405 5702 2534 5759 nam
2565 5687 2908 5759 eleemosyna
2939 5707 2966 5744 a
3005 5687 3177 5744 inurte
3202 5690 3417 5743 liberat.
3452 5707 3471 5738 ι
3508 5689 3659 5759 Alter

2082 5764 2261 5831 exstat
2294 5754 2655 5831 Ecl-lesiastic.
2681 5774 2768 5823 η,
2798 5754 2869 5812 26
2892 5778 2908 5811 :
2937 5763 3031 5814 καὶ
3052 5761 3189 5831 ὑπὲρ
3210 5758 3495 5829 ἀμφότερα
3514 5756 3661 5831 ἐλεη-

2084 5823 2288 5892 μοσύνη
2320 5824 2563 5902 ῥύσεται,
2597 5828 2649 5880 id
2678 5842 2782 5898 est,
2840 5847 2859 5881 ι
2889 5840 2944 5886 ει
2975 5845 3140 5902 super
3160 5823 3469 5898 'ulruhtqtie
3515 5823 3663 5883 else-

2079 5907 2304 5963 tuosyna
2336 5894 2607 5952 liberabit.
2638 5915 2659 5947 ι
