4056 6416
449 375 552 431 775

1693 371 1923 426 DIDYMI
1962 369 2438 426 ALEXANDRINI

3589 365 3699 424 776

444 505 627 548 stones
658 490 827 561 ipsam
853 503 886 544 α
924 487 1018 542 Dei
1051 490 1326 544 consortio
1367 493 1604 554 abducit,
1645 509 1707 546 ac
1761 493 2010 545 deorstnn

2125 490 2255 554 λίας,
2295 493 2390 545 καὶ
2430 489 2728 558 καταφέρει
2779 485 2915 557 πρὸς
2960 485 3064 555 γῆν
3105 484 3199 538 καὶ
3237 484 3305 537 τὰ
3347 482 3474 553 γῆς,
3519 501 3694 554 οιμαι.

447 588 498 641 in
541 595 761 646 terram,
806 594 968 651 alque
1001 585 1053 637 in
1105 597 1370 648 terrenas,
1403 596 1457 637 ut
1498 598 1644 653 pnzo,
1699 584 2017 638 sollicitudi-

445 694 540 731 nes
575 679 742 746 ipsam
773 676 1029 738 inclinat;
1081 688 1240 742 atque
1269 677 1338 729 ita
1383 678 1650 746 imperare
1689 689 1908 730 conatur
1943 678 2011 742 ei,

443 785 562 838 qua-
614 776 800 819 natura
831 765 1170 832 praestantior
1199 774 1304 830 est,
1346 773 1397 818 el
1449 775 1597 819 tanto
1641 767 2016 832 praestantior,

446 869 647 926 quanto
679 856 750 922 id,
787 856 927 926 quod
957 855 1259 908 immortale
1286 865 1389 915 est,
1425 857 1778 911 excellentius
1803 868 1887 910 est
1927 872 2012 921 eo,

445 949 586 1016 quod
655 956 737 1001 est
790 944 1036 997 mortale.
1112 944 1450 998 Desiderium
1517 945 1736 1014 insuper
1788 945 2017 1014 propria:

448 1040 616 1106 ipsius
653 1035 927 1104 explenda:
961 1034 1276 1095 voluntatis,
1322 1045 1416 1088 aut
1453 1035 1796 1105 acquirendae
1841 1036 2015 1105 cogni-

448 1128 628 1188 tionis,
664 1125 788 1179 illuc
837 1140 957 1178 eam
993 1125 1175 1187 trahit,
1213 1139 1384 1193 eoque
1443 1127 1633 1190 tendit,
1676 1136 1732 1179 ut
1771 1127 2014 1195 quaadam

445 1221 584 1273 scire
615 1218 783 1271 velit:
827 1217 922 1272 sed
966 1231 1088 1269 cum
1124 1225 1328 1268 rectum
1379 1231 1443 1270 ac
1491 1226 1662 1271 tutum
1696 1221 1796 1270 vim
1827 1217 2015 1270 ducto-

447 1327 559 1364 rem
603 1325 708 1363 non
753 1310 970 1370 haheat,
1006 1318 1096 1360 aut
1135 1323 1422 1376 pravorum
1476 1308 1752 1360 hominum
1791 1322 2008 1362 consueo

450 1403 630 1455 tudine
658 1411 858 1462 utatur,
894 1400 1128 1462 aberrat,
1156 1409 1210 1451 et
1239 1413 1440 1468 anceps
1472 1397 1665 1461 haeret,
1703 1413 1768 1453 ac
1798 1398 2015 1452 tandem

448 1495 512 1548 ad
540 1508 698 1562 quam
756 1492 892 1546 forte
942 1491 1160 1558 appulsa
1197 1488 1356 1542 fuerit
1395 1489 1724 1558 opinionem,
1752 1504 1872 1543 eam
1929 1489 2012 1543 in-

447 1584 786 1638 considerate
848 1582 1196 1651 ampleclitur
1253 1600 1267 1636 :
1329 1593 1489 1651 atque
1548 1582 1621 1636 ita
1675 1596 2016 1652 summopere

448 1675 773 1730 miserabilis
806 1674 884 1739 lit,
915 1690 978 1727 ac
1018 1673 1253 1738 misera;
1294 1673 1493 1744 quippe
1523 1689 1641 1742 qua:
1667 1675 1792 1728 dum
1818 1673 2012 1728 bonam

443 1768 802 1836 cognitionem
861 1774 1182 1832 aucupatur,
1217 1779 1448 1833 eamque
1505 1778 1564 1818 se
1617 1764 1889 1818 invenisse
1927 1780 2018 1832 pu-

2120 584 2528 654 φροντίσματα·
2574 583 2666 635 καὶ
2707 579 2848 634 οὕτω
2890 581 3256 650 κατακρατεῖν
3299 579 3564 646 ἐπιχειρεῖ
3598 575 3699 644 τῆς

2119 672 2278 740 φύσει
2319 673 2647 742 κρείττονος,
2700 670 2792 723 και
2835 667 3074 737 τοσούτῳ
3119 667 3446 736 κρείττονος,
3485 667 3607 718 ὅσον
3631 665 3698 717 τὸ

2121 762 2388 816 ἀθάνατον
2432 763 2525 816 τοῦ
2575 762 2788 832 θνητοῦ,
2861 761 2924 812 Ἥ
2971 759 3028 812 δέ
3072 776 3135 827 γε
3185 759 3283 828 τῆς
3335 759 3468 821 ιδίας
3524 759 3695 828 αὐτῆς

2121 855 2507 924 προαιρέσεως,
2545 854 2577 923 ἦ
2611 853 2862 922 γνώσεως
2903 850 3063 903 πάλιν
3098 850 3382 919 ἐπιθυμία,
3423 851 3570 902 ἕλκει
3598 850 3696 920 μὲν

2119 949 2198 1011 εἰς
2225 947 2284 999 τὸ
2311 947 2482 999 θέλειν
2505 947 2703 999 εἰδέναι
2725 963 2777 998 τι
2811 944 3002 1014 αὐτὴν,
3027 943 3120 996 καὶ
3156 943 3246 996 ἐπὶ
3282 942 3439 996 τοῦτο
3467 941 3693 1012 πορεύεο

2117 1057 2230 1102 ται,
2261 1039 2334 1111 μὴ
2368 1040 2561 1110 ἔχουσα
2592 1039 2649 1091 δὲ
2689 1038 2845 1108 ὀρθὸν
2871 1040 2968 1100 τῆς
2998 1036 3221 1107 πορείας
3255 1036 3491 1103 ἀγωγὸν,
3591 1051 3693 1088 κα-

2119 1131 2231 1184 κῶν
2278 1131 2597 1202 χρησαμένη
2648 1129 2888 1199 ὁμιλίαις
2929 1126 3252 1196 ἀνθρώπων,
3297 1126 3561 1179 πλανᾶται
3603 1125 3698 1178 καὶ

2121 1224 2336 1294 ἀπορεῖ,
2381 1222 2475 1276 καὶ
2516 1222 2691 1284 τέλος,
2734 1223 2819 1290 ἐφ’
2858 1222 2923 1292 ἢν
2961 1217 3114 1289 τύχοι
3149 1218 3580 1288 προσορμήσασα
3614 1215 3699 1268 δό-

2122 1314 2238 1380 ξαν,
2274 1314 2498 1384 ἀμαθῶς
2534 1315 2737 1383 ταύτην
2780 1312 3023 1366 ἀνείλετο
3044 1329 3057 1343 '
3104 1311 3197 1363 καὶ
3222 1308 3362 1362 οὕτω
3387 1309 3450 1378 δὴ
3479 1308 3698 1376 γέγονεν

2120 1406 2363 1475 οἰκτίστη
2393 1422 2452 1457 τε
2475 1405 2568 1457 καὶ
2596 1404 2773 1463 ἀθλία.
2801 1405 2856 1455 ἐν
2879 1401 3129 1471 γνώσεως
3150 1401 3358 1470 ἀγαθῆς
3382 1398 3586 1469 ὑποψίᾳ
3605 1397 3699 1452 καὶ

2120 1495 2246 1568 δόξῃ
2257 1495 2324 1566 θη
2331 1514 2470 1567 ρασα
2478 1496 2614 1566 μένη
2627 1495 2935 1549 κακόνοιαν.
2947 1495 3065 1548 Ὀτι
3083 1493 3188 1564 γὰρ
3206 1493 3404 1555 πάντες
3423 1491 3516 1544 ἀνθ
3525 1507 3696 1561 ρωποι

2122 1587 2262 1640 κατά
2286 1585 2445 1656 φύσιν
2467 1585 2562 1639 τοῦ
2591 1585 2880 1654 γινώσκειν
2906 1583 3227 1656 ὀρεγόμεθα,
3250 1583 3399 1653 δηλοί
3422 1581 3597 1644 τοῦτο,
3623 1579 3700 1645 ὥς

2122 1695 2284 1746 φησιν
2342 1676 2747 1748 Ἀριστοτέλης,
2795 1676 2988 1745 καὶ-ἠ
3053 1675 3163 1727 τῶν
3217 1675 3522 1745 αἰσθήσεων
3576 1677 3697 1727 ὲπι-

2123 1769 2310 1840 θυμία,
2336 1770 2477 1838 πέρα
2505 1768 2602 1837 τῆς
2661 1767 2848 1838 χρείας
2868 1769 3016 1838 ἡμᾶς
3044 1769 3126 1836 ἐφ’
3167 1766 3361 1837 ἑαυτὴν
3400 1766 3698 1836 παραπέμα

447 1870 562 1921 lat,
619 1858 668 1910 in
732 1871 928 1926 pravas
1002 1857 1245 1910 incidens
1315 1857 1611 1910 sententias
1672 1856 2012 1925 depravatur.

2125 1877 2315 1911 πουσα.
2361 1858 2521 1930 Ὀρᾷν
2566 1856 2779 1927 γοῦν,ἦ
2825 1860 2995 1909 ποιεῖν
3042 1856 3150 1909 ἔσθ’
3181 1857 3267 1909 ὅτε
3303 1855 3696 1926 ἐπιθυμοῦμεν,

444 1951 596 2017 Quod
653 1952 795 2005 enim
849 1963 948 2003 nos
1022 1964 1213 2003 omnes
1297 1959 1494 2003 natura
1577 1948 1648 2002 ila
1721 1947 2013 2018 comparati

2125 1949 2223 2002 κᾶν
2256 1949 2330 2019 μὴ
2366 1951 2503 2002 πάνυ
2535 1951 2851 2013 ἀναγκαῖον,
2877 1947 3012 2000 ἀλλὰ
3050 1947 3143 1999 καὶ
3171 1947 3458 2010 ἐπιϐλαϐές
3490 1948 3549 1999 τὸ
3571 1945 3704 2017 ὁρῶ»

441 2045 656 2106 simus,
742 2051 801 2096 ut
901 2040 1181 2094 scientiam
1287 2050 1642 2108 appetamus,
1732 2040 2013 2106 ostendit,

449 2147 507 2190 ut
565 2136 740 2204 inquit
813 2133 1135 2188 Aristoteles
1200 2132 1353 2203 (80),
1419 2133 1578 2187 etiam
1659 2132 1820 2204 315
1892 2149 2017 2188 sen-

444 2243 600 2282 suum
670 2225 1033 2287 desiderium,
1077 2225 1222 2294 quod
1282 2224 1425 2278 nulla
1482 2233 1709 2294 urgente
1779 2225 2018 2280 necessi-

447 2330 556 2373 tate
595 2319 659 2370 ad
696 2332 755 2371 se
800 2317 974 2385 ipsum
1034 2331 1136 2368 nos
1190 2313 1432 2368 attrahit.
1470 2314 1653 2382 Itaque
1698 2313 1881 2368 videre
1922 2313 2020 2367 ali-

445 2413 597 2480 quid,
629 2417 722 2463 aut
781 2423 942 2480 agere
993 2407 1287 2476 aliquando
1345 2415 1616 2474 optamus,
1648 2405 1748 2459 etsi
1799 2406 2019 2460 omnino

448 2500 816 2555 necessarium
871 2512 978 2552 non
1040 2499 1149 2562 sit,
1200 2498 1292 2551 sed
1339 2497 1518 2564 potius
1597 2497 1820 2548 noxium
1877 2495 2020 2564 quod

447 2591 802 2661 conspicitur,
848 2597 940 2643 aut
969 2586 1221 2642 el'licitur.
1281 2586 1436 2654 Quod
1475 2595 1658 2640 autem
1699 2587 1816 2640 haec
1855 2587 1929 2640 ita
1961 2601 2023 2641 se

448 2684 649 2738 habere
685 2690 868 2751 aperte
895 2679 1281 2734 aliirmaverint
1322 2694 1490 2733 sacrm.
1531 2678 1778 2741 Litterae,
1838 2679 2022 2732 deela-

449 2785 572 2829 rant
601 2773 765 2827 divini
804 2773 1100 2841 scriptores
1137 2768 1276 2840 (8|),
1307 2771 1396 2838 qui
1430 2771 1507 2824 sic
1544 2768 1711 2824 locuti
1759 2778 1905 2823 sunt.
1931 2767 1996 2823 Ja

448 2868 616 2922 eobus
673 2867 889 2936 inclyta:
937 2865 1214 2918 memoria:
1245 2864 1327 2917 vir
1361 2879 1374 2914 :
1419 2881 1439 2913 ι
1481 2861 1597 2916 Non
1653 2871 1738 2916 est
1769 2861 1904 2932 (82),
1940 2861 2022 2915 in-

449 2963 587 3030 quit,
609 2959 873 3029 sapientia
907 2957 1010 3012 ista
1051 2956 1342 3010 desursum
1381 2954 1735 3016 descendens,
1769 2953 1864 3008 sed
1909 2963 2024 3008 ter-

449 3070 607 3119 rena,
643 3051 934 3115 animalis,
989 3049 1277 3104 diabolica.
1317 3067 1336 3100 ι
1394 3047 1460 3102 Et
1522 3047 1704 3101 subdit
1763 3065 1777 3102 :
1821 3064 1840 3098 ι
1894 3047 2025 3113 Quae

447 3149 591 3201 enim
622 3145 732 3216 (85)
754 3144 1037 3198 desursum
1072 3149 1156 3194 est
1185 3142 1473 3210 sapientia,
1527 3140 1760 3208 primum
1794 3139 2011 3208 quidem

448 3253 580 3309 pura
611 3248 714 3302 est,
747 3233 968 3305 paciﬁca
1010 3230 1121 3304 (84)
1153 3270 1168 3294 ,
1197 3247 1370 3301 aqua,
1407 3230 1619 3294 docilis,
1663 3230 1818 3300 plena
1857 3231 2022 3285 mise-

448 3329 680 3384 ricordia
720 3339 777 3383 et
820 3324 1087 3379 fructibus
1124 3339 1349 3394 operum
1389 3324 1654 3377 honorum
1711 3322 1848 3392 (85),
1915 3337 2024 3377 non

448 3421 770 3492 dijudicans,
799 3416 1162 3473 simulationis
1189 3430 1402 3486 expers.
1435 3434 1453 3468 ι
1482 3415 1560 3468 Ac
1610 3427 1876 3485 praeterea
1917 3414 2019 3470 du-

447 3513 602 3582 plicis
632 3511 824 3563 anima:
847 3521 941 3562 eos
967 3506 1212 3560 homines
1240 3517 1415 3568 vocat,
1457 3508 1546 3574 qui
1579 3521 1640 3559 ru
1664 3507 1762 3569 les,
1804 3514 1858 3559 et
1903 3519 2026 3574 gre-

449 3602 583 3672 garii
624 3609 776 3664 sunt,
843 3612 946 3653 nec
1007 3596 1267 3650 mundam
1299 3595 1698 3664 cognitionem,
1731 3606 1824 3649 aut
1854 3597 2027 3650 stabi-

450 3694 557 3748 lem
586 3692 700 3764 (86)
731 3690 920 3744 anima:
955 3689 1275 3744 electionem
1325 3688 1733 3756 propositumve
1769 3687 1969 3743 habent
2003 3727 2020 3754 ,

451 3787 577 3838 dum
611 3783 725 3836 hac
761 3778 990 3833 scribit:
1022 3797 1041 3831 ι
1073 3777 1513 3848 Appropinquato
1537 3776 1650 3846 (87)
1681 3775 1815 3840 Deo,
1839 3787 1893 3832 et
1919 3792 2020 3845 ap-

450 3869 833 3943 propinquabit
863 3869 1038 3934 vobis,
1086 3868 1378 3922 emundare
1413 3883 1625 3929 manus,
1686 3881 1720 3920 ο
1775 3881 2023 3937 peccato-

455 3979 563 4027 res,
586 3971 640 4016 ct
664 3959 946 4031 puriﬁcate
979 3959 1168 4025 corda,
1223 3973 1258 4013 ο
1287 3958 1530 4026 duplices
1563 3959 1764 4012 animo.
1813 3980 1832 4012 ι
1877 3962 2020 4029 Quin

453 4229 666 4299 dymus,
697 4229 828 4299 dum,
854 4226 934 4281 sic
971 4225 1479 4299 loquitur,reSpicit
1521 4227 1650 4281 illud
1707 4227 1842 4296 psal.
1875 4244 2025 4293 εχει,

452 4298 596 4353 vers.
624 4298 657 4352 8
689 4316 703 4353 :
738 4316 756 4349 ι
794 4298 938 4352 Edue
964 4299 1030 4351 de
1062 4298 1307 4352 custodia
1341 4299 1576 4350 animam
1602 4314 1800 4360 meam,
1835 4318 1851 4347 ι
1881 4302 2016 4360 δῖνοι,

453 4381 512 4423 ιιι
549 4369 739 4437 legitur
757 4369 896 4436 apud
917 4366 1301 4437 Hieronymum
1339 4367 1432 4420 lib.
1463 4367 1584 4419 adu.
1616 4367 1878 4420 Joannem
1901 4368 2026 4420 Hie-

451 4436 906 4508 rosolgmitanum,
949 4453 1114 4508 fnum.
1145 4437 1195 4500 7,
1217 4454 1252 4508 ξ
1276 4436 1421 4508 Εέιιιο
1449 4437 1515 4489 de
1545 4451 1761 4508 carcere
1788 4439 2021 4488 animam

2125 2060 2305 2112 μενον,
2344 2043 2376 2112 ἢ
2425 2041 2795 2112 πραττόμενον
2916 2043 3035 2093 ’Ὁτι
3061 2041 3117 2093 δὲ
3150 2041 3320 2095 ταῦτα
3352 2040 3524 2103 οὕτως
3556 2039 3703 2092 ἄντι-

2121 2151 2258 2204 κρυς
2306 2133 2542 2202 εἴρηται,
2566 2135 2674 2185 τῶν
2731 2134 2890 2185 θείων
2936 2133 3214 2202 Γραφείων
3245 2132 3597 2201 διασαφοῦσιν
3651 2132 3699 2184 oi

2121 2225 2452 2290 ἀξιώσαντες
2473 2228 2646 2278 εἰπεῖν
2686 2225 2927 2278 τοιῶσδε’
2978 2227 3231 2288 Ἰάκωϐος
3263 2229 3291 2278 ὁ
3322 2227 3420 2294 τῆς
3450 2224 3700 2287 εὐκλεοῦς

2126 2319 2364 2389 μνήμηςο
2404 2334 2424 2367 ι
2461 2319 2574 2370 Ούκ
2620 2317 2768 2369 ἐστιν
2815 2318 2846 2388 ἡ
2905 2319 3064 2386 σοφία
3097 2318 3232 2388 αὕτη
3273 2318 3475 2389 ἄνωθεν
3503 2325 3697 2387 κατέρ-

2124 2409 2348 2479 χομένη,
2364 2407 2474 2460 ἀλλ’
2489 2408 2747 2476 ἐπίγειος,
2765 2408 2986 2479 ψυχικὴ,
3004 2409 3376 2479 δαιμονιώδης.
3391 2408 3697 2477 »Ἐπιφέρει

2125 2517 2206 2552 τεο
2246 2518 2263 2550 ι
2308 2500 2374 2552 Ἠ
2407 2500 2515 2570 γὰρ
2543 2500 2749 2552 ἄνωθεν
2799 2499 2983 2568 σοφία,
3009 2499 3221 2571 πρῶτον
3259 2500 3352 2569 μὲν
3372 2496 3512 2570 ἁγνή
3535 2499 3699 2558 ἐστιν,

2125 2590 2396 2660 εἰρηνικὴ,
2437 2589 2708 2659 ἐπιεικὴς,
2747 2589 2872 2661 [HG
2908 2587 2962 2661 ὁ]
2993 2589 3268 2659 εὐπειθὴς,
3318 2592 3486 2659 μεστὴ
3523 2587 3702 2649 ἐλέους

2125 2683 2220 2734 καὶ
2254 2681 2481 2751 καρπῶν
2515 2680 2692 2752 ἔργων
2747 2681 2986 2750 ἀγαθῶν,
3039 2676 3372 2752 ἀδιάκριτος,
3408 2679 3700 2748 ἀνυπόκρι-

2125 2787 2234 2834 τος.
2257 2791 2275 2822 ι
2299 2773 2410 2824 Καὶ
2438 2771 2519 2823 ἕτι
2553 2771 2806 2842 διψύχους
2833 2771 3230 2842 προσαγορεύει
3247 2773 3370 2834 τοὺς
3397 2770 3702 2836 ἀγελαίους,

2127 2864 2222 2917 καὶ
2253 2865 2314 2917 οὐ
2355 2864 2600 2936 καθαρὰν
2643 2865 2846 2932 γνῶσιν
2900 2866 2995 2916 καὶ
3026 2851 3292 2933 σταθερὰν
3318 2863 3495 2933 ψυχῆς
3529 2860 3705 2932 προαί·

2130 2973 2282 3025 ρεσιν
2306 2955 2530 3027 ἔχοντας
2557 2955 3006 3028 τῶνάνθρώπων,
3036 2956 3260 3025 φάσκων
3287 2954 3483 3008 τοιάδε·
3521 2973 3539 3005 ι
3581 2953 3702 3022 Ἐγ-

2127 3048 2320 3114 γίσατε
2355 3047 2434 3118 τῷ
2463 3047 2604 3118 Θεῷ,
2635 3049 2728 3102 καὶ
2749 3049 2926 3116 ὲγγιεί
2950 3049 3095 3118 ὑμῖνο
3138 3047 3469 3118 καθαρίσατε
3499 3048 3699 3117 χεῖρας,

2128 3141 2463 3210 ἁμαρτωλοὶ,
2523 3142 2615 3194 καὶ
2634 3140 2890 3208 ἁγνίσατε
2924 3140 3170 3211 καρδίας,
3211 3140 3441 3210 δίέαυχοι.
3483 3158 3502 3191 ι
3548 3139 3704 3192 Ἀλλὰ

2126 3229 2221 3282 καὶ
2251 3229 2386 3299 πρὸς
2416 3231 2543 3294 τοὺς
2574 3230 2935 3301 μισοπόνηρον
2959 3231 3118 3300 ζῆλον
3144 3230 3321 3302 ψυχῆς
3339 3233 3581 3302 ἔχοντας,
3612 3231 3704 3284 καὶ

2127 3322 2459 3391 νικηφόρους
2493 3323 2654 3386 ὄντας
2702 3324 2922 3393 ἀρετῆς,
2950 3323 3042 3386 οὒς
3062 3324 3122 3376 ού
3161 3323 3440 3393 διαφεύγει
3474 3323 3584 3377 τῶν
3625 3340 3704 3376 τι-

2129 3413 2269 3484 μίων
2297 3413 2420 3467 οὐδὲ
2445 3413 2524 3477 ἓν,
2555 3413 2882 3483 διαλέγεται,
2903 3414 3044 3467 ὥστε
3072 3415 3276 3486 εἴργειν
3301 3415 3410 3468 τῶν
3439 3415 3514 3485 μὴ
3531 3414 3707 3468 τοιού-

2125 3522 2236 3558 των
2271 3505 2572 3577 ἀνθρώπων
2616 3507 2677 3559 τὸ
2725 3507 3044 3570 ἀκόλαστον,
3091 3509 3183 3561 καὶ
3232 3508 3565 3578 μεταδιδόναι
3614 3509 3708 3561 καὶ

2128 3596 2328 3662 ἄλλοις,
2381 3590 2455 3650 ὧν
2480 3597 2636 3650 αὐτοὶ
2685 3597 2898 3668 ἔχουσιν
2943 3598 3184 3667 ἀγαθῶν,
3237 3601 3474 3670 ῥήμασιν
3502 3599 3706 3662 αὐτοῖς’

2136 3706 2154 3738 ι
2205 3688 2484 3758 Ἀδελφοὶ,
2533 3690 2628 3743 ἐάν
2685 3708 2768 3755 τις
2813 3693 2944 3763 παρ’
3005 3693 3132 3761 ὑμῖν
3179 3691 3421 3762 πλανηθῇ
3464 3691 3570 3743 ἀπὸ
3608 3691 3708 3758 τῆς

2129 3779 2406 3852 ἀληθείας,
2425 3782 2518 3834 καὶ
2537 3783 2839 3854 ἐπιστρέψῃ
2870 3798 2954 3846 τις
2980 3783 3161 3843 αὑτὸν,
3197 3781 3536 3852 γινωσκέτω,
3567 3782 3648 3833 ὅτι
3680 3781 3710 3832 ὁ

2129 3871 2460 3943 ἐπιστρέψας
2471 3874 2790 3945 ἀμαρτωλδν
2806 3877 2870 3928 ὲκ
2881 3875 3087 3944 πλάνης
3098 3873 3216 3928 ὀδοῦ
3233 3872 3416 3938 αὐτοῦ,
3441 3874 3600 3926 σώσει
3611 3873 3712 3943 ψυ-

2129 3964 2230 4034 χὴν
2258 3965 2422 4018 αὑτοῦ
2437 3968 2500 4019 ὲκ
2522 3966 2774 4031 θανάτου,
2798 3967 2892 4020 καὶ⁹
2913 3957 3142 4034 καλύψει
3157 3964 3355 4034 πλῆθος
3371 3964 3670 4035 ἁμαρτιῶν.
3685 3982 3704 4014 ι

2206 4229 2318 4301 (81)
2352 4229 2558 4301 -Ιλὶυἱιιὶί
2595 4233 2894 4300 scriptores.
2945 4230 3148 4293 Codex,
3196 4230 3305 4283 τῶν
3344 4229 3504 4301 θείων
3565 4229 3709 4301 Γρα-

2135 4297 2320 4367 φείων.
2352 4299 2655 4370 Legendum
2689 4297 2917 4354 fortasse
2939 4301 3046 4354 τῶν
3078 4301 3238 4353 θείων
3263 4299 3541 4370 γραφέων,
3587 4297 3706 4351 cum

2136 4384 2328 4441 nomen
2365 4374 2624 4440 γραφεῖον
2667 4372 2907 4424 neutrius
2931 4372 3145 4441 generis
3184 4373 3274 4434 sit,
3304 4372 3525 4441 verbum
3563 4385 3706 4441 vero

2133 4437 2464 4502 ἀξιώσαντες
2489 4437 2768 4496 masculini
2805 4458 2818 4493 :
2849 4456 2910 4493 ac
2935 4437 3191 4508 pra-terea
3225 4453 3418 4493 nomen
3450 4439 3573 4490 illud
3603 4449 3710 4491 ter-

452 4497 703 4582 ιιιεειῖιει
728 4497 903 4579 Lege,
917 4507 960 4563 si
987 4497 1191 4582 placet,
1211 4504 1269 4560 S.
1298 4506 1534 4561 Zenonis
1553 4507 1649 4562 lib.
1682 4523 1721 4573 ι,
1754 4517 1911 4561 tract.
1941 4509 2023 4571 l6,
2059 4497 2104 4552 0
2135 4497 2222 4582 ιιῖε
2257 4511 2426 4578 partis
2443 4497 2820 4582 'uTestamenti
2843 4497 3076 4582 (Ve-teris
3110 4510 3381 4578 proprium
3437 4508 3704 4582 videatur,

490 4595 574 4633 a2.
611 4577 730 4633 120.

452 4595 985 4717 υῃῗέθῖζχίειιοιείεε.
1022 4645 1264 4717 Primum
1293 4645 1772 4717 Metaphyricorum
1821 4643 2022 4717 librum

453 4713 831 4787 sic'exorditur
863 4718 1210 4786 philosophus
1231 4715 1488 4787 Stagirita
1511 4713 1536 4767 ξ
1565 4715 1776 4787 Πάντες
1811 4713 2025 4787 ἀνθρω-

453 4786 665 4859 ποιᾼτοῦ
695 4784 891 4859 εἰδέναι
920 4787 1215 4859 ὀρέγονταιέ
1239 4784 1434 4859 φύσει·
1479 4787 1723 4859 σημεῖονῌ
1753 4784 1798 4837 δ’
1831 4787 1864 4856 ἡ
1916 4784 2024 4859 τῶν

456 4855 756 4927 αἰσθήσεων
788 4854 1088 4927 ἀγάπησις.
1120 4857 1252 4927 Καὶ.
1285 4858 1411 4927 γὰρ
1443 4857 1617 4926 χωρὶς
1652 4854 2021 4927 τῆςηχρείας.

455 4923 773 4996 ἀγαπῶνται
812 4923 880 4978 δι’
913 4923 1130 4989 ἑαυτὰς,
1172 4925 1266 4978 καὶ
1323 4923 1552 4996 μάλιστά
1608 4923 1725 4977 τῶν
1761 4923 1936 4996 ἄλλων
1989 4927 2025 4994 ἡ

453 4994 1112 5066 διάᾼτῶνγόμμάτωνηού
1153 4995 1261 5066 γὰρ
1325 4994 1484 5066 μόνον
1532 4996 1628 5066 ἵνα
1671 4995 2020 5066 πράττωμεν,

457 5064 592 5136 ἀλλά
628 5065 733 5136 και
754 5064 927 5135 μηθὲν
967 5064 1248 5136 μέλλοντες
1272 5065 1566 5136 πράττειν,
1585 5065 1645 5136 τὺ
1673 5065 1810 5136 όρᾷν
1839 5064 2025 5136 αἱρού-

457 5133 599 5255 ἔεθα
631 5119 1020 5200 ἀντὶ’π’άντωῖι,
1055 5136 1130 5198 ὡς
1157 5119 1348 5199 εἰπεῖν,
1383 5136 1488 5186 τῶν
1522 5119 1720 5188 ἄλλωνί
1747 5119 1924 5188 Ᾰῖτιον
1954 5135 2019 5193 δ’,

490 5221 538 5255 τι
569 5203 798 5255 μάλιστα
826 5207 969 5255 ποιεῖ
995 5203 1280 5255 γνωρίζειν
1307 5222 1358 5255 τι
1405 5206 1551 5255 ἡμᾶς
1596 5205 1734 5255 αὕτη
1783 5205 1890 5255 τῶν
1939 5207 2019 5255 ai-

490 5221 548 5276 τι
569 5203 811 5276 μάλιστα.
826 5207 969 5255 ποιεῖ
995 5203 1280 5276 γνωρίζειν
1307 5222 1358 5257 τι
1405 5206 1551 5274 ἡμᾶς
1596 5205 1734 5276 αὕτη
1783 5205 1890 5257 τῶν
1929 5207 2024 5276 καί-

458 5273 725 5342 σθήσεων.
781 5274 910 5340 Qua:
940 5276 1018 5328 sic
1041 5273 1201 5327 vertit
1235 5273 1514 5327 Bessarmu
1542 5293 1552 5328 :
1625 5293 1643 5324 ι
1670 5273 1871 5329 Oinnes
1926 5275 2023 5327 ho-

460 5345 634 5396 mines
665 5353 870 5412 natura
897 5343 1038 5397 scire
1063 5343 1390 5396 desiderant.
1438 5345 1660 5412 Signum
1708 5354 1888 5398 autem
1939 5355 2024 5398 est

422 5422 427 5428 '
457 5428 711 5466 sensuum
741 5413 954 5465 dilectio
982 5431 995 5466 :
1032 5429 1153 5465 nam
1187 5421 1240 5463 et
1283 5411 1486 5480 absque
1508 5411 1631 5466 iusu
1699 5424 1921 5480 propter
1965 5429 2023 5467 se

460 5482 605 5549 ipsos
630 5491 903 5534 amantur.
933 5480 1050 5535 Prae
1081 5481 1290 5534 czeteris
1315 5493 1514 5544 autem,
1545 5483 1633 5550 qui
1682 5498 1775 5550 per
1835 5482 2023 5537 oculos

461 5552 557 5605 ﬁt:
599 5567 704 5605 non
736 5553 878 5604 enim
909 5561 966 5603 ut
991 5564 1212 5620 agamus
1240 5552 1437 5620 solum,
1493 5566 1678 5604 verum
1731 5551 1894 5605 etiam
1951 5554 2024 5606 nil

460 5621 654 5684 acturi,
685 5623 857 5690 ipsum
888 5619 1071 5674 videre
1108 5634 1218 5685 pra:
1269 5619 1522 5672 omnibus
1573 5619 1694 5673 aliis
1751 5621 2019 5690 eligimus.

461 5691 632 5745 Causa
687 5701 862 5744 autem
907 5701 1010 5754 est,
1041 5691 1182 5758 quod
1212 5702 1466 5741 sensuum
1516 5690 1603 5745 hic
1663 5690 1746 5746 vel
1793 5693 2024 5746 maxime

467 5774 565 5814 nos
587 5775 911 5831 cognoscere
945 5761 1032 5829 qui
1049 5763 1234 5829 lquam
1259 5758 1404 5812 facit.
1419 5773 1438 5808 ι

1625 5293 1643 5324 ι
1670 5275 1871 5329 Omnes

2130 4579 2306 4647 Cujus,
2355 4588 2413 4631 ut
2458 4579 2788 4649 Epiphanius
2842 4580 3030 4633 hatresi
3070 4595 3220 4645 xm,
3281 4593 3398 4649 cap.
3445 4579 3497 4641 7,
3543 4587 3709 4649 testa-

2133 4660 2242 4712 tur,
2279 4658 2391 4701 tres
2424 4647 2538 4702 ista:
2564 4647 3007 4703 numerabantur
3028 4661 3230 4716 partes,
3271 4647 3455 4716 νόμος,
3499 4647 3708 4716 προφῆ-

2128 4734 2238 4779 ται,
2262 4729 2316 4840 ct
2346 4721 2604 4788 γραφεῖα,
2650 4719 2700 4772 id
2731 4729 2809 4772 est
2871 4738 2890 4770 ι
2935 4719 3039 4781 lex,
3087 4717 3381 4787 prophetis,
3437 4731 3493 4772 et
3525 4719 3712 4788 hagno—

2128 4803 2257 4840 nran
2282 4803 2350 4840 ia.
2387 4808 2405 4839 ι

2166 4803 2350 4854 rapna.
2387 4808 2405 4839 ι

2127 4803 2350 4857 grapna.
2387 4808 2405 4839 ι

2199 4855 2311 4926 (8‘2)
2347 4857 2466 4912 Non
2492 4868 2590 4912 est.
2620 4858 2788 4926 Epist.
2811 4857 2996 4912 Jacob.
3027 4872 3114 4918 ιιι,
3149 4856 3238 4926 l5.

2201 4925 2310 4997 (8'5)
2337 4927 2470 4992 Quae
2495 4925 2875 4982 enim.'lbidem
2912 4926 3163 4997 vers.l7.
3199 4925 3385 4980 Graeca
3413 4926 3578 4980 editio
3609 4927 3708 4977 ha-

2130 4995 2262 5050 bet:
2305 4997 2366 5050 Ἥ
2395 4997 2452 5052 δὲ
2500 4998 2727 5061 ἀνωθεν,
2773 4999 2823 5051 id
2871 5009 2953 5052 εει
2983 5015 3002 5048 ι
3033 4996 3163 5062 Quae
3201 5008 3378 5050 autem
3419 4997 3700 5050 desursum

2127 5077 2230 5119 est.
2271 5085 2289 5118 ι

2199 5136 2312 5210 (84)
2346 5136 2798 5210 Ρασὶῇεηηὸἰιιιίιι
2842 5137 3062 5201 habent,
3091 5135 3286 5191 ἔπειτα
3323 5135 3594 5206 εἰρηνική,
3655 5136 3706 5188 id

2127 5218 2210 5260 est
2242 5225 2260 5255 ι
2298 5209 2488 5276 deinde
2513 5209 2759 5276 paeilica.
2794 5226 2811 5258 ι

2199 5277 2310 5348 (85)
2343 5274 2627 5348 Fructibus
2659 5293 2870 5348 operum
2895 5275 3171 5329 bonorum.
3209 5276 3393 5330 Graeca
3421 5277 3585 5331 editio
3614 5291 3708 5328 ca-

2127 5346 2394 5418 ret_v00e,
2435 5346 2632 5418 ἔργων,
2659 5347 2718 5418 id
2752 5357 2833 5399 cst
2873 5363 2891 5396 r
2921 5361 3165 5418 operum.
3207 5366 3225 5397 ι
3267 5351 3597 5418 Quain_eum
3645 5362 3711 5396 ne

2127 5415 2390 5538 IVulgatus
2418 5414 2634 5484 quidem
2657 5416 2924 5484 interpres
2952 5415 3164 5484 legerit,
3186 5422 3368 5483 vertit,
3397 5435 3414 5468 ι
3448 5414 3710 5470 fruct.bus

2149 5502 2302 5538 tollis.
2335 5505 2353 5536 ι

2149 5502 2302 5538 ιυιιιε.
2335 5505 2353 5536 ι

2202 5556 2312 5624 (86)
2364 5554 2640 5618 Stabilem,
2696 5563 2801 5608 etc.
2855 5552 3028 5608 Simili
3082 5554 3196 5608 fere
3249 5555 3406 5608 modo
3457 5553 3710 5624 διψύχους

2129 5625 2505 5693 interpretatur
2533 5625 2783 5678 Clemens
2829 5625 2879 5677 in
2935 5627 3109 5692 primo
3143 5624 3465 5679 Stromulum
3490 5641 3559 5680 ex
3595 5624 3706 5674 Puo

2127 5698 2292 5748 storis
2330 5695 2488 5755 libro,
2524 5695 2572 5746 id
2595 5703 2676 5746 est
2708 5711 2728 5744 ‹
2767 5696 3048 5760 ancipites,
3083 5711 3146 5748 ac
3183 5697 3390 5748 dubios.
3439 5713 3458 5746 ι

2205 5765 2316 5835 (87)
2340 5763 2786 5834 Appropinquale.
2806 5766 2976 5834 Epist.
2994 5763 3180 5820 Jacob.
3203 5780 3276 5832 ιν,
3300 5765 3358 5822 8.
