4056 6416
432 406 540 464 777

1504 408 1594 464 DE
1633 408 2013 468 TRINITATE
2051 411 2257 469 LIBER
2297 411 2617 470 TERTIUS.

3609 424 3715 487 778

433 522 604 579 οὐδὲν
633 522 692 579 δὲ
749 517 910 596 ἧττον
938 526 1033 580 καὶ
1067 526 1272 598 Πέτρος
1297 526 1585 594 διδάσκων,
1609 529 1772 585 πόθεν
1803 532 2001 606 ἀπαθὴς

2126 538 2289 592 etiam
2315 553 2433 602 eos,
2465 554 2694 610 quorum
2726 540 2907 597 anima
2936 540 3053 597 zelo
3085 543 3301 605 incensa
3344 548 3547 605 malum
3572 550 3706 617 odit,

431 615 773 689 τυγχάνουσα
805 616 976 690 ψυχὴ,
1032 618 1219 673 παθῶν
1270 619 1555 686 ἀνάπλεώς
1598 639 1729 676 ποτε
1783 623 2016 693 γίνεται,

432 709 781 782 ἐπιστρέφων
835 709 893 763 δὲ
932 712 1013 776 είς
1040 710 1101 765 τὸ
1138 712 1496 785 μνημονεύειν
1529 714 1628 786 τῆς
1665 715 2020 784 ἀποϐιώσεως

430 802 613 874 ἡμῶν,
670 801 932 876 ἔγραφεν·
996 822 1016 856 ι
1076 805 1373 878 ’Δπέχεσθε
1416 806 1525 861 ἀπὸ
1570 807 1682 863 τῶν
1740 812 2018 882 σαρκικῶν

432 892 758 965 ἐπιθυμιῶν,
784 895 984 961 αἵτινες
1025 896 1409 969 στρατεύονται
1462 897 1604 954 κατὰ
1635 900 1735 973 τῆς
1760 900 1954 974 ψυχῆς.
1995 923 2013 956 ι

430 984 543 1038 Καὶ
569 982 822 1055 Σολομὼν
853 984 911 1039 δὲ
954 988 983 1041 ὁ
1037 987 1132 1041 τοῦ
1186 989 1352 1043 Δαυῒδ
1403 1006 1588 1061 φησιν·
1626 1007 1645 1040 ι
1684 990 1895 1065 Ὠσπερ
1920 992 2019 1065 οὐχ

429 1075 592 1144 ὅμοια
622 1076 889 1149 πρόσωπα
920 1077 1244 1151 ἀνθρώπων,
1263 1079 1436 1147 οὕτως
1465 1082 1586 1137 οὐδὲ
1603 1083 1656 1136 αί
1677 1083 1895 1155 καρδίαι
1910 1084 2020 1138 τῶν

431 1168 734 1240 ἀνθρώπων
786 1173 908 1235 ταῖς
945 1172 1196 1244 καρδίαις
1249 1174 1457 1246 ὅμοιαι.
1493 1193 1512 1226 ι
1564 1173 1790 1229 ’Υπεισι
1829 1175 1888 1230 δέ
1954 1194 2019 1249 με

430 1263 526 1316 καὶ
560 1264 625 1317 ὲκ
653 1263 762 1319 τῶν
786 1266 880 1319 τοῦ
922 1266 1160 1338 μεγάλου
1195 1266 1506 1339 ἁθληφόρου
1574 1269 1809 1337 Παύλου,
1874 1270 2017 1345 ἅπερ

430 1353 616 1427 τοιῷδε
644 1356 829 1429 τρόπῳ
860 1358 1170 1433 ἀνείρηκενο
1208 1363 1492 1434 «Ψυχικὸς
1529 1363 1585 1417 δὲ
1637 1364 1922 1439 ἄνθρωπος
1957 1367 2017 1419 οὐ

431 1447 647 1518 δέχεται
673 1450 740 1503 τὰ
767 1450 861 1504 τοῦ
910 1452 1228 1524 Πνεύματος
1252 1454 1346 1509 τοῦ
1380 1454 1539 1509 Θεοῦ·
1580 1456 1707 1529 [146
1735 1457 1788 1531 b]
1835 1460 2016 1531 μωρία

432 1541 540 1612 γὰρ
568 1540 717 1613 αὐτῷ
759 1543 927 1598 ἐστιν·
966 1563 985 1596 ι
1023 1546 1117 1598 καὶ
1148 1545 1330 1600 πάλιν·
1371 1566 1391 1599 ι
1445 1548 1503 1602 '0
1525 1548 1583 1603 δὲ
1641 1550 2011 1622 πνευματικὸς

430 1631 711 1703 ἀνακρίνει
742 1633 843 1705 μὲν
873 1634 1102 1700 πάντας.
1138 1635 1301 1703 αὐτὸς
1325 1636 1383 1691 δὲ
1422 1638 1514 1695 ὑπ’
1550 1640 1766 1706 οὐδενὸς
1787 1641 2015 1715 ἀνακρί-

429 1740 599 1778 νεται.
634 1744 654 1777 ι

2129 633 2330 703 quique
2362 634 2414 688 in
2442 634 2660 689 virtutis
2690 650 2863 704 agone
2912 645 3189 693 certantes
3219 639 3451 709 palmam
3510 641 3709 699 retulc~

2129 739 2274 793 runt,
2335 737 2389 782 et
2431 743 2570 796 quos
2629 727 2777 782 nulla
2826 728 2964 797 fugit
3018 745 3082 785 ex
3125 732 3288 789 rebus
3347 733 3711 795 aestimatione

2126 818 2336 887 dignis,
2375 818 2523 875 hisce
2549 818 2682 890 ipsis
2706 819 2889 874 verbis
2922 821 3218 893 alloquitur
3240 863 3257 890 ,
3298 834 3357 880 ut
3396 824 3702 889 hominum,

2126 913 2216 981 qui
2269 911 2350 967 eis
2414 912 2619 969 similes
2666 929 2770 967 non
2830 926 2981 981 sunt,
3050 915 3526 988 intemperantiam
3553 932 3713 975 coer-

2126 1012 2319 1068 ceant,
2360 1011 2413 1056 et
2439 1002 2575 1059 alios
2611 1002 2776 1057 etiam
2807 999 3075 1060 benorum
3100 1046 3118 1073 ,
3164 1021 3285 1077 qme
3336 1006 3439 1079 ipsi
3484 1006 3709 1075 habent,

2132 1093 2427 1165 participes
2466 1093 2667 1149 faciant
2702 1111 2716 1149 :
2755 1111 2774 1145 ι
2809 1092 3029 1151 Fratres
3054 1095 3166 1169 (88)
3189 1137 3204 1161 ,
3236 1097 3452 1168 inquit,
3510 1096 3554 1169 si
3586 1098 3710 1168 quis

2129 1186 2267 1256 apud
2297 1200 2395 1241 vos
2441 1186 2708 1241 erraverit
2752 1202 2782 1240 a
2833 1186 3087 1254 veritate,
3131 1195 3185 1243 et
3216 1189 3550 1245 converterit
3581 1189 3710 1263 quis

2126 1293 2272 1338 eum,
2323 1275 2480 1344 sciat,
2518 1278 2659 1347 quod
2709 1277 2802 1347 qui
2859 1281 3194 1333 converterit
3239 1289 3581 1350 peccatorem
3636 1279 3707 1334 ab

2126 1352 2311 1420 errore
2370 1365 2472 1421 viae
2525 1364 2665 1438 ejus,
2726 1364 2958 1420 salvabit
2999 1366 3235 1423 animam
3271 1367 3442 1436 ipsius
3496 1368 3608 1442 (89)
3672 1382 3704 1422 a

2125 1469 2299 1511 morte
2320 1497 2334 1519 ,
2362 1467 2413 1510 et
2442 1457 2654 1526 aperiet
2687 1456 3098 1512 multitudinem
3135 1468 3502 1528 peccatorum.
3548 1479 3567 1512 ι
3606 1458 3706 1513 Pa-

2123 1549 2165 1603 ri
2205 1550 2364 1604 modo
2396 1546 2593 1603 Petrus
2640 1562 2856 1621 quoque
2898 1562 2997 1607 nos
3047 1548 3247 1604 docens
3273 1589 3288 1615 ,
3350 1564 3585 1621 quanam
3623 1568 3693 1606 ex

2128 1654 2291 1694 causa
2324 1639 2438 1712 (90)
2480 1639 2657 1695 anima
2693 1653 2815 1693 cum
2853 1639 2922 1694 sit
2956 1639 3305 1709 impassibilis
3331 1683 3348 1708 ,
3383 1642 3701 1713 passionum

2123 1741 2308 1787 tamen
2347 1732 2506 1802 plena
2548 1730 2838 1801 aliquando
2881 1730 3129 1797 exsistat,
3178 1741 3234 1787 et
3288 1748 3386 1802 per
3405 1735 3698 1805 quamdam

432 1819 594 1874 veluti
625 1821 1016 1890 digressionem
1046 1822 1325 1878 interitum
1361 1833 1606 1880 nostrum
1636 1823 1750 1897 (9i)
1776 1840 2230 1890 commemorans,
2263 1826 2378 1882 haec
2453 1825 2710 1895 scripsit:
2748 1842 2767 1876 ι
2814 1826 3097 1880 Abstinete
3123 1823 3238 1898 (92)
3290 1842 3385 1882 vos
3431 1842 3461 1882 a
3498 1843 3696 1884 carna-

429 1907 569 1967 libus
608 1914 913 1982 desideriis,
943 1916 1108 1989 316
1155 1932 1276 1987 quae
1323 1917 1557 1972 militant
1594 1917 1855 1973 adversus
1884 1899 2141 1973 animam.
2168 1938 2186 1970 ι
2213 1917 2436 1972 Davidis
2498 1932 2625 1972 vero
2656 1917 2797 1971 filius
2860 1916 3119 2005 Salomon
3179 1918 3291 1972 ait:
3320 1936 3339 1970 ι
3374 1918 3528 1975 Sicut
3582 1920 3699 1995 (95)

428 2021 536 2062 ιιλιιι
567 2016 693 2062 sunt
744 2008 949 2065 similes
982 2010 1165 2065 vultus
1216 2011 1494 2064 hominum
1521 2051 1538 2076 ,
1578 2011 1651 2066 ita
1692 2026 1794 2067 nec
1870 2010 2035 2066 corda
2077 2011 2361 2065 hominum
2394 2009 2650 2065 cordibus
2700 2009 2922 2065 similia.
2968 2027 2988 2062 ι
3041 2009 3121 2065 Ex
3189 2010 3274 2065 his
3339 2024 3466 2066 Vero
3501 2012 3695 2082 etiam,

428 2116 549 2170 quae
596 2115 819 2168 magnus
854 2141 870 2168 ,
906 2101 1249 2171 invictusque
1279 2101 1483 2156 athleta
1516 2101 1712 2158 Paulus
1757 2102 2102 2172 conscripsit,
2139 2116 2199 2156 ea
2230 2100 2362 2155 mihi
2410 2101 2462 2155 in
2501 2109 2739 2156 mentem
2794 2100 3052 2167 veniunt,
3118 2115 3239 2171 quae
3307 2102 3389 2158 sic
3448 2105 3699 2174 promule

427 2193 615 2263 gavit:
667 2210 687 2244 ι
731 2175 996 2247 Αιιίιίἶοιίε
1038 2189 1150 2263 (94)
1215 2198 1397 2246 autem
1448 2190 1614 2246 homo
1653 2208 1761 2248 non
1819 2191 2011 2260 recipit
2048 2205 2112 2244 ea
2136 2205 2255 2258 qua:
2280 2200 2405 2244 sunt
2428 2188 2665 2259 Spiritus
2685 2188 2820 2257 Dei;
2854 2189 3079 2244 stultitia
3110 2189 3255 2245 enim
3315 2190 3415 2262 ipsi
3473 2205 3639 2264 sunt;
3668 2213 3691 2249 ι

425 2296 482 2341 et
516 2299 700 2339 rursus
732 2301 745 2339 :
784 2301 804 2336 ι
850 2282 1123 2354 Spiritalis
1174 2282 1288 2355 (95)
1319 2292 1500 2338 autem
1528 2284 1736 2355 judicat
1778 2285 1999 2355 quidem
2032 2298 2244 2349 omnes,
2268 2283 2385 2351 ipse
2406 2296 2536 2337 vero
2559 2296 2587 2336 a
2623 2283 2839 2337 nemine
2871 2280 3204 2350 iudicatur.»

510 2380 648 2433 Ἀλλ’
678 2380 813 2452 ὅπερ
850 2379 949 2452 μὲν
982 2379 1188 2449 ἔλεγον,
1232 2381 1265 2451 ἡ
1309 2380 1628 2453 προαίρεσις
1656 2379 1795 2452 α’ύτη
1823 2379 1918 2434 καὶ
1949 2380 2001 2434 τὸ

2183 2377 2312 2440 Sed.
2357 2387 2413 2432 ut
2447 2377 2606 2432 modo
2654 2365 2932 2443 dicebam,
2971 2376 3163 2431 istbaec
3200 2374 3314 2448 (96)
3346 2377 3562 2446 quidem
3593 2394 3695 2434 vo-

427 2472 588 2545 σῶμα
620 2473 879 2537 πολλάκις
929 2471 1214 2527 καθέλκειν
1242 2472 1334 2526 ἐπὶ
1356 2474 1425 2526 τὰ
1454 2472 1601 2544 πάθη
1638 2472 1849 2543 πέφυκε
1909 2472 2001 2545 τὴν

2110 2468 2253 2525 lendi
2278 2467 2619 2538 eligendique
2657 2464 2889 2521 facultas
2914 2473 2969 2520 et
2998 2479 3219 2535 corpus,
3257 2479 3400 2534 saepe
3453 2466 3693 2522 animam

424 2561 622 2637 ψυχήν·
653 2565 782 2618 ποτὲ
807 2564 865 2618 δὲ
894 2565 989 2618 καὶ
1015 2563 1377 2636 συνεισφέρει,
1397 2563 1536 2636 αὐτῇ
1577 2581 1720 2636 φημι
1750 2566 1815 2635 τῇ
1838 2563 2001 2635 ψυχῇ,

2110 2573 2327 2632 quoque
2364 2559 2618 2614 deorsum
2673 2556 2928 2621 trahere,
2968 2562 3022 2611 et
3078 2555 3147 2609 ad
3198 2555 3478 2624 passiones
3528 2556 3689 2611 incli-

424 2656 604 2728 ἀγαθά
627 2657 724 2711 οὐκ
753 2655 929 2725 ὀλίγα·
974 2654 1034 2708 τὸ
1063 2654 1162 2726 μὲν
1208 2654 1388 2727 σῶμα,
1432 2656 1533 2730 τὴν
1565 2658 1677 2710 τῶν
1732 2655 2001 2728 αἰσθητῶν

2110 2664 2239 2706 nare
2286 2655 2720 2715 consueverunt;
2784 2645 3072 2716 aliquando
3112 2653 3292 2701 tamen
3336 2647 3500 2701 etiam
3553 2647 3693 2704 bona

424 2748 625 2820 γνῶσιν
655 2748 751 2802 καὶ
787 2747 887 2819 τὴν
931 2746 1097 2819 ἄλλην
1124 2747 1452 2820 ὑπηρεσίαν’
1505 2751 1540 2820 ὴ
1591 2750 1649 2803 δὲ
1686 2749 2001 2823 προαίρεσις

2110 2742 2403 2811 important
2434 2738 2536 2808 ipsi
2585 2738 2779 2792 anima:
2809 2751 2920 2792 non
2955 2736 3281 2805 mediocria;
3328 2751 3524 2809 nempe
3563 2754 3690 2795 cor-

424 2840 613 2910 αὐτῆς,
667 2838 764 2910 τὴν
790 2838 899 2893 ἀπὸ
916 2838 1014 2910 τῆς
1034 2838 1321 2902 εὐϐουλίας
1349 2840 1444 2893 καὶ
1479 2837 1790 2912 ὀρθοδοξίας
1826 2857 2006 2911 μακα-

426 2933 669 3004 ριότητω
699 2930 887 3002 ὥσπερ
918 2930 1079 2985 πάλιν
1129 2929 1354 3002 ἡψυχὴ,
1385 2932 1514 2985 ὅταν
1537 2926 1595 2984 εὖ
1626 2932 1693 3003 ζῇ
1729 2932 1868 3003 μετά
1902 2930 2007 2984 σώ-

426 3042 613 3097 ματος,
643 3024 735 3078 καὶ
760 3025 1098 3095 κατακρατῇ,
1128 3023 1223 3076 καὶ
1256 3024 1393 3096 πρὸς
1419 3023 1551 3077 Θεὸν
1584 3023 1999 3097 ὲπιστρέφηται,

421 3116 643 3172 καὶτῶν
681 3114 846 3170 αὑτοῦ
881 3114 1184 3187 πληροῦται
1212 3116 1476 3186 νοήσεων,
1512 3116 1731 3170 πλείονα
1769 3117 1865 3171 καὶ
1910 3134 2002 3170 σε-

423 3210 659 3283 μνότερα
689 3210 923 3264 δίδωσιν.
977 3209 1051 3261 Τὸ
1095 3208 1194 3281 μὲν
1231 3210 1341 3281 γὰρ
1373 3210 1581 3281 γήινον,
1631 3210 1840 3276 ἀπαθὲς
1890 3206 2002 3264 οἷον

418 3301 741 3372 ἀποφαίνειν
782 3299 1091 3366 σπουδάζει,
1129 3300 1411 3372 κοσμοῦσα
1466 3302 1598 3356 αὐτὸ
1650 3302 1855 3376 ἱδρῶτι,
1906 3304 2001 3359 καὶ
2040 3338 2043 3341 ›

419 3394 706 3479 καρτερίᾳ,
740 3393 835 3447 καὶ
874 3394 1039 3447 πᾶσιν
1061 3394 1173 3457 τοῖς
1215 3392 1275 3458 ἐξ
1305 3392 1509 3465 ἀρετῆς
1532 3393 1736 3459 πόνοις,
1768 3395 1862 3449 καὶ
1887 3395 2001 3449 δια-

419 3483 759 3553 κυϐερνῶσα,
795 3481 890 3534 καὶ
931 3480 1020 3535 διὰ
1047 3481 1147 3552 τῆς
1182 3480 1291 3534 τῶν
1327 3480 1594 3550 ἀλγεινῶν
1633 3482 1849 3554 πείρας,
1906 3483 2000 3538 ἐπὶ

418 3575 509 3647 τὴι
564 3573 792 3644 θεοσεϐῆ
818 3571 960 3644 ζωὴν
1000 3570 1379 3642 ἀνεγείρουσαυ
1410 3571 1509 3644 τὴν
1548 3570 1606 3625 δὲ
1639 3571 1775 3627 ἰδίαν
1806 3574 1999 3645 προαί-

424 3683 590 3736 ρεσιν,
626 3666 720 3718 καὶ
756 3663 857 3735 τὴν
886 3663 1089 3730 πίστιν,
1124 3660 1423 3717 ἄπταιστον
1445 3664 1749 3737 διακρατεϊ,
1788 3666 1994 3719 καὶτὸν

2105 2845 2205 2899 pus
2228 2829 2471 2900 quidem,
2521 2827 2804 2883 sensilium
2836 2825 3226 2897 cognitionem,
3267 2834 3325 2880 et
3361 2825 3528 2882 alium
3560 2842 3684 2883 om-

2105 2937 2229 2977 nem
2274 2919 2626 2983 famulatum,
2675 2932 2837 2988 quem
2880 2928 3099 2987 praeStat
3138 2918 3382 2985 auimze;
3446 2918 3688 2991 eligendi

2105 3028 2235 3068 vero
2263 3012 2527 3079 facultas,
2578 3024 2699 3081 qua:
2730 3010 2829 3081 ipsi
2881 3009 3076 3065 animae
3136 3010 3317 3077 inest,
3374 3010 3686 3067 felicitatem

2105 3105 2252 3161 illam
2287 3146 2303 3172 ,
2364 3118 2481 3174 quin
2513 3117 2580 3158 ex
2628 3116 2759 3157 sana
2825 3100 3213 3157 deliberatione
3289 3112 3345 3156 et
3380 3117 3446 3157 ex
3492 3104 3685 3159 ortho-

2107 3198 2267 3253 doxia
2302 3198 2600 3253 derivatur.
2629 3196 2708 3251 Ac
2734 3194 2979 3250 vicissim
3019 3191 3198 3248 anima
3243 3193 3295 3251 si
3338 3204 3485 3250 recte
3537 3194 3687 3249 vixe-

2101 3292 2174 3346 rit
2205 3305 2327 3345 cum
2358 3304 2610 3360 corpore,
2644 3295 2700 3344 et
2731 3286 2858 3342 illud
2890 3284 2991 3340 sibi
3014 3285 3416 3355 obtemperans,
3450 3300 3515 3341 ac
3544 3287 3685 3341 sub-

2094 3383 2305 3455 jectum
2345 3392 2547 3449 teneat,
2585 3388 2641 3436 et
2669 3381 2737 3435 ad
2762 3379 2932 3435 Deum
2973 3386 3338 3445 convertatur,
3385 3389 3439 3434 et
3469 3379 3561 3434 Dei
3598 3394 3687 3436 co-

2100 3474 2451 3544 gitationibus
2483 3474 2793 3542 impleatur,
2820 3471 2972 3541 plura
3008 3479 3063 3526 et
3091 3470 3400 3537 augustiora
3433 3474 3635 3541 prmbet
3662 3489 3679 3528 :

2101 3584 2223 3623 nam
2248 3567 2392 3638 quod
2445 3575 2716 3622 terrenum
2758 3574 2860 3631 est,
2894 3564 2947 3617 id
2991 3578 3054 3618 ea
3083 3562 3309 3618 reddere
3341 3564 3531 3618 nititur
3558 3564 3681 3619 vel-

2100 3661 2177 3715 uti
2225 3659 2495 3730 passionis
2540 3672 2758 3730 expers,
2798 3657 2996 3711 sudore
3024 3655 3153 3710 illud
3184 3669 3250 3710 ac
3279 3655 3595 3723 tolerantia,
3622 3665 3680 3713 et

417 3756 704 3829 ἄνθρωπον
740 3757 880 3829 ὑπὲρ
929 3754 1218 3828 ἄνθρωπον
1252 3758 1419 3823 ποιεῖ,
1455 3755 1640 3811 πίστει
1684 3756 1779 3810 καὶ
1820 3756 2000 3827 λόγοις

2110 3752 2379 3817 omnibus,
2431 3766 2568 3821 quos
2618 3750 2843 3805 virtutis
2872 3763 3033 3804 causa
3082 3748 3336 3815 sustinet,
3402 3748 3682 3806 laboribus

418 3850 579 3904 αὖτ’δν
603 3851 684 3914 εἰς
740 3847 801 3902 τὸ
836 3847 1033 3920 σεμνὸν
1090 3845 1519 3920 προϐιϐἀζουσα,
1565 3848 1662 3903 καὶ
1705 3848 1842 3921 πρὸς
1890 3852 2003 3903 ἱκε-

420 3944 540 3997 σίαν
578 3943 677 4013 τῆς
707 3943 938 4015 Τριάδος
988 3943 1255 4014 ῥέπουσα,
1301 3943 1396 3996 καὶ
1442 3941 1649 4015 τροφὴν
1701 3943 1999 4018 ποιουμένη

416 4034 517 4105 τὴν
543 4034 651 4089 ἀπὸ
693 4034 899 4088 τούτων
931 4032 1220 4104 ὠφέλειαν.
1249 4034 1312 4087 Εἰ
1336 4033 1445 4106 γὰρ
1463 4033 1759 4106 νομιοῦμεν
1795 4034 1996 4107 ψυχὴν,

419 4126 741 4199 κοσμεῖσθαι
766 4128 860 4181 καὶ
883 4125 1181 4201 τρέφεσθαι
1206 4126 1308 4180 οὐκ
1344 4126 1549 4194 ἄλλοις,
1603 4126 1773 4199 ἀλλ’ἢ
1816 4127 1998 4196 λόγοις

415 4218 512 4271 καὶ
539 4217 719 4272 πίστει
755 4217 1017 4287 πέφυκεν.
1068 4215 1362 4288 Ἀνθρὼπῳ
1386 4216 1495 4289 γὰρ
1523 4217 1696 4290 τροφὴ
1727 4219 1915 4289 ἄμφω,
1953 4216 1990 4289 ἦ

415 4326 475 4363 τε
495 4310 558 4363 ὲκ
579 4309 678 4379 τῆς
708 4308 1003 4381 γεωργίας,
1026 4309 1061 4381 ἦ
1104 4326 1165 4363 τε
1199 4309 1263 4362 ὲκ
1290 4309 1399 4363 τῶν
1431 4308 1605 4379 λόγων
1642 4309 1739 4365 καὶ
1772 4310 1872 4381 τῆς
1898 4309 1988 4363 πί-

416 4417 605 4465 στεως
640 4400 754 4456 ἀλλ’
787 4402 822 4473 ἡ
854 4401 952 4472 μὲν
978 4401 1039 4454 τὸ
1064 4401 1223 4473 σῶμα
1246 4394 1385 4455 εἷναί
1413 4417 1472 4454 τε
1498 4400 1592 4455 καὶ
1641 4400 1905 4473 ἀντέχειν,
1955 4402 1989 4473 ἡ

411 4493 469 4546 δὲ
501 4496 617 4558 ταῖς
661 4493 860 4565 ψυχαῖς
910 4493 972 4547 τὸ
1005 4492 1206 4564 ἐτέρων
1238 4491 1489 4564 προέχειν
1518 4492 1752 4558 δίδωσιν,
1794 4493 1890 4547 καὶ
1904 4491 1991 4547 διὰ

413 4586 648 4651 πίστεως
682 4587 776 4639 καὶ
800 4586 974 4655 λόγων
997 4584 1091 4639 καὶ
1121 4587 1155 4656 ἡ
1187 4583 1322 4656 ἄλλη
1344 4584 1608 4657 σύμπασα
1632 4583 1994 4658 κατορθοῦται

413 4677 550 4748 ζωή.
590 4677 720 4751 [ΙΠ
743 4676 797 4751 a]
838 4679 1031 4750 Φωρᾷν
1075 4676 1252 4730 ἔνεστι
1289 4675 1459 4730 ταῦτα
1491 4677 1567 4748 μὴ
1600 4675 1775 4740 ἄλλως
1825 4674 1990 4747 ἔχειν,

409 4770 867 4843 ὲπιπορευόμενον
886 4769 965 4842 τῷ
991 4767 1088 4840 νῷ,
1129 4769 1205 4832 ὡς
1260 4767 1460 4824 αὐτίκα
1486 4767 1564 4839 τῷ
1596 4767 1824 4838 τοιούτῳ
1866 4769 1991 4820 ἐπι-

405 4861 612 4935 λάμπει
657 4861 752 4916 κα.)⁸
794 4862 1044 4930 συνεογεῖ
1079 4860 1108 4913 ὁ
1144 4857 1492 4930 ἐπιϐεϐηκὼς
1524 4860 1638 4923 τοῖς
1687 4858 1829 4923 ὅλοις
1859 4857 1990 4922 Υἱὸς

481 5082 593 5152 (88)
637 5082 878 5139 Fratres.
936 5082 1051 5138 Jac.
1115 5101 1170 5149 ν,

407 5150 663 5275 ιιιςόιπαβ
692 5155 821 5226 ὑμῖν
843 5155 1006 5211 habet
1038 5155 1097 5209 ὲν
1120 5156 1269 5227 ὑμῖν,
1294 5155 1344 5211 id
1369 5165 1455 5211 est
1476 5173 1499 5207 ι
1530 5154 1581 5209 in
1597 5153 1771 5218 vobis,
1797 5169 1817 5204 ι
1843 5150 1976 5215 sive,

412 5241 430 5273 ι
462 5238 510 5277 ιιι
537 5239 595 5277 er
612 5241 724 5280 vos.
756 5244 776 5277 ι

477 5315 585 5387 (89)
618 5314 812 5387 Ipsius.
859 5315 1018 5371 Deest
1040 5316 1156 5371 haec
1182 5332 1285 5370 vox
1310 5316 1362 5371 in
1391 5315 1597 5375 Grzecis
1618 5313 1831 5369 Bibliis.
1869 5312 1977 5369 Sed

404 5384 522 5439 eam
549 5386 673 5453 legit
702 5384 859 5455 Vulg.
882 5387 1169 5455 interpres,
1200 5396 1259 5440 ut
1287 5387 1567 5458 Didymus.

401 5477 583 5600 “(’90)
639 5478 886 5544 Quanam
950 5494 1015 5533 ea:
1077 5495 1227 5534 caua.
1283 5480 1487 5545 Codex,
1538 5477 1725 5532 ποθέν.
1790 5477 1958 5533 Leno.

407 5582 420 5598 ι
508 5565 584 5600 εν.

407 5565 584 5602 πουεν.

363 5648 377 5669 -'
471 5637 584 5706 (9|)
613 5637 891 5694 lutei-itum
920 5647 1175 5694 nostrum.
1208 5638 1370 5695 Libro
1400 5653 1613 5708 quoque
1654 5637 1731 5692 De
1773 5636 1866 5708 Sp.
1916 5635 1975 5693 S.

1238 5085 1304 5141 l9
1334 5092 1393 5140 et
1437 5082 1528 5138 20.
1579 5080 1766 5137 Grmca
1813 5077 1979 5136 editio
2020 5064 2064 5119 Ῑ)

2103 3858 2401 3909 exornans,
2430 3852 2485 3898 ct
2515 3844 2688 3910 ipsum
2750 3854 2945 3912 regens
2981 3854 3045 3895 ac
3110 3839 3421 3906 moderans,
3480 3850 3535 3895 et
3586 3856 3683 3911 per

2106 3937 2481 3994 molestiarum
2515 3936 2906 4005 dolorumque,
2952 3948 3089 4006 quos
3120 3934 3428 4006 experitur,
3463 3949 3682 4006 perpes-

2098 4031 2332 4094 sionem,
2379 4029 2447 4082 ad
2481 4029 2791 4098 religiosam
2834 4041 2898 4082 ac
2936 4028 3077 4097 piam
3118 4027 3286 4080 vitam
3334 4025 3464 4082 illud
3526 4029 3678 4082 emti-

2099 4132 2241 4187 taus,
2283 4136 2348 4175 ac
2395 4120 2562 4176 veluti
2618 4135 2831 4175 sursum
2883 4121 3099 4189 erigens
3142 4137 3156 4174 :
3202 4118 3476 4189 propriam
3545 4133 3676 4174 vero

2098 4214 2431 4268 voluntatem
2474 4213 2576 4269 sibi
2631 4211 2928 4280 subiectam
2958 4219 3123 4276 tenet,
3161 4226 3227 4266 ac
3278 4211 3435 4266 fidem
3495 4220 3679 4269 servat

2101 4303 2468 4375 inculpatam,
2487 4314 2542 4358 et
2562 4302 2834 4360 hominem
2857 4318 3020 4373 supra
3034 4304 3305 4359 hominem
3330 4302 3530 4371 evehit,
3572 4304 3677 4360 fide

2098 4405 2153 4450 et
2180 4395 2444 4451 doctrinis
2476 4410 2600 4451 eum
2632 4395 3003 4449 venerandum
3035 4393 3269 4449 reddens
3292 4435 3308 4461 ,
3344 4403 3399 4450 et
3436 4396 3502 4450 ad
3536 4411 3687 4468 sup-v

2097 4486 2407 4558 plicandum
2443 4485 2698 4541 Trinitati
2729 4500 2788 4540 se
2818 4483 3106 4553 inclinans,
3164 4492 3220 4538 et
3272 4485 3674 4557 adjumentum,

2092 4579 2235 4649 quod
2264 4595 2329 4635 ex
2377 4578 2530 4636 bisce
2578 4580 2743 4634 rebus
2794 4577 3046 4649 percipit,
3087 4592 3243 4633 suum
3276 4578 3438 4633 veluti
3491 4578 3672 4634 cibum

2093 4671 2337 4740 faciens;
2388 4687 2513 4727 nam
2550 4671 2597 4727 si
2629 4670 2866 4726 animam
2922 4680 3068 4725 recte
3116 4671 3490 4739 aestimemus;
3526 4672 3673 4727 nulla

2088 4764 2194 4820 alia
2227 4780 2286 4820 re
2330 4762 2515 4820 ornari
2570 4763 2684 4834 ipsa
2740 4776 2803 4818 ac
2842 4763 3035 4818 nutriri
3076 4772 3294 4835 potest,
3357 4778 3519 4834 quam
3577 4766 3676 4820 do¢

2090 4858 2265 4915 ctrina
2295 4866 2348 4914 et
2395 4857 2541 4912 ﬁde:
2567 4856 2773 4914 homini
2801 4857 2946 4912 enim
2977 4855 3135 4912 ambo
3169 4856 3284 4912 haec
3320 4857 3475 4914 cibus
3501 4868 3672 4925 sunt,

2164 5076 2276 5149 (92)
2302 5076 2588 5149 Abstinete.
2611 5072 2794 5149 IP_etr.
2838 5090 2901 5139 ιι,
2936 5074 3023 5130 Il.
3055 5072 3226 5131 Biblia
3258 5073 3482 5131 Graeca:
3534 5075 3670 5131 ’Δπ-
3736 5135 3742 5140 ,

2086 5144 2303 5221 έχεσθαι
2320 5146 2442 5221 τῶν
2466 5144 2766 5221 σαρκικῶν,
2784 5156 2890 5221 etc.

2160 5219 2272 5290 (95)
2308 5219 2479 5273 Sicut.
2542 5211 2667 5272 Haec
2701 5217 2799 5290 ΔἱιιΔ
2836 5214 3065 5290 Vulgata
3097 5214 3468 5290 translatione
3499 5211 3669 5290 ‘Lati-
3750 5269 3755 5274 Α

2086 5284 2294 5344 ηιιήοιι
2333 5297 2569 5349 exstant,
2621 5285 2715 5341 sed
2760 5284 2947 5339 (ἕτεραι
2982 5285 3148 5342 editio
3190 5301 3255 5340 ea
3288 5287 3447 5340 habet
3498 5287 3665 5340 Prov.
3703 5343 3707 5347 ,

2087 5375 2259 5428 xxvii,
2287 5357 2376 5422 19,
2405 5355 3023 5428 υιιίΑ-ΙεειιιιτμεῌὮσπερ
3064 5357 3165 5428 οὐχ
3183 5356 3347 5428 ὅμοια
3369 5356 3666 5428 πρόσωπα

2085 5427 2428 5502 προσώποις,
2466 5425 2639 5492 οὕτως
2696 5425 2818 5480 οὐδὲ
2854 5425 2912 5479 αἱ
2951 5425 3171 5497 καρδίαι
3207 5425 3317 5482 τῶν
3355 5425 3664 5498 ἀνθρώπων

2064 5500 2568 5639 ’ὃμῗὸῗῑἈηὶπιαίὶι
2603 5566 2763 5639 [COI-
2789 5582 2850 5634 "r
2880 5567 2969 5622 μ’
3180 5638 3199 5639 ~
3387 5596 3406 5607 .

2150 5632 2263 5709 (95)
2294 5640 2586 5709 Spirilalis.
2635 5632 2839 5693 Ibidem
2862 5653 3003 5693 vers.
3050 5637 3137 5693 15.
3160 5638 3347 5696 Graeca
3372 5632 3540 5693 editio
3564 5651 3663 5707 pro

406 5724 553 5761 num.
580 5708 670 5772 59,
709 5727 729 5759 ι
761 5712 952 5762 Carnis
984 5710 1267 5778 sapientia,
1292 5707 1485 5778 inquit,
1511 5707 1651 5763 illico
1677 5707 1847 5766 morte
1877 5709 1978 5761 sibi

2110 5707 2289 5774 εάντας
2321 5707 2482 5767 habet
2510 5707 2710 5769 πάντα,
2739 5709 2790 5761 id
2829 5717 2912 5764 est
2939 5726 2958 5760 ι
2990 5712 3193 5763 omnia.
3236 5727 3255 5761 ι

400 5780 624 5858 sociata,
652 5780 906 5833 interficit
931 5794 1043 5845 eos,
1072 5780 1162 5847 qui
1198 5779 1350 5847 juxta
1391 5793 1610 5836 carnem
1635 5781 1977 5852 gradiuntur,

398 5858 454 5902 et
488 5861 720 5919 sapiunt.

718 5943 987 6005 Pnaoa.
1035 5941 1152 6005 Gn.
1197 5942 1496 6005 XXXIX.

2150 5781 2263 5851 (96)
2290 5780 2502 5835 Isthwc.
2522 5779 2699 5851 codex
2724 5780 2841 5833 sine
2869 5780 3059 5851 spiritu
3108 5791 3282 5851 atque,
3296 5787 3540 5841 accentu,
3570 5793 3660 5833 αυ-

2079 5847 2168 5921 τηζ
2191 5847 2510 5922 ltaqnelege
2533 5847 2695 5920 αὕτη,
2731 5857 2824 5903 aut
2859 5850 3022 5917 αὖτίς,
3055 5860 3116 5903 ιιι
3148 5847 3339 5904 mavis.

3270 5941 3349 6001 ‘25
