4056 6390
407 359 526 418 Ἵΐθ
1663 353 1894 408 DIDYMI
1930 353 2406 409 ALEXANDRINI
3577 356 3685 413 780

420 480 616 547 nempe
657 488 780 530 cum
817 471 927 537 ille,
954 469 1046 540 qui
1077 484 1141 525 ex
1175 470 1526 542 agricultura,
1561 479 1670 526 tum
1699 473 1807 535 ille,
1833 471 1926 542 qui
1948 486 2006 526 ex

2119 471 2290 542 Λόγος
2323 471 2416 525 τοῦ
2463 469 2621 534 Θεοῦ,
2655 472 2684 524 6
2730 470 2955 543 μηδενὸς
3009 470 3142 541 μηδὲ
3179 469 3357 524 αὐτῶν
3386 470 3492 524 τῶν
3519 488 3690 526 κατα-

418 569 672 627 doctrina
694 577 749 624 et
773 566 879 620 ﬁde
903 573 1253 635 comparatur
1277 583 1288 618 :
1313 565 1408 620 sed
1434 565 1523 621 ille
1539 565 1756 634 quidem
1780 564 1997 633 corpori

2110 563 2446 634 φρονούντων
2488 561 2654 616 αὐτοῦ
2711 562 3094 633 καταφρονῶν,
3133 563 3162 614 6
3192 565 3260 633 τῇ
3293 562 3460 633 ψυχῇ,
3492 563 3571 626 είς
3622 563 3692 632 ἢν

419 659 525 717 hoc
561 659 782 723 tribuit,
804 667 865 713 ut
886 657 1139 720 exsistat,
1171 666 1226 710 et
1257 657 1533 727 perduret,
1569 657 1672 712 iste
1719 670 1848 710 vero
1897 654 2000 710 hoc

2110 654 2191 708 διὰ
2215 654 2308 707 τοῦ
2353 656 2675 726 φυσήματος
2725 655 2787 708 τὸ
2815 654 2970 724 ἆγιον
3010 654 3176 709 αὑτοῦ
3208 655 3432 726 Πνεῦμα
3461 653 3695 725 κατῴκι⁴

413 753 707 808 animabns
737 749 971 812 confert,
1021 757 1082 802 ut
1107 747 1228 803 aliis
1266 749 1596 805 antecellunt
1639 770 1652 804 :
1695 764 1758 804 ac
1803 763 1899 818 per
1934 747 1998 802 ll-

2110 763 2220 808 σεν,
2247 745 2339 798 τὸν
2363 746 2520 815 λόγον
2541 746 2651 800 τῶν
2680 747 2898 799 πάντων
2930 745 2992 798 τὸ
3021 744 3349 816 τιμιώτατον
3394 745 3695 798 κατασπεί-

420 847 542 902 dent
574 847 815 915 insuper,
865 843 1280 912 doctrinamque
1323 843 1577 898 universa
1628 841 1738 896 vita
1792 849 1998 904 nostra,

2110 857 2229 911 ρας.
2252 839 2344 892 Διδ
2372 841 2466 893 καὶ¹
2498 839 2831 910 θαυμαστῶς
2863 838 2968 892 ὑπὸ
2982 838 3090 892 τῶν
3113 837 3221 905 ἐξω
3241 838 3322 901 είς
3350 838 3534 907 στίχου
3550 835 3694 898 τινος

423 938 607 1010 quoad
637 936 742 991 alia
774 936 964 1000 etiam,
999 934 1126 989 felix
1171 933 1374 999 evadit,
1431 943 1485 988 et
1533 942 1706 988 recta.
1745 931 1860 987 Non
1901 930 2001 985 ali-

2110 930 2515 1004 ἁκροτελεύτιον
2554 931 2789 1002 εἴρηται·

424 1030 1340 1102 terhazcsehabere,317quam
1401 1029 1535 1093 dixi,
1599 1027 1886 1100 perspicue
1951 1027 2253 1097 eomperiet
2285 1027 2410 1097 quis
2443 1067 2459 1092 ,
2508 1027 2554 1081 si
2627 1027 2754 1081 illud
2808 1026 2992 1080 animo
3049 1031 3282 1092 reputet,
3338 1019 3432 1076 tali
3488 1019 3693 1074 homini

416 1125 602 1182 statim
663 1123 1004 1189 illucescere,
1062 1133 1118 1177 et
1166 1130 1573 1192 cooperatorem
1611 1123 1800 1176 adesse
1859 1136 2006 1188 cum,
2048 1121 2140 1189 qui
2179 1121 2359 1175 omnia
2390 1121 2658 1191 pervadit,
2689 1135 2755 1176 ac
2817 1133 2983 1189 supra
3041 1119 3222 1173 omnia
3247 1114 3552 1179 extollitur,
3593 1111 3692 1165 Dei

412 1215 656 1272 Verbum
710 1214 943 1276 Filium,
978 1215 1070 1284 qui
1111 1215 1404 1280 nemiuem,
1438 1229 1505 1270 ne
1560 1230 1626 1270 ex
1666 1215 1732 1269 iis
1766 1213 2010 1278 quidem,
2049 1228 2078 1267 a
2118 1214 2314 1284 quibus
2356 1215 2654 1285 spernitur,
2718 1212 3041 1278 contemnit,
3093 1210 3296 1282 quique
3347 1208 3566 1269 animae,
3637 1204 3692 1256 in

417 1321 526 1378 qua
565 1319 662 1375 per
689 1303 1103 1360 insuﬂlationem
1135 1313 1381 1360 sanctum
1441 1320 1596 1359 suum
1664 1302 1925 1374 Spiritum
1964 1304 2207 1360 habitare
2261 1305 2412 1372 fecit,
2481 1305 2745 1360 rationem
2773 1345 2788 1367 ,
2847 1317 2966 1375 qua:
3008 1317 3095 1356 res
3132 1311 3216 1356 est
3253 1299 3498 1354 omnium
3552 1310 3692 1366 prte-

409 1401 784 1466 stantissima,
827 1399 1079 1456 inseruit.
1130 1398 1258 1457 Ideo
1317 1417 1348 1455 a
1419 1400 1664 1471 profanis
1733 1415 1949 1472 quoque
2008 1402 2265 1472 prmclare
2310 1404 2364 1458 in
2420 1402 2702 1474 cujusdam
2753 1417 2944 1457 versus
2991 1409 3233 1455 extrema
3284 1406 3441 1468 parte
3489 1393 3692 1450 dictum

421 1490 525 1547 fuit
557 1508 573 1545 :

706 1583 1010 1658 Ubicunque
1030 1597 1108 1644 est
1132 1587 1290 1643 homo
1320 1629 1336 1655 ,
1361 1589 1435 1643 ibi
1467 1599 1545 1644 est
1570 1591 1726 1646 ratio.

406 1676 528 1735 Sed
586 1679 661 1734 ita
714 1679 932 1750 quidem
990 1680 1109 1736 haec
1161 1695 1222 1736 se
1285 1681 1507 1738 habent.
1570 1681 1820 1738 Haretici
1878 1697 2008 1739 vero

415 1771 553 1828 nihil
605 1772 709 1829 nisi
763 1772 909 1844 quod
951 1773 1286 1828 immundum
1349 1775 1439 1843 sit,
1497 1775 1786 1846 spirantes,
1846 1776 2008 1832 allata

417 1866 488 1921 de
533 1863 894 1934 Redemptore
955 1863 1066 1922 Deo
1119 1865 1298 1922 Verbo
1339 1883 1522 1923 rerum
1563 1870 1804 1924 omnium
1863 1869 2009 1923 Con-

421 1957 600 2013 ditore
621 1957 873 2012 sublimia
937 1957 1269 2024 testimonia,
1329 1958 1554 2030 ejusque
1592 1961 1734 2016 dona
1787 1971 1841 2016 et
1889 1977 2000 2015 ma-

405 2051 614 2121 .gnillca
659 2063 825 2120 opera
891 2065 996 2104 non
1059 2051 1420 2116 attendentes,
1469 2053 1537 2107 ad
1595 2053 1764 2121 ipsius
1831 2053 2006 2108 deita-

421 2151 530 2196 tem
576 2138 816 2195 rel'erunt
864 2150 1027 2208 atque
1074 2139 1349 2209 applicant
1383 2155 1445 2196 ea
1498 2140 1793 2211 Scriptura:
1844 2142 1998 2210 loca,

421 2247 542 2298 qua:
589 2233 655 2286 de
683 2246 896 2288 summe
930 2231 1209 2299 incﬂ'nbili,
1237 2242 1293 2286 et
1337 2246 1606 2287 summam
1648 2233 1766 2305 ejus
1807 2235 2003 2288 immu-

421 2321 744 2378 tabilitatem
778 2337 883 2377 non
919 2321 1145 2377 lzedente
1183 2323 1421 2394 benigna
1457 2323 1835 2380 lncaruatione
1864 2327 2005 2382 dicta

421 2421 571 2481 sunt,
635 2429 864 2485 quaeque
899 2413 1008 2472 illis
1041 2413 1267 2470 humilia
1324 2417 1599 2480 videntur,
1647 2426 1815 2486 atque
1846 2417 1999 2471 indc-

419 2520 550 2561 cora
584 2523 598 2558 :
649 2514 705 2560 et
745 2505 944 2574 quibus
983 2521 1050 2560 ex
1080 2505 1242 2562 rebus
1275 2506 1501 2576 gloriam
1547 2506 1639 2562 Dei
1676 2509 2001 2579 perspicere,

418 2595 651 2665 ejusque
686 2594 740 2649 in
777 2593 1030 2651 homines
1067 2595 1461 2667 benignitatem
1505 2598 1680 2670 magis
1723 2599 2006 2656 celebrare

431 2687 694 2743 deberent
742 2702 841 2759 per
889 2687 988 2743 has
1020 2687 1166 2759 ipsas
1211 2689 1368 2760 longe
1396 2704 1428 2744 a
1466 2692 1699 2746 veritate
1725 2691 1882 2746 alieni
1911 2692 2002 2747 de-

427 2779 856 2849 prehenduntur,
904 2794 969 2835 ac
1011 2795 1076 2836 eo
1127 2780 1445 2848 deveniunt,
1485 2790 1544 2837 ut
1597 2781 2002 2839 benefactoretn

422 2885 492 2925 ac
521 2870 859 2926 Salvatorem
901 2873 1255 2929 contumeliis
1278 2872 1516 2930 alliciant
1542 2892 1556 2929 :
1591 2890 1691 2932 nec
1722 2891 1846 2934 eum
1889 2878 2002 2946 pla-

2289 1583 2605 1655 Πανταχοῦ
2633 1585 2836 1651 λόγος,
2867 1580 3013 1635 ἔνθα
3037 1579 3131 1632 καὶ
3151 1576 3481 1645 ἅνθρωπος.

2122 1678 2281 1732 Ἀλλά
2307 1678 2480 1732 ταῦτα
2523 1677 2624 1748 μὲν
2679 1669 2780 1728 ὧδέ
2812 1692 2887 1744 πη
2932 1673 3062 1743 ἔχει.
3097 1668 3371 1742 Λίρετικοὶ
3406 1667 3482 1733 δὲ,
3526 1666 3694 1737 μηδὲν

2107 1771 2471 1834 ἀναπνέοντες
2499 1768 2766 1840 καθαρὸν,
2800 1769 2923 1830 ταῖς
2971 1764 3254 1836 κειμέναις
3295 1761 3427 1832 περὶ
3462 1760 3560 1813 τοῦ
3599 1760 3695 1812 λυ-

2105 1861 2314 1934 τρωτοῦ
2347 1861 2482 1917 Θεοῦ
2529 1861 2725 1930 Λόγου,
2757 1859 2851 1912 τοῦ
2878 1858 3096 1911 πάντων
3127 1852 3694 1925 γενεσιουργοῦ,ὑψη-

2106 1957 2226 2018 λαῖς
2263 1953 2592 2025 μαρτυρίαις
2630 1969 2690 2004 τε
2728 1950 2821 2006 καὶ
2855 1950 3108 2020 δωρεαῖς,
3135 1947 3230 2000 καὶ
3265 1943 3696 2017 μεγαλουργίαις

2107 2046 2168 2099 οὐ
2200 2046 2580 2117 προσέχοντες,
2617 2041 2689 2096 τὰ
2715 2043 2843 2113 περὶ⁵
2869 2042 2968 2112 τῆς
3002 2039 3381 2113 ἀῤῥητοτάτης
3410 2038 3505 2090 καὶ
3533 2037 3695 2107 ἀτρε-

2108 2140 2378 2210 πτοτάτης
2413 2136 2796 2208 φιλανθρώπου
2846 2133 3309 2206 ὲνανθρωπήσεως
3339 2129 3508 2184 αὑτοῦ
3540 2147 3696 2198 νομι-

2107 2233 2308 2304 ζόμενα
2357 2230 2583 2293 ἐκείνοις
2620 2223 2760 2282 εἶναι
2809 2225 3164 2298 μικροπρεπῆ
3201 2226 3442 2295 ῥήματα,
3488 2221 3697 2293 τῇθεό-

2104 2342 2228 2396 τητι
2266 2321 2432 2377 αὐτοῦ
2460 2320 2889 2392 προσάπτουσιν·
2928 2321 3022 2372 καὶ
3052 2321 3145 2388 ἀφ’
3181 2311 3257 2370 ὧν
3295 2315 3549 2385 ὤφειλον,
3588 2317 3691 2386 τήν

2105 2433 2166 2469 τε
2193 2416 2352 2482 δόξαν
2380 2413 2634 2468 διειδέναι
2661 2413 2755 2467 τοῦ
2803 2411 2963 2477 Θεοῦ,
2996 2412 3090 2466 καὶ
3125 2413 3383 2481 ἀνυμνεῖν
3422 2408 3586 2462 πλέον
3632 2407 3695 2460 τὸ

2106 2507 2486 2579 φιλάνθρωπον
2511 2504 2698 2571 αὑτοῦ,
2728 2505 2816 2560 διὰ
2837 2504 3046 2558 τούτων
3082 2503 3187 2570 ἔξω
3212 2520 3271 2556 τε
3299 2502 3398 2572 τῆς
3434 2500 3694 2571 ἀληθείας

2107 2600 2398 2672 φερόμενοι
2451 2598 2785 2660 ἁλίσκονται,
2835 2596 2930 2650 καὶ
2983 2595 3228 2668 ὑϐρίζειν
3271 2594 3362 2646 τὸν
3397 2593 3694 2665 εὐεργέτην

2106 2694 2201 2748 καὶ
2221 2693 2448 2764 Σωτῆρα
2475 2690 2829 2762 προάγονται·
2864 2687 3084 2761 φροντίς
3109 2704 3169 2739 τε
3202 2687 3409 2749 αὐτοῖς,
3429 2685 3528 2755 οὐχ
3546 2685 3695 2747 ὅπως

2106 2783 2500 2853 ὲξιλεώσωνται
2536 2782 2698 2835 αὐτὸν
2733 2780 2810 2844 ὡς
2848 2779 3062 2850 κριτήν·
3119 2776 3234 2830 ἀλλ’
3266 2777 3415 2838 ὅπως
3441 2776 3547 2829 ὑπὸ
3572 2775 3695 2848 κρί-

2107 2894 2191 2931 σιν
2231 2877 2380 2939 ὄντα,
2420 2874 2496 2938 ὡς
2533 2872 2774 2936 κτιστὸν,
2829 2873 2924 2925 καὶ
2977 2870 3116 2941 μετά
3171 2867 3270 2940 τὴν
3313 2870 3393 2931 εἰς
3432 2868 3695 2939 οὐρανοὺς

421 2978 552 3019 care
577 2965 797 3020 student
826 2973 884 3020 ut
920 2964 1184 3034 judicem,
1217 2967 1312 3022 sed
1340 2981 1371 3022 e
1396 2969 1677 3024 contrario
1706 2973 1994 3025 ostendere

2110 2966 2290 3023 ἄνοδον
2307 2965 2401 3019 καὶ
2425 2963 2525 3035 τὴν
2563 2966 2629 3017 ὲκ
2665 2961 2856 3026 δεξιῶν
2895 2961 2990 3014 τοῦ
3035 2959 3231 3013 ἑαυτοῦ
3267 2958 3482 3030 Πατρὸς
3531 2957 3696 3009 ἰσότι-

422 3065 715 3121 conautur,
747 3058 949 3127 ipsum,
1004 3069 1193 3128 utpote
1244 3069 1529 3126 creatum,
1567 3061 1774 3132 judicio
1824 3061 2006 3131 subje—

411 3158 572 3202 ctum
631 3161 753 3204 esse
819 3163 966 3206 nunc
1011 3165 1246 3220 quoque,
1303 3160 1587 3221 postquam
1635 3161 1693 3208 et
1733 3152 1786 3207 in
1835 3154 2008 3210 ctelos

421 3239 692 3306 ascendit,
715 3247 771 3296 et
801 3241 868 3295 ad
896 3241 1177 3297 dexteram
1205 3241 1384 3299 Patris
1415 3243 1497 3298 sui
1531 3243 1776 3301 considet
1805 3245 2006 3316 aequali

423 3347 489 3386 ac
513 3331 603 3388 ille
643 3333 849 3388 honore
883 3332 1219 3390 aﬂiciendus.
1254 3334 1394 3403 Quin
1430 3335 1596 3391 etiam
1633 3351 2009 3406 saepenumero

423 3438 546 3493 qua
581 3422 650 3478 de
689 3424 807 3494 ipso
848 3421 1010 3489 Filio,
1052 3433 1148 3478 aut
1181 3426 1248 3480 ab
1295 3426 1412 3495 ipso
1457 3427 1603 3480 dicta
1635 3441 1741 3481 non
1788 3426 2008 3482 fuerunt

426 3523 522 3569 aut
568 3529 689 3584 qua:
721 3529 922 3570 arcano
975 3525 1135 3585 atque
1173 3517 1518 3588 auigmatico
1576 3533 1740 3574 sensu
1799 3520 2005 3588 scripta

425 3617 578 3674 sunt,
628 3620 692 3661 ea
734 3607 853 3662 sine
903 3609 1176 3673 examine,
1214 3609 1370 3678 quasi
1424 3619 1613 3666 contra
1658 3613 1860 3680 ipsum,
1915 3620 2008 3664 aut

429 3699 500 3753 ab
552 3699 670 3766 ipso
711 3701 1057 3769 pronuntiata
1090 3711 1417 3772 proponunt,
1458 3713 1514 3758 et
1545 3719 1772 3774 pravam
1819 3719 2006 3773 quam-

429 3789 563 3844 libet
607 3802 766 3860 atque
815 3790 1086 3846 inﬁrmam
1121 3793 1623 3863 interpretationem
1655 3794 1873 3864 plurimi
1927 3795 2008 3848 fa-

421 3883 620 3937 ciunt:
653 3897 718 3938 ac
746 3884 1065 3950 semetipsos
1087 3883 1220 3937 nihil
1254 3883 1322 3938 ab
1355 3884 1761 3939 irrationalibus
1799 3887 2009 3938 anima-

429 3977 572 4032 libus
592 3975 961 4046 discrepantes
1006 3974 1268 4030 exhibent
1320 3975 1448 4030 huic
1498 3974 1842 4044 0ptatissimo
1899 3973 2006 4027 Do-

429 4071 578 4124 mino
599 4109 615 4133 ,
645 4069 737 4139 qui
769 4067 1053 4122 credentes
1081 4066 1230 4120 ducit
1269 4066 1384 4119 sine
1412 4065 1665 4120 violentia
1701 4065 1754 4119 in
1781 4063 1958 4120 Patris
1989 4107 2006 4131 ,

426 4168 488 4213 et
515 4159 597 4215 sui
633 4158 841 4227 ipsius,
881 4166 936 4210 et
984 4156 1157 4210 sancti
1192 4154 1428 4224 Spiritus
1459 4170 1623 4208 unum
1670 4155 2001 4209 individuum

421 4265 688 4321 regnum,
744 4247 949 4318 quique
994 4246 1064 4302 ob
1115 4261 1267 4301 suam
1308 4261 1435 4315 erga
1489 4261 1587 4301 nos
1615 4247 2005 4317 indulgentiam

2110 3074 2209 3128 μον
2239 3054 2519 3126 συνεδρίαν
2539 3052 2917 3118 ἀποδείξωσιν.
2959 3052 3224 3114 Πολλάκις
3254 3051 3312 3104 δὲ
3351 3051 3447 3103 καὶ
3472 3049 3543 3102 τά
3567 3049 3697 3118 περὶ

2107 3149 2292 3212 αὑτοῦ,
2329 3147 2364 3219 ἢ
2391 3145 2518 3217 παρ’
2570 3144 2734 3198 αὑτοῦ
2777 3143 2853 3216 μὴ
2881 3141 3305 3214 λεχθέντα,ῆδι⁹
3347 3141 3696 3212 ἐπικρύψεως

2107 3241 2397 3314 ᾐνιγμένα,
2436 3241 2514 3304 ὡς
2551 3241 2674 3293 κατ’
2705 3237 2948 3307 αὐτοῦ,ἢ
2989 3237 3118 3307 παρ’
3151 3234 3278 3306 [M7
3297 3233 3351 3308 ὁ]
3381 3233 3547 3288 αὐτοῦ
3569 3236 3701 3288 ἀπο·

2108 3334 2436 3405 πεφασμένα
2499 3333 2885 3394 ἀϐασανίστως
2943 3328 3303 3393 διατιθέασιν,
3365 3327 3460 3381 καὶ
3518 3327 3698 3379 πάντα

2109 3425 2308 3497 σαθρὸν
2347 3425 2442 3478 καὶ
2469 3424 2696 3478 ἄναλκιν
2751 3422 3145 3492 ὲκτετιμήκασι
3185 3419 3331 3472 νοῦν·
3373 3419 3526 3472 οὐδὲν
3565 3417 3699 3471 καλ-

2108 3517 2257 3579 λίους
2293 3515 2504 3584 ἀλόγων
2529 3514 2683 3580 ζώων
2734 3515 2960 3576 ἑαυτοὺς
2988 3510 3356 3584 προσάγοντες
3392 3509 3569 3581 τούτῳ
3618 3509 3699 3580 τῷ

2110 3607 2463 3679 περιποθήτω
2512 3608 2782 3680 Δεσπότῃ,
2823 3605 2901 3676 τῷ
2959 3605 3146 3673 ἄγοντι
3207 3603 3334 3673 δίχα
3391 3601 3514 3673 βίας
3569 3601 3699 3664 τοὺς

2109 3698 2467 3770 πειθομένους
2500 3701 2581 3762 είς
2612 3699 2712 3771 τὴν
2769 3696 2871 3751 τοῦ
2910 3695 3144 3767 Πατρὸς,
3187 3696 3282 3748 καὶ
3327 3693 3545 3758 ἑαυτοῦ,
3604 3695 3701 3747 καὶ

2108 3791 2202 3845 τοῦ
2248 3792 2405 3859 ἁγίου
2464 3791 2801 3862 Πνεῦματος,
2873 3791 3003 3862 μίαν
3051 3791 3356 3860 ἀδιαίρετον
3395 3786 3697 3859 βασιλείαν,

2109 3886 2203 3938 καὶ
2230 3884 2399 3953 φειδοῖ
2445 3888 2512 3956 τῇ
2534 3884 2669 3956 πρὸς
2693 3884 2842 3955 ἡμᾶς
2867 3883 3244 3956 παραινοῦντι·
3292 3900 3311 3932 ι
3354 3882 3447 3952 Μὴ
3482 3879 3700 3950 γίνεσθε

2109 3978 2186 4041 ὡς
2236 3977 2403 4042 ἵππος
2431 3978 2527 4030 καὶ
2564 3977 2810 4049 ἡμίονος,
2845 3972 2927 4041 οἷς
2954 3978 3055 4030 οὐκ
3094 3977 3238 4030 ἐστιν
3285 3975 3518 4039 σύνεσις.
3554 3994 3573 4026 r
3617 3975 3701 4028 Τά

2109 4069 2218 4141 γάρ
2238 4070 2407 4138 ἄλογα
2440 4071 2576 4135 ζῶα,
2610 4073 2796 4141 φησὶν,
2841 4066 2920 4135 οἷς
2945 4074 2978 4141 ἡ
3005 4069 3151 4141 ψυχὴ
3188 4069 3248 4122 τὸ
3277 4068 3338 4133 ἐξ
3375 4068 3510 4141 ῦλης
3532 4063 3698 4139 αἷμα,

2110 4162 2252 4217 κατά
2272 4162 2363 4215 τὸν
2379 4164 2601 4216 εἰπόντα
2651 4167 2708 4217 ὲν
2738 4167 2804 4235 τῇ
2848 4163 3086 4229 Γενέσει,
3118 4181 3137 4213 t
3183 4163 3256 4216 Τὸ
3298 4158 3436 4232 αἷμα
3470 4162 3636 4217 αὑτοῦ
3662 4167 3697 4234 ἡ

2108 4238 2256 4324 ψυχὴ
2286 4253 2475 4316 αὐτοῦ,
2513 4272 2532 4304 ι
2571 4255 2651 4318 είς
2678 4253 2783 4325 γῆν
2807 4255 3081 4317 νένευκεν,
3125 4255 3213 4308 ἀεὶ
3236 4257 3300 4326 τῇ
3319 4254 3519 4326 γαστρὶ
3560 4255 3698 4327 μόνῃ

423 4357 531 4396 nos
571 4340 646 4394 ita
695 4339 984 4394 hortatur:
1013 4355 1033 4388 ι
1070 4335 1250 4392 Nolite
1281 4336 1395 4406 (97)
1423 4337 1536 4392 ﬁeri
1567 4338 1704 4393 sicut
1734 4353 1904 4408 equus
1952 4348 2006 4393 et

2110 4343 2454 4410 δουλεύοντα,
2487 4348 2580 4400 καὶ
2610 4347 2711 4400 οὐκ
2748 4348 3046 4418 ἀνέστηκεν
3089 4347 3168 4419 τῷ
3220 4347 3434 4419 σώματι
3465 4348 3559 4402 καὶ
3619 4349 3701 4420 τῷ

421 4431 628 4498 anulus,
671 4432 870 4502 quibus
905 4445 1010 4485 non
1047 4440 1133 4484 est
1174 4429 1498 4485 intellectus.
1542 4449 1562 4482 ι
1600 4431 1765 4496 Quasi
1815 4431 2000 4485 dicat:

430 4540 556 4579 nam
613 4525 820 4579 ratione
852 4523 1111 4579 destituta
1162 4525 1480 4588 animantia,
1536 4537 1766 4593 quorum
1823 4523 2003 4576 anima

429 4627 515 4672 est
537 4618 757 4687 sanguis
778 4615 1104 4682 materialis,
1138 4616 1293 4686 juxta
1325 4633 1469 4682 eum,
1509 4618 1598 4686 qui
1628 4618 1707 4671 ait
1737 4617 1791 4671 in
1829 4618 2012 4672 Gene-

431 4710 476 4762 si
499 4705 609 4776 (98)
646 4725 661 4760 :
705 4725 724 4758 ι
768 4705 999 4777 Sanguis
1039 4707 1155 4777 ejus
1179 4715 1264 4762 est
1296 4708 1474 4762 anima
1504 4708 1619 4778 ejus
1645 4746 1661 4772 ,
1699 4726 1718 4759 ι
1755 4708 1808 4763 in
1847 4707 2013 4779 318

435 4813 631 4855 terram
660 4815 827 4870 prona
861 4808 988 4855 sunt
1017 4813 1254 4868 semper,
1286 4802 1460 4856 ventri
1493 4812 1702 4855 tantum
1757 4804 2011 4856 servien-

433 4892 531 4956 tia,
593 4905 767 4960 neque
818 4905 1048 4958 corpore
1078 4907 1141 4946 ac
1185 4903 1362 4948 mente
1411 4900 1696 4962 eriguntur
1727 4903 1785 4946 ut
1827 4895 2011 4959 homo,

432 4985 524 5054 Qui
557 4992 608 5036 et
643 4993 857 5037 terrena
891 4983 1077 5046 sentit,
1103 4993 1156 5036 et
1200 4983 1449 5037 sublimia
1489 4986 1652 5044 videt,
1675 4994 1731 5036 et
1755 4985 1822 5036 ad
1851 4985 2015 5038 ctele-

432 5086 570 5128 stem
599 5072 1004 5126 serenissimutn
1024 5113 1040 5138 ,
1070 5081 1125 5126 et
1153 5073 1394 5142 cujusvis
1421 5074 1578 5143 plane
1610 5075 1880 5141 passionis
1918 5091 2014 5127 ex-

433 5173 640 5232 pertem
664 5171 864 5214 statum
899 5161 1155 5225 festinat,
1185 5178 1349 5233 atque
1407 5166 1460 5218 in
1499 5167 1700 5218 mundo
1756 5165 1901 5219 velut
1954 5168 2004 5219 in

434 5252 651 5320 publico
672 5251 906 5319 quodam
939 5252 1175 5320 hospitio
1205 5255 1473 5323 hospitem
1508 5269 1567 5308 se
1597 5252 1864 5310 diversari
1904 5271 2006 5323 pu—

437 5360 538 5414 tut,
573 5357 635 5403 et
656 5347 897 5418 quotidie
931 5363 1051 5403 sese
1080 5348 1195 5418 (99)
1227 5351 1293 5403 ad
1324 5351 1527 5403 exitum
1557 5364 1624 5404 ex
1666 5349 1765 5403 hac
1790 5351 1899 5402 vita
1926 5366 2014 5405 sa-

438 5447 651 5520 pienter
682 5444 892 5516 agendo
951 5457 1254 5515 praeparat;
1298 5447 1529 5516 ideoque
1560 5445 1665 5500 ﬁde
1713 5455 1770 5500 et
1834 5460 2018 5504 mente

496 5607 626 5678 .(97l
653 5606 855 5678 Nolite.
883 5605 1028 5678 Psal.
1058 5621 1210 5678 ηδε,
1239 5607 1297 5660 il
1335 5606 1451 5675 (seu
1474 5606 1552 5676 9).

513 5675 626 5750 (98)
660 5676 727 5732 In
751 5675 983 5750 (ῖιιιετδὶ.⁸
1011 5675 1089 5750 ln_
1113 5675 1308 5731 Genesi
1358 5679 1472 5750 haqc
1513 5675 1618 5732 non
1655 5677 1854 5750 inveni.
1903 5677 2012 5732 Re-

429 5747 624 5820 spicit,
664 5760 722 5804 ut
769 5761 915 5817 puto,
965 5748 1193 5820 Levitic.
1236 5763 1370 5820 xvu,
1417 5748 1478 5802 il
1543 5757 1598 5820 et
1655 5747 1743 5820 Ιέ,
1800 5750 1888 5804 ubi
1933 5752 2012 5820 Ie:

435 5815 583 5890 εἴων
631 5838 646 5873 ³
706 5815 782 5875 Ἦή
821 5821 929 5893 γὰρ
980 5819 1127 5890 ψυχὴ
1184 5817 1362 5882 πάσης
1415 5818 1615 5889 σαρκὸς
1663 5815 1801 5892 αἷμα
1846 5819 2010 5873 αὐτοῦ

2108 4436 2205 4508 νῷ,
2255 4437 2332 4503 ὡς
2361 4439 2390 4490 6
2432 4439 2740 4510 ἄνθρωπος,
2787 4443 2816 4492 6
2865 4441 2960 4493 καὶ
2998 4440 3108 4494 τῶν
3147 4441 3408 4508 ἐπιγείων
3446 4441 3703 4495 αἰσθανό-

2111 4548 2291 4602 μενος,
2321 4531 2415 4584 καὶ
2452 4532 2521 4584 τά
2569 4534 2820 4606 μετέωρα
2868 4534 3100 4604 βλέπων,
3150 4535 3244 4587 καὶ
3289 4534 3384 4586 ἐπὶ
3445 4533 3546 4604 τὴν
3587 4534 3704 4588 ἅνω

2110 4623 2487 4693 γαληνοτάτην
2521 4624 2616 4677 καὶ
2642 4624 3033 4695 ἀπαθεστάτην
3056 4625 3394 4679 κατάστασιν
3429 4625 3701 4689 σπεύδων,

2111 4715 2205 4768 καὶ
2252 4715 2357 4780 ὡςῖ
2390 4718 2449 4768 ὲν
2492 4718 2766 4788 πανδοκίῳ
2803 4720 2911 4772 τινὶ
2950 4720 3007 4770 ἐν
3047 4718 3125 4788 τῷ
3171 4719 3360 4790 κόσμῳ
3395 4720 3705 4789 ἡγούμενος

2113 4805 2560 4872 καταλελυκέναι,
2601 4810 2695 4861 καὶ
2734 4809 3296 4880 παρασκευαζόμενος
3344 4810 3412 4862 ἶν’
3462 4811 3703 4882 εὐφρονῇ

2113 4899 2196 4965 ἐφ’
2233 4898 2470 4968 ἑκάστης
2501 4899 2639 4968 πρὸς
2668 4900 2768 4969 τὴν
2799 4903 2863 4954 ὲκ
2899 4901 3089 4953 τούτου
3117 4900 3418 4964 ἔξοδον·διά
3446 4919 3506 4954 τε
3543 4903 3706 4956 τοῦτο

2115 4988 2316 5052 ἁπλοῦς
2338 4989 2434 5060 τὴν
2452 4991 2634 5043 πίστιν
2668 4993 2761 5044 καὶ
2795 4993 2895 5063 τὴν
2917 4992 3143 5064 γνώμην
3177 4994 3206 5045 6
3231 4993 3393 5062 σοφὸς
3439 4994 3702 5064 ὑπάρχει.

2115 5079 2284 5130 Παντὶ
2304 5080 2413 5150 γάρ
2455 5096 2534 5149 τῳ
2562 5079 2743 5150 δῆλον,
2774 5081 2851 5144 ὡς
2879 5082 3060 5150 πάσης
3092 5082 3191 5150 τῆς
3241 5079 3329 5133 διὰ
3380 5079 3557 5146 λόγων
3608 5081 3707 5132 καὶ

2116 5172 2172 5221 ἐν
2193 5170 2371 5238 λόγοις
2391 5171 2589 5242 τέχνης
2627 5175 2661 5242 ἡ
2717 5173 2943 5242 ἀλήθεια
2987 5173 3254 5242 κρείττων
3280 5174 3386 5236 ἀεὶ,
3415 5174 3541 5242 ἥτις
3567 5190 3707 5244 συμρ

2121 5265 2364 5332 πέφυκεν
2387 5269 2452 5336 τῇ
2488 5266 2769 5337 ἁπλότητι.
2805 5267 3108 5338 Ταράττειν
3142 5266 3199 5319 δὲ
3220 5265 3317 5319 καὶ
3337 5265 3707 5336 ταράττεσθαι

2122 5355 2370 5408 δοκοῦσιν
2401 5359 2450 5410 οἱ
2491 5360 2730 5428 τεχνικοὶ
2760 5359 2929 5427 λόγοι,
2966 5358 3016 5411 οἳ
3060 5356 3447 5421 πλεονάζουσιν
3493 5359 3707 5428 αἱρετι-

2126 5453 2240 5512 κοῖς
2267 5453 2380 5514 τοῖς
2426 5451 2524 5520 τῆς
2557 5451 2874 5523 θεολογικῆς
2905 5452 3160 5523 θεωρίας,
3193 5453 3269 5516 ὡς
3308 5453 3406 5504 καὶ
3444 5452 3709 5522 Ἕλληνες

2114 5609 2252 5689 ἐστι,
2290 5609 2339 5662 id
2367 5619 2472 5673 est,
2508 5626 2527 5659 ι
2561 5609 2739 5663 anima
2772 5610 2917 5666 enim
2944 5611 3125 5665 omnis
3165 5611 3348 5666 carnis
3373 5623 3454 5667 est
3485 5614 3709 5684 sanguis

2113 5696 2300 5823 ψίὲθῑ
2331 5747 2858 5823 Η⁰ἱ¹⁹ί²ί⁰·;ο⁰⁶θ⁸ο
2914 5750 3210 5823 πᾳνδοκίῳο
3253 5750 3356 5823 Alii
3387 5752 3710 5823 πανδοχεῖον

2119 5819 2384 5877 scribunt.
2428 5819 2772 5890 Phrynichus
2806 5821 3008 5876 utavult
3040 5821 3382 5876 πανδοκεῖον.
