4056 6408
382 373 478 430 781
1439 369 1526 423 DE
1563 365 1941 424 TlllNlTATE
1980 363 2186 421 LIBER
2225 361 2552 421 TERTIUS.
3541 355 3646 412 783

377 485 698 556 ἀλλοτρίοις.
748 484 884 539 Θεὸν
934 485 1032 556 μὲν
1085 482 1215 555 γὰρ,
1266 484 1361 538 ml.
1421 484 1647 555 Κύριον,
1707 485 1800 538 ml.
1839 483 1967 537 Υίὸν

2076 479 2304 549 simplex
2341 489 2424 534 est
2475 476 2726 549 sapiens;
2771 475 3062 546 unicuique
3105 473 3247 530 enim
3297 471 3646 528 manifestum

379 577 637 633 καλοῦσιν
674 575 858 641 αὐτὸν,
897 575 999 628 οὐκ
1042 572 1122 628 ἔτι
1165 573 1223 627 δὲ
1248 573 1324 638 ὡς
1344 573 1444 645 μὲν
1477 575 1608 629 θεὸν
1636 575 1730 628 ml.
1761 574 1967 646 Κύριον

2076 579 2173 636 est,
2213 570 2510 625 artiﬁciosa
2561 570 2809 638 quamvis
2865 564 3318 630 ratiocinatione,
3369 563 3650 619 dicendive

380 670 655 736 άκτιστον,
712 668 968 740 ἄναρχον,
1020 665 1411 732 αὐτεξούσιον,¹
1452 667 1548 720 ml.
1587 667 1701 720 ἴσον
1735 666 1813 738 τῷ
1849 664 1968 736 Θεῷ

2076 661 2326 716 facultate
2387 662 2703 725 veritatem,
2756 674 2918 729 quam
2973 655 3292 712 naturaliter
3335 653 3654 724 simplicitas

382 761 577 833 Πατρί·
615 759 692 835 ᾡς
731 759 790 812 δὲ
840 757 1102 830 μονογενῆ
1149 758 1276 810 Υἱὸν
1323 755 1450 829 [148
1478 756 1534 829 a]
1580 756 1864 828 ὁμοούσιον
1890 755 1969 827 τῷ

2076 754 2396 818 comitatur,
2443 753 2877 824 praestantiorem
2917 764 3132 819 semper
3177 762 3299 804 esse
3343 762 3407 803 ac
3452 761 3654 818 praeva

379 853 698 923 γεννήσαντι
724 850 992 919 λέγουσιν·
1021 849 1116 902 ml.
1138 847 1311 903 ταῦτα
1354 848 1680 918 ὲκφαίνοντα
1713 848 1807 901 ml.
1837 865 1971 919 προ-

381 944 636 1014 φαίνοντα
659 942 721 995 τὺ
741 941 1002 1014 ὁμότιμον
1033 940 1125 994 καὶ
1170 941 1438 1005 ίσοσθενὲς
1472 941 1570 1011 τῆς
1604 939 1765 1009 ἁγίας
1803 939 1971 1010 Τριά-

379 1039 468 1102 δος
497 1038 577 1101 είς
609 1035 670 1089 τὸ
705 1036 832 1107 περὶ
851 1035 911 1088 τὸ
939 1033 1224 1105 βάπτισμα
1260 1033 1404 1087 θεῖον
1427 1032 1592 1088 αὐτοῦ
1626 1033 1824 1105 δόγμα,
1865 1035 1962 1086 ml.

381 1132 440 1184 ὲν
467 1130 647 1193 ἄλλοις
670 1129 727 1182 δὲ
761 1127 1000 1193 πολλοῖς,
1039 1127 1116 1191 ὡς
1160 1125 1395 1199 εἴρηται·
1437 1126 1552 1180 ἀλλ’
1587 1125 1814 1196 Ἕλλησι
1841 1125 1963 1197 τρό-

381 1239 484 1274 πον
509 1219 632 1274 τινὰ
677 1218 1110 1291 συμφερόμενοι,
1157 1217 1554 1288 διαφορότητας
1608 1217 1704 1270 ml
1746 1215 1967 1286 ὐφὲσεις

379 1313 577 1368 οὐσιῶν
609 1311 702 1366 καὶ
755 1311 931 1383 δόξης,
964 1310 1108 1365 κατὰ
1144 1310 1271 1373 νόας
1321 1309 1505 1375 ἰδίους,
1548 1308 1657 1362 τῶν
1682 1308 1840 1361 θείων
1875 1307 1969 1360 καὶ

378 1407 680 1480 ὁμοουσίων
704 1405 870 1479 τριῶν
895 1404 1246 1459 ὐποστάσεων
1273 1405 1562 1473 ὑφιστᾶσιν
1587 1403 1678 1456 ml
1693 1402 1968 1458 διανοοῦν-

379 1516 471 1552 ται
501 1496 629 1566 περί
665 1513 724 1550 τε
744 1493 839 1549 τοῦ
871 1493 1000 1547 Υἱοῦ
1041 1493 1138 1548 καὶ
1173 1492 1268 1546 τοῦ
1301 1490 1460 1560 ἁγίου
1512 1489 1825 1561 Πνεύματος
1871 1489 1966 1542 τοῦ

383 1590 542 1647 Θεοῦ.

2074 844 2226 911 lere;
2286 844 2611 900 artiﬁciosae
2682 857 2812 899 vero
2883 838 3420 912 argumentationes,
3459 836 3655 907 quibus

2075 939 2351 994 abundant
2406 939 2644 995 haeretici
2697 939 2788 1008 qui
2834 952 2862 992 a
2903 935 3208 1005 theologica
3283 933 3530 989 doctrina
3600 941 3658 985 et

2077 1033 2444 1104 Speculatioue
2501 1033 2628 1087 item
2665 1043 2720 1086 ut
2756 1030 2928 1086 Graeci
2953 1072 2968 1095 ,
3003 1029 3052 1082 id
3096 1039 3180 1084 est
3219 1027 3443 1092 ethnici,
3491 1025 3652 1080 alieni

2074 1139 2219 1193 Sunt,
2276 1138 2332 1180 et
2395 1126 2613 1180 turbare
2667 1134 2882 1180 constat
2923 1134 2979 1178 et
3032 1122 3264 1177 turbari.
3305 1120 3436 1175 Nam
3485 1118 3656 1175 Deum

2075 1221 2292 1290 quidem
2329 1218 2507 1287 ipsum
2534 1255 2548 1274 .
2599 1226 2654 1270 et
2693 1215 3021 1279 Dominum,
3079 1222 3133 1267 et
3172 1211 3367 1265 Filium
3415 1219 3654 1272 vocant,

2076 1312 2170 1366 sed
2205 1311 2352 1364 illum
2393 1320 2662 1379 quatenus
2713 1308 2882 1363 Deum
2925 1307 3167 1377 quidem,
3220 1313 3273 1360 et
3326 1303 3608 1359 Dominum
3637 1339 3655 1368 ,

2077 1418 2184 1457 non
2216 1404 2369 1456 aiunt
2417 1402 2717 1456 increatum
2761 1414 2903 1466 esse,
2941 1408 3227 1463 aeternum,
3256 1397 3474 1466 propria
3504 1412 3566 1452 ac
3595 1395 3660 1449 li»

2075 1493 2205 1547 bera
2260 1501 2534 1560 potestate
2585 1491 2868 1562 prmditum
2916 1497 2966 1542 et
3017 1488 3279 1558 :equalem
3326 1488 3435 1543 Deo
3469 1487 3657 1548 Patri;

2077 1593 2351 1655 quatenus
2401 1599 2528 1640 vero
2575 1583 2909 1653 unigenitum
2941 1579 3171 1644 Filium,
3223 1579 3661 1635 consubstantia-

381 1685 488 1741 lem
539 1683 782 1741 Genitori
816 1698 921 1738 non
957 1688 1300 1754 agnoscunt;
1349 1677 1600 1749 quamvis
1639 1677 1758 1732 haec
1797 1690 1957 1731 unam
1997 1689 2201 1733 sanctas
2269 1678 2578 1743 Trinitatis,
2627 1689 2682 1731 et
2731 1675 2993 1745 mqualem
3041 1673 3400 1742 maiestatem,
3465 1679 3521 1726 et
3559 1687 3657 1740 pu-

383 1781 607 1836 tentiam
657 1778 1026 1843 manifestent,
1057 1785 1114 1832 et
1167 1774 1311 1830 clare
1365 1771 1696 1843 patefaciant
1743 1786 1864 1827 cum
1934 1771 1992 1826 in
2030 1772 2214 1828 divino
2275 1774 2392 1844 ejus
2443 1775 2693 1845 dogmate
2749 1773 2816 1826 de
2872 1771 3179 1841 baptismo,
3245 1779 3356 1824 tum
3425 1767 3661 1823 in-aliiI

381 1874 590 1940 multis,
634 1882 694 1928 ut
741 1872 943 1929 dictum
1008 1879 1129 1927 est:
1160 1869 1257 1925 sed
1303 1866 1506 1924 Graecis
1555 1865 1954 1936 quodammodo
2015 1867 2425 1933 consentiendo,
2461 1865 2874 1936 discrepantias,
2940 1874 2997 1920 et
3068 1863 3353 1919 inferiores
3390 1861 3660 1918 essentia-

382 1985 502 2025 rum
533 1977 587 2023 et
623 1966 808 2038 gloriae
852 1965 1085 2036 gradus,
1126 1961 1422 2019 secundum
1456 1959 1674 2031 propria
1703 1958 1946 2029 ipsorum
2001 1969 2342 2029 commenta,
2388 1962 2444 2017 in
2512 1962 2686 2016 tribus
2746 1959 2942 2014 divinis
2985 1967 3038 2014 et
3092 1952 3650 2010 consubstantialibus

381 2061 764 2134 hypostasibus
796 2059 1176 2152 constituunt,
1214 2065 1270 2114 et
1311 2071 1375 2112 ea
1443 2054 1755 2112 discrimina
1798 2054 2146 2126 excogitant,
2213 2073 2336 2114 cum
2402 2058 2469 2114 de
2526 2057 2662 2113 Filio
2689 2071 2751 2112 ac
2793 2056 2858 2113 de
2894 2052 3102 2126 Spiritu
3153 2059 3342 2106 sancto
3405 2047 3501 2103 Dei
3545 2059 3659 2102 ser-

383 2175 599 2214 monem
641 2158 868 2214 habent.

454 2250 632 2321 Ἀπερ
659 2249 756 2303 ml.
782 2248 832 2302 οἱ
856 2247 1152 2318 ἀλάστορες
1184 2244 1281 2299 ml.
1315 2244 1552 2315 μυσαροὶ
1604 2243 1877 2315 δαίμονες,
1912 2248 1960 2298 οί

2136 2243 2208 2296 At
2233 2240 2350 2294 haec
2381 2236 2463 2293 vel
2500 2236 2601 2305 ipsi
2651 2231 2979 2296 exitiabiles,
3044 2237 3096 2282 et
3164 2223 3510 2281 abominandi
3561 2222 3662 2276 daa-

382 2342 448 2396 δι’
479 2341 685 2404 οἰκείας
722 2339 946 2412 γνώμης
965 2338 1240 2407 κακότητα
1255 2335 1685 2406 ἀναδειχθέντες,
1723 2336 1974 2408 ἄχρηστα

383 2433 480 2487 ml.
512 2430 779 2504 μισόκαλα
819 2431 1094 2502 κτίσματα
1125 2425 1378 2491 ἀκοῦσαι,
1413 2428 1611 2497 μήτιγε
1645 2426 1739 2481 ml.
1771 2429 1970 2492 εἰπεῖν,

383 2525 718 2599 φρίττουσιν.
781 2524 846 2576 Ol
911 2522 1012 2594 μὲν
1059 2515 1152 2576 οὖν
1203 2519 1373 2588 λόγοι,
1426 2520 1478 2572 οἱ
1535 2518 1635 2582 τὰς
1691 2518 1972 2588 θεολογίας

385 2619 752 2691 περιέχοντες,
781 2613 1148 2688 ἀποχρώντως
1185 2611 1660 2686 ἀπειργάσθησαν,
1681 2612 1781 2684 ήδη
1798 2612 1974 2666 οὐσῶν

389 2712 487 2782 μὲν
513 2711 606 2764 ml.
643 2709 817 2764 ἄλλων
856 2707 1225 2780 μυριολέκτων
1252 2705 1604 2770 ἀποδείξεων,
1637 2703 1712 2775 μὴ
1763 2720 1974 2775 μνημο-

385 2799 671 2854 νευθεισῶν
724 2799 803 2862 δὲ,
849 2799 997 2861 ὅπως
1037 2797 1176 2868 μήτε
1226 2795 1433 2849 όκνοῖεν
1485 2794 1576 2848 διὰ
1640 2793 1702 2848 τὸ
1766 2793 1973 2864 πλῆθος

384 2893 436 2946 οί
487 2890 926 2962 ἐντυγχάνοντες,
992 2889 1129 2960 μήτε
1183 2886 1613 2958 μακροπερίοδος
1665 2885 1761 2940 ml.
1819 2885 1976 2940 πολυ-

386 2985 560 3054 λογῶν
609 2983 866 3055 φαίνηται
903 2984 932 3036 ὁ
969 2981 1217 3052 γράφων.
1274 2981 1337 3033 El
1375 2980 1481 3053 γὰρ
1517 2999 1534 3030 ι
1572 2978 1775 3044 ἁπλοῦς
1809 2981 1839 3033 ὁ
1873 2979 1975 3051 μῦ-

388 3079 478 3144 θος
529 3078 625 3148 τῆς
649 3075 906 3146 ἀληθείας
952 3074 1076 3144 ἔφυ,
1121 3092 1139 3126 ι
1168 3073 1331 3142 φασὶν
1359 3072 1408 3126 οἱ
1439 3071 1547 3125 τῶν
1586 3072 1852 3143 Ἐλλήνων
1885 3072 1974 3125 εὐ-

386 3171 618 3242 δόκιμοι,
655 3169 748 3222 καὶ
794 3166 1048 3238 Ἀλήθεια
1074 3165 1160 3220 διὰ
1199 3165 1355 3219 τοῦτο
1384 3164 1607 3229 εἰκότως
1646 3163 1710 3217 ἂν
1733 3163 1794 3216 τὸ
1819 3163 1974 3217 Θεῖον

388 3263 846 3334 προσαγορεύοιτο
865 3260 1043 3332 μόνον·
1071 3259 1250 3330 δῆλον,
1283 3259 1358 3323 ὡς
1384 3258 1479 3312 ml.
1500 3259 1529 3310 ὁ
1557 3257 1686 3328 περὶ
1716 3255 1809 3310 τοῦ
1838 3255 1973 3310 Θεοῦ

388 3354 561 3424 Λόγου
607 3353 763 3422 λόγος
817 3351 1042 3416 ἁπλοῦς,
1082 3351 1176 3405 ml.
1212 3352 1394 3420 πάσης
1439 3348 1762 3419 διαστρόφου
1799 3364 1976 3401 ποικι-

387 3447 504 3510 λίας
529 3443 963 3519 ἀπηλλαγμένος.
999 3444 1118 3497 ’Ίνα
1143 3443 1199 3497 δὲ
1226 3439 1546 3497 εὐσύνοπτοι
1571 3433 1705 3494 ὦσιν
1750 3441 1804 3494 αἱ
1846 3439 1974 3511 θεη-

387 3539 592 3613 γορίαι,
614 3538 703 3593 διὰ
739 3538 810 3592 τὰ
829 3537 949 3592 νυνὶ
973 3536 1351 3608 λεχθησόμενα
1374 3533 1582 3605 προόλή
1593 3550 1735 3604 ματα
1763 3533 1973 3603 αἱρετι-

2078 2349 2288 2401 mones,
2346 2332 2437 2403 qui
2499 2331 2569 2384 ob
2599 2327 2836 2398 propria)
2877 2321 3076 2378 mentis
3103 2319 3361 2374 malitiam
3396 2315 3550 2370 malae
3580 2313 3661 2385 (l)

2075 2436 2363 2490 creatum,
2404 2437 2468 2477 ac
2498 2418 2711 2477 honesti
2769 2416 3003 2470 inimica
3037 2410 3234 2467 redditi
3279 2417 3435 2473 sunt,
3476 2406 3664 2460 audire

2078 2518 2319 2581 horrent,
2351 2514 2548 2570 nedum
2573 2511 2774 2564 dicere.
2824 2505 2942 2560 .Iam
2983 2518 3113 2558 vero
3146 2502 3212 2556 de
3245 2499 3546 2569 Scripturae
3577 2506 3664 2552 te-

2075 2607 2379 2670 stimoniis,
2403 2604 2597 2675 quibus
2634 2599 2781 2666 Filii,
2820 2607 2912 2652 aut
2937 2588 3169 2665 Spiritus
3201 2591 3374 2648 saneti
3411 2587 3666 2642 divinitas

2077 2699 2402 2762 declaretur,
2433 2679 2566 2750 satis
2604 2695 2716 2763 jam
2763 2687 2932 2745 locuti
2964 2701 3190 2749 sumus;
3239 2681 3341 2738 etsi
3377 2680 3523 2736 enim
3561 2679 3665 2733 alia

2076 2794 2238 2850 etiam
2251 2799 2465 2846 exstent
2478 2787 2670 2842 millies
2685 2800 2717 2838 a
2731 2779 3026 2838 Catholicis
3042 2776 3310 2832 inculcata
3332 2773 3408 2845 (2)
3429 2772 3666 2828 testimo-

2078 2887 2162 2942 nia
2184 2925 2200 2950 ,
2233 2900 2294 2940 ea
2329 2894 2504 2937 tamen
2532 2895 2634 2934 non
2661 2870 3229 2932 commemoravimus,
3265 2877 3372 2920 tum
3398 2879 3462 2919 ne
3484 2864 3557 2919 ob
3591 2863 3667 2918 ni-

2079 2979 2241 3047 miam
2267 2989 2456 3032 eorum
2485 2972 2694 3041 copiam
2727 2966 2887 3022 taedio
2919 2964 3152 3018 lectores
3190 2958 3516 3023 adiciantur,
3549 2967 3664 3010 tum

2075 3045 2237 3125 etiam
2278 3082 2344 3121 ne
2372 3065 2607 3132 scriptor
2645 3060 2719 3132 ('5)
2755 3056 2917 3112 nimis
2940 3053 3200 3108 verbosus
3229 3049 3477 3104 videatur
3501 3056 3553 3101 et
3585 3045 3666 3100 lo-

2076 3177 2240 3232 quax.
2273 3157 2438 3230 319
2480 3155 2534 3209 Si
2580 3153 2724 3208 enim
2785 3148 3067 3203 «veritatis
3101 3157 3280 3199 sermo
3300 3141 3400 3232 “(4)
3437 3138 3665 3210 simplex

2078 3260 2270 3319 suapte
2300 3256 2491 3301 natura
2519 3253 2620 3308 est,
2654 3259 2673 3294 ι
2712 3249 2770 3295 ut
2804 3239 2956 3292 aiunt
2986 3236 3085 3289 viri
3117 3237 3256 3288 inter
3289 3222 3508 3287 Graecos
3537 3244 3664 3300 sped

2076 3342 2378 3408 elatissimi,
2411 3340 2639 3407 ideoque
2667 3335 2813 3392 solus
2843 3333 2984 3390 Deus
3019 3329 3212 3385 merito
3258 3327 3474 3381 Veritas
3497 3327 3666 3380 deno-

2076 3440 2352 3500 minatur;
2419 3432 2760 3503 perspicuum
2799 3437 2884 3482 est
2928 3438 3142 3482 omnem
3186 3435 3400 3490 quoque
3441 3419 3506 3474 de
3555 3418 3665 3474 Deo

2086 3528 2262 3580 Verbo
2311 3536 2613 3579 sermonem
2645 3516 2944 3586 simplicem
2976 3528 3097 3569 esse
3127 3511 3348 3573 debere,
3386 3518 3440 3563 et
3477 3507 3664 3576 cuiust

389 3599 522 3699 κῶν,
549 3599 704 3706 φέρε,
743 3633 818 3696 ὼς
835 3634 891 3685 ὲν
931 3599 1138 3702 μερικῇ
1159 3599 1251 3682 καὶ
1284 3599 1533 3698 συντόμῳ
1562 3599 1971 3693 άνακεφαλαιώ-

2082 3619 2212 3673 libet
2250 3629 2519 3683 perversa:
2575 3608 2976 3672 inconstantia,
3031 3619 3096 3660 ac
3151 3601 3430 3658 varietatis
3467 3614 3663 3670 exper-

392 3745 474 3781 σει
512 3727 844 3798 συνείρωμεν
864 3724 956 3778 τὸν
1006 3723 1162 3792 λόγον
1205 3721 1406 3784 αὐτῶν,
1442 3721 1490 3772 εί
1533 3718 1626 3772 ml.
1654 3717 1975 3770 ταυτοεπεῖν

393 3820 682 3893 μέλλομεν,
716 3817 830 3873 ἀλλ’
865 3818 1012 3888 ὅμως
1040 3815 1128 3870 διὰ
1176 3813 1237 3868 τὸ
1302 3810 1562 3885 χρειῶδες
1601 3809 1696 3862 καὶ
1735 3807 1795 3862 τὺ
1841 3808 1976 3860 πᾶσι

390 3910 730 3983 πανταχόθεν
769 3908 1039 3980 ἁλώσιμα,
1085 3906 1228 3961 κατά
1256 3922 1319 3975 γε
1353 3904 1414 3957 τὸ
1471 3901 1712 3970 ἐφικτὸν,
1753 3899 1882 3971 [MS
1921 3897 1975 3969 b]

389 4003 643 4072 γενέσθαι
690 4001 760 4055 τὰ
780 4001 907 4073 περὶ
941 3998 1142 4054 αὐτῶν.
1169 3997 1279 4051 Καὶ
1302 3997 1411 4067 γὰρ
1437 3995 1530 4048 ml.
1575 3994 1622 4046 oi
1651 3991 1976 4061 προθέμενοι

391 4095 703 4167 οἰκοδομίαν
731 4091 1084 4165 ποιήσασθαι,
1145 4088 1531 4158 συνοψίσαντες
1588 4083 1853 4155 πρότερον
1881 4080 1978 4143 τὰς

394 4187 741 4260 ἁρμοζούσας
793 4183 925 4247 ὔλας
958 4181 1333 4244 ἀποτίθενται,
1364 4172 1485 4231 εἶτα
1512 4174 1572 4240 ἐξ
1608 4174 1789 4228 αὐτῶν
1838 4173 1977 4241 πλη-

395 4280 508 4333 σίον
541 4278 772 4332 ἑκάστου
824 4275 993 4329 τόπου
1041 4271 1434 4344 ἐξεργάζεσθαι
1483 4269 1768 4342 μέλλοντος
1810 4282 1980 4337 παρα-

391 4369 650 4434 τιθέασιν,
702 4366 777 4431 ὡς
797 4366 865 4420 ἂν
892 4365 1066 4436 ἔχοιεν
1095 4363 1186 4415 ὑπ’
1222 4361 1431 4433 ὄμμασι
1484 4361 1578 4413 καὶ
1603 4359 1660 4410 ἐν
1703 4355 1978 4428 προχείρῳ

392 4463 614 4515 ἓκαστοι
636 4459 744 4513 τῶν
772 4460 839 4530 τῇ
889 4455 1211 4528 χειρουργίᾳ
1262 4451 1642 4524 κεχρημένων,
1702 4448 1793 4503 καὶ
1835 4447 1978 4501 οὕτω

391 4555 485 4608 τοῦ
521 4554 842 4626 πράγματος
880 4550 1160 4622 ἄρχονται.
1205 4545 1296 4616 Τῷ
1321 4546 1376 4599 δὲ
1406 4543 1526 4616 Θεῷ
1575 4538 1730 4604 αὖθις
1761 4539 1822 4593 τὸ
1871 4541 1977 4593 πᾶν

394 4645 694 4717 θαρρήσας,
727 4641 806 4712 τῷ
838 4639 908 4692 τὰ
946 4637 1168 4710 κύματα
1199 4635 1448 4697 παύοντι,
1486 4633 1579 4687 καὶ
1609 4630 1780 4684 εὖδιον
1809 4629 1977 4683 πλοῦν

393 4738 604 4802 διδόντι,
633 4736 726 4790 καὶ
773 4737 950 4787 πάντα
990 4727 1366 4802 κατορθοῦντι,
1419 4720 1480 4780 οὗ
1516 4723 1660 4778 κατὰ
1703 4724 1863 4794 χάριν
1891 4724 1976 4795 (ἢν

397 4828 488 4881 ml.
535 4821 878 4897 ἁμαρτωλοῖς
907 4820 1001 4874 καὶ
1030 4821 1236 4882 στενοῖς
1271 4817 1362 4870 τὸν
1389 4816 1566 4884 λόγον,
1615 4813 1718 4866 ἰδία
1747 4814 1791 4866 δ’
1841 4812 1976 4883 ἐμοῦ

394 4919 555 4987 λέγω,
589 4917 845 4989 χορηγεῖν
881 4912 1094 4980 εἴωθεν)
1135 4911 1215 4974 είς
1255 4898 1460 4978 ταύτην
1493 4904 1838 4979 προελήλυθα
1880 4903 1976 4975 τὴν

2079 3718 2208 3765 tem.
2267 3706 2336 3763 Ut
2383 3716 2564 3760 autem
2618 3704 2719 3757 sub
2766 3715 2873 3754 uno
2923 3697 3084 3753 veluti
3141 3701 3432 3763 conSpectu
3491 3706 3662 3761 appa-

2078 3810 2232 3857 reant
2283 3799 2476 3853 divinae
2530 3795 2847 3860 locutiones,
2900 3791 2969 3846 ob
3000 3787 3379 3844 hereticorum
3449 3782 3664 3851 objecta

2037 3917 2049 3932 κ
2080 3907 2205 3946 mox
2255 3888 2555 3956 all’erentla,
2603 3901 2702 3956 age
2731 3890 3076 3953 argumenta,
3124 3892 3246 3948 qua:
3279 3875 3434 3931 nobis
3456 3875 3662 3930 eaedem

2080 3983 2520 4048 subministrant,
2584 3979 2746 4034 veluti
2792 3977 2844 4032 in
2884 3971 3197 4046 particulari
3253 3968 3510 4040 quodam,
3569 3975 3665 4021 aut

2081 4089 2177 4145 per
2205 4082 2387 4143 partes
2420 4071 2688 4140 exposito,
2723 4077 2778 4123 et
2812 4065 3032 4122 conciso
3078 4060 3290 4131 epilogo
3333 4056 3493 4114 simul
3529 4072 3664 4112 con-

2082 4173 2359 4221 uectamus
2394 4182 2407 4218 :
2443 4163 2543 4217 etsi
2576 4161 2720 4216 enim
2768 4160 2847 4215 sic
2894 4164 3117 4228 agentes
3148 4151 3454 4221 tautologia:
3479 4158 3660 4204 notam

2079 4274 2184 4313 non
2215 4256 2556 4326 ell'ugiemus,
2595 4254 2647 4309 id
2693 4262 2871 4308 tamen
2921 4248 3320 4322 pra-stabimus,
3373 4252 3484 4298 tum
3534 4241 3661 4310 quia

2079 4351 2309 4422 perutile
2355 4349 2593 4404 futurum
2636 4355 2738 4411 est,
2777 4355 2887 4400 tum
2930 4343 3096 4398 etiam
3133 4348 3192 4394 ut
3225 4333 3540 4392 earumdem
3582 4332 3661 4385 lo-

2079 4441 2355 4496 cutionum
2383 4440 2466 4494 vis
2494 4440 2561 4492 ab
2593 4437 2845 4492 omnibus
2870 4433 3014 4488 omni
3061 4447 3126 4486 ex
3175 4437 3348 4498 parte,
3396 4433 3658 4495 quantum

2080 4535 2294 4604 quidem
2324 4532 2438 4588 ﬁeri
2472 4538 2665 4602 potest,
2720 4528 3070 4600 percipiatur.
3118 4524 3251 4578 Nam
3289 4523 3320 4577 ii
3351 4521 3538 4582 etiam,
3567 4515 3659 4586 qui

2079 4626 2366 4683 aedilicium
2419 4635 2700 4680 exstruere
2752 4627 3192 4691 proposuerunt,
3223 4615 3372 4685 prius
3415 4613 3514 4666 sub
3553 4623 3661 4663 uno

2078 4729 2370 4788 conspectu
2438 4717 2518 4786 (5)
2587 4713 2974 4769 convenientes
3043 4709 3297 4764 materias
3370 4713 3656 4775 seponnnt,

2080 4811 2272 4866 deinde
2327 4808 2444 4861 illas
2492 4808 2544 4860 in
2590 4806 2796 4877 singula
2829 4805 2968 4867 loca,
2999 4805 3051 4857 in
3091 4801 3289 4871 quibus
3324 4793 3656 4850 rmmentarii

2079 4900 2353 4972 operaturi
2405 4907 2551 4964 sunt,
2600 4898 2952 4961 distribuunt,
3013 4908 3076 4948 ac
3135 4905 3301 4962 prope
3349 4888 3437 4941 illa
3492 4887 3660 4955 depo-

470 5077 543 5148 (ι)
574 5070 984 5148 Μαίῳηϐοιίει,
1025 5068 1286 5148 άχρισταε.
1328 5064 1471 5135 Lego
1524 5060 1793 5148 ἄχρηστα.
1829 5058 1967 5112 Nihil

2076 5055 2537 5148 Ν(ιὶ).νρνὶιαιὶε
2606 5069 2796 5108 sermo.
2866 5049 3139 5120 Euripidis
3203 5058 3395 5100 versus
3451 5051 3536 5098 est
3587 5057 3656 5096 ex

395 5138 552 5215 porro
603 5144 851 5215 crebrius
895 5138 1130 5215 inculcat
1175 5138 1434 5215 Didymus
1477 5149 1599 5215 cum
1643 5138 1694 5185 in
1735 5145 1963 5215 enarra~

396 5201 648 5279 iionibus,
676 5226 784 5266 tum
813 5214 867 5266 in
893 5210 1143 5266 omnibus
1181 5201 1301 5279 aliis
1341 5205 1618 5274 operibus.
1659 5201 1966 5279 quatn_d_ae-

394 5271 579 5340 mones
606 5271 711 5339 non
747 5302 766 5334 ι
809 5294 998 5337 natura
1029 5300 1048 5334 ι
1109 5277 1280 5333 malos
1329 5271 1475 5338 esse,
1512 5283 1571 5327 ut
1600 5271 1964 5326 exsecrabilcs

389 5357 668 5413 Manichzei
699 5355 984 5416 docebant,
1009 5351 1101 5407 sed
1124 5349 1194 5405 ob
1221 5347 1452 5420 propriae
1485 5342 1681 5399 mentis
1708 5341 1964 5395 malitiam

392 5428 562 5484 malos
587 5425 822 5480 redditos
840 5423 1027 5476 fuisse.

465 5498 538 5566 (ἓ)
590 5496 856 5566 Milliesia
883 5491 1166 5547 Catholicis
1202 5489 1481 5566 inculcata.
1510 5483 1568 5539 In
1596 5483 1814 5566 graeco,
1844 5497 1967 5566 p.0-

394 5555 703 5640 ριόλέκτων.
775 5565 866 5618 Est
927 5573 1102 5640 autem
1185 5559 1536 5640 μυριόλεκτον
1571 5555 1767 5640 Iidem‘
1807 5562 1968 5620 atque

395 5625 861 5709 ῗττολυθρύλλητον,
881 5653 898 5684 ι
927 5634 1135 5709 tritum,
1175 5625 1468 5709 vulgatum,
1498 5625 1656 5709 vulgo
1679 5629 1901 5709 “Ollul‘l‘:
1942 5639 1960 5670 ι

394 5725 499 5776 quo
538 5692 772 5763 settsu'a
826 5692 1191 5776 Xenophonte
1222 5692 1510 5776 adhibetur
1545 5692 1639 5751 lib.
1686 5708 1717 5748 ν
1775 5692 1964 5762 Ἐλλη-

395 5768 506 5834 vix.
540 5779 593 5831 in
623 5768 1124 5844 orationeCligenis
1169 5768 1438 5844 A_ehautii.

467 5849 540 5920 (ὃ)
569 5846 823 5916 Scriptor.
853 5836 1121 5898 Vide'not.
1151 5841 1240 5901 45.
1287 5854 1405 5908 pag.
1437 5836 1560 5891 2'58.

2072 5129 2372 5184 Phanis-sis
2400 5129 2742 5194 depromptus
2776 5141 2790 5175 :

2286 5186 2540 5263 Ἀπλοῧς
2568 5200 2599 5249 ό
2626 5186 2817 5264 ξιιῡοος
2846 5191 2955 5261 τῆς
2984 5189 3272 5264 ἀληθείας
3303 5186 3440 5254 ἔφυ.

2068 5268 2119 5324 I-J
2161 5277 2243 5322 est
2283 5287 2295 5322 :
2342 5269 2435 5322 Est
2487 5255 2724 5321 veritatis
2759 5255 3532 5326 sermosimplicissimus.Cui
3583 5255 3664 5307 si-

2068 5341 2194 5394 mile
2227 5339 2356 5394 illud
2395 5337 2640 5406 [Esebyli
2674 5337 2740 5406 in
2769 5349 3040 5406 armorum
3074 5329 3288 5385 Judicio
3323 5332 3463 5395 apud
3487 5326 3656 5381 Joan-

2069 5427 2192 5465 nem
2225 5410 2546 5464 Stobensem
2575 5405 2631 5460 in
2665 5405 2835 5458 Ethic.
2877 5421 3042 5458 serui.
3085 5417 3133 5454 χι
3162 5419 3175 5452 :

2292 5478 2471 5534 Ἁᾶλᾰ
2499 5477 2612 5548 γάρ
2639 5477 2770 5529 ἐστι
2797 5474 2908 5548 τῆς
2944 5471 3235 5548 ἀληθείας
3255 5469 3413 5548 ἔπη.

2078 5550 2130 5605 Id
2170 5560 2252 5604 est
2285 5569 2297 5604 :
2338 5548 2473 5603 Nam
2507 5542 2745 5602 cei-italia
2780 5542 2928 5600 verba
2969 5542 3378 5610 sirttplicissima.

2149 5621 2226 5690 (5)
2284 5620 2391 5675 Sub
2440 5636 2545 5674 uno
2610 5627 2946 5690 conspectu._
2975 5607 3163 5669 Graece
3189 5652 3211 5690 ,_
3240 5607 3657 5690 συνουᾷίσαντες·

2076 5678 2287 5818 galina
2322 5693 2487 5747 verbo
2523 5690 2640 5745 vide
2665 5678 2796 5743 tom.
2829 5685 2872 5742 ll
2911 5685 3146 5756 Operum
3193 5678 3490 5743 Athanasii,
3533 5695 3654 5746 pag.
