4056 6414
427 425 529 483 787

1711 419 1940 478 DIDYMI
1986 415 2452 472 ALEXANDRINI

3586 400 3697 458 788

425 564 488 599 ac
511 543 552 600 F
560 545 682 600 ilius
707 556 790 600 est
819 564 833 602 t
890 546 1185 602 secundum
1221 545 1498 602 cmlestem
1539 543 1755 615 quidem
1787 554 2012 612 genera—

2135 537 2174 588 se
2205 534 2286 588 οὔ.
2327 533 2548 606 Ἀτριϐἧ
2604 527 2698 586 οὗν
2746 531 2837 585 καὶ
2865 533 2976 593 τοῖς
3015 529 3185 584 ἆπασι
3233 524 3525 596 κτίσμασιν
3564 537 3702 575 παν-

426 639 630 693 tionetu
658 639 873 695 Patrem
921 643 1103 704 habet,
1160 639 1328 694 Deum
1361 654 1489 694 vero
1529 653 1634 691 non
1675 636 1872 690 habet:
1923 647 2010 686 se-

429 731 667 785 cundum
718 740 992 787 terrenam
1029 746 1180 795 vero,
1230 729 1397 785 Deum
1442 729 1658 800 quidem
1697 727 1878 791 habet,
1918 739 2012 794 pa-

2120 629 2278 691 τοίως
2319 626 2645 680 ἀνεπίϐατον
2679 624 2753 695 μὴ
2783 619 3096 674 στέλλεσθαι
3123 617 3370 688 πορείαν,
3415 613 3700 685 ἄνθρωπον

2119 722 2256 784 ὅλως
2287 720 2442 786 ὄντα,
2474 720 2566 772 καὶ
2596 721 2643 772 οἱ
2675 717 2778 784 ἔξω
2825 714 3181 787 διηγόρευσαν
3207 709 3449 764 τοιῶσδε·

427 840 566 885 trem
625 844 754 884 vero
828 843 934 883 non
995 827 1178 883 habet.
1237 826 1423 896 Itaque
1465 799 1470 800 γ
1505 837 1574 879 ne
1618 821 1958 891 imperviatu,
2001 827 2057 871 et
2133 817 2386 871 omnibus
2445 813 2710 868 creaturis
2769 812 2989 865 omnino
3057 809 3388 861 inaccessam
3448 799 3700 896 semitam

430 925 520 979 ille
592 923 970 994 ingrediatur,
1055 921 1148 992 qui
1215 891 1350 976 nihil
1425 919 1640 974 tandem
1707 915 1853 970 aliud
1917 920 2011 969 est-
2069 927 2231 982 quam
2309 910 2495 974 homo,
2550 905 2764 978 profani
2819 915 3034 974 quoque
3111 897 3396 954 edixerunt
3447 893 3503 947 in
3557 891 3698 945 hunc

431 1017 648 1078 modum
671 1035 685 1072 :

505 1132 671 1195 Deum
699 1130 938 1204 legitime
984 1133 1095 1188 cole
1123 1132 1236 1205 (‘26)
1271 1144 1319 1192 et
1350 1149 1593 1190 venerare
1662 1133 1754 1188 sed
1782 1150 1843 1257 τε
1869 1133 2018 1187 illum

1641 1221 1787 1259 emam
1817 1221 1926 1258 nes.

1641 1221 1926 1259 exanimes.

431 1294 500 1357 Ει
528 1311 714 1350 rursus
749 1314 764 1350 :

508 1385 848 1441 Immortalis
885 1399 1057 1441 autent
1086 1386 1248 1456 Deus,
1275 1389 1619 1460 sempiternus
1641 1389 1850 1443 omnino
1883 1389 2017 1460 (27),

1413 1497 1418 1503 .
1516 1458 1905 1530 [inconcussus,

512 1527 809 1597 Ine/labilis
873 1529 1091 1582 ocquis
1160 1530 1255 1583 sub
1323 1527 1557 1600 comitiis
1615 1529 1726 1600 (28)
1800 1547 1890 1594 per
1962 1547 2014 1584 se

1511 1599 1738 1670 [genitus
1768 1600 1902 1670 (29).

511 1666 743 1740 Giguens
779 1669 888 1739 ipse
915 1669 1168 1739 seipsum,
1211 1685 1410 1738 semper
1440 1666 1602 1741 noifus
1636 1674 1747 1738 (aut
1765 1666 2016 1741 juvenis),

1531 1738 1659 1811 [non
1679 1738 1902 1796 creatur.

509 1807 630 1880 Ipse
657 1810 896 1866 veritatis
923 1810 1148 1879 genitor,
1184 1811 1392 1880 sapiens
1425 1807 1731 1881 ipse'tterus.

433 1925 512 1987 Ac
557 1924 824 1980 Pindarus
870 1937 1092 1995 quoque
1127 1922 1233 1977 ﬁde
1261 1926 1519 1996 dignum,
1550 1941 1613 1980 ac
1651 1941 1896 1981 veracem
1938 1927 2020 1982 di-

436 2031 567 2072 cens
601 2018 793 2082 Deum,
821 2017 901 2073 sic
939 2017 1150 2071 locutus
1179 2026 1264 2071 est
1293 2039 1306 2073 :

507 2128 668 2200 322
700 2130 857 2202 Atqui
893 2129 1004 2203 (50)
1037 2129 1134 2185 Dei
1155 2147 1317 2202 genus
1341 2130 1494 2200 ﬁdele
1518 2149 1736 2202 semper.

457 2241 575 2314 Ipse
619 2243 789 2308 enim,
837 2259 960 2298 cum
1005 2245 1252 2301 veritatis
1297 2245 1510 2316 genitor
1551 2248 1645 2310 sit,
1675 2246 1745 2301 ab
1777 2247 2015 2304 humana

438 2343 626 2390 tuente
661 2334 883 2408 intelligi
916 2338 1133 2408 nequit,
1163 2338 1266 2393 nisi
1303 2337 1423 2394 haec
1452 2339 1682 2394 veritate
1716 2339 1887 2408 ipsius
1917 2340 2022 2394 int-

437 2424 581 2500 pleta
612 2426 749 2496 (51),
789 2427 963 2484 lucem
995 2429 1213 2485 sibimet
1248 2446 1313 2486 ex
1357 2431 1442 2486 illa
1475 2442 1774 2502 comparet,
1812 2448 1877 2489 ac
1909 2433 2026 2489 vel-

439 2519 517 2572 uti
587 2518 888 2590 lampadem
940 2523 1224 2589 accendat,
1262 2539 1369 2593 qua
1399 2525 1535 2580 duce
1562 2525 1617 2580 iu
1653 2527 1767 2582 suis
1798 2526 2024 2582 investi-

441 2606 750 2682 gationibus
779 2619 989 2666 utatur.

515 2697 581 2754 Il.
652 2698 709 2756 Si
757 2701 902 2757 Deus
953 2719 1093 2759 unus
1143 2713 1245 2768 est,
1299 2705 1442 2761 sicut
1504 2706 1679 2764 Moses
1729 2708 1890 2764 docet
1942 2709 2025 2764 in-

441 2791 662 2861 quiens,
719 2811 739 2845 ‹
768 2795 907 2848 Audi
961 2795 1096 2866 (5'2),
1128 2793 1304 2854 Israel
1335 2817 1348 2853 :
1385 2798 1644 2855 Dominus
1706 2799 1850 2856 Deus
1905 2809 2029 2858 tuus

442 2883 704 2940 Dominus
729 2884 842 2956 (55)
876 2902 1012 2941 unus
1041 2900 1148 2942 est:
1183 2908 1201 2940 ι
1231 2889 1400 2945 Filius
1428 2906 1557 2946 vero
1581 2891 1655 2945 ita
1691 2892 2025 2958 celebratur,

443 2985 502 3038 nt
531 2985 753 3032 vocetur
781 2975 1103 3049 Uuigenitus
1139 2982 1297 3044 Deus.
1322 2990 1377 3037 ct
1407 2998 1546 3037 unus
1577 2983 1839 3040 Dominus
1865 2983 2025 3042 Jesus

442 3068 732 3132 Christus:
769 3069 900 3126 illud
931 3073 1178 3141 sequitur
1207 3085 1265 3128 ut
1296 3075 1386 3129 hic
1417 3075 1642 3130 omnino
1671 3077 2029 3133 consubstan-

444 3157 588 3213 tialis
641 3158 736 3226 sit,
784 3168 841 3216 ct
881 3162 1044 3217 unius
1095 3162 1446 3236 ejusdemque
1492 3166 1774 3238 dignitatis
1816 3184 1883 3224 ac
1914 3183 2028 3223 ma-

440 3251 655 3318 iestatis
701 3271 823 3309 cum
877 3255 988 3312 Deo
1029 3267 1084 3312 et
1131 3257 1330 3325 Patre;
1379 3275 1442 3315 ac
1486 3261 1762 3332 hypostasi
1808 3263 2024 3333 quidem

2124 1123 2272 1179 Θεὸν
2304 1120 2501 1193 νόμιζε
2532 1117 2630 1173 καὶ
2659 1116 2863 1182 σέϐου,
2887 1112 3042 1184 ζήτει
3085 1108 3153 1164 δὲ
3185 1107 3311 1182 [149
3338 1104 3394 1179 b]
3422 1101 3531 1176 μή.

2119 1296 2232 1352 Καὶ
2273 1296 2453 1351 πάλιψ

2137 1390 2445 1456 Ἀθάνατος
2477 1386 2543 1441 δὲ
2579 1389 2743 1452 Θεος,
2793 1383 3197 1454 παναγήραος,
3243 1377 3696 1449 ἀστυερέλικτος,

2123 1533 2416 1601 Ἀρῤητος
2442 1527 2716 1598 κρυφίοις
2741 1523 2861 1579 ὑπὸ
2889 1523 3160 1590 δήνεσιν,
3180 1517 3628 1589 αὑτογέττθλος,

2125 1664 2345 1718 Τίκτων
2365 1661 2547 1727 αὐτὸς
2579 1659 2816 1725 ἑαυτὸν,
2855 1659 2946 1714 ἀεὶ
2977 1657 3134 1725 νέος,
3165 1657 3236 1710 οὐ
3260 1654 3525 1724 ποιητός.

2126 1821 2320 1886 Αὐτὸς
2342 1818 2629 1888 ἀληθείης
2659 1816 2924 1889 γενέτης,
2957 1815 3152 1886 σοφὸς
3172 1813 3356 1882 αὐτὸς
3377 1811 3629 1883 ἀληθής.

2124 1934 2235 1987 Kal.
2266 1937 2293 1987 ὁ
2327 1932 2587 2004 Πίνδαρος
2623 1931 2701 1997 δὲ,
2745 1932 2935 1984 πιστὸν
2968 1931 3063 1985 καὶ
3103 1929 3353 2002 ἀληθινὸν
3386 1926 3560 1997 λέγων
3611 1925 3706 1980 τὸν

2124 2027 2279 2092 Θεὸν,
2312 2025 2514 2098 ἔφησεν
2545 2024 2738 2090 οὕτως·

2231 2150 2343 2204 Καὶ
2366 2147 2490 2219 μὰν
2515 2143 2664 2200 Θεοῦ
2689 2141 2865 2214 γένος
2905 2140 3122 2196 πιστὸν
3148 2140 3260 2195 ἀεί.

2125 2263 2299 2328 Αὐτὸς
2331 2261 2440 2334 γὰρ
2473 2260 2735 2330 ὑπάρχων
2756 2259 2784 2312 ὁ
2815 2257 2913 2329 τῆς
2938 2255 3195 2327 ἀληθείας
3221 2252 3466 2324 γενέτης,
3493 2253 3593 2306 οὒκ
3638 2250 3708 2308 ἂν

2127 2357 2234 2411 ὑπὸ
2259 2355 2608 2428 ἀνθρωπίνης
2640 2351 2878 2414 διανοίας
2923 2348 3176 2421 ληφθείη,
3235 2349 3284 2401 εί
3330 2345 3404 2417 μὴ
3440 2345 3541 2416 τῆς
3575 2345 3709 2417 ἀλη-

2127 2444 2278 2509 θείας
2303 2445 2405 2515 τῆς
2435 2443 2600 2498 αὑτοῦ
2651 2439 3024 2514 πληρωθεῖσα,
3055 2439 3170 2509 φῶς
3199 2441 3263 2493 ὲκ
3299 2436 3504 2508 ταύτης
3542 2437 3704 2508 ἑαυτῇ

2129 2537 2268 2609 πρὸς
2291 2534 2390 2600 τὰς
2410 2527 2668 2607 ζητήσεις
2695 2533 2970 2603 ἀνάψειεν.

2200 2715 2276 2768 B’.
2309 2715 2373 2768 Εί
2407 2713 2539 2778 Θεὸς
2564 2710 2644 2778 εἷς
2670 2714 2840 2778 ἐστιν,
2868 2712 2945 2776 ὡς
2965 2711 3206 2782 Μωῦσῆς
3228 2709 3394 2778 λέγει’
3433 2727 3453 2760 t
3488 2709 3706 2768 Ἀκουε,

2143 2806 2381 2879 Ἰσραήλ·
2412 2805 2660 2880 Κύριοςὸ
2690 2804 2823 2868 Θεός
2848 2820 2943 2857 σου
2977 2803 3182 2873 Κύριος
3203 2798 3284 2864 εἷς
3305 2803 3470 2853 ἐστιν·
3507 2817 3525 2849 t
3562 2797 3655 2851 καὶ
3681 2795 3710 2848 ὁ

2095 2919 2102 2931 ·
2131 2901 2260 2963 Υἱὸς
2287 2899 2344 2954 δὲ
2390 2899 2708 2970 ἀνυμνεῖται
2745 2894 3038 2967 μονογενὴς
3095 2893 3227 2956 Θεὸς
3277 2892 3370 2945 καὶ
3401 2884 3479 2952 εἷς
3508 2887 3710 2960 Κύριος

2145 2989 2350 3060 Ἰησοῦς
2377 2989 2630 3061 Χριστός·
2662 2990 2729 3042 ὲκ
2767 2987 2968 3051 παντὸς
3011 2984 3294 3057 ὁμοούσιος
3346 2982 3441 3036 καὶ
3473 2980 3712 3050 ἰσότιμος

2131 3085 2210 3156 τῷ
2238 3083 2358 3156 Θεῷ
2381 3083 2476 3137 καὶ
2505 3084 2704 3154 Πατρὶ,
2735 3084 2802 3153 τῇ
2843 3081 2943 3151 μὲν
2993 3077 3289 3132 ὑποστάσει
3322 3073 3478 3136 ἄλλος
3504 3072 3597 3126 καὶ
3620 3071 3713 3125 ἄ).-

2133 3178 2246 3243 λος,
2285 3181 2352 3250 τῇ
2382 3177 2439 3231 δὲ
2464 3176 2678 3247 θεότητι
2706 3174 2799 3228 κα)⁵
2835 3171 3126 3243 συμφωνίᾳ
3154 3165 3255 3232 εἷς.
3299 3167 3388 3222 Ἐν
3418 3165 3590 3235 τούτῳ
3605 3164 3713 3233 γάρ

2133 3271 2282 3324 ἐστιν
2316 3270 2399 3334 τὸ,
2436 3289 2454 3320 ε
2489 3263 2572 3328 εἷς
2621 3267 2776 3331 Θεός.
2813 3285 2832 3318 t
2865 3263 3208 3336 Εὑρίσκομεν
3263 3259 3453 3330 ἀμέλει
3481 3274 3567 3318 ⁴τοι
3617 3253 3714 3308 καὶ

443 3345 605 3414 alius,
653 3355 708 3402 et
762 3349 901 3405 alius
944 3359 1093 3418 sunt,
1145 3353 1348 3408 deitate
1400 3363 1582 3409 autem
1636 3364 1691 3409 et
1735 3355 2024 3411 concordia

2135 3360 2401 3432 Ἕλληνας
2427 3355 2584 3424 αὖθις
2611 3359 2716 3412 ὑπὸ
2765 3357 3012 3427 ἀνάγκης
3055 3351 3295 3423 ἀφανοῦς
3331 3349 3428 3405 καὶ
3484 3349 3715 3408 ἄκοντας

396 3481 398 3484 .
447 3453 587 3493 unus
621 3457 634 3493 :
666 3441 769 3496 boc
811 3442 958 3498 enim
1016 3443 1293 3512 signiﬁcat
1346 3443 1518 3501 illud:
1565 3464 1584 3498 ι
1614 3445 1764 3502 Unus
1809 3447 1967 3502 Deus.
2000 3467 2020 3500 ι

446 3529 616 3596 Porro
667 3531 889 3589 Graecos
939 3549 1156 3605 quoque
1208 3536 1295 3591 hic
1343 3551 1536 3593 rursus
1589 3538 1898 3595 invenimus
1958 3541 2026 3595 ab

443 3622 654 3684 occulta
697 3625 1043 3693 necessitate,
1073 3643 1138 3682 ac
1175 3627 1372 3684 invitos
1403 3629 1470 3686 ad
1496 3630 1782 3686 veritatem
1835 3631 2028 3701 impul-

444 3727 556 3777 sos,
594 3722 647 3768 et
684 3714 902 3780 easdem
935 3719 1034 3772 hac
1071 3718 1125 3773 in
1150 3727 1325 3787 parte,
1380 3735 1518 3790 quas
1571 3721 1907 3789 nosmetipsi,
1953 3723 2030 3775 lo-

2132 3452 2572 3524 περιτραπέντας
2601 3453 2681 3515 εἰς
2714 3451 2813 3522 τὴν
2837 3448 3118 3521 ἀλήθειαν,
3174 3446 3269 3499 καὶ
3315 3441 3580 3516 ὁμοφώνῳ
3621 3439 3717 3494 καὶ

2132 3541 2477 3613 ὀμογνὼμονι
2523 3545 2654 3614 ἡμῖν
2681 3541 2918 3597 διαθέσει
2951 3541 3010 3594 ὲν
3030 3537 3107 3609 τῷ
3139 3537 3296 3610 μέρει
3319 3534 3493 3605 τούτῳ
3519 3549 3718 3604 κεχρη-

2138 3634 2355 3705 μένους,
2395 3634 2815 3704 ἀναφωνοῦντάς
2853 3649 2912 3687 τε
2951 3631 3245 3704 ἐγγράφως
3277 3628 3373 3683 καὶ
3419 3623 3717 3698 διαρρήδην

2135 3742 2328 3787 ταυταο

444 3803 696 3873 notiones
747 3806 1095 3877 adhibentes,
1153 3810 1418 3889 nobisque
1484 3813 1912 3879 consentientes,
1979 3815 2032 3870 in
2110 3821 2226 3872 suis
2314 3821 2559 3887 ipsorum
2614 3821 2833 3893 scriptis
2885 3827 3072 3890 aperte
3122 3816 3428 3873 exclamare
3472 3813 3525 3870 in
3577 3812 3720 3868 hunc

448 3900 665 3961 modum
694 3919 708 3956 :

519 4015 674 4072 Unus
701 4016 840 4072 Deus
871 4031 945 4074 est
964 4036 984 4085 ,'
1009 4022 1118 4092 ipse
1153 4021 1388 4078 omnium
1423 4039 1696 4093 supremus
1734 4039 1844 4090 rex,

2129 4023 2236 4093 Εἷς
2283 4028 2428 4094 Θεός
2453 4027 2641 4080 ἐστιν·
2671 4025 2828 4090 ἅναξ
2849 4021 3301 4092 πωυπέρτατος
3325 4021 3508 4094 αὑτρς
3530 4020 3719 4074 ἀπάν-

3447 4091 3465 4163 [
3475 4108 3608 4163 (ωνν

519 4151 591 4216 Et
638 4153 845 4226 genitor
892 4156 1106 4212 omnino
1161 4158 1360 4226 primus
1407 4168 1481 4214 est
1511 4168 1558 4214 et
1590 4159 1766 4240 radix,
1804 4169 1856 4240 et
1887 4163 2029 4227 prin-

2135 4169 2243 4225 Καὶ
2262 4168 2509 4240 τενέτης
2548 4169 2910 4236 πάμπρωτος
2941 4164 3080 4234 ἔφυ,
3107 4163 3206 4220 καὶ
3238 4160 3391 4233 ῥίζα,
3417 4151 3514 4216 iul
3537 4151 3714 4232 ἀρχή.

1688 4227 1929 4300 [σερεωη.

521 4308 612 4368 lll.
656 4313 712 4369 Si
733 4312 825 4371 Dei
840 4316 1057 4385 quidem
1073 4331 1270 4372 nomen
1299 4332 1516 4390 semper
1537 4327 1619 4374 est
1634 4337 1653 4369 ι
1675 4319 1857 4386 Pater,
1880 4339 1898 4372 ι
1919 4320 2039 4378 Filii

448 4418 655 4465 autetm
673 4407 864 4474 Filius,
878 4428 896 4462 ι
914 4421 994 4465 ett
1011 4395 1329 4480 Uuigenitus
1346 4428 1389 4479 ;t
1407 4412 1668 4468 naturalis
1679 4423 1782 4480 est,
1798 4429 1861 4468 ac
1875 4429 2034 4470 verus

446 4494 646 4562 Filius,
677 4509 732 4557 et
764 4501 1150 4571 sempiternus,
1177 4502 1340 4575 323
1369 4519 1475 4559 non
1502 4520 1638 4560 vero
1661 4515 1746 4560 est
1777 4505 1945 4562 Filius
1977 4517 2036 4563 ut

449 4603 640 4654 sumus
672 4608 769 4658 nos
796 4611 812 4660 ;
855 4595 945 4674 qui
973 4595 1118 4650 enim
1151 4593 1298 4650 Patri
1330 4606 1414 4652 est
1445 4596 1788 4666 Unigenitus,
1822 4598 2031 4653 nullum

2209 4325 2282 4378 Γ¹.
2313 4324 2376 4377 Εἰ
2396 4324 2482 4376 ἀεὶ
2504 4323 2696 4394 ὄνομα,
2722 4321 2800 4394 τῷ
2833 4331 2929 4394 μὲν
2950 4321 3069 4392 Θεῷ
3097 4320 3177 4386 τὸ,
3204 4338 3222 4372 ι
3251 4319 3462 4391 Πατὴρ,
3501 4338 3522 4373 t
3564 4317 3642 4388 τῷ
3663 4317 3720 4372 δὲ

2140 4415 2256 4486 Υἱῷ
2270 4415 2350 4478 τὸ,
2377 4435 2394 4466 ι
2418 4413 2566 4478 Υἱὸς,
2594 4433 2610 4464 t
2635 4413 2728 4466 καὶ
2757 4433 2773 4464 ι
2811 4410 3140 4481 Μονογενὴς,
3174 4429 3192 4461 t
3228 4408 3454 4479 φυσικὸς
3483 4408 3576 4461 καὶ
3590 4407 3721 4472 ἀλη-

2142 4507 2285 4570 θινός
2303 4507 2450 4559 ἐστιν
2486 4504 2635 4569 Υἱὸς,
2671 4505 2762 4558 καὶ
2787 4504 3041 4574 ἄναρχος,
3066 4501 3160 4554 καὶ
3186 4500 3246 4553 οὐ
3270 4499 3389 4553 καθ’
3408 4499 3554 4571 ἡμᾶς
3571 4496 3718 4561 Υἱός.

2151 4599 2211 4657 '0
2245 4595 2355 4668 γὰρ
2401 4595 2710 4666 Μονογενὴς
2739 4595 2815 4667 τῷ
2855 4595 3030 4668 Harp“.
3071 4594 3172 4648 οὐκ
3198 4594 3310 4665 ἔχει
3340 4592 3498 4662 φύσει
3519 4591 3721 4663 ὁμοπά-

524 4844 637 4916 (26)
682 4845 933 4917 Legitime
965 4848 1094 4902 cole.
1141 4847 1194 4916 In
1219 4849 1430 4916 Greco,
1468 4846 1877 4919 vdpt§5.7Quod
1914 4861 2029 4901 ver-

2141 4843 2849 4919 Airconarwp,77rporzatmp,
2879 4841 3130 4914 ἀπάτωρ,
3159 4841 3256 4919 7m
3290 4839 3619 4919 σεαυτοῢιξρ
3642 4845 3726 4919 est

451 4918 577 4970 hum
636 4919 822 4971 eodem
885 4931 1043 4973 sensu
1089 4919 1262 4974 Julius
1315 4919 1500 4974 Pollux
1536 4918 1788 4972 adhibet
1846 4919 1938 4971 lib.
1999 4932 2036 4982 ι,

451 5001 571 5061 cap.
589 4988 655 5061 7717
674 4987 795 5061 :7'0
821 4987 919 5061 μὲν
939 4988 1127 5061 [τοίνυν
1156 4989 1362 5061 (inquit
1383 4989 1586 5061 )ﬁeob;
1611 4987 1849 5061 vopiimv
1883 4987 2043 5060 ἀνὴρ,

2157 4937 2175 4968 ‹
2203 4917 2360 4970 Pater
2399 4919 2470 4968 tui
2514 4910 2702 4979 ipéius,
2752 4910 3088 4983 aute-pater,
3130 4914 3246 4967 sine
3295 4923 3467 4982 patre,
3515 4910 3614 4966 Fili
3647 4910 3722 4964 tui

2151 4988 2337 5056 ipsius.
2370 5006 2388 5038 t
2428 4987 2494 5040 At.
2523 4988 2613 5054 qui
2644 4985 2950 5040 accuratius
2976 4984 3138 5038 loculi
3167 4994 3314 5056 sunt,
3355 4998 3473 5038 sese
3515 4983 3580 5036 ab
3626 4983 3726 5037 hu-

452 5056 656 5130 καλοῖτ’
697 5056 763 5111 ἂν
797 5055 1050 5128 εὐσεϐής,
1095 5055 1285 5125 Μ’θει,
1348 5055 1649 5130 «Quisquis
1681 5055 1864 5114 autem
1901 5055 2029 5129 uso:

2141 5055 2381 5130 jusmodi
2415 5057 2645 5130 vocibus
2667 5056 3070 5130 abstinuerunt,
3107 5064 3174 5130 7ut
3219 5055 3476 5130 Didymus
3509 5063 3718 5130 noster,

457 5125 695 5198 legitime
713 5125 1032 5198 veneratur,
1062 5130 1181 5198 pius
1217 5125 1458 5185 vocetur.
1488 5149 1507 5183 ι

525 5197 640 5265 (27)
686 5197 1047 5265 Sempiternus
1064 5197 1304 5255 omnino.
1337 5201 1472 5258 Vide
1494 5211 1650 5257 notas
1679 5201 1732 5256 in
1761 5198 2039 5256 Pollucem

459 5267 553 5330 lib.
585 5283 645 5330 ιι,
671 5282 791 5336 cap.
825 5268 880 5332 2,
909 5283 1081 5336 segm.
1114 5270 1203 5323 M.

527 5338 640 5408 (98)
680 5337 792 5392 Sub
824 5339 1080 5412 consiliis.
1131 5341 1309 5412 Codex
1354 5340 1630 5408 mendose,
1687 5341 2030 5412 ὑποδηνεσις,

454 5405 575 5482 sine
595 5405 850 5482 accentu.
880 5405 1024 5479 Lego
1054 5409 1158 5464 ὑπὸ
1188 5410 1423 5482 ᾅήνεσιν.
1467 5481 1475 5482 7
1570 5481 1577 5482 7
1618 5405 1625 5408 ⁷
1684 5481 1690 5482 7
1847 5405 1859 5420 "

527 5479 641 5550 (29)
665 5549 674 5550 7
700 5476 804 5532 Per
833 5495 888 5533 se
919 5476 1144 5550 genitus.
1193 5476 1251 5536 1ιὶ
1294 5481 1768 5536 Conslilutionibus
1815 5496 2030 5550 aposto-

457 5549 592 5618 (ἱεὶς,
623 5549 819 5617 lib.vr,
855 5565 904 5604 c.
953 5549 1042 5616 11,
1089 5561 1143 5606 et
1195 5552 1246 5605 in
1286 5551 1762 5620 Recognitionibus,
1811 5549 1904 5611 lib.
1955 5571 2037 5619 Ill,

460 5635 609 5690 nutu.
643 5621 698 5685 5,
738 5621 772 5675 ii
803 5622 1294 5690 reprehenduntur,
1324 5623 1414 5689 qui
1445 5621 1610 5674 Deum
1657 5622 1843 5678 dicunt
1876 5626 2038 5680 αὐτοι

460 5688 734 5759 γένεθλον,
790 5688 884 5775 aut}
931 5691 1246 5774 αὑταίςειονη
1279 5688 1374 5746 aut.
1420 5690 1802 5775 αὑτοπάτορα,
1833 5696 1908 5775 7id
1961 5705 2045 5751 est.

471 5777 492 5820 ι
523 5775 620 5829 per
645 5764 997 5836 segenitum,
1016 5764 1131 5836 _su_i_
1150 5763 1318 5832 ipsius
1350 5763 1708 5836 causam,_sui
1745 5765 1915 5836 ipsius
1951 5782 2044 5836 pa-

472 5840 632 5904 trem.
659 5851 678 5885 ι
722 5833 857 5889 Vide
879 5832 1133 5898 Cotelerii
1165 5833 1540 5904 adnotationes
1559 5833 1623 5887 ad
1654 5850 1715 5889 ea
1745 5832 1896 5903 loca;
1934 5832 2042 5904 Sy-

479 5900 660 5970 ucsius
686 5911 866 5973 tamen
902 5905 958 5970 in
989 5894 1149 5973 tertio
1177 5905 1378 5990 hymno
1402 5903 1570 5973 Deum
1603 5905 1681 5974 sic
1712 5894 2042 5991 alloquitur;

2147 5123 2236 5196 qui
2286 5128 2455 5181 utitur
2519 5127 2738 5196 quidem
2789 5126 3011 5196 vocibus
3062 5123 3339 5195 αὐτοφυής
3390 5134 3445 5179 et
3495 5123 3720 5196 αὐτογεο

2146 5195 2262 5269 νής,
2308 5195 2649 5269 idestt’per
2680 5210 2738 5250 se
2771 5195 3059 5269 ex_sistens.
3088 5218 3107 5246 ι
3156 5207 3211 5248 at
3251 5211 3515 5269 nusquam
3559 5195 3724 5269 Dentri

2145 5264 2302 5323 vocat
2329 5264 2630 5332 αὐταίτιον,
2665 5276 2759 5321 aut
2789 5265 3155 5336 αὐτοπὰτορα,
3199 5276 3289 5320 aut
3323 5264 3726 5335 αὑτογένεθλον,

2141 5349 2230 5394 aut
2261 5339 2666 5409 αὑτολόχευτον.

2213 5410 2326 5481 (50)
2366 5401 2545 5480 Atq'ui.
2604 5405 2778 5481 Verba
2831 5414 2977 5481 suut7
3009 5403 3226 5481 Diudari
3275 5407 3328 5463 in
3360 5404 3582 5481 Nemeis
3624 5401 3728 5481 7oda

2140 5474 2340 5547 x,'ubi
2399 5474 2576 5536 tamen
2623 5479 2774 5535 deest
2801 5493 2903 5533 vox
2954 5474 3064 5543 ἀεί,
3120 5489 3174 5532 et
3212 5494 3311 5549 pro
3351 5474 3489 5531 Θεοῦ
3535 5476 3728 5546 legitur

2144 5550 2302 5606 θεῶν.

2214 5619 2329 5691 (31)
2372 5619 2617 5688 Impleta.
2643 5618 2824 5678 Codex
2854 5617 3120 5691 πληρωθῇ
3154 5617 3361 5688 σαφῶς.
3405 5617 3551 5690 Lego
3595 5613 3728 5692 πλη·

2148 5691 2546 5772 misisset???-

2221 5762 2334 5830 (52)
2365 5763 2530 5817 Audi.
2567 5763 2724 5817 Deut.
2755 5777 2830 5824 γι,
2856 5761 2912 5815 4.

2220 5833 2330 5906 (35)
2367 5832 2530 5893 Tuus.
2587 5833 2756 5890 Biblia
2792 5849 2807 5888 :
2841 5830 3018 5912 ἡμῶν,
3048 5832 3098 5888 id
3125 5842 3230 5904 est,
3262 5851 3282 5886 ‹
3307 5840 3512 5898 noster.
3536 5845 3563 5889 ἢ
