4056 6408
409 405 516 461 789

1485 390 1569 447 DE
1608 385 1986 445 TBINITATE
2024 379 2232 440 LIBER
2267 373 2588 436 TERTIUS.
3562 358 3674 415 790'

407 537 560 596 ‘l'ptW
620 515 870 586 ἀδελφὺν,
919 515 1042 569 οὑδὲ
1073 513 1290 583 λέγεται
1336 511 1542 582 πατὴρ,
1577 511 1744 580 μήπω
1797 523 1990 577 γεγεν-

2106 500 2259 556 habet
2309 497 2570 556 fratrem,
2634 488 2850 560 quicum
2913 495 3255 540 communem
3318 479 3512 535 habeat
3568 494 3668 550 pa-

2528 586 2559 596 ..
2602 583 2634 596 ._
2979 577 3023 596 ,_
3077 573 3162 596 μ,
3218 573 3452 596 ,φη-,Μ
3507 584 3639 596 MM

408 615 612 689 ποτικῶς.

481 791 554 844 Δ’.
589 788 650 842 Εἰ
677 789 916 858 εὐλόγως
931 789 1146 861 εἴρηται
1173 786 1342 856 Λόγος
1378 783 1512 839 Θεοῦ
1535 781 1662 856 [150
1691 779 1746 852 a]
1781 780 1808 832 ὁ
1841 777 1989 843 Υἱὸς,

410 884 749 952 συνυπάρχει
773 880 850 952 τῷ
903 883 1244 949 γεννήσαντι,
1299 877 1513 940 οἰκείως
1559 877 1626 946 τῇ
1671 872 1827 942 φύσει
1856 870 1992 941 ἔχων

409 974 583 1044 αὐτῷ,
620 975 714 1028 καὶ
746 973 973 1033 ἀπαθῶς
1009 973 1103 1026 καὶ
1128 973 1376 1043 ἀνάρχως
1395 967 1689 1039 γεννηθείς.
1726 964 1861 1018 Οὐδὲ
1885 961 1993 1033 γὰρ

409 1068 440 1120 6
485 1067 673 1138 Πατὴρ
704 1065 861 1130 ἐκτὸς
891 1063 988 1118 τοῦ
1019 1061 1321 1117 ὑποστατοῦ
1354 1062 1528 1129 Λόγου
1573 1056 1736 1112 αὑτοῦ
1764 1055 1994 1108 ἐπινοεῖ-

414 1159 539 1212 σθαι
571 1157 810 1211 δύναται·
844 1157 967 1211 οὔτε
1013 1156 1121 1228 μὴν
1154 1155 1324 1223 Λόγος
1351 1150 1615 1216 κτίζεται,
1647 1147 1782 1202 ἀλλά
1810 1146 1997 1216 γεννᾶ-

409 1269 500 1304 ται
526 1249 769 1314 ἀπαθῶς.
812 1246 1200 1320 Παραλλήλως,
1227 1245 1388 1300 εἰτοῦ
1421 1243 1556 1297 Θεοῦ
1589 1241 1760 1310 Λόγος
1791 1239 1884 1292 καὶ
1915 1254 1996 1290 σο-

413 1340 510 1410 φία
533 1341 759 1403 δικαίως
789 1340 1170 1410 ἐγγέγραπται
1211 1339 1240 1390 6
1289 1335 1442 1398 Υἱὸς,
1479 1333 1575 1386 καὶ
1611 1331 1678 1384 δι’
1712 1326 1876 1382 αὑτοῦ
1902 1325 1996 1395 γέι

411 1450 534 1502 γονε
561 1433 630 1487 τὰ
671 1433 868 1497 πάντα,
916 1432 1016 1485 οὐκ
1051 1430 1159 1484 ἀπὸ
1203 1429 1378 1496 Λόγου
1425 1424 1518 1478 τοῦ
1566 1421 1700 1475 Θεοῦ
1730 1420 1993 1481 ἔκτισται,

413 1527 529 1581 ἀλλ’
566 1526 675 1580 ἀπὸ
713 1524 947 1597 γαστρὸς
994 1523 1159 1578 αὑτοῦ
1199 1520 1542 1591 γεγέννηται.
1591 1510 1687 1578 Εἷς
1726 1508 1995 1582 γὰρδτοῦ

413 1620 549 1672 Θεοῦ
563 1619 756 1688 Λόγος,
788 1618 881 1671 καὶ
909 1617 966 1668 ὲν
989 1615 1126 1686 ποίῳ
1149 1613 1292 1684 ἄλλῳ
1320 1611 1476 1680 Λόγῳ
1507 1602 1652 1677 εἶχεν
1680 1602 1995 1674 κτισθῆναι;

415 1709 607 1764 Ταῦτα
635 1709 744 1780 γὰρ
785 1709 880 1762 καὶ
915 1706 1182 1776 Ἑλλήνων
1210 1701 1436 1772 λογάδες
1461 1695 1887 1770 διαγορεύουσιν·

492 1907 739 1975 Ἀῤῥητιτ
763 1905 873 1974 γὰρ
904 1908 1212 1959 τίκτουσιν
1243 1905 1302 1975 αἱ
1336 1899 1482 1956 Θεοῦ
1504 1897 1694 1975 Tag-al.

485 1967 715 2044 110tth
752 1967 980 2044 σὶὰλῖους
1009 1975 1078 2029 δὲ
1105 1975 1204 2028 καί
1227 1974 1466 2044 φύσεως
1493 1967 1833 2037 ὑπέρτερος.

487 2154 563 2207 E'.
593 2153 653 2206 Ei
698 2151 844 2206 ἔστιν
883 2150 912 2203 6
963 2151 1110 2214 Υἱὸς,
1147 2149 1221 2213 ὠς
1266 2145 1502 2217 ἐδείχθη,
1537 2141 1674 2214 αὐτὴ
1712 2142 1745 2213 ἡ
1779 2137 1996 2201 αἰώνιος

419 2247 534 2317 ζωὴ
583 2245 676 2299 καὶ
718 2244 834 2313 φῶς
886 2244 947 2297 τὸ
984 2241 1275 2313 ἀληθινὸν,
1298 2239 1392 2293 τοῦ
1439 2233 1578 2292 εἶναι
1625 2235 1718 2288 καὶ
1764 2234 1862 2304 ζῇν
1895 2231 1995 2283 οὐκ

419 2336 639 2408 ἤρξατο.
701 2335 812 2388 Καὶ
866 2331 1256 2405 παραλλήλως,
1311 2333 1359 2382 εἰ
1406 2329 1551 2382 ἔστιν
1596 2325 1772 2380 ταῦτα
1823 2323 1914 2376 καὶ
1966 2321 1995 2373 6

421 2429 640 2499 Πατὴρ,
675 2425 795 2480 οὐδὲ
852 2425 994 2479 κατά
1062 2422 1360 2493 ἐνθύμησιν
1415 2421 1472 2474 ἐν
1525 2436 1632 2474 τινι
1685 2413 1994 2487 παραλλάτ-

420 2536 521 2573 τει.

492 2610 582 2678 (ζ’.
616 2611 678 2664 Εἰ
706 2609 934 2681 δύναμις
988 2609 1080 2662 καί
1121 2608 1281 2678 σοφία
1308 2607 1336 2660 6
1368 2605 1496 2668 Υἱὸς
1546 2597 1686 2657 εἶναι
1722 2599 1817 2654 τοῦ
1859 2596 1996 2652 Θεοῦ

422 2705 654 2774 εἴρηται,
705 2702 1038 2774 συνάναρχός
1085 2703 1202 2754 ἐστι
1228 2699 1306 2771 τῷ
1355 2698 1695 2768 γεννήσαντι·
1735 2692 1856 2746 οὐδὲ
1889 2691 1996 2762 γὰρ

423 2789 508 2863 ἦν,
541 2793 632 2846 ὅτε
673 2792 829 2855 ἐκτὸς
872 2791 1079 2844 τούτων
1117 2789 1407 2860 ὑπῆρχενὸ
1441 2784 1650 2856 Πατὴρ,
1683 2782 1803 2836 οὑδὲ
1837 2796 1999 2851 προσ-

423 2886 555 2953 ῆκεν
588 2885 785 2946 εἰπεῖν,
825 2883 907 2936 ὅτι
945 2881 1020 2953 μὴ
1065 2881 1223 2952 ἔχων,
1257 2879 1481 2949 ὕστερον
1511 2874 1690 2929 ὁτιοῦν
1730 2872 2000 2945 προσέλα-

424 2974 537 3029 6εν.
570 2976 680 3028 Καὶ
699 2975 748 3028 οἱ
803 2974 912 3028 ἀπὸ
959 2973 1059 3043 τῆς
1093 2971 1289 3036 ἔξωθεν
1322 2971 1380 3024 δὲ
1416 2968 1607 3037 σοφίας
1633 2985 1686 3019 τι
1719 2964 1996 3037 μαθόντες,

425 3066 484 3118 οὑ
527 3065 773 3136 δεύτερον
805 3060 966 3127 εἶδος,
999 3065 1058 3116 ού
1099 3062 1353 3132 δεύτερον
1387 3059 1598 3131 χρόνον,
1629 3058 1679 3110 εἰ
1717 3056 1875 3126 θέμις
1904 3054 1998 3108 οῦ-

426 3175 502 3211 τω
543 3158 726 3227 φάναι,
779 3156 1061 3227 ὑπάρξεως
1095 3156 1348 3228 θεότητος
1377 3147 2000 3224 θεωρήσαντες,ἔφησαν

427 3252 567 3323 πρὸς
602 3251 703 3322 τὴν
739 3250 921 3305 αὐτῶν
969 3249 1198 3320 δύναμιν
1224 3247 1371 3302 τάδε·

429 3451 618 3519 Αὐτὸς
640 3451 836 3506 πάντα
862 3451 1025 3521 φέρει
1061 3449 1207 3517 Θεὸς
1235 3448 1542 3519 ἄμϐροτος·
1580 3443 1765 3510 αὐτὸς
1788 3441 2006 3496 ἑαυτοῦ

431 3587 541 3642 Kal
568 3586 834 3659 γενέτης,
866 3585 967 3640 καὶ
983 3585 1117 3654 ῥίζα
1147 3585 1339 3648 πέλει,
1372 3583 1470 3637 καὶ
1500 3582 1702 3652 τέρμα,
1731 3579 1827 3634 καὶ
1855 3579 2002 3644 υἱός.

502 3703 573 3754 Z'.
605 3698 768 3770 Εἰτῷ
821 3700 994 3772 Ilath
1032 3699 1161 3763 ἴσως
1196 3697 1379 3763 σώζει,
1420 3696 1515 3751 ἆτε
1548 3694 1678 3767 [150
1708 3693 1761 3766 b]
1795 3693 2008 3764 Σωτὴρ,

2097 603 2272 656 trem;
2343 601 2443 643 nec
2509 583 2710 640 dicitur
2769 587 2922 650 pater
2979 577 3026 631 is
3073 573 3164 644 qui
3218 573 3455 628 nondum
3506 584 3668 641 gene-

2093 682 2250 738 ravit.

2165 768 2254 824 IV.
2301 768 2356 822 Si
2400 776 2545 821 recte
2591 762 2760 817 Filius
2807 758 2987 814 dictus
3023 764 3108 812 est
3160 753 3395 808 Verbum
3424 749 3543 813 Dei,
3573 763 3672 804 eo-

2097 861 2318 916 exsistit
2340 873 2468 929 ergo
2491 853 2744 926 genitori,
2773 852 2996 922 ejusque
3027 863 3122 918 per
3151 855 3398 899 naturam
3423 842 3674 912 proprius

2093 961 2198 1016 est,
2233 963 2286 1007 et
2313 947 2758 1020 impassibiliter,
2788 952 2949 1010 atque
2967 941 3034 994 ab
3059 947 3264 994 mterno
3308 934 3523 1006 genitus
3548 932 3670 985 fuit.

2096 1044 2230 1100 Nam
2267 1059 2366 1102 nec
2401 1041 2560 1096 Pater
2593 1034 2802 1101 concipi
2851 1041 3030 1104 potest
3097 1029 3221 1084 sine
3271 1026 3442 1096 ipsius
3499 1020 3676 1079 Verbo

2095 1136 2425 1192 subsistente
2469 1131 2620 1203 (54):
2658 1143 2832 1195 neque
2890 1122 3123 1177 Verbum
3181 1127 3420 1179 creatur,
3456 1113 3549 1168 sed
3581 1126 3673 1182 ge-

2097 1237 2316 1284 neratur
2359 1221 2784 1294 impassibiliter.
2834 1215 3097 1270 Similiter
3123 1253 3138 1279 ,
3169 1212 3216 1266 si
3260 1208 3354 1264 Dei
3413 1205 3674 1268 Verbum,

2096 1330 2149 1375 et
2182 1315 2456 1387 Sapientia
2491 1314 2682 1368 merito
2715 1310 2890 1363 dictus
2921 1315 3003 1360 est
3044 1303 3214 1359 Filius
3258 1302 3311 1356 in
3353 1296 3676 1368 Scripturis,

2109 1427 2172 1466 ac
2219 1411 2263 1464 si
2299 1428 2316 1460 t
2352 1424 2448 1478 per
2478 1407 2649 1475 ipsum
2681 1403 2819 1455 facta
2848 1407 2974 1452 sunt
2995 1395 3199 1459 omnia,
3236 1412 3256 1444 ι
3285 1407 3389 1446 non
3419 1389 3520 1444 fuit
3545 1403 3684 1458 ergo

2106 1513 2324 1558 creatus
2354 1517 2419 1554 ex
2450 1497 2626 1553 Verbo
2657 1493 2774 1559 Dei,
2803 1491 2896 1546 sed
2933 1504 2997 1544 ex
3032 1497 3219 1542 ventre
3245 1484 3362 1554 ejus
3386 1489 3691 1552 generatus:

2102 1595 2207 1650 fuit
2255 1613 2268 1649 :
2314 1609 2434 1648 cum
2483 1591 2626 1644 enim
2684 1601 2849 1640 unum
2905 1583 2976 1638 sit
3029 1580 3126 1635 Dei
3158 1578 3430 1644 Verbum;
3474 1573 3525 1629 in
3566 1587 3676 1645 quo

2103 1689 2210 1744 alio
2238 1687 2418 1743 Verbo
2453 1684 2566 1756 (55)
2597 1679 2772 1737 creari
2823 1674 3038 1746 potuit?
3088 1673 3214 1729 Haec
3263 1684 3428 1742 porro
3455 1667 3687 1725 Graeco--

2101 1793 2220 1834 rum
2259 1777 2422 1831 etiam
2450 1773 2718 1844 sapientes
2740 1769 3028 1823 edixerunt
3058 1784 3072 1819 :

2022 1871 2069 1932 Β
2169 1888 2471 1960 lne/fabilia
2502 1887 2640 1941 enim
2686 1884 2898 1954 gignunt
2937 1878 3030 1933 Dei
3072 1873 3452 1960 generationes.

2180 1949 2304 2032 Ipse
2352 1975 2470 2013 vero
2520 1949 2705 2026 ηψπ-α’
2736 1949 2938 2008 omnem
2991 1950 3288 2018 passionem
3340 1953 3387 1998 et
3429 1949 3690 2083 mittimur

2176 2035 2183 2043 ’
3506 2021 3602 2066 est.

3506 2021 3602 2066 est.

2169 2147 2234 2201 V.
2277 2145 2332 2202 Si
2363 2143 2553 2209 Filius,
2595 2148 2654 2196 ut
2697 2149 2973 2195 ostensum
3015 2134 3135 2200 fuit,
3180 2140 3264 2186 est
3320 2130 3436 2200 ipsa
3473 2139 3676 2182 {eterna

2101 2242 2232 2307 vita,
2266 2250 2320 2295 et
2347 2239 2438 2292 lux
2469 2251 2617 2300 vera,
2667 2232 2912 2304 profecto
2952 2243 3072 2284 esse
3103 2235 3154 2279 et
3187 2223 3368 2278 vivere
3406 2235 3514 2274 non
3557 2233 3672 2272 ca:-

2101 2330 2199 2400 pit.
2244 2329 2310 2382 Et
2351 2325 2623 2388 similiter,
2675 2323 2720 2377 si
2771 2320 2933 2375 Pater
2963 2329 3178 2387 quoque
3205 2319 3290 2367 est
3317 2313 3431 2365 haec
3461 2308 3673 2371 eadem,

2101 2421 2156 2474 in
2185 2419 2328 2474 nulla
2366 2433 2426 2472 re
2455 2417 2523 2470 ab
2547 2429 2614 2469 eo
2643 2411 2823 2468 tliﬂ‘ert
2842 2409 3032 2473 Filius,
3058 2420 3126 2461 ne
3151 2403 3447 2461 secundum
3471 2397 3678 2468 cOgita-

2103 2511 2302 2566 tionem
2333 2509 2571 2578 quidem.

2177 2602 2261 2658 VI.
2305 2601 2362 2656 Si
2394 2601 2592 2656 dicitur
2642 2595 2811 2651 Filius
2867 2607 2987 2649 esse
3042 2588 3282 2661 potentia
3323 2593 3378 2639 et
3414 2579 3688 2652 sapientia

2105 2695 2222 2760 Dei,
2255 2701 2560 2748 coaeternus
2590 2699 2675 2744 est
2709 2685 2940 2759 genitori
2969 2701 2984 2750 ;
3023 2698 3146 2737 nant
3177 2693 3353 2748 neque
3385 2675 3546 2730 Pater
3577 2671 3679 2726 fuit

2110 2799 2348 2856 unquam
2391 2784 2508 2838 sine
2555 2781 2662 2843 his,
2710 2791 2887 2846 neque
2935 2776 3115 2830 dicere
3139 2773 3284 2835 licet,
3327 2783 3449 2823 eum
3481 2762 3684 2833 aliquid

2105 2879 2233 2934 olim
2265 2891 2369 2931 non
2410 2873 2690 2935 habuisse,
2733 2867 3093 2939 quodcunque
3137 2865 3190 2920 id
3242 2863 3332 2928 sit,
3389 2874 3454 2914 ac
3498 2865 3688 2927 postea

2107 2969 2240 3024 illud
2289 2966 2585 3036 accepisse.
2643 2963 2743 3030 Qui
2780 2975 2908 3015 vero
2945 2975 3012 3014 ex
3049 2956 3388 3012 ethnicorum
3419 2946 3695 3020 sapientia

2111 3061 2315 3131 aliquid
2350 3059 2679 3123 didicerunt,
2706 3055 2741 3108 ii
2772 3067 2946 3123 neque
2969 3049 3260 3106 secundam
3291 3045 3528 3113 aliquam
3557 3054 3690 3110 spe-

2107 3153 2266 3213 cietn.
2318 3165 2420 3204 nec
2465 3158 2679 3215 tempus
2735 3143 2951 3214 aliquod
3007 3139 3330 3201 secundum,
3383 3135 3428 3188 si
3485 3133 3560 3186 ita
3604 3130 3687 3184 Io-

2033 3238 2076 3292 C
2109 3246 2198 3315 qui
2236 3245 2316 3298 Ias
2349 3252 2453 3305 est,
2484 3241 2537 3293 in
2569 3239 2793 3293 Deitatis
2825 3232 3146 3291 exsistentia
3179 3227 3544 3300 speculantes,
3573 3223 3698 3277 haec

2105 3351 2203 3406 pro
2227 3349 2415 3390 eorum
2438 3331 2646 3386 viribus
2679 3330 2931 3384 dixerunt
2960 3341 2974 3379 :

2177 3447 2300 3516 Ipse
2383 3445 2558 3500 omnia
2629 3441 2726 3512 fert
2793 3439 2935 3494 Deus
2997 3432 3367 3496 immortalis;
3433 3429 3556 3516 ipse.
3607 3425 3695 3480 sui

2181 3589 2250 3643 Et
2289 3589 2512 3659 genitor,
2553 3593 2601 3638 et
2651 3583 2806 3636 radix
2843 3589 2940 3646 est,
2988 3587 3036 3632 et
3089 3574 3365 3639 terminus,
3423 3499 3700 3637 «Bpgl‘i‘us.

2182 3701 2292 3758 VII.
2336 3701 2391 3756 Si
2438 3713 2589 3768 teque
2629 3712 2692 3751 ac
2735 3696 2918 3760 Pater,
2955 3691 3151 3754 salvat,
3182 3696 3369 3757 utpote
3398 3683 3676 3746 Salvator,

431 3793 512 3847 ἔτι
546 3793 650 3864 μὴν
683 3791 774 3844 καὶ
803 3789 1032 3859 σοφίζει,
1064 3789 1338 3860 ἀληθεύει,
1361 3788 1580 3852 δικαιοῖ,
1618 3785 1854 3856 ἁγιάζει*
1917 3787 2004 3839 καὶ

2112 3806 2168 3852 et
2201 3800 2422 3862 insuper
2453 3793 2497 3847 si
2529 3789 2803 3859 sapientes
2832 3786 3028 3848 reddit,
3063 3783 3107 3838 si
3137 3795 3300 3835 verax
3332 3787 3441 3842 est,
3470 3777 3514 3830 si
3536 3774 3698 3846 justi-

2121 3890 2146 3898 ,ι
2228 3896 2234 3898 .
2326 3888 2337 3898 .
2515 3885 2584 3898 λη
2661 3893 2672 3898 -
2751 3897 2796 3898 ,,
2850 3881 2887 3898 ,ε
2929 3877 3096 3898 -_._:-
3161 3885 3492 3898 ...ηυυηηυ-...ι
3540 3867 3698 3898 υηιιηι

433 3886 480 3937 εἰ
514 3885 712 3947 πάντα,
741 3884 838 3936 ὅσα
867 3883 933 3936 ἂν
980 3885 1008 3936 ὁ
1064 3882 1253 3953 Πατὴρ
1288 3883 1438 3952 ποιῇ,
1486 3879 1659 3933 ταῦτα
1693 3880 1786 3932 καὶ
1811 3880 1840 3932 6
1886 3876 2004 3940 Υἱὸς

2115 3890 2262 3954 ﬂeat,
2295 3888 2339 3942 si
2374 3885 2700 3951 sanctiﬁcat,
2743 3897 2805 3935 ac
2845 3881 2889 3934 si
2922 3877 3102 3934 omnia
3157 3885 3492 3944 quaecunque
3538 3867 3705 3922 Patet:

434 3975 634 4047 ὁμηίαις
665 3976 826 4040 ποιεῖ,
856 3976 957 4028 οὐκ
990 3973 1242 4045 ἀνόμοιος
1260 3972 1409 4044 αὐτῷ
1438 3971 1811 4042 ἀναφαίνεται.

2119 3981 2276 4043 facit,
2339 3978 2456 4032 litec
2501 3977 2665 4032 etiam
2717 3971 2892 4028 Filius
2936 3968 3187 4025 similiter
3235 3965 3408 4019 facit:
3470 3969 3700 4032 apparet

2120 4088 2243 4128 eum
2278 4087 2384 4125 non
2419 4083 2539 4124 esse
2569 4066 2718 4121 Patri
2747 4063 3088 4119 dissimilem.

509 4166 591 4222 H’.
627 4167 692 4220 El
728 4165 835 4220 τοῦ
885 4163 1021 4218 Θεοῦ
1065 4165 1159 4218 τοῦ
1186 4164 1447 4229 ἀνειδέου,
1480 4165 1576 4218 καὶ
1603 4164 1860 4235 ἀοράτου,
1923 4163 2004 4218 και

2194 4162 2325 4219 VIII.
2367 4162 2423 4216 Si
2471 4160 2642 4216 forma
2690 4157 2952 4219 carentis,
2992 4165 3047 4209 et
3087 4151 3400 4216 invisibilis,
3428 4157 3485 4204 et
3512 4145 3721 4202 aeterni-.-

2121 4256 2162 4272 τι
2204 4255 2214 4272 ρ
2304 4256 2341 4272 ,-
2386 4265 2434 4272 η-
2501 4253 2703 4272 n,-_t___
2763 4248 3000 4272 II.-I._....:..
3051 4244 3236 4272 ..η-ηιξ.
3323 4241 3578 4272 "thuulnp
3618 4248 3698 4272 nu

442 4257 698 4330 ἁνάρχου,
742 4258 818 4322 ὡς
853 4255 1067 4321 Παῦλος
1120 4256 1393 4328 Ἑϐραίοις
1429 4257 1650 4327 γράφει,
1678 4254 2004 4325 ἀπαύγασμὰ

2121 4255 2243 4319 Dei,
2299 4256 2442 4309 sicut
2501 4253 2707 4308 Paulus
2763 4248 3004 4305 Hebraeis
3051 4244 3264 4307 scribit,
3322 4241 3578 4312 splendor
3618 4248 3704 4292 est

443 4353 588 4406 ἐστιν
615 4353 714 4423 τῆς
736 4349 916 4421 δόξης,
962 4349 1057 4402 καὶ
1077 4349 1364 4420 χαρακτὴρ
1403 4349 1502 4416 τῆς
1525 4347 1903 4413 ὑποστάσεως,
1926 4348 2004 4402 καὶ

2121 4348 2327 4416 glorize,
2383 4356 2438 4402 et
2494 4346 2785 4400 character
2837 4339 3002 4412 324
3028 4337 3366 4401 substantiae,
3428 4343 3482 4389 et
3524 4334 3704 4399 imago

442 4440 606 4495 εἰκὼν
648 4443 677 4494 6
726 4440 1056 4512 Μονογενὴς,
1088 4441 1180 4494 καὶ
1229 4443 1278 4494 εἰ
1331 4439 1497 4502 αὐτὸς
1539 4437 1795 4510 ἀληθεύει
1824 4437 1997 4508 λέγων

2125 4437 2472 4508 Unigenitus,
2517 4451 2584 4492 ac
2636 4434 2682 4490 si
2737 4435 2856 4502 ipse
2897 4447 3061 4485 verax
3119 4440 3226 4494 est,
3254 4444 3376 4483 cum
3413 4427 3509 4492 ait,
3558 4422 3705 4491 «Qui

451 4553 469 4584 t
522 4534 581 4589 Ὀ
635 4533 896 4603 ἑωρακὼς
939 4534 1061 4604 ἐμὲ,
1126 4531 1371 4605 ἑώρακεν
1416 4533 1506 4586 τὸν
1555 4531 1794 4602 Πατέραο
1834 4551 1853 4584 ι
1889 4531 1999 4584 ’καὶ

2128 4529 2242 4599 ('56)
2289 4529 2424 4584 vidit
2452 4542 2559 4596 me,
2595 4526 2731 4581 vidit
2759 4525 3006 4588 Patrem;
3039 4540 3059 4574 ι
3101 4529 3176 4585 el,
3211 4539 3229 4571 ι
3252 4519 3363 4591 Ego
3387 4518 3500 4588 (ετ)
3528 4525 3583 4573 et
3603 4517 3707 4572 Pa—

452 4644 470 4675 ι
519 4624 657 4694 Ἐγὼ
676 4627 769 4679 καὶ
798 4629 827 4679 6
861 4625 1049 4696 Πατὴρ
1077 4627 1136 4678 ἓν
1169 4628 1356 4697 ὲσμενο
1389 4645 1406 4677 i
1427 4625 1708 4696 όμοούσιός
1733 4629 1902 4690 ἐστιν,
1930 4627 2004 4680 κα

2132 4631 2214 4676 ter
2245 4635 2408 4673 unum
2437 4631 2668 4672 sumus:
2703 4634 2724 4668 ι
2780 4613 3032 4685 profecto
3071 4609 3553 4666 consubstantialis
3599 4616 3722 4671 est,

447 4717 800 4787 συνάναρχος.
857 4717 949 4770 καὶ
1018 4717 1146 4780 ἴσος,
1198 4717 1291 4771 καὶ
1324 4718 1741 4788 ἀπαράλλακτος
1795 4718 1870 4788 τῷ
1903 4718 2004 4788 Θεᾷ

2128 4724 2184 4771 et
2223 4724 2544 4778 coaeternus,
2587 4723 2642 4766 et
2680 4709 2942 4780 :equalis,
2982 4717 3036 4762 et
3075 4704 3252 4774 quoad
3296 4702 3476 4758 omnia
3518 4701 3724 4756 similis

448 4807 638 4875 Πατρί.
670 4808 779 4861 Καὶ
810 4807 918 4878 γὰρ
941 4807 1005 4860 ὲκ
1041 4808 1218 4876 φωτὸς
1256 4808 1370 4876 φῶς
1400 4809 1498 4879 οὐχ
1532 4810 1883 4880 ἐτεροουσίως
1903 4809 2024 4862 οὐδὲ

452 4899 746 4969 μετέπειτα
785 4901 1061 4968 γεννᾶται·
1096 4901 1191 4954 καὶ
1247 4901 1534 4973 χαρακτὴρ
1573 4903 1923 4966 ὑποστάσεως
1968 4903 2029 4956 τὸ

448 4991 640 5043 ταυτὺν
671 4989 766 5043 καὶ
797 4991 1215 5062 ἀπαράλλακτον
1264 4993 1366 5064 τῆς
1417 4993 1652 5062 φύσεως,
1696 4993 1792 5047 καὶ
1847 4993 2029 5062 δόξης,

449 5083 542 5135 καὶ
572 5084 1040 5153 παντοκρατορίας
1077 5084 1243 5153 δηλοῖο
1275 5086 1369 5139 καὶ
1409 5084 1573 5139 εἰκὼν
1599 5085 1792 5156 λογικὴ
1824 5085 1885 5138 τὸ
1919 5086 2031 5138 ἴσον

447 5174 542 5227 καὶ
570 5174 755 5244 ὅμοιον
785 5177 1061 5246 σημαίνει·
1118 5177 1213 5229 καὶ
1245 5178 1274 5230 ὁ
1310 5176 1524 5248 βλέπων
1563 5175 1768 5247 κτίσμα
1813 5178 1875 5230 οὑ
1916 5176 2034 5246 βλέ-

447 5283 541 5319 πει
566 5265 656 5319 τὸν
685 5267 959 5321 ἄκτιστον.
1001 5266 1098 5321 Ἓν
1134 5268 1243 5340 γὰρ
1276 5267 1429 5322 εἶπεν
1459 5264 1678 5343 εἷναιτῇ
1705 5269 2037 5340 θεότητιτάς

2131 4808 2242 4863 Deo
2283 4806 2451 4872 Patri,
2501 4803 2748 4873 nihilque
2795 4803 2864 4856 ab
2900 4817 2966 4855 eo
2996 4799 3338 4867 discrepans.
3382 4794 3512 4848 Nam
3557 4793 3644 4848 lux
3681 4809 3714 4848 e

2133 4900 2253 4955 luce
2279 4913 2453 4968 neque
2473 4896 2784 4951 lieterousie
2837 4893 2912 4962 (itI
2957 4902 3042 4947 est
3084 4904 3208 4944 cum
3254 4886 3555 4941 diversitate
3591 4885 3716 4938 sub-

2133 4988 2362 5058 stantiw)
2421 4995 2736 5058 generatur,
2790 4998 2891 5038 nec
2948 4980 3267 5051 posterius;
3323 4985 3376 5030 et
3429 4977 3727 5030 character.

2134 5082 2450 5137 substantia:
2498 5081 2701 5134 iudicat
2736 5077 3101 5139 identitatem,
3124 5085 3454 5140 omnemque
3480 5067 3733 5124 excludit-

2138 5184 2366 5236 nttturie,
2409 5181 2464 5227 et
2519 5171 2724 5240 gloriae,
2762 5181 2815 5224 et
2842 5165 3250 5237 omnipotentiae
3274 5160 3722 5230 discrepantiam;

2137 5278 2191 5324 et
2225 5267 2401 5334 imago
2432 5265 2709 5318 rationalis
2742 5263 2962 5316 denotat
2995 5258 3362 5330 aequalitatem
3413 5268 3479 5308 ac
3528 5252 3722 5307 simili-

452 5359 800 5470 ὑποστάσεις,
832 5361 929 5416 καὶ⁹
965 5362 1024 5415 ὲν
1067 5361 1214 5416 ὲνάδι
1246 5363 1435 5426 οὐσίας
1474 5342 1764 5417 ’διέσταλκε
1795 5361 1918 5432 δίχα
1969 5379 2004 5414 τ.

2143 5359 2427 5424 tudinem;
2466 5367 2521 5410 et
2574 5357 2666 5426 qui
2720 5353 2866 5410 videt
2907 5361 3244 5415 creaturam,
3288 5363 3393 5403 non
3444 5345 3585 5399 videt
3635 5342 3726 5400 In:

454 5468 744 5523 πρόσωπα.

523 5636 640 5724 ίῳ)
669 5636 1035 5724 inminente:
1086 5633 1143 5724 In
1202 5635 1415 5724 Grie‘co,
1472 5634 1815 5724 ὑποστατοῦῖν
1855 5634 2004 5690 Simil

2146 5635 2270 5724 ipsa
2311 5633 2530 5724 ratione
2545 5629 3047 5724 ﬁrmitas-“refellit
3087 5632 3250 5685 fract.
3299 5626 3316 5680 i
3360 5622 3416 5676 in
3440 5619 3737 5684 Joannem,

455 5701 1060 5792 modo'_§lenieii_s'lib.
1117 5723 1214 5792 vni
1241 5747 1256 5772 ,
1303 5706 1502 5762 Strom.
1543 5722 1665 5778 pag.
1713 5707 1838 5773 915,
1892 5706 2037 5776 quod
2146 5701 2429 5792 nuing‘II‘,
2468 5718 2592 5792 pag.
2631 5702 2760 5763 293,
2801 5710 2930 5792 torri;
2966 5701 3047 5756 Ill.

457 5777 725 5842 subsistit,
749 5788 910 5831 vocat
936 5771 1260 5832 Onomatov.
1543 5771 1560 5777 ’
1614 5771 1641 5778 ⁷
1825 5771 1833 5773 ’
1908 5771 1924 5776 “

2217 5774 2333 5844 (56)
2376 5773 2497 5844 Qui.
2541 5771 2697 5844 .lloau.
2738 5787 2860 5844 χιιι,
2888 5772 2943 5826 9.

447 5891 454 5918 ,
531 5845 648 5918 (35)
687 5841 753 5904 In
781 5865 881 5919 quo
917 5847 1027 5903 alio
1058 5846 1248 5905 Verbo.
1276 5847 1542 5907 Prmclare
1575 5849 1908 5922 Augustinus
1935 5846 2042 5904 bac
2221 5841 2334 5918 (57)
2374 5843 2507 5916 Ego.
2555 5841 2801 5915 Joau._x,
2834 5842 2891 5896 '5.
