4056 6406
457 327 554 383 Ἰυί

1732 333 1971 388 ΒΙΒΥΜΙ
2011 335 2032 387 ,Α

2131 334 2480 391 εΧΑΝοΒΙΜ
3622 337 3716 393 792

453 453 720 502 creatum.
783 445 960 503 Unum
1007 449 1152 504 enim
1217 447 1417 504 deitate
1466 449 1543 503 ait
1592 466 1712 505 esse
1763 451 2080 522 bypostascs
2143 454 2274 524 (5.3),
2315 463 2370 509 et
2421 455 2475 508 in
2527 452 2733 509 unitate
2777 451 3029 510 essentia:
3091 451 3203 524 (39)
3272 448 3524 506 distinxit
3597 465 3718 523 per-

451 556 636 598 sonas.

523 633 614 689 IX.
657 633 714 692 Si
765 636 910 691 Deus
953 645 1008 693 et
1063 636 1223 692 Pater
1247 647 1330 694 est
1365 639 1734 704 immutabilis,
1787 655 1887 697 nec
1938 657 2028 709 po-

2205 640 2283 694 8’.
2333 640 2396 692 Ei
2461 635 2789 706 ἄτρεπτοςὸ
2831 634 2964 698 Θεὸς
2992 633 3088 688 καὶ
3141 632 3357 704 Πατὴρ,
3408 630 3524 686 οὗθ’
3573 630 3718 684 ὓστε-

450 727 648 782 sterius
719 727 912 796 igitur,
978 727 1462 800 nec'passibiliter
1543 731 1870 800 generavit,
1939 733 2033 786 sed

451 817 592 873 sicut
634 817 720 874 lux
750 819 1088 891 splendorem
1121 821 1311 893 gignit,
1364 823 1770 893 impassibiliter
1819 837 2032 892 nempe,

450 916 506 963 et
566 910 860 978 continue;
918 920 1005 966 est
1067 912 1210 967 enim
1251 914 1624 984 incorporeus.
1677 914 2030 969 Etlmicorum

450 1017 666 1072 quoque
693 1005 988 1074 sapientes,
1015 1015 1174 1075 prout
1200 1019 1390 1060 eorum
1422 1005 1629 1061 ferebat
1660 1005 2030 1070 imbecillitas,

450 1093 524 1148 ita
551 1093 899 1149 crediderunt
923 1112 935 1150 :

519 1183 634 1240 Nec
663 1187 802 1241 enim
835 1204 900 1242 ea:
930 1198 1116 1258 partus
1158 1187 1338 1244 dolore
1377 1189 1516 1244 Deus
1562 1188 1901 1258 immortalis,
1941 1206 2028 1244 ne-

931 1257 937 1258 7
1568 1257 1691 1332 [que
1719 1276 1783 1312 ει
1813 1263 1930 1312 sinu

532 1325 738 1380 Ventris
781 1343 874 1396 per
915 1328 1238 1383 obstetricem
1278 1329 1447 1382 lucem
1506 1329 1667 1398 fecit;
1705 1331 1796 1382 sed
1849 1330 2030 1384 metuis

520 1397 788 1467 lneﬂ'abils‘
838 1401 1174 1454 conversione
1222 1399 1336 1472 (40)
1400 1397 1774 1480 circumactus,
1825 1416 1918 1480 per
1977 1418 2032 1454 se

520 1535 656 1607 Est,
711 1553 743 1592 α
801 1539 1078 1609 semetipso
1123 1542 1231 1610 ipse
1274 1539 1564 1608 exsistam,
1629 1550 1676 1595 et
1985 1551 2031 1595 et

1761 1609 1954 1681 [mm

516 1701 590 1760 Χ.
653 1699 710 1758 Si
768 1702 952 1758 omnis
1032 1711 1280 1757 creatura
1332 1699 1607 1757 mutabilis
1659 1711 1764 1768 est,
1828 1701 2030 1773 Unige-

451 1799 598 1852 nitus
648 1809 776 1852 vero
828 1803 913 1849 est
963 1793 1355 1862 immutabilis;
1423 1809 1530 1849 non
1579 1803 1665 1850 est
1703 1809 1834 1865 ergo
1873 1810 2026 1851 crea-

451 1891 599 1937 tura.

2142 748 2255 804 ρον,
2287 727 2411 782 οὔτε
2443 725 2702 798 παθητῶς
2748 724 2962 793 έγέννα,
2999 723 3114 776 ἀλλ’
3140 722 3215 785 ὼς
3258 721 3378 792 φῶς
3411 722 3512 794 τὴν
3555 722 3719 794 αὐγὴν

2136 822 2364 886 ἀπαθῶς
2417 821 2512 875 καὶ
2565 819 2924 883 ἀδιαστάτως·
2980 818 3271 890 ἀσώματος
3324 818 3457 889 γάρ.
3515 819 3623 871 Καὶ
3672 821 3718 871 οἱ

2137 916 2241 981 ἔξω
2267 916 2419 986 σοφοὶ
2463 913 2602 986 πρὸς
2649 913 2748 985 τὴν
2789 911 2924 966 ἰδίαν
2955 911 3240 966 ἀσθένειαν
3273 911 3604 966 ἐπίστευσαν
3633 914 3720 966 ού-

2134 1006 2287 1061 τωσί·

2140 1191 2223 1244 Οὐ
2248 1188 2359 1259 τὰρ
2379 1187 2481 1244 ἀπ’
2506 1187 2719 1253 ὠδῖνος
2751 1189 2893 1254 Θεὸς
2919 1187 3229 1258 ἄμϐροτος,
3260 1185 3391 1240 οὐδ’
3428 1181 3549 1259 axe
3580 1182 3719 1235 κόλ-

2135 1329 2373 1397 Νηὸύος
2396 1329 2463 1382 ἐκ
2487 1329 2704 1396 λοχίης
2721 1327 2884 1398 φάος
2908 1327 3180 1395 ἔδρακεν·
3198 1326 3361 1381 ἀλλὰ
3381 1253 3616 1398 νόὲῗύνν

2149 1395 2405 1470 Ἀρῤήτῳ
2429 1395 2798 1468 στρόβαλῆτι
2823 1398 3256 1468 κυκλούμενος,
3278 1395 3718 1464 αὑτολόχευτος

2133 1534 2392 1600 Γίνεται,
2421 1532 2490 1598 ἐξ
2535 1532 2673 1587 ἕθεν
2703 1531 2886 1599 αὐτὸς
2924 1529 3044 1586 ἐὼν
3069 1528 3316 1602 τενέτης
3344 1545 3411 1582 τε
3440 1525 3542 1581 καί
3570 1525 3713 1590 υἱός.

2202 1715 2258 1769 I'.
2292 1713 2354 1766 Εί
2396 1713 2505 1766 πᾶν
2541 1712 2746 1782 κτίσμα
2776 1710 3031 1780 τρεπτὺν,
3064 1707 3190 1782 [Nil
3233 1706 3289 1779 α]
3318 1700 3665 1778 ἄτρεπτοςδὲ
3689 1700 3717 1753 6

2130 1806 2462 1876 Μονογενής·
2499 1805 2602 1858 οὐκ
2632 1805 2742 1876 ἄρα
2772 1803 2997 1873 κτίσμα.

519 1995 610 2050 XI.
650 1993 708 2052 Si
736 2004 984 2051 creatura
1017 2013 1120 2053 non
1157 1997 1434 2067 cognoscit
1467 1994 1707 2062 Patrem,
1746 2012 1848 2053 nec
1878 1998 2026 2053 novit

2202 2011 2308 2065 IA'.
2347 2010 2411 2062 Εἰ
2455 2009 2689 2080 ὴκτίσις
2711 2006 2772 2060 οὐ
2815 2004 3077 2074 γινώσκει
3100 2003 3191 2057 τὸν
3227 2000 3474 2073 Πατέρα,
3517 1999 3565 2052 εἰ
3594 1996 3720 2070 μὴᾶ

446 2089 550 2144 nisi
588 2102 649 2143 ea
677 2103 796 2159 quas
832 2087 872 2143 F
879 2089 1001 2146 ilius
1040 2089 1089 2144 ei
1134 2088 1474 2155 revelaverit,
1510 2087 1678 2144 Filius
1727 2104 1877 2154 vero,
1937 2107 2032 2145 ne-

448 2179 594 2234 mine
627 2179 728 2250 ipsi
765 2179 1062 2245 revelante,
1095 2181 1245 2236 novit
1305 2178 1550 2248 Patrem;
1579 2196 1686 2236 non
1711 2191 1793 2237 est
1819 2192 2032 2238 creatus

446 2270 619 2328 Filius
647 2271 782 2342 ipse,
812 2273 906 2328 sed
945 2271 1178 2342 genitus.

521 2383 634 2440 XII.
671 2385 728 2440 Si
758 2385 906 2440 Patri
932 2385 1198 2456 aequalem
1227 2385 1426 2440 Filium
1461 2395 1659 2440 norunt
1692 2385 2022 2457 Scriptum:

449 2475 648 2532 Paulus
665 2477 812 2532 enim
834 2478 1044 2540 scribit,
1077 2496 1096 2530 ι
1139 2477 1254 2533 Νοιι
1285 2477 1397 2550 (41)
1448 2479 1689 2550 rapinam
1735 2481 2032 2536 arbitratus

446 2578 532 2623 est
559 2581 679 2624 esse
702 2582 762 2624 se
781 2567 1040 2638 aequalem
1067 2569 1176 2624 Deo
1206 2587 1220 2626 :
1250 2588 1267 2622 ι
1290 2578 1364 2636 et,
1394 2588 1413 2622 ι
1445 2569 1498 2624 lu
1520 2570 1636 2640 ipso
1671 2569 1784 2642 (42)
1825 2571 2031 2626 habitat

445 2658 624 2715 omnis
673 2659 951 2730 plenitudo
983 2661 1330 2730 divinitatis;
1373 2681 1393 2714 ι
1430 2677 1492 2717 ac
1533 2662 1578 2718 si
1621 2671 1848 2718 testatur
1869 2678 2033 2718 evan-

445 2752 637 2822 gelista
664 2753 782 2825 (45)
825 2755 990 2823 quod,
1020 2772 1040 2807 ι
1074 2754 1335 2823 aequalem
1392 2753 1627 2824 seipsum
1689 2754 1816 2809 fecit
1866 2753 2031 2809 Filius

449 2844 566 2900 Deo
589 2861 605 2914 ;
626 2861 646 2896 ι
666 2859 730 2900 ac
750 2845 795 2900 si
810 2844 1072 2901 Jeremias
1094 2845 1206 2916 (44)
1222 2861 1343 2902 eum
1383 2846 1517 2900 dicit
1539 2865 1557 2898 ι
1591 2847 1778 2909 Deum,
1793 2862 1902 2916 pra:
1923 2859 2029 2917 quo

445 2953 551 2993 non
571 2939 909 3009 reputabitur
929 2939 1068 2995 alter
1087 2955 1135 3006 ;ι
1151 2949 1207 2996 et
1228 2939 1544 3012 lsaias(45),
1566 2959 1584 2992 ι
1611 2939 2028 3007 Deuin,forteni,

451 3030 617 3104 325
644 3033 1040 3089 dominatorem
1076 3051 1131 3088 ε»
1152 3035 1425 3105 quomodo
1447 3033 1762 3089 existimant
1788 3035 2029 3090 haeretici

443 3141 569 3181 eum
643 3126 1004 3196 posteriorem
1053 3136 1150 3182 aut
1199 3125 1511 3183 inferiorem
1572 3142 1714 3195 esse,
1777 3125 2030 3198 Patrique

443 3216 621 3286 quoad
651 3217 832 3274 omnia
865 3218 1125 3288 aequalem
1159 3233 1266 3274 non
1292 3218 1594 3276 exsistere?

2135 2101 2464 2174 ἀποκαλύψῃ
2488 2102 2518 2154 6
2551 2099 2698 2162 Υἱὸς,
2728 2100 2756 2152 6
2784 2097 2841 2150 δὲ
2867 2095 2998 2160 Υἱὸς
3027 2095 3309 2166 γινώσκει,
3347 2091 3565 2154 οὐδενὸς
3590 2090 3718 2143 ἀπο-

2134 2193 2504 2256 καλύπτοντος
2551 2189 2720 2262 αὐτῷ’
2769 2189 2871 2242 οὐκ
2919 2186 3068 2240 ἔστιν
3112 2185 3353 2249 κτιστὸς,
3407 2181 3547 2236 ἀλλὰ
3600 2195 3720 2248 γεν-

2132 2284 2312 2357 νητός.

2203 2396 2302 2450 ΙΒ¹.
2331 2395 2396 2448 El
2433 2393 2510 2465 τῷ
2555 2392 2732 2463 Πατρὶ
2779 2391 2892 2445 ἴσον
2948 2387 3112 2442 αὑτὸν
3161 2385 3344 2440 ἴσασιν
3383 2386 3442 2440 αἱ
3483 2379 3714 2456 Γραφαί·

2131 2488 2343 2552 Παῦλος
2370 2487 2481 2558 γὰρ
2511 2486 2731 2558 γράφει·
2769 2503 2787 2536 ι
2825 2483 2940 2553 υύχ
2965 2479 3264 2554 ἁρπαγμὸν
3304 2480 3554 2550 ἡγήσατο
3582 2470 3715 2528 εἶναι

2133 2583 2224 2636 ἴσα
2242 2581 2414 2652 Θεῷπ
2446 2580 2561 2633 καί·
2593 2598 2610 2630 ι
2661 2577 2749 2630 Ἐν
2770 2575 2919 2646 αὐτῷ
2945 2575 3188 2628 κατοικεῖ
3214 2573 3333 2640 πᾶν⁸
3359 2572 3421 2625 τὸ
3449 2569 3717 2640 πλήρωμα

2129 2675 2230 2746 τῆς
2255 2675 2526 2746 θεότητος·
2565 2693 2582 2725 ι
2617 2673 2712 2726 κα).
2741 2673 2770 2724 6
2793 2669 3186 2738 εὐαγγελιστὴς
3214 2668 3392 2736 λέγει,
3422 2667 3506 2719 ὅτι
3533 2684 3550 2716 ι
3577 2665 3714 2716 Ἴσον

2131 2769 2321 2822 ἑαυτὸν
2347 2769 2376 2822 6
2408 2767 2534 2832 Υἱὸς
2566 2766 2740 2820 ἐποίει
2764 2763 2840 2835 τῷ
2863 2762 3002 2834 Θεῷο
3033 2781 3050 2814 ι
3087 2761 3182 2815 καὶ
3202 2762 3250 2814 εί
3303 2761 3462 2826 Θεὸν,
3496 2757 3628 2829 πρὸς
3659 2754 3715 2808 ὃν

2130 2861 2192 2916 οὐ
2236 2861 2618 2932 λογισθήσεται
2667 2858 2878 2929 ἕτερος,
2914 2856 3063 2924 λέγει
3092 2853 3257 2909 αὐτὸν
3292 2852 3584 2925 Ἱερεμίας·
3625 2846 3715 2902 καὶ

2142 2955 2370 3018 Ἡσαΐας
2417 2953 2573 3017 Θεὸν,
2630 2951 2870 3022 ἰσχυρὸν,
2919 2948 3298 3018 ὲξουσιαστήν·
3345 2945 3464 3008 πῶς
3499 2941 3711 3010 ὑστερεῖ

2131 3047 2270 3102 κατὰ
2303 3046 2633 3120 αἱρετικοξις,
2680 3043 2777 3098 καὶ
2821 3043 2922 3096 οὐκ
2980 3040 3130 3095 ἐστιν
3163 3039 3276 3104 ἴσος
3332 3037 3479 3094 κατὰ
3541 3033 3713 3088 πάντα

2129 3138 2208 3212 τῷ
2240 3137 2445 3210 Πατρί;

515 3327 652 3386 Xlll.
695 3330 755 3386 Si
806 3330 1003 3387 Paulus
1046 3332 1161 3403 (46)
1216 3332 1512 3388 salutarem
1555 3330 2016 3400 praedicationem,

2131 3359 2136 3362 -
2193 3333 2291 3388 II".
2326 3332 2391 3386 Εί
2426 3330 2640 3395 Παῦλος
2670 3329 2764 3384 τοῦ
2803 3328 3182 3401 πρεσϐυτέρου
3217 3326 3387 3396 νόμου
3424 3324 3487 3378 τὸ
3529 3317 3702 3387 conf)-

445 3436 554 3492 qua
581 3422 869 3488 Christus,
923 3432 978 3480 et
1010 3423 1248 3493 Spiritus
1287 3433 1510 3479 sanctus
1553 3424 1875 3493 prmdicatus
1923 3432 2027 3490 est,

444 3514 618 3570 veteri
652 3515 768 3586 lege
802 3514 1234 3585 praestantiorem
1260 3525 1433 3584 putat,
1469 3514 1596 3585 quia
1638 3514 2027 3584 perfectionem

445 3606 628 3668 habet,
653 3615 713 3661 ut
747 3606 802 3661 in
829 3621 939 3660 xxx
965 3606 1111 3679 λόγῳ
1139 3607 1253 3678 (47)
1303 3617 1586 3664 ostensum
1639 3607 1770 3662 fuit:
1804 3606 2026 3661 omnino

446 3707 611 3766 atque
641 3697 889 3754 absolute
919 3698 1208 3754 dicendum
1255 3709 1362 3763 est,
1410 3699 1607 3754 Filium
1652 3708 1708 3754 et
1761 3697 2025 3768 Spiritum

449 3787 596 3843 nulla
627 3803 854 3860 prorsus
888 3791 1101 3848 ratione
1123 3793 1232 3847 Deo
1259 3801 1314 3848 et
1338 3791 1501 3848 Patre
1525 3792 1763 3848 minores
1794 3805 1916 3848 esse
1935 3795 2028 3844 aut

285 3903 290 3910 κ
342 3921 346 3924 .
446 3876 760 3934 inferiores.

518 3986 659 4046 XIV.
702 3989 758 4048 Si
785 3991 883 4060 illi,
914 3993 1007 4064 qui
1036 3994 1174 4051 Filio
1198 3994 1428 4052 credunt
1457 3993 1593 4067 (48),
1619 3994 1913 4050 vererinou
1938 3994 2027 4047 de-

447 4083 599 4151 bent,
636 4099 703 4140 ne
727 4097 1070 4152 accusentur,
1106 4088 1250 4159 quod
1289 4100 1598 4144 creaturam
1627 4087 1856 4141 adorent
1891 4085 2026 4158 (49),

448 4185 504 4231 et
533 4177 672 4232 banc
696 4191 794 4234 eos
839 4179 1277 4238 criminationem
1327 4179 1566 4251 eil'ugere
1617 4177 1908 4248 ﬁdejussor
1946 4186 2029 4233 est

519 4376 1013 4450 ('58)Hypostases.
1062 4377 1298 4442 Mutilus,
1359 4389 1454 4433 aut
1493 4377 1686 4450 saltem
1732 4378 2026 4450 mendosus

448 4446 539 4535 est
616 4446 703 4535 bic
732 4446 938 4506 'locus.
1001 4450 1107 4508 Pro
1169 4451 1292 4512 ταῖς
1351 4449 1682 4504 ὑποστάσεσι
1749 4450 1867 4519 lego
1925 4446 2026 4511 τὰς
2061 4478 2105 4535 D

447 4519 792 4585 ὑποστάσεις.

449 4663 459 4676 ,ί
525 4609 635 4676 (59)
659 4607 730 4664 In
758 4611 960 4666 unitate
982 4612 1243 4668 assentire.
1274 4611 1477 4676 Codex,
1507 4611 1565 4666 ἓν
1597 4611 1695 4665 ’ἐνα
1724 4609 1790 4664 δι’
1821 4608 2027 4673 οὐσίας.

451 4675 687 4748 [φασιν
716 4680 863 4736 ένάδι
892 4681 1096 4745 οὐσίας.
1137 4682 1325 4739 Totius
1366 4675 1545 4737 autem
1588 4683 1688 4737 loci
1738 4680 2029 4744 sententia,

453 4758 513 4802 ut
547 4761 697 4818 puto,
726 4752 841 4806 hac
869 4763 953 4808 est
986 4771 999 4807 :
1031 4753 1168 4808 Dum
1199 4754 1276 4807 ait
1307 4753 1578 4817 Christus,
1613 4771 1632 4804 ι
1659 4751 1765 4821 Ego
1789 4761 1839 4804 et
1871 4750 2034 4804 Pater

453 4833 617 4872 unum
657 4833 867 4885 sumus,
898 4842 916 4874 ι
957 4837 1089 4877 voce
1127 4823 1213 4878 illa
1265 4841 1284 4875 ι
1309 4839 1496 4884 unum,
1527 4841 1547 4874 ι
1605 4821 1822 4875 deitatis
1855 4821 2033 4874 unita-

455 4897 563 4963 tem
602 4888 654 4942 in
687 4891 892 4947 duabus
917 4893 1318 4963 hypostasibus,
1353 4893 1702 4962 signiﬁcavit;
1747 4905 1878 4963 voce
1904 4903 2033 4945 vero

453 4957 567 5032 illi.
639 4957 1252 5032 {sumusn'personas
1309 4957 1452 5032 ipsis
1509 4957 1775 5020 distinitit.
1849 4959 2034 5030 Itaque

452 5027 754 5101 addendum
783 5027 1011 5087 fortasse
1047 5042 1130 5088 est
1170 5027 1392 5100 aliquid,
1445 5047 1510 5088 ac
1568 5034 1879 5101 legendum,
1937 5027 2028 5085 ex.

451 5098 776 5173 gratiaant
802 5101 880 5173 τῷ
915 5103 1082 5173 ἐσμὲν
1104 5105 1161 5158 ὲν
1196 5104 1343 5159 ὲνάδι
1378 5098 1572 5168 οὐσίας
1598 5098 1877 5157 διέσταλκε
1909 5101 2033 5171 δίχα

449 5167 522 5224 τὰ
564 5167 862 5241 πρόσωπα,
902 5173 952 5227 id
983 5167 1074 5228 est
1123 5193 1143 5226 ι
1171 5183 1226 5228 et
1267 5189 1400 5229 voce
1449 5167 1561 5241 illa,
1598 5189 1806 5239 sumus,
1833 5174 1885 5227 in
1913 5167 2034 5226 uni-

455 5247 567 5316 tate
591 5242 842 5296 essentiae
867 5243 1115 5300 distinxit
1148 5260 1426 5316 personas.
1476 5264 1494 5296 ι

474 5315 492 5340 ⁸
526 5330 649 5410 (40)
684 5333 1054 5410 Conuersione.
1085 5315 1278 5410 Codex
1326 5338 1445 5410 sine
1495 5347 1755 5406 accentu,
1800 5353 2034 5410 στροφα-

454 5396 598 5472 Met.
620 5396 935 5474 Legendum
964 5405 1193 5463 forsitan
1222 5407 1599 5480 στροφάλιγγι.

525 5494 638 5566 (ιι)
688 5495 834 5566 Non.
867 5494 1097 5566 Philipp.
1129 5513 1192 5562 ιι,
1223 5498 1276 5553 6.

523 5564 634 5626 (42)
680 5564 746 5619 1η
774 5567 907 5634 ipso.
959 5564 1168 5623 (lol’oss.
1207 5584 1267 5630 ιι,
1307 5568 1358 5623 9.

523 5636 636 5700 (45)
665 5635 1021 5705 Evangelista.
1058 5636 1192 5691 Vide
1220 5636 1374 5692 Joan.
1414 5652 1466 5704 v,
1505 5637 1589 5690 18.

523 5705 635 5773 Mi)
668 5703 952 5779 :l‘eremias.
989 5706 1221 5762 Hilarius
1253 5703 1467 5779 quoque
1505 5708 1594 5760 lib.
1642 5723 1694 5762 tv
1737 5705 1814 5761 De
1859 5707 2032 5774 Trin,

453 5785 601 5827 sum.
657 5773 747 5843 42,
796 5786 852 5835 et
891 5779 985 5837 lib.
1027 5796 1080 5850 v,
1114 5773 1284 5837 ηοω(
1313 5773 1402 5851 59,
1443 5780 1558 5837 haec
1586 5779 1818 5836 Barucbi
1869 5773 2032 5838 verba

2136 3444 2249 3498 ριον
2279 3427 2566 3497 κήρυγμα,
2601 3423 2664 3476 τὺ
2696 3421 2826 3494 περ).
2859 3421 3100 3494 Χριστοῦ
3131 3421 3226 3474 καὶ
3260 3417 3419 3488 ἁγίου
3463 3413 3709 3482 Πνεύμα-

2133 3537 2244 3582 τος,
2275 3517 2715 3589 προφερέστερον
2743 3517 2982 3584 ἡγεῖται,
3013 3513 3102 3567 διὰ
3131 3511 3192 3565 τὸ
3221 3511 3368 3582 ἔχειν
3401 3510 3461 3563 τὸ
3497 3504 3704 3561 τέλειον.

2130 3609 2206 3674 ὼς
2255 3613 2312 3664 ὲν
2361 3609 2438 3680 τῷ
2483 3606 2526 3660 λ’
2573 3606 2789 3676 ἐδείχθη
2831 3605 3004 3674 λόγῳο
3046 3603 3249 3674 πρέπει
3305 3601 3486 3670 πάντη
3517 3615 3576 3651 τε
3619 3591 3711 3647 καί

2132 3701 2352 3765 πάντως
2384 3699 2479 3755 τοῦ
2512 3699 2646 3753 Θεοῦ
2698 3699 2792 3752 καὶ
2825 3698 3040 3769 Πατρὸς
3073 3695 3215 3750 κατὰ
3251 3693 3420 3767 μηδὲν
3454 3693 3546 3746 τὸν
3588 3685 3711 3742 Υίδν

2133 3794 2227 3848 καὶ
2256 3793 2319 3846 τὸ
2351 3790 2578 3864 Πνεῦμα
2609 3792 2965 3862 μειονεκτεῖν.

2205 3998 2301 4050 ΙΔθ.
2335 3995 2397 4049 Ei
2441 3991 2732 4064 ἐκφεύγειν
2777 3988 2840 4044 τὸ
2889 3989 3140 4060 ἔγκλημα
3193 3988 3293 4058 τῆς
3344 3979 3708 4054 κτισματολα·

2133 4088 2320 4159 τρείας
2347 4085 2476 4148 τοὺς
2509 4082 2868 4146 πιστεύοντας
2895 4082 2972 4153 τῷ
3013 4080 3128 4151 Υίῷ
3158 4077 3450 4150 παρεγγυᾷ
3484 4071 3706 4136 Παῦλος,

2135 4179 2215 4233 ἔτι
2251 4178 2309 4232 δὲ
2353 4177 2448 4231 καὶ
2495 4174 2694 4240 ἀθέους
2723 4175 2990 4229 ἀποκαλεῖ
3025 4175 3152 4236 τοὺς
3192 4170 3300 4243 πρὸ
3335 4167 3529 4222 τούτου
3557 4160 3708 4223 ἐκτὸς

2132 4372 2382 4429 Ieremia:
2435 4371 2646 4435 tribuit,
2700 4380 2760 4427 ut
2808 4381 2864 4427 et
2919 4369 3007 4425 alii
3061 4385 3127 4426 ex
3187 4367 3413 4425 vetustis
3462 4363 3704 4422 Patrlbus

2133 4447 2398 4499 fecerunt.

2209 4514 2322 4582 (45)
2384 4513 2579 4569 Isaias.
2642 4511 2776 4582 Cap.
2837 4526 2916 4576 ix,
2971 4525 3113 4567 vers.
3173 4511 3228 4578 6,
3274 4511 3429 4582 juxta
3469 4505 3706 4564 Graecam

2137 4586 2446 4641 editionem.

2209 4656 2320 4721 (46)
2363 4653 2586 4707 Paulus.
2622 4652 2786 4709 Hebr.
2811 4667 2895 4718 111,
2923 4650 3038 4707 7-9.

2209 4726 2322 4796 (47)
2365 4723 2429 4776 1η
2471 4739 2576 4777 us
2609 4725 2902 4796 idm.}_\n
2929 4721 3340 4796 respiciteaput
3377 4722 3703 4796 tricesimum

2137 4791 2261 4850 libri
2304 4796 2487 4865 primi,
2516 4809 2611 4848 seu
2644 4809 2764 4864 pag.
2791 4791 2884 4857 9|,
2923 4792 3012 4846 ubi
3065 4791 3299 4865 legitur:
3345 4813 3363 4845 ι
3393 4795 3706 4865 vetuscrgo

2136 4862 2562 4928 Testamentum,
2591 4882 2609 4915 ι
2647 4872 2698 4917 et
2723 4862 2859 4928 qua:
2882 4863 3217 4930 sequuntur?
3249 4865 3330 4919 An
3357 4864 3534 4917 verbis
3561 4862 3706 4916 hisce

2136 4937 2192 4990 in
2229 4951 2336 4990 xxx
2385 4937 2566 5004 Mm),
2609 4933 2860 5004 intelligit
2911 4933 3242 5004 tricesimum
3301 4939 3701 5004 argumentum,

2133 5006 2278 5076 quod
2332 5002 2485 5058 initio
2531 5004 2687 5076 primi
2729 5003 2851 5076 libri
2905 5002 3186 5065 attulerit;
3240 5015 3333 5058 aut
3369 5002 3702 5076 ’tricesimatn

2135 5065 2201 5132 ἑκ
2233 5075 2346 5130 suis
2384 5065 2779 5134 cateéhesibus,
2809 5074 2854 5126 si
2882 5082 3072 5144 tamen
3105 5088 3197 5128 eas
3231 5090 3463 5144 unquam
3501 5065 3705 5144 edidit?

2135 5147 2217 5200 An
2250 5147 2465 5201 demum
2491 5144 2846 5211 conjiciemus
2879 5143 3160 5196 librarium
3188 5160 3254 5199 ex
3288 5141 3411 5198 nota
3431 5145 3486 5196 A'
3520 5141 3704 5195 iecisse

2134 5213 2303 5281 A',ita
2329 5226 2386 5269 ut
2408 5231 2528 5268 cum
2555 5216 2604 5268 in
2624 5214 2957 5283 autographa
2980 5214 3222 5279 essetA',
3249 5215 3301 5270 id
3324 5226 3406 5269 est
3425 5235 3442 5265 ι
3471 5211 3657 5283 primo2
3680 5223 3697 5256 ι

2136 5278 2251 5359 ipse
2278 5287 2334 5359 in
2351 5286 2664 5359 apographo
2697 5278 2974 5359 scripserit
2998 5285 3080 5348 A',
3112 5284 3164 5338 id
3192 5278 3324 5359 est}
3354 5278 3698 5359 tricesimo?»

2135 5357 2288 5422 Quod
2341 5355 2387 5409 si
2426 5357 2497 5409 ita
2546 5363 2715 5420 esset,
2762 5355 3058 5424 respiceret
3102 5370 3224 5424 quae
3267 5356 3408 5411 dixit
3461 5355 3702 5422 superius

2135 5427 2231 5482 lib.
2262 5442 2299 5489 ι,
2334 5441 2452 5493 cap.
2481 5426 2531 5490 7,
2572 5440 2688 5494 pag.
2719 5424 2774 5480 2.

2211 5496 2322 5568 (48)
2361 5491 2471 5568 ραι
2525 5491 2668 5568 Filio
2719 5497 2958 5552 credunt.
3004 5497 3357 5567 Perspicuum
3401 5504 3505 5559 est,
3544 5491 3700 5568 Didy;

2035 5619 2039 5623 .
2132 5560 2406 5638 nuitn'hic
2458 5580 2519 5638 ea
2576 5566 2628 5619 in
2668 5571 3044 5638 compendium
3087 5560 3354 5638 redigere,
3406 5582 3524 5638 qua:
3573 5560 3701 5618 dixit

2132 5636 2229 5691 lib.
2256 5652 2297 5696 ι,
2333 5650 2451 5702 cap.
2483 5636 2534 5698 7,
2577 5651 2698 5704 pag.
2729 5637 2753 5690 I
2787 5647 2844 5689 et
2873 5638 2930 5693 2.

2205 5707 2320 5775 (49)
2339 5701 2922 5780 ϐέεαιηνᾴηιάιιοηηι.
2953 5708 3157 5778 Codex,
3191 5701 3694 5780 κτισματολατρίας.

2134 5777 2277 5849 Lego
2303 5775 2842 5849 κτισματολατρείας.
