4056 6406
349 357 459 419 733

1420 349 1511 406 DE
1553 346 1931 421 TRINITA'I‘E
1971 344 2173 402 LIBER
2212 344 2541 403 TERTIUS.

3504 345 3611 401 791»

349 479 448 537 τοῦ
482 474 614 532 Υἱοῦ
645 474 738 529 τὸν
764 473 899 529 Θεὸν
928 473 1025 528 καὶ
1053 469 1274 542 Πατέρα
1304 470 1465 540 μόνον
1494 470 1830 536 ἐγνωκότας·
1874 465 1935 518 οὐ

2045 463 2262 528 Paulus,
2303 477 2365 517 ac
2389 460 2433 517 si
2463 461 2510 516 is
2548 463 2810 531 praeterea
2855 457 3074 524 atheos,
3126 456 3189 531 id
3232 458 3458 516 estsine
3488 458 3620 526 Deo,

350 573 560 644 κτίσμα
584 569 612 623 ὁ
639 567 771 632 Θεὸς
803 566 997 636 Λόγος.

421 848 528 903 IE'.
558 846 624 901 EI
664 843 931 908 Ἰουδαῖοι,
977 840 1379 911 ἀπιστήσαντες
1425 834 1503 907 τῷ
1537 832 1783 907 Χριστῷ,
1825 831 1938 885 ῐσον

351 939 545 996 ἐαυτὸν
600 935 845 992 ποιοῦντι
881 932 961 1006 τῷ
1010 932 1153 1004 Θεῷ,
1200 930 1296 986 καὶ
1337 928 1428 983 διὰ
1472 927 1632 981 τοῦτο
1689 924 1938 995 σταυρὼ-

352 1044 545 1092 σαντες
583 1025 745 1080 αὑτὸν
784 1021 1213 1093 κατεκρίθησαν,
1251 1014 1572 1091 Χριστιανοὶ
1612 1013 1672 1068 δὲ
1712 1009 1938 1065 πιστεύ-

352 1137 545 1184 σαντες
572 1116 840 1188 ’ἀνωτέρω
872 1098 1096 1168 ὲκείνων
1126 1111 1446 1182 γεγόνασιν’
1500 1107 1561 1161 οὐ
1613 1103 1938 1177 μικρότερος

348 1214 409 1269 εν
434 1230 541 1268 τινι
564 1210 661 1266 τοῦ
695 1209 826 1264 ἰδίου
854 1207 1069 1279 Πατρὸς
1098 1208 1128 1260 6
1160 1204 1308 1268 Υἱός.

422 1307 542 1374 ις’.
575 1305 640 1357 EI
682 1300 778 1356 τοῦ
834 1301 997 1372 μόνου
1033 1297 1169 1352 Θεοῦ
1221 1294 1499 1367 ἐξαίρετον
1538 1291 1601 1346 τὸ
1651 1288 1937 1361 ὑμνεῖσθαι

354 1416 376 1451 ι
414 1396 587 1468 μέγας
612 1392 779 1459 Θεὸς,
819 1410 839 1445 ι
867 1387 1269 1460 άναφθέγγεται
1312 1384 1357 1438 δ’
1396 1382 1517 1456 [151
1550 1380 1603 1454 ὁ)
1636 1383 1663 1435 6
1690 1379 1935 1444 Παῦλος,

354 1509 375 1542 ι
402 1487 509 1543 Τοῦ
549 1486 786 1559 μεγάλου
822 1482 957 1537 Θεοῦ
984 1480 1077 1535 καὶ
1109 1478 1362 1549 Σωτῆρος
1397 1473 1556 1547 ἡμῶν
1596 1473 1772 1545 Ἰησοῦ
1802 1471 1940 1543 Χρι-

349 1597 502 1644 στου,
528 1599 547 1632 ι
596 1578 692 1633 καὶ
714 1579 743 1631 6
770 1574 962 1641 Δαυῒδ,
999 1592 1018 1626 ‹
1044 1572 1141 1636 Τίς
1183 1570 1369 1643 ὅμοιός
1414 1584 1493 1620 σοι
1524 1567 1579 1620 ἐν
1619 1564 1794 1632 Θεοῖς,
1826 1564 1939 1619 Κύ-

348 1686 465 1743 ριε;
495 1689 515 1723 ι
567 1668 668 1723 οὐκ
702 1664 1030 1738 ἐξοχώτερος
1058 1663 1152 1718 τοῦ
1202 1659 1357 1727 Υίοῦ,
1385 1658 1506 1713 οὐδὲ
1550 1656 1938 1729 ἀπαράὸλητος

351 1764 492 1835 πρὸς
529 1762 715 1817 αὐτόν.

2040 556 2165 610 illos
2193 563 2377 618 vocat,
2438 553 2532 622 qui
2584 560 2742 606 antea
2773 566 2879 605 non
2934 549 3153 617 Filium,
3215 550 3312 606 sed
3360 550 3525 606 Deum
3567 562 3623 608 ct

2040 645 2260 700 Patrem
2293 645 2562 699 duntaxat
2605 654 2909 711 noveram;
2948 658 3057 698 non
3084 643 3179 714 lest
3212 657 3345 699 sane
3370 653 3622 700 creatura

2038 737 2185 792 Deus
2219 735 2480 791 Verbum.

2109 827 2229 882 XV.
2262 828 2319 883 Si
2345 825 2539 895 Judaei,
2568 826 2660 898 qui
2692 826 2915 883 Christo
2932 836 3284 897 semetipsum
3315 827 3424 884 Deo
3440 843 3623 899 aequa-

2040 920 2143 976 lem
2178 919 2398 975 facienti
2435 934 2540 975 non
2575 919 2953 987 crediderunt,
2969 933 3143 991 eaque
3176 920 3242 976 de
3273 935 3440 976 causa
3468 921 3620 977 illum

2041 1013 2456 1080 cruciﬁxerunt,
2521 1011 2870 1068 condemnati
2929 1023 3086 1081 sunt;
3148 1011 3440 1068 Christiani
3471 1028 3623 1081 vero,

2039 1106 2134 1176 qui
2175 1106 2224 1160 ei
2259 1105 2635 1171 crediderunt,
2660 1121 2825 1178 supra
2874 1104 2995 1163 illos
3021 1104 3216 1161 elevati
3250 1104 3440 1174 fuere;
3480 1105 3626 1163 nulla

2045 1198 2099 1253 in
2134 1213 2192 1253 re
2233 1197 2454 1268 proprio
2483 1195 2645 1251 Patre
2674 1198 2856 1253 minor
2882 1206 2968 1253 est
2996 1196 3185 1253 Filius.

2111 1289 2251 1346 XVI.
2291 1290 2347 1346 Si
2376 1290 2474 1345 soli
2507 1289 2615 1345 Deo
2645 1291 2867 1359 eximie,
2927 1299 3091 1361 atque
3133 1289 3468 1348 excellenter
3494 1306 3623 1346 con-

2039 1382 2208 1449 venit,
2241 1393 2298 1437 ut
2325 1402 2342 1434 ι
2364 1382 2587 1454 Magnus
2605 1383 2747 1439 Deus
2774 1403 2792 1436 ι
2820 1393 3163 1452 nuncupetur
3196 1398 3260 1438 ac
3276 1383 3624 1453 prmdicetur,

2041 1474 2118 1528 ait
2158 1488 2288 1529 vero
2327 1472 2547 1537 Paulus,
2578 1492 2596 1526 ι
2623 1472 2804 1544 Magni
2829 1472 2922 1528 Dei
2957 1472 3067 1546 (50)
3113 1482 3168 1529 et
3198 1472 3499 1529 Salvatoris
3521 1488 3626 1528 n0-

2042 1567 2141 1623 Stri
2172 1565 2303 1622 Jesu
2328 1565 2553 1630 Christi,
2590 1584 2609 1616 ›
2638 1575 2692 1620 et
2724 1562 2915 1631 David,
2968 1583 2987 1617 ι
3013 1564 3144 1633 Quis
3176 1565 3369 1621 similis
3392 1565 3504 1635 (5i)
3529 1564 3626 1621 tibi

2042 1660 2094 1714 in
2126 1660 2250 1726 diis,
2282 1659 2553 1714 Domine?
2578 1679 2598 1713 ι
2655 1674 2763 1713 non
2794 1666 2879 1713 est
2907 1673 3038 1713 sane
3069 1657 3232 1714 Pater
3270 1657 3627 1714 excellentior

2042 1752 2199 1816 Filio,
2236 1766 2415 1821 neque
2448 1750 2897 1819 incomparabilis
2925 1763 3174 1820 respectu
3215 1750 3407 1821 ipsius.

419 1822 517 1913 ιε’.
558 1856 622 1908 Εἰ
654 1855 683 1908 ὁ
715 1853 876 1916 αὐτὸς
905 1848 1121 1914 Παῦλος
1152 1847 1214 1902 οὐ
1247 1844 1573 1919 συναριθμεῖ
1612 1840 1777 1896 αὐτὸν
1820 1843 1936 1906 τοῖς

2114 1843 2277 1902 XVII.
2321 1844 2376 1899 Si
2418 1845 2559 1899 idem
2614 1843 2816 1899 Paulus
2868 1844 3011 1900 inter
3065 1852 3282 1900 creatos
3305 1844 3433 1899 deos
3476 1843 3625 1899 illum

348 1950 586 2013 κτιστοϊς
616 1948 779 2011 Θεοῖς,
824 1944 1109 1998 συντάττει
1147 1941 1204 1995 δέ
1240 1940 1379 2012 μετὰ
1422 1936 1516 1991 τοῦ
1549 1935 1784 2007 Πατρὸς,
1814 1936 1930 2018 ,Κο-

355 2041 577 2114 ρινθίοις
625 2040 874 2112 γράφων,
914 2055 934 2089 ι
971 2036 1085 2090 Καὶ
1131 2034 1243 2106 γὰρ
1290 2032 1449 2104 εἴπερ
1495 2030 1601 2082 εἰσὶ
1651 2028 1936 2099 λεγόμενοι

349 2134 463 2189 θεοὶ
486 2132 693 2198 πολλοὶ,
722 2131 817 2184 καὶ
850 2128 1033 2199 κύριοι
1062 2125 1248 2180 πολλοὶ¹
1274 2124 1331 2180 ἐν
1371 2141 1430 2178 τε
1463 2121 1680 2195 οὐρανῷ
1711 2123 1805 2176 καὶ
1845 2121 1938 2175 ἐπὶ

349 2226 473 2297 γῆς,
507 2223 622 2279 ἀλλ’
663 2225 795 2295 ἡμῖν
832 2215 915 2286 εἷς
941 2218 1074 2282 Θεὸς
1102 2219 1131 2271 6
1167 2216 1374 2289 Πατὴρ,
1420 2215 1481 2281 ἐξ
1513 2209 1574 2270 οῦ
1608 2213 1677 2268 τὰ
1713 2214 1896 2269 πάντα
1918 2229 1933 2244 ο

350 2317 445 2372 καὶ
472 2312 559 2381 ἐἷς
589 2313 796 2387 Κύριος
832 2309 1041 2384 Ἰησοῦς
1069 2310 1327 2382 Χριστὸς,
1374 2309 1445 2363 δι’
1481 2302 1542 2362 οὖ
1574 2306 1646 2361 τά
1677 2307 1885 2361 πάντα’
1910 2325 1930 2359 ι

349 2409 451 2464 οὔκ
478 2411 534 2463 ἐν
566 2409 834 2481 ποιήμασι
864 2403 1272 2471 συντετάξεται,
1305 2401 1445 2475 μετὰ
1477 2401 1535 2454 δὲ
1566 2400 1782 2473 Πατρὸς
1814 2417 1939 2455 συν-

350 2499 770 2573 δοξασθήσεται.

425 2595 534 2651 lﬂ'.
574 2596 638 2650 El
704 2591 1037 2667 δημιουργὸς
1100 2590 1359 2657 πάντων,
1414 2588 1513 2642 καὶ
1584 2585 1763 2645 αὐτῶν
1827 2585 1938 2642 τῶν

352 2688 563 2747 αἰώνων
605 2688 753 2742 ἐστὶν
794 2688 823 2741 6
857 2686 1006 2753 Υἱὸς,
1042 2684 1119 2748 ὡς
1149 2682 1391 2755 ἐγράφη,
1434 2679 1543 2754 πρὸ
1576 2679 1759 2752 πάσης
1789 2679 1941 2752 ἐνερ-

353 2780 511 2850 γείας
555 2778 739 2833 ἐστίν·
788 2780 817 2833 6
849 2777 906 2831 δὲ
954 2776 1062 2850 πρὸ
1107 2775 1285 2845 πάσης
1333 2772 1619 2846 ἐνεργείας
1671 2771 1770 2825 οὐκ
1819 2770 1942 2844 ἐδη-

359 2872 685 2946 μιουργήθη.
711 2869 879 2926 Οὐδὲν
918 2870 1027 2942 γὰρ
1056 2867 1405 2941 προαιώνιον,
1449 2867 1483 2938 ἢ
1523 2866 1629 2938 πρὸ
1660 2863 1942 2937 ἐνεργείας

355 2967 558 3019 νοεῖται
610 2963 851 3028 κτιστὸν,
902 2962 1018 3017 ἀλλ’
1060 2962 1094 3031 ἡ
1140 2962 1200 3014 ἐν
1249 2959 1396 3014 ἐνάδι
1454 2958 1720 3029 ἀγένητος
1771 2955 1942 3029 Τριὰς

357 3057 517 3129 μόνη.
542 3056 654 3111 Καὶ
679 3055 857 3118 ἄλλως
875 3071 889 3086 ⁶
923 3055 988 3109 Εί
1022 3054 1243 3108 πάντων
1269 3050 1654 3123 γενεσιουργός
1685 3050 1802 3102 ἐστι
1831 3046 1941 3101 τῶν

355 3148 545 3213 ὅντων,
585 3148 687 3202 οὐκ
721 3145 866 3201 ἔστιν
895 3146 972 3210 ὡς
1008 3145 1182 3200 ταῦτα
1217 3144 1456 3207 κτιστός.
1483 3139 1619 3195 Κατ’
1648 3139 1802 3194 οὐδὲν
1832 3137 1942 3210 γὰρ

354 3245 466 3307 τοῖς
511 3242 807 3313 κτίσμασιν
842 3242 870 3295 6
899 3240 1126 3313 κτίστης
1160 3237 1547 3309 παραπλήσιος
1580 3229 1722 3286 εἶναι
1772 3231 1938 3285 δύνα-

354 3349 467 3398 ται,
501 3332 535 3405 ἢ
577 3331 803 3402 ὀφείλει.
842 3329 980 3384 Ἀλλ’
1016 3330 1137 3384 οὐδὲ
1184 3330 1391 3399 κτίσμα
1436 3323 1801 3398 δημιουργοῦν
1848 3322 1940 3376 οὑ-

359 3426 484 3492 σιοῖ,
510 3424 546 3498 ἢ
573 3423 790 3494 λογικὸν
817 3421 1089 3478 ἀποτελεῖ.

425 3682 529 3740 IO’.
561 3682 626 3737 Ei
655 3675 724 3754 ἦν
751 3682 809 3736 ἐν
839 3683 907 3753 τῇ
939 3682 1081 3753 ἀρχῇ
1115 3679 1250 3743 Θεὸς
1293 3678 1432 3751 πρὸς
1463 3675 1556 3732 τὸν
1582 3675 1737 3742 Θεὸν,
1766 3674 1939 3747 ἀρχὴν

356 3774 521 3847 ἄλλην
550 3775 713 3838 αὐτὸς
737 3775 839 3828 οὐκ
861 3773 996 3844 ἔχει,
1027 3771 1385 3845 ἀρχαιότερος
1410 3770 1485 3824 ὢν
1524 3771 1707 3840 πάσης
1742 3769 1936 3840 ἀρχῆς.

369 3868 523 3920 Ἐπεὶ
562 3864 779 3938 ἀνάγκη
827 3866 981 3919 πᾶσα
1026 3863 1211 3918 δοῦναι
1257 3861 1432 3935 ἀρχὴν
1475 3862 1571 3915 καὶ
1615 3859 1693 3932 τῷ
1741 3859 1938 3929 Πατρί.

364 3979 382 4012 r
408 3949 517 4013 *Ην
545 3976 565 4010 ι
605 3958 738 4030 γάρ,
780 3958 968 4029 φησὶν,
1020 3976 1039 4010 ι
1068 3959 1125 4011 ἐν
1169 3958 1236 4028 τῇ
1290 3957 1432 4028 ἀρχῇ
1490 3954 1624 4016 Θεὸς
1662 3952 1800 4023 πρὸς
1847 3951 1940 4004 τὸν

358 4051 513 4111 Θεάν.
539 4070 560 4104 ι
607 4052 723 4104 Οὐκ
755 4050 899 4103 ἐστιν
951 4049 1008 4103 δὲ
1040 4048 1184 4121 ἁρχὴ
1216 4048 1320 4119 τῆς
1352 4048 1484 4119 μιᾶς
1531 4046 1791 4118 θεότητος
1839 4043 1941 4115 τῆς

358 4141 525 4214 οὔσης
551 4143 609 4196 ἐν
637 4144 706 4214 τῇ
742 4142 907 4215 ἀρχῇ.

429 4237 515 4307 ις’.
546 4237 610 4289 ΕΞ
640 4235 732 4289 νοῦ
775 4233 978 4298 παντὸς
1007 4232 1330 4304 ἀνῴκισται,
1368 4230 1486 4295 πῶς
1518 4230 1797 4304 Παρθένος
1821 4228 1941 4302 ῥεύ-

361 4343 501 4392 σεως
529 4326 686 4391 ἐκτὸς
728 4325 935 4394 ἔτεκεν,
969 4326 1200 4397 μείνασα
1238 4325 1399 4379 πάλιν
1428 4325 1727 4397 παρθένος·
1762 4323 1942 4396 πολλῷ

363 4418 564 4492 μᾶλλον
588 4419 1022 4489 ἀνεφικτότερον.
1052 4416 1172 4481 πῶς
1201 4416 1502 4488 αὑτογενὴς
1535 4418 1667 4481 Θεὸς
1696 4418 1791 4470 καὶ
1828 4418 1942 4472 Πα-

2038 1951 2145 1991 non
2183 1944 2560 2002 connumerat,
2605 1936 2699 1991 sed
2747 1937 2920 2007 ipsum
2974 1951 3095 1991 cum
3142 1934 3305 1991 Patre
3357 1945 3536 2004 aequat
3571 1942 3628 1993 et

2039 2028 2292 2093 collocat,
2344 2027 2591 2084 scribens
2629 2028 2949 2094 Corinthiis,
3003 2048 3021 2080 ι
3055 2027 3188 2083 Nam
3219 2030 3319 2084 etsi
3355 2029 3467 2100 (52)
3500 2040 3627 2086 sunt

2037 2121 2129 2192 qui
2165 2121 2422 2177 dicuntur
2476 2121 2551 2177 dii
2584 2120 2761 2185 multi,
2788 2130 2842 2176 et
2870 2121 3078 2177 domini
3120 2122 3273 2177 multi
3304 2131 3358 2181 et
3386 2123 3438 2177 in
3464 2121 3625 2187 ctelo,

2041 2212 2179 2267 etin
2215 2221 2395 2268 terra:
2433 2221 2611 2267 tamen
2664 2212 2822 2268 nobis
2862 2229 3004 2269 unus
3044 2212 3188 2271 Deus
3206 2214 3389 2282 Pater,
3416 2230 3484 2270 ex
3517 2229 3628 2286 quo

2041 2305 2252 2370 omnia,
2290 2313 2346 2359 et
2379 2320 2521 2361 unus
2545 2305 2808 2361 Dominus
2827 2304 2986 2362 Jesus
3017 2306 3287 2371 Christus,
3324 2324 3423 2378 per
3466 2324 3627 2378 quem

2041 2397 2257 2463 omnia;
2286 2415 2302 2448 ι
2339 2411 2445 2451 non
2471 2403 2557 2452 est
2585 2397 2748 2468 igitur
2773 2398 2915 2453 inter
2936 2407 3220 2455 creaturas
3249 2399 3627 2467 collocandus,

2041 2490 2136 2545 sed
2169 2504 2293 2543 cum
2318 2487 2486 2544 Patre
2517 2489 3037 2561 congloriﬁcandus.

2117 2581 2283 2653 326
2320 2580 2505 2637 XVIII.
2529 2581 2587 2637 Si
2617 2597 2802 2638 rerum
2820 2583 3168 2648 omnium,‘ac
3202 2583 3441 2655 ipsorum
3463 2584 3629 2641 etiam

2041 2674 2364 2729 saeculorum
2399 2674 2653 2729 conditor
2679 2683 2764 2730 est
2809 2672 3004 2740 Filius,
3033 2676 3176 2730 sicut
3208 2677 3469 2747 scriptum
3494 2677 3631 2749 legi-

2044 2776 2133 2821 tur
2165 2765 2302 2839 (55),
2339 2766 2550 2822 exstitit
2597 2781 2728 2839 ergo
2774 2777 3065 2837 antequam
3106 2768 3402 2838 quidquam
3448 2768 3627 2826 ﬁeret.

2040 2856 2246 2927 Atqui
2298 2856 2509 2912 exstitit
2565 2867 2854 2926 antequam
2913 2856 3211 2928 quidquam
3272 2859 3460 2923 ﬁeret,
3521 2873 3631 2914 non

2043 2945 2147 3002 fuit
2171 2947 2464 3012 conditus;
2514 2947 2650 3002 nihil
2686 2947 2861 3012 enim,
2893 2949 3042 3019 quod
3097 2956 3342 3003 creatum
3369 2949 3459 3013 sit,
3501 2959 3631 3004 ante

2044 3038 2270 3103 sacula,
2293 3048 2389 3093 aut
2422 3046 2549 3093 ante
2575 3041 2911 3093 creationem
2957 3038 3236 3095 exsistens
3274 3041 3630 3112 intelligitur;

2048 3129 2143 3186 sed
2183 3144 2247 3185 ea
2276 3130 2564 3197 duntaxat,
2616 3143 2735 3198 qua:
2779 3129 2834 3183 in
2871 3130 3080 3185 unitate
3106 3131 3340 3197 exsistit,
3385 3131 3628 3187 iucreata

2048 3216 2312 3275 Trinitas.
2346 3218 2416 3273 Et
2445 3219 2644 3274 aliter:
2681 3218 2737 3274 Si
2764 3220 3027 3284 omnium,
3065 3236 3186 3290 quae
3210 3230 3356 3291 sunt,
3380 3224 3630 3278 conditor

2045 3321 2149 3377 est,
2172 3325 2276 3367 non
2300 3320 2381 3367 est
2411 3320 2647 3376 creatus,
2675 3310 2976 3379 cuiusmodi
3008 3311 3098 3366 illa
3126 3324 3285 3381 sunt;
3320 3314 3467 3368 nullo
3483 3315 3629 3370 enim

2047 3406 2208 3460 modo
2230 3406 2503 3462 creaturis
2518 3404 2749 3461 Creator
2763 3404 2954 3461 similis
2971 3419 3091 3461 esse
3111 3416 3288 3478 potest
3327 3419 3419 3461 aut
3435 3408 3627 3477 debet;

2046 3510 2147 3550 nec
2175 3505 2438 3565 praeterea
2467 3504 2718 3551 creatura
2750 3496 2985 3553 creando
3006 3496 3138 3551 dare
3161 3498 3628 3567 potestexsiSten-

2048 3589 2204 3653 tiam,
2241 3604 2416 3658 neque
2449 3590 2674 3645 rationis
2724 3590 3043 3662 participem
3084 3593 3391 3662 quempiam
3426 3590 3625 3653 facere.

2118 3680 2257 3737 XIX.
2304 3682 2360 3737 Si
2383 3692 2502 3737 erat
2537 3683 2589 3736 in
2620 3682 2887 3753 principio
2913 3683 3056 3739 Deus
3088 3685 3232 3752 apud
3265 3685 3453 3750 Deum,
3482 3684 3627 3737 aliud

2051 3775 2382 3845 principium
2412 3774 2582 3831 Filius
2612 3776 2724 3846 ipse
2750 3791 2856 3831 non
2890 3776 3053 3831 habet
3091 3792 3216 3833 cum
3256 3777 3329 3832 sit
3357 3777 3632 3847 antiquior

2052 3867 2204 3921 omni
2231 3867 2542 3937 principio:
2580 3867 2819 3938 alioquin
2859 3869 3082 3923 omnino
3135 3871 3498 3925 necessarium
3524 3871 3632 3926 erit

2049 3960 2327 4030 assignare
2341 3960 2659 4030 principium
2672 3961 2833 4015 etiam
2848 3958 3020 4016 Patri.
3039 3978 3059 4013 ι
3072 3961 3197 4017 Erat
3209 3980 3228 4014 ι
3244 3962 3411 4031 enim,
3431 3962 3629 4031 inquit,

2055 4071 2074 4103 ‹
2103 4051 2157 4104 in
2194 4051 2461 4121 principio
2487 4052 2630 4109 Deus
2663 4053 2806 4123 apud
2839 4054 3004 4109 Deum
3032 4054 3166 4127 (54).
3191 4073 3210 4106 ι
3249 4053 3466 4109 Nullum
3499 4068 3629 4109 vero

2047 4140 2373 4212 principium
2407 4143 2570 4203 habet
2599 4161 2703 4199 una
2749 4146 2932 4202 Deitas
2956 4147 3227 4203 exsisteus
3256 4149 3307 4200 in
3333 4147 3623 4217 principio.

2125 4230 2242 4287 XX.
2285 4232 2340 4287 Si
2374 4233 2516 4287 nulla
2568 4235 2848 4305 percipere
2900 4249 3055 4291 mens
3109 4244 3307 4306 potest,
3356 4238 3625 4306 quomodo

2066 4322 2224 4395 Virgo
2285 4325 2408 4380 sine
2441 4324 2584 4380 ﬂuxu
2622 4327 2915 4396 pepererit,
2951 4342 3176 4383 manens
3226 4342 3413 4383 rursus
3439 4328 3626 4397 virgo:

2048 4422 2255 4483 quanto
2287 4415 2470 4470 minus
2534 4416 2761 4486 intelligi
2814 4417 3034 4488 poterit,
3089 4417 3363 4487 quomodo
3394 4417 3483 4473 ille
3532 4433 3631 4487 per

360 4513 488 4586 τὴρ,
512 4512 787 4584 ἀνάρχως,
824 4512 920 4565 καὶ
944 4511 1068 4582 δίχα
1099 4510 1310 4575 πάθους
1350 4510 1408 4577 ἐξ
1442 4510 1565 4564 ὅλου
1592 4508 1789 4564 ἐαυτοῦ
1821 4509 1938 4564 ὅλον

2050 4521 2110 4561 se
2142 4507 2415 4562 exsistens
2449 4509 2597 4569 Deus
2619 4524 2681 4563 ac
2704 4507 2891 4574 Pater,
2919 4511 2985 4565 ah
3021 4519 3244 4573 aeterno,
3275 4519 3330 4564 et
3357 4509 3474 4565 sine
3505 4526 3629 4580 pas-

366 4603 667 4676 ίσομέτρως
692 4604 885 4660 τέτοκε
906 4601 999 4658 τὸν
1025 4602 1175 4660 Υίόν.

434 4783 566 4836 KA'.
603 4783 669 4837 Εί
726 4783 875 4855 ἡμᾶς
932 4782 1177 4848 πλάσας,
1227 4782 1614 4848 αὑτεξουσίους
1676 4781 1819 4854 [I52
1876 4780 1941 4855 α]

370 4872 650 4945 ἐποίησεν,
690 4876 876 4946 κρίσιν
920 4875 1111 4945 ὁρίσας
1153 4876 1249 4930 ἐπὶ
1291 4876 1431 4947 καλῇ
1469 4877 1562 4931 καὶ
1595 4878 1741 4947 κακῇ
1797 4875 1942 4946 πρά-

368 4964 478 5030 ξει·
524 4966 644 5031 πῶς
684 4967 849 5030 αὐτὸς
896 4967 997 5021 οὐκ
1043 4966 1157 5038 ἔχει
1204 4967 1384 5033 τοῦτο,
1424 4967 1454 5021 ὸ
1495 4968 1696 5022 ἔδωκεν
1726 4971 1861 5039 ἡμῖν
1914 4968 1944 5021 6

367 5053 511 5108 κατὰ
548 5054 649 5122 τὴν
693 5056 1034 5127 προφητείαν
1067 5056 1146 5111 ὢν
1188 5057 1354 5125 Θεὸς,
1401 5058 1651 5129 ἰσχυρὸς,
1700 5056 1945 5125 ἐξουσια-

368 5146 499 5211 στής
514 5162 531 5176 ο

438 5328 568 5385 KB'.
602 5329 667 5385 Εί
722 5331 914 5395 πιστός
972 5330 1090 5385 ἐστι
1151 5332 1359 5406 Πέτρος
1412 5332 1472 5387 ἐν
1526 5333 1646 5396 ταῖς
1701 5333 1940 5406 Πράξεσι

439 5465 553 5540 (iiii)
592 5468 777 5540 Magni
815 5469 930 5525 Dei.
972 5470 1078 5526 Tit.
1106 5487 1167 5535 tt,
1200 5472 1289 5529 I3.

468 5536 728 5621 ευριιῷ
784 5540 1209 5621 ἠιηίιίεηΡξοιη
1240 5556 1439 5621 ιειιν,
1488 5542 1541 5599 7.
1591 5538 1789 5621 _I_iihlia
1848 5555 1948 5610 pro

366 5605 486 5677 «id,
536 5605 589 5680 id
616 5616 703 5664 est
735 5628 755 5662 ι
782 5611 925 5680 quis,
954 5629 974 5663 ι
1020 5612 1216 5666 habent
1257 5612 1360 5666 οὐκ
1386 5613 1554 5678 ἐστιν,
1591 5611 1642 5666 id
1679 5620 1763 5665 est
1787 5628 1807 5661 ι
1835 5605 1943 5666 non

368 5688 478 5731 est.
509 5697 528 5730 ι
568 5678 673 5734 Sed
705 5678 827 5736 vide
854 5681 999 5736 Psal.
1027 5696 1290 5744 Lxuvm,
1320 5683 1372 5738 7.
1802 5698 1811 5710 ‘

445 5747 560 5820 (5‘2)
599 5748 742 5803 Nam
777 5752 896 5806 etsi.
965 5752 983 5805 l
1050 5751 1176 5805 Cor.
1236 5768 1353 5818 vm,
1387 5754 1441 5815 5,
1491 5752 1545 5807 6.
1608 5754 1807 5809 Sextus
1858 5761 1940 5807 ta-

379 5830 502 5874 men
536 5822 828 5880 vers-culus
853 5822 1011 5893 paulo
1039 5822 1197 5878 aliter
1223 5838 1282 5880 se
1312 5824 1472 5881 habet
1501 5826 1554 5880 in
1596 5823 1779 5881 Bibliis
1810 5838 1934 5880 cum

2050 4598 2203 4653 sione
2234 4613 2299 4654 ex
2329 4607 2445 4654 toto
2472 4600 2768 4669 semetipso
2812 4610 2983 4657 totum
3028 4602 3130 4658 sibi
3168 4601 3412 4672 perfecte
3440 4618 3629 4673 atqua~

2049 4691 2157 4746 lem
2182 4694 2433 4759 genuerit
2460 4691 2711 4762 .Filium?

2124 4783 2269 4839 XXI.
2309 4784 2365 4840 Si
2400 4800 2523 4839 cum
2569 4784 2741 4840 Filius
2792 4785 2908 4855 ipse
2971 4801 3069 4841 nos
3094 4785 3380 4852 formavit,
3409 4787 3629 4857 propria

2050 4877 2303 4933 libertate
2334 4877 2591 4947 praeditos
2619 4875 2762 4942 fecit,
2787 4876 3036 4947 judicare
3080 4893 3177 4934 nos
3206 4888 3453 4935 statuens
3470 4890 3630 4950 prout

2053 4970 2210 5027 bona;
2238 4981 2336 5025 aut
2368 4970 2526 5025 mala;
2573 4977 2774 5026 nostra:
2806 4969 3049 5025 actiones
3092 4969 3325 5040 fuerint;
3358 4973 3631 5042 quomodo

2054 5063 2171 5135 ipse
2194 5064 2246 5118 id
2279 5078 2384 5117 non
2411 5062 2599 5128 habet,
2641 5061 2785 5132 quod
2816 5062 2965 5117 dedit
2990 5062 3180 5118 nobis?
3211 5063 3348 5132 ipse,
3387 5065 3626 5135 inquam,

2051 5155 2142 5225 qui
2192 5155 2345 5225 juxta
2402 5153 2741 5226 prophetiam
2796 5165 2879 5210 est
2930 5152 3075 5211 Deus
3130 5154 3327 5223 fortis,
3381 5157 3628 5213 domina-

2049 5259 2134 5302 tor
2158 5246 2269 5317 (55)
2292 5246 2316 5301 ι

2118 5337 2288 5393 XXII.
2334 5337 2390 5394 Si
2424 5339 2529 5394 ﬁde
2555 5340 2752 5412 dignus
2782 5350 2869 5396 est
2889 5339 3083 5396 Petrus
3112 5339 3166 5395 in
3195 5339 3346 5396 Actis
3360 5339 3625 5397 clamans:

2049 5470 2274 5538 Graecis,
2304 5482 2415 5527 tum
2440 5473 2667 5530 Latinis.

2117 5543 2232 5610 (55)
2271 5542 2507 5613 Legitur.
2548 5545 2710 5601 Ilehr.
2736 5559 2777 5612 ι,
2800 5545 2860 5600 2.

2115 5613 2229 5682 (54)
2272 5609 2413 5670 Dein
2440 5617 2580 5683 apud
2623 5609 2812 5670 Deum.
2848 5615 2993 5671 Citat
3036 5614 3279 5671 sensum
3304 5609 3460 5669 Joan.
3490 5626 3530 5677 ι,
3559 5609 3617 5666 2.

2036 5683 2605 5809 ,διξῗξὶιέὶοηιὶηαιθη
2644 5685 2747 5743 Isa.
2778 5702 2858 5755 ιι,
2880 5686 2941 5754 6,
2967 5686 3122 5757 juxta
3154 5685 3403 5742 Graecam
3444 5690 3623 5740 trans.

2062 5764 2317 5811 stionem.
