4056 6422
519 377 623 432 795
1804 383 2046 448 DIDYMI
2076 392 2553 455 ALEXANDle
3678 401 3779 462 796

521 515 546 553 ι
574 495 714 554 Huic
745 509 940 552 omnes
965 494 1078 568 (56)
1105 495 1382 568 propheta:
1403 497 1772 553 testimonium
1796 503 2096 570 perhibent,

2213 508 2383 578 βοῶν’
2427 530 2444 560 ι
2473 509 2660 581 Τούτῳ
2689 509 2891 573 πάντες
2946 511 2996 564 oi
3061 509 3332 582 προφῆται
3395 515 3779 588 μαρτυροῦσιν,

517 588 901 644 remissionem
935 599 1286 658 peccatorum
1319 588 1566 658 accipere
1615 605 1709 658 per
1756 606 1951 646 nomen
1990 593 2096 661 ejus

2210 601 2404 670 ἄφεσιν
2443 602 2726 674 ἁμαρτιῶν
2781 603 2963 657 λαϐεῖν
3023 603 3114 658 διὰ
3161 605 3254 658 τοῦ
3311 606 3570 678 ὀνόματος
3613 612 3778 667 αὐτοῦ

513 696 734 736 omnem
767 681 858 749 qui
888 680 1060 735 credit
1089 679 1140 733 in
1165 695 1286 734 eum
1311 697 1324 746 ;
1351 699 1369 730 ι
1407 695 1532 735 vere
1565 681 1727 746 igitur
1779 699 1843 737 ac
1889 685 2107 753 proprie

519 773 621 844 ipsi
642 774 897 828 convenit
916 788 1110 827 nomen
1125 772 1246 838 hoc,
1280 773 1469 833 «Deus,
1487 792 1505 823 ι
1527 784 1600 836 ει,
1621 792 1640 824 ι
1669 773 1836 828 Filius
1863 777 2108 846 unigeni-

516 873 606 920 tus
633 865 750 920 Dei.
781 885 798 917 ι
819 865 952 919 Nam
985 865 1027 918 si
1051 863 1185 918 falso
1218 876 1269 919 et
1296 865 1590 934 improprie
1625 866 1675 921 id
1707 869 1756 921 ei
1786 884 1980 923 nomen
2011 870 2108 924 tri-

518 957 798 1023 bneretur,
833 956 967 1010 nihil
999 958 1170 1024 ipsum
1193 955 1386 1023 jnvare
1437 965 1639 1026 posset.

596 1048 789 1104 XXIII.
833 1047 889 1103 Si
930 1049 1198 1103 mendacii
1233 1063 1428 1116 expers
1483 1049 1626 1105 Deus
1671 1048 1784 1120 (qui
1834 1050 2022 1115 etiam,
2049 1060 2107 1104 ut

517 1145 594 1197 ait
634 1159 791 1198 sacer
819 1142 1028 1197 Psaltes
1074 1143 1208 1212 (57),
1259 1142 1592 1196 mentientes
1623 1144 1823 1212 perdit)
1872 1159 2000 1199 vera
2029 1145 2106 1197 Io-

517 1235 724 1303 qnitur,
753 1249 876 1288 cum
901 1234 1042 1302 apud
1077 1233 1408 1304 Theologum
1442 1233 1552 1305 (58)
1579 1234 1676 1301 ait,
1709 1255 1726 1287 ι
1753 1235 1942 1290 Omnia
1961 1252 2107 1306 quaa-

518 1342 738 1396 cunque
770 1325 934 1380 habet
966 1325 1146 1391 Pater,
1177 1341 1295 1379 mea
1321 1336 1480 1392 sunt;
1508 1344 1526 1376 ι
1548 1335 1623 1393 ει,
1649 1345 1670 1378 ι
1704 1325 1819 1381 Mea
1849 1335 1935 1379 tua
1956 1337 2102 1391 sunt,

518 1423 572 1468 ct
608 1425 696 1468 tua
724 1430 840 1468 mea
865 1433 877 1468 :
901 1433 918 1464 ι
961 1416 1098 1468 Deus
1131 1427 1368 1468 aeternus
1405 1415 1648 1484 profecto
1683 1423 1764 1471 est
1810 1416 1974 1488 327
2005 1418 2108 1472 Do-

522 1509 727 1572 minus,
763 1523 861 1563 nec
889 1508 1006 1578 ejus
1059 1523 1280 1577 regnum
1340 1507 1498 1562 linem
1540 1509 1723 1572 habet,
1774 1520 1827 1564 et
1877 1523 1959 1564 est
1995 1511 2107 1580 ipse

517 1599 702 1653 omnia
735 1614 1072 1669 quaecunque
1095 1608 1178 1651 est
1209 1597 1392 1662 Pater,
1427 1599 1672 1668 nihilque
1706 1599 1772 1653 ab
1807 1616 1870 1654 eo
1909 1616 2104 1655 novum

516 1691 729 1761 accepit
755 1691 1054 1743 secundum
1091 1689 1330 1743 divinam
1399 1698 1649 1742 naturam
1688 1727 1704 1753 ,
1752 1690 1844 1744 sed
1893 1701 2104 1744 tantum

515 1783 812 1838 secundum
847 1783 988 1835 servi
1017 1782 1248 1835 formam
1285 1780 1557 1850 posterius
1583 1793 1937 1850 assumptam.
1965 1782 2107 1848 Qua-

2207 692 2385 746 πάντα
2421 694 2514 747 τὸν
2547 694 2873 748 πιστεύοντα
2920 696 3001 759 εἰς
3049 695 3210 749 αὐτόν
3232 714 3247 728 ο
3291 717 3309 750 ι
3336 698 3584 770 ἀληθινὸν
3607 702 3778 774 ὄνομα

2207 783 2322 855 ἔχει
2347 785 2430 851 τὸ,
2449 805 2467 837 ι
2488 788 2516 839 6
2546 785 2699 851 Θεὸς,
2728 805 2746 838 ι
2772 788 2890 850 καὶ,
2931 806 2949 838 ι
2979 787 3104 852 Υἱὸς
3129 791 3422 862 μονογενὴς
3453 792 3545 846 τοῦ
3561 793 3696 848 Θεοῦ
3714 811 3731 830 ο
3752 814 3773 850 ι

2203 876 2556 950 ψευδώνυμον
2583 878 2690 951 γὰρ
2713 879 2862 932 οὐδὲν
2889 879 3146 950 ὀνίνησιν.

2278 1054 2406 1111 K1".
2446 1058 2510 1111 EI
2536 1056 2792 1128 ἀληθεύει
2821 1061 2849 1112 6
2877 1057 3116 1131 ἀψευδὴς
3142 1059 3293 1125 Θεὸς,
3326 1062 3354 1114 6
3384 1062 3478 1116 καὶ
3502 1064 3624 1127 τοὺς
3650 1064 3782 1135 ψευ-

2204 1145 2462 1218 δομένους
2509 1147 2814 1214 ἀπολλύων,
2863 1149 2938 1213 ὡς
2967 1151 2996 1202 6
3026 1149 3369 1222 Ἰεροψάλτης
3414 1151 3586 1220 λέγει,
3629 1155 3778 1224 παρὰ

2205 1239 2284 1310 τῷ
2303 1237 2549 1309 Θεολόγῳ
2574 1237 2774 1292 εἰπών·
2809 1258 2828 1290 ι
2855 1239 3038 1294 Πάντα
3078 1242 3178 1295 ὅσα
3219 1241 3332 1312 ἔχει
3366 1246 3394 1298 6
3435 1245 3640 1316 Πατὴρ,
3673 1248 3778 1318 ἐμά

2205 1333 2387 1386 ἐστιν·
2415 1352 2434 1384 ι
2469 1331 2586 1395 καὶ,
2625 1352 2643 1384 ι
2669 1333 2750 1386 Τὰ
2783 1333 2892 1404 ἐμὰ
2924 1333 2992 1388 σά
3035 1335 3203 1400 ἐστιν,
3241 1336 3334 1390 καὶ
3377 1336 3444 1390 τὰ
3474 1338 3540 1392 σὰ
3584 1340 3724 1409 ἐμά·
3754 1360 3774 1392 ι

2205 1425 2339 1489 Θεός
2367 1426 2515 1478 ἐστιν
2561 1427 2797 1498 ἄναρχος
2825 1427 3051 1499 Κύριος,
3108 1422 3168 1484 οὗ
3201 1431 3233 1498 ἡ
3283 1428 3528 1499 βασιλεία
3558 1431 3780 1484 ἀτελεύ-

2204 1536 2388 1590 τητος,
2421 1520 2512 1572 καὶ
2559 1519 2758 1580 πάντα.
2801 1520 2902 1572 ὅσα
2929 1520 3077 1572 ἐστὶν
3111 1521 3139 1573 6
3177 1521 3388 1592 Πατὴρ,
3421 1523 3568 1576 οὐδὲν
3602 1523 3780 1578 λαϐὼν

2206 1613 2336 1682 παρ’
2371 1611 2534 1665 αὑτοῦ
2581 1611 2723 1666 κατὰ
2763 1611 2862 1684 τὴν
2901 1612 3052 1666 Θείαν
3099 1613 3282 1681 φύσιν,
3329 1612 3464 1666 ἀλλὰ
3499 1615 3638 1674 κατὰ
3683 1615 3779 1686 τὴν

2207 1705 2433 1774 ὕστερον
2455 1703 2549 1758 τοῦ
2573 1703 2761 1758 δούλου
2803 1706 3039 1778 μορφήν.
3071 1699 3173 1759 Οἷα
3205 1704 3260 1758 δὲ
3291 1705 3417 1777 περί
3443 1723 3502 1758 τε
3531 1705 3633 1775 τῆς
3673 1707 3781 1762 ἄνω

2209 1796 2297 1850 ἀεὶ
2324 1795 2634 1868 κρατούσης
2669 1795 2949 1868 ἀληθείας,
2982 1796 3110 1868 περί
3138 1814 3194 1850 τε
3224 1797 3324 1867 τῆς
3347 1797 3497 1851 κάτω
3523 1798 3624 1851 οὐκ
3653 1798 3779 1870 ἁλη-

517 1874 586 1926 lia
623 1887 752 1925 vero
775 1887 896 1925 cum
935 1871 1002 1924 de
1050 1871 1260 1924 C(BIDSII
1321 1885 1539 1936 semper
1596 1871 1908 1926 dominante
1963 1873 2096 1926 vi-ri-

2207 1887 2357 1950 Θείας
2383 1885 2714 1956 ἐφθέγξαντο
2739 1888 2835 1941 καὶ
2860 1886 3141 1958 Ἕλληνες,
3167 1889 3465 1958 ἐπαῖωμεν·

515 1973 646 2025 tate,
717 1971 830 2014 tum
884 1961 950 2014 de
1015 1970 1228 2014 terrena
1295 1976 1400 2013 non
1438 1960 1666 2014 veritate
1700 1963 2104 2029 pronuntiarint

513 2055 680 2111 etiim
722 2053 921 2118 Grzeci,
953 2055 1239 2106 audiamus
1261 2052 1408 2122 (59):

514 2146 779 2203 Mendacii
817 2161 1000 2211 expers
1041 2154 1118 2197 est
1173 2146 1351 2214 magni
1412 2142 1506 2196 Dei
1541 2146 1841 2286 mensi”?
1905 2157 2104 2200 morta-

1758 2232 1772 2266 I
1811 2232 1870 2268 us
1903 2233 2018 2270 vero

1758 2232 1870 2268 10118
1903 2233 2018 2270 vero

511 2284 657 2351 Eos,
708 2286 798 2356 qui
863 2287 1223 2348 mentiuntur,
1294 2283 1594 2356 molestin
1630 2283 1972 2356 insequuntur
2053 2297 2101 2340 et

1555 2355 1872 2427 [infortunia
1888 2357 2022 2425 (60).

584 2446 775 2502 XXIV.
813 2449 868 2503 Si
902 2447 1143 2502 omnium
1187 2448 1359 2504 haeres
1395 2450 1720 2504 constitutus
1748 2457 1851 2511 est,
1890 2464 1993 2503 non
2023 2458 2105 2504 est

511 2557 725 2605 servus,
757 2541 850 2595 sed
900 2541 1172 2609 genuinus
1214 2541 1404 2596 Filius.
1437 2541 1590 2608 Quod
1629 2541 1673 2594 si
1717 2556 1823 2594 non
1860 2551 1943 2596 est
1983 2557 2103 2596 ser-

511 2646 634 2698 vus;
675 2634 772 2688 sed
821 2631 1009 2697 Filius,
1050 2641 1288 2686 aaternus
1329 2631 1471 2686 Deus
1519 2640 1623 2686 est.
1679 2629 1812 2684 Nam
1865 2633 2100 2700 primum

510 2727 730 2797 quidem
773 2723 915 2780 (ilius
952 2733 1270 2794 generatur,
1305 2740 1412 2779 non
1449 2735 1702 2789 creatur;
1746 2723 1939 2780 deinde
1975 2740 2102 2781 vero

509 2821 578 2874 de
614 2819 701 2883 iis,
745 2832 868 2888 qua:
906 2826 1110 2878 creata,
1156 2826 1319 2884 atque
1367 2816 1418 2869 in
1477 2825 1720 2885 tempore
1778 2814 2099 2870 exsistentia

511 2919 662 2975 sunt,
697 2912 964 2980 scriptum
994 2919 1079 2963 est
1113 2925 1127 2961 :
1171 2926 1190 2960 ι
1227 2907 1418 2964 Omnia
1440 2907 1550 2978 (6|)
1584 2921 1741 2962 serva
1785 2915 1874 2960 tua
1921 2919 2051 2964 sunt
2073 2927 2095 2962 ι

510 3005 652 3074 (seu,
683 3005 927 3056 serviunt
965 2998 1108 3069 tibi).

580 3092 750 3150 XXV.
792 3093 849 3148 Si
892 3101 952 3147 ut
988 3107 1101 3146 rem
1137 3107 1387 3162 magnam
1450 3090 1664 3162 (revera
1704 3094 1850 3150 enim
1901 3107 2098 3163 magna

2217 2153 2509 2224 Ἀψευδὴς
2534 2154 2820 2226 μεγάλοιο
2851 2154 3000 2210 Θεοῦ
3032 2155 3204 2222 νόοςο
3235 2154 3306 2210 ἐν
3331 2155 3400 2210 δὲ
3421 2155 3700 2224 ,ϐροτοῖσι

2279 2289 2680 2360 Ψευδομένοις
2709 2289 2947 2359 χαλεπὰ
2978 2288 3184 2344 ὤπασε
3214 2289 3571 2360 δυσμοραπα
3584 2293 3647 2346 θ.

2274 2450 2399 2503 KA'.
2433 2449 2496 2503 Εί
2536 2448 2872 2521 κληρονόμος
2907 2449 3123 2502 πάντων
3167 2449 3530 2518 καθέστηκεν,
3562 2447 3628 2501 οὐ
3659 2448 3780 2503 δοῦ-

2202 2541 2312 2606 λος,
2341 2541 2477 2594 ἀλλὰ
2513 2543 2735 2611 γνήσιος
2765 2541 2910 2605 Υίός.
2943 2542 3004 2594 El
3036 2541 3094 2594 δὲ
3133 2541 3207 2612 μὴ
3242 2539 3445 2606 δοῦλος,
3491 2538 3606 2592 ἀλλ’
3636 2539 3778 2604 Υἱὸς,

2202 2633 2334 2697 Θεός
2373 2633 2521 2686 ἐστιν
2567 2632 2820 2702 ἄναρχος.
2853 2632 2982 2695 Υἱὸς
3021 2631 3132 2703 γὰρ
3180 2633 3457 2700 γεννᾶται,
3499 2631 3559 2685 οὐ
3609 2631 3779 2695 κτίζε-

2200 2741 2327 2777 ται·
2366 2722 2461 2777 καὶ
2501 2724 2630 2794 περ).
2661 2724 2770 2776 τῶν
2820 2722 3052 2776 κτιστῶν
3089 2723 3182 2775 καὶ
3215 2721 3319 2776 ὑπὸ
3354 2722 3544 2793 χρόνον
3581 2723 3779 2795 γέγραο

2203 2835 2334 2870 πται
2355 2833 2369 2846 ·
2405 2833 2424 2866 ι
2457 2815 2539 2869 Τὰ
2567 2815 2858 2888 σύμπαντα
2885 2815 3047 2868 δοῦλα
3081 2815 3167 2869 σά..
3191 2833 3212 2867 ι

2273 3093 2402 3146 ΚΕ¹.
2442 3092 2506 3146 Ei
2538 3092 2615 3157 ὼς
2647 3093 2787 3164 μέγα
2819 3093 2932 3164 (κα)⁵
2957 3093 3066 3166 γάρ
3091 3095 3238 3148 ἐστιν
3269 3093 3482 3166 ἀληθῶς
3515 3093 3660 3166 μέγα
3691 3095 3776 3149 καὶ

507 3199 614 3254 est,
645 3203 712 3244 ac
751 3189 921 3243 solius
959 3185 1050 3239 Dei
1094 3183 1339 3258 propria)
1373 3191 1439 3242 de
1483 3185 1644 3241 Patre
1679 3187 1818 3242 dixit
1851 3185 2050 3240 Paulus
2081 3201 2095 3238 :

2207 3183 2370 3255 μόνου
2419 3183 2579 3253 Θεοῦ)
2626 3186 2757 3256 περὶ
2806 3186 3020 3258 Πατρός
3049 3181 3204 3239 εἶπεν
3239 3186 3480 3250 Παῦλος·
3521 3204 3541 3238 ι
3587 3186 3648 3239 '0
3690 3185 3774 3238 ἐπὶ

517 3301 537 3335 ι
565 3283 668 3350 Qui
729 3290 812 3336 est
837 3280 951 3352 (62)
1003 3295 1168 3349 super
1219 3279 1424 3342 omnia,
1465 3287 1522 3333 et
1571 3295 1668 3348 per
1711 3281 1915 3345 omnia,
1950 3289 2006 3332 et
2044 3278 2096 3333 in

2205 3278 2443 3344 πάντων,
2475 3279 2570 3332 καὶ
2613 3277 2702 3330 διὰ
2735 3278 2975 3342 πάντων,
3007 3278 3103 3331 καὶ
3135 3278 3193 3331 ἐν
3233 3279 3430 3332 πᾶσινο
3463 3297 3482 3330 ι
3510 3277 3582 3331 τὰ
3610 3278 3668 3332 δὲ
3693 3277 3775 3330 ῐσα

507 3375 799 3439 omnibus;
837 3392 856 3425 ι
903 3371 1132 3439 aequalia
1166 3385 1298 3424 vero
1344 3370 1485 3424 idem
1533 3371 1822 3441 Apostolus
1864 3372 1932 3426 de
1962 3369 2100 3425 Filio

509 3468 734 3538 scripsit
767 3485 780 3521 :
818 3486 836 3519 ι
880 3466 958 3520 Ex
1010 3465 1342 3536 quibus(63)
1380 3474 1464 3520 est
1505 3465 1753 3522 Christus
1803 3465 2098 3522 secundum

508 3578 754 3628 carnem,
799 3560 890 3630 qui
945 3567 1032 3613 est
1070 3573 1237 3627 super
1274 3558 1458 3612 omnia
1509 3557 1648 3613 Deus
1686 3558 2004 3614 benedictus
2046 3557 2100 3612 in

509 3654 730 3710 διεριιιε.
783 3654 991 3718 Amen;
1024 3671 1042 3703 ι
1095 3651 1330 3719 itemque
1378 3651 1750 3721 evangelista,
1801 3666 1923 3706 cum
1981 3651 2098 3707 ait:

516 3767 534 3799 ι
565 3747 665 3813 Qui
695 3746 980 3800 desursum
1000 3743 1112 3814 (64)
1144 3743 1312 3809 venit,
1331 3757 1496 3812 supra
1524 3743 1705 3797 omnia
1736 3754 1818 3799 est
1847 3763 1860 3799 :
1897 3763 1915 3794 ι
1954 3745 2097 3798 nulla

509 3850 639 3904 ergo
675 3834 728 3887 in
764 3849 822 3888 re
860 3848 891 3887 a
940 3833 1102 3888 Patre
1153 3835 1433 3903 discrepat
1473 3833 1664 3898 Filius,
1717 3850 1818 3890 nec
1856 3836 1971 3905 ipso
2014 3836 2098 3890 in-

510 3927 679 3980 ferior
729 3935 812 3980 est
840 3925 982 3997 (65).
1021 3925 1194 3993 Quam
1233 3927 1319 3996 pie
1367 3941 1496 3981 vero
1556 3928 1622 3982 de
1666 3927 1818 3984 hisce
1859 3929 2099 3984 sentiant

510 4018 823 4072 Graacorum
853 4017 1113 4086 theologi,
1135 4018 1225 4087 qui
1259 4017 1426 4072 multa
1456 4020 1768 4086 audierunt,
1790 4036 1895 4077 non
1925 4036 2095 4092 pauca

509 4109 776 4182 legerunt,
809 4125 873 4164 ac
903 4109 1136 4178 plurima
1163 4107 1436 4174 viderunt,
1462 4111 1731 4182 inspicere
1769 4128 1949 4184 opera:
1973 4127 2095 4183 pre-

507 4202 642 4256 tium
677 4210 778 4255 est.
807 4200 974 4255 Aiunt
1004 4200 1148 4255 enim
1174 4219 1188 4254 :

508 4291 700 4350 Omnia
751 4292 861 4348 Deo
901 4293 1056 4362 plena
1106 4309 1225 4349 sum
1257 4293 1410 4366 (66);
1453 4296 1686 4349 omnium
1722 4295 1844 4378 ﬁnis
1869 4305 2000 4378 ρει,
2041 4306 2091 4352 et

1759 4379 1970 4420 ιη;ιιιιηι
1999 4385 2016 4420 .’

1759 4379 1970 4420 mnium
1999 4385 2016 4420 :

507 4432 700 4489 Omnia
735 4434 930 4503 ferens,
959 4445 1009 4490 et
1057 4437 1282 4502 solvens,
1331 4448 1378 4491 et
1423 4455 1486 4493 ex
1525 4367 1752 4508 ipsismelt
1775 4454 1992 4578 [rursus
2030 4453 2092 4491 ea

1798 4524 2014 4577 augens.

1798 4524 2014 4577 augens.

2202 3372 2365 3434 αὐτὸς
2400 3371 2529 3442 περ).
2560 3371 2652 3424 τοῦ
2687 3370 2814 3424 Υἱοῦ
2845 3370 3154 3442 γέγραφενο
3190 3390 3208 3422 ι
3249 3370 3338 3436 Ἐξ
3361 3363 3437 3425 ὧν
3475 3372 3504 3423 6
3547 3369 3774 3443 Χριστὸς

2203 3463 2330 3535 [152
2354 3463 2408 3537 b]
2433 3465 2494 3516 τὸ
2514 3464 2654 3518 κατὰ
2678 3463 2876 3535 σάρκα,
2901 3467 2930 3517 6
2949 3463 3025 3516 ὣν
3043 3465 3134 3517 ἐπὶ
3157 3464 3372 3518 πάντων
3393 3464 3526 3528 Θεὸς
3547 3465 3774 3533 εὐλογη-

2199 3555 2293 3619 τὸς
2331 3555 2411 3619 είς
2442 3556 2568 3618 τοὺς
2613 3553 2836 3618 αἰῶνας.
2877 3555 3081 3626 Ἀμήνο
3119 3572 3138 3605 ι
3174 3555 3268 3607 καὶ
3319 3556 3347 3608 6
3387 3553 3774 3624 εὐαγγελιστής

2204 3663 2372 3718 φησιν
2391 3663 2404 3675 ·
2427 3664 2446 3698 ι
2488 3646 2546 3699 ὐ
2567 3647 2859 3717 ἐρχόμενος
2877 3645 3105 3710 ἄνωθεν,
3123 3646 3306 3700 ἐπάνω
3325 3646 3541 3699 πάντων
3556 3645 3722 3699 ἐστίν’
3752 3662 3771 3695 ι

2200 3741 2300 3792 οὐκ
2357 3739 2668 3810 ἀφέστηκεν
2703 3739 2761 3792 ἓν
2807 3757 2946 3804 τινι,
2997 3739 3107 3793 οὐδ’
3163 3741 3354 3793 ἀποδεῖ
3399 3739 3494 3793 τοῦ
3543 3739 3772 3810 Πατρός.

2202 3833 2389 3894 Ὅπως
2423 3830 2480 3885 δὲ
2509 3831 2755 3896 εὐλαϐῶς
2788 3831 2971 3902 ἔχουσι
3011 3833 3139 3904 περὶ
3174 3831 3380 3886 τούτων
3419 3833 3468 3884 οἱ
3507 3831 3774 3903 Ἑλλήνων

2199 3922 2460 3992 Θεολόγοι,
2487 3924 2538 3976 oi
2572 3924 2741 3978 πολλὰ
2778 3925 2877 3996 μὲν
2917 3924 3272 3991 ἀκούσαντες,
3307 3925 3408 3977 οὐκ
3447 3923 3606 3992 ὀλίγα
3652 3926 3758 3978 ἀνα·

2197 4019 2418 4088 γνόντες
2441 4058 2457 4083 ,
2519 4019 2828 4090 ἑωρακότες
2885 4019 2943 4072 δέ
2999 4018 3094 4072 καὶ
3151 4017 3410 4086 πλεῖστα,
3461 4018 3772 4071 ἐπισκοπεῖν

2195 4109 2365 4176 ἄξιον.
2393 4111 2668 4166 Φάσκουσι
2701 4111 2812 4182 γάρ
2830 4128 2844 4141 ’

2191 4291 2397 4348 Πάντα
2446 4292 2593 4348 Θεοῦ
2660 4290 2860 4362 πλήρη
2881 4333 2895 4357 ,
2957 4290 3198 4344 πάντων
3243 4287 3428 4359 πέρας
3484 4289 3617 4362 ἐστὶ
3649 4288 3772 4362 ςκαι

2191 4433 2396 4488 Πάντα
2448 4431 2647 4503 φέρων
2681 4472 2697 4498 ,
2756 4433 2924 4486 λύων
2964 4448 3028 4484 τε
3077 4430 3174 4486 καὶ
3217 4430 3285 4496 ἐξ
3335 4359 3770 4574 αὑτίὖέἕέἕέἂιν

3472 4517 3514 4553 αν
3593 4518 3696 4555 ων.

3472 4517 3583 4555 avt
3593 4518 3696 4555 ων.

579 4598 770 4653 XXVI.
802 4601 858 4655 Si
900 4601 1020 4656 Filii
1069 4604 1338 4673 propriam
1387 4617 1508 4658 esse
1559 4611 1866 4659 creaturam
1904 4603 2089 4655 dicunt

2266 4597 2411 4664 KG”.
2448 4596 2510 4649 EI
2536 4595 2630 4648 τοῦ
2672 4594 2804 4648 Υἱοῦ
2835 4596 2868 4665 ἡ
2903 4593 3078 4658 κτίσις
3108 4593 3215 4648 ἰδία
3244 4595 3551 4664 γέγραπται
3587 4592 3769 4664 (φησὶν

505 4686 831 4759 Scripturae;
869 4693 1022 4746 aiunt
1070 4694 1216 4749 enim
1248 4713 1262 4749 :
1305 4711 1324 4746 ι
1359 4693 1415 4749 In
1459 4693 1679 4766 propria
1706 4692 1818 4764 (67)
1857 4692 2030 4758 venit;
2065 4709 2084 4744 ι

576 4893 691 4966 (56)
733 4894 872 4966 Hine
909 4912 1104 4950 omnes.
1134 4897 1256 4966 Act.
1288 4915 1343 4964 χ,
1373 4899 1462 4953 45.

733 4965 962 5038 facit“.
998 4967 1137 5038 I’sal.
1169 4963 1227 5033 ν,
1253 4972 1285 5023 6
1320 4974 1436 5034 (seu
1473 4969 1548 5038 7).

577 5033 688 5104 (58)
732 5034 1069 5104 Theologum.
1106 5034 1261 5092 Joan.
1289 5033 1396 5101 xvi,
1434 5033 1579 5095 IES'et
1611 5054 1741 5103 xvn,
1775 5039 1858 5093 l0.

575 5103 688 5173 (59)
729 5103 1042 5160 Audiamus.
1099 5107 1314 5174 Codex,
1366 5111 1653 5182 ἐπαίομεν.
1720 5111 1862 5181 Lego
1914 5111 2082 5164 ἐπαῖ-

501 5189 671 5241 ωμεν.

575 5243 686 5312 (60)
729 5240 1060 5322 Infortnnia.
1094 5249 1378 5304 Librarius
1403 5251 1532 5322 sine
1565 5262 1791 5307 accentu
1837 5252 2078 5322 scripsit,

501 5309 882 5389 δυσμοραπαθ.
920 5313 1113 5389 vocem
1167 5335 1297 5374 vero
1329 5320 1546 5389 χαλεπά
1596 5323 1667 5375 ita
1716 5309 1986 5386 exaravit,
2023 5309 2083 5376 ut

507 5385 719 5460 nescias
751 5397 818 5434 an
869 5387 1107 5460 scribere
1141 5385 1373 5460 voluerit
1418 5391 1654 5460 χαλεπά,
1691 5393 1741 5444 id
1782 5405 1864 5446 est
1905 5411 1922 5443 ‹
1956 5385 2074 5445 mo—

505 5449 665 5530 lesta,
693 5471 711 5504 ι
755 5469 822 5506 an
859 5467 989 5530 vero
1015 5457 1252 5526 χαλεπᾷ,
1285 5458 1336 5512 id
1371 5449 1452 5513 est
1499 5449 1837 5529 χαλεπαίνει.
1877 5462 2080 5516 Medica

505 5526 694 5596 itaque
721 5539 880 5596 manu
915 5526 1119 5596 indiget
1151 5531 1238 5583 IIIC
1263 5526 1620 5594 νει-ευκῶεά
1654 5547 1886 5596 quonam
1922 5533 2082 5586 modo

503 5589 764 5662 legendus
808 5595 908 5670 sit,
947 5589 1206 5670 divinare
1253 5589 1619 5670 dillieile'est.
1663 5589 1775 5670 Ego
1818 5617 1938 5654 cum
1987 5603 2083 5655 ali-

503 5675 666 5738 quam
693 5663 912 5738 tandem
946 5665 1514 5738 Iectionemrampleeti
1540 5663 1783 5738 coget-Er,
1811 5671 1892 5725 sic
1915 5683 2084 5726 trans-

506 5731 636 5814 tuli,
685 5734 840 5814 quasi
891 5734 1125 5814 legerem
1165 5752 1182 5791 :
1224 5731 1577 5814 ψευδομένοις
1609 5731 1843 5812 ’χαλεπὰ
1895 5740 2082 5814 ὤπασε

506 5797 760 5882 ξύσμορά
789 5821 872 5882 τε..
904 5797 1251 5882 ξῦερὶειιιυε’
1276 5797 1452 5882 tamen
1483 5797 1660 5866 etiarn?
1680 5829 1797 5867 sum
1831 5828 1929 5882 pro
1958 5797 2084 5881 ψει)-

503 5866 743 5942 δομένοὶς
769 5912 784 5938 .
845 5876 944 5950 legi
990 5866 1146 5953 posse
1191 5877 1548 5955 ψευδὸμινος,
1593 5892 1650 5942 ιιι
1689 5866 1984 5945 refutatur.
2016 5884 2084 5940 ad

2095 5971 2127 5986 ς,

2199 4690 2338 4761 γάρ·
2377 4707 2397 4739 ι
2428 4689 2524 4751 Είς
2571 4686 2638 4742 τὰ
2686 4688 2794 4742 ἴδια
2837 4684 3028 4760 ἦλθενο
3061 4706 3079 4739 ι
3118 4688 3212 4741 καὶ
3253 4687 3450 4741 πάλιν·
3499 4705 3517 4738 ι
3543 4685 3622 4739 Τὰ
3663 4683 3768 4756 ἐμὰ

2195 4913 2391 4954 nomen
2444 4897 2596 4961 νόος,
2648 4906 2702 4948 at
2749 4911 2845 4965 pro
2886 4895 3267 4966 δυσμοραπαθ,
3315 4897 3442 4964 quid
3489 4895 3764 4965 legendum

2193 4971 2284 5033 sit,
2319 4968 2596 5037 conjicere
2631 4984 2737 5020 non
2786 4966 2957 5031 valeo,
2993 4968 3099 5021 nisi
3134 4969 3220 5021 cui
3271 4967 3480 5034 placeat
3524 4966 3763 5037 δύσμορα

2191 5042 2320 5098 πᾶν.
2354 5039 2455 5093 Alii
2492 5039 2714 5092 meliora
2747 5037 2990 5092 all'erent.

2261 5109 2372 5180 (6|)
2415 5107 2627 5180 Omnia.
2659 5107 2801 5180 P_sa|.
2830 5106 3139 5180 cxvm,_91.

2261 5177 2374 5249 (ϐοὶ)
2417 5178 2521 5243 Qui
2546 5188 2643 5231 est.
2678 5177 2878 5249 Ephes.
2904 5192 2979 5241 Iv,
3008 5178 3061 5231 6.

2261 5247 2370 5320 (65)
2416 5249 2500 5320 [11x
2539 5247 2748 5316 quibus.
2783 5247 2938 5320 ltom.
2971 5264 3046 5312 Ix,
3073 5247 3130 5302 5.

2260 5317 2374 5392 (66')
2415 5317 2519 5392 Qui
2549 5317 3038 5392 de:ursmn.}0au.
3070 5333 3150 5392 ut,
3182 5317 3272 5392 δῇ.

2187 5461 2216 5514 δ
2245 5387 2372 5514 ἰ(6³5)
2413 5389 2638 5458 Inferior
2695 5399 2789 5443 est.
2847 5388 3027 5444 Codex
3060 5428 3076 5456 ,
3117 5387 3352 5442 ἀποδεεῖ.
3428 5387 3576 5460 Lego
3625 5388 3758 5442 ἀπο-

2217 5479 2240 5514 ε
2271 5504 2284 5514 .

2217 5464 2284 5517 ei.

2263 5532 2377 5602 (66)
2423 5529 2617 5602 omnia
2649 5528 2761 5602 Deo
2795 5529 2948 5602 pjena
2976 5542 3116 5586 sunt.
3154 5530 3560 5602 Hemistichium
3600 5529 3760 5602 hocce

2191 5598 2388 5672 legitur
2416 5601 2579 5672 etiam
2626 5601 2766 5667 apud
2797 5598 3173 5672 Porphyrium
3206 5620 3218 5656 :
3251 5600 3425 5672 επις(ιῄ
3453 5602 3596 5653 enim
3642 5598 3758 5672 ipse

2188 5667 2331 5726 hu'nc
2361 5669 2564 5741 oraculi
2609 5683 2824 5741 versum
2865 5686 2879 5724 :
2918 5667 3104 5725 Πάντα
3147 5671 3280 5725 Θεοῦ
3330 5669 3544 5741 πλήρηο
3584 5667 3757 5736 πάντη

2185 5742 2318 5804 Θεός
2353 5742 2469 5813 ἐστι
2501 5738 2750 5813 (πιανήθη,
2774 5741 2826 5813 id
2858 5752 2962 5806 est,
2994 5763 3012 5793 ‹
3042 5742 3233 5798 Omnia
3263 5738 3552 5813 pleItaDeo
3576 5756 3590 5796 :
3611 5749 3758 5797 nam-

2187 5827 2289 5882 que
2312 5819 2396 5882 est
2501 5810 2697 5882 ubique
2727 5811 3025 5882 Phattethc.
3067 5831 3086 5864 ι
3264 5810 3280 5813 ”
3319 5829 3323 5834 ·

2187 5878 2219 5963 ’⁷
2259 5881 2375 5957 (67)
2417 5878 2484 5934 In
2508 5881 2742 5952 propria.
2771 5880 2926 5940 Joan.
2957 5898 2998 5954 ι,
3027 5883 3091 5942 ιι
