4056 6456
413 404 522 464 799

1655 407 1892 461 DIDYMI
1929 407 2399 464 ALEXANDRINI

3555 406 3664 461 808

410 522 614 579 raudus
651 533 756 588 est,
801 531 1046 579 creatura
1105 541 1212 580 non
1269 536 1384 593 est;
1445 528 1625 582 divina
1688 531 1830 584 enim
1877 529 1992 600 lege

2102 529 2461 584 Τεθέσπισται
2493 527 2602 599 γὰρ
2643 527 2719 598 μὴ
2753 527 3076 597 προσκυνεῖν
3109 524 3252 589 θεοῖς
3275 567 3291 592 ,
3325 499 3511 596 ἐπειδὴ
3547 526 3668 579 κτί-

410 629 660 670 vetamur
691 619 821 671 deos
853 619 1102 681 adorare,
1145 618 1270 686 quia
1298 629 1560 674 creatura:
1589 631 1733 674 sunt.

486 708 674 762 XXXI.
711 709 765 762 Si
806 708 944 762 Deus
983 718 1036 762 et
1069 708 1230 763 Pater
1260 719 1344 764 est
1373 711 1424 763 in
1457 713 1570 780 ipso
1597 711 1753 773 Filio,
1787 720 1843 765 et
1871 711 1985 778 ipse

411 801 466 855 in
505 800 667 854 Patre
710 815 774 854 ex
813 815 990 870 aequo,
1020 815 1085 854 ac
1131 801 1178 854 si
1225 801 1459 871 Spiritus
1499 803 1594 857 Dei
1636 803 1774 870 apud
1810 802 1984 872 ipsum

414 903 625 960 manet,
671 903 726 947 ut
785 903 1064 948 ostensum
1111 893 1244 960 fuit;
1298 895 1521 964 aequalis
1564 907 1621 949 et
1671 895 1865 949 similis
1903 904 1988 949 est

413 983 656 1036 Trinitas
678 1023 694 1046 ,
725 997 788 1036 ac
831 998 990 1036 nemo
1017 984 1238 1048 habere,
1274 993 1368 1038 aut
1401 985 1647 1047 adorare,
1673 995 1766 1038 aut
1818 985 1986 1053 glori-

416 1076 578 1128 ﬁcare
609 1083 784 1143 potest
811 1074 1048 1139 Patrem,
1088 1077 1218 1144 quin
1255 1091 1408 1144 teque
1439 1077 1634 1131 haheat
1677 1076 1892 1141 Filium,
1934 1085 1988 1130 et

414 1165 673 1233 Spiritum
714 1167 854 1234 ejus,
891 1177 952 1223 et
983 1177 1092 1222 tres
1121 1169 1402 1237 aequaliter
1438 1173 1664 1225 adorare
1715 1186 1779 1224 ac
1826 1169 1990 1240 glori-

413 1255 576 1310 ﬁcare
605 1255 820 1311 debeat.

487 1345 698 1401 XXXII.
745 1347 802 1402 Si
867 1348 1009 1416 leges
1057 1347 1181 1414 fert,
1233 1359 1292 1404 et
1349 1365 1379 1404 a
1431 1351 1692 1422 peccatis,
1739 1359 1904 1420 atque
1957 1366 1988 1405 a

416 1449 590 1492 morte
629 1438 823 1494 liberat
858 1438 1049 1504 Filius,
1098 1451 1153 1494 et
1205 1441 1438 1510 Spiritus
1495 1453 1713 1498 sanctus
1751 1457 1766 1495 :
1797 1462 1816 1495 ι
1856 1442 1988 1496 Nam
2025 1514 2038 1527 _

417 1527 500 1582 lex
521 1530 634 1598 (76)
680 1530 916 1599 Spiritus
973 1534 1098 1587 vita:
1143 1533 1368 1604 (clamat
1411 1535 1634 1604 Paulus)
1675 1537 1730 1589 in
1773 1536 1991 1590 Christe

415 1615 564 1681 Jesu,
616 1619 864 1675 liberavit
924 1638 1009 1677 me
1039 1637 1070 1677 a
1105 1623 1220 1693 lege
1250 1626 1454 1693 peccati
1486 1636 1542 1680 et
1595 1625 1818 1680 mortis:
1852 1644 1872 1676 ι
1907 1625 1990 1680 ha:

414 1711 655 1779 proiecto
685 1713 1004 1784 hypostases
1033 1726 1180 1780 sunt,
1217 1717 1426 1785 primae,
1459 1727 1513 1772 et
1544 1717 1700 1772 unius
1735 1715 1993 1784 Omnipo-

417 1803 580 1858 tentis
623 1815 678 1858 et
713 1806 1035 1862 viviﬁcantis
1073 1818 1314 1874 naturas;
1355 1824 1479 1864 nam
1508 1817 1755 1863 creatura
1801 1821 1897 1878 per
1928 1822 1988 1862 se

416 1894 586 1965 ipsam
617 1897 729 1951 hac
751 1897 927 1953 facere
953 1915 1058 1953 nou
1088 1909 1285 1969 potest.

490 2070 738 2127 XXXltl.
771 2073 828 2128 Si
881 2083 1028 2130 recte
1067 2087 1293 2131 vocatus
1325 2087 1410 2133 est
1449 2092 1480 2132 a
1517 2077 1791 2148 Scriptura
1827 2081 1994 2139 Filius

412 2162 631 2230 quidem
666 2165 932 2228 Salvator,
970 2166 1206 2236 Spiritus
1251 2184 1382 2224 vero
1417 2181 1641 2226 sanctus
1671 2173 1862 2228 salutis
1885 2175 1995 2228 lar-

416 2253 580 2323 gitor,
633 2255 984 2310 immutabilis
1039 2266 1158 2321 est;
1200 2272 1264 2311 ac
1307 2257 1352 2312 si
1409 2258 1783 2323 immutabilis,
1835 2262 1993 2316 etiam

417 2345 692 2400 ittcreatus
739 2362 860 2400 cum
906 2346 1098 2411 Filius,
1133 2356 1246 2401 tum
1280 2348 1558 2416 Spiritus:
1596 2352 1686 2418 qui
1731 2351 1998 2414 eniturest

418 2437 704 2493 mutationi
761 2439 1054 2504 obnoxius,
1105 2454 1210 2494 non
1270 2450 1447 2509 potest
1503 2457 1598 2498 eos
1647 2443 1858 2499 salvare
1903 2445 1994 2513 qui

415 2529 759 2593 aberrarunt,
804 2539 988 2599 utpote
1014 2541 1255 2598 creatus,
1291 2542 1345 2587 et
1373 2548 1476 2587 non
1513 2533 1898 2603 impeccabilis.

488 2641 726 2698 XXXIV.
760 2643 817 2697 Si
851 2659 949 2699 nos
977 2654 1242 2724 creaturae
1270 2663 1300 2700 a
1338 2647 1476 2701 Filio
1513 2647 1566 2702 in
1600 2647 1739 2704 ﬁlios
1771 2651 1988 2717 adapta-

415 2750 560 2800 mur,
592 2737 734 2790 sicut
764 2736 799 2789 ii
835 2744 1122 2802 testantur,
1165 2737 1254 2805 qui
1289 2740 1547 2807 mysteria
1573 2739 1727 2794 nobis
1766 2742 1998 2796 tradide-

417 2838 566 2892 runt,
601 2827 797 2882 Paulus
841 2830 1055 2896 quidem
1102 2829 1353 2897 Inquiens
1385 2849 1397 2883 :
1453 2849 1471 2881 ι
1509 2830 1644 2896 Quia
1666 2832 1779 2900 (77)
1817 2843 1994 2886 autem

416 2920 551 2972 estis
578 2918 695 2978 lilii,
729 2919 911 2972 emisit
952 2918 1095 2974 Deus
1143 2919 1402 2988 Spiritum
1452 2920 1571 2974 Filii
1608 2924 1688 2976 sui
1733 2923 1786 2976 iu
1830 2925 1995 2978 corda

419 3018 602 3061 nostra
657 3008 1006 3073 clamantem,
1055 3009 1232 3074 Abba,
1271 3009 1470 3075 Pater;
1502 3030 1520 3061 ι
1557 3011 1792 3067 Joannes
1821 3028 1994 3068 vero:

422 3117 443 3151 ι
471 3097 745 3168 Quotquot
778 3099 889 3169 (78)
940 3109 1119 3153 autem
1171 3111 1491 3169 receperunt
1545 3118 1692 3170 eum,
1734 3104 1878 3158 dedit
1917 3105 1998 3160 eis

417 3201 738 3259 potestatem
799 3192 939 3246 tilios
987 3192 1078 3246 Dei
1126 3193 1240 3246 ﬁeri
1273 3211 1286 3247 :
1320 3211 1338 3244 ι
1398 3194 1542 3248 nullo
1594 3196 1752 3249 modo
1800 3212 1829 3248 a
1869 3212 1996 3250 vera

417 3285 618 3339 deitate
645 3285 842 3338 absunt
879 3285 961 3338 hzn
989 3286 1330 3354 hypostases.
1355 3284 1634 3349 Quamodo
1655 3288 1798 3340 enim
1827 3285 1995 3340 Filius

417 3375 475 3429 in
508 3377 827 3446 semetipso,
874 3385 968 3429 aut
1003 3392 1098 3445 per
1138 3378 1512 3445 semetipsum,
1559 3388 1650 3432 aut
1699 3379 1752 3431 in
1794 3377 1996 3448 Spiritu

417 3467 640 3537 proprio
672 3466 918 3537 adoptari
952 3477 1130 3537 potest
1157 3467 1209 3520 in
1239 3465 1478 3521 Filium?

489 3581 708 3638 XXXV.
764 3582 820 3636 Si
878 3582 1140 3651 Spiritum
1192 3593 1444 3638 sanctum
1504 3584 1581 3638 alt
1629 3583 1825 3639 Paulus
1879 3600 2002 3640 esse

425 3693 447 3726 ι
479 3675 740 3745 Spiritum
767 3675 884 3740 Dei,
919 3693 937 3726 ι
978 3676 1117 3730 sicut
1151 3687 1234 3731 est
1264 3678 1421 3732 nobis
1459 3689 1663 3740 uoster,
1689 3694 1753 3732 ae
1786 3679 1830 3734 si
1863 3678 2002 3732 Deus

420 3767 676 3821 similiter
703 3785 721 3818 ι
746 3767 1004 3837 Spiritum
1022 3785 1177 3823 suum
1200 3787 1218 3821 ι
1242 3769 1385 3822 Illum
1413 3770 1688 3836 nominat;
1716 3772 2004 3839 impiusest

421 3857 515 3925 qui
544 3871 667 3910 eum
700 3872 805 3911 nou
835 3858 969 3912 dicit
991 3858 1158 3913 Deum
1197 3870 1525 3913 coaeternum
1572 3869 1627 3914 et
1655 3862 2005 3916 consubstan-

425 3947 604 4001 tialem
637 3944 782 4001 Patri
812 3963 827 4014 ;
873 3962 997 4001 nam
1048 3963 1148 4003 nec
1177 3947 1276 4001 fuit
1311 3963 1546 4016 unquam
1575 3950 1716 4003 Deus
1745 3950 1865 4003 sine
1903 3965 2005 4004 suo

424 4041 652 4112 Spiritu,
703 4058 879 4111 neque
922 4041 1133 4110 Opinari
1174 4041 1319 4107 licet,
1363 4044 1505 4096 hunc
1562 4042 1853 4109 posterius,
1912 4051 2006 4096 aut

421 4136 764 4191 extrinsecus
790 4134 842 4189 ei
876 4133 1194 4200 accessisse,
1225 4145 1320 4188 aut
1345 4135 1568 4188 iucreati
1597 4134 1858 4203 Spiritum
1883 4150 2005 4189 esse

423 4227 672 4296 spiritum
729 4235 998 4282 creatum.
1042 4224 1148 4280 Sed
1179 4225 1342 4296 330
1382 4236 1636 4295 prmterea
1673 4226 1832 4281 simul
1879 4243 2004 4282 cum

425 4318 546 4388 ipso
581 4332 745 4388 super
786 4316 1142 4373 clierubicum
1182 4318 1435 4373 thronum
1465 4317 1733 4380 ascendit,
1767 4329 1820 4371 et
1843 4320 2004 4372 simul

423 4412 680 4466 adorator
708 4419 763 4467 et
806 4409 1265 4480 congloriﬁcatur,
1297 4412 1440 4465 sicut
1473 4420 1632 4466 antea
1664 4412 1866 4468 dictum
1897 4419 2003 4476 est,

425 4512 610 4574 utpote
648 4502 887 4572 Spiritus
916 4502 984 4558 ab
1014 4517 1080 4557 eo
1111 4503 1509 4572 inseparabilis.

498 4618 741 4674 XXXVI.
791 4618 847 4672 Si
904 4625 1150 4672 creatura
1212 4617 1460 4687 accipere
1501 4627 1677 4688 potest
1742 4618 2005 4672 sanctita-

2097 640 2296 677 σιιατα.

2328 713 2390 765 ΕΞ
2422 715 2451 765 6
2479 711 2612 774 Θεὸς
2639 711 2732 764 καὶ
2762 712 2950 781 Πατὴρ
2983 711 3040 763 ἐν
3079 709 3254 780 αὐτῷ,
3284 710 3380 764 καὶ
3405 709 3567 773 αὐτὸς
3604 712 3666 765 ἐν

2089 803 2166 874 τῷ
2197 803 2372 873 Πατρὶ
2404 802 2464 868 ἐξ
2516 803 2630 855 ἴσου
2654 806 2690 864 ,’
2719 801 2812 854 καὶ
2849 800 2910 853 τὸ
2945 801 3167 870 Πνεῦμα
3211 800 3305 854 τοῦ
3343 799 3476 853 Θεοῦ
3513 801 3664 870 μένει

2090 898 2221 967 παρ’
2254 895 2422 965 αὐτῷ,
2465 895 2540 958 ὼς
2581 892 2825 964 ἐδείχθη·
2859 891 2948 964 ἴση
2985 893 3077 945 καὶ
3123 894 3310 962 ὅμοιος
3348 893 3580 962 ὑπάρχει
3629 894 3663 962 ὴ

2091 987 2286 1057 Τριάς·
2323 986 2417 1040 καὶ
2454 985 2628 1048 οὐδεὶς
2674 986 2840 1056 ἔχειν,
2890 983 2923 1055 ἢ
2967 986 3315 1054 προσκυνεῖν,
3355 984 3389 1055 ἢ
3422 984 3666 1050 δοξάζειν

2091 1078 2310 1132 δύναται
2344 1077 2434 1130 τὸν
2467 1077 2707 1149 Πατέρα,
2748 1078 2822 1148 μὴ
2869 1076 2999 1140 ἴσως
3031 1075 3171 1146 ἔχων
3198 1075 3291 1128 τὸν
3322 1075 3449 1128 Υἱὸν
3475 1077 3566 1128 καὶ
3601 1075 3667 1127 τὸ

2093 1169 2233 1224 Πνεῦ
2243 1187 2317 1222 ua.
2344 1168 2528 1234 αὑτοῦ,
2556 1169 2650 1221 καὶ
2676 1167 2804 1232 τσως
2837 1166 3158 1240 προσκυνῶν
3185 1168 3279 1220 καὶ
3305 1167 3564 1232 δοξάζων.

2160 1348 2284 1402 AB'.
2327 1348 2392 1402 Ei
2413 1347 2714 1416 νομοθετεῖ,
2740 1346 3024 1419 ἁμαρτιῶν
3055 1363 3116 1399 τε
3136 1346 3229 1399 καὶ
3255 1345 3488 1399 θανάτου
3516 1345 3667 1398 ἐλευ-

2096 1438 2292 1509 θεροῖὁ
2320 1439 2466 1503 Υἱὸς,
2499 1439 2593 1491 καὶ
2620 1438 2680 1490 τὸ
2709 1438 2862 1506 ἆγιον
2884 1435 3109 1507 Πνεῦμα
3188 1454 3207 1487 ι
3256 1435 3316 1488 '0
3340 1435 3449 1506 γὰρ
3478 1436 3664 1505 νόμος,

2093 1531 2278 1600 φησιν,
2311 1528 2402 1582 τοῦ
2438 1528 2752 1599 Πνεύματος
2782 1529 2883 1598 τῆς
2917 1525 3064 1599 ζωῆς
3107 1529 3166 1582 ἐν
3195 1526 3416 1599 Χριστῷ
3459 1527 3666 1596 Ἰησοῦ,

2091 1620 2465 1692 ἠλευθέρωσέν
2506 1637 2574 1688 με
2609 1618 2736 1691 [155
2766 1619 2818 1692 b]
2856 1619 2961 1673 άπὸ
3004 1618 3098 1672 τοῦ
3138 1618 3305 1690 νόμον
3357 1618 3458 1688 τῆς
3489 1619 3660 1689 ἁμαρ-

2092 1714 2212 1778 τίας
2258 1715 2352 1768 καὶ
2403 1712 2499 1767 τοῦ
2548 1713 2780 1768 θανάτου
2806 1751 2822 1776 ,
2877 1731 2897 1765 ι
2932 1713 3123 1785 κράζει
3159 1713 3189 1765 6
3240 1710 3519 1780 Παῦλος)·
3568 1711 3673 1780 τῆς

2096 1806 2320 1878 πρώτης
2357 1807 2452 1860 καὶ
2499 1807 2630 1878 μιᾶς
2679 1807 2816 1859 εἰσιν
2862 1804 3367 1876 παντοκρατορικῆς
3412 1803 3505 1856 καὶ
3529 1800 3670 1866 ζωο-

2025 1893 2067 1948 Β
2099 1896 2256 1950 ποιοῦ
2290 1897 2503 1966 φύσεως
2540 1898 2594 1950 αἱ
2630 1895 2955 1960 ὑποστάσεις
2999 1888 3182 1949 αὗται.
3218 1895 3437 1966 Κτίσμα
3472 1894 3578 1965 γάρ
3604 1893 3670 1946 οὐ

2104 1989 2328 2044 δύναται
2362 1989 2456 2057 ἀφ’
2486 1989 2680 2042 ἐαυτοῦ
2713 1987 2882 2042 ταῦτα
2912 1990 3105 2041 ποιεῖν.

2167 2082 2290 2135 AI".
2341 2083 2404 2134 Εἰ
2433 2080 2608 2150 ὀρθῶς
2634 2080 2962 2152 γέγραπται,
2996 2082 3025 2132 ὁ
3059 2079 3158 2150 μὲν
3192 2078 3320 2141 Υἱὸς
3360 2076 3571 2147 Σωτὴρ,
3609 2076 3675 2128 τὸ

2099 2173 2156 2226 δὲ
2205 2173 2360 2242 ἅγιον
2404 2171 2632 2243 Πνεῦμα
2679 2170 2952 2243 σωτηρίαν
2986 2172 3369 2242 ἐπιχορηγεῖν·
3406 2167 3674 2240 ἄτρεπτος

2101 2269 2248 2320 ἐστιν
2293 2266 2388 2320 καὶ
2438 2265 2720 2328 ἄκτιστος,
2768 2263 2844 2326 ὡς
2877 2264 3142 2333 ἄτρεπτος
3173 2262 3201 2314 ὅ
3245 2278 3304 2313 τε
3352 2260 3477 2322 Υἱὸς
3519 2260 3578 2312 τό
3610 2276 3674 2312 τε

2101 2355 2344 2428 Πνεῦμα.
2376 2356 2448 2408 Τὸ
2472 2356 2580 2424 γάρ
2604 2353 2834 2424 τρεπτὸν
2862 2352 3054 2417 σώζειν
3075 2354 3136 2406 οὺ
3167 2351 3388 2406 δύναται
3416 2352 3676 2419 ἀποσφα-

2102 2449 2263 2503 λέντα
2283 2491 2298 2515 ,
2333 2448 2409 2512 ὡς
2441 2448 2658 2501 κτιστὸν
2705 2447 2799 2499 καὶ
2827 2447 2930 2499 οὐκ
2955 2445 3362 2517 ἀναμάρτητον.

2170 2650 2290 2702 ΛΔ’.
2327 2648 2391 2700 Εἰ
2427 2648 2590 2717 ἡμεῖς
2621 2647 2668 2699 οἱ
2701 2643 2912 2699 κτιστοὶ
2953 2642 3347 2713 υἰοθετούμεθα
3390 2639 3542 2712 παρὰ
3575 2639 3672 2693 τοῦ

2105 2739 2234 2794 Υἱοῦ
2256 2778 2272 2803 ,
2320 2737 2464 2792 καθὰ
2501 2735 2987 2808 μυσταγωγοῦντες
3012 2735 3158 2805 ἡμᾶς
3199 2733 3448 2801 λέγουσιν
3492 2734 3509 2802 (
3541 2732 3676 2785 Παῦ-

2101 2831 2193 2894 λος
2226 2831 2324 2902 μέν
2343 2847 2359 2861 ⁸
2402 2849 2422 2882 ι
2451 2831 2572 2882 Ὀτι
2593 2827 2650 2882 δέ
2681 2829 2802 2881 ἐστε
2829 2829 2958 2891 υἱοὶ,
2985 2825 3363 2893 ἐξαπέστειλεν
3395 2827 3424 2878 6
3451 2825 3584 2888 Θεὸς
3614 2824 3678 2877 τὸ

2103 2922 2329 2992 Πνεῦμα
2381 2920 2475 2975 τοῦ
2529 2920 2659 2974 Υἱοῦ
2713 2919 2876 2973 αὑτοῦ
2932 2919 3012 2982 εἰς
3064 2917 3164 2980 τὰς
3212 2917 3441 2988 καρδίας
3496 2917 3674 2987 ἡμῶν,

2103 3013 2337 3083 κράζον·
2397 3012 2589 3076 Ἀϐϐά,
2615 3014 2648 3066 6
2681 3012 2908 3082 Πατήρ·
2952 3029 2972 3062 ι
3021 3009 3276 3078 Ἰωάννης
3306 3007 3400 3061 δέ·
3454 3026 3473 3060 t
3521 3009 3676 3062 Ὅσοι
3753 3066 3758 3069 _

2101 3109 2159 3162 δὲ
2184 3108 2373 3162 ἔλαϐον
2403 3108 2588 3172 αὐτὸν,
2629 3107 2829 3162 ἔδωκεν
2859 3106 3040 3168 αὐτοῖς
3069 3103 3318 3168 ἐξουσίαν
3349 3100 3516 3154 τέκνα
3539 3097 3680 3152 Θεοῦ

2105 3201 2361 3271 γενέσθαι
2388 3222 2407 3254 ι
2430 3201 2482 3268 )·
2519 3202 2621 3254 οὐκ
2641 3196 3024 3253 άπολείπονταί
3046 3214 3132 3250 πω
3160 3197 3262 3265 τῆς
3295 3192 3528 3264 ἀληθοῦς
3555 3191 3678 3245 θεό-

2101 3311 2262 3363 τητος
2285 3294 2341 3346 αἱ
2366 3293 2692 3354 ὑποστάσεις
2710 3285 2891 3344 αὗται.
2914 3288 3038 3353 Πῶς
3057 3289 3167 3359 γὰρ
3191 3290 3221 3340 6
3243 3287 3371 3351 Υἱὸς
3399 3287 3456 3339 ὲν
3479 3281 3674 3353 ἐαυτῷ,

2103 3383 2237 3456 ἢδι’
2286 3383 2516 3450 ἑαυτοῦ,
2561 3384 2593 3455 ἢ
2641 3385 2700 3437 ἐν
2732 3383 2811 3455 τῷ
2857 3383 2972 3453 ἰδίῳ
3022 3378 3302 3450 Πνεύματι
3357 3377 3677 3448 υἱοποιηϐήο

2104 3491 2254 3528 σεται
2273 3491 2288 3539 ;

2173 3589 2296 3642 AE'.
2336 3587 2476 3641 Ειτδ
2509 3587 2662 3656 ἅγιον
2693 3585 2918 3658 Πνεῦμα
2949 3585 3096 3654 λέγει
3120 3583 3331 3648 Παῦλος
3362 3577 3500 3636 εἶναι
3525 3601 3544 3633 ι
3582 3580 3678 3635 τοῦ

2102 3680 2237 3734 Θεοῦ
2265 3679 2512 3750 Πνεῦμα,
2536 3697 2555 3730 ι
2587 3677 2663 3741 ὡς
2689 3677 2836 3731 ἐστιν
2853 3679 2982 3748 ἡμῖν
3004 3676 3064 3729 τὸ
3083 3675 3259 3746 ἡμῶν,
3291 3675 3384 3727 καὶ
3412 3676 3461 3728 ει
3490 3675 3519 3729 6
3548 3672 3679 3736 Θεὸς

2101 3771 2301 3843 ὁμοίως
2327 3790 2345 3822 ι
2366 3769 2590 3840 Πνεῦμα
2623 3768 2786 3824 αὐτοῦ
2812 3788 2830 3820 ι
2857 3767 3252 3840 προσαγορεύει
3268 3766 3417 3820 αὐτό·
3437 3762 3680 3818 δυσσεϐεῖ

2102 3866 2130 3917 6
2162 3863 2236 3935 μὴ
2252 3863 2427 3932 λέγων
2467 3861 2600 3915 αὐτὸ
2628 3861 2763 3914 Θεὸν
2794 3860 3129 3930 συνάναρχον
3157 3859 3249 3913 καὶ
3286 3858 3570 3930 ὁμοούσιον
3603 3856 3681 3926 τῷ

2104 3953 2300 4025 Πατρί.
2331 3953 2467 4007 Οὐδὲ
2488 3952 2596 4024 γὰρ
2627 3948 2716 4023 ἦν,
2749 3953 2839 4005 ὅτε
2871 3952 3027 4015 ἐκτὸς
3056 3949 3152 4004 τοῦ
3180 3950 3496 4021 Πνεῦματος
3516 3949 3681 4002 αὑτοῦ

2101 4042 2191 4118 ἦν,
2215 4045 2337 4098 οὐδὲ
2363 4045 2640 4116 προσῆκεν
2670 4046 2833 4108 νοεῖν,
2861 4043 2938 4106 ὡς
2969 4042 3215 4114 ὕστερον,
3244 4041 3278 4111 ἢ
3314 4040 3512 4105 ἔξωθεν
3533 4039 3682 4108 αὐτῷ

2105 4138 2494 4210 προσγέγονεν,
2529 4137 2561 4206 ἢ
2589 4139 2672 4190 ὅτι
2702 4135 2798 4189 τοῦ
2835 4135 3092 4188 ἁκτίστου
3131 4132 3354 4203 Πνεῦμα
3379 4133 3442 4185 τὸ
3466 4131 3682 4185 κτισθὲν

2106 4229 2325 4300 πνεῦμα
2374 4229 2671 4299 τυγχάνειο
2728 4226 2866 4280 ἀλλὰ
2913 4229 3008 4281 καὶ
3061 4225 3487 4295 συνεπιϐέϐηκεν
3530 4222 3681 4292 αὐτῷ

2105 4321 2198 4374 ἐπὶ
2229 4323 2321 4375 τὸν
2359 4317 2679 4393 χερουϐικὸν
2703 4319 2912 4390 θρόνον,
2943 4321 3038 4374 καὶ
3062 4321 3558 4390 συμπροσκυνεῖται
3588 4318 3680 4369 καὶ

2107 4410 2507 4478 συνδοξάζεται,
2533 4410 2609 4474 ὡς
2632 4410 2975 4482 προείρηται,
3001 4408 3097 4462 ἅτε
3125 4407 3352 4479 Πνεῦμα
3371 4405 3672 4478 ἀχώριστον

2105 4501 2271 4555 αὑτοῦ
2281 4543 2295 4557 .

2176 4617 2318 4684 ΔΕΓ.
2355 4617 2418 4670 Εἰ
2449 4618 2482 4688 ἡ
2515 4615 2691 4680 κτίσις
2725 4615 2949 4687 δεκτικὴ
2977 4614 3108 4687 [154
3149 4613 3206 4687 a]
3241 4615 3558 4684 ἁγιότητος,
3594 4629 3682 4664 σο-

431 4719 534 4765 tem
563 4710 701 4782 (79),
749 4710 1092 4778 sapientiam,
1140 4707 1436 4764 bonitatem
1506 4721 1559 4766 et
1613 4726 1825 4766 omnem
1880 4728 1999 4782 per-

2110 4709 2262 4779 φίας,
2299 4711 2654 4778 άγαΘότητος,
2685 4711 2782 4761 καὶ
2808 4709 2990 4779 πάσης
3018 4709 3228 4771 τελείας
3252 4707 3453 4779 ἀρετῆς
3481 4703 3682 4775 τυγχά-

426 4801 626 4858 fectam
654 4804 942 4868 virtutem;
977 4811 1061 4855 est
1097 4801 1241 4854 enim
1275 4803 1584 4869 mutabilis;
1619 4804 1851 4871 Spiritus
1877 4819 2005 4856 vero

425 4905 648 4952 sanctus
688 4893 803 4952 Lee
835 4894 1079 4964 accipere
1119 4908 1226 4947 non
1265 4905 1464 4964 potest,
1518 4897 1612 4953 sed
1658 4897 1880 4968 largiri;
1919 4905 2002 4951 est

499 5146 612 5218 (76)
659 5144 797 5218 Nam
829 5147 931 5218 lex.
977 5145 1133 5200 Rom.
1161 5160 1288 5218 yttt,
1317 5143 1373 5200 2.

496 5216 612 5288 (77)
642 5216 802 5288 Quia.
835 5217 1013 5288 Galat.
1047 5231 1119 5278 tv,
1149 5216 1202 5269 6.

497 5285 609 5356 (78)
653 5287 939 5356 Quotquot.
965 5287 1121 5341 Joau.
1153 5303 1189 5347 ι,
1228 5285 1315 5339 12.

498 5352 613 5430 (Ἱθ)
655 5352 902 5430 Accipere
933 5364 1096 5430 potest
1129 5358 1481 5409 sanctitatem.
1551 5353 1609 5408 In
1664 5352 1858 5430 Graeco
1878 5396 1904 5430 ,_
1931 5354 2017 5407 δε-

425 5426 592 5499 κτικὴ
648 5427 954 5499 ἁγιότητος,
1010 5428 1059 5480 id
1100 5437 1203 5499 est
1239 5441 1451 5499 (φρει
1501 5434 1585 5479 est
1633 5426 2011 5499 sanctitatis;

429 5494 601 5566 Quam
638 5494 960 5552 loeutiouem
1013 5497 1231 5550 retinuit
1278 5495 1636 5566 Hieronymus
1674 5494 1726 5546 in
1774 5495 2006 5563 theologi

431 5564 601 5623 nostri
632 5571 770 5622 Iihro
805 5566 878 5620 De
903 5567 1104 5636 Spiritu
1150 5577 1332 5618 sancto
1385 5564 1537 5618 num.
1569 5564 1630 5636 4,
1652 5571 1707 5616 et
1733 5569 2009 5636 sequenti-

429 5639 554 5702 bus,
582 5639 670 5692 ubi
699 5640 814 5692 fuse
838 5633 1335 5704 hoc'argnmentnm
1358 5636 1575 5701 exponit
1599 5635 1712 5704 ipse
1737 5633 2009 5704 Didymus,

429 5723 594 5776 atque
633 5710 772 5762 inter
800 5720 993 5762 cit-tera
1027 5703 1139 5761 hanc
1162 5705 1326 5759 habet
1357 5720 1370 5756 :
1408 5721 1428 5754 ι
1460 5704 1584 5758 Ilaec
1603 5703 1802 5776 quippe
1829 5703 2007 5776 munia

431 5772 714 5846 sapientia:
759 5786 815 5833 et
835 5788 1154 5834 caeterarum
1184 5772 2009 5846 virtutum,“sattctiIiCalionis

430 5845 658 5916 capacia
697 5859 856 5916 sunt;
906 5849 1009 5906 ista
1058 5862 1186 5904 vero
1224 5845 1550 5912 substantia,
1602 5845 1668 5900 de
1709 5860 1814 5914 qua
1865 5860 2007 5900 uuuc

2105 4820 2187 4856 νει
2221 4803 2466 4874 (τρεπτὴ
2494 4802 2648 4873 γάρ),
2696 4804 2757 4855 τὸ
2797 4803 2841 4855 δ’
2879 4803 3034 4870 ἅγιον
3065 4801 3289 4871 Πνεῦμα
3321 4801 3381 4853 οὐ
3419 4799 3685 4859 δεκτικὸν,

2109 4895 2246 4951 ἀλλὰ
2277 4895 2608 4968 παρεκτικὸν
2635 4895 2947 4968 (ἄτρεπτον
2967 4894 3113 4966 γάρ)
3141 4910 3154 4924 ⁸
3186 4894 3295 4964 ἄρα
3323 4889 3683 4962 Δημιουργὺς,

2109 5157 2288 5196 sermo
2307 5150 2413 5206 est,
2446 5149 2745 5210 sapientiae,
2781 5148 2834 5193 et
2868 5137 3129 5202 scientiae,
3153 5147 3206 5191 et
3235 5136 3688 5210 sanctiﬁcationis

2109 5213 2354 5267 eﬂectrix
2386 5207 2526 5268 cst..
2556 5253 2570 5267 .
2602 5210 2776 5264 Porro
2805 5210 3040 5278 Spiritus
3071 5219 3312 5272 sanctus,
3347 5207 3688 5262 confessione

2111 5284 2376 5345 omnium,
2438 5282 2791 5335 immutabilis
2841 5277 2961 5342 est,
3024 5278 3394 5332 sanetilicator
3451 5277 3690 5332 scientia:

2113 5355 2325 5416 divime,
2358 5361 2412 5405 et
2443 5353 2814 5404 universorum
2853 5349 3144 5403 attributor
3177 5349 3439 5402 bonorum
3481 5348 3690 5418 (legeri-

2115 5424 2241 5475 dum
2263 5439 2382 5475 cum
2413 5434 2590 5474 nostra
2616 5423 2790 5474 codice
2816 5437 2835 5474 :
2866 5439 2887 5471 σ
2912 5419 3265 5473 lmmutabilis
3283 5429 3388 5482 est,
3413 5428 3466 5472 et
3495 5416 3690 5470 Sancti-

2118 5495 2330 5555 Iicator,
2363 5494 2604 5546 scientia:
2645 5492 2858 5555 divinae,
2895 5501 2949 5543 et
2988 5491 3366 5542 universorum
3403 5489 3690 5541 attriblltm‘

2117 5565 2379 5616 bonorum
2402 5565 2442 5624 ).
2475 5599 2530 5614 ..
2573 5561 2630 5614 Si
2664 5560 2826 5629 igitur
2858 5560 3228 5614 sanctilicator
3268 5569 3386 5620 est,
3425 5574 3528 5610 non
3573 5571 3690 5606 mu—

2116 5633 2318 5696 tabilis,
2362 5635 2455 5685 sed
2506 5630 2854 5684 immutabilis
2905 5630 3219 5683 substantiae
3269 5629 3592 5681 ostenditur.
3621 5664 3634 5676 .
3665 5663 3680 5676 .

2113 5704 2287 5757 Omne
2339 5702 2484 5755 enim
2539 5703 2680 5768 quod
2731 5700 2888 5754 alicui
2934 5699 3056 5754 boni
3099 5713 3266 5768 capax
3315 5709 3418 5762 εει,
3465 5697 3534 5749 ab
3588 5697 3689 5748 hac

2114 5772 2418 5826 siibstantia
2475 5779 2756 5840 separatur
2801 5789 2816 5824 :
2860 5769 2993 5826 tales
3042 5779 3220 5824 autem
3289 5778 3422 5825 sunt
3480 5775 3697 5821 cunctae

2113 5851 2395 5897 creaturae.
2435 5860 2460 5893 ι
