4056 6408
345 380 442 437 SOI
1412 377 1502 433 DE
1536 373 1906 432 TRINITATE
1939 374 2138 431 LIBER
2176 377 2499 436 TERTIUS.
3477 380 3584 439 802

345 503 442 553 καὶ
479 497 540 550 οῦ
580 497 966 568 δημιούργημα
1005 495 1135 549 αὐτὸ
1171 496 1438 566 τυγχάνον
1489 497 1610 551 καθ’
1653 496 1895 569 ὓπαρξιν

2012 497 2154 552 enim
2189 499 2560 556 immutabilis.
2602 499 2832 556 Creator
2857 513 2984 571 ergo
3012 509 3115 567 est,
3159 515 3262 555 non
3307 509 3580 564 creatura,

348 590 489 645 κατὰ
514 591 582 644 τὰ
609 590 1000 663 προειρημένα.

2012 590 2300 644 secundum
2337 591 2644 657 essentiam,
2666 591 2818 662 juxta
2850 591 2937 646 illa
2981 607 3103 662 qua:
3138 599 3262 646 ante
3280 589 3391 664 (80)
3434 590 3578 646 dicta

2012 687 2156 732 sunt.

419 769 540 822 AZ'.
577 768 640 821 El
683 770 716 839 ἠ
765 768 940 833 κτίσις
973 769 1494 840 ἀναλαμϐανομένην
1541 785 1634 822 και
1669 769 1895 823 αποόαλ-

2066 768 2330 824 XXXVII.
2345 770 2400 823 Si
2418 778 2662 824 creatura
2679 769 3034 839 cognitionem
3059 783 3208 823 suam
3231 767 3388 822 modo
3405 767 3586 838 acqui-

346 858 578 930 λομένην
631 859 833 927 γνῶσιν
880 859 1012 929 ἔχει,
1065 857 1126 913 τὸ
1171 860 1228 913 δὲ
1281 861 1501 930 Πνεῦμα
1548 860 1658 913 οὐδ’
1713 860 1895 924 ἐξωθει

2011 863 2098 926 rit,
2118 861 2272 916 modo
2297 863 2522 929 amittit;
2551 861 2779 930 Spiritus
2797 878 2923 917 vero
2943 878 3114 932 neque
3129 861 3464 916 extrinsecus
3488 875 3581 914 co-

347 952 520 1021 ἓσχεν,
559 951 665 1004 οὐδ’
714 952 1070 1022 ἀπορῤιπτεϊν
1115 952 1323 1021 πέφυκε
1365 952 1462 1023 τὴν
1504 952 1724 1021 γνῶσιν,
1773 952 1895 1005 ἀλλᾶ

2009 953 2299 1023 gnitionem
2319 969 2466 1007 suam
2490 954 2696 1019 habuit,
2726 968 2825 1008 nec
2850 969 2967 1008 eam
2995 952 3227 1021 abjicere
3255 957 3451 1021 potest,
3484 950 3579 1004 sed

345 1044 442 1096 καὶ
463 1043 862 1096 ἀποκαλύπτειν
893 1043 959 1097 τὰ
985 1044 1077 1097 τοῦ
1107 1043 1242 1097 Θεοῦ
1282 1045 1473 1113 σοφίας
1504 1045 1598 1096 καὶ
1634 1043 1895 1113 γνώσεως,

2009 1048 2185 1114 potius
2212 1061 2274 1100 ea
2311 1045 2531 1107 revelat,
2563 1061 2681 1114 qua:
2722 1055 2846 1099 sunt
2875 1045 3154 1114 sapientia:
3181 1053 3236 1097 et
3259 1041 3580 1112 cognitionis

347 1135 442 1188 καὶ
475 1134 567 1187 τοῦ
597 1135 808 1206 Πατρὸς
833 1135 952 1188 κατ’
990 1135 1175 1189 οῦσίαν
1220 1135 1490 1206 ὑπάρχον
1523 1135 1623 1187 οὐκ
1652 1133 1759 1204 ἄρα
1793 1132 1895 1186 κτί-

2013 1135 2126 1201 Dei,
2150 1153 2212 1190 ac
2236 1137 2277 1190 si
2306 1136 2481 1192 Patris
2505 1145 2588 1192 est
2607 1137 2715 1208 (8i)
2758 1138 3048 1192 secundum
3100 1135 3390 1190 essentiam
3414 1151 3428 1198 ;
3470 1148 3578 1187 non

347 1243 458 1296 σμα
487 1227 546 1278 τὸ
577 1229 818 1298 Πνεῦμα.
863 1227 1174 1296 Ἐπαΐωμεν
1205 1226 1261 1279 δὲ
1300 1227 1394 1278 καὶ
1422 1226 1530 1280 τῶν
1564 1226 1689 1297 περὶ
1716 1223 1895 1278 τούτοι¹

2009 1237 2092 1282 εει
2129 1243 2254 1298 ergo
2289 1238 2535 1282 creatura
2581 1227 2835 1296 Spiritus.
2866 1229 3164 1284 Audiamus
3217 1241 3346 1280 vero
3377 1225 3442 1279 de
3472 1225 3577 1279 hoc

353 1316 678 1387 Ἑλληνικῶν
711 1316 1078 1388 σοφισμάτων,
1110 1315 1341 1386 ἐχόντων
1365 1309 1466 1369 ὦδε
1485 1328 1500 1345 ⁸

2009 1319 2168 1373 etiam
2208 1317 2514 1372 Graacornnt
2564 1319 2792 1388 cogitata
2836 1336 2954 1388 qua:
2993 1321 3072 1373 sic
3106 1334 3164 1372 se
3202 1316 3574 1388 habcnt(8‘2):

407 1589 534 1643 ΑΠ’.
584 1589 647 1641 Ei
689 1590 717 1641 ό
764 1586 948 1651 δοῦλος
992 1587 1091 1640 οῦκ
1125 1582 1285 1648 οἶδεν,
1338 1583 1390 1637 τί
1435 1583 1583 1637 ποιεῖ
1631 1584 1660 1636 ὁ
1702 1582 1895 1653 Κύριος

2078 1584 2364 1640 XXXVIII.
2395 1584 2450 1639 Si
2491 1599 2678 1638 servus
2709 1599 2813 1638 non
2847 1584 2994 1637 novit
3019 1583 3145 1653 quid
3194 1583 3358 1637 faciat
3402 1581 3576 1635 domi-

339 1681 502 1734 αῦτοῦ
523 1720 538 1743 ,
572 1679 630 1734 τὸ
661 1680 718 1734 δὲ
759 1680 982 1751 Πνεῦμα
1026 1675 1165 1732 οἶδεν
1203 1678 1274 1731 τὰ
1315 1676 1409 1731 τοῦ
1441 1676 1576 1729 Θεοῦ
1600 1715 1616 1740 ,
1650 1674 1789 1728 κατὰ
1815 1673 1895 1727 mea

2009 1693 2108 1732 nus
2137 1678 2290 1746 ejus;
2325 1674 2556 1744 Spiritus
2589 1689 2714 1728 vero
2747 1673 2896 1741 juxta
2951 1674 3264 1751 Apostolum
3312 1675 3462 1727 novit
3513 1688 3575 1728 ea

352 1772 702 1826 Ἀπόστολον·
742 1771 802 1824 οὺ
837 1769 1115 1842 διώρισται
1141 1768 1306 1824 αὐτοῦ
1337 1767 1494 1837 φύσει
1535 1767 1629 1818 και
1667 1767 1733 1835 τῇ
1768 1782 1905 1835 συμ-

2011 1785 2130 1838 qua:
2163 1780 2289 1823 sunt
2331 1767 2423 1821 Dei
2469 1785 2482 1821 :
2533 1783 2636 1819 non
2677 1766 3023 1836 distinguitur
3065 1781 3158 1834 per
3219 1747 3462 1818 n'aturam
3505 1763 3575 1818 ab

338 1862 531 1932 φωνία,
558 1858 998 1930 ὁμολογουμένως
1025 1858 1082 1911 δὲ
1110 1857 1244 1920 Θεός
1289 1859 1437 1910 ἐστιν
1465 1855 1559 1908 καὶ
1586 1853 1861 1922 Δεσπότης
1884 1893 1895 1917 ,

2007 1862 2120 1929 ipso
2177 1859 2309 1926 Deo,
2361 1874 2532 1927 neque
2581 1875 2676 1928 per
2722 1860 3106 1922 concordiam;
3149 1859 3238 1910 sed
3279 1857 3418 1911 Deus
3453 1871 3571 1926 pro-

341 1953 462 2024 ἴσην
486 1951 683 2020 γνῶσιν
724 1950 862 2020 ἔχων
885 1949 962 2020 τῷ
994 1948 1132 2018 Θεῷ,
1167 1949 1303 2020 ὅπερ
1333 1949 1612 2020 ἀμήχανον
1644 1948 1739 2001 καὶ
1771 1946 1902 2000 ἀδύ-

335 2061 491 2099 νατον
517 2038 652 2096 εἶναι
679 2042 769 2094 ἐπὶ
802 2041 1006 2104 παντὸς
1035 2039 1279 2094 κτιστοῦ.

407 2243 530 2298 ΛΘ’.
572 2244 632 2296 El
661 2242 718 2296 ἓν
743 2242 837 2296 καὶ
872 2243 1028 2314 μόνον
1051 2219 1190 2296 εἶναι
1221 2241 1397 2308 τοῦτο,
1429 2242 1503 2305 ὼς
1533 2260 1625 2295 κα.
1649 2242 1738 2295 τὸν
1771 2243 1898 2296 Υίὸν

335 2338 592 2406 μονογενῆ
616 2376 630 2397 ,
664 2334 840 2388 ἴσασιν
886 2335 943 2386 αί
970 2335 1215 2406 Γραφαί·
1252 2336 1351 2388 οὐκ
1396 2334 1510 2388 ἔστι
1546 2335 1779 2398 κτιστὸν,
1826 2335 1900 2400 ὼς

2007 1951 2146 2004 lecto
2174 1959 2276 2010 est,
2311 1958 2365 2001 et
2399 1949 2677 2012 Dominus,
2709 1948 2966 2016 mqualem
2995 1962 3117 2003 eum
3151 1947 3260 2001 Deo
3310 1948 3573 2015 cognitiu-

2005 2056 2127 2094 nem
2163 2042 2364 2104 habens
2395 2059 2409 2095 :
2443 2041 2492 2094 id
2521 2041 2671 2110 quod
2727 2040 2868 2095 nulla
2917 2039 3074 2108 plane
3113 2039 3320 2094 ratione
3353 2038 3441 2093 ulli
3477 2054 3576 2092 nn-

2004 2148 2163 2202 quam
2204 2145 2466 2188 creaturze
2493 2134 2782 2189 convenire
2814 2140 3013 2200 potest.

2073 2243 2313 2298 XXXIX.
2343 2243 2398 2298 Si
2436 2260 2599 2298 unum
2630 2253 2683 2297 et
2736 2243 2909 2297 solum
2954 2257 3073 2297 esse
3112 2242 3254 2296 hunc
3294 2238 3574 2311 Spiritum,

2005 2335 2128 2389 item
2176 2345 2233 2388 ut
2263 2333 2454 2389 Filium
2489 2335 2842 2404 unigenitum,
2884 2345 3078 2387 norunt
3119 2334 3430 2401 Scriptura},
3466 2348 3570 2386 non

329 2428 392 2479 τὸ
420 2425 619 2493 πλῆθος
645 2425 752 2478 τῶν
779 2425 1126 2496 πνευμάτων,
1165 2424 1300 2478 ἀλλὰ
1338 2425 1437 2496 τῆς
1479 2425 1707 2496 μονάδος
1753 2425 1895 2489 Θείας

2004 2435 2086 2478 est
2107 2437 2234 2495 ergo
2259 2435 2491 2490 creatus,
2524 2423 2820 2500 cujusmodi
2843 2433 2924 2478 est
2947 2425 3227 2493 Spirituum
3252 2422 3534 2477 multitudo
3558 2441 3574 2478 :

327 2515 532 2578 οὐσίας.
578 2516 666 2568 Διὸ
717 2515 876 2586 μόνον
925 2515 1055 2568 αὐτὸ
1103 2515 1246 2579 ἰδίως
1288 2515 1382 2568 καὶ
1431 2515 1636 2587 κυρίως
1685 2515 1798 2568 ἔστι
1840 2533 1900 2568 τε

331 2609 427 2662 καὶ
450 2608 706 2679 κέκληται
731 2609 884 2678 ἅγιον
913 2608 1157 2677 Πνεῦμα,
1180 2607 1274 2660 καὶ
1296 2607 1520 2677 Πνεῦμα
1546 2606 1639 2660 τοῦ
1663 2607 1896 2677 Πατρὸς,

329 2699 423 2752 καὶ
454 2698 673 2770 Πνεῦμα
705 2699 797 2752 τοῦ
829 2698 986 2762 Θεοῦ,
1021 2700 1114 2752 καὶ
1161 2698 1384 2769 Πνεῦμα
1419 2699 1478 2752 τὸ
1507 2699 1572 2751 ὲκ
1601 2697 1696 2751 τοῦ
1726 2699 1858 2752 Θεοῦ
1879 2739 1893 2764 ,

329 2793 422 2845 καὶ
463 2791 683 2862 Πνεῦμα
727 2791 756 2845 ὃ
792 2791 942 2862 παρὰ
980 2790 1072 2844 τοῦ
1115 2791 1326 2862 Πατρὸς
1359 2791 1752 2862 ἐκπορεύεταιο
1803 2792 1899 2845 καὶ

327 2884 392 2935 ὲκ
430 2881 523 2935 τοῦ
557 2879 695 2936 εἶναι
735 2884 867 2937 αὐτὸ
895 2885 950 2936 ὲν
1001 2884 1186 2949 πᾶσιν,
1217 2883 1292 2946 ὡς
1319 2883 1410 2938 τὸν
1437 2883 1603 2948 Θεὸν,
1638 2881 1900 2952 γινώσκο-

331 2987 450 3040 μεν,
479 2971 560 3023 ὃτι
587 2970 615 3021 ὁ
649 2971 780 3034 Θεὸς
805 2972 862 3024 ὲν
894 2973 1027 3042 ἡμῖν
1053 2971 1221 3026 ἐστιν.

393 3125 485 3178 Μ’.
520 3125 580 3177 Ei
607 3125 664 3177 ὲν
690 3126 790 3196 ῐσῳ
817 3125 1173 3198 ἐμαρτυρήθη
1207 3121 1347 3181 εἶναι
1374 3129 1406 3199 ή
1441 3128 1613 3199 Τριὰς
1642 3127 1888 3200 ἀλήθεια,

2004 2515 2094 2568 sed
2127 2516 2190 2568 ad
2224 2516 2485 2569 unitatem
2534 2516 2766 2586 pertinet
2807 2516 3000 2568 divime
3027 2515 3298 2569 eSsentiaa.
3335 2501 3457 2567 Ideo
3490 2531 3578 2567 so-

2003 2607 2088 2660 lus
2115 2607 2229 2676 ipse
2275 2607 2490 2676 proprie
2551 2622 2615 2662 ac
2660 2607 3004 2676 singulariter
3049 2617 3102 2658 et
3146 2615 3312 2661 estet
3352 2617 3573 2660 vocatus

2001 2697 2101 2751 fuit
2127 2696 2356 2766 Spiritus
2387 2707 2624 2765 sanctus,
2649 2708 2703 2754 et
2750 2697 2983 2764 Spiritus
3023 2696 3220 2760 Patris,
3253 2707 3306 2750 et
3341 2696 3582 2766 Spiritus

2003 2789 2117 2853 Dei,
2140 2799 2194 2843 et
2219 2790 2450 2858 Spiritus
2467 2790 2555 2858 qui
2574 2800 2736 2844 estex
2765 2789 2894 2852 Deo,
2915 2799 2969 2842 et
2987 2787 3218 2857 Spiritus
3249 2789 3341 2859 qui
3364 2805 3390 2842 a
3420 2786 3577 2843 Patre

1999 2881 2262 2950 procedit.
2326 2881 2393 2935 Et
2435 2897 2500 2935 ex
2547 2897 2612 2936 eo
2643 2881 2786 2951 quod
2836 2881 2949 2948 ipse
2992 2881 3064 2934 sit
3123 2881 3174 2934 in
3232 2880 3482 2934 omnibus
3519 2889 3579 2933 ut.

2000 2969 2163 3038 Deus,
2192 2972 2566 3042 cognoscimus
2599 2971 2708 3044 (85)
2752 2973 2894 3041 quod
2931 2969 3072 3026 Deus
3102 2971 3153 3025 in
3181 2970 3336 3025 nobis
3367 2981 3469 3026 est.

2072 3124 2184 3178 XL.
2218 3123 2274 3180 Si
2305 3123 2543 3180 Trinitas
2585 3141 2648 3180 ex
2684 3140 2840 3194 :equo
2870 3125 2920 3178 in
2955 3125 3252 3194 Scripturis
3278 3142 3397 3182 esse
3434 3129 3572 3184 dici-

327 3216 421 3269 και
464 3186 773 3288 ἀγαθότης,
839 3186 940 3272 Qui
975 3186 1104 3291 [tsi
1140 3186 1191 3292 ὁ]
1237 3186 1406 3290 ἀγίαί
1432 3186 1503 3274 ἐν’
1527 3186 1626 3293 μιᾷ
1675 3186 1888 3294 θειότητί

2003 3229 2090 3272 tur
2123 3219 2344 3282 veritas,
2367 3228 2420 3272 et
2451 3217 2683 3282 bonitas,
2715 3227 2769 3272 et
2796 3230 3001 3283 saneta,
3033 3219 3190 3289 331
3244 3220 3485 3289 sequitur
3514 3229 3575 3275 ut

326 3309 490 3370 ἐστιν,
525 3309 687 3380 μηδὲν
728 3311 926 3380 ἔχουσα
972 3312 1311 3383 πολυσχιδές.
1356 3314 1470 3368 Μία
1517 3314 1624 3386 γὰρ
1658 3316 1692 3387 ἡ
1733 3316 1894 3387 ἄτρε-

327 3413 458 3462 πτος
509 3398 626 3454 θεία
671 3399 932 3472 ἀλήθεια,
979 3402 1074 3455 καὶ
1121 3403 1426 3474 ἁγαθὸτης,
1469 3405 1566 3458 καὶ
1613 3406 1890 3477 ἁγιωσύνη

327 3487 493 3542 ἐστίν.
539 3487 599 3543 Ἦ
629 3490 738 3563 γὰρ
765 3492 964 3556 κτίσις,
1002 3494 1096 3546 καὶ
1131 3493 1411 3564 μεθεκτῶς
1435 3494 1607 3547 ταῦτα
1635 3494 1767 3567 ἔχει,
1797 3498 1891 3550 καὶ

326 3579 582 3650 τρέπεται
627 3585 748 3636 κατ’
801 3583 1006 3638 οἰκείαν
1051 3585 1371 3656 προαίρεσιν
1419 3587 1504 3639 ἐπ’
1546 3587 1761 3654 αὐτοῖς,
1797 3587 1892 3640 νῦν

327 3669 427 3741 μὲν
455 3673 810 3743 ἀληθεύουσα,
841 3673 1029 3728 ἄλλοτε
1055 3674 1112 3727 δὲ
1151 3674 1460 3747 ψευδομένη
1484 3715 1498 3739 ,
1535 3676 1630 3730 κα)⁸
1667 3677 1762 3730 νῦν
1795 3677 1892 3748 μὲν

325 3762 727 3835 ἁγαθυνομένη,
757 3765 944 3819 ἄλλοτε
974 3765 1031 3818 δὲ
1063 3766 1431 3838 κακυνομένη.
1473 3766 1755 3820 Φαίνονται
1796 3771 1892 3823 καὶ

324 3855 454 3926 περὶ
485 3857 674 3909 τούτου
705 3857 756 3910 οἱ
794 3856 1014 3924 λογάδες
1040 3857 1148 3910 τῶν
1177 3857 1280 3922 ἔξω
1316 3859 1596 3929 εἰρηκότες
1623 3859 1747 3914 τάδε
1767 3877 1784 3892 ο

392 4035 696 4159 ὖῖῗρςὲέαρ
722 4039 864 4162 ardor;
890 4039 1063 4163 εστίν
1097 4039 1455 4166 επιέίθονίων
1475 4042 1822 4166 ἀνθρώπων,

396 4195 530 4250 MA'.
564 4197 660 4259 Et,
708 4197 853 4253 καθὰ
893 4199 1235 4271 γέγραπται,
1282 4203 1620 4268 ἀνακαινίζει
1661 4206 1808 4276 ἡμᾶς
1836 4205 1894 4258 ὲν

325 4285 404 4359 τῷ
433 4287 785 4360 βαπτίσματι,
819 4293 913 4346 καὶ
935 4293 1210 4366 ἐλευθεροῖ
1233 4295 1341 4348 ἀπὸ
1369 4297 1644 4368 ἁμαρτίας
1674 4297 1770 4351 καὶ
1798 4297 1896 4352 θα-

324 4380 484 4433 νάτου
504 4379 564 4432 τὸ
590 4381 740 4449 ἆγιον
765 4382 1008 4454 Πνεῦμα,
1033 4385 1126 4439 καὶ
1147 4385 1274 4450 ναὸς
1296 4386 1462 4440 αὐτοῦ
1507 4390 1670 4458 ἐσμεν
1694 4387 1894 4458 ὁμοίως

1999 3311 2071 3365 sit
2101 3310 2152 3363 in
2195 3325 2297 3363 una
2336 3311 2556 3374 deitate,
2614 3311 2742 3364 nihil
2801 3313 3006 3366 habens
3057 3312 3418 3379 multiﬁdum;
3468 3329 3575 3367 una

1999 3409 2082 3455 est
2107 3402 2250 3454 enim
2289 3401 2642 3456 immutabilis
2677 3403 2856 3456 divina
2895 3403 3116 3467 veritas,
3153 3414 3204 3457 et
3241 3403 3475 3468 bonitas,
3523 3414 3578 3458 et

2001 3493 2284 3547 sanctitas.
2323 3491 2454 3546 Nam
2487 3503 2736 3547 creatura
2761 3504 2811 3547 et
2841 3508 2936 3561 per
2963 3494 3430 3565 participationem
3459 3496 3572 3550 Innc

2001 3580 2186 3646 habet,
2218 3591 2269 3634 et
2300 3581 2352 3635 in
2386 3581 2467 3636 his
2501 3592 2736 3637 mutatur
2767 3600 2864 3654 per
2891 3585 3160 3655 propriam
3188 3585 3352 3654 ipsius
3381 3585 3568 3638 volun-

1967 3681 2185 3748 _tatem,
2232 3675 2392 3728 modo
2443 3674 2657 3742 quidem
2713 3689 2898 3730 verum
2953 3675 3198 3746 loquens,
3252 3675 3385 3732 alias
3439 3690 3570 3728 vero

1998 3768 2297 3831 mentiens;
2341 3776 2396 3820 et
2449 3767 2608 3820 modo
2657 3767 2872 3836 quidem
2915 3769 3053 3822 bona
3097 3768 3388 3832 exsistens,
3434 3767 3571 3820 alias

2003 3870 2132 3910 vero
2164 3857 2326 3912 mala.
2359 3858 2434 3913 De
2481 3859 2582 3913 hac
2621 3861 2783 3914 etiam
2829 3875 2886 3915 re
2921 3860 3261 3916 ethnicorum
3299 3861 3578 3930 sapientes

2001 3947 2100 4003 ista
2131 3949 2332 4003 disisse
2364 3961 2610 4004 constat:

2143 4037 2286 4092 Tali:
2308 4043 2442 4094 enim
2473 4058 2615 4095 mens
2652 4053 2726 4096 est
2774 4053 3095 4098 terrenarum
3134 4044 3420 4108 hominum,

2142 4111 2359 4173 Qualem
2380 4110 2513 4180 (st).
2559 4149 2573 4164 .
2617 4150 2633 4165 .
2677 4150 2692 4166 .
2735 4150 2752 4168 .

2071 4199 2205 4254 XLI.
2225 4201 2303 4266 Si,
2330 4213 2386 4257 ut
2411 4205 2672 4272 scriptum
2695 4213 2796 4269 est,
2818 4217 3038 4262 renovat
3071 4223 3169 4262 nos
3197 4208 3248 4262 in
3280 4208 3568 4276 baptismo,

2001 4299 2056 4344 et
2087 4289 2336 4344 liberata
2382 4303 2626 4360 peceato,
2661 4304 2714 4349 et
2767 4310 2797 4350 a
2845 4307 3019 4352 morte
3064 4297 3298 4366 Spiritus
3331 4308 3574 4362 sanctus,

2001 4397 2064 4438 ac
2098 4383 2140 4437 si
2179 4384 2431 4453 templum
2461 4385 2578 4452 ejus
2618 4402 2801 4443 sumus
2833 4389 3083 4444 similiter
3120 4406 3185 4444 ac
3223 4391 3312 4444 Dei
3360 4388 3570 4452 Patris;

325 4469 419 4524 τοῦ
468 4470 598 4524 Θεοῦ
638 4473 882 4544 Πατρόςο
918 4475 994 4540 ὼς
1024 4477 1361 4549 Δημιουργὸς
1397 4479 1491 4531 καὶ
1520 4478 1780 4550 συνεργὸς
1818 4478 1894 4548 τῷ

2002 4471 2170 4542 igitur
2211 4483 2467 4543 tanquam
2503 4476 2781 4540 Conditor,
2830 4485 2885 4531 et
2937 4478 3213 4533 Creatoris
3254 4486 3575 4546 cooperator

326 4563 652 4634 Δημιουργῷ
695 4565 976 4631 ἀνακτίζει
999 4607 1012 4630 ,
1043 4546 1138 4620 καὶ
1177 4546 1252 4632 ὡς
1283 4570 1560 4640 Δεσπότης
1591 4546 1895 4642 ἐλευθεροῖ,

2005 4579 2191 4619 rursus
2231 4573 2416 4628 creat;
2461 4575 2515 4620 et
2571 4577 2628 4619 ut
2666 4566 2924 4622 Dominus
2976 4567 3204 4633 liberat,
3243 4579 3297 4622 et
3339 4576 3396 4622 ut
3435 4567 3578 4621 Deus

327 4652 420 4706 καὶ
461 4651 534 4716 ὡς
568 4653 699 4719 Θεὸς
731 4656 950 4716 ἐνοικεῖ.
1003 4657 1064 4712 '0
1109 4659 1167 4712 δὲ
1199 4659 1372 4713 ταῦτα
1406 4660 1504 4724 ὢν,
1538 4661 1748 4734 ποίημα
1790 4681 1897 4717 πα-

2007 4655 2290 4710 inhabitat.
2341 4658 2441 4724 Qui
2482 4669 2661 4712 autem
2691 4668 2772 4713 est
2800 4659 2930 4725 haec,
2964 4674 3067 4714 non
3109 4668 3281 4729 potest
3323 4665 3572 4714 creatura

331 4742 639 4814 ραπλησίως
683 4749 793 4810 τοῖς
849 4748 1145 4819 ποιήμασιν
1191 4745 1331 4805 εἶναι
1385 4753 1445 4806 οὐ
1489 4753 1732 4808 δύναταιο
1777 4755 1895 4808 οὐδὲ

2006 4762 2128 4805 esse
2162 4749 2335 4802 instar
2365 4750 2593 4804 aliarum
2627 4761 3028 4815 creaturarum;
3071 4765 3243 4819 neque
3271 4750 3370 4803 hoc
3391 4749 3578 4804 dicere

329 4831 524 4899 λέγειν,
559 4835 592 4906 ἢ
632 4837 918 4892 σιωπῶντα
955 4838 1242 4910 ἀνέχεσθαι
1272 4841 1492 4896 ἀκούειν
1524 4842 1680 4896 τοῦτο
1717 4844 1895 4915 θέμις.

395 5007 523 5061 MB’.
556 5009 617 5062 Ei
655 5009 771 5080 ἅμα
797 5010 874 5082 τῷ
913 5012 1031 5084 Θεῷ
1065 5014 1240 5086 Πατρὶ
1270 5016 1363 5070 καὶ
1388 5015 1467 5088 τῷ
1495 5016 1609 5086 Υίῷ
1637 5017 1800 5071 αὐτοῦ
1830 5018 1891 5072 τὸ

326 5095 480 5166 ἆγιον
538 5101 763 5170 Πνεῦμα
808 5103 896 5157 διὰ
942 5105 1036 5158 τοῦ
1103 5107 1474 5179 βαπτίσματος
1535 5110 1898 5180 ἀναστοιχειοί

326 5190 470 5260 ἡμᾶς
502 5194 580 5257 εἰς
607 5196 790 5249 εἰκόνα
824 5196 920 5268 τὴν
947 5197 1191 5270 πρώτην,
1223 5201 1316 5253 καὶ¹
1348 5199 1439 5253 διὰ
1467 5199 1568 5270 τῆς
1600 5203 1891 5271 μετουσίας

326 5283 494 5335 αἴτιον
521 5285 648 5356 ἡμῖν
697 5286 971 5354 υἱοθεσίας
1004 5290 1096 5343 καὶ
1129 5289 1222 5344 τοῦ
1248 5291 1493 5360 γίνεσθαι
1523 5291 1680 5357 θεούς
1721 5294 1889 5359 ἐστιν,

398 5460 508 5601 (8οζ
555 5464 707 5520 Ante.
754 5465 885 5520 Vide
910 5480 1027 5538 pag.
1067 5465 1172 5523 157
1206 5475 1260 5522 ει
1287 5467 1403 5522 158.

399 5532 476 5600 (8t
553 5532 731 5589 l’am’s
779 5547 873 5589 est.
917 5535 974 5591 lu
1022 5535 1211 5592 Graeco
1253 5540 1403 5594 subea‘

324 5532 506 5654 (jussit)
553 5532 731 5589 Patris
779 5547 873 5589 est.
913 5532 1003 5591 iu'
1022 5535 1211 5592 Grazco
1253 5540 1437 5594 subest
1477 5538 1691 5610 aliquod
1741 5554 1893 5595 men-

397 5671 508 5746 (ξιξ)
549 5671 638 5746 S_ic
672 5675 955 5746 saltabant.
994 5675 1213 5746 Bcliqtta
1243 5678 1423 5734 omisit
1454 5680 1734 5735 librarius.

327 5743 519 5872 "figi.
557 5741 950 5814 Cognoscimus.
993 5741 1290 5815 Vide‘Sap.
1335 5764 1436 5817 xu,
1477 5751 1530 5819 1,
1575 5759 1630 5805 ει
1671 5745 1892 5820 l_.loan.

2007 4844 2088 4897 fas
2123 4851 2227 4906 est,
2278 4853 2372 4896 aut
2415 4843 2528 4896 haec
2581 4843 2846 4897 dicentem
2899 4844 3123 4896 tacendo
3176 4842 3443 4911 patienter
3478 4859 3576 4895 au-

2001 4934 2134 4988 dire.

2079 5021 2236 5077 XLII.
2273 5023 2328 5077 Si
2360 5023 2516 5078 simul
2545 5040 2666 5078 cum
2697 5023 2807 5078 Deo
2835 5023 3015 5086 Patre,
3047 5032 3100 5077 et
3146 5022 3284 5077 Filio
3330 5021 3446 5088 ejus
3485 5023 3578 5076 ba-

2002 5119 2255 5186 ptismum
2284 5116 2518 5185 Spiritus
2547 5126 2766 5171 sanctus
2800 5131 2896 5169 nos
2927 5114 3186 5168 reformat
3212 5114 3262 5166 in
3284 5111 3572 5182 pristinam

1999 5207 2306 5274 imaginem,
2345 5217 2396 5261 et
2435 5222 2528 5274 per
2573 5209 2652 5260 sui
2705 5206 3172 5277 participationem
3224 5218 3388 5258 causa
3423 5203 3577 5257 nobis

1998 5306 2082 5352 est
2123 5307 2182 5351 ut
2241 5297 2560 5366 adoptemur
2616 5298 2668 5352 in
2717 5297 2880 5362 lilios,
2927 5304 2983 5351 et
3028 5295 3098 5350 dii
3141 5294 3478 5358 elIiciamur;
3521 5301 3579 5346 et

2061 5472 2176 5553 (84)
2224 5471 2464 5538 Qualem.
2509 5471 2962 5553 Reliquaﬂdesunt
2997 5465 3572 5553 in.codice._[l_lornef

1995 5540 2092 5597 rici
2135 5540 2263 5596 sunt
2304 5558 2492 5597 versus
2517 5582 2533 5608 ,
2583 5542 2686 5597 0d.
2727 5543 2803 5606 Σ,
2832 5542 2956 5608 157,
2986 5543 3074 5611 qui
3109 5544 3189 5596 sic
3226 5558 3286 5596 se
3314 5540 3515 5592 habent
3551 5552 3568 5589 :

1999 5653 2161 5724 Τρῖος
2185 5653 2292 5724 γὰρ
2311 5655 2459 5724 γόος
2487 5655 2660 5708 ἐστὶν
2687 5655 3041 5724 ἐπιχθονίων
3065 5653 3410 5724 ἀνθρώπων)

1988 5718 2269 5779 Οἶον’ἐᾶτ”
2295 5718 2452 5798 ἦμαρ
2488 5725 2670 5795 ἄγῃσι
2708 5718 2903 5795 πατὴρ
2937 5718 3457 5798 ἀνδρῶν’τε-θεῶν,
3477 5735 3544 5772 τε

3265 5787 3458 5855 Ευιτ.]
