4056 6450
440 376 548 434 8δῦ

1672 366 1910 423 DIDYMI
1953 362 2421 424 ALEXANDBINI

3582 358 3684 415 804

443 496 584 552 nulla
616 504 860 550 creatura
907 505 1006 548 nos
1046 489 1150 546 hoc
1188 487 1349 546 modo
1377 497 1471 544 aut
1499 489 1753 560 adoptare
1778 490 1830 544 in
1870 488 2005 542 lilios

2127 489 2201 541 cal.
2251 489 2401 542 οὐδὲν
2466 486 2571 542 τῶν
2616 484 2847 540 κτιστῶν
2894 481 2974 555 τῷ
3013 483 3200 555 τρόπῳ
3249 481 3422 552 τούτῳ
3460 479 3572 552 ἔχει
3623 482 3685 534 τὸ

440 597 638 658 potest,
670 595 761 640 aut
788 587 917 641 deos
953 583 1170 640 facere:
1199 582 1468 654 quomodo
1504 598 1608 637 non
1652 590 1737 637 est
1765 581 1877 651 ipse
1915 593 2010 634 ve-

442 696 534 734 rus
563 678 741 734 Deus?

514 767 693 822 XLIII.
738 765 794 821 Si
829 765 968 819 nulla
1003 779 1067 818 ex
1109 764 1374 820 creaturis
1416 764 1468 818 in
1507 763 1798 820 creationis
1841 762 2012 818 histo-

442 859 562 924 ria,
597 868 690 913 aut
737 859 789 912 in
831 856 1249 926 gloriﬁcatione,
1301 865 1395 910 aut
1441 857 1493 909 in
1537 855 1804 924 baptismo
1852 855 2014 909 simul

443 964 565 1003 cum
608 950 716 1003 Deo
746 947 903 1001 Patre
933 956 1406 1010 commemoratur,
1438 943 1670 1016 Spiritus
1702 960 1829 1000 vero
1867 959 2015 1000 com-

444 1049 817 1094 memoratur:
849 1047 932 1090 est
963 1050 1092 1106 ergo
1127 1037 1240 1103 ipse
1284 1035 1391 1090 Deo
1425 1034 1592 1100 Patri,
1632 1045 1687 1089 et
1731 1034 2014 1104 Unigenito

444 1130 668 1198 aqualis
699 1128 859 1192 Deus,
893 1135 946 1181 et
978 1126 1170 1196 aequali
1206 1127 1442 1196 potentia
1473 1128 1751 1196 praeditus.

517 1219 700 1274 XLIV.
734 1218 791 1273 Si
825 1218 1134 1289 prophetas,
1159 1226 1213 1272 et
1245 1217 1514 1287 apostolos
1544 1219 1867 1270 auctoritate
1887 1231 2012 1286 pro-

457 1310 575 1380 pria
605 1310 818 1363 misisse
851 1309 1048 1364 dicitur
1071 1309 1124 1362 in
1162 1308 1462 1376 Scriptura,
1491 1307 1629 1361 sicut
1651 1305 1808 1362 Pater
1837 1317 1892 1361 et
1923 1305 2013 1361 Fi-

447 1401 595 1456 lius:
625 1403 738 1455 [nec
776 1401 901 1454 fecit
940 1408 998 1453 ut
1026 1399 1166 1454 Deus
1212 1398 1355 1452 Patri
1400 1399 1450 1452 in
1484 1398 1734 1452 omnibus
1781 1412 2012 1453 consen-

453 1494 611 1557 tiens,
641 1502 698 1548 et
730 1503 787 1548 ut
817 1507 995 1548 rerum
1024 1491 1322 1545 futurarum
1359 1490 1633 1560 praescius,
1657 1501 1712 1544 et
1743 1501 2017 1545 creatura-

452 1597 568 1635 rum
598 1582 878 1634 Dominus.

521 1669 680 1724 XLV.
714 1670 772 1724 Si
815 1685 900 1734 ea,
937 1684 1056 1740 quae
1090 1669 1283 1724 alicubi
1324 1669 1388 1724 de
1417 1669 1577 1725 Patre
1638 1679 1730 1723 aut
1777 1670 1841 1724 de
1882 1669 2018 1725 Filio

451 1763 504 1816 in
542 1762 839 1832 Scripturis
886 1761 1026 1815 dicta
1082 1769 1236 1825 sunt,
1295 1760 1420 1815 alibi
1467 1762 1533 1816 de
1585 1761 1785 1832 Spiritu
1832 1770 2018 1816 sancto

2116 580 2373 631 υίοποιεῖν
2416 577 2450 649 ἦ
2484 577 2791 642 ,θεοποιεῖνο
2823 574 2941 638 πῶς
2974 573 3136 639 αὐτὸς
3163 574 3265 630 οὐκ
3307 571 3455 626 ἐστιν
3497 571 3683 643 ἀληθι-

2123 669 2210 733 νὸς
2238 670 2367 734 Θεός
2384 687 2399 735 ;

2193 763 2326 818 MI".
2359 763 2422 815 Εί
2464 760 2627 833 μηδὲν
2664 760 2773 815 τῶν
2817 760 3131 832 κτισμάτων
3177 757 3257 822 είς
3293 754 3682 826 δημιουργίαν,

2116 855 2151 926 ἢ
2180 857 2258 917 εἰς
2281 851 2608 921 δοξολογίαν,
2635 852 2668 924 ἢ
2697 853 2776 915 είς
2808 851 2869 905 τὸ
2897 850 3177 920 βάπτισμα
3210 843 3682 917 συνεμνημονεύθη

2115 945 2194 1016 τῷ
2227 944 2346 1014 Θεῷ
2381 944 2585 1016 Πατρὶ,
2618 942 2680 996 τὸ
2710 943 2768 995 δέ
2814 940 3040 1012 Πνεῦμα
3093 937 3490 1012 μνημονεύεται
3515 949 3532 967 ⁶
3575 934 3684 1006 άρα

2115 1037 2191 1100 ὡς
2238 1037 2480 1107 ἰσότιμος
2510 1035 2603 1089 καὶ
2651 1033 2929 1105 ίσοσθενὴς
2963 1031 3042 1103 τῷ
3075 1031 3251 1105 Πατρὶ
3284 1029 3378 1083 καὶ
3402 1027 3482 1099 τῷ
3508 1028 3683 1082 Μονο-

2118 1131 2284 1199 γενεῖ,
2311 1129 2442 1192 Θεός
2468 1129 2636 1184 ἐστιν.

2187 1220 2317 1272 ΜΔ’.
2359 1220 2420 1271 El
2463 1218 2591 1282 τοὺς
2646 1217 2931 1290 προφήτας
2965 1216 3058 1271 καί
3103 1214 3230 1288 [155
3268 1212 3322 1286 ο]
3356 1209 3686 1272 ἀποστόλους

2120 1311 2541 1376 ἐξουσιαστικῶς
2589 1311 2988 1365 ἀπεσταλκέναι
3011 1349 3028 1376 ,
3077 1309 3197 1364 καθ’
3221 1308 3543 1379 Ιόμοιότητα
3587 1304 3683 1357 τοῦ

2120 1402 2332 1472 Πατρδς
2367 1402 2459 1454 καὶ
2490 1400 2584 1455 τοῦ
2613 1400 2768 1468 Υίοῦ,
2809 1402 3254 1472 μεμαρτύρηται’
3293 1398 3367 1462 ὡς
3394 1397 3524 1459 Θεδς
3548 1393 3689 1464 σύμ·

2121 1512 2296 1564 φωνος
2332 1493 2472 1548 κατὰ
2509 1494 2686 1548 πάντα
2729 1493 2808 1564 τῷ
2842 1494 3045 1565 Πατρὶ,
3093 1491 3188 1545 καὶ
3225 1491 3300 1553 ὡς
3334 1487 3689 1561 προγνώστης

2122 1587 2216 1640 καὶ
2243 1585 2342 1656 τῆς
2374 1585 2605 1648 κτίσεως
2640 1585 2914 1655 Δεσπότης
2946 1582 3120 1638 ταῦτα
3148 1582 3467 1651 πεποίηκεν.

2192 1679 2325 1732 ΜΕ’.
2380 1679 2465 1742 Ei,
2511 1674 2654 1749 άπερ
2694 1676 2790 1730 νῦν
2827 1677 3040 1747 εἴρηται
3075 1674 3204 1745 περὶ
3261 1673 3355 1726 τοῦ
3401 1669 3609 1738 Πατρὸς
3651 1667 3688 1736 ἢ

2121 1768 2213 1823 τοῦ
2254 1768 2413 1833 Υίοῦ,
2448 1768 2635 1824 ἄλλοτε
2667 1768 2796 1840 περὶ
2836 1766 2929 1822 τοῦ
2964 1767 3118 1836 ἁγίου
3153 1766 3464 1836 Πνεύματος
3492 1761 3691 1829 ἀναγέ-

449 1853 646 1923 scripta
695 1852 932 1918 luerunt,
990 1852 1104 1906 ﬁeri
1157 1852 1375 1907 omnino
1422 1854 1630 1923 nequit,
1680 1863 1739 1907 ut
1787 1854 2019 1922 Spiritus

2127 1878 2394 1933 γραπται,
2433 1860 2734 1931 ἀμήχανον,
2761 1859 3043 1924 ἀδύνατον,
3081 1860 3154 1930 μὴ
3192 1852 3332 1910 εῖναι
3377 1851 3696 1924 ἀπαραλλά-

451 1946 566 2015 ipse
604 1961 708 2000 non
753 1947 822 2000 sit
852 1947 1010 2002 unius
1040 1961 1135 2015 per
1169 1961 1225 2001 se
1260 1945 1510 2016 perfectae
1541 1947 1754 2000 deitatis
1785 1961 1849 2001 ac
1877 1947 2022 2014 ejus-

458 2039 580 2093 dem
619 2038 927 2104 voluntatis,
971 2047 1026 2093 et
1071 2038 1254 2109 gloria:
1295 2053 1416 2094 cum
1454 2038 1614 2092 Patre
1649 2047 1705 2092 et
1733 2038 1870 2093 Filio
1906 2039 2023 2094 sine

451 2129 560 2184 ulla
613 2129 996 2199 discrepantia.
1035 2127 1168 2183 Nam
1209 2145 1328 2199 qua:
1375 2137 1503 2183 sunt
1551 2128 1723 2183 eidem
1766 2127 2021 2198 aequalia,

450 2232 578 2279 sunt.
602 2223 764 2277 etiam
792 2220 1016 2290 aequalia
1044 2221 1182 2276 inter
1206 2235 1288 2285 se,
1318 2230 1376 2274 ut
1411 2220 1582 2277 aiunt.

524 2312 708 2368 XLVI.
746 2311 800 2366 Si
846 2311 989 2365 nulla
1021 2326 1086 2366 ex
1129 2311 1438 2366 coelestibus
1475 2310 1834 2380 potestatibus
1861 2309 2022 2380 332

452 2404 693 2459 caelestia
728 2405 866 2458 dona
893 2403 1077 2474 largiri
1107 2412 1300 2472 potest,
1344 2401 1577 2472 Spiritus
1619 2417 1745 2457 vero
1778 2403 1870 2458 Dei
1907 2417 2029 2472 pro-

455 2492 570 2562 pria
606 2501 869 2559 potestate
916 2505 977 2545 ea
1018 2490 1265 2561 largitur,
1305 2505 1422 2560 qua:
1463 2491 1590 2545 dare
1631 2490 1795 2545 solius
1833 2492 2028 2547 divina:

456 2593 660 2636 natura:
692 2592 807 2638 est:
841 2591 924 2636 est
973 2597 1100 2652 ergo
1145 2582 1283 2637 Deus
1331 2583 1580 2638 onmibus
1629 2582 1918 2649 sufﬁciens,
1973 2596 2030 2640 et

453 2673 713 2736 omnium,
756 2681 916 2740 atque
987 2675 1119 2726 adeo
1175 2688 1360 2727 eorum
1417 2675 1602 2739 etiam,
1641 2675 1732 2744 qui
1790 2684 1915 2730 sunt
1975 2677 2027 2731 in

454 2765 629 2831 cmlis,
690 2765 1014 2830 dominator,
1072 2773 1128 2820 et
1187 2764 1332 2820 Patri
1386 2781 1449 2821 ac
1492 2765 1628 2821 Filio
1678 2770 2029 2823 consubstan-

463 2857 629 2910 liuiis.

529 2945 730 2999 XLVII.
768 2946 824 3000 Si
865 2945 1005 2999 nulla
1043 2961 1107 3001 ex
1160 2947 1515 3003 invisibilibus
1591 2957 1682 3002 aut
1727 2949 2031 3006 visibilibus

446 3037 771 3092 substantiis
804 3037 854 3092 in
883 3037 1052 3091 sacris
1090 3036 1383 3107 Scripturis
1410 3048 1595 3092 vocata
1632 3048 1714 3092 est
1745 3040 1908 3102 Deus,
1933 3055 2033 3096 uec

458 3130 682 3192 veritas,
715 3127 816 3182 nisi
859 3127 1032 3189 Pater,
1064 3135 1117 3180 et
1151 3137 1368 3180 sanctus
1393 3128 1508 3196 ejus
1525 3127 1778 3196 Spiritus,
1809 3139 1860 3182 et
1896 3128 2028 3184 Uni-

459 3217 700 3286 gcnitus;
733 3217 1090 3271 indubitatum
1118 3225 1220 3280 est,
1254 3229 1373 3268 eum
1397 3217 1461 3268 ad
1480 3217 1734 3270 unitatem
1759 3217 1953 3272 divina:
1971 3228 2028 3273 et

468 3306 999 3377 supersuhstantialis
1034 3305 1282 3361 essentia:
1311 3305 1602 3375 pertinere.

529 3397 753 3452 XLVIII.
789 3397 842 3450 Si
874 3398 1100 3451 virtutes
1126 3396 1406 3460 caelorum,
1433 3397 1522 3465 qui
1545 3399 1782 3452 omnium
1815 3408 2028 3454 creatu-

462 3505 646 3544 rarum
693 3489 911 3542 maximi
953 3498 1099 3550 sunt,
1142 3495 1196 3542 et
1227 3486 1565 3554 lucidissimi,
1599 3489 1650 3542 in
1689 3487 1891 3557 Spiritu
1933 3489 2027 3544 Dei

461 3589 612 3646 sunt,
658 3593 764 3633 non
822 3588 999 3647 potest
1051 3577 1190 3641 ﬁeri,
1234 3585 1294 3630 ut
1343 3576 1457 3648 ipse
1501 3579 1572 3632 sit
1617 3589 1888 3646 creatura,
1935 3578 2029 3635 sed

466 3670 740 3724 Creatoris
788 3677 1108 3738 cooperator
1157 3677 1273 3736 est,
1320 3678 1376 3724 et
1421 3669 1703 3740 aequaliter
1748 3685 1870 3724 cum
1915 3671 2030 3741 ipso

458 3768 736 3829 operatur.

531 3847 718 3904 XLIX.
755 3848 813 3904 Si
848 3849 1031 3904 orbem
1070 3857 1340 3904 terrarum
1386 3848 1592 3918 implet,
1619 3858 1675 3904 et
1697 3849 1874 3904 omnia
1904 3865 2032 3906 con-

459 3942 614 4006 tinet,
641 3949 698 3993 ut
749 3940 984 4011 loquitur
1022 3940 1298 4010 Sapientia
1332 3939 1471 4011 (85),
1506 3949 1588 3994 est
1629 3939 1872 4010 profecto
1919 3943 2032 4012 ipse

460 4031 622 4087 unius
657 4039 948 4100 supremae,
983 4042 1243 4102 augustae,
1287 4043 1342 4087 et
1373 4034 1950 4101 incomprehensibilis,
1979 4043 2033 4089 et

461 4122 882 4190 inaccessibilis,
937 4132 992 4177 et
1051 4123 1404 4194 iutangibilis,
1465 4134 1520 4178 et
1575 4123 1744 4178 forma
1798 4125 2033 4181 carentis

458 4213 728 4278 essentia,
764 4222 818 4267 et
851 4221 936 4267 est
963 4211 1242 4275 Conditor,
1270 4227 1368 4266 nec
1400 4212 1516 4266 loco
1546 4213 2031 4282 circumscribitur,

459 4307 554 4360 sed
585 4305 698 4373 ipse
741 4305 843 4358 hoc
879 4303 1191 4357 universum
1217 4306 1644 4372 comprehendit.

529 4393 592 4450 L.
624 4394 681 4450 Si
733 4395 784 4447 in
821 4393 1084 4449 Triuitate
1123 4401 1371 4449 naturam
1427 4410 1533 4448 non
1573 4395 1854 4464 distinguit
1887 4396 2033 4451 Scri-

2124 1971 2265 2017 κτως
2293 1954 2392 2023 τῆς
2426 1954 2554 2024 μιᾶς
2590 1951 2910 2014 αὐτοτελοῦς
2948 1951 3220 2022 θεότητος,
3253 1950 3348 2002 καὶ
3379 1947 3654 2016 θελήσεως
3675 1982 3692 2006 ,

2124 2043 2215 2095 καὶ
2239 2042 2396 2112 δόξης
2424 2040 2517 2094 τοῦ
2549 2041 2760 2112 Πατρδς
2783 2041 2991 2094 καὶτοῦ
3021 2039 3177 2094 Υίοῦ.
3203 2039 3283 2092 Τὰ
3309 2037 3418 2110 γὰρ
3443 2034 3519 2108 τῷ
3543 2031 3697 2104 αὐτῷ

2127 2134 2235 2199 ῖσα,
2278 2133 2430 2205 φασὶ,
2458 2134 2552 2188 καὶ
2580 2133 2831 2205 ἀλλήλοις
2861 2134 3009 2186 ἐστὶν
3040 2131 3152 2188 ίσα.

2196 2315 2344 2382 Μςν.
2384 2314 2449 2368 Εἰ
2497 2313 2663 2384 μηδὲν
2707 2314 2814 2368 τῶν
2855 2313 3121 2385 οὐρανίων
3155 2312 3433 2382 δυνάμεων
3470 2307 3698 2379 οὐράνια

2128 2404 2438 2476 χαρίσματα
2467 2403 2688 2459 δύναται
2719 2405 3002 2477 παρέχειν,
3026 2404 3085 2457 τὺ
3107 2405 3164 2458 δὲ
3191 2403 3284 2456 τοῦ
3307 2401 3440 2455 Θεοῦ
3475 2400 3700 2468 Πνεῦμα

2129 2496 2248 2548 κατ’
2286 2494 2532 2558 ἐξουσίαν
2577 2494 2863 2566 δωρεῖται,
2895 2494 2930 2548 ἃ.
2976 2493 3157 2547 δοῦναι
3196 2493 3364 2563 μόνης
3405 2491 3504 2560 τῆς
3541 2488 3696 2550 θείας

2130 2582 2341 2653 φύσεώς
2365 2584 2509 2638 ἐστιν
2534 2600 2547 2612 ·
2583 2585 2690 2655 ἄρα
2721 2585 3003 2656 παναρκὴς
3031 2584 3180 2648 Θεὸς,
3215 2583 3309 2636 καὶ
3339 2579 3694 2649 ἐξουσιαστής

2130 2676 2244 2730 ἐστι
2263 2716 2278 2742 ,
2302 2677 2396 2730 καὶ
2427 2677 2534 2730 τῶν
2561 2677 2618 2730 ἐν
2646 2678 2922 2748 οὐρανοῖς,
2965 2677 3059 2731 καὶ
3102 2674 3384 2748 όμοούσιος
3415 2672 3491 2744 τῷ
3522 2670 3701 2739 Πατέλ

2130 2768 2225 2822 καὶ
2254 2768 2333 2840 τῷ
2370 2767 2486 2840 Υἱῷ
2521 2769 2800 2839 τυγχάνει.

2200 2943 2332 2997 ΜΖ’.
2373 2943 2436 2996 Ei
2467 2941 2632 3014 μηδὲν
2659 2941 2766 2995 τῶν
2793 2941 3090 3013 άοράτωνῆ
3116 2939 3326 3012 ὁρατῶν
3359 2937 3490 3010 ἱερῷ
3517 2935 3700 3008 γράμ-

2135 3048 2262 3102 ματι
2291 3031 2729 3103 προσηγόρευται
2760 3031 2900 3084 θεῖον
2935 3033 3028 3084 καὶ
3055 3031 3301 3102 ἀλήθεια,
3336 3032 3384 3083 εί
3419 3028 3494 3100 μὴ
3533 3030 3561 3082 ὁ
3587 3029 3701 3080 Πα-

2131 3124 2254 3196 τὴρ,
2289 3123 2382 3176 καὶ
2417 3123 2478 3176 τὸ
2503 3125 2655 3193 άγιον
2686 3123 2908 3194 Πνεῦμα
2945 3123 3130 3186 αὐτοῦ,
3164 3123 3258 3176 καὶ
3293 3124 3321 3176 ό
3354 3121 3663 3190 Μονογενής
3684 3138 3698 3151 ·

2128 3215 2559 3285 άναμφήριστον,
2594 3214 2669 3279 ὡς
2699 3215 2799 3286 τῆς
2833 3213 3014 3278 ἐνάδος
3057 3213 3204 3278 θείας
3250 3213 3346 3267 καὶ
3377 3210 3701 3284 ὑπερουσίου

2128 3303 2274 3356 ἐστὶν
2307 3303 2512 3368 οὐσίας.

2197 3395 2339 3447 ΜΗ’.
2379 3395 2442 3447 Ei
2479 3393 2588 3447 τῶν
2622 3393 3160 3466 παμμεγεθεστάτων
3188 3393 3284 3447 καὶ
3313 3390 3697 3462 φωτοειδεστέ-

2133 3500 2238 3554 ρων
2273 3485 2486 3538 πάντων
2517 3484 2576 3537 ἐν
2623 3486 2924 3556 ποιήμασιν
2965 3483 3210 3556 οὐρανῶν
3243 3485 3299 3539 αἱ
3340 3482 3597 3553 δυνάμεις
3639 3481 3700 3533 ἐν

2128 3573 2207 3645 τῷ
2252 3573 2527 3646 Πνεῦματι
2581 3574 2671 3629 τοῦ
2727 3574 2862 3628 Θεοῦ
2916 3576 3076 3639 εἰσιν,
3136 3575 3238 3629 οὐκ
3285 3576 3521 3646 ἐγχωρεῖ
3569 3570 3703 3627 αὐτὸ

2131 3667 2340 3737 ποίημα
2369 3666 2729 3736 καθεστάναι,
2755 3667 2894 3722 ἀλλὰ
2928 3667 3189 3737 συνεργὸν
3225 3667 3319 3721 καὶ
3347 3664 3593 3736 ῑσουργὺν
3622 3662 3703 3735 τῷ
3786 3703 3799 3711 .

2130 3757 2477 3828 Δημιουργῷο

2200 3849 2334 3904 ΜΘ.
2386 3850 2449 3902 Ei
2478 3850 2577 3922 τὴν
2603 3849 2930 3922 οἰκουμένην
2957 3850 3172 3922 πληροῖ,
3202 3851 3298 3905 καὶ
3332 3851 3508 3904 πάντα
3532 3850 3706 3919 ἐμπε·

2136 3939 2325 4011 ριέχει,
2361 3939 2504 3993 κατὰ
2537 3940 2635 4012 τὴν
2676 3941 2941 4011 λέγουσαν
2973 3940 3133 3995 τοῦτο
3163 3942 3391 4011 Σοφίαν·
3423 3941 3524 4012 τῆς
3560 3941 3703 3992 άνω-

2129 4031 2277 4084 τάτω
2315 4031 2520 4102 σεπτῆς
2543 4071 2558 4095 ,
2607 4034 2702 4085 καὶ
2752 4034 3146 4104 άπερινοήτου,
3175 4032 3469 4104 ἀπροσίτου
3501 4048 3561 4084 τε
3607 4028 3704 4083 καὶ

2131 4123 2430 4192 άνεπάφου,
2479 4124 2606 4196 [I55
2654 4123 2705 4197 ὁ]
2747 4126 2840 4180 καὶ
2879 4125 3126 4197 ἀμόρφου
3173 4127 3300 4196 μιᾶς
3335 4123 3521 4187 οὐσίας
3555 4123 3702 4176 ἐστὶν

2131 4214 2508 4285 Δημιουργόν·
2547 4215 2640 4268 καὶ
2689 4215 2838 4286 τόπῳ
2881 4215 2942 4269 οὐ
2994 4216 3432 4287 περιγράφεται,
3467 4212 3600 4266 αὐτὸ
3642 4212 3701 4266 δέ

2133 4303 2484 4375 περιείληφεν
2521 4306 2640 4358 τόδε
2674 4304 2736 4358 τὸ
2770 4307 2900 4360 πᾶν.

2203 4394 2284 4446 N'.
2325 4394 2388 4445 Εί
2427 4393 2617 4464 Γραφὴ
2653 4394 2714 4447 οὐ
2761 4394 2987 4466 διορίζει
3029 4397 3096 4467 τῇ
3134 4393 3293 4464 φύσει
3333 4393 3433 4465 τὴν
3473 4392 3700 4464 Τριάδα.

459 4495 638 4556 ptura,
687 4500 788 4540 nec
823 4484 1016 4553 prima,
1057 4492 1112 4538 et
1142 4485 1400 4550 secunda,
1436 4493 1491 4538 et
1538 4485 1694 4538 tertia
1751 4498 1939 4540 natura
1980 4488 2025 4542 in

2135 4483 2240 4536 οὐδ’
2274 4483 2516 4555 ὁρίζεται
2541 4487 2628 4539 ἐπ’
2659 4487 2830 4557 αὐτῆς
2858 4485 3102 4557 πρώτην,
3138 4487 3232 4540 καὶ
3275 4485 3556 4556 δευτέραν,
3605 4484 3701 4538 καὶ

460 4577 578 4646 ipsa
629 4575 900 4631 Triuitate
966 4575 1354 4646 distinguitur:
1410 4590 1702 4645 quamnam
1766 4576 2029 4635 rationem

460 4666 653 4722 afferre
684 4677 902 4735 possunt
929 4665 1166 4720 ltznrelici
1199 4665 1456 4721 adversus
1485 4681 1578 4720 eos
1627 4665 1719 4734 qui
1748 4666 1890 4720 illaut
1915 4680 2034 4722 cre-

459 4761 594 4814 dunt
633 4759 991 4814 essentialiter
1014 4758 1229 4827 quidem
1259 4774 1418 4812 unam
1460 4774 1601 4824 esse,
1637 4758 1688 4813 in
1725 4761 2032 4829 proprieta-

461 4849 603 4904 tibus
632 4863 760 4902 vero
789 4849 1158 4918 hypostasium
1184 4848 1540 4902 distinctam?

530 4940 615 4997 LI.
657 4938 711 4993 Si
743 4941 966 5008 primam
998 4947 1298 4993 creaturam
1333 4939 1605 4993 diabolum
1641 4953 1761 4992 esse
1789 4937 2030 4993 ostendit

459 5030 594 5084 liber
615 5027 757 5091 Jobi,
788 5027 1021 5095 Spiritus
1055 5043 1156 5082 nou
1187 5036 1268 5081 est
1298 5037 1562 5089 creatura,
1605 5028 1698 5082 sed
1737 5027 1805 5081 ad
1843 5026 2030 5082 Unita-

462 5130 568 5174 tem
597 5119 839 5172 essentia:
874 5120 1143 5188 pertinet:
1179 5134 1276 5174 nec
1311 5120 1454 5174 enim
1485 5134 1617 5174 sane
1641 5119 1898 5184 dixerint,
1923 5119 2032 5172 dia-

463 5209 641 5264 bolum
696 5219 820 5263 aute
863 5210 1009 5262 illum
1067 5211 1340 5263 conditum
1377 5211 1564 5277 fuisse,
1614 5221 1669 5266 et
1707 5213 1755 5266 ei
1803 5213 2025 5281 quidem

461 5300 750 5368 aliquando
790 5299 1226 5354 excellentiorem
1265 5301 1439 5356 locum
1501 5303 1781 5372 obtigisse,
1847 5305 2029 5359 divino

462 5401 637 5444 autem
675 5388 896 5459 Spiritui
952 5390 1288 5445 inferiorem.

534 5482 638 5535 LII.
663 5480 716 5535 Si
754 5481 1204 5550 quemadmodum
1245 5483 1312 5535 ad
1344 5480 1435 5537 Dei
1469 5482 1720 5553 gloriam,
1747 5493 1803 5537 et
1835 5485 2030 5539 adora-

464 5573 684 5634 tiouem,
712 5569 915 5625 Pascha
941 5569 1009 5622 ab
1033 5567 1186 5623 initio
1210 5567 1373 5625 etiam
1408 5583 1438 5624 a
1464 5569 1664 5624 Judaeis
1694 5569 2023 5626 celebratum

537 5747 645 5816 (83)
697 5745 823 5815 Cap.
861 5762 899 5811 ι,
950 5757 1089 5797 vers.
1136 5743 1186 5798 7.

2133 4575 2323 4647 τρίτην
2350 4575 2510 4644 φύσιν
2535 4593 2548 4607 ε
2581 4579 2732 4640 ποῖος
2763 4579 2946 4640 αὐτοῖς
2980 4577 3176 4630 ὕπεστι
3205 4576 3361 4645 λόγος
3408 4577 3544 4648 πρὸς
3575 4575 3702 4638 τοὺς

2143 4667 2520 4732 πιστεύοντας,
2553 4669 2794 4738 ἡνῶσθαι
2827 4669 2924 4740 μὲν
2976 4669 3145 4739 αὐτὴν
3191 4667 3484 4734 οὐσιωδῶς,
3525 4667 3704 4723 διακε-

2133 4758 2347 4831 κρίσθαι
2377 4759 2434 4813 δὲ
2465 4762 2522 4814 ἐν
2551 4761 2806 4832 ἰδιότησιν
2831 4762 3215 4827 ὐποστάσεων;

2200 4938 2328 4993 NA'.
2377 4940 2440 4993 Ei
2481 4939 2541 4993 τὸ
2575 4940 2787 5012 πρῶτον
2821 4940 3026 5011 κτίσμα
3055 4942 3083 4994 ὁ
3121 4940 3364 5002 διάϐολος
3403 4937 3613 5010 ἐδείχθη
3647 4939 3704 4991 ἐν

2129 5030 2205 5100 τῷ
2259 5030 2396 5095 Ἰὼϐ,
2446 5032 2506 5083 οὐ
2550 5032 2774 5103 κτίσμα,
2817 5033 2954 5086 ἀλλὰ
2994 5032 3095 5101 τῆς
3127 5033 3368 5095 Μονάδος
3411 5031 3597 5094 οὐσίας
3646 5029 3707 5082 τὸ

2131 5123 2372 5192 Πνεῦμα.
2402 5126 2477 5177 Οὐ
2503 5125 2611 5197 γὰρ
2633 5129 2789 5193 φαῖεν
2811 5125 2878 5179 ἂν
2911 5126 3001 5180 τὸν
3020 5125 3264 5180 διάϐολον
3284 5124 3708 5194 προδεδημιουρ-

2129 5212 2348 5283 γῆσθαι,
2380 5215 2474 5267 καὶ
2518 5216 2678 5268 αὐτὸν
2709 5216 2807 5285 μέν
2847 5233 2976 5268 ποτε
3005 5215 3104 5286 τὴν
3143 5215 3516 5286 ὑπερέχουσαν
3556 5213 3707 5276 τάξιν

2131 5305 2421 5376 εἰληχέναι,
2446 5307 2508 5358 τὸ
2533 5306 2590 5358 δέ
2620 5305 2760 5360 θεῖον
2783 5307 3008 5378 Πνεῦμα
3031 5307 3130 5378 τὴν
3169 5305 3489 5377 ὑφειμένην.

2198 5463 2325 5518 NB'.
2370 5465 2461 5522 Εί.
2488 5462 2738 5534 καθάπερ
2777 5465 2859 5527 εἰς
2883 5465 3037 5529 δόξαν
3077 5467 3172 5520 καὶ
3209 5464 3580 5536 προσκύνησιν
3611 5459 3704 5514 τοῦ

2129 5555 2263 5608 Θεοῦ
2291 5556 2351 5609 τὸ
2384 5555 2575 5624 Πάσχα
2607 5553 2670 5620 ἐξ
2697 5555 2872 5625 ἀρχῆς
2897 5556 2992 5609 καὶ
3038 5557 3169 5628 παρ’
3217 5553 3486 5609 Ἰουδαίων
3514 5555 3703 5608 ἐπετε-
