4056 6408
1359 113 1455 126 v-

344 345 450 404 805

1427 348 1518 404 DE
1555 347 1932 406 TRINITATE
1969 348 2171 406 LIBER
2211 348 2538 409 TERTIUS.

3511 362 3615 420 806

344 464 532 534 λέσθη,
559 460 702 517 οὑτω
725 461 820 516 καὶ
846 461 940 517 τοῦ
960 461 1118 532 ἁγίου
1142 449 1286 518 Ἰἰνεὺ
1295 482 1463 536 ματος
1483 468 1516 538 ή
1541 469 1892 540 Πεντηκοστή
1912 485 1925 498 ⁸

2035 477 2141 533 est,
2181 470 2253 522 ita
2291 479 2348 523 et
2389 474 2456 525 ad
2486 470 2712 542 gloriam
2737 469 2977 543 Spiritus
3005 473 3180 529 sancti
3218 474 3487 531 celebrata
3533 487 3616 532 est

343 556 464 621 πῷς
490 555 553 607 οὑ
581 555 916 626 συνάναρχος
945 555 1092 627 αὑτῷ
1118 556 1354 628 ὑπάρχει
1378 558 1673 629 ἀείμνητος
1702 558 1870 625 Θεός;

416 733 540 786 NI".
602 733 689 798 El,
724 733 800 797 ὡς
819 732 914 786 τοῦ
945 733 1260 805 σημάντρου
1297 733 1391 788 τοῦ
1429 733 1537 788 ἀπὸ
1568 734 1663 788 τοῦ
1710 736 1927 806 Πατρὸς

342 825 554 879 καὶτοῦ
586 827 735 891 Υίοῦ,
763 826 904 880 οὑτω
932 828 1025 880 καὶ
1049 827 1140 880 τοῦ
1168 827 1278 882 ἀπὸ
1305 827 1397 881 τοῦ
1431 828 1586 896 ἁγίου
1611 827 1750 881 Πνεύ
1759 846 1927 900 ματος

346 918 748 989 σημαινομένου
791 919 922 990 ἡμῖν
969 919 1298 990 μνημονεύει
1325 918 1394 973 τά
1421 919 1580 988 λόγια
1601 937 1613 948 ·
1639 921 1741 974 οὑκ
1779 919 1938 1000 ἔστιν.

341 1010 402 1061 ὲν
426 1011 539 1072 τοῖς
573 1009 894 1078 ποιήμασιν,
940 1007 1079 1061 ἀλλὰ
1119 1010 1215 1062 καὶ
1251 1011 1308 1062 ὲν
1337 1007 1427 1080 ἴση
1456 1011 1590 1080 τιμῇ
1631 1010 1728 1064 καὶ
1759 1009 1925 1080 εὐχα-

345 1101 548 1171 ριστίᾳ.
578 1101 653 1152 Οὑ
693 1100 801 1171 γὰρ
834 1101 1136 1171 ποιήματος
1176 1101 1293 1171 ἅμα
1326 1101 1421 1154 καὶ
1450 1100 1546 1154 τοῦ
1575 1099 1711 1154 Θεοῦ
1753 1119 1928 1173 σφρα-

343 1191 467 1261 γῖδα
507 1191 979 1262 ἀναλαμϐάνομεν,
1017 1192 1138 1244 οὐδὲ
1179 1191 1716 1263 συμπαραλαμϐάνει
1745 1195 1772 1246 ὁ
1795 1191 1928 1256 Θεὸς

345 1282 641 1352 κτίσματος
665 1282 957 1352 σφραγῖδα,
985 1285 1054 1354 τῇ
1089 1281 1283 1336 ἑαυτοῦ
1312 1282 1388 1347 ὡς
1415 1282 1576 1354 μόνος
1608 1282 1801 1348 σώζειν
1830 1284 1927 1354 οὑχ

346 1372 550 1437 ἱκανός.

415 1551 535 1603 NA’.
575 1551 635 1604 Ei
671 1550 820 1603 πᾶσα
851 1549 1168 1621 βλασφημία
1199 1551 1416 1621 ἀφίεται
1440 1552 1551 1616 τοῖς
1583 1549 1924 1622 ἀνθρώποις,

343 1643 380 1714 ἡ
413 1641 469 1694 δὲ
499 1643 578 1704 είς
602 1642 664 1694 τὸ
697 1642 920 1713 Πνεῦμα
944 1642 1037 1696 τοῦ
1066 1643 1203 1697 Θεοῦ
1233 1643 1628 1718 ἀσυγχώρητος
1655 1663 1668 1676 ·
1695 1647 1804 1717 ἄρα
1828 1646 1929 1700 οὑκ

344 1733 582 1788 ἐλάττων
619 1734 875 1804 τυγχάνει
919 1735 1070 1798 Θεός.
1106 1735 1435 1806 Βλασφημία
1474 1737 1531 1790 δέ
1570 1740 1718 1791 ἐστιν
1757 1737 1819 1790 τὺ
1854 1737 1928 1809 μὴ

2037 561 2390 616 Pentecoste:
2424 562 2696 630 quomodo
2736 579 2844 619 non
2897 573 2986 620 est
3014 563 3116 634 ipsi
3163 566 3271 620 Deo
3307 579 3614 625 coaeternus

2031 653 2306 723 perpetuis
2332 653 2580 708 laudibus
2606 654 2966 710 celebrandas
2992 656 3103 726 (86)
3142 657 3317 712 Deus?

2100 743 2232 798 Llll.
2280 743 2336 798 Si
2379 743 2788 813 Scripturarum
2832 746 3049 800 oracula
3102 747 3243 802 sicut
3287 763 3614 804 commemo-

2031 843 2154 887 rant
2191 833 2528 904 signaculum
2569 849 2598 888 a
2639 833 2824 902 Patre,
2859 844 2913 889 et
2946 851 2975 888 a
3004 835 3140 890 Filio
3169 838 3611 907 impressum,ita

2029 926 2191 979 etiam
2251 924 2591 995 signaculum
2648 937 3116 990 commemorant,
3170 943 3279 996 quo
3320 943 3351 982 a
3409 927 3612 996 Spiritu

2029 1027 2220 1072 sancto
2249 1018 2519 1088 obsignati
2554 1033 2744 1072 sumus
2775 1016 2886 1088 (87)
2914 1036 2926 1070 :
2964 1033 3070 1071 non
3113 1028 3196 1072 est
3231 1018 3373 1073 inter
3402 1029 3616 1074 creatu-

2030 1124 2117 1167 ras
2166 1109 2532 1164 numerandus
2573 1108 2829 1178 Spiritus,
2869 1110 2963 1164 sed
3007 1110 3233 1180 aequalis
3278 1112 3326 1164 ei
3387 1111 3617 1165 debetur

2028 1202 2188 1273 333
2215 1202 2410 1266 honor,
2437 1211 2491 1255 ει
2536 1203 2833 1273 gratiarum
2866 1203 3028 1259 actio.
3071 1201 3178 1256 Nec
3222 1203 3367 1257 enim
3396 1213 3614 1258 creatu-

2034 1298 2108 1347 rae
2146 1292 2329 1357 simul,
2371 1303 2423 1347 et
2458 1293 2550 1348 Dei
2593 1293 3026 1360 obsignationem
3061 1293 3378 1363 accipimus,
3440 1309 3615 1361 neque

2029 1395 2294 1442 creatura:
2349 1385 2784 1453 obsignationem
2839 1384 3000 1438 simul
3057 1399 3180 1438 cum
3237 1399 3336 1439 sua
3387 1385 3617 1440 assumit

2029 1478 2189 1543 Deus,
2227 1477 2380 1545 quasi
2408 1476 2556 1531 solus
2583 1476 2793 1530 salvare
2823 1490 2928 1530 non
2961 1475 3160 1530 valeat.

2104 1567 2234 1622 LW.
2280 1567 2337 1621 Si
2378 1567 2556 1622 omnis
2587 1567 2918 1635 blasphemia
2958 1567 3252 1620 remittitur
3284 1566 3616 1635 hominibus,

2031 1659 2368 1730 blasphemia
2411 1674 2539 1715 vero
2570 1658 2621 1712 in
2657 1658 2920 1729 Spiritum
2959 1656 3049 1711 Dei
3080 1667 3162 1711 est
3198 1659 3615 1722 lrremissibilis,

2033 1769 2140 1808 non
2184 1765 2266 1808 est
2296 1767 2424 1821 ergo
2462 1750 2698 1820 Spiritus
2732 1749 2912 1804 minor
2936 1749 3131 1819 aliquis
3161 1748 3320 1804 Deus.
3355 1749 3615 1820 Blasphe-

343 1828 522 1897 λέγειν
561 1828 692 1881 αὑτὸ
735 1827 887 1892 Θεόν.
931 1829 1215 1897 Ἀνάγεται
1259 1828 1368 1901 γὰρ
1413 1832 1446 1900 ἡ
1480 1829 1802 1903 βλασφημία
1834 1830 1926 1885 καὶ

2037 1845 2142 1899 mia
2179 1858 2308 1898 vero
2356 1851 2460 1905 est,
2507 1843 2680 1910 ipsum
2731 1856 2838 1895 non
2886 1839 3068 1894 dicere
3098 1838 3312 1895 Deum:
3351 1841 3616 1896 redundat

343 1917 424 1982 είς
459 1917 552 1970 τὸν
582 1917 1024 1990 Παντοκράτορα,
1057 1914 1116 1973 οῦ
1147 1918 1286 1991 πνοὴ
1314 1920 1595 1990 τυγχάνει.

413 2095 538 2151 NE'.
591 2095 655 2148 Et
706 2094 1060 2167 ἀπαράϐατον
1129 2096 1398 2169 αἱρετικο).
1449 2095 1575 2168 [156
1618 2096 1672 2169 a]
1722 2098 1928 2168 φυλάτ-

341 2205 524 2241 τουσιν
548 2187 609 2241 τό
647 2205 706 2240 τε
735 2187 1062 2260 πρόσταγμα
1099 2187 1193 2240 τοῦ
1228 2188 1442 2258 Πατρὺς
1479 2187 1751 2256 λέγοντος,
1789 2209 1806 2242 ι
1830 2184 1932 2246 Οὗ-

342 2279 435 2344 τός
462 2281 606 2332 ἐστιν
635 2281 663 2332 ὁ
704 2279 831 2342 Υἱός
874 2297 976 2350 μου
1004 2280 1032 2331 ὁ
1067 2279 1348 2350 ἀγαπητός
1367 2296 1381 2310 ·
1427 2279 1592 2333 αὑτοῦ
1623 2281 1873 2348 ἀκούετε,
1906 2300 1926 2334 ι

341 2375 441 2446 τήν
471 2391 532 2427 τε
560 2373 691 2446 περὶ
734 2372 796 2426 τὸ
830 2371 1112 2443 βάπτισμα
1166 2371 1262 2450 τοῦ
1307 2371 1437 2425 Υίοῦ
1475 2371 1806 2444 παράδοσιν·
1844 2373 1932 2426 διὰ

342 2463 398 2515 τί
425 2463 500 2534 μὴ
534 2461 835 2534 ἀχώριστον
873 2464 940 2535 τῇ
984 2462 1165 2532 φύσει,
1199 2463 1294 2514 καὶ
1329 2463 1594 2532 ἰσότιμον,
1631 2463 1727 2516 καὶ
1759 2463 1933 2516 ίσοδύ-

342 2572 515 2626 ναμον
543 2553 864 2626 ὁμολογοῦσι
894 2555 993 2626 τήν
1021 2554 1247 2626 Τριάδα,
1275 2554 1370 2606 καὶ
1393 2555 1651 2625 ἰσοτίμως
1679 2553 1932 2620 δοξάζου-

347 2664 467 2713 σιν;
497 2649 592 2700 ’Ἑν
625 2647 732 2719 γάρ
762 2647 953 2718 ὄνομα,
982 2645 1127 2700 τοῦτ’
1159 2646 1305 2698 ἐστιν
1345 2647 1407 2700 τὸ
1431 2645 1532 2716 τῆς
1581 2648 1712 2718 μιᾶς
1739 2647 1930 2719 θεότη-

344 2757 456 2806 τος,
487 2743 634 2812 τρεῖς
667 2741 724 2793 δὲ
757 2741 1083 2803 ὑποστάσεις
1107 2739 1368 2807 ἐδίδαξεν,
1400 2740 1607 2812 ἑκάστῃ
1638 2740 1737 2812 τὴν
1765 2742 1931 2795 ἰσοτι-

351 2833 478 2902 μίαν
502 2834 768 2905 τηρήσας.

1012 2929 1164 2982 ΚΕΦ.
1201 2929 1275 2982 Γ’.

416 3018 527 3072 Καὶ
549 3018 720 3073 ταῦτα
756 3020 854 3091 μὲν
897 3020 1324 3091 ἀποδεδειγμένα
1362 3020 1582 3075 κείσθω.
1628 3022 1930 3092 Αἱρετικῶν

2035 1935 2178 1990 enim
2233 1933 2569 2004 blasphemia
2626 1931 2788 1986 etiam
2843 1931 2898 1986 in
2949 1930 3417 2002 Otnnipotentem,
3463 1932 3616 2001 cujus

2037 2026 2151 2097 ipse
2183 2025 2381 2080 halitus
2417 2033 2523 2080 est.

2106 2118 2216 2173 LV.
2253 2118 2308 2172 Si
2357 2133 2461 2172 non
2497 2115 2968 2185 transgrediuntur
3001 2115 3260 2181 haeretici,
3295 2114 3388 2170 sed
3421 2115 3613 2170 obser-

2034 2221 2162 2264 vant
2239 2225 2363 2264 cum
2437 2217 2762 2278 praeceptum
2828 2205 3008 2264 Patris
3061 2207 3390 2278 inquientis,
3461 2225 3480 2260 t
3519 2206 3616 2262 llic

2034 2312 2115 2356 est
2145 2299 2265 2371 (88)
2299 2298 2462 2353 Filius
2489 2312 2640 2352 meus
2681 2297 2908 2352 dilectus
2942 2316 2956 2352 :
2991 2298 3164 2366 ipsum
3213 2298 3424 2362 audite;
3455 2316 3472 2349 ι
3504 2307 3614 2352 ιυιη

2033 2409 2116 2455 ea,
2155 2409 2276 2462 qua:
2307 2390 2474 2446 Filius
2511 2391 2577 2445 de
2625 2391 2896 2459 baptismo
2943 2391 3160 2444 tradidit
3193 2407 3209 2444 :
3242 2406 3410 2460 quare
3439 2390 3617 2444 Triui-

2037 2493 2202 2540 tatem
2238 2494 2429 2537 natura
2473 2482 2915 2553 inseparabilem,
2945 2493 2998 2536 et
3031 2498 3185 2552 azque
3219 2483 3616 2543 lmuorandam.

2039 2587 2094 2631 et
2124 2592 2274 2646 atque
2319 2583 2590 2645 potentem
2633 2591 2738 2630 non
2766 2575 3114 2640 conlltentur,
3150 2589 3250 2628 nec
3280 2590 3399 2630 eam
3423 2575 3616 2643 atquali

2034 2670 2238 2724 honore
2269 2666 2612 2738 glorilicant?
2649 2667 2822 2722 Unum
2843 2668 2987 2721 enim
3027 2682 3146 2722 esse
3183 2683 3401 2732 nomen,
3433 2667 3484 2720 id
3511 2678 3613 2730 est,

2034 2777 2227 2814 nomen
2259 2760 2421 2812 unius
2454 2758 2704 2820 tleitatis;
2753 2768 2863 2813 tres
2891 2774 3022 2812 vero
3066 2760 3408 2828 bypostases,
3438 2757 3483 2813 is
3516 2758 3618 2812 do-

2032 2850 2162 2915 cuit,
2195 2849 2485 2917 unicuique
2518 2862 2743 2902 servans
2778 2848 3003 2902 honoris
3030 2849 3420 2917 aequalitatem.

2684 2938 2838 2994 CAP.
2883 2939 2970 2994 Ill.

2105 3032 2282 3101 Atque
2311 3031 2426 3085 haec
2448 3031 2664 3100 quidem
2696 3041 2752 3085 ut
2776 3046 2804 3084 a
2835 3033 2989 3087 nobis
3021 3033 3389 3087 demonstrata
3418 3046 3618 3101 suppo-

343 3109 399 3163 δὲ
461 3111 676 3182 πρῶτόν
729 3115 877 3166 ἐστιν
934 3113 1297 3167 ἀσεϐέστατον
1353 3115 1448 3167 καὶ
1505 3115 1926 3186 ἀποτομώτατον

2034 3135 2248 3178 nantur.
2304 3122 2692 3177 llzereticorum
2742 3138 2870 3177 vero
2916 3125 3087 3191 prima
3139 3123 3396 3191 obiectio,
3442 3138 3617 3194 eaque

345 3181 656 3275 πρόϐλημα,
687 3206 746 3259 τὸ
779 3208 837 3259 ὲν
861 3207 1136 3278 Παροιμίᾳ
1162 3206 1475 3278 Σολομῶνος
1507 3181 1924 3278 γεγραμμένονο

2033 3214 2375 3284 impiissima,
2427 3222 2481 3266 et
2529 3181 2928 3267 absurdissima
2953 3214 3091 3283 (89),
3145 3181 3222 3266 εκ.
3259 3227 3323 3268 eo
3376 3181 3615 3279 ducitur,

350 3315 369 3347 ι
409 3295 610 3368 Κύριος
649 3297 862 3351 ἔκτισεν
898 3317 964 3369 με
993 3299 1166 3370 ἀρχὴν
1193 3299 1328 3353 ὁδῶν
1360 3298 1526 3353 αὑτοῦ
1554 3302 1634 3364 είς
1662 3300 1800 3371 ἔργα
1827 3300 1927 3353 αὑ-

345 3386 472 3439 τοῦο
509 3387 613 3460 πρὸ
645 3390 740 3442 τοῦ
783 3388 978 3454 αἰῶνος
1020 3390 1381 3462 ὲθεμελίωσέν
1425 3409 1524 3462 με·
1561 3395 1618 3445 ὲν
1647 3393 1788 3463 ἀρχῇ
1823 3392 1930 3463 πρὸ

345 3479 438 3532 τοῦ
478 3481 574 3554 τὴν
611 3483 716 3553 γῆν
761 3487 1004 3555 ποιῆσαι,
1061 3485 1157 3539 καὶ
1211 3486 1316 3556 πρὸ
1365 3485 1460 3540 τοῦ
1516 3486 1615 3550 τὰς
1660 3485 1930 3550 ἀϐύσσους

346 3572 586 3644 ποιῆσαι,
622 3576 728 3649 πρὸ
759 3577 853 3630 τοῦ
882 3576 1056 3630 ἐλθεῖν
1089 3577 1188 3640 τὰς
1217 3578 1400 3650 πηγὰς
1429 3578 1537 3631 τῶν
1561 3578 1791 3645 ὑδάτων,
1822 3579 1928 3648 πρὸ

249 3706 268 3719 .
344 3664 437 3718 τοῦ
469 3666 568 3738 ὅρη
613 3668 956 3740 ἑδρασθῆναι,
1007 3669 1112 3740 πρὸ
1154 3671 1212 3724 δὲ
1261 3672 1478 3725 πάντων
1532 3670 1735 3742 βουνῶν
1767 3670 1930 3741 γεννᾷ

347 3775 436 3827 με.
475 3777 493 3808 ι
548 3761 644 3814 Διὰ
688 3761 882 3815 τούτου
929 3762 1039 3834 γὰρ
1080 3763 1174 3816 τοῦ
1230 3763 1615 3835 προὸλήματος
1653 3762 1930 3836 βιάζονται

344 3849 549 3920 κτίσμα
573 3851 662 3904 τον
683 3853 906 3924 κτίστην
937 3855 1030 3907 καὶ
1052 3853 1345 3927 εὐεργέτην
1364 3856 1707 3926 ἀποφαίνειν.
1732 3855 1932 3927 Κρείτ-

344 3961 451 3996 των
480 3945 536 3998 δὲ
571 3945 663 3999 καὶ
689 3947 1060 4019 πειθανωτέρα
1092 3949 1192 4019 τῆς
1218 3949 1398 4004 αὑτῶν
1437 3950 1746 4021 βουλήσεως
1777 3951 1871 4004 καὶ
1895 3952 1929 4023 ή

345 4033 445 4102 τῆς
476 4037 696 4109 Γραφῆς
731 4039 934 4112 ταύτης
977 4042 1213 4112 ὑπάρχει
1257 4043 1462 4112 νόησις.
1513 4044 1576 4096 Ei
1607 4043 1716 4114 γὰρ
1753 4042 1930 4114 ἀληθῆ

347 4129 440 4179 καὶ
466 4132 915 4201 κατακρατοῦντα
959 4136 1026 4189 τὰ
1067 4137 1402 4208 προκείμενα
1445 4137 1622 4190 πάντα
1663 4137 1932 4205 κεφάλαια

347 4215 440 4267 καὶ
472 4217 540 4271 τὰ
573 4220 630 4273 ὲν
649 4219 726 4290 τῷ
752 4221 954 4294 πρώτῳ
981 4225 1124 4296 λόγῳ
1149 4227 1525 4294 καταταγέντα
1548 4227 1716 4292 ἐστὶν,
1741 4227 1931 4298 ὥσπερ

344 4304 440 4362 οὖν
471 4312 638 4377 ἐστιν,
679 4315 1084 4388 ἀρηδηλοτάτην
1121 4317 1228 4371 ἀπὸ
1271 4317 1381 4370 τῶν
1423 4317 1582 4371 θείων
1620 4317 1816 4386 λογίων
1846 4317 1932 4371 δε-

348 4403 548 4474 ξαμένη
600 4407 905 4478 μαρτυρίαν
929 4425 943 4438 ·
988 4409 1104 4473 πῶς
1158 4409 1217 4462 οὐ
1265 4410 1373 4464 τῶν
1424 4409 1803 4464 ἀνοσιωτάτων
1837 4411 1932 4462 καὶ

2030 3308 2173 3378 quod
2223 3307 2276 3360 iu
2327 3305 2622 3358 Proverhio
2655 3304 2768 3373 (90)
2818 3306 3126 3361 Salomonis
3182 3307 3440 3376 scriptum
3479 3315 3561 3361 est
3593 3347 3609 3362 .

2037 3415 2056 3449 t
2093 3397 2351 3452 Dominus
2383 3393 2499 3466 (9t)
2526 3399 2733 3450 creavit
2767 3413 2851 3449 me
2886 3397 3094 3456 initium
3145 3398 3351 3452 \‘lal‘utll
3393 3412 3614 3452 suarum

2033 3492 2085 3545 in
2129 3504 2291 3560 opera
2338 3489 2543 3557 ipsius;
2605 3499 2732 3544 ante
2790 3489 3044 3545 sarculum
3099 3491 3344 3546 fundavit
3390 3505 3510 3558 me;
3559 3492 3615 3545 in

2032 3581 2299 3653 principio
2348 3592 2640 3649 antequam
2697 3590 2897 3637 terram
2950 3583 3174 3646 faceret,
3225 3593 3281 3639 et
3327 3593 3614 3654 antequam

2033 3677 2260 3746 abyssos
2322 3674 2564 3740 faceret;
2617 3684 2910 3744 antequam
2967 3678 3216 3732 venirent
3262 3678 3377 3747 (92)
3441 3677 3618 3732 fontes

2033 3783 2294 3836 aquarum
2331 3786 2344 3822 :
2372 3776 2662 3835 antequam
2701 3779 2912 3823 montes
2939 3768 3283 3824 ﬁrmarentur
3307 3769 3417 3840 (95)
3451 3781 3618 3823 :ante

2032 3874 2221 3914 oumes
2257 3876 2385 3914 vero
2419 3862 2584 3917 colles
2615 3860 2784 3932 gignit
2817 3878 2922 3914 me.
2953 3879 2972 3913 ι
3011 3859 3123 3915 Hoc
3163 3860 3306 3915 enim
3352 3861 3493 3931 quod
3521 3863 3620 3914 ob-

2028 3951 2244 4019 jiciunt,
2297 3965 2618 4024 argumento
2668 3961 2936 4008 conantur
2983 3953 3292 4017 ostendere,
3334 3968 3482 4019 eum,
3523 3953 3616 4022 qui

2033 4043 2260 4098 Creator
2295 4054 2395 4110 est,
2429 4061 2494 4100 ac
2538 4045 2924 4100 beneliciorum
2957 4044 3204 4115 largitor,
3238 4059 3358 4100 esse
3401 4054 3618 4100 creatu-

2038 4152 2171 4190 ram.
2217 4134 2324 4190 Sed
2381 4151 2638 4206 germana
2687 4134 2850 4204 hujus
2895 4136 3054 4190 etiam
3101 4135 3303 4190 oraculi
3348 4136 3616 4189 sententia

2033 4241 2220 4280 eorum
2286 4226 2734 4296 interpretatione
2799 4241 2864 4280 ac
2924 4241 3090 4295 scopo
3137 4225 3480 4294 praestantior
3528 4237 3614 4280 est

2033 4333 2096 4372 ac
2119 4318 2471 4388 probabilior.
2505 4317 2564 4373 Si
2599 4320 2742 4374 enim
2777 4334 2901 4373 vera
2934 4327 3060 4373 sunt
3092 4319 3256 4386 (sicut
3289 4333 3418 4372 sane
3441 4329 3612 4384 sunt),

2034 4424 2089 4467 et
2119 4426 2399 4467 assensum
2435 4410 2811 4480 extorquentia
2853 4411 3058 4477 omnia,
3103 4425 3224 4479 quas
3253 4419 3410 4464 antea
3453 4409 3615 4463 allata

344 4496 765 4550 ἁδυνατωτάτων
798 4500 945 4552 ἐστὶν
971 4499 1144 4565 οὕτως
1177 4501 1492 4572 ἐκδέχεσθαι
1514 4502 1582 4556 τὰ
1608 4501 1675 4554 δι’
1705 4501 1926 4573 ἐπικρύ-

2038 4503 2257 4559 fuerunt
2283 4504 2524 4573 capitula
2553 4515 2716 4570 atque
2741 4508 3081 4571 argumenta,
3110 4515 3336 4569 qumque
3365 4499 3418 4554 in
3441 4500 3616 4569 primo

343 4587 490 4657 ψεως
516 4589 820 4662 δηλούμενα
867 4589 985 4645 θεῖα
1031 4594 1372 4662 πράγματα;
1421 4592 1629 4647 Οὑκουν
1681 4592 1924 4665 εὔδηλον,

416 4831 528 4903 (86)
555 4831 831 4903 Perpetuis
845 4831 1095 4905 laudibus
1117 4832 1480 4905 celebrandas.
1508 4831 1689 4888 Codex
1709 4833 1928 4905 ἀείμνη-

342 4919 434 4976 τος
442 4945 460 4976 .7
476 4975 480 4976 ί
495 4905 798 4976 Legendum
837 4904 1083 4970 fortasse,
1099 4973 1116 4976 _
1131 4903 1217 4976 ἀεί
1225 4922 1329 4976 μνη
1337 4921 1478 4966 στος.

415 4975 525 5043 (87)
567 4973 843 5046 Ορεἰθηαιί
869 4991 1071 5029 sumus.
1099 4973 1155 5028 ln
1176 4973 1388 5046 Graeco,
1424 4975 1742 5046 ἐσήμαινον.
1786 4973 1929 5045 Lego

344 5044 764 5115 σημαινομένου,
794 5055 885 5098 aut
912 5043 1352 5116 σεσημασμένον.

413 5136 524 5207 (88)
569 5135 668 5189 Hic
693 5145 788 5190 est.
821 5134 1011 5190 Matth.
1048 5150 1183 5202 xv",
1217 5137 1268 5190 5.

414 5229 525 5299 (89)
587 5229 1003 5283 Absurdissima.
1074 5228 1132 5282 In
1195 5227 1425 5299 Graeco,
1482 5227 1924 5298 ἀποτομώτατον.

344 5297 552 5369 ῡεῳιε
583 5315 712 5353 voce
740 5299 875 5369 lege,
910 5302 952 5353 si
990 5299 1184 5368 placet,
1233 5299 1290 5355 S.
1339 5297 1556 5369 Maximi
1601 5299 1809 5369 scholia
1861 5299 1927 5352 ad

344 5367 548 5439 eap.'2,
583 5367 910 5440 paragraph.
940 5367 1132 5424 2’libri
1167 5369 1243 5423 De
1272 5372 1468 5424 cwlesti
1507 5367 1830 5422 hierarcht‘a.

414 5464 526 5535 (90)
578 5462 642 5517 In
685 5461 1010 5535 ProverbiaL
1033 5462 1150 5517 Non
1200 5461 1663 5535 dissitnilimodo,
1699 5476 1925 5535 numero

345 5531 552 5590 scilicet
600 5533 882 5603 singulari,
931 5551 950 5585 ι
984 5532 1376 5587 Proverbiunn
1428 5531 1718 5603 aliir‘etiam
1773 5532 1926 5603 dixe-

347 5616 470 5660 runt
509 5601 736 5672 Didymi)
783 5617 1065 5672 suppares,
1098 5613 1156 5656 ut
1204 5603 1472 5656 Palladius
1518 5601 1919 5671 Helenopolim-

349 5693 449 5730 uus
495 5678 547 5728 in
602 5664 958 5739 Epistola'hd
995 5664 1252 5734 Lausum,
1284 5674 1395 5737 ubi,
1438 5671 1614 5727 allatis
1667 5664 1737 5726 εἰ
1783 5672 1920 5724 libro

346 5745 757 5799 Proverbiorum
785 5743 1101 5806 quibusdam
1143 5744 1340 5798 verbis.
1368 5743 1643 5812 subiungit
1675 5761 1686 5795 :
1721 5741 1918 5806 Καθὼς

347 5817 379 5880 ἡ
425 5814 700 5883 Παροιμίαι
752 5813 920 5881 λέγει,
955 5815 1005 5870 id
1062 5823 1178 5882 est,
1225 5833 1243 5866 t
1271 5824 1327 5868 ut
1364 5811 1714 5870 Prorerbiutn
1769 5815 1863 5868 ait.
1894 5832 1914 5865 ρ

2036 4595 2179 4668 λόγῳ
2212 4597 2325 4667 (94)
2359 4599 2530 4666 posita
2603 4611 2669 4650 ac
2701 4605 3016 4650 enumerata
3059 4601 3218 4649 sunt:
3255 4592 3418 4665 334
3443 4596 3618 4648 mani-

2036 4833 2349 4959 andequtte
2400 4836 2557 4891 modo
2587 4835 2828 4905 loquitur
2862 4835 3190 4906 Epiphanius
3215 4835 3267 4890 in
3292 4837 3612 4903 Anc/rorata,

2035 4922 2155 4960 can.
2191 4922 2278 4959 42.

2106 4924 2537 5045 (ιθίῗὸοηιὶηιιε.
2585 4975 2745 5030 Prov.
2792 4992 2908 5040 vm,
2943 4975 3126 5030 22-25.
3171 4976 3363 5031 Merito
3402 4975 3469 5029 ab
3514 4977 3617 5030 huc

2036 5044 2209 5099 textu
2238 5044 2495 5114 Didymus
2529 5063 2541 5098 :
2573 5062 2638 5100 ex
2685 5063 2751 5101 eo
2805 5051 2948 5101 enim
3000 5049 3160 5102 Arius
3227 5067 3245 5099 ι
3276 5047 3479 5102 erroris
3532 5049 3612 5100 sui

2035 5114 2409 5169 introducendi
2445 5119 2783 5171 occasionem
2828 5128 3017 5172 nactus
3045 5127 3149 5184 εει,
3182 5137 3201 5170 ι
3261 5128 3318 5172 ut
3368 5117 3445 5171 ait
3487 5117 3613 5186 Ept-

2034 5186 2262 5255 pltanius
2304 5186 2493 5239 lta‘resi
2523 5203 2670 5250 ωιικ,
2711 5204 2858 5240 num.
2900 5187 2988 5241 12.

2107 5254 2227 5328 (92.)
2268 5256 2557 5328 Antequam
2599 5258 2850 5310 venirent.
2897 5257 3085 5314 Graeca
3125 5257 3313 5325 editio,
3357 5253 3466 5328 πρὸ
3515 5255 3610 5309 τοῦ

2038 5324 2341 5396 προελθεῖν,
2373 5326 2422 5379 id
2453 5337 2535 5380 εει
2585 5346 2602 5377 ι
2635 5336 2924 5395 antequam
2961 5324 3338 5394 procederent.
3368 5346 3386 5378 ι

2110 5396 2220 5468 (95)
2267 5395 2660 5468 ﬁrmarentur.
2709 5397 2761 5451 lu
2799 5399 3166 5468 Contplutensi
3202 5399 3436 5452 editione
3483 5395 3614 5468 legie

2037 5465 2141 5529 tur,
2175 5465 2520 5536 ἑδρασθῆναι,
2552 5483 2614 5520 ac
2647 5469 2874 5522 vertitur
2907 5465 2979 5522 εἰ
3001 5467 3126 5522 facti
3161 5477 3344 5522 essent
3375 5485 3434 5519 »σε
3461 5465 3610 5533 «μιξμί

2034 5537 2262 5590 ducatur
2295 5551 2360 5608 ex
2399 5541 2562 5608 verbo
2597 5536 2749 5608 δρᾷν.
2780 5539 2850 5592 At
2883 5538 3357 5593 Francofurteusis
3391 5537 3608 5598 rectius,

2033 5617 2090 5728 Bt
2117 5615 2272 5727 lputo,
2313 5607 2475 5663 habet
2516 5607 2844 5679 ἑδρασθῆναι
2887 5623 3010 5662 cum
3050 5608 3240 5674 spiritu
3284 5621 3510 5675 aspero,
3551 5617 3609 5658 ut

2080 5695 2108 5728 ιι
2135 5692 2306 5728 Vinus.

2080 5679 2306 5732 invntus.

2336 5749 2507 5817 primo
2560 5749 2722 5818 λόγῳ.
2781 5748 2861 5800 Au
2911 5748 3167 5818 pritunm_
3194 5744 3396 5802 indicat
3447 5743 3610 5817 hujus

2027 5815 2205 5887 operis
2233 5815 2459 5875 librum?
2497 5815 2642 5877 Vide‘
2663 5815 2776 5875 not.
2810 5818 2870 5883 ‘2,
2903 5815 3022 5888 pag.
3073 5815 3190 5872 157.
