2028 3199
184 196 237 224 809

715 197 757 224 DE
778 198 962 226 TRINITATE
982 200 1083 227 LIBER
1102 200 1264 229 TERTIUS.

1759 207 1810 235 810

185 254 267 285 hunc,
285 262 295 279 ‹
309 252 440 281 Dominus
455 252 557 280 creavit
575 261 627 284 me,
646 262 655 278 i
672 255 844 287 antecedunt,
857 262 888 282 ac
909 257 1119 291 subsequuntur,
1133 259 1280 291 prudenter
1310 259 1370 292 quis
1400 267 1431 285 ac
1464 260 1506 293 pie
1536 262 1709 288 considerare
1720 263 1812 290 volne-

185 300 229 332 rit,
246 301 309 333 cito,
330 301 384 327 imo
400 301 490 328 statim
504 301 597 327 eodem
619 302 643 327 in
662 301 722 328 loco
736 302 817 328 multa
836 303 963 335 inveniet,
986 305 1083 339 quibus
1097 305 1217 332 haeretici
1251 306 1334 332 refelli
1366 312 1476 340 queant.
1495 307 1561 334 Nam
1585 313 1664 335 antea
1692 309 1748 336 haec
1764 317 1813 343 pn-

183 353 274 373 snerat
300 347 427 373 Salomon

452 356 459 373 :
482 356 491 372 i
508 346 614 373 Initium
637 348 723 383 (2-41)
736 349 873 382 sapiciitite
889 350 970 377 timor
989 350 1111 384 Domini,
1128 352 1303 387 intelligentia
1321 353 1377 388 (42)
1399 359 1488 380 autent
1510 355 1577 379 bona
1611 355 1737 381 omnibus
1766 354 1813 389 qui

183 391 287 417 faciunt
312 399 391 424 eam;
408 401 416 416 ι
433 396 461 418 et
477 400 592 419 rursus:
611 402 620 417 i
638 392 689 418 Per
710 401 751 419 me
773 394 829 428 (45)
855 402 930 428 reges
952 401 1076 430 regnant,
1109 402 1136 424 et
1165 400 1286 432 dynastas
1306 399 1428 425 scribunt
1447 398 1578 432 justitiam
1592 408 1599 429 ;
1613 407 1660 433 per
1683 407 1725 426 ine
1758 408 1815 427 me-

181 438 304 471 gistanes
320 438 375 473 (Μ)
390 438 607 472 inagniﬁcantur,
621 444 648 466 ct
664 441 849 467 dominatores
866 450 913 475 per
928 450 970 468 ine
990 443 1125 477 imperant
1139 449 1227 471 terrar.
1243 454 1252 469 ι

222 485 302 510 Ἀνευ
315 484 343 510 δὲ
355 485 460 518 σοφίας,
483 486 577 520 φησὶν,
595 486 658 520 ἥτις
674 488 747 531 ἐστὶν
761 489 778 523 ἡ
800 490 974 524 μεταδοθεῖσα

1065 490 1130 517 Sine
1156 492 1288 524 sapientia
1310 499 1383 523 vero,
1411 491 1508 525 inquit,
1532 492 1583 519 hoc
1605 497 1655 525 est,
1682 493 1740 520 sine
1756 493 1813 524 illa,

182 532 248 566 ἡμῖν
270 530 373 557 ἄνωθεν
399 531 544 566 φρόνησις,
573 533 620 558 καὶ
645 534 787 569 νουνεχία,
816 536 864 561 καὶ
890 535 976 570 λόγων

182 577 277 612 ἁρετὴ,
299 576 374 603 οὐδὲν
397 576 451 602 τῶν
475 576 588 604 δεόντων
614 578 813 613 κατορθοῦται·
836 581 977 615 διαφεύγει

182 623 237 658 γὰρ
251 623 283 649 τὰ
302 622 386 649 πολλὰ
411 622 458 649 καὶ
478 623 548 649 καλὰ
571 623 625 649 τῶν
643 625 787 659 νοημάτων
810 627 855 652 τὸν
874 627 977 662 ταύτης

182 668 372 703 ἐστερημένον.
398 668 427 694 Ὀ
454 669 482 694 δὲ
510 669 613 703 ταύτης
629 692 634 696 .
650 671 807 706 μεταλαχὼν
833 672 976 707 ἄνθρωπος

182 713 227 740 τόν
240 722 269 739 τε
284 713 361 744 Θεὸν,
377 714 414 745 ὡς
427 714 489 749 χρὴ,
507 715 641 748 φοϐεῖται,
656 717 702 742 καὶ
721 718 784 750 φίλα
802 718 876 753 αὐτῴ
893 720 976 754 πράτ-

181 768 232 792 τει,
248 760 292 786 καὶ
312 759 448 795 ἀνθρώπῳ
463 761 613 795 νομοθετεῖ,
633 763 680 789 καὶ
699 760 776 795 οὗτος
791 766 887 799 κρατεῖ
902 766 976 791 ὲκεί-

183 814 240 836 νου,
256 806 302 831 καὶ
319 806 506 832 πολλαπλάσια
521 808 665 842 ἐκτήσατο,
685 810 730 835 καὶ
745 810 775 836 οὺ
794 811 873 845 μόνον
889 811 975 846 λέγων

185 852 266 882 αὐτὸς
277 852 324 878 ναὶ
339 853 422 878 ποιῶν
435 853 539 887 ἥδεται,
553 854 621 880 ἀλλὰ
641 855 688 880 καὶ
705 856 768 887 τοὺς
783 857 975 891 ἀκροωμένους

185 898 278 930 αὐτοῦ,
296 899 312 933 ἢ
334 898 413 934 ἔργον
437 900 622 934 μανθάνοντας
632 901 666 927 τὰ
692 902 784 934 αὑτοῦ,
803 903 973 938 σωφρονίζει.

188 944 232 970 Ἐν
248 944 276 970 δὲ
296 946 351 975 τοῖς
369 944 468 979 ἐφεξῆς
492 946 601 977 ἐξέθετο
619 947 757 983 σποράδην
772 941 877 975 ταῦταί
893 960 901 973 i
917 949 975 975 Κύ-

184 997 239 1023 ριος
253 989 379 1024 ἐποίησεν
394 990 484 1025 χώρας
503 991 656 1025 ἀοικήτους,
678 993 724 1018 καὶ
743 994 815 1029 ἄκρα
829 995 975 1029 οἰκούμενα

180 1035 230 1069 τῆς
260 1035 304 1061 ὑπ’
330 1036 455 1070 οὐρανόν.
486 1037 580 1063 Ἡνίκα
608 1038 740 1072 ἡτοίμαζε
776 1039 822 1065 τὸν
842 1040 972 1074 οὐρανὸν,

181 1082 367 1116 συμπαρήμην
381 1081 455 1116 αὐτῷ
465 1091 471 1096 -
493 1082 573 1117 ἡνίκα
588 1083 709 1118 ἀφώριξε
739 1084 784 1110 τὸν
799 1086 894 1112 ἑαυτοῦ
912 1086 974 1122 Θρό-

180 1133 224 1151 νον
239 1126 281 1152 ἐπ’
297 1126 416 1161 ἀνέμων,
439 1128 520 1161 ἡνίκα
541 1129 639 1163 ἰσχυρὰ
662 1130 748 1156 ἐποίει
769 1131 804 1157 τὰ
822 1131 878 1157 ἅνω
894 1132 972 1167 νέφη,

180 1171 226 1197 καὶ
241 1171 278 1203 ὡς
294 1172 424 1206 ἀσφαλεῖς
442 1172 523 1199 ἐτίθει
547 1174 638 1209 πηγὰς
660 1176 709 1209 τῆς
730 1176 776 1201 ὑπ’
799 1176 923 1211 οὐρανὸν,
945 1178 974 1203 ἐν
990 1187 1011 1214 Β

180 1216 218 1251 τῷ
231 1216 333 1243 τιθέναι
355 1218 436 1244 αὑτὸν
455 1220 486 1253 τῇ
511 1218 632 1254 θαλάσσῃ
656 1220 829 1255 ἀκριϐασμον
849 1222 942 1248 αὑτοῦ.
963 1232 972 1247 ι

185 1261 215 1288 ‘0
231 1262 259 1288 δὲ
273 1264 386 1297 ποιήσας
408 1264 456 1298 τὴν
469 1264 521 1298 γῆν
535 1265 567 1290 εκ
586 1264 623 1300 μὴ
640 1266 702 1300 γῆς,
718 1266 765 1292 καὶ
783 1266 873 1298 καλῶς
887 1276 976 1303 τεχνι-

180 1308 279 1339 τεύσας
293 1309 414 1344 οὐρανῶν
436 1313 595 1346 περιφερεῖς
612 1311 730 1343 κύκλους
745 1313 776 1338 ἐκ
791 1312 828 1348 μὴ
842 1314 973 1349 οὐρανῶν,

180 1354 227 1379 καὶ
242 1356 305 1386 τοὺς
324 1355 440 1390 δρόμους
462 1358 555 1391 ταχεῖς
579 1356 708 1383 τελοῦντα
733 1358 816 1392 ἥλιον,
835 1360 974 1395 πανταχοῦ

180 1400 293 1435 οὐρανοῦ
302 1402 347 1427 καὶ
360 1403 409 1437 τῆς
416 1403 467 1437 γῆς
478 1403 617 1437 φαίνοντα,
628 1404 675 1430 καὶ
684 1404 776 1436 ἁπλῶς
785 1405 857 1440 λόγῳ
868 1405 975 1432 ἅπαντα

181 1447 276 1482 φήνας,
293 1450 439 1483 μονογενής
453 1450 526 1475 ἐστιν
535 1450 599 1481 Υἱὸς
607 1450 690 1484 Λόγος
706 1451 753 1477 τοῦ
771 1451 848 1482 Θεοῦ,
861 1454 875 1478 ὁ
896 1453 974 1479 ἀνευ-

181 1492 316 1527 φημηθεὶς
345 1493 412 1519 Θεοῦ
442 1493 567 1530 δύναμις,
594 1495 641 1521 καὶ
663 1495 730 1521 Θεοῦ
747 1497 837 1530 σοφία,
863 1498 910 1523 καὶ
936 1498 974 1529 ὡς

181 1536 242 1571 [157
258 1538 282 1574 b]
298 1538 385 1565 ταῦτα
393 1540 521 1575 ὑπάρχων
527 1540 573 1566 τοῦ
582 1541 700 1576 ἁνάρχου
714 1542 759 1567 καὶ
770 1542 877 1577 ἀληθῶς
892 1543 973 1570 αὑτοῦ

181 1584 297 1618 Πατρος,
315 1584 351 1619 μὴ
375 1585 443 1619 ἔχων
470 1586 568 1621 ἀρχὴν.
587 1586 658 1613 καθὰ
676 1587 859 1617 διδάσκουσιν.
885 1589 974 1615 Ἰωάν-

180 1635 230 1662 νης
245 1628 292 1663 μὲν
308 1628 407 1663 λέγων*
429 1640 437 1655 t
453 1630 544 1656 Πάντα
558 1631 590 1657 δι’
603 1631 685 1657 αὐτοῦ
700 1632 825 1665 ἐγένετο·
841 1643 850 1657 ι
869 1632 974 1665 Παῦλος

180 1673 209 1699 δὲ
229 1673 363 1710 Ἑϐραίοις
376 1676 503 1711 γράφων·
525 1686 532 1701 i
547 1678 619 1712 Πρὸς
635 1677 662 1704 δὲ
673 1678 718 1704 τὸν
734 1678 797 1704 Υἰόν
820 1687 901 1713 φησιν
915 1687 922 1693 ·
946 1679 974 1705 Ὀ

181 1719 274 1754 θρόνος
289 1730 347 1753 σου,
359 1723 373 1747 ὁ
388 1722 462 1753 Θεὸς.
480 1723 519 1754 εἰς
534 1723 579 1749 τὸν
601 1724 687 1750 αἰῶνα
705 1724 751 1750 τοῦ
770 1725 876 1756 αἰῶνος.
897 1735 905 1750 ι
920 1725 974 1750 Καὶ

182 1766 282 1800 μεταξὺ
310 1776 408 1802 φησιν·
434 1778 443 1793 ‹
459 1769 513 1794 Καὶ
541 1770 573 1795 σὺ
597 1769 657 1795 κατ’
675 1769 779 1805 ἀρχὰς,
803 1770 906 1802 Κύριε,
927 1770 974 1805 τὴν

180 1812 232 1846 γῆν
245 1813 436 1848 ἐθεμελίωσας,
456 1816 501 1840 καὶ
522 1813 589 1849 ἔργα
612 1814 665 1841 τῶν
687 1815 787 1850 χειρῶν
805 1815 850 1841 σού
867 1816 936 1841 εἰσιν
950 1815 974 1841 οἱ

179 1858 296 1892 οὐρανοί.
317 1869 325 1883 »
344 1860 426 1885 Ὥστε
453 1860 489 1894 μὴ
513 1860 604 1891 αὐτὸν,
631 1860 699 1886 ἀλλὰ.
718 1861 772 1896 γὰρ
793 1861 885 1896 ἕτερον
904 1859 973 1887 εἶναι

180 1904 324 1938 πρόσωπον
339 1906 368 1931 τὸ
385 1907 472 1932 πάντα
487 1905 583 1938 ταῦτα,
601 1906 648 1932 καὶ
666 1906 706 1938 τὸ,
728 1916 737 1930 ‹
758 1907 860 1942 Κύριος
882 1906 973 1933 ἕκτισέ

181 1958 226 1984 με,
243 1959 251 1975 ι
269 1951 388 1986 εἰρηκός.
401 1950 457 1978 Εἶτ’
474 1952 629 1986 ἐπήγαγεν·
647 1961 655 1977 i
676 1952 731 1978 Καὶ
744 1952 828 1978 ὕδατα
842 1952 872 1978 οὐ
902 1961 974 1987 παρ-

179 1995 319 2022 ελεύσεται
338 1997 424 2032 στόμα
436 1998 544 2025 αὐτοῦ.»
564 1999 634 2033 Ἄρα
645 1995 692 2024 οὖν
704 1998 742 2029 ὡς
757 1998 867 2033 ἐκτίσθη
882 1998 972 2032 σοφία,

180 2042 244 2077 περὶ
260 2043 306 2068 τοῦ
320 2044 415 2078 νοητοῦ
434 2044 567 2079 στόματος
583 2043 630 2071 τοῦ
654 2044 821 2080 δημιουργοῦ
839 2044 906 2070 Θεοῦ
922 2044 974 2071 Λό-

180 2094 229 2121 γου
258 2087 403 2123 ἐξηγεῖται.
424 2088 507 2121 Αὖθίς
530 2099 559 2117 τε
573 2099 579 2105 ·
601 2100 610 2115 ι
636 2091 732 2117 Ἡνίκα
764 2091 863 2126 ἰσχυρὰ
885 2091 971 2117 ἐποίει.

180 2134 215 2160 τὰ
229 2134 339 2168 Θεμέλια
361 2136 409 2171 τῆς
427 2136 495 2170 γῆς,
516 2137 590 2172 ἥμην
610 2138 675 2172 παρ’
697 2136 770 2171 αὑτῷ
793 2136 970 2172 ἁρμόζουσαο

183 2176 237 2210 ἐγὼ
250 2180 323 2216 ἤμην
373 2182 553 2218 προσέχαιρεν
569 2182 628 2208 καθ’
643 2182 765 2218 ἡμέραν·
787 2183 971 2218 εὐφραινόμην

182 2221 211 2247 δὲ
222 2223 250 2249 ὲν
267 2226 404 2262 προσώπῳ
420 2227 501 2253 αὐτοῦ
521 2228 550 2253 ἐν
567 2228 648 2254 παντὶ
670 2227 773 2263 καιρῷ⁴
792 2228 837 2254 ὅτε
861 2229 973 2263 εὐφραί-

183 2276 243 2294 νετο
262 2271 310 2305 τὴν
337 2273 499 2308 οἰκουμένην
523 2274 693 2306 συντελέσας,
720 2275 766 2299 καὶ
783 2274 973 2308 ὲνευφραίνετο

184 2314 213 2339 ὲν
229 2314 296 2346 υἱοῖς
309 2318 467 2351 ἀνθρώπων.
485 2329 493 2344 ι
513 2320 541 2345 ’0
552 2319 607 2355 γὰρ
623 2320 788 2354 δημιουργὸς
800 2320 863 2351 Υἱὸς
876 2320 971 2354 Λόγος,

183 2360 197 2385 ὁ
215 2360 303 2387 πάντα
322 2363 369 2397 μὲν
390 2365 521 2399 προειδὼς
544 2366 590 2392 καὶ
608 2365 821 2400 προδυνάμενος,
838 2365 973 2400 μακροθυ-

217 2448 304 2484 (2-41)
322 2450 441 2478 Initium.
464 2453 541 2480 Prov.
561 2463 580 2484 i,
595 2455 620 2481 7.

216 2484 272 2522 (τιν)
300 2485 490 2522 intelligentia.
514 2488 638 2515 Secunda
671 2490 727 2516 Iuct-
753 2488 879 2515 versiculi
902 2496 966 2522 pars

181 2519 279 2553 legitur
299 2520 324 2546 in
348 2521 440 2548 Graeca
461 2522 519 2548 libri
539 2524 746 2550 Proverbiorum
767 2519 966 2555 editicium-sed

180 2556 257 2592 deest
290 2555 315 2581 in
336 2555 468 2583 Hebraico
487 2557 559 2584 fonte
581 2563 661 2592 atque
685 2560 711 2585 in
736 2559 837 2585 Latinis
862 2558 965 2585 Bibliis.

180 2589 238 2627 lltic
245 2596 313 2627 vero
329 2592 457 2627 translata
471 2597 512 2618 est
529 2600 559 2618 ex
582 2589 684 2627 psalmo
699 2602 743 2621 cx.

216 2624 271 2657 (45)
291 2624 342 2651 Per
359 2634 408 2652 me.
424 2626 504 2653 Prov.
517 2624 629 2659 νιιι,”15
642 2633 669 2654 et
684 2628 727 2654 16.

216 2658 270 2693 (44)
292 2659 459 2695 Megistanar.
475 2658 576 2694 Codex,
595 2664 766 2697 μεγιστᾶνες,
779 2671 839 2690 cuni
856 2668 967 2690 accentu

178 2699 270 2720 acuto.

178 2728 408 2790 engflﬂomini.
421 2732 522 2764 Codex,
536 2731 601 2761 ἄνω.
623 2732 694 2768 Legit
713 2733 781 2768 ἀνῴ,
804 2733 829 2760 id
850 2737 900 2764 est,
923 2733 967 2759 ἁν-

214 2772 290 2799 ωπῳ.

196 2773 290 2800 ρωπῳ.

216 2799 272 2836 (49)
292 2806 346 2836 ita.
361 2800 461 2832 Codex,
477 2798 563 2833 οὗτος.
579 2802 682 2835 Malim,
696 2803 794 2836 οὕτως.

218 2834 357 2877 ("ip'lfjus
371 2837 497 2877 aftiones.
515 2837 618 2877 Godeit,
635 2834 736 2877 ἔργον,
801 2859 808 2865 .
823 2839 857 2866 τὰ
872 2837 965 2877 αὑτοῦ..

182 2864 332 2906 [tegendum
343 2890 351 2902 ,
377 2870 445 2905 ἔργα
455 2891 461 2897 .
477 2891 483 2897 .
496 2890 503 2897 .

206 2871 332 2909 Pagnium
343 2890 351 2902 ,
377 2871 461 2905 ἔργα.
477 2891 483 2897 .
496 2890 503 2897 .
525 2871 559 2898 τὰ
579 2871 672 2905 αὐτοῦ,
693 2874 746 2906 Vel,
768 2874 849 2909 ἔργον
863 2895 869 2902 .
886 2894 893 2901 .
908 2894 915 2901 .
937 2873 969 2900 τὺ

183 2908 265 2927 αυτου

343 2947 477 2978 Ρλτιιω..
493 2952 551 2982 Gtt.
571 2952 721 2984 XXXIX.

1029 542 1090 569 qua:
1113 535 1228 570 desuper
1252 535 1329 562 nobis
1359 537 1586 567 communicatur,
1607 539 1759 571 prudentia.
1786 544 1814 566 et

1028 580 1167 612 consilio,
1190 587 1217 608 et
1239 583 1359 608 scientiae
1386 582 1569 617 doctrinaque
1596 584 1670 617 copia
1698 584 1769 611 nnllo
1787 585 1814 612 in

1028 624 1082 650 vita
1106 623 1192 651 ollicio
1212 630 1284 652 recte
1305 626 1365 659 quis
1380 625 1510 661 fungitur.
1530 627 1580 660 Qui
1603 629 1675 655 enini
1697 629 1746 655 ista
1770 638 1815 657 sa-

1027 669 1127 703 pientia
1141 675 1241 701 careat,
1260 678 1320 696 enni
1336 670 1440 706 fugiunt
1460 671 1555 703 inulta,
1581 678 1605 699 el
1621 673 1747 706 pricclara
1767 682 1816 701 co-

1026 719 1124 750 gitata;
1149 715 1194 749 qui
1210 723 1274 742 vero
1290 716 1361 744 hanc
1380 718 1461 744 homo
1476 719 1587 745 sortitus
1599 724 1652 750 est,
1671 724 1698 746 et
1718 719 1813 752 Deum,

1027 767 1056 788 nt
1075 766 1192 795 oportet,
1214 763 1302 794 timet,
1321 768 1348 789 et
1364 767 1438 796 grata
1456 763 1480 790 ei
1498 763 1571 795 facit,
1597 770 1623 790 et
1641 765 1742 791 honiini
1756 765 1813 801 (45)

1026 807 1099 842 leges
1114 807 1238 842 imponit.
1252 812 1278 834 et
1299 808 1334 834 ita
1351 807 1406 842 (46)
1423 808 1494 834 illuni
1512 809 1562 835 sibi
1578 809 1698 842 stibjicit,
1715 816 1740 837 et
1755 810 1814 844 plu-

1028 853 1094 878 rinia
1110 853 1160 879 sibi
1183 858 1333 886 comparat,
1356 858 1382 880 et
1403 861 1454 880 non
1471 853 1556 880 solum
1576 854 1725 880 oblectatur
1745 856 1813 889 ipse,

1027 899 1089 924 ilum
1117 898 1246 932 loquitur,
1277 899 1395 933 dumque
1421 900 1485 933 agit,
1509 900 1554 926 sed
1577 901 1658 926 etiam
1683 908 1739 933 eos,
1767 901 1813 933 qui

1029 944 1117 978 ipsum
1135 945 1255 976 audiunt,
1275 949 1322 970 aut
1340 945 1398 979 ejus
1419 945 1539 972 actiones
1552 945 1606 980 (47)
1623 950 1730 977 norunt,
1747 953 1811 980 pru-

1026 991 1121 1017 dentes
1146 990 1243 1017 reddit.
1258 990 1287 1017 lti
1303 992 1530 1025 subsequentibus
1544 1000 1607 1018 vero
1623 992 1680 1019 h:ec
1697 993 1811 1027 sparsim

1026 1035 1150 1069 exposuit
1165 1036 1220 1069 ipse
1236 1036 1364 1063 Salomon
1380 1036 1435 1071 (48)
1448 1045 1457 1062 ν;
1476 1046 1484 1060 i
1502 1036 1632 1064 Dominus
1648 1038 1710 1064 fecit
1725 1038 1813 1073 regio-

1027 1088 1074 1107 nes
1099 1081 1289 1107 inhabitabiles
1311 1082 1379 1116 (49),
1409 1087 1436 1108 et
1464 1084 1651 1109 extremitates
1676 1083 1813 1110 habitatas

1026 1126 1095 1160 ejus,
1115 1134 1174 1161 quae
1197 1129 1246 1154 sub
1263 1128 1330 1154 coelo
1348 1134 1399 1154 est.
1428 1128 1540 1161 Quando
1564 1130 1732 1162 praeparabat
1754 1137 1812 1156 cm—

1027 1172 1092 1204 lntn,
1110 1173 1190 1199 simul
1214 1181 1273 1199 cuni
1294 1180 1327 1200 eo
1341 1173 1468 1206 aderam;
1493 1175 1600 1207 quando
1615 1173 1669 1208 (50)
1685 1181 1813 1209 segrega-

1028 1219 1074 1245 bat
1089 1219 1215 1246 thronum
1231 1227 1308 1246 suum
1326 1228 1406 1254 super
1422 1226 1533 1252 ventos;
1550 1221 1656 1253 quando
1673 1221 1756 1247 fortes
1770 1220 1813 1247 fa-

1026 1265 1116 1292 ciebat
1143 1266 1266 1292 excelsas
1294 1266 1395 1298 nubes;
1421 1270 1449 1292 et
1472 1274 1533 1292 cutii
1558 1273 1669 1292 securos
1696 1265 1813 1299 ponebat

1027 1311 1116 1338 fontes
1142 1311 1217 1346 ejus,
1254 1319 1313 1345 quae
1342 1313 1391 1338 sub
1424 1311 1493 1338 ccelo
1523 1316 1584 1343 est;
1610 1311 1672 1337 dum
1702 1315 1815 1345 poneret

1026 1356 1084 1390 ipse
1096 1357 1151 1391 (51)
1171 1358 1237 1383 mari
1258 1356 1342 1391 legem
1368 1361 1494 1383 accurate
1517 1356 1550 1383 ab
1568 1364 1599 1383 eo
1619 1357 1787 1383 servandam.
1801 1366 1810 1383 i

1025 1402 1126 1434 Atille,
1144 1403 1189 1436 qui
1208 1408 1306 1429 terrain
1327 1402 1391 1429 fecit
1408 1409 1440 1429 ex
1459 1411 1512 1428 non
1527 1407 1608 1434 terra,
1625 1403 1670 1437 qni
1685 1403 1814 1439 rotundos

1025 1449 1155 1475 ccelornm
1172 1450 1252 1476 orbes
1264 1457 1297 1476 ex
1318 1456 1369 1475 non
1385 1449 1461 1475 caelis
1479 1449 1588 1483 pulchre
1601 1448 1754 1481 fabricavit,
1766 1450 1813 1483 qui

1025 1494 1109 1521 solem
1124 1494 1231 1521 veloces
1242 1502 1337 1521 cursus
1351 1495 1546 1528 perticienteni,
1562 1502 1594 1521 ac
1608 1495 1697 1521 omnia
1714 1494 1814 1528 ubique

1025 1541 1166 1571 cteloruin,
1184 1540 1266 1575 336
1281 1545 1308 1566 et
1332 1545 1467 1567 terrarum
1494 1539 1699 1571 illumiiiantein,
1725 1544 1761 1571 et,
1783 1546 1814 1567 ut

1025 1586 1143 1613 breviter
1154 1586 1252 1617 dicant,
1272 1585 1317 1618 qui
1332 1586 1455 1611 universa
1474 1585 1556 1611 verbo
1571 1585 1700 1616 condidit,
1719 1592 1750 1611 ac
1763 1592 1812 1620 ap-

1026 1639 1122 1665 parere
1137 1631 1210 1663 fecit,
1226 1631 1258 1661 is,
1276 1631 1396 1665 inquam,
1417 1635 1458 1657 est
1480 1630 1634 1665 unigenitiis
1648 1630 1733 1657 Filius
1746 1629 1812 1657 Ver-

1026 1678 1088 1704 biiin
1104 1677 1160 1708 Dei,
1176 1676 1221 1711 qui
1241 1676 1392 1703 celebratus
1408 1676 1457 1702 fuit
1476 1684 1507 1703 ac
1522 1681 1634 1702 vocatus
1652 1676 1698 1703 Dei
1715 1681 1811 1710 poten-

1027 1724 1072 1756 tia,
1094 1728 1121 1749 et
1135 1724 1179 1749 Dei
1201 1722 1342 1756 sapientia,
1362 1722 1460 1756 quique
1477 1727 1506 1748 ut
1530 1723 1623 1748 aeterni
1641 1723 1682 1749 sui
1709 1727 1736 1749 et
1756 1723 1812 1749 veri

1025 1768 1114 1795 Patris
1128 1769 1247 1802 potentia
1264 1772 1290 1794 et
1304 1768 1436 1801 sapientia
1453 1774 1503 1799 est,
1521 1768 1626 1794 initiuin
1646 1776 1698 1794 non
1719 1768 1812 1800 habet,

1026 1814 1096 1841 sit'ut
1111 1814 1207 1841 docent
1221 1814 1338 1840 Joannes
1349 1814 1457 1847 quidem
1475 1822 1535 1840 cuin
1549 1814 1613 1840 dicit
1624 1814 1679 1849 (52)
1695 1823 1702 1840 :
1721 1824 1730 1839 i
1746 1815 1811 1841 04n-

987 1856 1008 1884 C
1026 1860 1068 1887 nia
1081 1867 1129 1894 per
1148 1860 1234 1893 ipsum
1254 1858 1323 1886 facta
1345 1863 1425 1890 stitit;
1444 1869 1452 1883 ι
1470 1859 1567 1885 [‘aulns
1582 1867 1657 1890 vero,
1680 1867 1739 1885 cum
1765 1859 1813 1886 lle-

1024 1906 1102 1932 hraais
1118 1905 1241 1932 scribens
1259 1905 1296 1931 ait
1312 1914 1318 1931 :
1337 1914 1345 1929 i
1363 1905 1401 1930 Ail
1421 1904 1516 1930 Filium
1530 1904 1585 1937 (55)
1599 1910 1689 1931 autent
1704 1913 1709 1930 :
1727 1904 1812 1930 Thro-

1024 1959 1076 1978 iius
1095 1956 1167 1983 tuus,
1187 1952 1265 1982 L‘cus,
1283 1951 1308 1976 in
1323 1950 1451 1977 sa'cnlum
1474 1951 1576 1977 Sﬂlt'llll.
1595 1960 1604 1975 ι
1619 1951 1658 1976 Ac
1676 1950 1812 1978 nonnullis

1024 1997 1171 2031 interjeclis
1193 2006 1200 2023 :
1230 2006 1238 2021 i
1270 1996 1302 2022 Et
1326 2001 1353 2023 tu
1378 1995 1433 2030 (Eii)
1454 1996 1542 2028 initio,
1561 1995 1689 2026 Domine,
1712 2000 1812 2021 terrain

1023 2042 1152 2073 fundasti,
1182 2047 1210 2068 et
1234 2049 1315 2076 opera
1337 2049 1464 2068 maniiiiin
1489 2046 1595 2067 tuarum
1623 2046 1686 2067 sunt
1708 2040 1781 2067 coeli.
1798 2049 1809 2066 ι

1026 2088 1120 2122 Itaque
1133 2095 1261 2122 persona,
1276 2095 1335 2122 qum
1351 2088 1406 2114 hinc
1418 2087 1509 2113 omnia
1525 2087 1549 2113 iii
1566 2087 1718 2113 Proverbiis
1731 2086 1810 2117 dixit,

1026 2134 1079 2160 alia
1098 2139 1139 2160 est
1159 2134 1192 2160 ab
1206 2141 1236 2160 ea
1258 2133 1403 2167 sapientia,
1420 2140 1480 2167 quae
1495 2133 1542 2164 ait,
1562 2141 1571 2158 i
1588 2133 1715 2159 Dominus
1735 2138 1812 2159 crea-

1025 2180 1064 2205 vit
1087 2186 1140 2210 ine,
1157 2188 1166 2204 ι
1186 2187 1238 2205 non
1258 2187 1322 2205 vero
1337 2183 1377 2206 est
1404 2180 1508 2205 eadem.
1535 2177 1678 2212 Subjungit
1696 2182 1809 2211 postea:

1027 2234 1036 2250 ι
1052 2224 1085 2251 Ει
1102 2232 1178 2259 aqua:
1188 2224 1244 2260 (55)
1260 2233 1311 2251 non
1331 2224 1504 2257 praeteribunt
1519 2231 1549 2250 os
1560 2223 1625 2256 ejus.
1643 2233 1652 2248 ι
1673 2223 1812 2257 Sapientia

1025 2278 1098 2305 ergo,
1115 2277 1250 2306 quatenus
1267 2276 1357 2297 creata
1375 2274 1426 2301 est,
1447 2269 1517 2303 quod
1533 2270 1609 2301 dixit,
1629 2270 1667 2295 sic
1688 2269 1809 2302 exponit,

1014 2323 1055 2345 'tit
1071 2319 1104 2345 de
1119 2318 1282 2352 intelligibili
1299 2326 1346 2344 ore
1364 2317 1527 2347 Conditoris,
1547 2323 1643 2350 nempe
1656 2316 1703 2343 Dei
1717 2315 1809 2346 Verbi.

1025 2372 1054 2392 se
1069 2365 1141 2400 loqui
1165 2366 1301 2391 ostendat.
1324 2364 1356 2390 Et
1374 2370 1487 2390 rursus:
1505 2372 1514 2387 i
1531 2362 1642 2395 Quando
1659 2362 1738 2389 fortia
1754 2361 1809 2397 (56)

1057 2453 1112 2485 (48)
1136 2454 1271 2480 Dominus.
1296 2453 1375 2479 Prov.
1392 2460 1451 2484 \‘lll,
1469 2453 1566 2479 “2639.

1056 2488 1111 2523 (49)
1132 2488 1332 2515 Inhabitabiles.
1359 2488 1450 2515 Graeca
1467 2489 1510 2515 eil.
1530 2488 1619 2519 habet,
1646 2487 1693 2513 καὶ
1715 2487 1812 2523 ἀοική-

1021 2532 1095 2554 τους,
1115 2525 1139 2550 id
1156 2528 1197 2550 est
1219 2532 1228 2548 ι
1240 2524 1320 2550 etiam
1336 2523 1535 2549 inhabitabiles.
1550 2532 1559 2548 ›

1058 2558 1112 2590 (50)
1140 2559 1262 2593 Quando.
1293 2558 1428 2593 Didymus,
1453 2558 1543 2593 ἡνίκα.
1565 2557 1669 2592 Compl.
1685 2557 1739 2591 ed.,
1763 2557 1811 2583 καὶ

1021 2594 1076 2619 ὅτε.
1098 2592 1339 2622 Francofin-tensis,
1354 2593 1409 2619 ὅτε.

1057 2629 1114 2663 (51)
1133 2628 1203 2660 Ipse.
1221 2628 1289 2659 Vox,
1305 2628 1398 2660 αὐτόν,
1418 2628 1493 2655 deest
1509 2628 1534 2654 in
1551 2627 1652 2655 Bibliis.

1059 2663 1116 2698 (5‘).)
1136 2663 1214 2698 Cap:
1224 2671 1242 2694 ι,
1259 2671 1330 2698 vers.
1340 2664 1372 2698 r5.

1061 2699 1115 2734 (55)
1135 2699 1175 2734 Aid
1193 2697 1302 2734 Filium:
1322 2697 1403 2724 Hebr.
1425 2707 1443 2727 i.
1460 2698 1485 2725 8.

1071 2733 1116 2763 54)
1139 2733 1193 2759 Ιζι;
1210 2732 1248 2759 Tu
1281 2732 1361 2759 Hebr.
1378 2741 1396 2763 i,
1410 2733 1453 2760 l0.

1071 2740 1116 2763 :34)
1139 2740 1193 2759 ni:
1211 2740 1248 2759 in
1281 2740 1361 2759 ncnr.
1378 2741 1396 2763 i,
1410 2740 1453 2760 tu.

1060 2740 1116 2802 (55)
1137 2768 1171 2793 Et
1198 2776 1283 2802 aqum.
1314 2768 1391 2795 Prov.
1418 2777 1477 2801 viii,
1504 2767 1547 2795 29.
1581 2768 1666 2795 Biblia
1709 2764 1810 2793 habent

1025 2803 1158 2838 στόματος
1187 2811 1235 2837 pro
1256 2803 1352 2838 στόμα.

1058 2836 1113 2874 (56)
1142 2838 1254 2874 Quando
1274 2836 1375 2874 fortia.
1403 2838 1482 2866 Prov.
1511 2846 1568 2869 vui,
1596 2837 1692 2864 (ΞΩ-51.
1723 2836 1808 2863 Bibtia

1023 2873 1122 2902 habent
1134 2873 1179 2900 καί
1206 2881 1254 2907 pro
1267 2873 1355 2908 ἡνίκα.

1634 2949 1671 2979 26
