4056 6448
412 436 511 494 811
572 443 577 447 ’

1646 429 1881 487 DIDYMI
1919 429 2390 486 ALEXANDRINI

3568 437 3667 490 812

410 550 646 604 faciebat
672 547 1019 603 fundamenta
1054 555 1229 612 terra’,
1276 559 1423 600 eram
1475 546 1615 615 apud
1658 548 1835 615 ipsum
1890 546 1977 600 atl-

2098 544 2214 615 μῶν
2245 562 2305 599 τε
2334 546 2427 599 κα)¹
2450 546 2542 598 ἐπὶ
2574 546 2742 615 ἀδίκῳ
2787 548 2880 600 καὶ
2921 546 3197 619 κακοδόξῳ
3231 546 3426 619 πλήθει
3454 548 3546 602 καὶ
3576 565 3667 601 πε-

409 652 604 711 aptans
631 658 645 694 :
677 654 776 709 ego
807 653 982 704 eram,
1015 639 1067 693 in
1103 653 1208 708 qua
1227 637 1493 709 gaudebat
1514 650 1610 705 per
1633 637 1806 704 diem;
1837 637 1987 691 laeta-

409 731 511 785 bar
561 745 689 785 vero
717 729 831 800 (57)
862 729 917 784 in
956 743 1188 799 persona
1237 727 1354 797 ejus
1401 728 1458 782 in
1504 729 1656 783 omni
1706 734 1983 795 tempore;

407 821 624 891 quando
673 820 1042 876 oblectabatur
1079 819 1192 890 (58)
1237 828 1525 889 postquam
1586 817 1772 872 orbem
1829 827 1987 874 terrae

405 911 744 982 perfecisset,
767 922 820 967 et
842 911 1213 966 delectabatur
1234 910 1286 964 in
1314 910 1438 966 [iliis
1464 911 1763 965 hominum.
1794 927 1814 962 ο
1847 908 1984 964 Nam

408 1003 670 1058 Conditor
726 1005 943 1074 quidem
991 1002 1161 1057 Filius
1202 1000 1462 1069 Verbum,
1525 1002 1617 1071 qui
1663 1000 1843 1054 omnia
1885 1016 1982 1054 an-

407 1102 498 1147 tea
540 1106 596 1148 et
644 1094 1004 1164 przesciebat,
1067 1102 1122 1147 et
1160 1102 1408 1163 poterat,
1459 1095 1659 1163 quique
1704 1106 1830 1161 erga
1876 1091 1980 1146 ini-

406 1203 568 1257 quam
610 1188 795 1253 etiam,
824 1197 877 1242 et
907 1201 1071 1256 prave
1105 1186 1429 1242 sentientem
1473 1189 1869 1243 multitudinem
1903 1187 1983 1241 le-

406 1281 497 1334 nis
539 1288 644 1345 est,
692 1294 755 1334 ac
787 1280 940 1333 tarde
965 1277 1244 1342 irascitur,
1277 1284 1332 1332 et
1375 1279 1753 1347 paenitentiam
1793 1292 1984 1349 exspe-

2092 637 2327 710 ριμένων
2377 639 2695 711 μετάνοιαν,
2753 639 3074 705 συντελέσας
3123 641 3193 694 τὰ
3258 643 3457 706 πάντα,
3505 658 3669 711 προσ-

2088 731 2274 804 έχαιρε
2312 734 2378 804 τῇ
2439 731 2637 806 ὲνούσῃ
2686 734 2801 797 τοῖς
2849 733 3143 804 κτίσμασιν
3173 733 3337 787 αὑτοῦ
3370 734 3547 806 σοφίᾳ,
3582 736 3669 788 καὶ

2088 825 2472 895 ὲνευφραίνετο
2501 826 2559 879 ἑν
2592 826 2752 897 αὐτῇ,
2789 825 3219 897 ἑπιγαννύμενος
3247 825 3325 897 τῷ
3358 826 3469 897 ἰδίῳ
3493 826 3665 898 ἔργῳ·

2087 916 2406 988 εὐφραίνετο
2433 917 2488 971 δὲ
2513 918 2605 972 καὶ
2629 917 2764 989 αὑτὴ
2792 919 2850 969 ὲν
2875 916 3153 989 προσώπῳ
3178 918 3367 972 αὑτοῦ.
3399 915 3532 972 Εἶτα
3556 917 3667 988 μεθ’

2087 1006 2253 1078 ἕτερά
2278 1025 2470 1079 φησιν·
2506 1028 2526 1060 ι
2558 1009 2624 1061 Al
2655 1008 2711 1061 δὲ
2740 1007 2907 1075 ἔξοδοί
2945 1026 3048 1080 μου
3094 1010 3151 1061 ὲν
3204 1009 3346 1072 ὁδοῖς
3379 1007 3542 1078 ζωῆς,
3580 1006 3667 1059 καὶ

2091 1099 2436 1171 ὲτοιμάζεται
2457 1102 2673 1172 θέλησις
2690 1101 2842 1173 παρά
2860 1102 3087 1173 Κυρίου.
3104 1102 3165 1155 οι
3190 1101 3247 1155 δὲ
3273 1100 3668 1173 ἁμαρτάνοντες

2090 1191 2172 1254 εἰς
2205 1192 2305 1261 ἐμὲ
2362 1192 2721 1264 ἀσεὸἡσουσιν
2764 1194 2845 1257 είς
2876 1193 2975 1258 τὰς
3008 1195 3215 1247 ἑαυτῶν
3252 1191 3466 1263 ψυχάςο
3499 1191 3592 1245 καὶ
3617 1189 3669 1242 οἱ

2094 1282 2375 1352 μισοῦντές
2404 1300 2471 1355 με
2521 1284 2868 1356 ἀγαπήσουσι
2930 1283 3179 1340 Θάνατον.
3217 1302 3236 1337 ι

404 1380 551 1436 etat,
607 1383 893 1441 postquam
955 1370 1137 1424 omnia
1190 1370 1545 1439 perfecisset,
1597 1371 1866 1441 gaudebat
1917 1370 1984 1425 de
2023 1370 2384 1430 inexsistente
2450 1377 2721 1432 creaturis
2751 1376 2866 1432 suis
2930 1377 3217 1447 sapientia,
3250 1377 3394 1433 etin
3428 1390 3494 1432 ea
3526 1373 3667 1431 dele-

401 1466 671 1530 ctabatur,
699 1465 753 1518 in
784 1478 881 1519 suo
911 1462 1080 1533 ipsius
1104 1476 1268 1531 opere
1294 1476 1413 1517 sese
1435 1462 1710 1517 oblectans
1735 1462 1870 1531 (59).
1892 1462 1964 1516 At
2002 1462 2118 1533 ipsa
2156 1466 2321 1521 etiam
2365 1469 2632 1537 sapientia
2680 1480 2862 1527 creata
2930 1473 2984 1526 in
3048 1485 3281 1541 persona
3319 1469 3491 1540 ipsius
3519 1468 3667 1524 oble-

401 1558 671 1613 ctabatur.
718 1555 857 1610 Tum
902 1564 1021 1624 post
1055 1553 1158 1608 alia
1205 1551 1417 1623 inquit:
1457 1572 1475 1605 ι
1508 1553 1697 1607 Exitus
1721 1552 1830 1623 (60)
1894 1567 2023 1607 vero
2061 1556 2166 1609 mei
2213 1556 2266 1610 in
2312 1558 2413 1612 viis
2456 1560 2580 1615 vitae
2608 1578 2621 1614 :
2654 1570 2710 1615 et
2754 1570 2976 1629 paratur
3041 1562 3291 1617 voluntas
3347 1576 3378 1615 a
3416 1559 3662 1616 Domino.

400 1658 504 1725 Qui
546 1669 723 1714 autem
760 1663 988 1727 peccant
1034 1655 1087 1708 in
1120 1670 1227 1721 me,
1260 1653 1406 1721 impii
1439 1660 1600 1708 erunt
1632 1649 1744 1723 (6i)
1769 1650 1821 1705 in
1861 1665 1986 1706 suas
2026 1650 2263 1723 ipsorum
2332 1656 2559 1720 animas,
2631 1666 2686 1711 et
2724 1657 2815 1727 qui
2860 1658 3094 1713 oderunt
3134 1672 3245 1722 me,
3276 1655 3497 1727 diligent
3526 1669 3664 1711 mor-

403 1761 533 1807 tein.
569 1776 587 1803 ο

472 1846 536 1900 Et
556 1844 748 1899 merito
762 1842 974 1911 quidem
997 1839 1077 1897 sic
1098 1836 1359 1908 loquitur.
1382 1835 1484 1904 Qui
1503 1835 1645 1890 enim
1660 1849 1812 1890 suam
1831 1834 1977 1903 ipsos

2150 1833 2260 1885 Kal.
2315 1831 2460 1903 μάλα
2508 1832 2754 1894 εἰκότως.
2802 1833 2865 1885 Ol
2913 1832 3023 1903 γάρ
3060 1831 3152 1887 τὸν
3187 1832 3400 1887 ἑαυτῶν
3438 1832 3554 1904 βίον
3594 1850 3666 1905 μη

398 1953 519 1992 rum
547 1938 712 1991 vitam
742 1933 1009 2005 sapientia
1035 1931 1173 1987 duce
1202 1945 1306 1983 non
1336 1931 1659 2000 gubernant,
1682 1927 1716 1982 ii
1743 1926 1983 1981 sibimet-

400 2027 532 2099 ipsis
548 2017 895 2091 insidiantur,
909 2034 964 2079 et
983 2039 1095 2080 sua:
1110 2023 1350 2092 ipsorum
1369 2020 1693 2089 insipientiae
1730 2030 1892 2088 atque
1910 2020 1984 2072 in-

404 2123 579 2179 scitiae
599 2130 985 2191 congruentem
1012 2115 1313 2171 mercedem
1339 2114 1619 2168 inveniunt
1636 2122 1888 2169 mortem.
1912 2111 1984 2168 Ut

401 2221 609 2267 rectam
646 2223 796 2272 vero,
847 2223 911 2263 ac
953 2222 1143 2262 sanam
1193 2204 1694 2273 interpretationem
1740 2213 1979 2260 nostram

397 2302 559 2374 337
596 2316 717 2355 esse
747 2299 857 2371 (62)
885 2298 1115 2367 quisque
1145 2296 1349 2359 videat,
1379 2310 1444 2349 ac
1475 2310 1543 2349 ne
1579 2295 1707 2349 cteci
1730 2293 1972 2364 quidem,

399 2405 460 2448 ut
490 2393 593 2448 dici
630 2390 790 2456 solet,
826 2390 893 2445 de
932 2389 1035 2444 hac
1067 2403 1128 2443 re
1165 2387 1443 2457 ambigere
1475 2394 1714 2454 queant;
1774 2386 1842 2441 de
1887 2386 1979 2441 illo

399 2487 538 2558 ipso,
567 2484 632 2540 de
663 2498 770 2554 quo
798 2480 937 2538 dixit
959 2480 1197 2536 Joannes
1236 2478 1377 2552 (63),
1410 2498 1430 2530 ι
1468 2478 1539 2534 Ει
1577 2476 1814 2533 Verbum
1845 2492 1980 2533 caro

396 2577 601 2632 factum
635 2582 741 2639 est,
770 2581 827 2627 et
858 2571 1121 2626 habitavit
1150 2571 1202 2624 in
1231 2569 1409 2635 nobis,
1445 2588 1464 2622 ι
1497 2568 1763 2638 sapientia
1792 2578 1979 2623 creata

396 2664 593 2735 inquit,
629 2682 648 2715 ι
684 2662 964 2733 Sapientia
1003 2661 1116 2733 (64)
1147 2661 1435 2716 aediﬁcavit
1485 2661 1588 2716 sibi
1626 2662 1871 2726 domum,
1924 2669 1980 2716 et

396 2755 630 2810 suifulsit
659 2752 937 2808 columnas
988 2762 1215 2822 septem.
1262 2771 1281 2803 ι
1349 2751 1425 2807 De
1478 2766 1584 2822 qua
1647 2752 1806 2807 domo
1865 2753 1981 2823 ipse

394 2848 656 2904 Dominus
688 2847 764 2901 ait
801 2862 816 2899 :
862 2863 882 2896 σ
916 2843 1123 2899 Solvite
1152 2843 1264 2917 (65)
1317 2844 1576 2914 templum
1621 2844 1742 2908 hoc,
1773 2851 1827 2898 et
1880 2859 1979 2914 ego

393 2941 449 2995 in
481 2940 653 2995 tribus
680 2938 869 2994 diebus
900 2936 1154 2993 excitabo
1188 2935 1339 2990 illud.
1384 2955 1404 2988 ι
1445 2936 1552 2990 Sed
1578 2943 1635 2989 ut
1669 2937 1842 3006 magis
1866 2952 1979 2989 ma-

394 3032 584 3102 gisque
632 3030 884 3086 ostendat
936 3028 1214 3094 Salomon,
1248 3028 1315 3084 de
1343 3028 1647 3083 eonditrice
1697 3026 1978 3098 Sapientia

398 3136 597 3186 sc'.non
650 3121 821 3190 loqui,
861 3120 915 3175 in
955 3119 1306 3188 sequentibus
1346 3118 1418 3174 ita
1444 3118 1716 3174 disserere
1749 3119 1924 3191 pergit
1958 3136 1974 3174 :

2087 1925 2249 1995 σοφία
2279 1924 2670 1996 κυϐερνῶντες,
2703 1926 2915 1989 ἑαυτοῖς
2950 1924 3391 1980 ἐπιϐουλεύουσιν
3428 1924 3557 1997 [158
3589 1924 3667 1996 a],

2084 2016 2308 2086 καὶτῆς
2351 2014 2560 2069 ἑαυτῶν
2605 2014 2918 2087 ἀφροσύνης
2975 2016 3071 2070 κα)⁵
3117 2016 3470 2081 ἀπαιδευσίας
3521 2015 3668 2083 ἄξιον

2082 2106 2395 2177 εὑρίσκουσι
2433 2106 2683 2160 θάνατον.
2715 2106 2879 2159 Ὥστε
2924 2105 2982 2160 δὲ
3007 2107 3102 2161 καὶ
3144 2106 3398 2177 τυφλοὺς,
3422 2106 3582 2161 τοῦτο
3602 2107 3665 2177 δὴ

2081 2196 2143 2249 τὸ
2168 2193 2264 2249 τοῦ
2301 2196 2483 2265 λόγου,
2533 2196 2606 2268 μὴ
2641 2196 3004 2266 ἀμφιϐάλλειν
3053 2195 3222 2265 ὑγιῶς
3254 2196 3353 2268 τὴν
3394 2198 3668 2269 ἡμετέραν

2081 2288 2400 2360 ἑρμηνείαν,
2434 2292 2468 2360 ἡ
2501 2289 2694 2362 κτιστὴ
2717 2288 2877 2359 σοφία
2899 2289 3097 2359 φάσκει
3120 2290 3252 2361 περὶ
3275 2290 3511 2355 ἑκείνου,
3543 2290 3667 2361 περὶ

2080 2375 2143 2435 οὗ
2168 2378 2321 2436 εἶπεν
2365 2382 2638 2452 Ἰωάννης,
2675 2401 2693 2433 ι
2727 2383 2837 2435 Καὶ
2869 2383 2898 2435 ὁ
2928 2382 3103 2451 Λόγος
3136 2382 3272 2454 σὰρξ
3308 2382 3544 2451 ἐγένετο,
3578 2383 3667 2437 καὶ

2080 2474 2392 2545 ἐσκήνωσεν
2439 2475 2496 2526 ὲν
2519 2475 2672 2545 ἡμῖν’
2707 2492 2725 2523 ι
2766 2493 2785 2525 ι
2824 2474 2889 2527 Ἦ
2928 2474 3087 2544 σοφία
3128 2474 3477 2547 ᾠκοδόμησεν
3501 2477 3666 2546 ἑαυτῇ

2081 2564 2249 2630 οἷκον,
2278 2567 2372 2619 καὶ
2429 2566 2696 2638 ύπήρεισε
2736 2566 2959 2631 στύλους
2994 2567 3186 2621 ἑπτά.»
3224 2568 3360 2639 Περὶ
3388 2560 3450 2621 οὗ
3471 2567 3667 2623 οἴκουό

2080 2656 2244 2719 αὐτὸς
2276 2656 2553 2727 Δεσπότης
2582 2655 2684 2729 ἔφη
2705 2671 2717 2687 ο
2750 2676 2769 2707 ι
2798 2657 3011 2710 Λύσατε
3040 2656 3133 2710 τὸν
3171 2658 3299 2712 ναὸν
3332 2658 3546 2723 τοῦτον,
3576 2659 3667 2714 καὶ

2080 2746 2193 2817 ἐγὼ
2215 2749 2273 2800 ὲν
2294 2746 2471 2819 τρισὶν
2506 2746 2746 2819 ἡμέραις
2774 2746 2953 2818 ἐγερῶ
2984 2746 3166 2802 αὐτόν.
3198 2767 3216 2799 ι
3252 2748 3468 2802 Μᾶλλον
3492 2749 3556 2802 δὲ
3576 2748 3669 2802 καὶ

2083 2838 2284 2909 μᾶλλον
2311 2838 2524 2902 δεικνὺς
2547 2838 2819 2911 Σολομὼν,
2852 2840 2929 2904 ὡς
2960 2840 3022 2892 ού
3049 2841 3177 2912 περὶ
3199 2841 3300 2913 τῆς
3331 2839 3669 2912 δημιουργοῦ

2078 2931 2387 3000 διαλέγεται
2435 2932 2648 3002 σοφίας,
2699 2934 2758 2984 ἑν
2816 2935 2930 2996 τοῖς
2980 2932 3269 3002 ἑπομένοις
3330 2932 3667 3005 διεξέρχεται

2078 3023 2281 3086 οὕτως·
2330 3042 2349 3074 ‹
2385 3022 2501 3086 Υίὲ,
2538 3024 2634 3077 ἐὰν
2677 3022 2842 3093 σοφὸς
2883 3025 3047 3097 γένῃ,
3094 3027 3309 3098 σεαυτῷ
3358 3029 3523 3098 σοφὸς
3570 3029 3666 3100 ἔσῃ

2079 3114 2307 3178 καὶτοῖς
2333 3112 2592 3185 πλησίον·
2622 3114 2719 3169 ἑὰν
2765 3115 2823 3169 δὲ
2875 3117 3045 3181 κακὸς
3096 3118 3329 3190 ἀποὸᾔς,
3371 3120 3533 3191 μόνος
3572 3122 3666 3174 ἀν-

397 3232 418 3265 ι
460 3212 561 3266 Fili
610 3188 746 3284 (66),
805 3211 849 3265 si
899 3210 1117 3281 sapiens
1164 3208 1351 3273 fueris,
1407 3208 1720 3279 tibimetipsi
1751 3188 1975 3280 sapiens

2078 3205 2294 3276 τλήσεις
2340 3206 2521 3260 κακά·
2560 3225 2579 3257 ι
2635 3207 2730 3261 καὶ
2782 3206 2974 3261 πάλιν·
3019 3228 3037 3261 ι
3075 3210 3204 3274 Υίὸς
3236 3188 3669 3282 πεπαιδευμένος

391 3303 525 3368 eris,
559 3312 616 3357 et
653 3300 971 3373 propinquis
997 3299 1110 3371 (67)
1152 3322 1164 3355 :
1207 3300 1252 3354 si
1282 3307 1462 3354 autem
1506 3297 1681 3354 malus
1710 3301 1973 3363 evaseris,

392 3396 541 3450 solus
576 3394 868 3449 exhauries
906 3391 1071 3446 mala.
1113 3410 1133 3443 ι
1189 3390 1255 3446 Et
1293 3404 1483 3446 rursus
1525 3406 1541 3444 :
1592 3409 1612 3443 ι
1644 3389 1816 3447 Filius
1863 3390 1974 3464 (68)

390 3487 653 3547 eruditus,
687 3486 907 3555 sapiens
955 3482 1093 3547 erit;
1132 3482 1421 3552 insipiente
1494 3491 1676 3537 autem
1729 3483 1977 3539 ministro

391 3587 607 3645 utetur;
649 3596 668 3630 ι
718 3588 773 3632 et
807 3590 989 3631 rursus
1029 3597 1042 3632 :
1079 3594 1098 3627 ι
1124 3574 1357 3645 Sapiens
1384 3572 1495 3647 (69)
1531 3575 1697 3630 corde
1748 3576 1978 3646 suscipit

389 3677 693 3739 praecepta;
735 3687 755 3721 ι
793 3676 848 3721 et
890 3683 905 3721 :
948 3685 968 3719 ι
1002 3664 1106 3721 Hic
1144 3663 1259 3735 (70)
1290 3680 1358 3719 ex
1414 3663 1576 3720 labiis
1627 3664 1833 3734 profert
1880 3679 1974 3721 sa-

391 3760 702 3830 pientiam:
750 3757 1185 3830 virga.verbera
1226 3755 1338 3828 (7i)
1387 3755 1563 3811 virum
1614 3756 1902 3812 vecordem
1954 3770 1971 3812 :

393 3852 669 3921 sapientes
699 3849 1035 3906 abscondent
1084 3862 1341 3915 sensum;
1382 3866 1401 3901 ι
1440 3856 1497 3902 et
1545 3860 1780 3903 rursus:
1820 3866 1840 3900 ι
1873 3847 1974 3904 Sa-

394 3943 602 4015 pientia
636 3942 751 4014 (72)
782 3943 900 3997 viro
946 3941 1092 4013 parit
1139 3940 1519 4010 prudentiam;
1560 3958 1578 3992 ι
1627 3949 1683 3996 et
1727 3956 1916 3996 rursus
1955 3957 1971 3995 :

401 4054 421 4088 ι
453 4033 528 4091 Os
559 4034 689 4104 justi
724 4033 837 4104 (75)
873 4031 1098 4089 distillat
1121 4030 1476 4101 sapientiam;
1517 4048 1537 4082 ι
1576 4041 1671 4086 et:
1705 4049 1725 4082 ι
1748 4027 1972 4101 Linguae

393 4126 509 4198 (74)
548 4126 851 4194 sapientum
890 4131 1112 4188 sanant;
1157 4141 1176 4174 ι
1208 4131 1266 4177 et
1312 4141 1327 4179 :
1374 4139 1395 4173 ‹
1432 4121 1535 4188 Qui
1583 4122 1823 4177 ambulat
1855 4121 1969 4194 (75)

389 4233 515 4274 cum
573 4217 945 4288 sapientibus,
1011 4215 1226 4286 sapiens
1278 4214 1403 4271 erit.
1440 4233 1458 4266 ι
1525 4214 1727 4270 Deinde
1778 4229 1912 4270 vero
1954 4232 1967 4269 :

391 4332 412 4365 ι
446 4310 665 4379 Quaeres
697 4309 811 4381 (76)
846 4308 1172 4380 sapientiam
1201 4309 1343 4379 apud
1374 4306 1568 4372 malos,
1595 4314 1651 4361 et
1678 4322 1784 4362 non
1824 4306 1973 4364 inve-

455 4491 572 4564 (57)
597 4490 1012 4564 Lwtaparvero.
1047 4486 1218 4543 Biblia
1260 4485 1420 4564 paulo
1443 4485 1661 4564 -ιξιίιιξιι,⁸
1682 4485 1963 4564 praemissa

2075 3296 2237 3366 σοφὸς
2268 3296 2442 3362 ἔσται,
2470 3297 2549 3368 τῷ
2579 3298 2637 3351 δὲ
2667 3299 2862 3369 ἄφρονι
2903 3300 3138 3371 διακόνῳ
3185 3302 3449 3373 χρήσεται
3472 3319 3486 3332 ·
3524 3321 3543 3354 ι
3574 3300 3668 3356 καὶ

2074 3382 2257 3451 αὖθις
2288 3406 2309 3439 ι
2341 3388 2511 3456 Σοφὸς
2543 3390 2742 3462 καρδίᾳ
2774 3389 2985 3462 δέχεται
3015 3391 3233 3455 ἐντολάς
3253 3409 3268 3423 ·
3303 3410 3322 3444 ι
3358 3393 3474 3458 καὶ,
3515 3413 3535 3445 ι
3566 3386 3668 3447 Οὗ-

2073 3497 2165 3543 τος
2197 3481 2261 3533 ἐκ
2294 3480 2519 3551 χειλέων
2573 3482 2836 3553 προφέρει
2875 3484 3088 3552 σοφίαν.
3130 3484 3339 3555 Ῥάόδῳ
3372 3485 3548 3539 τύπτε
3576 3486 3668 3541 ἄν-

2075 3570 2178 3644 δρα
2239 3571 2499 3641 ἀκάρδιον
2528 3588 2542 3603 ο
2596 3574 2750 3642 σοφοὶ
2809 3574 3111 3647 κρύψουσιν
3166 3577 3449 3649 αἴσθησιν·
3492 3596 3512 3629 ι
3573 3578 3668 3632 καὶ

2071 3661 2265 3716 πάλιν’
2315 3683 2334 3715 ‹
2374 3664 2440 3717 Ἢ
2489 3664 2651 3733 σοφία
2700 3664 2854 3736 ἀνδρὶ
2891 3667 3065 3720 τίκτει
3113 3668 3403 3738 φρόνησιν’
3441 3688 3460 3720 ι
3507 3665 3667 3732 αὖθίς

2070 3771 2132 3808 τε
2153 3773 2166 3788 ·
2200 3756 2416 3825 «Στόμα
2447 3756 2658 3810 δικαίου
2685 3758 2983 3825 ἀποστάζει
3010 3761 3201 3830 σοφίαν
3223 3781 3237 3793 ·
3259 3780 3277 3813 ι
3306 3762 3419 3821 καὶ.
3451 3763 3665 3816 ιΓλῶσ-

2072 3863 2163 3901 σαι
2208 3847 2387 3916 σοφῶν
2431 3847 2649 3902 ἰῶνταιο
2685 3868 2704 3899 ι
2738 3850 2855 3915 καὶ,
2893 3870 2912 3904 ι
2963 3852 3019 3906 Ὀ
3059 3855 3539 3926 συμπορευόμενος
3574 3871 3667 3908 σο·-

2071 3942 2191 4011 φοῖς
2243 3941 2405 4010 σοφὸς
2439 3941 2592 3995 ἔσται
2617 3960 2631 3975 ι
2668 3962 2687 3994 ι
2749 3940 2869 3999 εἶτα
2909 3946 3064 4017 ἑξῆς·
3106 3966 3124 3999 ι
3160 3949 3426 4019 Ζητὴσεις
3470 3961 3665 4016 σοφιαν

2069 4032 2220 4105 παρά
2247 4037 2461 4100 κακοῖς,
2503 4035 2600 4088 καὶ
2636 4036 2736 4108 οὐχ
2776 4037 3064 4110 εὑρήσεις’
3099 4056 3119 4090 ι
3165 4039 3261 4093 καὶ
3296 4038 3415 4111 μεθ’
3456 4039 3663 4111 ἕτερα·

2076 4143 2095 4176 ι
2122 4123 2293 4193 Σοφία
2342 4124 2668 4197 πανούργων
2718 4126 3083 4196 ἐπιγνώσεται
3109 4127 3235 4192 ’τὰς
3266 4124 3420 4191 ὁδούς
3444 4145 3458 4158 ·
3496 4127 3664 4197 φόϐος

2068 4215 2298 4288 Κυρίου,
2334 4217 2554 4270 παιδεία
2586 4219 2679 4272 καὶ
2710 4219 2873 4289 σοφία
2896 4237 2911 4252 ο
2948 4238 2968 4272 ι
3023 4216 3181 4285 αὖθίς
3210 4237 3271 4273 τε
3294 4236 3310 4251 ο
3353 4240 3371 4273 ι
3401 4220 3665 4282 Νεοσσοῖς

2070 4306 2431 4381 αἱρετώτεραι
2482 4309 2709 4380 χρυσίου
2730 4325 2745 4342 ο
2779 4310 3025 4364 νεοσσιαὶ
3062 4310 3120 4364 δὲ
3159 4310 3491 4383 φρονήσεως,
3522 4309 3667 4381 ὑπὲρ

2146 4484 2260 4561 (6⁷)
2300 4485 2369 4561 E}
2407 4489 2735 4561 Propinqui}.
2768 4487 2965 4555 Voces,
2995 4491 3092 4544 καὶ
3136 4491 3251 4553 τοῖς
3280 4489 3535 4561 πλησίονἱ
3560 4482 3658 4561 de-

381 4554 645 4635 partic'ula
706 4559 797 4626 δέ,
847 4561 902 4616 in
959 4560 1102 4615 hunc
1152 4554 1369 4613 modum
1402 4555 1585 4611 :Kaﬁ‘
1637 4554 1855 4627 ἡμέραν
1908 4555 1966 4611 δὲ

2078 4554 2204 4635 sunt
2232 4554 2298 4635 in_
2318 4554 2588 4635 Complut.
2607 4554 2881 4617 editione.
2932 4554 3407 4616 Francolurtensis
3451 4555 3653 4611 habet:

382 4631 1014 4773 ευῗὲὦωῗὶιῖίιέέιαὺαων.
1039 4697 1312 4769 Complut.
1356 4697 1467 4763 ed.,
1509 4695 1875 4769 ηὐφραίνετο,
1917 4705 1974 4751 et

384 4770 558 4842 paulo
576 4781 716 4842 post,
749 4770 1159 4842 ἐνηυφραίνετρ.

457 4836 733 4910 (59)’δεεε
761 4836 1048 4896 obiectans.
1099 4838 1302 4904 Codex,
1356 4836 1779 4908 ἑπιγανύμενος.
1827 4837 1973 4909 Lego

384 4910 837 4981 ἐπιγαννύμενος.

458 4977 569 5049 (60)
617 4977 822 5033 Eatitus.
854 4980 1015 5035 Prov.
1042 4977 1263 5049 vttt,_35
1305 4986 1360 5032 et
1400 4977 1493 5031 36.
1528 4977 1716 5032 Graeca
1745 4978 1914 5034 editio
1953 4996 1967 5033 :

386 5044 782 5125 Δί’γάρ-ἑξοδοί
813 5068 912 5121 μου
947 5048 1117 5116 ἔξοδοι
1161 5044 1331 5119 ζωῆς,
1368 5049 1422 5103 id
1454 5059 1557 5112 est,
1590 5065 1609 5099 ι
1636 5064 1760 5103 nam
1792 5050 1970 5105 exitus

387 5122 491 5174 mei
525 5120 702 5174 exitus
734 5120 876 5175 vitae.
907 5138 927 5172 ι
978 5164 981 5165 ν

459 5189 568 5259 (6i)
609 5188 979 5259 Impiiierunt.
1025 5188 1219 5251 Biblia.
1255 5187 1562 5259 ἀσεϐοῦσιν,
1606 5184 1657 5243 id
1689 5197 1793 5257 est,
1822 5207 1840 5240 ι
1870 5189 1972 5242 im-
2006 5201 2012 5206 ‘

388 5258 648 5329 piisunt.
680 5277 701 5312 ι
748 5258 816 5313 Ει
846 5260 1009 5330 paulo
1049 5269 1188 5330 post,
1234 5258 1509 5327 ἀγαπῶσι,
1564 5259 1617 5313 id
1647 5269 1754 5327 est,
1805 5259 1970 5314 «dili-

388 5339 586 5473 guaité)’
612 5397 880 5473 Sanam...
917 5415 1046 5473 esse.
1077 5397 1208 5452 Post
1254 5413 1463 5473 vocem,
1490 5397 1838 5473 ἑρμηνείαν,

389 5468 605 5525 brarius
636 5470 796 5523 vacui
839 5470 998 5538 spatii
1050 5476 1256 5522 tantum
1311 5468 1565 5534 reliquit,
1590 5468 1853 5536 Quantum
1884 5470 1969 5521 di-

385 5543 636 5627 ctiottﬂem‘
657 5538 804 5609 ἔχειν
836 5553 1034 5627 capere
1052 5547 1242 5627 queat,
1273 5552 1437 5605 quam
1471 5539 1773 5592 addendam
1805 5546 1956 5609 puto.

482 5610 569 5681 63)
597 5609 732 5680 Cap.
764 5624 803 5673 ι,
832 5624 976 5664 vers.
1005 5610 1093 5662 M.

481 5678 1091 5762 ﬁél§a0‘9?'"a:‘"°'-
1126 5681 1321 5762 "9.4;.
1426 5749 1439 5762 .
1506 5746 1519 5762 .
1578 5746 1594 5762 .
1698 5748 1778 5762 _.
1880 5747 1934 5762 ...

446 5746 573 5831 (65)
609 5746 824 5805 Solvite.
868 5749 1026 5807 Joan.
1066 5765 1128 5813 tt,
1164 5750 1252 5804 l9.
1282 5748 1394 5802 Vox
1422 5746 1534 5816 ἐγώ
1563 5746 1717 5819 deest
1763 5748 1819 5804 in
1880 5747 1966 5803 Βί-

386 5818 571 5962 ιὼίὲίί)
605 5888 731 5948 Fili.
759 5887 918 5948 Prov.
948 5908 1022 5962 rx,
1062 5892 1148 5947 l2.

2001 4619 2047 4676 D
2075 4627 2196 4700 Kal.
2213 4631 2329 4700 τοῖς
2343 4619 2588 4700 ’πλησίον
2616 4647 2732 4684 σου.

2171 4698 2265 4784 .68).
2333 4692 2526 4784 Είιίάες
2564 4701 2704 4784 llaec
2759 4701 2814 4784 in
2847 4700 3094 4784 .Hebm
3146 4692 3656 4784 esemn'ﬂlﬁtj':

2075 4764 2307 4853 Vulgata
2351 4771 2729 4853 translatione.
2747 4772 3154 4853 desiderantur.
3175 4764 3657 4853 Erattcofurten‘sls

2073 4830 2242 4893 editio
2274 4841 2465 4896 eadem
2512 4841 2597 4895 bis
2642 4840 2807 4896 habet
2840 4843 2892 4896 in
2934 4838 3265 4900 Proverbiis,
3296 4850 3420 4904 cap.
3450 4848 3526 4891 ιιι.
3563 4830 3655 4894 19.

2073 4909 2320 4957 maxime
2359 4920 2483 4957 nnst
2529 4912 2908 4957 nrmcedentia-
2963 4922 3018 4957 et
3064 4925 3185 4957 can-
3231 4923 3287 4957 χ.
3321 4919 3464 4957 vers.
3492 4904 3547 4957 5.
3584 4901 3657 4954 Αι

2073 4914 2320 4978 proxime
2359 4920 2483 4980 post
2529 4914 2908 4981 praecedentia,
2963 4922 3018 4966 et
3064 4925 3185 4978 cap.
3231 4923 3287 4968 χ,
3321 4919 3464 4958 vers.
3492 4914 3547 4957 5.
3584 4914 3653 4954 ,ιιι

2072 4978 2476 5063 ϐοῐρριιιιεηξίε
2501 4991 2804 5063 calamum
2842 4982 3006 5063 habet
3054 4995 3175 5060 cap.
3212 4974 3653 5063 Axiliitlvmi-ve:

2071 5046 2339 5131 [oBiblia
2370 5052 2900 5131 fiomplutensibusﬂ
2926 5054 3029 5105 hac
3069 5046 3133 5101 in
3174 5061 3232 5102 re
3282 5053 3653 5101 consentanea

2073 5117 2264 5180 fuisse,
2291 5117 2537 5176 indicant
2562 5136 2723 5176 voces
2757 5137 2771 5173 :
2810 5139 2828 5171 ι
2859 5120 2927 5174 Et
2954 5132 3160 5173 rursus.
3190 5135 3211 5169 ι

2145 5179 2260 5260 (69)
2286 5189 2529 5259 Sapiens.
2569 5193 2731 5246 Prov.
2773 5206 2833 5254 x,
2874 5190 2928 5245 9.
2961 5189 3149 5244 Graeca
3176 5185 3343 5241 editio
3367 5181 3529 5237 habet
3555 5179 3649 5234 δὲ-

2073 5257 2617 5335 ξεέεεζρτρζδέχεται·
2747 5329 2800 5335 __
3100 5326 3132 5335 -

2142 5326 2267 5400 (70)
2299 5326 2621 5387 Ηίο.Ῥι·ον.
2648 5346 2706 5394 x,
2739 5329 2808 5384 H
2851 5338 2907 5384 et
2955 5328 3046 5383 15.
3093 5326 3282 5384 Grteca
3332 5326 3499 5380 editio
3550 5336 3653 5390 pro

2069 5393 2418 5462 obéoc'habet
2451 5403 2531 5465 ὃς,
2558 5402 2607 5455 id
2636 5393 2740 5465 est,
2777 5422 2796 5452 ι
2823 5402 2937 5470 qui.
2958 5419 2978 5451 ι

2296 5464 2542 5543 Yerbera.
2572 5470 2742 5543 Biblia
2764 5464 2981 5543 τύπτει,
3019 5469 3074 5524 id
3100 5476 3205 5535 est,
3240 5486 3259 5519 t
3291 5464 3560 5525 verberat.
3589 5480 3611 5512 ι

2138 5540 2253 5677 ἕης
2283 5540 2575 5624 Sapientia.
2608 5541 2767 5596 Prov.
2804 5557 2860 5603 χ,
2886 5540 2980 5594 24.

2164 5610 2231 5664 73
2287 5610 2359 5666 0:
2381 5624 2537 5677 Justt.
2580 5611 2740 5665 Prov.
2772 5628 2829 5677 κ,
2853 5612 2943 5666 52.

2164 5610 2252 5681 75)
2287 5610 2359 5666 0:
2381 5612 2537 5681 justi.
2580 5611 2740 5665 Prov.
2772 5628 2829 5677 κ,
2853 5612 2943 5666 52.

2163 5680 2256 5750 74)
2290 5680 2531 5750 Lingua.
2566 5681 2730 5735 Prov.
2767 5696 2870 5744 xu,
2899 5682 2987 5736 I9.

2163 5749 2253 5817 75)
2290 5749 2408 5817 Qui
2427 5752 2684 5806 ambulat.
2721 5750 2885 5806 Prov.
2927 5767 3047 5815 xm,
3079 5749 3173 5806 21.

2163 5820 2252 5889 76)
2288 5822 2522 5886 (lateres.
2560 5823 2719 5879 l’rov.
2754 5837 2863 5889 xlv,
2899 5820 2953 5876 6.
