4056 6466
325 437 428 492 815

1594 430 1828 489 DIDYMI
1863 429 2334 488 ALEXANDle

3468 432 3573 490 818

326 559 490 613 licare
517 554 750 620 videtur,
780 553 876 609 sed
902 567 999 623 per
1024 567 1184 606 unam
1217 566 1350 615 rem,
1370 559 1760 620 autpersonam
1786 548 1897 619 ple-

2004 548 2165 604 ἐστίν.
2194 548 2331 621 Περὶ
2374 548 2579 622 ταύτης
2604 549 2664 604 δὲ
2710 548 2810 620 τῆς
2862 547 3071 617 σοφίας,
3107 544 3252 616 φημὶ
3281 546 3379 618 τῆς
3416 548 3475 603 ἓν
3504 552 3573 621 τῇ

325 660 554 715 rumque
587 644 689 699 alia
717 645 772 698 in
799 659 866 700 eo
890 644 1202 713 designetur
1234 660 1248 696 :
1278 641 1533 697 Salomon
1558 657 1686 697 vero
1709 640 1901 695 Parte-

326 739 567 802 miastes,
604 736 657 791 id
685 744 770 790 est
791 735 1204 790 Proverhiorum
1244 735 1478 803 scriptor
1509 733 1599 798 sit,
1629 747 1735 787 non
1771 747 1902 800 pro-

326 829 485 898 pheta
523 825 655 900 (9i).
686 825 763 882 De
789 827 892 881 bac
930 842 1090 896 porro
1115 825 1398 895 sapientia,
1432 827 1499 880 de
1523 839 1607 891 ea,
1658 825 1900 894 inquam,

326 935 446 987 quae
495 928 577 973 est
634 919 687 972 in
745 927 1027 983 creatura,
1071 933 1190 972 cum
1238 915 1404 987 339
1475 916 1902 986 sapientissimus

333 1009 546 1063 Sirachi
588 1008 727 1063 illius
761 1007 877 1063 ait:
918 1025 938 1058 ι
976 1007 1137 1062 Prior
1162 1007 1276 1077 (92)
1305 1007 1556 1062 omnibus
1603 1016 1782 1062 creata
1819 1014 1902 1061 est

325 1100 611 1169 sapientia,
636 1108 691 1155 et
726 1098 1026 1155 intellectus
1054 1100 1351 1169 prudentia:
1379 1098 1446 1152 ab
1484 1112 1599 1151 aevo
1629 1114 1643 1151 :
1678 1108 1707 1150 ι’
1732 1097 1901 1151 Dein-

328 1193 396 1248 de
444 1192 624 1247 subdit
656 1210 670 1246 :
701 1209 720 1243 ι
751 1190 886 1246 Cum
924 1191 1173 1247 ﬁdelibus
1198 1188 1309 1260 (95)
1337 1190 1388 1243 in
1416 1189 1571 1243 vulva
1618 1198 1899 1244 concreata

328 1295 412 1339 est
457 1300 578 1339 cum
632 1284 795 1354 ipsis;
840 1293 896 1338 et
945 1298 1068 1337 cum
1123 1282 1430 1337 hominibus
1495 1280 1900 1335 fundamentum

330 1378 514 1433 saeculi
565 1375 951 1431 nidiﬁcavitzi
990 1384 1101 1427 tum
1163 1372 1453 1444 Apostolus
1494 1373 1545 1426 in
1593 1374 1766 1441 prima
1833 1370 1901 1425 ad

333 1470 641 1526 Corinthios
672 1469 746 1523 ita
774 1469 992 1538 scripsit
1019 1485 1032 1520 :
1055 1485 1074 1519 ι
1110 1465 1376 1532 Quoniam
1409 1464 1520 1535 (94)
1543 1465 1685 1519 enim
1720 1464 1772 1518 in
1807 1464 1901 1519 Dei

335 1562 610 1630 Sapientia
664 1574 770 1614 non
831 1558 1087 1628 cognovit
1145 1558 1376 1611 mundus
1423 1570 1520 1625 per
1579 1555 1898 1624 sapientiam

328 1653 532 1720 Deum,
570 1652 771 1721 placuit
827 1650 938 1705 Deo
995 1664 1090 1719 per
1140 1647 1424 1703 stultitiam
1501 1646 1901 1716 praedicationis

2005 641 2213 705 κτίσει,
2241 642 2272 694 ὃ
2302 658 2364 694 τε
2413 641 2724 713 σοφώτατος
2765 641 2879 705 υίὸς
2920 641 3118 712 Σειρὰχ
3150 640 3326 710 λέγει’
3366 660 3386 693 ι
3434 644 3575 714 Προο

2002 731 2138 804 τέρα
2169 733 2386 789 πάντων
2417 734 2661 789 ἔκτισται
2704 735 2864 805 σοφία
2891 737 2985 790 καὶ
3014 735 3229 798 σύνεσις
3261 736 3576 807 φρονήσεως

2003 822 2064 888 ἐξ
2093 825 2323 890 αίῶνος·
2368 846 2388 878 ι
2431 828 2525 882 καὶ
2565 828 2815 899 ἐπιφέρει
2860 828 3067 898 τούτῳ·
3110 844 3130 878 ι
3170 826 3577 880 Μετὰπιστῶν

2002 915 2061 968 ἐν
2095 916 2279 989 μήτρᾳ
2323 917 2643 989 συνεκτίσθη
2687 919 2869 982 αὐτοῖς
2890 959 2906 985 ,
2953 919 3048 973 καὶ
3084 918 3222 989 μετὰ
3272 918 3573 988 ἀνθρώπων

2003 1003 2250 1077 θεμέλιον
2277 1008 2469 1071 αἰῶνος
2495 1009 2839 1063 ὲνόσσευσεν·
2879 1029 2898 1062 ι
2941 1010 2972 1063 6
3003 1027 3063 1062 τε
3112 1009 3432 1073 Ἀπόστολος
3459 1010 3572 1062 Ko-

2005 1098 2227 1171 ρινθίοις
2272 1100 2335 1154 τὸ
2402 1100 2618 1173 πρῶτον
2682 1101 2957 1156 ἐπέστειλε
3002 1102 3149 1155 τόνδε
3194 1102 3284 1155 τὸν
3334 1102 3570 1171 τρόπον·

2007 1209 2027 1242 ι
2072 1192 2289 1265 Ἐπειδὴ
2318 1193 2445 1267 γὰρ,
2479 1214 2500 1248 ι
2534 1196 2717 1267 φησιν,
2754 1215 2773 1248 ι
2810 1197 2867 1249 ὲν
2894 1197 2961 1266 τῇ
2998 1195 3159 1267 σοφίᾳ
3188 1192 3282 1248 τοῦ
3310 1193 3444 1247 Θεοῦ
3473 1196 3575 1247 οὐκ

2001 1283 2143 1353 ἔγνω
2175 1285 2204 1336 6
2235 1284 2439 1357 κόσμος
2475 1286 2565 1339 διὰ
2608 1287 2706 1359 τῆς
2736 1287 2924 1356 σοφίας
2962 1286 3050 1340 τὸν
3094 1285 3246 1352 Θεὸν,
3281 1286 3571 1357 εὐδόκησεν

1999 1378 2029 1429 6
2057 1376 2188 1441 Θεὸς
2218 1377 2305 1432 διὰ
2335 1378 2438 1449 τῆς
2482 1379 2692 1451 μωρίας
2718 1379 2812 1432 τοῦ
2843 1379 3196 1451 κηρύγματος
3240 1378 3410 1432 σῶσαι
3444 1379 3571 1442 τοὺς

2000 1467 2387 1533 πιστεύοντας·
2433 1488 2451 1521 ι
2496 1471 2614 1533 καὶ,
2665 1487 2684 1522 ι
2749 1469 3061 1542 Ἐμώρσνεν
3100 1470 3130 1521 6
3165 1468 3298 1532 Θεὸς
3333 1468 3431 1540 τὴν
3479 1486 3570 1522 σο-

2001 1558 2129 1628 φίαν
2162 1558 2254 1612 τοῦ
2298 1560 2529 1630 κόσμου.
2566 1579 2584 1610 ι
2621 1561 2731 1614 Καὶ
2756 1560 2819 1631 δὴ
2854 1560 2950 1613 καὶ
2990 1562 3019 1613 6
3064 1558 3182 1612 ’1ὼὸ
3220 1559 3440 1613 τοιῶσδε
3476 1560 3573 1630 μέ·-

2004 1668 2201 1721 μνηται
2230 1650 2433 1720 ταύτης
2452 1668 2465 1681 ·
2509 1669 2529 1702 ι
2578 1650 2642 1704 Ἦ
2668 1650 2725 1703 δὲ
2762 1651 2920 1714 σοφία
2950 1649 3115 1704 πόθεν
3142 1650 3338 1723 εὑρέθη
3362 1666 3377 1716 ;
3419 1654 3571 1715 ποῖος

328 1743 505 1797 salvos
553 1742 735 1796 facere
773 1740 1056 1793 credentes
1084 1753 1100 1791 :
1133 1757 1153 1788 ι
1188 1747 1242 1791 et
1272 1756 1284 1790 :
1325 1754 1344 1787 ι
1366 1738 1594 1791 Stultam
1628 1736 1742 1806 (95)
1778 1736 1901 1791 fecit

2004 1742 2055 1794 δὲ
2076 1741 2239 1804 τόπος
2294 1742 2410 1795 ἐστὶ⁵
2437 1742 2539 1811 τῆς
2569 1743 2879 1813 φρονήσεως
2904 1758 2918 1808 ;
2951 1760 2970 1792 ›
2997 1740 3091 1795 καὶ
3138 1740 3365 1812 ἑτέρωθι
3388 1758 3400 1772 ·
3429 1758 3449 1791 ι
3476 1741 3574 1793 Σο-

327 1835 470 1889 Deus
499 1833 817 1902 sapientiam
841 1832 1043 1886 mundi.
1082 1849 1103 1882 ι
1127 1829 1266 1897 Quin
1309 1832 1471 1885 etiam
1521 1829 1623 1885 Job
1655 1830 1727 1884 ita
1775 1845 1893 1884 eam

2004 1833 2099 1902 φία
2121 1832 2213 1885 τοῦ
2244 1833 2472 1902 πένητος
2504 1832 2956 1903 ὲξουθενουμένην
3008 1851 3026 1885 ι
3064 1834 3177 1898 καὶ,
3217 1850 3237 1884 ι
3277 1825 3443 1896 Οὗτος
3471 1831 3575 1901 τῆς

328 1937 592 1983 memorat
614 1943 628 1979 :
649 1925 949 1993 «Sapientia
969 1922 1083 1994 (96)
1105 1939 1229 1979 vero
1245 1923 1387 1978 unde
1404 1923 1618 1977 inventa
1634 1922 1894 1992 est?qua-

2004 1924 2190 1991 σοφίας
2215 1923 2333 1976 ἐστὶ
2392 1923 2708 1995 διορθωτής.
2747 1942 2767 1975 ι
2799 1924 2955 1987 Τινὲς
2984 1923 3041 1976 δὲ
3070 1923 3163 1976 τὸν
3194 1924 3575 1993 γενεσιουργὸν

326 2019 396 2073 lis
447 2027 629 2071 autem
667 2025 755 2072 est
801 2015 953 2070 locus
1004 2014 1304 2086 prudentia:
1352 2012 1516 2083 (97)?
1550 2030 1570 2065 ι
1626 2011 1693 2066 Ει
1720 2012 1891 2068 alibi:

2004 2014 2232 2086 ἐνόησαν
2259 2015 2325 2068 ὲκ
2351 2014 2645 2086 προσώπου
2677 2016 2777 2087 τῆς
2817 2016 3042 2085 κτιστῆς
3072 2015 3351 2087 εἰρηκέναι
3381 2015 3572 2084 σοφίας

334 2127 355 2161 ι
390 2109 665 2180 Sapientia
682 2107 794 2180 (98)
816 2108 1085 2178 lpauperis
1111 2115 1447 2174 contempta;
1472 2122 1491 2156 ι
1518 2112 1605 2159 et:
1630 2104 1759 2160 (Hic
1783 2104 1895 2175 (99)

2004 2104 2083 2168 τὸ,
2114 2123 2132 2156 ι
2166 2104 2369 2173 Κύριος
2403 2104 2584 2158 ἐκτισέ
2645 2123 2735 2177 με.
2773 2125 2792 2158 ι
2826 2105 3091 2169 Πολλάκις
3120 2106 3227 2178 γὰρ
3257 2105 3573 2176 κτισμάτων

328 2202 607 2271 sapientiae
658 2209 742 2254 est
782 2200 1110 2254 moderator.
1152 2216 1173 2249 ι
1227 2194 1455 2262 Quidam
1498 2210 1632 2250 vero
1678 2195 1898 2252 Creato-

2005 2196 2295 2267 πρόσωπον
2324 2200 2353 2250 6
2385 2197 2603 2251 πάντων
2634 2198 2942 2270 ὑποστάτης
2980 2198 3075 2252 καὶ
3107 2198 3297 2270 Σωτὴρ
3325 2198 3570 2267 ἀναλαμ-

328 2306 443 2344 rem
477 2298 739 2361 putarunt
790 2303 855 2343 ex
901 2303 1129 2358 persona
1177 2297 1374 2342 creata:
1419 2288 1695 2356 sapientia:
1737 2288 1898 2344 dixis-

2006 2288 2184 2343 ϐάνων
2224 2290 2562 2359 διαλέγεται*
2601 2292 2678 2352 ὡς
2706 2293 2833 2347 ὅταν
2866 2293 2932 2345 ὲκ
2967 2291 3259 2364 προσώπου
3306 2292 3408 2363 τῆς
3439 2308 3574 2344 ποτε

329 2394 409 2444 se,
447 2398 467 2431 ι
522 2378 783 2434 Dominus
820 2381 1024 2434 creavit
1058 2392 1144 2432 me
1195 2396 1209 2431 :
1261 2395 1281 2428 ι
1326 2391 1453 2431 nam
1512 2377 1604 2445 qui
1657 2378 1896 2432 omnium

2004 2379 2324 2453 διωχθείσης
2409 2382 2734 2454 Ἐκκλησίας
2820 2383 2971 2455 παρὰ
3052 2383 3266 2438 Παύλου
3342 2384 3571 2453 φάσκειο

328 2472 589 2527 Conditor
609 2486 675 2526 ac
717 2472 975 2527 Servator
1005 2481 1116 2536 cst,
1144 2470 1340 2539 saepius
1367 2477 1740 2524 creaturarum
1772 2483 1894 2539 per-

331 2579 522 2621 sonam
555 2578 836 2618 assumens
866 2562 1126 2632 loquitur,
1180 2572 1240 2616 ut
1276 2575 1397 2615 cum
1429 2574 1497 2615 ex
1536 2576 1765 2630 persona
1800 2559 1900 2614 Ee-

329 2659 509 2712 clesia:
529 2657 657 2712 olim
689 2671 720 2710 a
759 2655 926 2710 Paulo
965 2663 1168 2710 vexata:
1201 2655 1276 2709 ait
1325 2672 1339 2708 :
1375 2673 1394 2705 ι
1431 2652 1560 2709 Saul
1601 2654 1702 2724 (l),
1748 2652 1897 2718 Saul,

2009 2490 2028 2523 ι
2069 2472 2260 2537 Σαοὺλ,
2290 2473 2480 2537 Σαοὺλ,
2512 2474 2564 2528 τί
2600 2491 2668 2545 με
2700 2473 2956 2541 διώκεις;
2998 2495 3017 2528 ι
3064 2476 3294 2539 καὶτοῖς
3331 2471 3389 2530 εὖ
3416 2476 3575 2546 ποιή-

2006 2580 2186 2619 σασιν⁶
2236 2584 2256 2618 ι
2303 2566 2625 2631 Ἐπείνασα,
2658 2567 2754 2621 καὶ
2798 2567 3034 2621 ἐδώκατέ
3074 2570 3418 2639 μοιλφαγεῖνο
3463 2566 3573 2620 ἐδί-

2003 2655 2173 2727 ψησα,
2218 2658 2313 2712 καὶ
2337 2658 2622 2712 ἐποτίσατέ
2664 2676 2732 2730 με
2752 2673 2770 2690 ·
2815 2678 2835 2712 ι
2869 2660 2966 2712 καὶ
2992 2660 3090 2712 ὃσα
3119 2659 3365 2714 τοιαῦτα.

328 2749 460 2819 quid
486 2761 572 2801 me
595 2746 974 2817 persequeris?
1010 2765 1028 2797 ι
1056 2745 1219 2810 etiis,
1244 2746 1338 2815 qui
1381 2744 1604 2800 beneﬁci
1640 2744 1855 2799 fuerunt
1885 2762 1901 2800 :
1950 2766 1969 2799 ι
2012 2748 2225 2804 Esurivi
2294 2749 2393 2819 (‘2),
2427 2761 2484 2805 et
2530 2749 2756 2807 dedistis
2797 2750 2930 2805 mihi
3003 2752 3362 2819 manducare;
3402 2749 3573 2811 sitit-i,

329 2852 387 2895 et
415 2840 635 2895 dedistis
661 2839 791 2895 mibi
819 2838 1024 2894 bibere.
1064 2855 1084 2889 ι
1124 2837 1189 2892 Ει
1210 2837 1313 2891 alia
1346 2837 1431 2892 his
1459 2838 1673 2892 similia.

400 2936 537 2992 Cum
570 2936 715 2989 enim
756 2936 970 3005 propria
1008 2934 1418 3003 exsplendescat
1442 2933 1794 3003 benignitate,
1846 2942 1897 2989 et
1925 2940 1968 2997 ο

334 3036 477 3080 totus
499 3025 570 3080 sit
601 3025 839 3088 bonitas,
872 3033 946 3089 et,
984 3025 1122 3078 sicut
1148 3023 1424 3093 apostolus
1461 3022 1628 3077 Judas
1675 3025 1768 3089 ait,
1820 3037 1902 3076 so-

330 3116 414 3171 lus
445 3115 705 3171 Dominus
735 3113 809 3186 (ὅ)
839 3114 1089 3179 exsistat,
1122 3113 1295 3182 parcit
1322 3113 1572 3167 omnibus
1596 3112 1693 3184 (4),
1715 3122 1768 3167 et
1797 3113 1901 3167 sibi

335 3210 473 3262 facta
514 3208 660 3260 ducit
686 3220 806 3271 qua:
837 3205 961 3273 quis
991 3205 1044 3258 in
1078 3217 1239 3273 opera
1282 3218 1535 3258 manuum
1563 3204 1681 3273 ejus
1711 3218 1901 3273 pecca-

332 3298 494 3352 verit.
530 3297 693 3367 Atqui
728 3297 834 3350 alia
882 3296 1046 3349 etiam
1090 3295 1328 3349 humano
1365 3295 1523 3348 modo
1565 3296 1704 3349 dicta
1749 3296 1898 3348 inve-

338 3390 548 3444 niemus
605 3388 673 3442 de
720 3383 1245 3455 incomprehensibili
1284 3384 1442 3455 ‘Deo;
1493 3393 1551 3436 ut
1584 3400 1704 3438 cum
1738 3399 1899 3453 para-

332 3479 505 3534 bolice
557 3477 812 3534 scribitur
845 3493 859 3530 :
895 3494 914 3528 ι
958 3473 1134 3529 Homo
1173 3474 1251 3544 (5)
1289 3473 1509 3543 quidam
1555 3484 1674 3526 erat
1721 3488 1903 3541 pater-

330 3572 603 3637 familias;
637 3588 659 3623 ι
701 3578 759 3623 et
806 3580 1041 3623 rursus:
1087 3586 1107 3618 ι
1153 3565 1325 3619 Homo
1378 3564 1455 3635 (6)
1510 3565 1727 3634 quidam
1785 3573 1904 3620 erat

334 3665 541 3717 habens
570 3665 818 3726 vineam;
865 3679 884 3712 ι
944 3670 1000 3716 et
1037 3674 1162 3715 cum
1202 3658 1425 3713 caeleste
1468 3673 1688 3726 regnum
1730 3672 1903 3726 grano

332 3754 554 3823 sinapis,
591 3765 647 3809 et
698 3752 888 3808 semini
930 3751 1282 3807 assimilatur.
1322 3750 1472 3817 Quod
1513 3752 1557 3804 si
1599 3752 1901 3805 conceden-

332 3845 461 3899 dum
492 3843 652 3898 etiam
687 3842 846 3909 foret,
886 3840 1229 3896 Salomonem
1271 3855 1380 3894 non
1423 3853 1486 3892 ex
1529 3853 1759 3907 persona
1816 3853 1905 3892 sa—

334 3936 571 4005 pientia,
602 3949 721 4004 qua:
746 3934 802 3988 in
834 3933 989 3989 nobis
1018 3942 1119 3997 est,
1153 3930 1389 3985 locutum
1435 3928 1630 3995 fuisse;
1686 3929 1766 3985 sic
1822 3930 1903 3985 in-

336 4027 623 4098 telligenda
657 4036 838 4081 tamen
879 4034 1063 4081 essent
1096 4024 1214 4095 ejus
1243 4024 1429 4090 verba,
1460 4031 1519 4077 ut
1551 4039 1616 4079 ex
1647 4037 1899 4092 persona,

335 4134 400 4175 ac
428 4128 676 4190 respectu
711 4118 993 4186 sapientis,
1030 4124 1085 4171 et
1118 4113 1685 4185 incomprehensibilis
1718 4113 1901 4167 lucar-

335 4214 572 4269 nationis
598 4212 743 4268 dicta
770 4210 968 4277 forent,
1002 4208 1150 4264 nullo
1181 4216 1363 4261 autem
1394 4207 1552 4261 modo
1579 4208 1645 4261 de
1699 4207 1901 4276 sempi-

2084 2930 2213 3002 ’ἰδίᾳ
2249 2929 2358 3003 γὰρ
2396 2930 2693 3002 ὲκλάμπων
2740 2930 3153 3003 φιλανθρωπίᾳ,
3204 2932 3300 2984 καὶ
3339 2930 3460 2994 ὅλος
3498 2929 3577 2983 ὢν
3648 2964 3652 2969 -

2001 3019 2291 3091 ἀγαθότης,
2337 3022 2431 3074 καὶ
2481 3023 2556 3083 ὡς
2592 3023 2620 3073 6
2659 3021 2952 3084 ἀπόστολος
3012 3020 3210 3084 Ἰούδας
3248 3021 3383 3091 ἔφη,
3417 3019 3577 3090 μόνος

2000 3111 2294 3181 Δεσπότης,
2340 3111 2577 3179 φείδεται
2609 3111 2845 3174 πάντων,
2879 3112 2976 3165 καὶ
3014 3111 3353 3166 ίδιοποιείται
3388 3114 3457 3166 τὰ
3492 3115 3576 3176 είς

1999 3203 2070 3257 τὰ
2099 3203 2236 3274 ἔργα
2268 3202 2375 3256 τῶν
2405 3204 2604 3276 χειρῶν
2631 3203 2796 3257 αὐτοῦ
2830 3205 3221 3276 ἁμαρτήματα.
3251 3207 3361 3260 Καὶ
3393 3207 3575 3276 μέντοι

2000 3296 2095 3349 καὶ
2149 3296 2311 3367 ἕτερα
2348 3294 2474 3367 [159
2521 3297 2573 3369 b]
2608 3298 3159 3371 ἀνθρωπολογηθέντα
3191 3303 3318 3373 περὶ
3348 3302 3439 3356 τοῦ
3483 3304 3579 3356 ἀν-

2000 3386 2224 3453 εφίκτου
2257 3384 2400 3438 θείου
2426 3388 2749 3458 εὑρήσομενο
2772 3389 2847 3453 ώς
2880 3391 3006 3443 ὅταν
3033 3390 3413 3458 παραϐολικῶς
3440 3391 3577 3461 γρά-

2002 3488 2124 3542 φει·
2164 3491 2183 3525 ι
2241 3474 2561 3546 Ἄνθρωπός
2605 3493 2689 3539 τις
2730 3472 2798 3547 ἦν
2830 3478 3243 3548 οἰκοδεσπότης·
3282 3497 3302 3530 ι
3344 3480 3438 3532 καὶ
3466 3479 3576 3532 πά-

2000 3564 2116 3618 λινο
2163 3583 2182 3616 ι
2224 3566 2544 3637 Ἄνθρωπός
2572 3585 2655 3631 τις
2679 3564 2745 3639 ἦν
2782 3568 2919 3639 ἔχων
2951 3569 3250 3640 ἀμπελῶνα
3275 3586 3290 3601 ·
3323 3590 3343 3623 ι
3373 3571 3467 3624 καὶ
3500 3570 3579 3633 ὡς

2001 3657 2130 3711 ὅταν
2172 3657 2270 3728 τὴν
2314 3658 2563 3728 οὐράνιον
2612 3659 2889 3729 βασιλείαν
2939 3661 3123 3732 κόκκῳ
3177 3662 3446 3725 σινάπεως
3482 3663 3580 3715 καὶ

2003 3747 2189 3820 σπόρῳ
2220 3748 2567 3819 παρεικάζει.
2598 3749 2660 3802 Ei
2688 3749 2743 3801 δὲ
2770 3750 2867 3802 καὶ
2896 3752 3274 3823 συγχωρητέον
3312 3752 3375 3805 τὸ
3404 3752 3479 3824 μὴ
3512 3753 3579 3806 ὲκ

2003 3837 2294 3911 προσώπου
2331 3838 2430 3909 τῆς
2472 3841 2531 3892 ὲν
2564 3841 2696 3910 ἡμῖν
2743 3840 2935 3910 σοφίας
2974 3841 3261 3914 Σολομῶνα
3304 3842 3577 3914 γεγραφέ-

2000 3947 2111 3994 ναι,
2145 3929 2258 3984 ἀλλ⁹
2292 3926 2385 3985 οὖν
2420 3931 2639 4002 νοητέον
2690 3930 2755 3985 ἐκ
2788 3931 3080 4003 προσώπου
3119 3933 3217 4005 τῆς
3270 3933 3441 4004 σοφῆς
3482 3933 3577 3987 καὶ

2000 4022 2357 4093 ἀπερινοήτω
2394 4020 2887 4095 ὲνανθρωπήσεως,
2921 4024 3021 4094 οὐχ
3058 4023 3205 4091 ἅπαξ
3232 4024 3289 4078 δὲ
3320 4026 3448 4096 περὶ
3475 4026 3576 4096 τῆς

1999 4111 2237 4183 ἀνάρχου
2262 4111 2355 4165 καὶ
2378 4110 2694 4184 ἀθεωρήτου
2727 4111 2940 4180 φύσεως
2965 4111 3060 4166 τοῦ
3095 4113 3417 4184 μονογενοῦς
3438 4112 3577 4168 Θεοῦ

2002 4203 2299 4275 είρηκέναι.
2336 4203 2451 4257 Οὐκ
2491 4203 2792 4268 αὐτοτελῶς
2809 4205 2917 4276 γὰρ
2946 4203 3072 4275 ἔφη,
3108 4205 3364 4259 (Ἔκτισέ
3419 4222 3509 4277 με,
3550 4224 3570 4257 ι

334 4318 486 4360 terna
528 4315 584 4360 et
618 4302 873 4359 invisibili
929 4312 1122 4356 natura
1169 4298 1431 4368 unigeniti
1466 4296 1581 4352 Dei.
1615 4296 1727 4353 Nec
1755 4300 1899 4353 enim

2006 4295 2142 4364 ἀλλ’,
2175 4316 2194 4347 ι
2230 4299 2309 4360 είς
2341 4296 2475 4367 ἔργα
2505 4297 2698 4351 αὐτοῦ·
2734 4316 2754 4350 ι
2787 4296 2918 4350 ὡσεὶ
2950 4296 3163 4365 ἔλεγεν·
3195 4296 3418 4350 ’Έκτισέ
3483 4313 3575 4367 με,

333 4397 411 4451 ait
458 4398 574 4451 sine
614 4397 1004 4460 additamenta,
1040 4391 1244 4446 creavit
1274 4403 1380 4454 me,
1434 4388 1529 4443 sed
1577 4389 1791 4457 adjecit,
1843 4390 1896 4443 in

333 4502 497 4557 opera
542 4486 694 4557 ejus;
734 4484 959 4555 perinde
1018 4498 1084 4539 ac
1130 4482 1177 4538 si
1221 4483 1425 4537 diceret
1473 4498 1487 4533 :
1529 4479 1745 4535 Creavit
1789 4496 1894 4546 me,

335 4582 549 4651 quando
582 4581 649 4635 ad
676 4579 942 4644 homines,
980 4576 1071 4647 qui
1110 4583 1236 4631 sunt
1266 4589 1429 4644 opera
1473 4571 1607 4641 ejus,
1640 4572 1779 4638 veni,
1807 4585 1899 4628 aut

409 4826 519 4898 (9|)
558 4825 681 4880 Non
713 4828 989 4895 prapheta.
1028 4823 1221 4877 Mirum
1253 4821 1468 4898 videtur
1512 4819 1592 4874 sic
1619 4818 1786 4898 loqui
1807 4816 1901 4898 Di-

338 4888 578 4964 dymu'm,
617 4888 914 4963 praesertim
957 4909 1080 4949 cum
1120 4903 1227 4947 tam
1264 4891 1374 4945 late
1419 4899 1597 4964 pateat
1637 4890 1707 4964 _in
1756 4888 1905 4942 Scri-

339 4960 511 5033 pturis
543 4960 817 5034 propheta:
847 4980 1063 5034 nomen,
1096 4974 1154 5034 ut
1200 4976 1391 5034 otunes
1419 4960 1649 5034 theologi
1680 4966 1902 5034 nomint,

337 5028 393 5087 et
416 5028 555 5102 apud
584 5028 819 5087 Graecos.
862 5034 919 5088 ln
966 5031 1286 5100 Menologio,
1314 5031 1456 5102 quod
1491 5036 1673 5102 exstat
1708 5028 1762 5081 in
1793 5028 1903 5082 Na-

340 5101 502 5156 niano
529 5103 715 5158 codice
743 5104 868 5169 177,
909 5104 1169 5165 Adamus,
1195 5111 1250 5155 et
1293 5101 1381 5155 alii
1418 5101 1662 5169 quinque
1699 5112 1779 5169 eo,
1807 5113 1903 5151 no-

338 5175 483 5226 mine
509 5175 774 5227 donantur
810 5190 823 5225 :
856 5168 976 5227 nam
1019 5172 1085 5224 ad
1120 5173 1347 5239 pri'mam
1382 5168 1556 5223 Martii
1578 5168 1742 5239 diem,
1771 5168 1902 5239 legi-

340 5254 428 5294 tur
452 5242 598 5313 :Td'w
616 5240 785 5313 ἁγίων
814 5241 1107 5313 προφητῶν
1124 5238 1319 5313 θ’Δδὰμ,
1348 5239 1535 5304 Ἅϐελ,
1556 5238 1687 5308 Σὴθ,
1731 5238 1899 5313 Ἐνὸς,

350 5311 542 5383 Ἑνὼχ.
577 5310 931 5383 Μελχισέδεκ,
964 5310 1015 5383 ια
1044 5319 1144 5383 est,
1168 5329 1210 5383 _t
1242 5310 1563 5383 Sanctorum
1612 5310 1902 5383 propheta—

339 5397 458 5436 rum
489 5376 730 5448 "Adam,"
758 5382 911 5442 Abel,
964 5379 1120 5443 Seth,
1167 5380 1330 5448 Enos,
1380 5378 1589 5439 Enocb,
1618 5376 1902 5448 l_ll_elchise-

338 5453 496 5506 dech.
530 5471 548 5504 ι
602 5444 747 5507 Nihil
785 5452 928 5504 aliud
979 5464 1107 5519 ergo
1157 5447 1293 5501 velle
1347 5448 1560 5519 videtur
1603 5444 1900 5519 Didymus,

337 5537 497 5589 quam
530 5521 874 5576 Salomonem
906 5520 958 5574 in
987 5515 1401 5589 Pr'overbiorum
1442 5517 1580 5589 libro
1603 5515 1903 5571 Parmmia-

337 5587 433 5644 stuc
466 5592 802 5658 potissimum
827 5590 1001 5644 oﬂicio
1031 5587 1199 5656 fungi,
1228 5604 1333 5658 non
1368 5587 1663 5657 prophetae.

432 5657 521 5729 92)
559 5661 730 5715 Prior.
761 5660 1118 5715 Eeclesiastic.
1150 5674 1190 5722 ι,
1216 5657 1271 5729 4.

432 5666 521 5729 92)
559 5666 730 5715 Prior.
761 5666 1118 5715 Eeclesiastic.
1150 5674 1190 5722 ι,
1216 5666 1271 5713 4.

410 5666 519 5800 (95)
549 5731 681 5785 Cum
713 5732 971 5800 ﬁdelibus.
1009 5728 1261 5800 Ibid,”
1291 5740 1408 5799 {seu
1434 5724 1546 5798 16).

411 5768 521 5869 ξύλ’)
550 5768 882 5864 ὃὶὶᾏὶιὲιὶῗιῖῗῐ
893 5768 1219 5860 ’δότῗὶἷὲιῖ

416 5868 523 5942 (95)
558 5870 809 5926 Stultum.
840 5868 996 5939 lbid.,
1023 5869 1111 5923 eo.

2005 4389 2093 4442 ὅτε
2109 4390 2186 4452 εἰς
2203 4386 2523 4461 ἀνθρώπους
2538 4388 2606 4442 τὰ
2622 4387 2758 4460 ἔργα
2778 4386 2939 4442 αὐτοῦ
2954 4388 3288 4460 ἐγενόμην,ἢ
3306 4388 3575 4456 κατεσκήο

2005 4497 2150 4533 νωσα
2196 4478 2498 4551 σαρκωθεὶς
2531 4479 2591 4543 ἐξ
2620 4479 2821 4533 αὐτῶν.
2865 4480 2923 4532 'U
2954 4478 3063 4550 γὰρ
3101 4478 3199 4544 ὢν,
3230 4479 3326 4533 κα)⁸
3368 4475 3573 4546 προὼν,

2003 4572 2097 4625 καὶ
2142 4572 2215 4643 μὴ
2252 4572 2318 4624 δι’
2349 4572 2558 4636 ἑαυτὸν,
2601 4572 2668 4625 δι’
2711 4572 2903 4635 ἄλλους
2947 4569 3005 4625 δὲ
3044 4573 3353 4644 γενόμενος,
3400 4571 3576 4624 ἐκεῖνο

2103 4816 2191 4883 96)
2215 4815 2504 4885 Sapientia.
2537 4817 2644 4874 «ob
2674 4834 2869 4885 xxvm,
2901 4817 2988 4872 12.

2103 4881 2564 4969 97)·Ρὴιιιεηιὶω.
2621 4888 2787 4944 Biblia
2839 4881 2871 4942 τί
2925 4886 3286 4957 Ἐπιστήμης,
3353 4881 3408 4936 id
3464 4888 3570 4949 εει.

2013 4974 2030 5008 ι
2055 4968 2311 5011 scientiae.
2340 4978 2358 5009 ι

2080 5026 2191 5097 (98)
2225 5027 2519 5097 Sapientia.
2553 5027 2892 5083 Ecclesiastis
2919 5042 3037 5095 cap.
3075 5041 3151 5087 rx.
3194 5020 3461 5097 vet-5.16.

2077 5091 2190 5166 (99)
2220 5091 2345 5154 me.
2376 5098 2506 5166 Sap.
2542 5113 2641 5164 vn,
2670 5098 2736 5152 16
2783 5099 2896 5170 (seu
2951 5091 3061 5160 l5),
3090 5098 3185 5150 sed
3219 5093 3287 5161 ibi
3333 5091 3526 5160 legitur
3554 5108 3568 5143 :

2007 5165 2178 5239 ᾼύτὸς
2220 5166 2316 5220 καὶ
2363 5170 2459 5239 τῆς
2501 5168 2691 5239 σοφίας
2731 5168 2923 5238 ὁδηγός
2962 5170 3097 5239 ἐστι.
3137 5164 3230 5239 καὶ
3255 5161 3363 5215 τῶν
3397 5159 3574 5239 σοφῶν

2008 5219 2321 5307 διορθῶτηίς,
2361 5219 3096 5307 iducstrr—l'psesap'ieittize
3140 5236 3250 5289 dux
3277 5242 3380 5298 est,
3404 5219 3571 5287 et'sa-

2008 5306 2271 5376 pientian
2301 5307 2623 5370 moderator,
2651 5326 2671 5359 ι
2714 5307 2831 5363 sive
2869 5325 2887 5359 ι
2910 5307 3241 5363 emendator.
3266 5321 3288 5357 ι

2107 5373 2160 5440 1)
2190 5373 2339 5430 Saul.
2366 5379 2486 5430 Act.
2518 5392 2593 5440 rx,
2623 5376 2677 5429 4.

2105 5444 2158 5513 2)
2193 5444 2425 5513 Esurivi.
2457 5444 2649 5500 Matth.
2678 5461 2803 5513 ην,
2831 5446 2921 5500 55.

2085 5511 2163 5585 (5)
2192 5511 2346 5568 Solus
2373 5514 2649 5569 Dominus.
2682 5511 2852 5585 EpiSt.
2891 5516 3014 5571 Jud.
3047 5529 3189 5572 vers.
3213 5512 3269 5568 4.

2197 5585 2373 5656 ξατεὶι
2413 5586 2665 5656 amnibus.
2701 5586 2826 5656 Sap.
2857 5604 2934 5653 x1,
2960 5586 3048 5644 27.

2081 5651 2158 5725 (5)
2197 5651 2387 5725 [[omo.
2410 5653 2604 5725 Matth.
2634 5670 2750 5721 χχι,
2777 5651 2870 5711 35.

2190 5723 2382 5800 Iiomo.
2408 5723 2538 5800 Luc.
2564 5741 2656 5800 xx,
2675 5726 2736 5800 _9.
2770 5726 2957 5800 Graeca
3008 5727 3180 5800 editio
3206 5746 3219 5781 :
3250 5724 3575 5800 Ἄνθρωπός

2003 5791 2098 5869 τις
2136 5791 2435 5869 ’ἐφύτευσεν
2480 5794 2808 5863 ἀμπελῶνα,
2855 5797 2907 5852 id
2954 5808 3053 5862 est,
3138 5795 3308 5857 Hotno
3354 5791 3567 5869 quidam

2001 5862 2268 5935 plantavit
2298 5862 2531 5919 vineam.
2561 5883 2580 5917 ι
