4056 6404
480 377 589 435 817

1548 376 1637 431 DE
1675 374 2049 432 TRINITATE
2087 375 2292 432 LIBER
2331 378 2655 439 TERTIUS.

3637 386 3745 443 8I8

483 494 600 558 πῶς
627 492 743 547 ἐστι
770 492 981 563 νοῆσαι,
1003 491 1070 545 δι’
1096 489 1190 555 οὓς
1218 490 1313 545 καὶ
1342 488 1464 545 καθ’
1486 489 1579 554 οὒς
1598 488 1814 559 ἐγένετο
1836 505 1851 553 ;
1893 489 1981 553 Ὦς
2004 506 2033 542 τ

2170 489 2312 544 ἰηιει·
2338 506 2433 546 eos
2469 493 2730 559 habitavi,
2783 508 2948 549 carne
3007 508 3072 549 ex
3132 493 3295 567 3&0
3340 495 3469 566 ipsis
3512 509 3745 566 sumpta.

477 585 744 657 ἀνάπαλιν
763 586 960 638 ἐκεῖνοι
985 584 1327 655 εὑρίσκονται
1349 582 1549 654 τρόπον
1561 581 1705 645 τινὰ,
1730 581 1758 633 ὃ
1778 582 1926 633 ἐστιν
1950 582 1979 633 ὁ
1996 579 2066 633 δι’

475 676 675 738 αὐτοὺς
707 673 999 743 γενόμενος
1036 673 1157 727 κατ’
1189 672 1407 735 αὐτούς.
1437 671 1738 742 Τοιγαροῦν
1776 671 1834 722 ἐν
1877 671 2058 741 μορφῇ

475 765 611 821 θεοῦ
643 766 923 836 ὑπάρχων,
958 764 1170 837 μορφὴν
1224 763 1383 817 ἔλαϐε
1409 763 1595 815 δούλου
1618 777 1631 790 ·
1657 763 1819 832 ἡμεῖς
1858 778 1917 813 τε
1945 761 2066 829 ἐγε-

477 859 677 929 νόμεθα
710 860 829 911 κατ’
858 859 1040 912 εἰκόνα
1088 857 1179 910 τοῦ
1210 856 1491 919 κτίσαντος
1521 856 1699 926 ἡμᾶς,
1730 854 1806 918 ὠς
1856 853 2063 918 ἐδίδαξε

475 949 703 1013 Παῦλος.
734 952 803 1002 Ἦ
826 950 932 1023 ἄρα
960 950 1054 1002 καὶ
1073 950 1138 1019 τῇ
1168 965 1184 997 ι
1219 947 1400 1000 ἔκτισε
1432 965 1452 997 ι
1505 945 1649 1010 λέξει
1686 944 1917 999 ἐνταῦθα
1941 945 2062 998 ἀντὶ

472 1039 589 1102 τοῦ,
605 1040 954 1111 κατέστησεν,
975 1038 1029 1109 ἢ,
1056 1036 1368 1102 κατέταξεν,
1387 1037 1782 1108 ἐχρήσατο,ὄτε
1804 1033 1940 1105 ὁμοῦ
1969 1033 2061 1087 ἐπί

2172 580 2303 637 Nam
2336 584 2426 651 qui
2457 593 2540 640 est
2574 587 2868 653 exsistens,
2908 596 2959 642 et
2982 589 3381 658 praeexsistens,
3414 590 3614 658 quique
3642 608 3750 647 non

2168 685 2388 743 propter
2448 678 2707 748 seipsum,
2752 681 2846 734 sed
2887 690 3107 749 propter
3145 680 3278 734 alios
3315 680 3490 736 faetus
3542 692 3646 748 est,
3684 682 3748 735 il-

2167 763 2276 819 lum
2300 765 2411 832 jam
2443 767 2610 824 fuisse
2653 786 2817 824 unttm
2851 785 2919 824 ex
2965 772 3053 836 iis,
3111 782 3332 842 pr0pter
3381 788 3518 842 quos
3568 773 3748 827 factus

2166 868 2270 923 est,
2303 868 2355 911 et
2383 859 2579 928 quibus
2605 861 2797 916 similis
2834 863 3007 917 factus
3041 872 3145 930 est,
3197 867 3467 934 quomodo
3518 866 3744 935 intelligi

2164 949 2373 1020 potest?
2410 950 2479 1004 At
2512 952 2793 1008 haereticos
2822 952 2898 1022 (7)
2924 955 3041 1007 vice
3071 969 3226 1009 versa
3260 955 3310 1008 id
3345 956 3745 1023 quodammodo

2165 1040 2300 1095 velle
2321 1052 2556 1110 constat,
2590 1053 2649 1099 ut
2683 1045 2727 1101 is
2760 1055 2917 1100 antea
2975 1046 3140 1101 fuerit
3185 1047 3328 1117 quod
3370 1060 3590 1117 propter
3624 1049 3743 1104 illos

472 1149 532 1184 τε
581 1131 690 1184 τῶν
713 1132 981 1203 χερουϐὶμ
1021 1131 1113 1184 κα)⁴
1162 1131 1218 1183 ἐν
1244 1129 1419 1201 φάτνῃ
1457 1124 1546 1199 ἦν,
1575 1128 1651 1192 ὡς
1693 1128 1763 1181 τὰ
1785 1128 1913 1199 περ)⁸
1959 1127 2037 1197 τῆ.

2165 1131 2339 1188 factus
2372 1120 2479 1199 'est,
2508 1136 2697 1206 eisque
2733 1137 2945 1192 similis.
3008 1135 3175 1208 Igitur
3211 1139 3305 1208 qui
3337 1137 3590 1192 informa
3645 1140 3740 1194 Dei

472 1223 629 1275 ἐνανο
636 1224 932 1294 ρωπήσεως
954 1220 1119 1275 αὑτοῦ
1141 1219 1556 1290 αἰνιγματωδῶς
1577 1218 1751 1289 δηλῶν
1776 1222 2034 1291 προεῖπεν

2160 1233 2295 1291 erat,
2346 1223 2571 1280 fortnam
2639 1228 2781 1283 servi
2833 1228 3080 1299 accepit;
3127 1244 3225 1284 nos
3268 1245 3397 1285 vero
3443 1231 3740 1285 secundum

477 1332 495 1362 s
547 1314 684 1382 Ἐγὼ
716 1313 772 1366 δὲ
804 1312 1145 1384 κατεστάθην
1186 1312 1443 1383 βασιλεὺς
1473 1311 1563 1364 ὑπ’
1596 1310 1760 1363 αὑτοῦ
1788 1310 1881 1363 ἐπὶ
1920 1308 2037 1363 Σιὼε

2162 1315 2448 1385 imaginem
2502 1316 2639 1386 ejus,
2677 1319 2768 1390 qui
2797 1320 3002 1374 creavit
3035 1333 3154 1386 nos,
3186 1320 3326 1375 sicut
3354 1320 3537 1375 docuit
3594 1320 3740 1375 Pau-

465 1402 596 1474 ὅρος
624 1404 683 1457 τὸ
712 1405 865 1473 ἅγιον
894 1404 1058 1457 αὑτοῦ
1076 1422 1089 1433 ·
1128 1422 1148 1454 ι
1179 1404 1272 1456 καὶ
1296 1402 1371 1466 ὡς
1402 1404 1432 1456 ὁ
1477 1400 1803 1471 ’Υμνολόγος
1827 1400 2020 1471 ψάλλει

2145 1406 2242 1478 Ilus
2271 1406 2370 1477 (8),
2403 1406 2529 1463 facti
2583 1425 2790 1471 sumus.
2831 1410 3087 1467 Fortasse
3114 1411 3275 1464 etiam
3330 1426 3456 1478 vox,
3510 1412 3733 1477 creavit,

476 1512 495 1545 ι
541 1495 599 1547 ’0
640 1494 842 1566 Κύριος
871 1494 1240 1558 ἐϐασίλευσεν,
1271 1493 1609 1565 εὐπρέπειαν
1656 1491 1964 1546 ἐνεδύσατο·
2030 1512 2037 1546 l

2158 1498 2442 1554 adhibetur
2477 1500 2567 1556 hic
2620 1517 2720 1571 pro
2746 1504 3047 1567 constituit,
3073 1502 3159 1558 vel
3186 1502 3487 1570 collocavit,
3519 1504 3736 1574 quando

470 1584 645 1638 καίτοι
699 1586 884 1650 ἀϊδίως
931 1586 1252 1657 προϋπῆρχε
1304 1583 1557 1655 βασιλεὺς
1634 1582 2031 1654 βασιλευόντων

2153 1590 2312 1646 simul
2342 1600 2396 1646 et
2425 1606 2590 1663 super
2631 1594 2909 1649 cherubim
2939 1605 3076 1661 erat,
3128 1604 3183 1650 et
3211 1595 3262 1650 in
3308 1595 3536 1665 ιιι-ωδερί
3574 1612 3590 1651 :
3627 1612 3735 1666 quo

462 1683 799 1753 εὐπρέπειαν
832 1672 1216 1752 ἀκατάληπτον
1245 1680 1411 1752 ἔχων.
1462 1678 1695 1749 Ὁμοίως
1734 1679 1838 1732 οὐκ
1876 1673 2037 1732 εἶπεν.

2157 1682 2333 1748 modo,
2393 1679 2828 1739 Incarnationem
2861 1700 3013 1741 suam
3052 1701 3149 1756 per
3187 1686 3414 1754 aenigma
3465 1686 3730 1751 indicans,

466 1775 525 1826 ἐν
562 1774 727 1845 ἀρχῇ,
758 1772 813 1844 ἢ,
851 1772 956 1844 πρὸ
994 1772 1170 1844 ἀρχῆς
1209 1771 1344 1826 ὁδῶν
1382 1771 1570 1836 αὐτοῦ,
1632 1769 1747 1827 ἀλλ’
1797 1786 1820 1821 ι
1876 1770 2037 1841 ἁρχὴι

2153 1771 2399 1840 praedixit
2430 1790 2444 1827 :
2493 1790 2513 1824 ι
2553 1772 2661 1844 Ego
2696 1783 2873 1830 autem
2905 1773 2978 1846 (9)
3010 1775 3339 1830 constitutus
3377 1791 3495 1830 sum
3537 1791 3635 1829 rex
3663 1775 3732 1830 ab

459 1863 599 1918 ὁδῶν
632 1862 759 1936 [160
787 1863 844 1936 a]
878 1863 1064 1917 αὐτοῦ.
1106 1883 1125 1917 ι

2151 1876 2217 1917 eo
2249 1876 2409 1930 super
2441 1861 2571 1917 Sion
2617 1875 2853 1919 montem
2894 1877 3141 1921 sanctum
3187 1866 3338 1935 ejus;
3384 1886 3403 1919 ›
3460 1876 3516 1922 et
3560 1866 3729 1938 Hym-

463 1958 689 2030 nologus
718 1960 899 2029 psallit
932 1977 948 2014 :
988 1977 1008 2011 ι
1046 1958 1305 2013 Dominus
1342 1956 1454 2029 (10)
1490 1957 1756 2028 regnavit,
1790 1956 2039 2010 decorem
2081 1956 2299 2010 indutus
2368 1968 2471 2013 est.
2505 1977 2525 2010 ι
2590 1958 2752 2029 Atqui
2820 1966 2888 2014 ab
2941 1970 3146 2017 aeterno
3196 1963 3609 2031 prmexsistebat
3634 1978 3727 2018 rex

465 2067 648 2119 regum
699 2052 948 2106 decorem
1004 2050 1205 2106 habens
1291 2047 1913 2120 incomprehensibilem.
1960 2045 2185 2117 Insuper
2249 2064 2356 2104 non
2422 2051 2519 2117 ait,
2588 2051 2643 2105 in
2714 2052 2887 2116 initio,
2938 2062 3050 2118 aut,
3088 2062 3211 2108 ante
3263 2054 3474 2109 initium
3520 2058 3727 2110 viarum

462 2162 714 2212 suarum;
755 2147 870 2211 sed,
907 2164 926 2196 ι
957 2147 1167 2200 initium
1196 2149 1400 2200 viarum
1437 2162 1677 2201 suarum.
1732 2165 1752 2199 ι

534 2239 698 2292 ’Ὥστε
728 2240 891 2293 πάλιν
912 2240 1012 2311 τῆς
1037 2240 1503 2311 ἐνανθρωπήσεως
1528 2239 1695 2293 αὐτοῦ
1716 2239 1889 2312 ἀρχὴν
1910 2256 2045 2311 προ-

457 2329 735 2398 λέγεσθαι,
788 2330 881 2384 καὶ
926 2329 986 2383 οὐ
1045 2330 1143 2402 τὴν
1196 2330 1356 2401 φύσιν
1414 2331 1515 2401 τῆς
1585 2331 1822 2403 άνάρχου
1878 2330 2042 2383 αὐτοῦ

461 2420 739 2491 θεότητος.
784 2421 1191 2476 ’Δπολεσάντων
1217 2422 1326 2494 γὰρ
1343 2422 1453 2475 τῶν
1476 2422 1570 2476 ἀνθ
1581 2424 1775 2494 ρώπων
1800 2422 1898 2493 τὴν
1926 2421 2043 2474 ὁδὸν

456 2515 558 2584 τὴν
590 2513 830 2583 ἄγουσαν
865 2515 1002 2586 πρὸς
1030 2514 1185 2580 Θεὸν,
1211 2516 1373 2579 αὐτὸς
1418 2518 1552 2586 ἡμῖν
1578 2517 1637 2569 ἐν
1664 2518 1729 2587 τῇ
1760 2515 2043 2585 οἰκονομίᾳ

455 2606 574 2671 ὁδὸς
618 2606 836 2675 ἐγένετο
878 2608 1191 2679 πρόσφατος
1241 2608 1334 2661 καὶ
1369 2608 1555 2671 ζῶσα·
1597 2609 1692 2662 καὶ
1744 2607 1803 2661 ὃν
1842 2607 2042 2679 τρόπον

461 2696 552 2750 διὰ
581 2698 682 2768 τὴν
720 2700 778 2752 ἐν
813 2699 978 2769 σαρκὶ
1008 2699 1324 2768 οἰκονομίαν
1357 2697 1510 2752 εἶπεν
1532 2716 1545 2731 ·
1600 2718 1621 2752 s
1678 2697 1819 2767 Ἐγώ
1850 2701 1964 2769 εἰμι
2007 2700 2040 2770 ἡ

454 2788 607 2852 ὁδός·
654 2807 672 2840 ι
723 2788 831 2841 καί
850 2789 1013 2843 πάλιν
1040 2805 1053 2817 ·
1097 2807 1116 2840 ι
1166 2790 1357 2853 Οὐδεὶς
1400 2789 1621 2861 ἔρχεται
1650 2789 1787 2860 πρὸς
1814 2790 1903 2842 τὸν
1931 2790 2042 2842 Πα-

453 2882 607 2952 τέρα,
637 2882 686 2933 εί
723 2880 797 2952 μὴ
838 2880 906 2934 δι’
950 2881 1105 2952 ἐμοῦ,
1147 2902 1166 2933 ι
1202 2882 1345 2935 τοῦτ’
1396 2882 1510 2935 ἔστι
1585 2882 1673 2935 διὰ
1703 2882 1803 2953 τῆς
1834 2883 1915 2945 είς
1942 2880 2041 2953 τὴν

456 2970 595 3043 ἐμὴν
639 2971 1053 3043 ἐνανθρώπησιν
1092 2974 1328 3035 πίστεως
1362 2973 1588 3043 βαδίσῃ·
1622 2974 1690 3026 δι’
1732 2973 1901 3044 αὐτὴν
1934 2973 2037 3046 ἔφη

456 3060 551 3112 καὶ
592 3059 674 3123 τὸ,
712 3077 733 3110 ί
783 3060 991 3132 Κύριος
1065 3062 1248 3115 ἐκτισέ
1291 3080 1359 3133 με
1390 3063 1562 3133 ἀρχὴν
1605 3063 1740 3116 ὁδῶν
1770 3062 1957 3117 αὐτοῦ.
2014 3084 2033 3116 ι

468 3150 692 3221 Ἐτέχθη
723 3150 866 3223 γὰρ,
901 3153 965 3206 ἐκ
1008 3154 1106 3223 μὲν
1146 3154 1246 3225 τῆς
1295 3154 1644 3217 ὑποστάσεως
1672 3153 1766 3207 τοῦ
1802 3154 2036 3225 Πατρὸς,

450 3241 729 3313 ἀνάρχως,
758 3242 1054 3312 ἀφράστως
1074 3261 1087 3273 ·
1118 3246 1182 3297 ἐκ
1207 3245 1265 3298 δὲ
1302 3245 1403 3315 τῆς
1436 3245 1701 3316 ἀμιάντου
1735 3244 2035 3317 Παρθένου,

452 3331 531 3402 τῷ
559 3334 656 3404 μὲν
680 3334 985 3404 προειδέναι
1009 3336 1186 3389 πάντα
1217 3337 1292 3400 ὡς
1320 3338 1471 3403 Θεὸς,
1500 3338 1595 3390 καὶ
1630 3338 1708 3409 τῷ
1749 3339 2037 3410 προορίσαι

449 3422 552 3493 τὴν
592 3424 923 3494 οἰκονομίαν,
959 3425 1064 3496 πρὸ
1103 3426 1196 3480 τοῦ
1232 3426 1426 3491 αἰῶνος
1480 3426 1669 3499 (καθὰ
1695 3427 2039 3503 ἐπιστέλλουέ

2228 2235 2443 2290 Rursus
2474 2249 2605 2306 ergo
2636 2235 3031 2292 lncarnationis
3069 2236 3186 2304 ejus
3235 2237 3445 2291 initium
3477 2251 3730 2313 przenun:

2154 2327 2273 2395 tiat,
2325 2344 2431 2382 non
2487 2342 2617 2383 vero
2674 2337 2922 2382 naturam
2977 2337 3194 2383 internas
3252 2328 3421 2397 ipsius
3487 2327 3725 2385 deitatis.

2149 2418 2286 2473 Nam
2320 2434 2441 2473 cum
2481 2419 2625 2473 viam
2657 2418 2903 2474 homines
2938 2420 3270 2485 amisissent,
3320 2434 3440 2489 qua:
3468 2419 3618 2474 ducit
3658 2421 3727 2479 ad

2152 2507 2344 2573 Deum,
2378 2507 2491 2577 ipse
2523 2507 2684 2562 nobis
2726 2507 2780 2561 in
2815 2506 3190 2564 lncarnatione
3216 2508 3390 2564 factus
3413 2518 3497 2563 est
3520 2510 3606 2565 via
3636 2524 3729 2565 no-

2150 2612 2213 2651 va
2278 2615 2341 2653 ac
2378 2599 2497 2651 viva
2530 2615 2544 2651 :
2576 2606 2631 2651 et
2676 2598 2818 2652 sicut
2846 2606 3065 2668 propter
3103 2597 3534 2654 Incarnationem
3563 2600 3723 2665 dixit.

2156 2708 2175 2742 ι
2210 2690 2322 2761 Ego
2365 2706 2484 2746 sum
2534 2689 2645 2761 (11)
2672 2691 2787 2756 via;
2827 2710 2848 2744 ι
2891 2699 2945 2746 ει
2979 2706 3188 2756 rursus,
3227 2710 3247 2743 ι
3280 2690 3450 2746 Nemo
3481 2690 3590 2764 (19.)
3620 2708 3711 2748 ve-

2149 2784 2227 2837 nit
2253 2784 2319 2837 ad
2358 2782 2597 2849 Patrem,
2629 2784 2731 2837 nisi
2758 2798 2854 2847 per
2879 2798 2986 2849 me,
3029 2803 3048 2836 ι
3083 2784 3135 2839 id
3168 2792 3272 2849 est,
3309 2785 3414 2840 nisi
3444 2799 3542 2856 per
3562 2785 3724 2841 ﬁdem

2150 2875 2205 2929 in
2239 2889 2412 2929 meam
2461 2873 2914 2943 Incarnationem,
2943 2875 3106 2930 vadat
3150 2893 3165 2930 :
3228 2878 3301 2930 ita
3350 2876 3420 2930 ob
3477 2876 3723 2930 eamdem

2146 2968 2283 3023 dixit
2309 2967 2471 3021 etiam
2501 2980 2517 3020 :
2558 2983 2578 3017 ι
2618 2966 2879 3021 Dominus
2902 2967 3109 3021 creavit
3141 2980 3227 3020 me
3266 2965 3480 3019 initium
3511 2965 3723 3020 viarum

2146 3074 2389 3115 suarum.
2427 3076 2446 3109 ι
2484 3057 2714 3111 Genitus
2748 3058 2890 3111 enim
2934 3058 3034 3111 fuit
3060 3073 3126 3112 ex
3175 3058 3455 3129 hypostasi
3503 3058 3720 3127 quidem

2146 3148 2340 3215 Patris,
2373 3150 2440 3203 ab
2482 3158 2704 3214 aeterno,
2739 3148 3125 3214 ineﬂabiliter;
3179 3163 3243 3203 ex
3278 3149 3602 3203 intemerata
3633 3163 3725 3203 au-

2146 3251 2257 3297 tem
2286 3239 2534 3310 Virgine,
2564 3250 2834 3309 quatenus
2863 3241 3083 3311 quidem
3123 3242 3304 3296 omnia
3339 3241 3611 3312 praescivit
3633 3251 3726 3296 ut-

2145 3346 2274 3406 pote
2326 3336 2487 3401 Deus,
2519 3343 2573 3389 et
2625 3341 2894 3403 quatenus
2939 3334 3342 3405 praedestinavit
3388 3333 3722 3389 lncarnatio-

2144 3443 2291 3491 nem,
2348 3436 2475 3483 ante
2531 3427 2786 3482 saeculum
2847 3426 3064 3496 genitus
3108 3424 3214 3480 fuit
3264 3425 3433 3497 (sicut
3478 3426 3725 3481 scribunt

454 3531 561 3579 σιν,
622 3515 834 3579 Παῦλος
884 3518 982 3587 μὲν
1028 3517 1462 3573 Κολοσσαεῦσιν·
1526 3536 1545 3570 ε
1612 3517 1686 3573 Τὸ
1741 3521 2037 3592 μυστήριον

2145 3516 2340 3571 Paulus
2382 3517 2597 3586 quidem
2653 3513 3073 3570 Colossensibus
3114 3534 3127 3568 :
3184 3534 3203 3567 ι
3241 3514 3555 3586 Mysterium
3604 3514 3721 3587 (15)

449 3604 628 3671 τοῦτο,
669 3606 730 3658 τὸ
767 3607 1261 3679 ἀποκεκρυμμένον
1294 3610 1397 3680 πρὸ
1425 3608 1533 3662 τῶν
1563 3608 1775 3665 αἰώνων
1805 3611 1900 3664 καὶ
1927 3611 2036 3664 ἀπὸ

449 3696 560 3750 τῶν
604 3697 841 3765 γενεῶν,
879 3698 973 3752 νῦν
1018 3700 1338 3771 ἐφανερώθη
1390 3704 1501 3765 τοῖς
1549 3701 1726 3769 ἁγίοις
1767 3700 1966 3755 αὐτοῦ·
2011 3722 2030 3755 ι

451 3790 657 3860 Πέτρος
678 3790 736 3843 δὲ
765 3792 822 3843 ἐν
849 3793 914 3862 τῇ
946 3791 1137 3864 πρώτῃ
1180 3794 1463 3864 Ἐπιστολῇ
1499 3795 1626 3862 περ).
1653 3792 1747 3847 τοῦ
1774 3794 2032 3865 Χριστοῦ·

453 3901 477 3932 ‹
517 3882 975 3953 Προεγνωσμένου
1004 3885 1104 3956 μὲν
1137 3886 1242 3957 πρὸ
1276 3886 1581 3955 καταϐολῆς
1614 3886 1844 3957 κόσμου,
1877 3904 2039 3955 φανε-

453 3974 716 4044 ρωθέντος
764 3975 822 4028 δὲ
874 3976 959 4029 ἐπ’
1018 3978 1262 4047 ἐσχάτων
1316 3978 1423 4031 τῶν
1469 3978 1676 4049 χρόνων
1704 3978 1797 4047 ι),
1851 3977 1930 4048 τῷ
1977 3977 2036 4031 δὲ

451 4068 772 4137 πράγματι,
810 4068 900 4121 ὅτε
938 4070 1207 4138 ἐπέφανεν
1264 4070 1325 4135 ἐξ
1368 4069 1536 4139 ῦψους
1582 4072 1694 4133 τοῖς
1751 4070 1810 4124 ἐν
1855 4069 2035 4123 σκότει

450 4160 545 4213 καὶ
580 4161 707 4230 σκιᾷ
747 4159 976 4213 θανάτου
1018 4162 1147 4215 ποτὲ
1191 4162 1561 4216 καθεσθεῖσιν·
1618 4164 1708 4216 ὅτε
1751 4162 1896 4227 λίθος
1931 4180 2035 4217 πα-

454 4250 753 4323 ραϐολικῶς
793 4253 1119 4323 ὠνομάσθη·
1163 4254 1252 4306 ὅτε
1300 4254 1515 4321 ἐγένετο
1567 4255 1709 4327 ἀρχὴ
1757 4254 1891 4308 ὁδῶν
1938 4254 2035 4308 καὶ

450 4342 699 4413 θεμέλιος
737 4346 895 4416 ἡμῶν
917 4361 932 4377 ·
965 4339 1115 4413 ᾧτινι
1160 4347 1395 4417 θεμελίῳ
1435 4348 1528 4400 καὶ
1566 4348 1698 4418 λίθῳ
1731 4351 2035 4420 ἐπιμαρτυ-

452 4435 636 4504 ροῦσιν
674 4435 867 4503 οὕτως,
920 4438 1131 4503 Παῦλος
1180 4441 1279 4510 μὲν
1333 4440 1559 4510 γράφων
1608 4440 1918 4510 Κορινθίοις
1970 4439 2033 4491 τὸ

451 4525 666 4592 πρῶτον
684 4542 699 4555 ·
736 4544 756 4577 ι
795 4527 1060 4597 Θεμέλιον
1084 4529 1192 4600 γὰρ
1214 4529 1393 4593 οὐδεὶς
1434 4528 1657 4582 δύναται
1681 4529 1852 4582 θεῖναι
1882 4533 2033 4599 παρά

449 4615 541 4668 τὸν
576 4618 846 4688 κείμενον,
878 4621 937 4683 ὃς
967 4622 1113 4674 ἐστιν
1155 4622 1361 4693 Ἰησοῦς
1389 4622 1643 4694 Χριστός.
1683 4640 1702 4673 ι
1746 4622 1945 4692 Ἀρχὴν
1974 4619 2031 4673 δὲ

447 4704 543 4758 τοῦ
596 4709 877 4763 καλεῖσθαι
914 4711 1148 4780 Χριστὸς
1198 4710 1404 4782 Ἰησοῦς
1465 4713 1524 4765 ἐν
1561 4714 1627 4782 τῇ
1675 4710 2030 4782 ἐνανθρωπή-

454 4814 533 4850 σει
560 4799 768 4855 ἔλαϐεν.
796 4803 958 4858 ’Ὀθεν
984 4807 1041 4857 ἐν
1064 4805 1141 4875 τῷ
1159 4806 1342 4877 Λουκᾷ
1365 4808 1393 4860 ὁ
1419 4805 1648 4875 ἄγγελος
1673 4807 1772 4878 τὴν
1796 4805 1924 4878 [160
1973 4804 2026 4878 b]

444 4889 741 4969 ὀνομασίαν
780 4896 945 4948 αὑτοῦ
983 4896 1057 4960 ὡς
1090 4898 1179 4951 ἐπὶ
1232 4898 1515 4969 μέλλουσιν
1550 4901 1817 4962 ποιεῖται,
1853 4898 2027 4967 λέγων

450 4984 513 5053 τῇ
546 4984 836 5057 Παρθένῳ·
876 5006 895 5039 ι
940 4987 1120 5055 ’Ἑξεις
1163 4991 1298 5053 υἱὸν,
1330 4992 1425 5044 καὶ
1464 4990 1722 5055 καλέσεις
1763 4990 1825 5043 τὸ
1863 4989 2035 5060 ὄνομα

445 5075 610 5129 αὑτοῦ
643 5077 870 5149 Ἰησοῦν.
903 5074 1070 5144 Οὗτος
1096 5080 1247 5136 ἔσται
1276 5084 1471 5153 μέγας,
1495 5082 1589 5136 καὶ
1615 5083 1742 5145 Υἱὸς
1773 5081 2029 5151 Ὑψίστου

444 5166 811 5241 κληθήσεται·
854 5190 873 5225 ι
906 5173 1002 5226 καὶ
1033 5174 1149 5245 μεθ’
1184 5174 1347 5246 ἐτερα
1370 5192 1384 5205 ·
1428 5194 1447 5227 ι
1486 5175 1578 5229 Διὸ
1610 5176 1705 5229 καὶ
1740 5175 1800 5228 τὸ
1826 5172 2028 5242 γεννώ-

519 5347 595 5418 (7)
627 5348 693 5401 At
717 5350 1009 5424 haereticos.
1041 5352 1165 5408 Ilaec
1190 5354 1443 5409 divinans
1486 5355 1689 5424 potius.
1723 5369 1893 5424 (luam;
1930 5354 2016 5407 in-

445 5426 752 5497 tergit-etans
774 5421 966 5490 Scripsi
998 5441 1011 5476 :
1046 5425 1181 5497 adeo
1197 5427 1475 5497 obscurus
1491 5421 1578 5497 est
1608 5421 1835 5497 locusin
1866 5422 2017 5497 Grae-

440 5502 529 5540 co.
567 5488 761 5555 Aliqua
794 5488 924 5544 vero
960 5493 1161 5547 omissa
1186 5493 1360 5549 fuisse
1398 5496 1636 5550 arbitror
1667 5513 1696 5549 a
1728 5494 1977 5550 librario.

516 5555 591 5694 (8)
619 5556 843 5639 Ιζαιιίιιε.
874 5561 1111 5630 Philipp.
1144 5581 1207 5630 ιι,
1234 5563 1268 5619 6
1296 5572 1351 5619 ει
1381 5563 1436 5632 7,
1489 5574 1545 5622 et
1570 5564 1781 5624 Coloss.
1815 5581 1901 5635 ιιι,
1931 5564 2017 5620 10.

516 5625 571 5694 (9
625 5625 735 5694 Ego
774 5640 971 5688 autem.
1013 5632 1156 5687 Psal.
1181 5652 1244 5694 ιι,
1275 5633 1330 5689 6.

538 5625 591 5699 9)
625 5625 735 5699 Ego
774 5640 971 5688 autem.
1013 5625 1156 5687 Pisal.
1181 5625 1244 5699 ιι,
1275 5633 1330 5689 6.

546 5697 625 5769 ιθ)
658 5697 934 5769 ροηιξγιιιε.
972 5703 1111 5757 Psal.
1138 5697 1268 5769 XCII,
1306 5705 1361 5761 1.

518 5765 628 5835 (ti)
663 5766 772 5889 ligo
801 5786 938 5823 sum.
965 5770 1121 5829 Joan.
1152 5765 1264 5843 xrv,
1293 5773 1348 5830 6.

518 5834 633 5906 (ιε)
674 5879 693 5895 .
728 5854 863 5893 emo.
896 5839 1115 5899 Ibidem.

728 5854 863 5893 emo.
896 5839 1115 5899 Ibidem.

2143 3612 2247 3665 hoc
2286 3609 2661 3664 absconditum
2693 3617 2820 3661 ante
2852 3607 3071 3672 sarcula,
3106 3617 3161 3661 et
3187 3622 3217 3661 a
3254 3608 3719 3679 generationibus,

2139 3718 2284 3765 nunc
2313 3700 2723 3756 manifestatum
2755 3708 2839 3755 est
2866 3701 3075 3755 sanctis
3111 3699 3264 3768 ejus;
3306 3718 3325 3752 ι
3370 3698 3564 3755 Petrus
3592 3714 3723 3755 vero

2138 3793 2193 3848 in
2263 3793 2436 3862 prima
2492 3791 2749 3863 Epistola,
2803 3792 2867 3846 de
2923 3789 3145 3847 Christo
3196 3790 3496 3860 inquiens:
3557 3808 3577 3843 ι
3620 3790 3723 3857 Qui

2139 3885 2502 3958 praecognitus
2547 3883 2662 3957 (14)
2695 3884 2910 3953 quidem
2938 3891 3023 3938 est
3060 3892 3189 3938 ante
3224 3885 3409 3938 mundi
3446 3884 3720 3939 constitu-

2140 3980 2367 4045 tionem,
2407 3977 2789 4033 manil‘estatus
2835 3984 3013 4030 autem
3048 3975 3102 4029 in
3143 3976 3454 4032 novissimis
3513 3985 3721 4045 tempo—

2139 4070 2311 4142 ribus)
2368 4089 2382 4125 :
2424 4070 2519 4125 sed
2583 4085 2644 4123 re
2694 4070 2804 4139 ipsa
2845 4069 3056 4138 genitus
3113 4068 3233 4133 fuit,
3288 4068 3504 4138 quando
3553 4082 3722 4138 appa-

2137 4164 2264 4227 ruit,
2302 4178 2365 4218 ac
2390 4162 2567 4217 illuxit
2591 4177 2657 4217 ex
2696 4162 2804 4215 alto
2867 4158 2978 4230 (15)
3039 4159 3143 4225 iis,
3212 4161 3301 4229 qui
3378 4160 3430 4214 in
3482 4159 3722 4214 tenebris

2134 4266 2189 4311 et
2212 4256 2263 4309 in
2294 4255 2481 4312 umbra
2508 4255 2698 4310 mortis
2720 4254 2927 4324 pridem
2956 4252 3251 4319 sedebant;
3283 4272 3301 4306 ι
3330 4250 3543 4322 quando
3557 4249 3716 4323 34],

2137 4347 2248 4418 (16)
2285 4347 2419 4415 lapis
2471 4344 2783 4415 parabolice
2802 4345 3113 4400 nominatus
3141 4354 3261 4409 est;
3291 4344 3510 4413 quando
3541 4342 3722 4397 factus

2136 4451 2223 4495 est
2254 4439 2469 4495 initium
2499 4440 2734 4503 viarum,
2763 4448 2818 4492 ει
2872 4438 3282 4492 fundamentum
3307 4445 3553 4491 nostrum
3585 4449 3601 4487 :
3630 4434 3719 4491 eui

2134 4533 2507 4597 fundamento,
2544 4547 2607 4586 ac
2647 4531 2809 4599 lapidi
2863 4529 3234 4585 testimonium
3298 4530 3369 4583 ita
3432 4529 3724 4597 perhibent

2137 4626 2452 4694 Scriptura.
2487 4623 2686 4677 Paulus
2718 4623 2932 4690 quidem
2983 4622 3037 4675 in
3085 4622 3257 4690 prima
3314 4621 3381 4673 ad
3409 4620 3722 4676 Corinthios

2134 4716 2372 4786 Epistola
2428 4714 2621 4769 scribit
2656 4730 2671 4768 :
2706 4732 2725 4764 ι
2756 4712 3189 4767 Fundamentum
3232 4713 3345 4786 (17)
3376 4714 3521 4767 enim
3557 4727 3719 4769 nemo

2134 4815 2311 4875 potest
2343 4821 2565 4876 ponere,
2588 4814 2790 4876 praeter
2848 4807 2900 4860 id
2939 4808 3082 4875 quod
3121 4807 3354 4877 positum
3394 4816 3499 4872 est,
3519 4806 3612 4875 qui
3637 4814 3723 4862 εει

2132 4896 2290 4951 Jesus
2303 4896 2573 4950 Christus.
2604 4915 2623 4947 ι
2646 4897 2859 4951 Initium
2883 4907 3065 4952 autem
3092 4896 3514 4965 nttncupationis
3536 4897 3716 4966 hujus,

2132 4989 2258 5058 quia
2286 4987 2485 5040 dicitur
2512 4987 2763 5045 Christus
2803 4989 2982 5053 Jesus,
3041 4990 3094 5044 in
3148 4991 3531 5044 lncarnatione
3561 5003 3717 5043 acce-

2134 5081 2233 5151 pit.
2265 5079 2470 5134 ldcirco
2493 5082 2717 5151 angelus
2753 5082 3251 5138 dettominationem
3293 5081 3413 5152 ejus
3448 5090 3709 5150 tanquam

2135 5174 2370 5229 futuram
2423 5174 2674 5227 enuntiat
2723 5174 2863 5245 apud
2917 5173 3118 5230 Lucam
3159 5175 3412 5245 inquiens
3471 5171 3713 5242 Virgini:

2198 5368 2334 5442 (15)
2369 5368 2700 5441 Hysterium.
2743 5372 2949 5427 Coloss.
3015 5389 3056 5438 i,
3095 5372 3187 5429 26.
3234 5372 3368 5428 Vide
3419 5385 3541 5442 pag.
3587 5371 3714 5438 197,

2130 5441 2457 5583 ηοέίῧιριιί
2486 5514 2855 5583 prwcognitus.
2888 5512 2905 5565 Ι
2945 5511 3089 5567 Petr.
3121 5528 3160 5583 ι.
3185 5512 3274 5568 20.

2206 5579 2316 5651 (l5)
2350 5579 2539 5651 Illuxit
2569 5598 2633 5635 ex
2661 5579 2798 5637 alto.
2831 5583 2963 5639 Luc.
3007 5600 3047 5648 ι,
3086 5582 3152 5636 78
3181 5592 3237 5638 et
3263 5583 3349 5639 79.

2208 5647 2322 5786 (16;
2349 5647 2523 5721 Lapis.
2562 5654 2681 5707 Act.
2722 5670 2793 5715 tv,
2833 5654 2921 5707 11.
3364 5721 3375 5731 .

2208 5721 2299 5786 (17
2361 5718 2820 5780 Fundamentum.
2853 5724 2871 5779 l
2906 5724 3032 5780 Cor.
3063 5739 3148 5786 ιιι,
3180 5721 3266 5778 11.
3313 5720 3448 5777 Vide
3478 5731 3592 5778 not.
3621 5722 3688 5779 56

2132 5718 2820 5862 pag-lgsl’undamentum.
2853 5724 2871 5779 l
2906 5724 3032 5780 Cor.
3063 5739 3148 5792 ιιι,
3180 5721 3266 5778 11.
3313 5720 3448 5777 Vide
3478 5731 3592 5778 not.
3621 5722 3713 5791 56,
