4056 6410
362 400 468 460 819

1623 409 1857 466 DIDYMI
1895 409 2364 467 ALEXANDRINI

3494 408 3604 464 8‘20

363 539 383 572 ι
423 519 658 576 Habebis
680 519 847 574 lilium
867 519 996 593 (18),
1015 528 1070 576 et
1093 523 1315 579 vocabis
1344 538 1541 581 nomen
1569 524 1685 594 eius
1712 526 1920 583 Jesutn.

2027 547 2192 602 ,μενον
2246 531 2418 598 ἅγιον,
2468 529 2796 603 κληθήσεται
2840 528 2965 592 rte;
3018 525 3173 582 Θεοῦ.
3220 546 3240 580 ι
3283 527 3492 600 Πέτρος
3539 530 3599 583 δὲ

358 611 460 666 llic
495 612 604 666 erit
637 627 887 682 magnus,
941 622 997 667 et
1033 613 1206 669 Filius
1252 615 1519 672 Altissimi
1571 620 1873 675 vocabitur.
1903 639 1922 672 ι

363 703 427 755 lit
481 704 605 772 post
654 702 759 756 alia
797 723 811 759 :
877 723 897 756 ι
928 703 1053 759 ideo
1099 706 1210 776 (19)
1263 717 1318 761 et
1348 709 1491 777 quod
1523 721 1782 769 nascetur
1814 712 1928 781 (20)

360 806 632 859 sanctum,
674 796 957 850 vocabitur
984 795 1151 852 Filius
1193 797 1304 852 Dei.
1333 817 1352 849 ι
1385 798 1576 853 Petrus
1598 811 1775 855 autem
1795 801 1927 873 (21),

360 897 410 938 et
446 884 643 940 Paulus
687 889 754 941 ad
813 886 1085 942 Romanos
1140 890 1423 944 scribunt:
1476 910 1495 942 ι
1537 890 1679 946 Ecce
1705 906 1845 962 pono
1876 892 1928 947 in

360 976 494 1031 Sion
523 977 751 1046 lapidem
778 976 1092 1034 offensionis
1124 979 1260 1051 (22),
1282 990 1340 1036 et
1364 995 1568 1051 petram
1597 983 1931 1049 scandali,et

360 1069 562 1133 omnis,
591 1068 683 1138 qui
713 1070 969 1124 credit‘in
991 1085 1134 1134 eum,
1180 1087 1285 1125 non
1334 1072 1720 1128 confundetur.
1742 1092 1762 1125 ι
1796 1073 1929 1127 Acta

362 1175 490 1215 vero
518 1161 887 1230 apostolorum
923 1180 937 1215 :
981 1181 1001 1214 ι
1034 1160 1134 1217 Hic
1160 1170 1246 1218 est
1283 1163 1441 1234 lapis,
1482 1164 1572 1233 qui
1611 1163 1928 1233 reprobatus

359 1260 448 1304 est
476 1266 506 1306 a
536 1252 692 1306 vobis
746 1252 1186 1317 aedificatoribus,
1220 1255 1310 1323 qui
1362 1255 1539 1308 factus
1565 1263 1649 1308 est
1676 1254 1729 1307 in
1765 1264 1928 1325 caput

362 1341 545 1411 anguli
572 1358 586 1401 :
612 1352 668 1395 et
697 1357 802 1395 non
824 1351 909 1396 est
942 1343 996 1396 in
1021 1342 1127 1397 alio
1157 1343 1337 1412 aliquo
1366 1343 1515 1397 salus
1546 1342 1684 1415 (25).
1715 1361 1734 1394 ι

430 1432 562 1487 Illud
594 1432 683 1488 hic
710 1433 1102 1498 animadverte,
1133 1435 1295 1503 quod,
1332 1434 1378 1489 si
1408 1449 1511 1489 una
1541 1450 1646 1488 non
1676 1443 1763 1489 est
1796 1448 1957 1489 san--

360 1532 460 1577 ctze
481 1522 761 1578 Trinitatis
785 1523 986 1588 Deitas,
1021 1534 1076 1578 et
1126 1525 1383 1594 potentia,
1436 1540 1502 1580 ne
1540 1528 1679 1596 apud
1713 1525 1925 1581 Patrem

359 1611 579 1679 quidem
621 1623 704 1667 est
761 1612 905 1669 salus
962 1614 1219 1685 (propitia
1279 1630 1411 1670 vero
1450 1617 1520 1670 sit
1558 1616 1715 1671 nobis
1740 1627 1925 1671 sancta

359 1701 646 1774 Trinitas).
671 1704 832 1773 Atqui
870 1705 1036 1760 etiam
1079 1705 1270 1760 Daniel
1314 1707 1677 1779 Iapidem(24)
1701 1708 1836 1762 vidit
1859 1724 1927 1763 «ει

369 1802 552 1848 monte
584 1794 883 1851 abscissum
937 1798 1056 1851 sine
1115 1798 1365 1853 manibus
1399 1800 1614 1869 (nempe
1647 1813 1792 1863 eum,
1831 1801 1923 1868 qui

2042 622 2375 693 Ῥωμαίους·
2413 641 2433 675 ι
2490 624 2619 677 Ἰδοὺ
2656 622 2844 694 τίθημι
2885 625 2942 677 ἐν
2972 621 3109 675 Σιὼν
3139 620 3284 675 λίθον
3318 622 3600 692 προσκόμ-

2034 732 2202 786 ματος
2225 758 2241 782 ,
2267 717 2359 770 καὶ
2398 716 2605 788 πέτραν
2633 715 2929 770 σκανδάλου
2946 730 2961 746 °
2993 714 3087 768 καὶ
3124 715 3232 777 πᾶς
3259 715 3288 767 ὁ
3330 713 3601 766 πιστεύων

2029 807 2117 860 ἐπ’
2146 808 2293 878 αὐτῷ
2318 809 2378 860 οὐ
2410 806 2955 878 καταισχυνθήσεται.
2997 826 3016 859 ι
3056 807 3123 859 Αἰ
3148 806 3204 857 δὲ
3232 805 3465 876 Πράξεις
3491 804 3599 858 τῶν

2029 900 2373 953 ἀποστόλων·
2427 918 2446 951 ι
2484 894 2651 962 Οὗτος
2678 940 2694 965 ,
2728 917 2748 951 ι
2784 898 2948 971 φησὶν
2975 938 2990 962 ,
3027 917 3044 948 ι
3092 897 3240 949 ἐστὶν
3289 899 3318 949 ὁ
3355 895 3502 960 λίθος
3568 898 3601 949 ὁ

2028 988 2399 1061 ἐξουθενηθεὶς
2433 991 2521 1060 ὑφ’
2560 990 2712 1062 ὑμῶν
2750 991 2857 1043 τῶν
2899 989 3215 1059 οἰκοδόμων,
3242 989 3271 1041 ὁ
3311 988 3603 1057 γενόμενος

2030 1081 2110 1142 εἰς
2137 1080 2376 1153 κεφαλὴν
2405 1081 2628 1149 γωνίας,
2657 1080 2751 1134 καὶ
2777 1080 2877 1135 οὐκ
2917 1079 3063 1134 ἐστιν
3095 1081 3154 1132 ἐν
3185 1077 3329 1149 ἄλλῳ
3355 1076 3533 1131 οὐδενὶ
3565 1079 3602 1147 ἡ

2032 1172 2294 1243 σωτηρία.
2331 1191 2351 1224 ι

2110 1429 2490 1501 Ἐπιτήρησον,
2528 1429 2605 1492 ὡς
2645 1429 2694 1481 εἰ
2734 1427 2807 1500 μὴ
2849 1428 2946 1499 μία
2985 1427 3176 1501 θεότης
3223 1429 3316 1482 καὶ
3371 1428 3605 1500 δύναμίς

2027 1522 2143 1574 ἐστι
2170 1522 2268 1592 τῆς
2301 1522 2460 1589 ἁγίας
2488 1519 2734 1592 Τριάδος,
2774 1519 2894 1573 οὐδέ
2924 1520 3077 1591 παρὰ
3100 1518 3181 1590 τῷ
3218 1519 3395 1590 Πατρὶ
3423 1520 3457 1590 ἡ
3491 1536 3599 1573 σω-

2027 1614 2208 1687 τηρία.
2245 1614 2430 1677 ’Ἰλεως
2455 1614 2513 1667 δέ
2546 1615 2677 1685 ἡμῖν
2708 1612 2850 1667 ἔστω
2873 1615 2907 1685 ἡ
2942 1612 3074 1681 ἁγία
3103 1611 3293 1684 Τριάς.
3329 1612 3439 1666 Καὶ
3474 1612 3601 1682 μέν·

2025 1722 2109 1758 τοι
2155 1705 2250 1758 καὶ
2294 1704 2493 1776 Δανιὴλ
2528 1704 2675 1758 λίθον
2723 1704 2967 1776 ἑώρακεν
3017 1702 3079 1769 ἐξ
3125 1703 3284 1775 ὅρους
3323 1702 3603 1773 τμηθέντα

2027 1795 2163 1849 ἄνευ
2185 1796 2382 1866 χειρῶν
2422 1794 2521 1866 (ὃς
2550 1797 2698 1848 ἐστιν
2734 1797 2764 1849 ὀ
2810 1796 2875 1849 ἐκ
2913 1795 3133 1867 Μαρίας
3162 1793 3443 1865 γεννηθεὶς
3471 1793 3607 1847 ἄνευ

356 1901 422 1940 ex
448 1885 617 1940 Maria
646 1888 857 1955 genitus
884 1886 987 1942 fuit
1015 1890 1135 1944 sine
1168 1889 1339 1954 ﬂuxu,
1374 1906 1442 1946 ac
1473 1890 1592 1946 sine
1616 1892 1920 1960 operatione

2029 1882 2267 1954 ρεύσεως
2308 1885 2403 1937 καὶ
2431 1885 2692 1953 ἐργασίας
2724 1884 2985 1957 ἀνδρὸς),
3023 1885 3117 1937 καὶ
3144 1883 3473 1937 λεπτύνοντα
3502 1883 3608 1953 τὴν

357 1977 508 2049 viri),
538 1990 594 2033 et
615 1979 1076 2034 comminuentem
1108 1980 1333 2048 idolum,
1376 1982 1493 2037 sive
1536 1983 1843 2051 imaginem,
1874 1984 1925 2038 id

354 2078 459 2133 est,
493 2071 775 2136 mundum,
812 2073 881 2125 ob
912 2072 1349 2127 crassitudinem
1385 2074 1601 2138 mentis,
1636 2084 1691 2129 et
1718 2074 1924 2143 luxum,

356 2161 409 2215 in
439 2177 547 2231 quo
572 2163 808 2216 vivebat.
843 2163 982 2229 Quid
1020 2174 1198 2217 autem
1226 2164 1510 2229 miramur,
1548 2166 1738 2221 salutis
1764 2182 1927 2238 nego-

352 2252 488 2308 tium
522 2253 683 2308 modo
706 2255 959 2326 quodam,
1011 2270 1171 2322 quem
1225 2270 1325 2309 nec
1363 2256 1566 2319 verbis,
1615 2270 1713 2310 nec
1744 2266 1926 2311 mente

354 2344 571 2412 assequi
637 2345 782 2409 licet,
839 2346 1020 2399 divina
1058 2348 1398 2416 praescientia
1457 2356 1583 2401 ante
1611 2348 1805 2402 saecula
1838 2348 1922 2401 fa-

354 2444 502 2491 ctum
528 2437 686 2491 esse?
720 2453 842 2493 cum
904 2452 1002 2492 nos
1053 2453 1268 2507 quoque
1327 2437 1582 2493 ineffabili
1635 2439 1739 2494 hac
1790 2455 1920 2508 prae-

346 2529 580 2582 .scientia
611 2529 747 2600 (25),
777 2545 841 2583 ac
875 2532 1112 2600 potentia
1147 2542 1273 2586 ante
1308 2531 1503 2586 saecula
1536 2542 1753 2588 creatos
1778 2547 1921 2595 esse,

352 2631 408 2676 et
437 2622 678 2676 salvatos
711 2621 856 2676 dicat
894 2624 1182 2692 Apostolus
1217 2625 1467 2679 scribens
1516 2624 1765 2694 Ephesiis
1803 2628 1923 2696 qui-

353 2712 475 2765 dem
504 2724 521 2763 :
557 2730 576 2763 ι
610 2710 783 2778 Elegit
814 2711 925 2783 (26)
953 2729 1050 2768 nos
1096 2714 1196 2769 sibi
1239 2715 1337 2785 ipsi
1367 2711 1478 2784 (27)
1509 2725 1633 2769 ante
1659 2719 1922 2771 constitu-

354 2802 553 2857 tionem
580 2802 741 2881 342
781 2805 989 2871 mundi,
1020 2818 1077 2859 ut
1113 2820 1356 2861 essemus
1415 2810 1610 2877 sancti,
1645 2822 1699 2864 et
1729 2811 1924 2864 imma-

349 2893 517 2950 culati
550 2895 604 2950 in
641 2908 934 2966 conspectu
986 2897 1103 2966 ejus
1133 2900 1187 2953 in
1238 2901 1505 2956 charitate
1548 2917 1564 2956 :
1600 2902 1690 2972 qui
1716 2904 1922 2972 praede-

353 2987 578 3042 stinavit
610 3002 709 3042 nos
774 2989 827 3043 in
880 2989 1221 3059 adaptionem
1274 2990 1540 3059 filiorum;
1576 3011 1594 3044 ι
1637 2991 1921 3047 Timotheo

348 3087 570 3132 autem:
607 3097 625 3130 ι
667 3077 978 3135 Secundum
1013 3079 1133 3152 (28),
1175 3083 1467 3150 potentiam
1505 3082 1622 3147 Dei,
1685 3085 1777 3155 qui
1813 3099 1921 3137 ser-

2028 1974 2232 2039 εἰκόνα,
2272 1974 2419 2027 τοῦτ’
2480 1975 2594 2028 ἐστι
2640 1974 2733 2029 τὸν
2770 1976 2975 2046 κόσμον
3003 1974 3112 2028 ἀπὸ
3142 1975 3241 2045 τῆς
3291 1973 3602 2045 παχύτητος

2024 2064 2117 2118 τοῦ
2145 2064 2258 2128 νοῦ,
2286 2065 2381 2119 καὶ
2413 2066 2510 2135 τῆς
2537 2065 2905 2136 χυδαιότητος,
3000 2064 3218 2134 συνέζη.
3252 2065 3364 2117 Καὶ
3390 2063 3442 2115 τί
3469 2061 3604 2115 θαυ-

2029 2154 2294 2227 μάζομεν,
2332 2159 2383 2209 εἰ
2420 2157 2559 2228 ὑπὲρ
2588 2156 2745 2225 λόγον
2777 2157 2870 2209 καὶ
2902 2155 3026 2210 νοῦν
3068 2156 3331 2227 σωτήριον
3369 2155 3611 2227 πρᾶγμα.

2027 2246 2133 2316 πρὸ
2160 2244 2370 2299 αἰώνων
2407 2250 2474 2318 τῇ
2526 2247 2647 2319 θείᾳ.
2689 2246 2994 2316 προγνώσει
3025 2246 3273 2315 ἐγένετο;
3315 2245 3488 2298 Ὅπου
3530 2260 3602 2313 γε

2026 2338 2122 2389 καὶ
2152 2338 2299 2407 ἡμᾶς
2329 2341 2395 2409 τῇ
2428 2339 2692 2410 ἀφράστῳ
2721 2339 2894 2411 ταύτῃ
2924 2336 3231 2409 προγνώσει
3255 2338 3349 2391 ml.
3373 2335 3606 2407 δυνάμει

2026 2429 2133 2499 πρὸ
2184 2428 2295 2483 τῶν
2350 2430 2562 2484 αἰώνων
2617 2430 2864 2483 ἐκτίσθαι
2914 2431 3017 2483 καὶ
3063 2427 3333 2483 σεσῶσθαι
3377 2426 3523 2497 λέγει
3567 2429 3602 2479 ὁ

2038 2519 2357 2584 Ἀπόστολος
2374 2562 2391 2587 ,
2420 2521 2646 2592 γράφων
2664 2520 2886 2573 τοιῶσδε
2933 2520 3197 2589 Ἐφεσίοις
3257 2518 3356 2589 μέν
3374 2535 3388 2549 ο
3419 2537 3438 2569 ι
3482 2516 3609 2581 Ἐξ-

2024 2611 2241 2676 ελέξατο
2290 2614 2434 2683 ἡμᾶς
2487 2612 2663 2683 ἐαυτῷ
2713 2612 2819 2683 πρὸ
2866 2612 3171 2682 καταϐολῆς
3217 2612 3420 2682 κόσμου
3457 2606 3597 2664 εἶναι

2025 2705 2214 2772 ἁγίους
2253 2706 2346 2759 καὶ
2382 2703 2644 2777 ἀμώμους
2683 2706 2803 2758 κατ’
2830 2704 3058 2758 ἐνώπιον
3096 2704 3259 2758 αὐτοῦ
3288 2706 3345 2757 ἐν
3383 2703 3596 2773 ἀγάπῃ,

2024 2795 2317 2868 προορίσας
2340 2799 2486 2867 ἡμᾶς
2511 2800 2590 2862 εἰς
2617 2797 2913 2856 υἱοθεσίανο
2952 2818 2970 2848 ι
2995 2795 3244 2867 Τιμοθέῳ
3263 2794 3320 2847 δέ
3337 2809 3353 2824 ·
3387 2811 3406 2844 ι
3437 2793 3596 2847 Κατὰ

2021 2885 2249 2956 δύναμιν
2292 2886 2427 2941 Θεοῦ
2472 2888 2575 2941 τοῦ.
2614 2888 2886 2953 σώσαντος
2923 2889 3104 2959 ἡμᾶς,
3132 2888 3226 2940 καὶ
3263 2885 3591 2948 καλέσαντος

2022 2976 2211 3048 κλήσει
2244 2980 2394 3049 ἁγίᾳ,
2429 2980 2490 3033 οὐ
2521 2980 2660 3034 κατὰ
2693 2982 2761 3036 τὰ
2797 2980 2916 3053 [161
2948 2979 3009 3051 a}
3062 2979 3200 3052 ἔργα
3232 2979 3424 3049 ἡμῶν,
3458 2977 3601 3032 ἀλλὰ

2021 3069 2165 3122 κατὰ
2194 3070 2328 3124 ἰδίαν
2357 3071 2615 3143 πρόθεσιν
2641 3074 2734 3127 καὶ
2764 3074 2945 3144 χάριν,
2967 3074 3065 3143 τὴν
3088 3070 3332 3125 δοθεῖσαν
3361 3073 3493 3143 ἡμῖν
3531 3072 3590 3124 ἐν

345 3172 495 3226 vavit
525 3187 648 3237 uos,
685 3180 739 3226 et
769 3172 984 3226 vocavit
1014 3174 1301 3227 vocatione
1329 3184 1540 3237 sancta,
1583 3190 1689 3229 non
1722 3190 1917 3230 secun-

2021 3162 2243 3233 Χριστῷ
2293 3163 2467 3234 Ἰησοῦ
2508 3164 2613 3236 πρὸ
2659 3165 2864 3237 χρόνων
2896 3164 3150 3230 αἰωνίων,
3185 3163 3590 3235 φανερωθεῖσαν

348 3264 474 3320 dum
513 3279 679 3334 opera
708 3274 916 3332 nostra,
953 3264 1046 3318 sed
1087 3265 1384 3319 secundum
1415 3267 1687 3334 proprium
1724 3283 1919 3337 propo-

345 3359 533 3423 situm,
568 3367 622 3412 et
648 3357 879 3427 gratiam
905 3357 1083 3411 datam
1109 3356 1263 3411 nobis
1312 3358 1366 3410 in
1399 3358 1615 3413 Christo
1644 3357 1768 3414 Jesu
1791 3369 1917 3414 ante

345 3460 593 3518 tempora
646 3448 949 3519 saecularia,
1003 3448 1401 3502 manifestatam
1433 3460 1610 3503 autem
1652 3466 1798 3505 nunc
1820 3464 1917 3520 per

345 3541 637 3595 adventum
674 3537 972 3593 Salvatoris
994 3539 1163 3593 nostri
1190 3537 1316 3593 Jesu
1351 3539 1577 3594 Christi.
1607 3559 1628 3591 ι

419 3629 583 3685 Multa
614 3631 758 3683 enim
795 3645 917 3684 cum
950 3627 1129 3683 futura
1164 3630 1316 3698 quasi
1345 3630 1456 3698 jam
1485 3632 1779 3699 praeterita,
1803 3641 1914 3688 tum

346 3721 510 3775 etiam
542 3718 811 3788 praeterita
839 3719 993 3788 quasi
1030 3720 1207 3774 adhuc
1228 3721 1566 3786 exsistentia,
1608 3723 1691 3777 vel
1738 3723 1917 3787 futura

345 3809 645 3881 praedicere
676 3809 815 3864 solet
850 3810 1144 3864 omniscius
1198 3820 1254 3865 et
1301 3812 1641 3880 omnipotens
1681 3815 1917 3884 Spiritus

345 3911 607 3968 sanctus;
642 3902 877 3955 maxime
897 3916 1026 3956 vero
1058 3917 1144 3968 ea,
1183 3917 1303 3972 quae
1330 3913 1577 3972 spectant
1624 3908 1675 3962 in
1730 3905 1918 3961 ineﬂ‘a—

342 3992 507 4048 bilem
529 3992 1003 4059 incarnationem,
1055 3992 1202 4047 velut
1259 3995 1534 4064 praeterita
1586 3997 1914 4061 enuntiavit,

340 4094 634 4155 antequam
666 4085 888 4139 flerent:
942 4095 1001 4139 ut
1026 4099 1148 4140 cum
1207 4086 1466 4141 Dominus
1521 4102 1650 4141 caro
1677 4089 1912 4144 nondum

341 4177 521 4235 factus
564 4173 719 4231 ait'i'n
768 4191 861 4229 XXI
909 4174 1117 4246 psalmo
1145 4192 1167 4227 ξ
1206 4194 1226 4227 ι
1272 4174 1545 4230 Foderunt
1579 4177 1689 4248 (29)
1722 4194 1914 4232 manus

341 4283 514 4334 meas,
542 4279 595 4323 et
617 4268 780 4338 pedes
820 4281 1001 4335 meos;
1026 4284 1046 4319 ι
1079 4274 1133 4322 et
1152 4282 1340 4322 rursus
1369 4285 1382 4321 :
1418 4287 1437 4319 ι
1472 4268 1910 4341 Diviserunt(50)

412 4447 524 4518 (18)
567 4448 797 4503 Habebis
840 4446 1029 4514 ﬁlium.
1064 4443 1303 4518 Luca],
1340 4445 1400 4500 51
1448 4454 1504 4500 et
1547 4444 1636 4501 52.
1686 4444 1896 4501 Biblia:

338 4518 471 4590 τέξῃ
505 4516 641 4590 υἱόν,
682 4520 756 4590 id_
782 4529 883 4580 est,
918 4534 939 4568 ι
961 4516 1140 4590 paries
1177 4517 1366 4571 lilium.
1393 4533 1419 4566 ι

410 4577 528 4666 (ita
556 4577 706 4666 ιέέο-
735 4577 1053 4666 Luc-12.3.5.
1137 4656 1186 4666 ..
1272 4663 1279 4666 _
1343 4656 1356 4666 .
1508 4654 1535 4666 -

426 4656 538 4731 (20)
571 4657 855 4713 Nascetur.
881 4656 1051 4712 Biblia
1085 4656 1306 4720 addunt,
1339 4656 1403 4709 ἐκ
1443 4656 1560 4720 σοῦ,
1589 4657 1641 4710 id
1668 4664 1774 4719 est,
1804 4674 1823 4708 ι
1847 4670 1915 4711 ex

341 4742 414 4788 te.
441 4749 459 4781 ι

412 4798 524 4870 (Si)
544 4797 733 4853 Petrus
757 4807 949 4870 autem.
968 4796 1031 4849 In
1042 4795 1225 4870 codice
1240 4811 1254 4847 :
1272 4795 1479 4870 Πέτρος
1498 4795 1554 4850 δὲ
1589 4796 1913 4870 Ῥωμαίους.

340 4865 476 4926 Cum
505 4865 707 4937 itaque
759 4868 1110 4937 Incusaquem
1159 4865 1291 4919 citat
1343 4866 1915 4937 Didxnms,_allegetur

338 4955 462 4999 eum
516 4954 546 4992 a
592 4934 752 4991 Petro
798 4936 893 5003 Ep.
931 4934 983 4999 1,“
1008 4950 1128 5005 cap.
1174 4949 1237 4998 ll,
1282 4934 1491 5005 vers.r6
1540 4945 1593 4989 et
1631 4934 1686 4997 8,
1719 4945 1829 4989 tum
1883 4951 1913 4988 a

341 5009 508 5063 Paulo
545 5007 644 5075 Ep.
689 5008 755 5058 ad
792 5004 1119 5075 Rom.rcap.
1147 5018 1221 5075 lx,
1257 5019 1399 5075 vers.
1443 5004 1539 5075 53;
1584 5005 1792 5075 idcirco
1824 5015 1916 5058 aut

341 5073 625 5149 legendum
652 5093 671 5149 :7
684 5074 890 5149 Πέτρος
933 5074 992 5149 δὲ
1037 5074 1134 5127 καὶ
1166 5073 1378 5149 Π-αὖλος
1406 5074 1542 5149 πρὸς
1585 5073 1911 5149 Ῥωμαίους,

341 5144 434 5207 ιιιιὶ
468 5147 708 5201 addenda
745 5144 907 5198 verba
943 5146 1057 5213 ipsa
1094 5160 1158 5201 ex
1196 5144 1358 5213 Petro
1388 5144 1550 5213 citata
1583 5159 1614 5198 a
1657 5144 1910 5213 Didymo.

411 5217 523 5288 (22)
555 5215 895 5288 O/fenaionis.
926 5212 1003 5268 Ita
1038 5214 1153 5269 haec
1187 5212 1344 5267 aliert
1381 5212 1595 5268 Paulus.
1619 5214 1689 5267 At
1720 5212 1914 5270 I‘etrus

339 5286 513 5358 paulo
530 5286 709 5341 aliter.

410 5359 521 5425 (25)
557 5357 680 5411 Hic.
715 5356 836 5425 Act.
868 5369 944 5418 ιν,
971 5353 1031 5408 11
1065 5361 1123 5409 et
1151 5352 1251 5425 12ξ
1266 5352 1395 5425 Yid.
1428 5362 1539 5408 not.
1566 5353 1653 5421 10,
1675 5367 1797 5425 pag.
1818 5352 1911 5410 90.

410 5421 524 5496 (24)
549 5425 760 5496 Daniel.
789 5424 917 5496 cap.
952 5440 1013 5496 t_|,
1046 5437 1187 5496 vers.

561 5491 918 5572 Prwscieuria.
952 5492 1102 5572 Pauli
1126 5491 1490 5572 testimonium
1516 5491 1673 5572 aliter
1691 5492 1908 5572 accipit,

338 5560 729 5636 ac'Origenes,
763 5563 820 5618 ιιι
870 5566 1041 5634 magis
1076 5562 1418 5636 perspicuum
1452 5560 1511 5614 lit
1541 5576 1610 5616 ex
1656 5564 1759 5626 his,
1787 5576 1907 5636 quae

340 5639 434 5693 Ιώ.
468 5654 484 5693 l
520 5630 573 5692 in
613 5634 884 5706 Ruﬁnum,
938 5630 1051 5706 εὶς.
1077 5630 1178 5697 ⁷22,
1205 5630 1293 5706 ait
1318 5630 1697 5706 _Hi_eronymu_s
1724 5646 1789 5706 ea
1811 5633 1909 5706 de-

341 5709 588 5769 fendens.
619 5700 739 5775 quae
773 5706 828 5759 in
869 5700 1290 5775 commentariis
1318 5700 1578 5775 Epistolze
1615 5703 1681 5757 ad
1711 5701 1908 5775 _pr_e-.

339 5779 451 5831 sios
471 5771 783 5846 scripserat.
818 5792 839 5825 ι
864 5773 922 5846 In
956 5774 1132 5846 primo
1165 5771 1349 5846 statim
1382 5771 1673 5846 volumine,
1709 5771 1912 5846 inquit,_

345 5841 707 5905 testimonium
753 5844 929 5915 Pauli,
956 5841 1026 5902 'in
1059 5859 1166 5917 quo
1195 5841 1470 5914 loquitur:
1507 5860 1525 5894 ι
1549 5841 1704 5903 Sicut
1743 5841 1908 5917 elegit

2018 3253 2077 3307 δὲ
2104 3252 2198 3309 νῦν
2219 3254 2309 3308 διὰ
2328 3256 2428 3328 τῆς
2462 3258 2782 3328 ἐπιφανείας
2806 3256 2898 3310 τοῦ
2928 3256 3180 3328 Σωτῆρος
3213 3255 3373 3328 ἡμῶν
3415 3252 3598 3327 Ἰησοῦ

2018 3345 2278 3417 Χριστοῦ.
2316 3366 2365 3403 ι.

2089 3625 2270 3679 Πολλὰ
2296 3624 2425 3697 γὰρ,
2457 3624 2614 3679 τοῦτο
2637 3626 2736 3696 μὲν
2776 3626 3037 3697 μέλλοντα
3074 3625 3344 3694 γίνεσθαι,
3389 3625 3464 3690 ὡς
3491 3625 3589 3697 ἤδη

2020 3720 2317 3790 γενόμενα*
2350 3718 2508 3773 τοῦτο
2537 3719 2594 3772 δὲ
2622 3719 2716 3772 καὶ
2755 3720 3040 3790 γενόμενα,
3085 3720 3161 3783 ὡς
3197 3718 3278 3772 ἔτι
3308 3719 3594 3789 γινόμενα,

2021 3812 2056 3884 ἢ
2098 3811 2351 3883 ἐσόμενα,
2384 3811 2669 3883 προλέγειν
2720 3810 2879 3865 εῐωθε
2910 3811 2971 3864 τὸ
3005 3811 3186 3865 πάντα
3214 3811 3355 3875 εἰδὸς
3379 3811 3473 3864 καὶ
3499 3810 3593 3864 δυ-

2020 3905 2251 3975 νάμενον
2289 3903 2514 3974 Πνεῦμα
2550 3903 2705 3971 ἅγιον
2726 3919 2741 3933 ’
2768 3903 2868 3973 οὐχ
2897 3904 3096 3972 ἥκιστα
3134 3902 3192 3956 δέ
3231 3903 3326 3956 καὶ
3363 3902 3432 3955 τὰ
3463 3901 3593 3972 περὶ

2019 3996 2119 4067 τὴν
2159 3996 2464 4064 ἄφθεγκτον
2500 3995 2829 4065 οἰκονομίαν,
2876 3994 2952 4057 ὡς
2984 3994 3373 4065 παρῳχηκότα,
3425 3992 3597 4064 πρινὴ-

2019 4086 2247 4156 γένηται
2275 4084 2656 4156 διηγόρευσενο
2685 4086 2763 4149 ὼς
2791 4085 2919 4139 ὅταν
2945 4087 2974 4138 ὁ
2999 4085 3294 4155 Δεσπότης,
3318 4082 3468 4136 οὔπω
3499 4099 3593 4152 γε-

2018 4177 2241 4248 νόμενος
2269 4175 2426 4248 σὰρξ,
2452 4175 2585 4249 λέγῃ
2611 4177 2670 4229 ἐν
2701 4182 2787 4230 κα¹
2809 4175 3038 4246 ψαλμῷο
3082 4194 3101 4227 ι
3138 4177 3374 4246 Ὠρυξαν
3401 4173 3591 4246 χεῖράς

2019 4285 2123 4339 μου
2165 4268 2259 4322 καὶ
2302 4268 2468 4333 πόδας
2515 4286 2616 4339 μου
2643 4286 2657 4299 ·
2710 4288 2731 4321 ι
2773 4269 2870 4322 καὶ
2907 4267 3105 4321 πάλιν·
3140 4285 3161 4319 ι
3203 4266 3598 4338 Διεμερίσαντο

2007 4461 2109 4503 nos
2144 4447 2195 4518 in
2223 4449 2342 4518 ipso
2368 4458 2493 4504 ante
2531 4449 2969 4504 constitutionem
3018 4448 3222 4510 mundi,
3255 4455 3316 4501 ut
3339 4460 3595 4518 essemus

1942 4546 1992 4605 ι)
2018 4517 2215 4582 sancti,
2244 4516 2317 4605 ἐι.
2340 4519 2671 4605 immaculati
2701 4534 2902 4600 coram.
2929 4520 3064 4605 ipso,
3070 4537 3110 4605 τε
3142 4519 3221 4598 sic
3247 4516 3587 4605 interpretati

2016 4601 2225 4652 sumus,
2266 4597 2324 4641 ut
2368 4589 2683 4643 electionem
2733 4604 2838 4642 non
2883 4588 3035 4656 juxta
3067 4588 3352 4654 Origenem
3399 4600 3587 4656 eorum

2018 4657 2341 4727 diceremus,
2373 4661 2460 4727 qui
2486 4659 2634 4725 prius
2671 4656 2918 4721 fuerant,
2947 4658 3039 4711 sed
3063 4658 3130 4710 ad
3157 4657 3249 4727 Dei
3287 4655 3580 4727 praescien-

2019 4726 2147 4779 tiam
2191 4724 2537 4782 referremus.
2590 4727 2832 4794 Denique
2873 4728 3107 4783 diximus
3137 4744 3150 4778 :
3182 4746 3201 4778 ι
3223 4724 3372 4792 Quod
3407 4732 3593 4777 autem

2017 4796 2219 4850 electos
2272 4813 2389 4862 nos,
2447 4808 2506 4853 ut
2541 4813 2787 4853 essemus
2846 4797 3086 4852 sancti...
3142 4803 3267 4849 ante
3324 4794 3585 4849 fabricam

2018 4868 2222 4930 mundi,
2272 4876 2506 4938 testatus
2558 4877 2661 4924 est.
2700 4869 2781 4938 ad
2830 4867 3223 4938 prmscientiam
3272 4862 3366 4938 Dei
3420 4865 3584 4930 μοι·ιί-

2015 4945 2222 5007 uel...)
2258 4936 2416 4991 Certe
2438 4939 2490 4990 in
2523 4935 2861 5007 expositione
2889 4939 2991 4991 ista
3023 4936 3225 4989 nullum
3255 4935 3461 5007 crimen
3480 4942 3593 4997 est;

2015 5016 2069 5058 et
2098 5003 2329 5074 Origene
2378 5003 2609 5061 dicente"
2645 5009 2910 5060 contraria
2936 5047 2952 5069 ,
3000 5022 3099 5060 nos
3156 5004 3585 5074 ecclesiasticum

2015 5073 2234 5129 sensum
2287 5079 2456 5150 secuti
2490 5092 2695 5150 sumus.
2725 5095 2759 5150 ι,
2784 5076 2860 5150 Ita
2899 5076 3277 5150 Hieronymus.
3321 5073 3583 5150 Didymus

2014 5160 2144 5199 vero
2180 5161 2285 5199 non
2316 5148 2489 5202 solum
2510 5148 2622 5209 hic,
2646 5140 2931 5201 sed'etiam
2969 5140 3308 5199 enarraIiOne
3333 5143 3388 5194 in
3417 5140 3446 5194 1
3480 5140 3586 5192 Pe-

2013 5215 2083 5267 tri
2116 5214 2292 5284 Epist.
2324 5218 2390 5271 ad
2422 5232 2540 5284 cap.
2572 5208 2615 5282 ι,
2651 5230 2796 5270 vers.
2833 5217 2890 5282 2,
2939 5214 3086 5269 Pauli
3131 5223 3335 5269 textum
3378 5212 3446 5266 ad
3489 5208 3585 5264 Dei

2011 5286 2411 5354 praescierttiam
2440 5285 2625 5341 refert.

2083 5353 2418 5431 (@ﬁlé’esit-
2455 5353 2949 5431 Epheso-“Meti
3002 5423 3027 5431 _
3097 5425 3110 5431 _
3170 5424 3181 5431 .
3284 5423 3341 5431 ,.
3457 5419 3470 5431 .
3520 5416 3549 5431 γ..

2085 5419 2198 5495 (27)
2238 5419 2349 5478 Sibi
2381 5419 2517 5490 ipsi;
2545 5425 2715 5495 Biblia
2743 5440 2840 5493 pro
2860 5423 3038 5495 ἑαυτῷ
3097 5424 3309 5495 habent
3325 5419 3579 5495 euadat}.

2011 5494 2066 5549 id
2091 5490 2196 5559 est,
2232 5513 2250 5546 ι
2281 5495 2333 5547 in
2384 5496 2519 5563 ipso.
2545 5513 2565 5546 ι
2603 5494 2671 5549 Et
2714 5490 2833 5564 post
2870 5490 3021 5548 εἶναι’
3046 5494 3252 5550 adduut
3287 5491 3457 5562 ἡμᾶς,
3484 5492 3597 5550 huc

2011 5573 2114 5629 est,
2155 5583 2174 5616 ι
2200 5580 2320 5619 nos.
2339 5583 2358 5615 ι

2101 5635 2194 5703 28)
2223 5632 2544 5689 Secundum.
2580 5633 2622 5688 11
2661 5633 2802 5689 Tim.
2845 5649 2883 5694 ι,
2905 5632 3056 5689 8-10.

2103 5706 2193 5774 29)
2228 5703 2521 5774 Foderunt.
2557 5704 2700 5774 Psal.
2732 5718 2846 5769 χιι,
2871 5703 2958 5774 18.

2102 5772 2193 5847 50)
2221 5773 2546 5830 Diviserunt.
2580 5772 2811 5842 lbidem,
2840 5773 2936 5831 i9.
