4056 6436
462 374 563 428 821

1521 376 1609 429 DE
1646 373 2023 431 TRINITATE
2062 372 2267 429 LIBER
2306 374 2632 431 TERTIUS.

3600 382 3704 437 8'22

459 482 531 536 τὰ
567 481 757 553 ἱμάτιά
800 499 900 552 μου
939 483 1173 550 ἑαυτοῖς,
1209 485 1301 539 καὶ
1336 485 1430 539 ἐπὶ
1458 486 1550 540 τὸν
1593 487 1884 559 ἱματισμόν
1932 504 2022 558 μου

2133 488 2454 544 vestimenta
2474 501 2593 542 mea
2616 487 2744 553 sibi,
2778 497 2834 543 et
2861 504 3022 560 super
3045 502 3248 548 vestem
3269 493 3705 561 meamjecerunt

460 571 651 625 ἔϐαλον
679 571 879 644 κλῆρον
897 590 911 604 ο
943 592 962 626 ο
988 575 1083 627 καὶ
1110 576 1168 628 ἐν
1195 572 1317 646 ριξο
1351 592 1370 627 ι
1400 575 1581 639 Λίθον,
1612 577 1670 630 ὃν
1696 577 2033 649 ἀπεδοκίμα-

461 679 563 716 σαν
617 664 667 715 οἱ
718 664 1150 734 οἰκοδομοῦντες,
1185 658 1340 730 οὗτος
1391 667 1624 738 ἐγενήθη
1676 670 1756 732 είς
1793 669 2034 740 κεφαλὴν

458 755 692 823 γωνίας,
726 756 819 808 καὶ
858 755 1009 810 ἔσται
1048 758 1336 829 θαυμαστὴ
1370 759 1428 811 ὲν
1460 758 1756 830 ὀφθαλμοῖς
1781 760 1938 831 ἡμῶν
1961 777 2028 816 ’.ι

458 848 554 899 καὶ
606 846 864 912 Ἠσαίας
910 867 929 899 ‹
965 849 1183 903 Παιδίον
1212 851 1472 921 ἐγεννήθη
1518 853 1672 921 ἡμῖν.
1724 871 1741 903 ι
1781 852 1944 919 Λέγει
1972 851 2034 904 τὸ

458 937 686 1009 μηδέπω
713 939 923 1010 τεχθέν.
948 941 1060 994 Καὶ
1085 941 1276 994 πάλιν·
1310 959 1329 993 ‹
1375 941 1464 1004 Ὠς
1484 941 1756 1013 πρόϐατον
1780 944 1874 996 ἐπὶ
1898 960 2034 1012 σφα-

454 1031 561 1100 γὴν
593 1030 733 1100 ἢχθη
755 1047 768 1061 ·
809 1048 829 1082 ι
857 1030 1036 1084 καίτοι
1072 1033 1286 1085 οὐδέπω
1313 1028 1381 1103 ἦν
1425 1033 1491 1084 ἐκ
1516 1034 1733 1105 Μαρίας
1756 1033 1967 1105 τεχθεὶς
2000 1034 2030 1086 ὀ

455 1121 647 1189 ἁμνός.
687 1122 800 1175 Καὶ
828 1123 990 1176 πάλιν
1016 1138 1032 1153 ο
1077 1140 1097 1176 t
1134 1123 1347 1195 Ἵδομεν
1388 1122 1569 1188 αὐτὸν,
1600 1126 1694 1178 καὶ
1745 1126 1846 1179 οὐκ
1886 1121 2031 1198 εἶχεν

456 1205 617 1276 εἶδος,
654 1211 774 1264 οὐδὲ
815 1212 1030 1276 κάλλος.
1074 1232 1093 1263 ι
1128 1213 1239 1266 Καὶ
1281 1212 1386 1283 μὴν
1423 1213 1562 1284 μετὰ
1606 1203 1807 1278 πολλὰς
1835 1214 2029 1284 γενεὰς

455 1300 612 1373 ὤφθη
643 1301 886 1367 τοιοῦτος
924 1304 982 1357 ἐν
1016 1303 1093 1374 τῷ
1124 1306 1376 1376 σωτηρίῳ
1404 1305 1586 1360 πάθει.
1627 1306 1731 1361 Καὶ
1759 1308 1992 1379 ἀλλαχοῦ
2013 1323 2026 1338 ⁸

462 1411 482 1442 ι
522 1393 634 1456 Τὰς
671 1393 961 1464 νεομηνίας
1007 1392 1181 1466 ὑμῶν,
1219 1397 1313 1449 καὶ
1352 1396 1419 1450 τὰ
1451 1397 1705 1451 Σάϐϐατα
1731 1398 1907 1470 ὑμῶν,
1936 1401 2029 1453 καὶ

454 1483 555 1546 τὰς
576 1483 770 1555 ἑορτὰς
797 1485 1162 1557 μισεῖήψυχή
1203 1503 1323 1558 μου.
1362 1506 1382 1540 ι
1431 1488 1693 1559 Ἐμίσησε
1752 1489 1809 1543 δὲ
1850 1489 2029 1562 πολλῷ

456 1572 703 1644 ὕστερον,
730 1573 817 1626 ὅτε
847 1572 911 1645 δὴ
942 1573 1384 1646 ὲνηνθρὼπησεν,
1419 1577 1512 1630 καὶ
1536 1577 1634 1647 τὴν
1667 1578 1876 1649 Καινὴν
1902 1581 2029 1633 Δια-

454 1662 630 1734 θήκην
659 1664 789 1735 ἡμῖν
824 1663 1046 1719 διέθετο.
1082 1666 1191 1719 Καὶ
1218 1665 1287 1719 τὰ
1325 1667 1665 1739 παρελθόντα
1696 1667 1787 1733 δὲ,
1816 1669 1893 1734 ὼς
1939 1672 2026 1723 ἐν-

454 1754 685 1819 εστῶτα,
729 1755 869 1809 καθὰ
898 1755 1133 1827 εἴρηται,
1184 1756 1474 1828 διηγεῖται,
1510 1757 1586 1822 ὡς
1637 1759 1766 1811 ὅταν
1821 1760 2024 1834 φράζῃ·

2136 586 2369 645 sortem;
2395 595 2414 629 ›
2448 585 2503 632 et
2530 577 2584 632 in
2610 591 2782 631 cxvu:
2820 596 2839 630 ι
2866 576 3121 649 Lapidem
3151 579 3264 652 (51)
3296 593 3454 651 quem
3508 597 3693 651 repro-

2133 667 2402 722 baverunt
2448 666 2801 734 aediﬁcantes,
2859 668 2949 724 hic
3006 669 3181 725 factus
3225 680 3311 726 est
3339 670 3392 725 in
3422 682 3705 742 caputan-

2133 757 2365 827 guli:et
2389 759 2495 813 erit
2523 758 2636 830 (52)
2682 759 2948 815 mirabilis
2997 761 3049 815 in
3103 762 3277 816 oculis
3336 763 3567 826 nostris;
3599 781 3619 814 ι
3647 771 3702 819 et

2132 846 2298 903 Isaias
2323 864 2338 901 :
2369 848 2540 904 «Puer
2567 849 2677 921 (55)
2703 859 2862 906 natus
2885 860 2966 906 est
2998 850 3175 907 nobis.
3201 870 3220 902 ι
3255 850 3314 906 Id
3342 860 3520 906 autem
3551 853 3619 908 de
3635 868 3701 909 eo

2133 938 2280 1001 dicit,
2306 938 2396 1006 qui
2447 940 2684 994 nondum
2736 948 2855 995 erat
2889 949 3067 997 natus.
3120 941 3190 997 Et
3229 957 3455 998 rursus:
3500 961 3521 995 ί
3579 942 3701 999 Sic-

2130 1037 2192 1083 ut
2221 1028 2333 1100 (54)
2368 1029 2435 1085 ad
2461 1030 2789 1086 occisionem
2818 1033 3011 1088 ductus
3039 1042 3145 1088 est.
3196 1050 3215 1084 ι
3249 1032 3486 1089 Necdum
3517 1043 3696 1090 tamen

2130 1132 2199 1172 ex
2232 1117 2413 1173 Maria.
2430 1127 2590 1176 natus
2639 1119 2816 1177 fuerat
2861 1122 3065 1193 Agnus.
3113 1123 3181 1177 Et
3214 1137 3400 1179 rursus
3440 1137 3457 1179 :
3493 1143 3513 1176 ι
3537 1123 3693 1180 Vidi-

2131 1225 2253 1264 mus
2287 1209 2401 1282 (55)
2426 1225 2573 1276 eum,
2607 1221 2662 1267 et
2718 1227 2826 1268 non
2883 1214 3120 1269 habebat
3168 1214 3418 1277 formam.
3442 1230 3544 1272 nec
3579 1217 3699 1285 pul-

2130 1299 2515 1355 chritudinem.
2540 1319 2560 1353 ι
2608 1301 2862 1356 Attamen
2914 1302 3036 1359 talis
3089 1312 3217 1373 post
3244 1303 3444 1361 multas
3470 1320 3700 1376 genera-

2131 1389 2303 1443 tiones
2353 1390 2500 1446 visus
2551 1399 2636 1445 est
2683 1392 2737 1447 in
2777 1391 3057 1448 salutifera
3095 1393 3384 1460 Passione;
3437 1404 3492 1451 et
3523 1395 3693 1452 alibi:

2136 1496 2165 1529 «ν
2186 1475 2509 1534 Neomenias
2537 1478 2650 1551 (56)
2678 1488 2912 1546 vestras,
2934 1490 2990 1536 et
3012 1482 3237 1537 sabbata
3255 1492 3458 1550 vestra,
3485 1483 3694 1540 etfesta

2129 1568 2243 1623 odit
2267 1568 2446 1623 anima
2480 1584 2620 1625 mea.
2652 1586 2673 1620 ι
2706 1570 2779 1625 At
2801 1571 2918 1626 haec
2952 1570 3067 1627 odit
3093 1571 3261 1628 multo
3286 1581 3408 1641 post
3426 1580 3691 1645 tempore;

2129 1673 2250 1713 cum
2279 1658 2487 1714 scilicet
2527 1659 2641 1731 (57)
2691 1661 3004 1718 incarnatus
3048 1670 3151 1728 est,
3188 1671 3243 1719 et
3291 1662 3500 1719 Novum
3533 1665 3693 1721 nobis

2129 1748 2536 1804 Testamentum
2574 1750 2857 1820 disposuit.
2885 1750 3165 1809 Praeterita
3194 1768 3325 1810 vero
3353 1754 3515 1809 etiam
3536 1754 3691 1825 quasi

460 1861 479 1894 ε
540 1843 597 1895 ὐ
636 1842 807 1896 ποιῶν
843 1826 1079 1897 Πλειάδα
1104 1845 1199 1897 καὶ
1233 1826 1506 1916 Ἕσπερον
1529 1862 1546 1879 ο
1596 1865 1616 1897 ι
1650 1847 1765 1912 καὶ,

2129 1839 2437 1908 praesentia,
2470 1846 2533 1894 ut
2582 1840 2784 1896 dictum
2833 1840 2959 1909 fuit,
3002 1852 3223 1899 enarrat
3270 1843 3587 1913 Scriptura,
3634 1852 3695 1898 ut

459 1951 481 1985 α
526 1934 584 1988 '0
627 1935 794 1988 ποιῶν
835 1937 962 2000 τοὺς
989 1936 1258 2006 ἀγγέλους
1285 1936 1449 1990 αὑτοῦ
1480 1937 1766 2010 πνεύματα
1789 1955 1805 1970 ’
1847 1956 1867 1990 υ
1907 1939 2029 1992 ἀντὶ

451 2027 568 2091 τοῦ,
610 2029 638 2079 ὁ
680 2028 932 2098 ποιήσας.
976 2027 1125 2095 Καὶ,
1177 2045 1197 2078 ι
1267 2028 1325 2081 '0
1363 2026 1629 2098 θεμελιῶν
1661 2028 1760 2099 τὴν
1794 2028 1898 2100 γῆν
1937 2029 2029 2081 ἐπὶ

451 2118 552 2190 τὴν
580 2118 881 2188 ἀσφάλειαν
904 2119 1095 2189 αὐτῆςο
1129 2137 1149 2171 ι
1187 2121 1215 2173 ὃ
1248 2122 1414 2185 ἐστιν,
1441 2121 1470 2173 6
1494 2119 1854 2192 θεμελιώσας.

554 2293 631 2346 Δι’
690 2294 727 2349 ἃ
785 2295 849 2366 δὴ
914 2296 1225 2367 ἐπάναγκες
1251 2337 1266 2363 ,
1324 2299 1375 2352 εί
1420 2299 1495 2370 μὴ
1543 2303 1623 2364 είς
1666 2300 1763 2373 τὴν
1812 2302 1871 2355 ἐν
1915 2304 2028 2367 τοῖς

450 2386 876 2456 ἐπιτηδεύμασιν
944 2388 1103 2459 ἡμῶν
1192 2389 1415 2461 σοφίαν,
1485 2392 1566 2455 είς
1615 2391 1748 2460 γοῦν
1794 2391 1893 2464 τὴν
1946 2393 2031 2445 δε-

451 2478 722 2550 σποτικὴν
764 2480 1148 2553 ἀναμάρτητον
1190 2484 1486 2554 σάρκωσιν,
1538 2483 1638 2555 τὴν
1704 2485 2028 2557 ἐκκειμένην

446 2567 756 2638 Παροιμίαν
805 2570 1031 2642 φέρειν,
1071 2572 1322 2644 οὐδαμῶς
1361 2573 1417 2628 δέ
1456 2576 1540 2639 είς
1580 2574 1672 2628 τὸν
1718 2575 1820 2647 τῆς
1857 2562 2029 2648 α’ῤῥή-

449 2673 544 2710 του
586 2658 737 2723 θείας
797 2660 1013 2730 φύσεως
1077 2662 1206 2716 Υίὸν
1285 2664 1478 2734 Λόγον,
1535 2664 1629 2719 τὸν
1682 2665 1748 2718 δι’
1800 2661 1881 2729 οὗ,
1935 2667 2029 2720 κα)⁸

450 2751 581 2823 παρ’
641 2745 724 2818 οὗ,
764 2755 858 2808 καὶ
903 2755 961 2808 ἐν
1110 2755 1289 2811 πάντα
1343 2759 1750 2831 κατεκοσμήθη.
1810 2759 1884 2812 Τὸ
1917 2759 2028 2832 γὰρ

446 2843 640 2907 εἰπεῖν,
698 2862 717 2895 ι
746 2843 951 2918 Κύριος
1009 2845 1191 2899 ἐκτισὲ
1257 2864 1347 2918 με,
1396 2867 1415 2900 ι
1459 2850 1553 2902 καὶ
1586 2850 1648 2904 τὸ
1693 2851 2023 2919 ἐπαγαγεῖν,

453 2951 475 2983 ς
512 2933 626 3004 Πρὸ
696 2934 751 2988 δέ
793 2937 1012 2990 πάντων
1065 2935 1269 3007 βουνῶν
1319 2942 1486 3011 γεννᾷ
1527 2958 1617 3011 με,
1661 2960 1680 2993 ι
1742 2942 1856 2995 ἴσον
1912 2942 2029 2995 ἐστὶ

445 3023 525 3095 τῷ
556 3024 725 3090 λέξαι·
764 3028 933 3081 Ὄντα
969 3045 1037 3098 με
1080 3027 1138 3094 ἐξ
1173 3029 1338 3083 αὐτοῦ
1370 3030 1792 3101 συνυφεστώτως
1814 3031 2026 3085 ἔκτισεν

2129 1943 2249 1983 cum
2275 1929 2391 1984 ait:
2429 1948 2450 1982 ι
2482 1930 2582 1996 Qui
2608 1930 2739 1985 facit
2767 1930 2880 2002 (58)
2907 1932 3196 1998 Pleiadem,
3226 1941 3283 1988 et
3307 1933 3643 2003 Hesperum;
3666 1951 3686 1986 ι

2129 2028 2220 2074 et:
2255 2019 2402 2087 «Qui
2461 2019 2591 2077 facit
2636 2021 2747 2093 (59)
2797 2022 3017 2094 angelos
3075 2038 3204 2080 suos
3250 2023 3533 2095 spiritus.»
3563 2023 3689 2091 Pro,

2135 2128 2154 2162 ι
2187 2108 2286 2177 Qui
2317 2108 2481 2177 fecit;
2517 2129 2537 2162 ι
2570 2120 2626 2165 et
2656 2129 2669 2164 :
2703 2131 2723 2165 ‹
2756 2112 2856 2179 Qui
2906 2112 3096 2169 fundat
3146 2113 3259 2185 (40)
3306 2124 3505 2171 terram
3530 2131 3692 2188 super

2129 2204 2471 2258 stabilitatem
2503 2217 2678 2258 suam.
2705 2222 2726 2256 ι
2758 2203 2811 2258 Id
2840 2213 2941 2269 est,
2976 2205 3068 2275 qui
3104 2204 3365 2261 fundavit.

2206 2293 2337 2360 Quae
2375 2309 2497 2347 cum
2543 2294 2616 2348 ita
2650 2308 2710 2348 se
2764 2295 3017 2361 habeant,
3050 2294 3269 2350 allatum
3299 2311 3430 2352 sane
3453 2296 3692 2354 Prover-

2130 2387 2277 2441 bium
2335 2386 2545 2441 referre
2596 2401 2819 2442 necesse
2863 2397 2968 2453 est,
3025 2388 3070 2442 si
3107 2402 3213 2443 non
3247 2390 3313 2443 ad
3344 2391 3691 2461 sapientiam,

2130 2492 2250 2547 quae
2280 2477 2333 2532 in
2371 2477 2573 2532 nostris
2599 2476 2902 2546 disciplinis
2941 2479 3102 2547 inest,
3154 2480 3346 2536 saltem
3405 2483 3471 2536 ad
3505 2481 3691 2537 Domi-

2129 2571 2307 2626 nicam
2368 2568 2578 2640 peccati
2630 2578 2906 2639 expertem
2955 2571 3424 2639 lncarnationem;
3471 2573 3692 2628 minime

2129 2672 2256 2713 vero
2287 2657 2352 2713 ad
2383 2656 2669 2712 ineffabilis
2701 2657 2894 2711 divinae
2929 2666 3137 2713 naturai
3186 2660 3379 2715 Filium
3423 2659 3687 2725 Verbum,

2128 2761 2226 2818 per
2246 2761 2429 2816 quem,
2449 2752 2506 2801 et
2533 2761 2564 2801 a
2588 2761 2718 2815 quo,
2756 2756 2812 2800 et
2848 2748 2903 2801 in
2931 2762 3038 2817 quo
3086 2750 3265 2803 omnia
3293 2750 3504 2806 condita
3530 2750 3691 2823 343

2127 2850 2181 2895 et
2204 2845 2393 2893 ornata
2430 2847 2581 2894 sunt.
2620 2837 2755 2891 Nam
2804 2854 2924 2893 cum
2976 2840 3075 2907 ait,
3130 2859 3149 2891 ι
3187 2832 3445 2897 Dominus
3475 2845 3692 2899 creavit

2130 2943 2238 2995 me,
2270 2946 2290 2980 ι
2325 2931 2581 2993 subdens,
2615 2947 2635 2979 ‹
2666 2929 2809 2984 Ante
2849 2943 3039 2984 omnes
3086 2939 3264 2985 autem
3323 2931 3486 2986 colles
3519 2932 3692 3002 gignit

2128 3035 2236 3086 me,
2259 3038 2278 3072 ι
2315 3021 2454 3075 idem
2484 3030 2567 3075 est
2593 3034 2654 3074 ac
2690 3021 2736 3074 si
2766 3021 2969 3075 diceret
3013 3037 3028 3074 :
3082 3020 3215 3076 Cum
3246 3037 3420 3078 essem
3462 3040 3527 3078 ex
3551 3024 3687 3094 ipso,

446 3114 697 3187 ὕστερον,
744 3118 879 3172 καθὸ
911 3117 1125 3191 θελήσει
1161 3120 1326 3174 αὑτοῦ
1358 3110 2023 3194 ἐκοινώνησαθὰτρέπτως,
2051 3162 2095 3226 C
2128 3124 2184 3167 θι
2209 3111 2371 3165 Simul
2400 3126 2522 3226 cu":
2574 3125 2639 3166 ϐο
2684 3111 3055 3211 ευίξείεῑθτθῐη»
3112 3114 3441 3226 οτεθῖῖιιηξθ
3480 3124 3687 3226 Postea.

444 3209 863 3281 ἀναμαρτήτως,
911 3211 1219 3283 ἀνθρώποις
1248 3214 1349 3284 τῆς
1393 3213 1627 3285 φύσεως,
1655 3214 1732 3278 ὡς
1757 3215 1866 3287 πρὸ
1890 3216 2023 3288 βρα-

445 3297 567 3369 χέος
610 3300 846 3371 εἴρηται.
914 3301 1028 3373 Πρὸ
1079 3301 1136 3355 δέ
1188 3302 1404 3356 πάντων
1475 3302 1678 3373 βουνῶν
1734 3304 2022 3376 ἐγέννησεν

446 3388 694 3455 ἀπαθῶς,
728 3392 822 3444 καὶ
862 3392 1132 3464 ἀνάρχως,
1184 3394 1276 3446 καὶ
1304 3394 1579 3467 ἀρρήτως,
1629 3394 1761 3448 διότι
1790 3395 1930 3467 ὑπὲρ
1962 3397 2022 3450 τὸ

445 3479 735 3551 ἀσώματον
762 3485 794 3553 ἡ
818 3482 1024 3554 θεότης.
1041 3485 1114 3537 Τὸ
1135 3485 1241 3556 γὰρ
1271 3503 1289 3535 ι
1330 3485 1436 3556 πρὸ
1479 3504 1498 3538 t
1524 3485 1757 3556 μάλιστα
1794 3487 1886 3539 ἐπὶ
1920 3488 2021 3540 αύ-

443 3569 546 3640 τῆς
584 3573 840 3643 τυγχάνει
903 3574 1175 3646 ἀόριστον,
1215 3576 1296 3629 ἔτι
1341 3576 1398 3629 δὲ
1463 3576 1559 3630 καί¹
1594 3578 1623 3630 6
1667 3594 1687 3629 ι
1724 3576 1781 3631 δὲ
1821 3596 1840 3629 ι
1895 3577 2022 3633 σύν-

441 3654 638 3727 δεσμος
688 3659 844 3712 τοῦτο
875 3660 1220 3732 παρίστησιν.
1267 3665 1332 3717 Εἰ
1362 3663 1485 3736 γὰρα
1499 3666 1596 3719 καὶ
1632 3664 1865 3730 ἔκτισεν,
1905 3668 2022 3730 πῶς

442 3747 765 3820 ἐγέννησεν;
806 3753 869 3805 Εί
915 3752 971 3806 δὲ
1001 3753 1308 3825 ἐγέννησεν,
1361 3756 1480 3821 πῶς
1518 3756 1765 3824 ἐκτισεν;
1814 3758 1889 3811 Τὸ
1921 3758 2018 3829 μὲν

442 3838 552 3911 γὰρ
593 3841 799 3912 κτίσμα
849 3844 993 3897 εῐποι
1031 3861 1114 3908 τις
1150 3845 1216 3900 ἃν
1266 3846 1360 3900 τοῦ
1407 3847 1693 3912 κτίσαντος
1748 3849 2015 3920 γέννημα,

439 3929 517 3994 ὡς
551 3932 715 4002 ἡμεῖς
757 3933 1093 4005 ἠκούσαμεν,
1150 3937 1259 3989 υἱοὶ
1305 3937 1582 4007 Ὑψίστου·
1630 3938 1692 3991 τὸ
1736 3939 1794 3993 δέ
1850 3939 2020 4003 ὅντως

439 4018 686 4092 γέννημα
723 4022 824 4075 οὐκ
860 4023 927 4076 ἄν
946 4041 1076 4077 ποτε
1116 4025 1210 4078 τοῦ
1254 4030 1618 4097 γεννήσαντος
1668 4030 1872 4101 κτίσμα
1889 4030 2020 4100 κλη-

441 4109 583 4181 θείη.
632 4110 800 4166 Οὔπω
846 4113 957 4185 γὰρ
994 4113 1102 4178 ἓως
1144 4116 1386 4189 σήμερον
1423 4118 1580 4188 ἴσμεν
1611 4119 1768 4172 τοῦτο
1803 4120 2013 4191 λεχθέν.

443 4198 606 4252 Ὥστε
653 4200 754 4271 τὴν
801 4202 860 4254 ἐν
896 4207 1009 4268 τοῖς
1066 4206 1309 4276 ἀρίστοις
1352 4207 1748 4278 ἐπιτηδεύμασι
1823 4211 2017 4278 σοφίαν

439 4290 774 4359 πανταχόθεν
814 4292 1186 4364 εὑρίσκεσθαι,
1226 4296 1306 4360 τὸ,
1339 4314 1357 4346 ι
1396 4294 1597 4366 Κύριος
1617 4296 1851 4361 ἔκτισεν,
1892 4315 1911 4349 ι
1942 4300 2016 4350 εί-

442 4383 692 4452 ρηκυῖαν·
731 4382 872 4435 ὥστε
926 4386 1023 4437 καὶ
1079 4385 1218 4438 κατὰ
1264 4384 1442 4455 βιαίαν
1474 4385 1702 4455 ἐκδοχὴν
1742 4386 1833 4440 τὸν
1859 4389 2015 4456 γενό-

2127 3209 2395 3271 quatenus
2427 3200 2705 3255 voluntate
2736 3199 2853 3267 ejus
2873 3214 3215 3255 communem
3250 3203 3411 3257 habui
3437 3219 3559 3259 cum
3586 3205 3706 3259 bo-‘

2122 3292 2365 3349 minibus
2390 3300 2667 3355 naturam,
2714 3289 2834 3344 sine
2872 3289 3170 3345 mutatione
3223 3298 3425 3357 tamen,
3470 3307 3535 3346 ac
3572 3293 3691 3348 sine

2122 3391 2368 3454 peccato,
2418 3382 2562 3435 sicut
2603 3379 2763 3449 paulo
2810 3388 2934 3433 ante
2985 3378 3113 3433 dixi.
3158 3379 3297 3434 Ante
3322 3394 3513 3436 omnes
3560 3396 3725 3459 vero‘

2124 3473 2291 3527 colles
2322 3471 2512 3543 genuit
2538 3471 2698 3524 Pater
2732 3469 3156 3541 impassibiliter,
3180 3479 3237 3526 et
3263 3470 3331 3525 ab
3370 3481 3596 3538 aeterno,
3633 3481 3691 3529 et

2122 3563 2501 3630 ineffabiliter;
2531 3561 2655 3632 quia
2687 3575 2851 3631 supra
2901 3560 3216 3630 incorporea
3255 3563 3435 3617 omnia
3459 3574 3543 3619 est
3573 3564 3683 3619 dei-

2123 3668 2227 3715 tas.
2249 3656 2383 3710 Nam
2414 3654 2565 3721 illud,
2598 3663 2753 3717 ante,
2807 3653 3104 3723 praesertim
3158 3668 3280 3708 cum
3320 3658 3386 3710 de
3408 3655 3520 3725 ipsa
3553 3656 3690 3712 dici-

2122 3760 2230 3815 tur,
2268 3747 2610 3803 indefinitum
2632 3755 2735 3803 est.
2767 3745 3033 3800 Prazterea
3062 3760 3190 3801 vero
3215 3745 3378 3801 etiam
3424 3747 3686 3814 particula

2121 3841 2233 3908 illa,
2261 3838 2342 3909 δέ,
2379 3839 2432 3894 id
2479 3847 2590 3904 est,
2656 3846 2856 3903 autem,
2916 3838 2970 3892 id
2998 3838 3171 3908 ipsum
3218 3840 3429 3908 probat.
3456 3838 3513 3895 Si
3542 3842 3685 3896 enim

2120 3933 2342 3996 creavit,
2366 3931 2634 4000 quomodo
2663 3928 2886 3999 genuit?
2912 3927 2970 3984 Si
3004 3944 3132 3985 vero
3179 3931 3387 4001 genuit,
3416 3933 3687 4002 quomodo

2120 4024 2370 4080 creavit?
2424 4023 2561 4077 Nam
2615 4030 2921 4077 creaturam
2972 4021 3191 4090 quidem
3237 4022 3416 4078 dicere
3440 4024 3561 4092 quis
3591 4039 3688 4094 po-

2121 4125 2224 4170 test
2278 4115 2589 4186 progeniem
2655 4111 2951 4178 Creatoris,
2999 4112 3141 4167 sicut
3184 4128 3282 4168 nos
3319 4112 3447 4167 dicti
3502 4128 3688 4171 sumus

2118 4209 2213 4265 ﬁlii
2249 4207 2513 4263 Altissimi
2540 4204 2684 4277 (4i):
2716 4204 2807 4275 qui
2830 4213 3011 4283 autem
3034 4218 3161 4260 vere
3187 4204 3421 4274 genitus,
3445 4218 3537 4260 seu
3563 4220 3687 4275 pro-

2118 4301 2307 4371 genies
2333 4307 2439 4367 est,
2468 4312 2743 4366 nunquam
2800 4295 3086 4352 vocabitur
3114 4297 3375 4364 genitoris
3396 4308 3681 4365 creatura;

2118 4393 2347 4449 necdum
2393 4392 2539 4447 enim
2601 4390 2866 4444 hactenus
2903 4403 2933 4441 a
2991 4390 3243 4459 quapiam
3287 4390 3537 4446 novimus
3578 4391 3685 4446 hoc

441 4489 602 4542 μενον
648 4474 969 4547 σύμμορφον
1028 4480 1095 4548 τῇ
1152 4477 1551 4549 ἁνθρωπότητι.
1609 4477 1700 4548 Τῷ
1755 4479 1863 4550 γὰρ
1916 4480 2015 4550 τῆς

2124 4484 2319 4539 dictum
2345 4496 2487 4538 esse.
2521 4482 2856 4549 Quocunque
2880 4493 3009 4549 ergo
3037 4482 3321 4549 vertimur,
3354 4482 3681 4550 invenimus,

437 4563 590 4629 θείας
620 4565 983 4638 προγνώσεως
1014 4568 1124 4640 ὅρῳ
1170 4569 1275 4640 πρὸ
1314 4570 1493 4638 πάσης
1522 4567 1750 4632 κτίσεως
1794 4571 2012 4639 ἐγένετο

436 4648 611 4720 οὗτος,
651 4657 827 4712 κτίσιν
858 4658 915 4711 δὲ
958 4657 1411 4730 καταχρηστικῶς
1451 4658 1550 4729 τὴν
1591 4657 2007 4731 ἀνθρωπότητα,

437 4747 579 4800 καθὰ
620 4746 747 4819 [162
790 4750 845 4822 α]
890 4752 986 4804 καὶ
1024 4752 1124 4823 τὴν
1152 4755 1210 4806 ὲν
1263 4751 1451 4821 κόσμῳ
1496 4751 1687 4818 σοφίαν
1727 4751 2004 4822 ὀνομάζει,

436 4837 502 4890 δι’
541 4832 616 4893 ὧν
655 4840 802 4909 λέγει
852 4844 881 4895 6
912 4843 1140 4906 Παῦλος-ο
1194 4860 1214 4894 ι
1268 4834 1610 4912 Ὑποτάγητε
1659 4842 1807 4914 πάσῃ
1833 4844 2006 4897 κτίσει

436 4930 750 5005 ἀνθρωπίνῃ
788 4933 878 4987 διὰ
913 4935 1003 4988 τὸν
1045 4935 1270 5007 Κύριον,
1312 4935 1418 4989 εἴτε
1461 4931 1686 5003 βασιλεῖ,
1731 4935 1806 4997 ὡς
1834 4935 2004 5006 ὑπερ-

436 5019 632 5091 έχοντι,
685 5024 797 5077 εἴτε
833 5025 1118 5096 ἡγεμόσιν,
1147 5026 1222 5089 ὡς
1262 5025 1329 5079 δι’
1367 5022 1532 5077 αὐτοῦ
1566 5025 1953 5095 πεμπομένοις.
1979 5045 1998 5077 ι

502 5230 615 5301 (51)
648 5229 922 5301 Lapidem.
955 5231 1097 5288 Psai.
1131 5249 1301 5299 cxvu,
1329 5235 1392 5290 21
1426 5246 1482 5291 et
1513 5236 1604 5291 22.

503 5300 863 5376 (52)Ει-ει·ἰε,
917 5302 1132 5376 Qmittit
1187 5307 1461 5376 nonnulla,
1513 5322 1635 5376 quae
1679 5315 1897 5361 exstant
1945 5306 1998 5361 in

428 5365 764 5445 Bililijsuubi
801 5387 898 5445 pro
923 5372 1301 5445 éﬂaulegitut‘
1331 5365 1468 5444 ἔστι,
1502 5365 1684 5444 idest,
1718 5396 1736 5427 ι
1770 5388 1869 5432 est.
1902 5395 1922 5429 υ

502 5440 612 5508 (55)
647 5438 817 5495 Puer.
837 5442 941 5495 lsa.
964 5459 1038 5508 Ix,
1070 5443 1122 5497 6.

503 5509 615 5580 (ξι)
642 5508 789 5580 S_icut
812 5513 942 5568 ovis.
972 5511 1072 5565 lsa.
1103 5527 1220 5580 Lm,
1250 5515 1301 5568 7.

501 5578 613 5645 (55)
657 5577 918 5648 Vidimus.
953 5582 1055 5638 Isa.
1087 5577 1294 5648 “11,2.

503 5648 613 5725 (τῇ)
646 5647 981 5725 geometrias.
1012 5650 1116 5725 lsa_.
1145 5647 1313 5725 1,24.
1335 5654 1465 5709 Vide
1492 5670 1614 5725 pag.
1642 5656 1734 5719 74,
1769 5666 1886 5712 not.
1928 5657 1999 5712 95

504 5717 621 5798 (Et?)
653 5717 1037 5798 Εαῐη.³σξ¹ίεςιο
1067 5717 1668 5798 βοάεξρβτεβέ-ἰιὲεο
1699 5717 1787 5780 ὅτε
1811 5727 1896 5798 δή-

509 5785 619 5859 (58)
651 5787 758 5855 Qui
781 5789 934 5860 facit.
964 5789 1152 5848 Latina
1186 5785 1356 5852 Biblia
1385 5796 1499 5852 haec
1532 5785 1639 5853 ηοῖι
1684 5785 1902 5854 Ιιίιιηηὶ.
1939 5797 1994 5852 In

2117 4573 2433 4643 sapientiam
2452 4572 2508 4625 in
2530 4568 2750 4640 optimis
2775 4566 3075 4637 disciplinis
3098 4568 3258 4623 sitam
3289 4570 3513 4639 dixisse,
3533 4592 3553 4624 ι
3577 4573 3685 4629 Do-

2116 4665 2297 4719 minus
2322 4663 2569 4719 creavit:
2600 4679 2620 4713 ›
2651 4662 2787 4715 adeo
2819 4667 2880 4712 ut
2911 4657 3146 4713 violenta
3189 4661 3352 4715 etiam
3401 4663 3474 4718 sit
3510 4665 3703 4719 interr

2113 4753 2369 4825 pretatio,
2397 4754 2444 4808 si
2478 4752 2595 4807 haec
2629 4749 2832 4805 dixisse
2862 4752 3079 4817 putetur
3122 4749 3186 4814 is,
3236 4752 3329 4819 qui
3361 4751 3684 4810 humanitati

2115 4843 2406 4899 conformis
2438 4841 2615 4896 factus
2649 4846 2755 4905 est,
2799 4836 2941 4907 quod
2977 4836 3171 4893 divina:
3208 4843 3563 4911 praescientiaa
3588 4847 3685 4900 de-

2117 4934 2498 4990 terminatione
2545 4944 2673 4988 ante
2695 4948 2907 4988 omnem
2957 4942 3263 4988 creaturam
3289 4932 3464 4991 factus
3488 4939 3560 4991 sit
3598 4949 3684 4992 ta-

2113 5026 2198 5082 lis.
2235 5024 2554 5079 Creaturam
2596 5040 2725 5080 vero
2782 5026 3240 5097 καταχρηστικῶς
3265 5025 3399 5098 (42),
3428 5029 3534 5085 hoc
3571 5037 3683 5097 est,

2108 5236 2311 5293 Graecis
2328 5248 2547 5293 exstant
2577 5239 2678 5296 Job
2710 5256 2788 5306 Ix,
2809 5239 2862 5294 9.

2180 5305 2291 5378 (59)
2325 5310 2429 5373 Qui
2453 5308 2601 5378 facit.
2633 5310 2775 5363 Psal.
2801 5323 2918 5376 cm,
2950 5308 2985 5378 5
3014 5307 3127 5377 (seu
3155 5307 3234 5378 4).

2201 5377 2290 5449 ίθ)
2327 5378 2430 5449 Qui
2455 5377 2662 5449 fundat.
2690 5380 2918 5449 Ibidem,
2948 5377 2981 5431 6
3007 5380 3123 5449 (seu
3158 5377 3236 5449 5).

2202 5447 2290 5512 41)
2323 5445 2458 5500 Filii
2479 5447 2753 5504 Altissimi.
2786 5448 2928 5503 Psal.
2963 5445 3143 5512 Liui,
3176 5445 3230 5503 6.

2179 5447 2260 5519 (41
2323 5447 2458 5500 Filii
2479 5447 2753 5504 Altissimi.
2786 5448 2928 5503 Psal.
2963 5447 3143 5512 Liui,
3176 5447 3230 5503 6.

2179 5447 2291 5588 (42;
2324 5516 2845 5587 Καταχρηστικῶς.
2919 5517 3161 5588 Graecam
3188 5528 3419 5588 “vocem
3468 5514 3685 5588 retineo

2109 5584 2422 5658 Hieronymi
2456 5584 2724 5658 eiemplo,
2755 5590 2844 5656 qui
2871 5588 2923 5641 in
2950 5584 3326 5658 Didymilibro
3361 5584 3437 5637 De
3469 5584 3676 5658 §piritu

2110 5666 2291 5712 sancto
2315 5651 2484 5733 segm.
2522 5651 2725 5733 58_,'sjc
2755 5651 3077 5733 transtulit}
3119 5673 3139 5707 ι
3164 5654 3299 5722 Quia
3331 5668 3467 5733 ergo
3487 5651 3680 5733 [codex

2112 5732 2306 5798 noster,
2348 5722 2472 5798 quia
2516 5726 2903 5798 enimlomnis
2937 5727 3170 5798 humana
3206 5722 3679 5798 vox_nihil'potest

2112 5796 2256 5853 aiiud
2284 5790 2533 5868 judicare
2580 5790 2768 5873 [colica
2816 5806 3013 5865 noster,
3065 5790 3520 5866 indicarelquam
3547 5806 3699 5848 cor---
