4056 6400
475 347 575 403 89.7

1741 348 1978 405 DIDYMI
2016 349 2486 406 ALEXANDRINI

3620 352 3721 409 828

474 473 581 513 me.
610 455 745 512 Nam
775 457 989 528 proprie
1014 471 1136 511 cum
1189 457 1258 513 de
1303 456 1415 529 (59)
1453 457 1556 512 illis
1588 472 1766 513 sermo
1795 468 1901 523 est,
1947 459 2032 529 qui

2146 460 2315 525 σεύει,
2356 480 2376 513 ι
2417 460 2513 514 καὶ
2541 476 2561 511 ι
2600 458 2838 529 έκθορεῖ’
2882 476 2903 510 ι
2938 457 3001 512 τὸ
3027 458 3073 513 δ’
3099 458 3361 531 ὲκθοροῦν
3396 460 3475 531 τῷ
3504 462 3597 515 ὑπ’
3623 466 3721 517 αὺ-

470 565 538 603 ex
574 564 677 604 ovo
699 548 991 615 exsiliunt,
1022 564 1130 604 non
1176 563 1303 604 vero
1351 549 1442 619 qui
1496 558 1769 613 creantur,
1826 550 2040 615 dicitur,

476 658 497 693 ι
528 640 806 695 Nidnlatus
835 648 940 703 est,
967 658 987 692 ι
1016 649 1109 694 aut
1129 657 1146 689 ι
1165 638 1384 695 exsilire
1401 638 1527 693 fecit
1549 639 1680 709 (60),
1711 658 1731 691 ι
1759 647 1813 694 et
1839 659 1857 691 ι
1890 641 2046 695 nidu-

471 731 633 796 latur,
659 749 679 783 ι
704 738 760 784 et
806 748 826 780 ι
874 729 1093 783 exsilire
1132 728 1259 783 facit
1296 745 1308 781 :
1351 731 1535 796 »ψιοά
1562 744 1687 783 vero
1712 727 1929 783 exsilire
1965 729 2044 784 fa-

477 823 576 887 cit,
609 822 976 877 heterousium
1007 834 1111 874 non
1136 829 1240 883 est,
1273 833 1466 886 nempe
1494 818 1712 872 alterius
1737 820 2042 872 substantia:

472 915 542 968 ab
575 927 663 979 eo,
711 912 853 982 quod
906 926 973 965 ex
1023 912 1139 981 ipso
1176 911 1376 965 exsilit.
1436 910 1619 980 Itaque
1647 912 1762 965 sive
1786 911 2040 966 dictionis

471 1014 687 1074 etymon
739 1011 1033 1071 spectetur,
1095 1001 1209 1054 sive
1251 1000 1416 1054 totius
1469 1001 1736 1054 sermonis
1765 1014 1975 1065 sensus,
2010 1015 2039 1054 a

469 1096 700 1150 veritate
723 1094 956 1148 alienum
1008 1101 1091 1148 est
1128 1092 1269 1162 quod
1325 1092 1475 1145 aiunt
1524 1091 1782 1146 haeretici.
1811 1091 2039 1158 Quidam

469 1200 601 1242 vero
657 1185 807 1250 illud,
842 1204 861 1237 ι
913 1186 1172 1241 Dominus
1222 1183 1427 1238 creavit
1464 1198 1550 1238 me
1587 1183 1797 1237 initium
1829 1184 2034 1238 viarum

471 1293 754 1342 suarum,»
791 1285 941 1331 recte
991 1276 1063 1330 ita
1098 1283 1438 1344 acceperunt,
1487 1283 1545 1327 ut
1574 1273 1642 1328 de
1683 1273 1920 1328 Ecclesia
1949 1273 2036 1328 di-

470 1379 617 1423 ctum
650 1368 738 1432 sit,
771 1367 823 1421 in
874 1380 979 1435 qua
1022 1366 1262 1419 veritatis
1301 1372 1358 1419 et
1403 1364 1683 1435 sapientiae
1714 1363 1799 1415 via
1828 1377 2035 1416 annun-

472 1462 660 1527 tiatur,
693 1474 964 1530 quamque
1005 1456 1204 1512 Christi
1249 1470 1445 1526 corpus
1474 1457 1688 1510 vocavit
1725 1453 2034 1523 Apostolus,

2150 553 2244 605 τοῦ
2274 552 2651 624 έκθορουμένῳ
2678 553 2777 622 οὐχ
2832 551 3193 623 ὲτεροούσιον.
3240 552 3402 604 Ὥστε
3443 552 3539 606 καὶ
3583 554 3726 607 κατὰ

2149 628 2248 715 τῆν
2300 644 2464 710 λέξιν,
2499 644 2593 698 καὶ
2622 643 2764 697 κατὰ
2791 642 2888 714 τὴν
2932 642 3171 696 διάνοιαν
3195 643 3473 714 ἀποχωρεῖ
3494 644 3557 697 τὸ
3588 645 3723 714 πρό-

2149 734 2334 806 6λημα
2373 734 2551 788 αὐτῶν
2594 734 2702 788 ἀπὸ
2726 735 2827 805 τῆς
2871 733 3143 806 ἀληθείας.
3187 734 3341 797 Τινὲς
3369 734 3425 787 δὲ
3450 734 3527 799 τὸ,
3559 753 3578 785 ‹
3609 734 3725 788 Κύ-

2150 843 2264 897 ριος
2284 825 2465 880 έκτισέ
2508 844 2576 896 με
2615 825 2788 897 ἀρχὴν
2843 824 2976 879 ὁδῶν
3022 823 3208 887 αὐτοῦ,
3252 844 3271 876 ι
3302 826 3429 894 περὶ
3464 825 3565 894 τῆς
3596 826 3721 879 Ἐκ-

2148 915 2376 985 κλησίας
2402 915 2653 987 εἰρῆσθαι
2694 915 2873 978 καλῶς
2904 916 3150 986 ὲνόησαψ
3188 917 3246 969 ὲν
3348 917 3445 985 τῆς
3467 914 3721 986 ἀληθείας

2145 1008 2239 1060 καὶ
2278 1006 2466 1076 σοφίας
2501 1009 2533 1077 ἡ
2579 1006 2697 1070 ὁδὸς
2721 1007 3168 1076 καταγγέλλεται·
3199 1007 3389 1077 ⁴ἥντινα
3413 1007 3508 1059 καὶ
3561 1008 3717 1077 σῶμα

2143 1096 2237 1153 τοῦ
2282 1097 2516 1170 Χριστοῦ
2559 1098 2818 1152 ἐκάλεσεν
2842 1099 2871 1151 6
2899 1098 3243 1163 Ἀπόστολος,
3275 1099 3502 1169 γράφων
3539 1100 3716 1154 τοιάδε

2143 1187 2508 1242 Κολοσσαεῦσι
2550 1188 2668 1259 μέν·
2709 1206 2729 1241 ι
2764 1188 2875 1242 Καὶ
2929 1188 3328 1259 ἀνταναπληρῶ
3373 1189 3441 1240 τὰ
3486 1189 3714 1260 ὑστερή-

2145 1296 2291 1350 ματα
2315 1280 2423 1333 τῶν
2457 1280 2686 1348 θλίψεων
2713 1279 2806 1333 τοῦ
2857 1280 3095 1351 Χριστοῦ
3123 1283 3181 1333 ὲν
3209 1284 3274 1352 τῇ
3306 1279 3470 1352 σαρκί
3497 1298 3595 1351 μου
3611 1283 3716 1336 ὑπὸ

2139 1366 2233 1419 τοῦ
2269 1366 2520 1438 σώματος
2548 1366 2735 1431 αὑτοῦ,
2761 1368 2791 1421 ὃ
2829 1370 2976 1421 ἐστιν
2998 1370 3032 1439 ἡ
3078 1369 3392 1439 Ἐκκλησία,
3438 1365 3505 1441 ἧς
3535 1372 3717 1439 ἐγενό-

2143 1476 2249 1529 μην
2271 1457 2382 1527 ἐγὼ
2411 1459 2655 1522 διάκονος
2678 1460 2820 1512 κατὰ
2847 1458 2945 1530 τὴν
2971 1461 3279 1531 οἰκονομίαν
3305 1459 3399 1514 τοῦ
3432 1461 3587 1526 Θεοῦ,
3616 1464 3714 1534 τὴν

467 1567 589 1608 cum
622 1552 840 1621 scripsit
891 1550 956 1604 ad
1006 1547 1355 1604 Colossenses
1422 1546 1639 1616 quidem
1670 1563 1683 1598 :
1718 1564 1737 1598 ι
1771 1545 1836 1600 Ει
1864 1545 2032 1599 adim-

2137 1549 2383 1603 δοθεῖσάν
2416 1568 2525 1621 μοι’
2553 1569 2573 1602 ι
2602 1550 2910 1622 Κορινθίοις
2942 1551 3072 1605 δὲέν
3099 1554 3167 1618 τῇ
3193 1550 3384 1626 πρώτῃ
3407 1553 3713 1626 Ἐπιστολῇ·

469 1644 589 1712 pleo
614 1642 726 1714 (61)
772 1640 1019 1696 defectus
1071 1638 1472 1694 tribulationum
1525 1638 1728 1692 Christi
1776 1637 1830 1690 in
1871 1650 2032 1692 carne

2143 1661 2162 1693 ι
2202 1641 2284 1694 Τὰ
2310 1641 2446 1712 μέλη
2473 1644 2505 1713 ἡ
2516 1641 2654 1713 μῶν,
2689 1642 2824 1713 μέλη
2878 1641 3138 1713 Χριστοῦ.
3177 1638 3323 1714 Ἆρα
3355 1640 3451 1698 οὖν
3479 1646 3547 1699 τά
3576 1645 3713 1717 μέλη

467 1751 588 1790 mea
615 1751 711 1805 pro
750 1734 863 1805 (62)
896 1742 1125 1803 corpore
1153 1732 1291 1800 ejus,
1320 1731 1463 1800 quod
1487 1740 1568 1785 est
1602 1728 2032 1799 Ecclesia,cujus

2136 1734 2232 1789 τοῦ
2258 1734 2495 1805 Χριστοῦ
2545 1735 2844 1806 ποιήσομεν
2866 1735 3071 1806 πόρνης
3095 1734 3260 1807 μέλη;
3290 1735 3376 1808 Μὴ
3416 1737 3654 1806 γένοιτοί
3690 1758 3709 1789 ι

468 1826 646 1882 factus
686 1843 802 1882 sum
831 1842 930 1895 ego
959 1825 1206 1880 minister
1252 1824 1551 1878 secundum
1581 1821 2032 1890 dispensationem

2140 1823 2238 1876 καὶ
2262 1822 2448 1875 πάλιν·
2518 1842 2535 1873 ι
2568 1823 2754 1877 Πάντα
2795 1822 2851 1876 δὲ
2907 1823 2977 1876 τὰ
3010 1823 3146 1894 μέλη
3179 1823 3275 1877 τοῦ
3315 1824 3563 1896 σώματος
3614 1826 3715 1880 τοῦ

468 1920 586 1985 Dei,
623 1934 743 1989 qua:
794 1918 914 1973 data
974 1927 1057 1971 est
1111 1915 1278 1981 mihi;
1314 1934 1342 1987 ι.
1368 1915 1448 1970 ad
1482 1913 1794 1968 Corinthios
1820 1927 1948 1967 vero
1978 1912 2031 1965 in

2138 1915 2275 1980 ἐνὸς,
2300 1914 2470 1968 πολλὰ
2490 1914 2640 1976 ὄντα,
2683 1914 2743 1969 ἓν
2807 1917 2921 1968 ἐστι
2963 1915 3142 1986 σῶμα·
3173 1916 3344 1980 οὕτως
3387 1920 3481 1971 καὶ
3512 1921 3541 1971 6
3579 1920 3715 1992 Χρι-

466 2008 641 2080 prima
680 2010 954 2080 Epistola:
993 2028 1012 2061 ι
1046 2007 1284 2063 Membra
1316 2018 1499 2061 llOSll‘a
1524 2004 1635 2077 (63)
1656 2006 1891 2061 membra
1907 2013 2032 2060 sunt

2142 2006 2282 2070 στός.
2322 2025 2342 2058 ι
2375 2007 2558 2068 Ὥστε,
2585 2008 2634 2059 εί
2663 2008 2757 2060 καὶ
2786 2007 2928 2061 κατὰ
2970 2007 3069 2079 τὴν
3112 2008 3560 2064 δυσαντίϐλεπτον
3595 2028 3715 2075 πως

466 2103 669 2158 Christi
696 2121 710 2156 ε
749 2116 949 2165 ergone
981 2100 1094 2169 (64)
1128 2099 1365 2154 membra
1389 2097 1590 2152 Christi
1635 2096 1892 2151 faciemus
1922 2110 2032 2149 me-

2139 2098 2467 2169 οἰκονομίαν,
2495 2098 2655 2166 σῶμα
2684 2098 2783 2170 μὲν
2812 2098 2978 2152 αὑτοῦ
3032 2098 3131 2171 τὴν
3170 2100 3517 2171 Ἐκκλησίαν,
3558 2102 3714 2155 ἀδελ-

465 2195 680 2250 retricis
708 2192 985 2247 membra?
1009 2191 1197 2246 Absit!
1237 2209 1256 2243 ι
1284 2199 1338 2245 et
1375 2204 1561 2243 rursus
1590 2206 1606 2243 :
1653 2206 1671 2240 ι
1705 2187 1893 2243 Omnia
1923 2185 2032 2257 (65)

2139 2189 2273 2260 φοὺς
2312 2190 2369 2243 δὲ
2425 2192 2573 2261 ἡμᾶς
2630 2191 2754 2254 τοὺς
2791 2191 3042 2255 κτιστοὺς
3087 2187 3231 2245 οἶδεν
3278 2194 3310 2264 ἠ
3348 2193 3562 2264 Γραφὴ,
3595 2193 3713 2247 ἀλλ’

465 2297 646 2343 autem
698 2286 938 2340 membra
1001 2284 1239 2353 corporis
1299 2284 1477 2342 unius,
1541 2296 1660 2335 cum
1703 2280 1812 2333 sint
1845 2279 2033 2345 tnulta,

466 2387 633 2433 unum
665 2386 790 2432 sunt
827 2390 1043 2445 corpus,
1087 2376 1160 2429 ita
1198 2384 1251 2429 et
1285 2373 1556 2428 Christus.
1579 2392 1597 2424 ι
1640 2371 1895 2437 Quamvis
1927 2370 2032 2424 ita-

463 2483 571 2538 que
598 2476 838 2537 spectata
862 2464 985 2520 Filii
1023 2463 1327 2518 veneranda
1357 2478 1419 2517 ac
1474 2461 1745 2516 tremenda
1775 2459 2030 2513 lucarna-

465 2559 612 2613 tione
638 2570 833 2625 corpus
862 2554 1078 2625 quidem
1103 2553 1247 2608 illius
1285 2551 1680 2622 quodammodo
1710 2549 2026 2609 Ecclesiam,

463 2651 663 2704 fratres
682 2661 813 2702 vero
838 2645 1079 2714 ejusdem
1114 2660 1211 2698 nos
1236 2653 1517 2698 creaturas
1545 2652 1699 2696 vocet
1729 2641 2028 2710 Scriptura,

463 2743 580 2810 ipse
610 2749 811 2802 tamen,
865 2746 1132 2808 quatenus
1176 2734 1529 2805 Unigenilus,
1580 2746 1634 2789 et
1661 2748 1818 2789 verus
1865 2732 2032 2788 Filius

464 2830 730 2888 Altissimi
766 2829 885 2894 Dei,
924 2829 978 2882 in
1039 2837 1409 2883 creaturarum
1438 2825 1780 2880 multitudine
1817 2840 1880 2880 ac
1934 2840 2032 2878 nu-

462 2937 615 2977 mero
664 2920 808 2975 nulla
859 2920 1067 2973 ratione
1114 2917 1611 2987 comprehenditur.
1677 2914 1864 2983 Neque
1903 2929 2034 2970 vero

2135 2278 2253 2346 οὖν,
2295 2283 2371 2347 ὡς
2425 2284 2718 2354 μονογενὴς
2762 2284 2853 2336 καὶ
2887 2282 3016 2355 [165
3042 2282 3094 2355 b]
3143 2284 3400 2355 ἀληθινὸς
3443 2285 3567 2350 Υἱὸς
3615 2286 3712 2341 τοῦ

2137 2372 2362 2442 ὑψίστου
2400 2370 2561 2438 Θεοῦ,
2627 2376 2693 2444 τῇ
2747 2374 3012 2427 συστάσει
3051 2374 3145 2428 τοῦ
3185 2375 3423 2446 πλήθους
3468 2377 3575 2430 τῶν
3603 2395 3714 2433 κτι-

2140 2464 2362 2535 σμάτων
2406 2464 2528 2517 κατ’
2576 2463 2728 2519 οὐδὲν
2758 2464 3128 2536 συνείληπται.
3164 2465 3300 2521 Οῦτε
3329 2468 3385 2521 δὲ
3421 2468 3550 2541 ἄλλη
3583 2486 3718 2541 γρα-

2137 2551 2212 2623 φὴ
2247 2552 2488 2623 περιέχει
2531 2551 2676 2619 λέξιν
2718 2552 2998 2624 τοιαύτην.
3051 2555 3190 2627 Περὶ
3240 2556 3403 2612 αὐτοῦ
3451 2558 3711 2629 μενοῦνγε

2140 2641 2448 2714 πέπλησται
2478 2644 2646 2703 πᾶσα.
2697 2643 2780 2696 ὅτι
2812 2643 2946 2707 Θεὸς
2983 2643 3257 2716 ἀληθινὸς,
3288 2649 3382 2702 καὶ
3406 2649 3533 2714 Υἱὸς
3562 2668 3717 2720 μονοσ

2138 2736 2300 2806 γενὴς
2322 2735 2554 2806 ἀληθῶς.
2624 2736 2783 2788 Ἀλλὰ
2838 2735 2946 2807 γὰρ
2977 2736 3165 2808 ὥσπερ
3196 2740 3300 2793 ὑπό
3326 2758 3469 2806 τινος
3503 2742 3718 2812 ῥεύμα-
3824 2810 3829 2811 ί

2138 2842 2231 2888 τος
2255 2824 2531 2895 ὑπηνέχθη
2561 2824 2671 2895 βία.
2730 2825 2861 2878 Ἐπὶ
2897 2820 2991 2879 οῦν
3028 2826 3215 2897 ἕτερον
3265 2830 3555 2899 κεφάλαιον
3582 2847 3707 2902 τρε-

2141 2916 2303 2971 πτέον
2333 2916 2422 2969 τὸν
2438 2915 2614 2984 λόγον.

461 3014 773 3085 huiusmodi
806 3028 995 3068 vocem
1029 3011 1189 3068 habet
1216 3011 1323 3066 ullo
1344 3011 1449 3066 alio
1482 3011 1536 3065 in
1564 3011 1679 3065 loco
1705 3009 2008 3080 Scriptura.
2048 3024 2169 3064 cum
2199 3012 2265 3066 de
2320 3010 2455 3065 Filio
2518 3026 2699 3067 sermo
2747 3021 2851 3068 est.
2884 3012 3023 3080 Quin
3051 3020 3162 3067 tota
3179 3012 3265 3067 his
3289 3012 3535 3069 formulis
3550 3011 3714 3083 plena

459 3116 565 3174 est,
598 3109 770 3178 ipsum
808 3121 931 3162 esse
968 3105 1133 3160 Deum
1161 3120 1372 3171 verum,
1399 3114 1453 3159 et
1500 3119 1628 3158 vere
1674 3102 1869 3158 Filium
1909 3102 2267 3172 unigenitum.
2337 3103 2443 3159 Sed
2508 3119 2607 3174 ego
2672 3104 2777 3161 huc
2806 3104 2950 3161 velut
2999 3121 3031 3160 a
3079 3103 3375 3175 profluente
3445 3104 3715 3175 impulsus

459 3198 746 3271 sum‘(66).
771 3198 954 3268 Itaque
1007 3197 1073 3251 ad
1118 3196 1346 3251 alterum
1387 3196 1681 3265 capitulum
1735 3195 2026 3250 vertendus
2061 3203 2143 3249 est
2177 3209 2377 3250 sermo.

983 3290 1147 3362 31.7
1201 3289 1356 3345 CAP.
1413 3289 1503 3344 tv.

530 3386 804 3452 Secundo,
846 3382 991 3454 quod
1036 3381 1317 3449 objiciunt,
1351 3387 1671 3449 argumento
1715 3378 2027 3435 intoleraoi-

457 3477 543 3533 les
568 3476 702 3547 (67),
732 3491 796 3530 ac
835 3488 1056 3545 pravam
1105 3471 1501 3526 inconsiderate
1547 3471 1871 3525 sententiam
1914 3484 2031 3525 am-

458 3571 755 3640 plectentes
778 3567 1016 3622 heretici
1050 3575 1252 3620 rectam
1276 3563 1434 3617 fidem
1464 3578 1494 3617 e
1520 3560 1818 3632 Scripturis
1845 3572 2028 3619 osten-

458 3662 591 3717 dere
612 3660 830 3715 studeut
858 3657 1166 3720 absurdam,
1194 3665 1381 3709 contra
1419 3654 1775 3725 theologicam
1807 3669 2026 3710 sensum

459 3768 555 3808 eas
603 3753 1054 3821 interpretantes;
1101 3762 1253 3802 suam
1286 3761 1417 3801 vero
1455 3747 1696 3815 ipsorum
1739 3745 1895 3800 ﬁdem
1934 3759 2031 3814 per

458 3844 676 3898 easdem
701 3843 1002 3914 graviorem
1046 3841 1441 3896 demonstrare.
1475 3838 1626 3906 Quod
1657 3838 1800 3893 enim
1831 3836 2027 3906 Filius,

460 3936 731 4005 inquiunt,
759 3942 1002 3989 creatura
1027 3933 1117 3997 sit,
1152 3941 1206 3985 et
1235 3930 1497 4002 unigeniti
1525 3927 1667 3993 Filii,
1696 3943 1761 3983 ac
1803 3928 1895 3983 Dei
1938 3943 2030 3982 no-

459 4041 584 4081 men
636 4025 789 4095 quasi
840 4023 1021 4078 fucum
1067 4020 1170 4093 ipsi
1222 4021 1436 4087 illitum,
1492 4028 1634 4074 etut
1667 4018 2027 4074 adulterinum

462 4117 682 4184 habeat,
714 4133 781 4173 ex
813 4117 879 4170 iis
906 4123 1072 4184 patet,
1100 4128 1221 4183 quae
1254 4114 1319 4167 de
1358 4113 1477 4182 ipso
1515 4110 1716 4166 Paulus
1746 4111 1811 4164 ad
1842 4110 2031 4165 Colos-

462 4224 646 4264 senses
676 4208 926 4277 scripsit:
974 4225 992 4258 ι
1028 4205 1429 4275 Primogenitns
1469 4204 1646 4258 omnis
1683 4210 1966 4271 creaturae.
2001 4218 2022 4254 ι

458 4301 670 4361 Etenim
710 4301 753 4356 si
783 4309 865 4354 est
900 4299 1312 4370 primogenitus,
1360 4314 1464 4352 non
1499 4307 1582 4352 est
1627 4312 1760 4352 sane
1791 4297 2030 4365 unigeni-

459 4396 571 4451 tns,
626 4388 719 4441 sed
768 4397 1014 4456 respectu
1066 4386 1320 4451 aliorum,
1368 4387 1458 4455 qui
1508 4395 1629 4454 post
1678 4401 1799 4439 eum
1859 4386 2027 4439 creati

461 4479 629 4541 fuere,
658 4478 1051 4548 primogenitus
1077 4486 1183 4533 est.
1223 4476 1279 4531 Si
1322 4491 1451 4531 vero
1475 4484 1559 4531 est
1590 4477 1899 4545 unigenitus
1934 4476 2028 4531 Fi-

459 4569 585 4633 lius,
619 4571 884 4638 quomodo
913 4578 993 4623 est
1034 4569 1468 4639 primogenitus?
1512 4568 1619 4624 Nos
1651 4584 1781 4639 ergo
1815 4570 1868 4624 in
1918 4568 2031 4638 pri-

2788 3290 2947 3345 ΚΕΦ.
2984 3292 3022 3343 Δ
3042 3330 3057 3343 .

2198 3379 2458 3450 Δεύτερον
2515 3379 2807 3451 πρόϐλημα
2835 3381 2945 3434 τῶν
2972 3380 3414 3450 δυσαγκαλίστων
3460 3382 3553 3436 καὶ
3612 3382 3735 3435 ἀνω

2129 3470 2415 3538 εξέταστον
2464 3472 2694 3543 ἐχόντων
2719 3473 2781 3525 τὸ
2822 3473 3077 3545 φρόνημα
3119 3474 3410 3545 αίρετικῶν
3453 3476 3714 3547 πειρᾶται

2128 3562 2227 3634 τὴν
2252 3562 2420 3634 ὀρθὴν
2449 3562 2631 3616 πίστιν
2675 3564 2783 3616 ἀπὸ
2814 3563 3070 3635 Γραφῶν,
3099 3564 3209 3618 τῶν
3235 3565 3389 3636 παρὰ
3414 3566 3504 3620 τὸν
3528 3566 3716 3619 θεολο-

2128 3652 2285 3722 γικδν
2307 3653 2433 3707 νοῦν
2458 3654 2552 3706 ὑπ’
2584 3655 2765 3708 αὐτῶν
2790 3655 3115 3725 νοουμένων,
3173 3656 3464 3711 ἀπείθανον
3505 3658 3715 3711 δεικνύ-

2129 3761 2237 3809 ναι,
2263 3743 2363 3815 τὴν
2383 3744 2426 3797 δ’
2456 3745 2663 3799 ἑαυτῶν
2700 3746 2788 3801 διὰ
2827 3745 2938 3799 τῶν
2995 3747 3174 3802 αὐτῶν
3221 3751 3548 3821 σεμνοτέραν
3576 3750 3717 3804 ἀπο-

2130 3834 2358 3902 φαίνειν.
2392 3836 2675 3889 Δείκνυται
2698 3837 2828 3909 γὰρ,
2868 3838 3027 3909 φησι,
3085 3841 3301 3904 κτιστὸς
3332 3842 3425 3893 xui.
3450 3835 3561 3894 οἷον
3587 3841 3714 3893 ὲπίς

2128 3926 2364 3980 πλαστον
2396 3927 2491 3980 καὶ
2515 3926 2665 3980 νόθον
2695 3927 2833 3997 ἔχων
2858 3930 2921 3982 τὸ
2987 3948 3005 3981 ι
3053 3930 3345 4001 μονογενὴς
3383 3930 3511 3994 Υἱὸς
3537 3951 3557 3983 ι
3614 3931 3715 3986 καὶ

2135 4034 2154 4067 ι
2182 4016 2314 4080 Θεὸς
2336 4036 2355 4068 ι
2409 4016 2580 4088 ὄνομα
2598 4033 2611 4048 ·
2654 4017 2714 4083 ἐξ
2740 4012 2815 4073 ὧν
2844 4019 3058 4084 Παῦλος
3087 4021 3484 4075 Κολοσσαεῦσιν
3542 4021 3710 4094 ἐγρα-

2127 4106 2228 4178 ψεν
2262 4108 2389 4179 περὶ
2438 4108 2604 4161 αὑτοῦ
2634 4123 2647 4139 ·
2716 4127 2735 4161 ι
2760 4110 3114 4182 Πρωτότοκος
3169 4112 3349 4182 πάσης
3398 4112 3646 4177 κτίσεως.
3683 4136 3704 4165 ι

2128 4201 2194 4254 Εἰ
2221 4199 2330 4271 γὰρ
2379 4200 2538 4272 δῆθεν
2591 4203 2954 4272 πρωτότοκος,
3007 4205 3067 4256 οὐ
3132 4204 3444 4274 μονογενὴς,
3476 4203 3589 4257 ἀλλ’
3630 4204 3711 4268 ὡς

2129 4293 2267 4365 πρὸς
2302 4294 2430 4356 τοὺς
2481 4293 2597 4363 μετ’
2618 4294 2779 4348 αὐτὸν
2816 4294 3134 4359 κτισθέντας
3165 4297 3505 4366 πρωτότοκος
3525 4312 3538 4325 ·
3571 4297 3618 4348 εί
3648 4294 3711 4348 δὲ

2092 4372 2099 4379 ’
2132 4387 2423 4458 μονογενὴς
2458 4384 2606 4449 Υἱὸς,
2638 4385 2754 4449 πῶς
2781 4385 3163 4458 πρωτότοκος;
3208 4386 3566 4459 Προειπόντες
3592 4380 3711 4449 οὖν,

2130 4479 2204 4540 ὡς
2259 4476 2400 4547 ὑπὲρ
2449 4475 2549 4547 τὴν
2584 4475 2763 4529 αὐτῶν
2796 4478 2912 4530 ἐστι
2946 4478 3040 4530 καὶ
3096 4477 3157 4530 τὸ
3190 4477 3350 4547 βάθος
3401 4476 3494 4529 τοῦ
3526 4475 3710 4545 λογίου

2132 4567 2321 4621 τούτου
2376 4566 2747 4637 συναίσθησιν,
2808 4567 2905 4621 καὶ
2965 4568 3041 4631 ὡς
3077 4569 3255 4622 ἐλάλει
3308 4568 3540 4634 Παῦλος,
3567 4568 3603 4622 ὃ.
3632 4567 3710 4639 μὴ

460 4659 564 4713 mis
588 4660 838 4726 dicimus,
889 4660 1048 4730 huius
1084 4660 1247 4713 etiam
1298 4660 1504 4714 oraculi
1541 4661 1885 4715 altitudinem
1935 4675 2029 4714 eo-

2136 4659 2269 4732 ᾔδει,
2317 4659 2412 4714 καὶ
2440 4630 2741 4723 ἐπίστευεν,
2792 4654 2874 4723 οἷς
2916 4630 3116 4724 ἐλάλει,
3148 4660 3335 4732 ἐπειδὴ
3379 4630 3613 4730 ὑποϐολὴ

461 4764 580 4805 rum
612 4751 1019 4820 intelligentiam
1053 4766 1330 4821 superare,
1378 4766 1444 4807 ac
1493 4750 1719 4806 Paulum
1768 4766 1827 4807 ea
1880 4753 2029 4807 locu-

463 5007 728 5115 ;gtilvero
751 5005 819 5048 ex
856 4995 1022 5050 verbo
1059 5003 1164 5085 mp
1190 4995 1406 5069 (canah)
1441 4996 1584 5067 quod
1637 4996 1799 5061 valet,
1837 4969 1879 5048 ἰ
1911 5012 2027 5068 pos-

533 5130 644 5205 (Sij)
673 5132 770 5205 ρο.
800 5132 1007 5205 Codex,
1044 5134 1468 5205 éxLLegendum
1495 5133 1709 5190 videtur
1734 5136 1828 5190 ὲπί

534 5201 647 5272 (60)
681 5200 910 5275 Exsilt're
931 5206 1075 5273 fecit.
1114 5200 1345 5258 Verbum
1382 5203 1627 5275 ἐκθορεῖν
1680 5209 1877 5273 active,
1926 5222 2032 5261 non

466 5271 808 5326 intransitive
839 5271 973 5327 sumi
1008 5276 1094 5329 hic
1134 5277 1386 5330 arbitror.

558 5341 647 5409 61",
681 5339 748 5392 Et
778 5342 1060 5410 adimpleo.
1091 5345 1298 5399 Coloss.
1340 5361 1380 5410 ι,
1413 5344 1485 5398 24
1513 5354 1567 5398 et
1594 5344 1685 5399 25.

557 5410 646 5481 62)
689 5410 819 5483 Pro.
851 5412 1032 5467 Codex
1064 5416 1344 5481 mendose,
1387 5426 1446 5465 ut
1487 5425 1636 5483 puto,
1692 5417 1853 5470 habet
1901 5415 2026 5480 ὑπὸ,

461 5479 518 5535 id
542 5479 640 5556 ςςξι
686 5482 863 5556 ¢__suh,
899 5500 918 5533 ι
958 5484 1042 5536 vel
1076 5500 1156 5537 ra.
1186 5503 1217 5556 r
1247 5479 1389 5555 Lego
1417 5479 1887 5556 ex'BililiisWOrrép.

534 5551 646 5620 (65)
680 5549 916 5604 Membra
973 5565 1170 5608 nostra.
1200 5553 1221 5607 ι
1253 5549 1376 5609 Cor.
1440 5570 1513 5619 Vl,
1563 5554 1649 5608 15.
1697 5549 1884 5609 Grmca
1913 5555 2022 5609 edi-

460 5619 769 5694 tithabeL:
802 5620 1031 5692 σώματα
1055 5624 1229 5694 ὑμῶν,
1256 5625 1307 5678 id
1338 5633 1421 5678 est
1441 5664 1466 5694 ,ν
1493 5636 1720 5694 corpora
1748 5637 1945 5682 vestra.

537 5689 652 5765 (64)
702 5687 977 5765 Ergone...
1029 5687 1303 5765 faciemus.
1356 5687 1759 5765 Βίιιίίιιίᾶρας
1819 5694 2025 5751 οῦν.....

449 5760 698 5831 ποιήσω,
730 5760 915 5830 idest,
951 5782 972 5817 ι
1006 5760 1197 5822 tollens
1224 5780 1417 5836 ergo...
1459 5760 1706 5832 faciam,»
1743 5774 1851 5822 etc.

2131 4751 2232 4824 τῆς
2270 4749 2436 4815 ὅντως
2464 4750 2674 4819 σοφίας,
2698 4752 2793 4806 καὶ
2814 4752 3066 4824 προφανῆ
3092 4752 3264 4807 ταῦτα
3304 4754 3481 4807 πάντα
3513 4752 3706 4817 ἐποίει,

2204 5001 2316 5069 (65)
2349 5001 2563 5057 Omnia.
2594 5001 2613 5056 l
2644 4999 2773 5057 Cor;
2804 5015 2906 5066 xn,
2945 4998 3031 5053 12.

2205 5066 2315 5154 (66.)
2347 5072 2776 5154 ζιιιρρζειιεεξιιῃι.
2812 5070 3015 5154 Codex,
3045 5066 3328 5154 ὑπηνέχθη
3363 5068 3703 5154 βεφμιιιίιιι,

2134 5141 2444 5215 ὑπηνέχθην
2475 5142 2592 5223 βίᾳ.
2622 5141 2845 5223 Videtur
2871 5149 3049 5194 autem
3104 5140 3360 5209 Didymus
3412 5140 3705 5193 Aristidem

2137 5211 2404 5280 rhetorem
2441 5213 2640 5266 iuntari
2678 5219 3051 5280 tnqmenletn:
3097 5209 3239 5262 Ἀλλ’
3293 5211 3322 5262 6
3372 5209 3529 5279 λόγος
3570 5209 3702 5280 γὰρ,

2133 5252 2553 5353 ὥσπέρνρεῦμα,
2596 5252 2775 5352 (ἐέρωῖ
2823 5280 3096 5351 ὑπήνεγκε
3149 5280 3261 5349 βίᾳ,
3316 5279 3369 5334 id
3394 5252 3525 5344 ϐέῃ,
3555 5252 3704 5334 .‘séli

2133 5352 2274 5402 enim
2306 5353 2478 5402 oratio
2508 5353 2643 5402 insa.
2673 5348 2992 5402 uroﬂueutis
3049 5348 3246 5402 inStar.
3298 5350 3563 5402 violenter
3618 5364 3704 5402 me

2131 5365 2274 5404 enim
2306 5361 2478 5405 oratio
2508 5361 2643 5417 ipsa,
2672 5361 2992 5418 prolluentls
3049 5362 3246 5414 tnStar,
3298 5361 3563 5405 Violenter
3618 5364 3705 5402 me

2128 5422 2381 5489 abripuit.
2411 5438 2429 5471 ι
2478 5418 2611 5474 Vide
2659 5419 2848 5483 etiam,
2896 5419 2942 5474 si
2987 5418 3186 5487 placet,
3238 5416 3507 5474 Pollucem
3527 5420 3621 5472 lib.
3652 5435 3693 5484 ι,

2127 5503 2295 5559 Segni.
2330 5491 2425 5544 111
2452 5502 2506 5543 et
2541 5489 2664 5559 112.

2198 5554 2310 5631 (67)
2342 5558 2728 5637 intolerabiles.
2761 5556 2820 5637 in
2863 5556 3097 5637 Gra_2co,_
3133 5558 3603 5637 Suoayxallcrwv:

2127 5627 2398 5701 contrario
2438 5628 2828 5701 quodufacile
2886 5630 3007 5698 quis
3074 5630 3218 5685 ferre
3280 5637 3375 5685 aut
3448 5627 3703 5701 aunplecu

2127 5710 2309 5773 queat,
2345 5700 2540 5755 dicitur
2561 5697 2883 5770 εὐάγκαλον.
