  <div class='ocr_page' id='page_1' title='image "/cluster/home/n/w/nwhite01/storage/ocr_20150623/39/coo.31924054869361/422.png"; bbox 0 0 4056 6400; ppageno 0'>
   <div class='ocr_carea' id='block_1_1' title="bbox 274 412 386 469">
    <p class='ocr_par' dir='ltr' id='par_1_1' title="bbox 274 412 386 469">
     <span class='ocr_line' id='line_1_1' title="bbox 274 412 386 469; baseline 0 0"><span class='ocrx_word' id='word_1_1' title='bbox 274 412 386 469; x_wconf 73' lang='grc'><strong>829</strong></span> 
     </span>
    </p>
   </div>
   <div class='ocr_carea' id='block_1_2' title="bbox 1348 402 2455 464">
    <p class='ocr_par' dir='ltr' id='par_1_2' title="bbox 1348 402 2455 464">
     <span class='ocr_line' id='line_1_2' title="bbox 1348 402 2455 464; baseline -0.002 -2"><span class='ocrx_word' id='word_1_2' title='bbox 1348 408 1437 463; x_wconf 89' lang='lat' dir='ltr'><strong>DE</strong></span> <span class='ocrx_word' id='word_1_3' title='bbox 1474 408 1850 464; x_wconf 72' lang='lat' dir='ltr'><strong>TRINITATE</strong></span> <span class='ocrx_word' id='word_1_4' title='bbox 1891 404 2090 463; x_wconf 74' lang='lat' dir='ltr'><strong>LIBER</strong></span> <span class='ocrx_word' id='word_1_5' title='bbox 2132 402 2455 461; x_wconf 72' lang='lat' dir='ltr'><strong>TERTIUS.</strong></span> 
     </span>
    </p>
   </div>
   <div class='ocr_carea' id='block_1_3' title="bbox 3452 396 3556 461">
    <p class='ocr_par' dir='ltr' id='par_1_3' title="bbox 3452 396 3556 461">
     <span class='ocr_line' id='line_1_3' title="bbox 3452 396 3556 461; baseline 0.058 -6"><span class='ocrx_word' id='word_1_6' title='bbox 3452 396 3556 461; x_wconf 67' lang='lat'><strong>830</strong></span> 
     </span>
    </p>
   </div>
   <div class='ocr_carea' id='block_1_4' title="bbox 270 516 1869 602">
    <p class='ocr_par' dir='ltr' id='par_1_4' title="bbox 270 524 1869 602">
     <span class='ocr_line' id='line_1_4' title="bbox 270 524 1869 602; baseline -0.002 -21"><span class='ocrx_word' id='word_1_7' title='bbox 270 528 721 601; x_wconf 73' lang='grc' dir='ltr'>παραγράψομεν</span> <span class='ocrx_word' id='word_1_8' title='bbox 768 529 889 584; x_wconf 78' lang='grc' dir='ltr'>ὅλον</span> <span class='ocrx_word' id='word_1_9' title='bbox 920 529 980 583; x_wconf 83' lang='grc' dir='ltr'>τὸ</span> <span class='ocrx_word' id='word_1_10' title='bbox 1011 527 1209 602; x_wconf 90' lang='grc' dir='ltr'>χωρίον</span> <span class='ocrx_word' id='word_1_11' title='bbox 1242 527 1424 593; x_wconf 89' lang='grc' dir='ltr'>τοῦτο,</span> <span class='ocrx_word' id='word_1_12' title='bbox 1459 527 1556 582; x_wconf 90' lang='lat' dir='ltr'><strong>xui</strong></span> <span class='ocrx_word' id='word_1_13' title='bbox 1578 524 1751 590; x_wconf 75' lang='grc' dir='ltr'>οὕτως</span> <span class='ocrx_word' id='word_1_14' title='bbox 1782 526 1869 579; x_wconf 60' lang='grc' dir='ltr'><strong>ἐπὶ</strong></span> 
     </span>
    </p>
   </div>
   <div class='ocr_carea' id='block_1_5' title="bbox 1976 516 3560 602">
    <p class='ocr_par' dir='ltr' id='par_1_5' title="bbox 1981 516 3560 593">
     <span class='ocr_line' id='line_1_5' title="bbox 1981 516 3560 593; baseline -0.003 -16"><span class='ocrx_word' id='word_1_15' title='bbox 1981 536 2091 577; x_wconf 90' lang='lat' dir='ltr'><strong>tum</strong></span> <span class='ocrx_word' id='word_1_16' title='bbox 2121 537 2240 579; x_wconf 87' lang='lat' dir='ltr'><strong>esse</strong></span> <span class='ocrx_word' id='word_1_17' title='bbox 2270 538 2391 593; x_wconf 72' lang='lat' dir='ltr'><strong>qua:</strong></span> <span class='ocrx_word' id='word_1_18' title='bbox 2425 535 2530 576; x_wconf 89' lang='lat' dir='ltr'><strong>non</strong></span> <span class='ocrx_word' id='word_1_19' title='bbox 2567 527 2811 586; x_wconf 87' lang='lat' dir='ltr'><strong>noverat,</strong></span> <span class='ocrx_word' id='word_1_20' title='bbox 2839 518 2932 574; x_wconf 87' lang='lat' dir='ltr'><strong>sed</strong></span> <span class='ocrx_word' id='word_1_21' title='bbox 2964 517 3055 572; x_wconf 90' lang='lat' dir='ltr'><strong>illa</strong></span> <span class='ocrx_word' id='word_1_22' title='bbox 3080 516 3397 583; x_wconf 85' lang='lat' dir='ltr'><strong>credidisse,</strong></span> <span class='ocrx_word' id='word_1_23' title='bbox 3433 532 3560 588; x_wconf 82' lang='lat' dir='ltr'><strong>quae</strong></span> 
     </span>
    </p>
   </div>
   <div class='ocr_carea' id='block_1_6' title="bbox 268 619 1869 692">
    <p class='ocr_par' dir='ltr' id='par_1_6' title="bbox 268 619 1869 692">
     <span class='ocr_line' id='line_1_6' title="bbox 268 619 1869 692; baseline -0.006 -12"><span class='ocrx_word' id='word_1_24' title='bbox 268 621 377 690; x_wconf 78' lang='grc' dir='ltr'><strong>τὴν</strong></span> <span class='ocrx_word' id='word_1_25' title='bbox 435 620 734 692; x_wconf 78' lang='grc' dir='ltr'>ἑρμηνείαν</span> <span class='ocrx_word' id='word_1_26' title='bbox 766 620 933 675; x_wconf 83' lang='grc' dir='ltr'>αὑτοῦ</span> <span class='ocrx_word' id='word_1_27' title='bbox 974 619 1324 692; x_wconf 86' lang='grc' dir='ltr'>βαδιούμεθα,</span> <span class='ocrx_word' id='word_1_28' title='bbox 1353 619 1415 672; x_wconf 83' lang='grc' dir='ltr'><strong>οὐ</strong></span> <span class='ocrx_word' id='word_1_29' title='bbox 1453 619 1698 690; x_wconf 88' lang='grc' dir='ltr'>δεόμενοι</span> <span class='ocrx_word' id='word_1_30' title='bbox 1746 635 1869 671; x_wconf 90' lang='grc' dir='ltr'>στο-</span> 
     </span>
    </p>
   </div>
   <div class='ocr_carea' id='block_1_7' title="bbox 1985 609 3562 686">
    <p class='ocr_par' dir='ltr' id='par_1_7' title="bbox 1985 609 3562 686">
     <span class='ocr_line' id='line_1_7' title="bbox 1985 609 3562 686; baseline -0.006 -14"><span class='ocrx_word' id='word_1_31' title='bbox 1985 615 2331 686; x_wconf 75' lang='lat' dir='ltr'><strong>loquebatur,</strong></span> <span class='ocrx_word' id='word_1_32' title='bbox 2364 612 2491 683; x_wconf 86' lang='lat' dir='ltr'><strong>quia</strong></span> <span class='ocrx_word' id='word_1_33' title='bbox 2524 611 2593 667; x_wconf 89' lang='lat' dir='ltr'><strong>ab</strong></span> <span class='ocrx_word' id='word_1_34' title='bbox 2616 626 2682 666; x_wconf 91' lang='lat' dir='ltr'><strong>eo</strong></span> <span class='ocrx_word' id='word_1_35' title='bbox 2710 610 3160 681; x_wconf 83' lang='lat' dir='ltr'><strong>suggerebantur,</strong></span> <span class='ocrx_word' id='word_1_36' title='bbox 3192 609 3283 679; x_wconf 89' lang='lat' dir='ltr'><strong>qui</strong></span> <span class='ocrx_word' id='word_1_37' title='bbox 3314 623 3443 663; x_wconf 89' lang='lat' dir='ltr'><strong>vere</strong></span> <span class='ocrx_word' id='word_1_38' title='bbox 3480 617 3562 663; x_wconf 83' lang='lat' dir='ltr'><strong>est</strong></span> 
     </span>
    </p>
   </div>
   <div class='ocr_carea' id='block_1_8' title="bbox 270 698 1869 782">
    <p class='ocr_par' dir='ltr' id='par_1_8' title="bbox 270 708 1869 782">
     <span class='ocr_line' id='line_1_8' title="bbox 270 708 1869 782; baseline 0.001 -22"><span class='ocrx_word' id='word_1_39' title='bbox 270 708 513 782; x_wconf 84' lang='grc' dir='ltr'>χασμῶν</span> <span class='ocrx_word' id='word_1_40' title='bbox 577 726 760 773; x_wconf 88' lang='grc' dir='ltr'>τινων,</span> <span class='ocrx_word' id='word_1_41' title='bbox 795 709 890 763; x_wconf 90' lang='lat' dir='ltr'><strong>xui</strong></span> <span class='ocrx_word' id='word_1_42' title='bbox 918 710 986 763; x_wconf 88' lang='grc' dir='ltr'><strong>δι’</strong></span> <span class='ocrx_word' id='word_1_43' title='bbox 1028 710 1253 764; x_wconf 77' lang='grc' dir='ltr'><strong>εἰκότων</strong></span> <span class='ocrx_word' id='word_1_44' title='bbox 1284 710 1354 764; x_wconf 86' lang='grc' dir='ltr'><strong>τὰ</strong></span> <span class='ocrx_word' id='word_1_45' title='bbox 1378 708 1555 779; x_wconf 82' lang='grc' dir='ltr'>φωτὸς</span> <span class='ocrx_word' id='word_1_46' title='bbox 1585 708 1869 778; x_wconf 82' lang='grc' dir='ltr'>φωτοειδέ-</span> 
     </span>
    </p>
   </div>
   <div class='ocr_carea' id='block_1_9' title="bbox 1976 698 3563 782">
    <p class='ocr_par' dir='ltr' id='par_1_9' title="bbox 1981 698 3563 779">
     <span class='ocr_line' id='line_1_9' title="bbox 1981 698 3563 779; baseline -0.006 -16"><span class='ocrx_word' id='word_1_47' title='bbox 1981 707 2278 779; x_wconf 78' lang='lat' dir='ltr'><strong>Sapientia,</strong></span> <span class='ocrx_word' id='word_1_48' title='bbox 2312 707 2513 776; x_wconf 90' lang='lat' dir='ltr'><strong>quique</strong></span> <span class='ocrx_word' id='word_1_49' title='bbox 2540 705 2659 760; x_wconf 60' lang='lat' dir='ltr'><strong>huic</strong></span> <span class='ocrx_word' id='word_1_50' title='bbox 2686 704 2870 758; x_wconf 89' lang='lat' dir='ltr'><strong>omnia</strong></span> <span class='ocrx_word' id='word_1_51' title='bbox 2914 700 3318 757; x_wconf 80' lang='lat' dir='ltr'><strong>manifestabat.</strong></span> <span class='ocrx_word' id='word_1_52' title='bbox 3356 698 3563 753; x_wconf 87' lang='lat' dir='ltr'><strong>Deinde</strong></span> 
     </span>
    </p>
   </div>
   <div class='ocr_carea' id='block_1_10' title="bbox 277 798 1867 872">
    <p class='ocr_par' dir='ltr' id='par_1_10' title="bbox 277 798 1867 872">
     <span class='ocr_line' id='line_1_10' title="bbox 277 798 1867 872; baseline 0 -20"><span class='ocrx_word' id='word_1_53' title='bbox 277 816 455 871; x_wconf 81' lang='grc' dir='ltr'>στερα</span> <span class='ocrx_word' id='word_1_54' title='bbox 480 799 851 872; x_wconf 84' lang='grc' dir='ltr'>διηγούμενοι,</span> <span class='ocrx_word' id='word_1_55' title='bbox 896 801 1147 872; x_wconf 77' lang='grc' dir='ltr'><strong>ἐροῦντες</strong></span> <span class='ocrx_word' id='word_1_56' title='bbox 1168 802 1225 855; x_wconf 88' lang='grc' dir='ltr'><strong>δέ</strong></span> <span class='ocrx_word' id='word_1_57' title='bbox 1253 802 1353 854; x_wconf 80' lang='grc' dir='ltr'><strong>ὅσα</strong></span> <span class='ocrx_word' id='word_1_58' title='bbox 1388 799 1515 872; x_wconf 71' lang='grc'><strong>[164</strong></span> <span class='ocrx_word' id='word_1_59' title='bbox 1546 798 1602 871; x_wconf 87' lang='lat' dir='ltr'><strong>a]</strong></span> <span class='ocrx_word' id='word_1_60' title='bbox 1631 800 1867 863; x_wconf 80' lang='grc' dir='ltr'>ἑκόντες,</span> 
     </span>
    </p>
   </div>
   <div class='ocr_carea' id='block_1_11' title="bbox 276 884 1871 963">
    <p class='ocr_par' dir='ltr' id='par_1_11' title="bbox 276 884 1871 963">
     <span class='ocr_line' id='line_1_11' title="bbox 276 884 1871 963; baseline 0.002 -23"><span class='ocrx_word' id='word_1_61' title='bbox 276 886 314 956; x_wconf 81' lang='grc' dir='ltr'>ἢ</span> <span class='ocrx_word' id='word_1_62' title='bbox 342 886 568 951; x_wconf 79' lang='grc' dir='ltr'>ἄκοντες</span> <span class='ocrx_word' id='word_1_63' title='bbox 595 889 752 942; x_wconf 83' lang='grc' dir='ltr'><strong>αὐτοί</strong></span> <span class='ocrx_word' id='word_1_64' title='bbox 781 889 881 960; x_wconf 86' lang='grc' dir='ltr'><strong>μὲν</strong></span> <span class='ocrx_word' id='word_1_65' title='bbox 925 884 1069 944; x_wconf 73' lang='grc' dir='ltr'>οὗτοι</span> <span class='ocrx_word' id='word_1_66' title='bbox 1098 890 1344 963; x_wconf 88' lang='grc' dir='ltr'>παρίδον,</span> <span class='ocrx_word' id='word_1_67' title='bbox 1391 891 1554 961; x_wconf 82' lang='grc' dir='ltr'>ἡμεῖς</span> <span class='ocrx_word' id='word_1_68' title='bbox 1580 890 1636 943; x_wconf 87' lang='grc' dir='ltr'><strong>δέ</strong></span> <span class='ocrx_word' id='word_1_69' title='bbox 1654 888 1871 962; x_wconf 83' lang='grc' dir='ltr'>ὁρῶμεν</span> 
     </span>
    </p>
   </div>
   <div class='ocr_carea' id='block_1_12' title="bbox 272 977 1870 1052">
    <p class='ocr_par' dir='ltr' id='par_1_12' title="bbox 272 977 1870 1052">
     <span class='ocr_line' id='line_1_12' title="bbox 272 977 1870 1052; baseline 0.001 -21"><span class='ocrx_word' id='word_1_70' title='bbox 272 978 554 1049; x_wconf 77' lang='grc' dir='ltr'>δυνάμενα</span> <span class='ocrx_word' id='word_1_71' title='bbox 584 983 893 1051; x_wconf 84' lang='grc' dir='ltr'>συμμαχεῖν</span> <span class='ocrx_word' id='word_1_72' title='bbox 924 980 1002 1051; x_wconf 82' lang='grc' dir='ltr'>τῷ</span> <span class='ocrx_word' id='word_1_73' title='bbox 1034 980 1195 1052; x_wconf 83' lang='grc' dir='ltr'>λόγῳ.</span> <span class='ocrx_word' id='word_1_74' title='bbox 1233 982 1387 1051; x_wconf 87' lang='grc' dir='ltr'>Ἔχει</span> <span class='ocrx_word' id='word_1_75' title='bbox 1421 980 1479 1033; x_wconf 88' lang='grc' dir='ltr'><strong>δέ</strong></span> <span class='ocrx_word' id='word_1_76' title='bbox 1513 981 1545 1051; x_wconf 87' lang='grc' dir='ltr'><strong>ή</strong></span> <span class='ocrx_word' id='word_1_77' title='bbox 1581 977 1870 1051; x_wconf 84' lang='grc' dir='ltr'>Ἐπιστολὴ</span> 
     </span>
    </p>
   </div>
   <div class='ocr_carea' id='block_1_13' title="bbox 272 1067 1871 1145">
    <p class='ocr_par' dir='ltr' id='par_1_13' title="bbox 272 1067 1871 1145">
     <span class='ocr_line' id='line_1_13' title="bbox 272 1067 1871 1145; baseline 0.003 -24"><span class='ocrx_word' id='word_1_78' title='bbox 272 1067 453 1134; x_wconf 71' lang='grc' dir='ltr'>οὕτως</span> <span class='ocrx_word' id='word_1_79' title='bbox 474 1087 489 1101; x_wconf 82' lang='grc'><strong>·</strong></span> <span class='ocrx_word' id='word_1_80' title='bbox 532 1090 550 1121; x_wconf 83' lang='grc' dir='ltr'><strong>ι</strong></span> <span class='ocrx_word' id='word_1_81' title='bbox 574 1071 1035 1145; x_wconf 84' lang='grc' dir='ltr'>Εὐχαριστοῦντες</span> <span class='ocrx_word' id='word_1_82' title='bbox 1065 1073 1144 1143; x_wconf 82' lang='grc' dir='ltr'>τῷ</span> <span class='ocrx_word' id='word_1_83' title='bbox 1184 1071 1304 1143; x_wconf 87' lang='grc' dir='ltr'><strong>Θεῷ</strong></span> <span class='ocrx_word' id='word_1_84' title='bbox 1328 1072 1420 1125; x_wconf 89' lang='lat' dir='ltr'><strong>xui</strong></span> <span class='ocrx_word' id='word_1_85' title='bbox 1440 1072 1637 1143; x_wconf 77' lang='grc' dir='ltr'>Πατρὶ,</span> <span class='ocrx_word' id='word_1_86' title='bbox 1664 1070 1741 1141; x_wconf 83' lang='grc' dir='ltr'>τῷ</span> <span class='ocrx_word' id='word_1_87' title='bbox 1773 1088 1871 1126; x_wconf 84' lang='grc' dir='ltr'>κα-</span> 
     </span>
    </p>
   </div>
   <div class='ocr_carea' id='block_1_14' title="bbox 272 1160 1867 1236">
    <p class='ocr_par' dir='ltr' id='par_1_14' title="bbox 272 1160 1867 1236">
     <span class='ocr_line' id='line_1_14' title="bbox 272 1160 1867 1236; baseline 0.003 -24"><span class='ocrx_word' id='word_1_88' title='bbox 272 1160 501 1216; x_wconf 72' lang='grc' dir='ltr'>λέσαντι</span> <span class='ocrx_word' id='word_1_89' title='bbox 537 1165 685 1235; x_wconf 76' lang='grc' dir='ltr'>ἡμᾶς</span> <span class='ocrx_word' id='word_1_90' title='bbox 710 1165 792 1226; x_wconf 86' lang='grc' dir='ltr'><strong>εἰς</strong></span> <span class='ocrx_word' id='word_1_91' title='bbox 813 1164 910 1235; x_wconf 85' lang='grc' dir='ltr'><strong>τὴν</strong></span> <span class='ocrx_word' id='word_1_92' title='bbox 948 1164 1141 1236; x_wconf 83' lang='grc' dir='ltr'>μερίδα</span> <span class='ocrx_word' id='word_1_93' title='bbox 1161 1163 1256 1217; x_wconf 90' lang='grc' dir='ltr'><strong>τοῦ</strong></span> <span class='ocrx_word' id='word_1_94' title='bbox 1288 1163 1493 1236; x_wconf 80' lang='grc' dir='ltr'>κλήρου</span> <span class='ocrx_word' id='word_1_95' title='bbox 1531 1163 1643 1217; x_wconf 87' lang='grc' dir='ltr'><strong>τῶν</strong></span> <span class='ocrx_word' id='word_1_96' title='bbox 1675 1163 1867 1233; x_wconf 85' lang='grc' dir='ltr'>ἁγίων,</span> 
     </span>
    </p>
   </div>
   <div class='ocr_carea' id='block_1_15' title="bbox 274 1252 1871 1326">
    <p class='ocr_par' dir='ltr' id='par_1_15' title="bbox 274 1252 1871 1326">
     <span class='ocr_line' id='line_1_15' title="bbox 274 1252 1871 1326; baseline 0.004 -21"><span class='ocrx_word' id='word_1_97' title='bbox 274 1252 338 1315; x_wconf 78' lang='grc' dir='ltr'>ὃς</span> <span class='ocrx_word' id='word_1_98' title='bbox 368 1253 641 1325; x_wconf 74' lang='grc' dir='ltr'>ἐρρύσατο</span> <span class='ocrx_word' id='word_1_99' title='bbox 694 1256 845 1326; x_wconf 81' lang='grc' dir='ltr'>ἡμᾶς</span> <span class='ocrx_word' id='word_1_100' title='bbox 872 1256 938 1309; x_wconf 88' lang='grc' dir='ltr'><strong>ἐκ</strong></span> <span class='ocrx_word' id='word_1_101' title='bbox 969 1255 1072 1326; x_wconf 84' lang='grc' dir='ltr'>τῆς</span> <span class='ocrx_word' id='word_1_102' title='bbox 1105 1255 1353 1321; x_wconf 81' lang='grc' dir='ltr'>ἐξουσίας</span> <span class='ocrx_word' id='word_1_103' title='bbox 1371 1255 1468 1311; x_wconf 88' lang='grc' dir='ltr'><strong>τοῦ</strong></span> <span class='ocrx_word' id='word_1_104' title='bbox 1500 1256 1746 1323; x_wconf 81' lang='grc' dir='ltr'>σκότους,</span> <span class='ocrx_word' id='word_1_105' title='bbox 1775 1257 1871 1311; x_wconf 86' lang='lat' dir='ltr'><strong>xui</strong></span> 
     </span>
    </p>
   </div>
   <div class='ocr_carea' id='block_1_16' title="bbox 278 1346 1869 1421">
    <p class='ocr_par' dir='ltr' id='par_1_16' title="bbox 278 1346 1869 1421">
     <span class='ocr_line' id='line_1_16' title="bbox 278 1346 1869 1421; baseline 0.004 -24"><span class='ocrx_word' id='word_1_106' title='bbox 278 1346 624 1418; x_wconf 84' lang='grc' dir='ltr'>μετέστησεν</span> <span class='ocrx_word' id='word_1_107' title='bbox 672 1349 751 1412; x_wconf 85' lang='grc' dir='ltr'><strong>εἰς</strong></span> <span class='ocrx_word' id='word_1_108' title='bbox 783 1348 883 1420; x_wconf 81' lang='grc' dir='ltr'>τὴν</span> <span class='ocrx_word' id='word_1_109' title='bbox 910 1347 1189 1419; x_wconf 83' lang='grc' dir='ltr'>βασιλείαν</span> <span class='ocrx_word' id='word_1_110' title='bbox 1231 1347 1332 1419; x_wconf 85' lang='grc' dir='ltr'>τῆς</span> <span class='ocrx_word' id='word_1_111' title='bbox 1371 1349 1594 1421; x_wconf 84' lang='grc' dir='ltr'><strong>ἀγάπης</strong></span> <span class='ocrx_word' id='word_1_112' title='bbox 1614 1349 1710 1403; x_wconf 86' lang='grc' dir='ltr'><strong>τοῦ</strong></span> <span class='ocrx_word' id='word_1_113' title='bbox 1738 1348 1869 1404; x_wconf 89' lang='grc' dir='ltr'>Υίοῦ</span> 
     </span>
    </p>
   </div>
   <div class='ocr_carea' id='block_1_17' title="bbox 279 1433 1870 1514">
    <p class='ocr_par' dir='ltr' id='par_1_17' title="bbox 279 1433 1870 1514">
     <span class='ocr_line' id='line_1_17' title="bbox 279 1433 1870 1514; baseline 0.004 -24"><span class='ocrx_word' id='word_1_114' title='bbox 279 1436 475 1503; x_wconf 82' lang='grc' dir='ltr'>αὐτοῦ,</span> <span class='ocrx_word' id='word_1_115' title='bbox 502 1442 560 1495; x_wconf 90' lang='grc' dir='ltr'><strong>ἐν</strong></span> <span class='ocrx_word' id='word_1_116' title='bbox 591 1433 636 1508; x_wconf 83' lang='grc' dir='ltr'>ᾧ</span> <span class='ocrx_word' id='word_1_117' title='bbox 688 1439 884 1513; x_wconf 79' lang='grc' dir='ltr'>ἔχομεν</span> <span class='ocrx_word' id='word_1_118' title='bbox 932 1441 1033 1513; x_wconf 83' lang='grc' dir='ltr'>τὴν</span> <span class='ocrx_word' id='word_1_119' title='bbox 1077 1439 1477 1514; x_wconf 84' lang='grc' dir='ltr'>ἀπολύτρωσιν,</span> <span class='ocrx_word' id='word_1_120' title='bbox 1530 1442 1631 1514; x_wconf 84' lang='grc' dir='ltr'>τὴν</span> <span class='ocrx_word' id='word_1_121' title='bbox 1677 1442 1870 1513; x_wconf 84' lang='grc' dir='ltr'>ἄφεσιν</span> 
     </span>
    </p>
   </div>
   <div class='ocr_carea' id='block_1_18' title="bbox 273 1531 1869 1607">
    <p class='ocr_par' dir='ltr' id='par_1_18' title="bbox 273 1531 1869 1607">
     <span class='ocr_line' id='line_1_18' title="bbox 273 1531 1869 1607; baseline -0.001 -18"><span class='ocrx_word' id='word_1_122' title='bbox 273 1535 390 1589; x_wconf 85' lang='grc' dir='ltr'><strong>τῶν</strong></span> <span class='ocrx_word' id='word_1_123' title='bbox 417 1534 723 1606; x_wconf 86' lang='grc' dir='ltr'>ἁμαρτιῶν,</span> <span class='ocrx_word' id='word_1_124' title='bbox 759 1534 819 1598; x_wconf 87' lang='grc' dir='ltr'>ὃς</span> <span class='ocrx_word' id='word_1_125' title='bbox 851 1535 997 1587; x_wconf 86' lang='grc' dir='ltr'>ἐστιν</span> <span class='ocrx_word' id='word_1_126' title='bbox 1024 1531 1187 1588; x_wconf 89' lang='grc' dir='ltr'>εἰκὼν</span> <span class='ocrx_word' id='word_1_127' title='bbox 1213 1534 1308 1588; x_wconf 86' lang='grc' dir='ltr'><strong>τοῦ</strong></span> <span class='ocrx_word' id='word_1_128' title='bbox 1333 1533 1467 1588; x_wconf 83' lang='grc' dir='ltr'>Θεοῦ</span> <span class='ocrx_word' id='word_1_129' title='bbox 1497 1534 1592 1589; x_wconf 90' lang='grc' dir='ltr'><strong>τοῦ</strong></span> <span class='ocrx_word' id='word_1_130' title='bbox 1616 1536 1869 1607; x_wconf 82' lang='grc' dir='ltr'>ἀοράτου,</span> 
     </span>
    </p>
   </div>
   <div class='ocr_carea' id='block_1_19' title="bbox 276 1626 1870 1700">
    <p class='ocr_par' dir='ltr' id='par_1_19' title="bbox 276 1626 1870 1700">
     <span class='ocr_line' id='line_1_19' title="bbox 276 1626 1870 1700; baseline 0 -19"><span class='ocrx_word' id='word_1_131' title='bbox 276 1627 628 1700; x_wconf 82' lang='grc' dir='ltr'>πρωτότοκος</span> <span class='ocrx_word' id='word_1_132' title='bbox 674 1626 854 1698; x_wconf 78' lang='grc' dir='ltr'>πάσης</span> <span class='ocrx_word' id='word_1_133' title='bbox 912 1626 1183 1690; x_wconf 67' lang='grc' dir='ltr'>κτίσεως·</span> <span class='ocrx_word' id='word_1_134' title='bbox 1244 1626 1328 1680; x_wconf 84' lang='grc' dir='ltr'>ὅτι</span> <span class='ocrx_word' id='word_1_135' title='bbox 1377 1628 1436 1680; x_wconf 81' lang='grc' dir='ltr'><strong>ἐν</strong></span> <span class='ocrx_word' id='word_1_136' title='bbox 1469 1626 1619 1696; x_wconf 85' lang='grc' dir='ltr'>αὑτῷ</span> <span class='ocrx_word' id='word_1_137' title='bbox 1646 1628 1870 1699; x_wconf 77' lang='grc' dir='ltr'>ἐκτίσθη</span> 
     </span>
    </p>
   </div>
   <div class='ocr_carea' id='block_1_20' title="bbox 276 1719 1868 1792">
    <p class='ocr_par' dir='ltr' id='par_1_20' title="bbox 276 1719 1868 1792">
     <span class='ocr_line' id='line_1_20' title="bbox 276 1719 1868 1792; baseline 0 -16"><span class='ocrx_word' id='word_1_138' title='bbox 276 1722 354 1776; x_wconf 83' lang='grc' dir='ltr'>τὰ</span> <span class='ocrx_word' id='word_1_139' title='bbox 389 1721 588 1785; x_wconf 87' lang='grc' dir='ltr'>πάντα,</span> <span class='ocrx_word' id='word_1_140' title='bbox 641 1719 713 1774; x_wconf 84' lang='grc' dir='ltr'>τὰ</span> <span class='ocrx_word' id='word_1_141' title='bbox 743 1721 802 1773; x_wconf 86' lang='grc' dir='ltr'><strong>ἐν</strong></span> <span class='ocrx_word' id='word_1_142' title='bbox 833 1724 948 1785; x_wconf 90' lang='grc' dir='ltr'>τοῖς</span> <span class='ocrx_word' id='word_1_143' title='bbox 990 1720 1239 1792; x_wconf 81' lang='grc' dir='ltr'>οὐρανοῖς</span> <span class='ocrx_word' id='word_1_144' title='bbox 1266 1722 1359 1774; x_wconf 95' lang='lat' dir='ltr'><strong>xui</strong></span> <span class='ocrx_word' id='word_1_145' title='bbox 1385 1721 1454 1773; x_wconf 85' lang='grc' dir='ltr'>τὰ</span> <span class='ocrx_word' id='word_1_146' title='bbox 1482 1722 1575 1774; x_wconf 76' lang='grc' dir='ltr'><strong>ἐπὶ</strong></span> <span class='ocrx_word' id='word_1_147' title='bbox 1605 1721 1702 1792; x_wconf 72' lang='grc' dir='ltr'>τῆς,</span> <span class='ocrx_word' id='word_1_148' title='bbox 1746 1723 1868 1792; x_wconf 84' lang='grc' dir='ltr'>γῆς,</span> 
     </span>
    </p>
   </div>
   <div class='ocr_carea' id='block_1_21' title="bbox 274 1802 1870 1887">
    <p class='ocr_par' dir='ltr' id='par_1_21' title="bbox 274 1802 1870 1887">
     <span class='ocr_line' id='line_1_21' title="bbox 274 1802 1870 1887; baseline -0.002 -18"><span class='ocrx_word' id='word_1_149' title='bbox 274 1816 349 1869; x_wconf 70' lang='grc' dir='ltr'>τὰ</span> <span class='ocrx_word' id='word_1_150' title='bbox 368 1813 539 1887; x_wconf 84' lang='grc' dir='ltr'>ὀρατά</span> <span class='ocrx_word' id='word_1_151' title='bbox 565 1814 661 1868; x_wconf 82' lang='lat' dir='ltr'><strong>xui</strong></span> <span class='ocrx_word' id='word_1_152' title='bbox 681 1813 749 1867; x_wconf 86' lang='grc' dir='ltr'>τὰ</span> <span class='ocrx_word' id='word_1_153' title='bbox 768 1802 996 1884; x_wconf 86' lang='grc' dir='ltr'>ἀόρατα,</span> <span class='ocrx_word' id='word_1_154' title='bbox 1020 1815 1129 1867; x_wconf 80' lang='grc' dir='ltr'>εἴτε</span> <span class='ocrx_word' id='word_1_155' title='bbox 1155 1813 1356 1885; x_wconf 91' lang='grc' dir='ltr'>θρόνοι,</span> <span class='ocrx_word' id='word_1_156' title='bbox 1396 1815 1505 1868; x_wconf 77' lang='grc' dir='ltr'>εἴτε</span> <span class='ocrx_word' id='word_1_157' title='bbox 1528 1816 1870 1887; x_wconf 82' lang='grc' dir='ltr'>κυριότητες,</span> 
     </span>
    </p>
   </div>
   <div class='ocr_carea' id='block_1_22' title="bbox 1983 792 3561 869">
    <p class='ocr_par' dir='ltr' id='par_1_22' title="bbox 1983 792 3561 869">
     <span class='ocr_line' id='line_1_22' title="bbox 1983 792 3561 869; baseline -0.005 -14"><span class='ocrx_word' id='word_1_158' title='bbox 1983 810 2149 855; x_wconf 83' lang='grc' dir='ltr'>ιοιιιιιι</span> <span class='ocrx_word' id='word_1_159' title='bbox 2186 800 2330 854; x_wconf 86' lang='lat' dir='ltr'><strong>hunc</strong></span> <span class='ocrx_word' id='word_1_160' title='bbox 2375 798 2551 853; x_wconf 90' lang='lat' dir='ltr'><strong>locum</strong></span> <span class='ocrx_word' id='word_1_161' title='bbox 2585 796 2697 869; x_wconf 87' lang='lat'><strong>(68)</strong></span> <span class='ocrx_word' id='word_1_162' title='bbox 2730 796 3141 863; x_wconf 47' lang='lat' dir='ltr'><strong>exscribemusg</strong></span> <span class='ocrx_word' id='word_1_163' title='bbox 3176 804 3285 847; x_wconf 90' lang='lat' dir='ltr'><strong>tum</strong></span> <span class='ocrx_word' id='word_1_164' title='bbox 3330 793 3397 846; x_wconf 88' lang='lat' dir='ltr'><strong>ad</strong></span> <span class='ocrx_word' id='word_1_165' title='bbox 3447 792 3561 860; x_wconf 83' lang='lat' dir='ltr'><strong>ejus</strong></span> 
     </span>
    </p>
   </div>
   <div class='ocr_carea' id='block_1_23' title="bbox 1979 885 3567 964">
    <p class='ocr_par' dir='ltr' id='par_1_23' title="bbox 1979 885 3567 964">
     <span class='ocr_line' id='line_1_23' title="bbox 1979 885 3567 964; baseline -0.008 -15"><span class='ocrx_word' id='word_1_166' title='bbox 1979 893 2483 964; x_wconf 73' lang='lat' dir='ltr'><strong>interpretationem</strong></span> <span class='ocrx_word' id='word_1_167' title='bbox 2523 891 2839 956; x_wconf 89' lang='lat' dir='ltr'><strong>veniemus;</strong></span> <span class='ocrx_word' id='word_1_168' title='bbox 2893 902 3072 959; x_wconf 89' lang='lat' dir='ltr'><strong>neque</strong></span> <span class='ocrx_word' id='word_1_169' title='bbox 3099 902 3230 942; x_wconf 87' lang='lat' dir='ltr'><strong>vero</strong></span> <span class='ocrx_word' id='word_1_170' title='bbox 3274 885 3400 940; x_wconf 87' lang='lat' dir='ltr'><strong>allis</strong></span> <span class='ocrx_word' id='word_1_171' title='bbox 3438 898 3567 939; x_wconf 63' lang='lat' dir='ltr'><strong>conv</strong></span> 
     </span>
    </p>
   </div>
   <div class='ocr_carea' id='block_1_24' title="bbox 1972 976 3563 1056">
    <p class='ocr_par' dir='ltr' id='par_1_24' title="bbox 1972 976 3563 1056">
     <span class='ocr_line' id='line_1_24' title="bbox 1972 976 3563 1056; baseline -0.008 -15"><span class='ocrx_word' id='word_1_172' title='bbox 1972 986 2200 1056; x_wconf 88' lang='lat' dir='ltr'><strong>jecturis</strong></span> <span class='ocrx_word' id='word_1_173' title='bbox 2227 983 2610 1053; x_wconf 86' lang='lat' dir='ltr'><strong>indigebimus,</strong></span> <span class='ocrx_word' id='word_1_174' title='bbox 2650 996 2751 1037; x_wconf 90' lang='lat' dir='ltr'><strong>nec</strong></span> <span class='ocrx_word' id='word_1_175' title='bbox 2780 981 2893 1035; x_wconf 89' lang='lat' dir='ltr'><strong>veri</strong></span> <span class='ocrx_word' id='word_1_176' title='bbox 2925 976 3372 1035; x_wconf 76' lang='lat' dir='ltr'><strong>similitudinibus</strong></span> <span class='ocrx_word' id='word_1_177' title='bbox 3402 977 3470 1031; x_wconf 89' lang='lat' dir='ltr'><strong>ad</strong></span> <span class='ocrx_word' id='word_1_178' title='bbox 3500 991 3563 1030; x_wconf 87' lang='lat' dir='ltr'><strong>ea</strong></span> 
     </span>
    </p>
   </div>
   <div class='ocr_carea' id='block_1_25' title="bbox 1978 1070 3566 1144">
    <p class='ocr_par' dir='ltr' id='par_1_25' title="bbox 1978 1070 3566 1144">
     <span class='ocr_line' id='line_1_25' title="bbox 1978 1070 3566 1144; baseline -0.007 -12"><span class='ocrx_word' id='word_1_179' title='bbox 1978 1076 2307 1141; x_wconf 83' lang='lat' dir='ltr'><strong>enarranda,</strong></span> <span class='ocrx_word' id='word_1_180' title='bbox 2335 1090 2456 1144; x_wconf 61' lang='lat' dir='ltr'><strong>quae</strong></span> <span class='ocrx_word' id='word_1_181' title='bbox 2506 1073 2625 1128; x_wconf 91' lang='lat' dir='ltr'><strong>luce</strong></span> <span class='ocrx_word' id='word_1_182' title='bbox 2657 1071 3026 1142; x_wconf 86' lang='lat' dir='ltr'><strong>splendidiora</strong></span> <span class='ocrx_word' id='word_1_183' title='bbox 3075 1080 3236 1136; x_wconf 89' lang='lat' dir='ltr'><strong>sunt;</strong></span> <span class='ocrx_word' id='word_1_184' title='bbox 3272 1070 3368 1124; x_wconf 89' lang='lat' dir='ltr'><strong>sed</strong></span> <span class='ocrx_word' id='word_1_185' title='bbox 3411 1083 3566 1137; x_wconf 59' lang='lat' dir='ltr'><strong>qua-</strong></span> 
     </span>
    </p>
   </div>
   <div class='ocr_carea' id='block_1_26' title="bbox 1979 1160 3565 1239">
    <p class='ocr_par' dir='ltr' id='par_1_26' title="bbox 1979 1160 3565 1239">
     <span class='ocr_line' id='line_1_26' title="bbox 1979 1160 3565 1239; baseline -0.007 -14"><span class='ocrx_word' id='word_1_186' title='bbox 1979 1183 2192 1239; x_wconf 89' lang='lat' dir='ltr'><strong>cunque</strong></span> <span class='ocrx_word' id='word_1_187' title='bbox 2223 1170 2292 1224; x_wconf 90' lang='lat' dir='ltr'><strong>ab</strong></span> <span class='ocrx_word' id='word_1_188' title='bbox 2325 1168 2412 1223; x_wconf 90' lang='lat' dir='ltr'><strong>his</strong></span> <span class='ocrx_word' id='word_1_189' title='bbox 2447 1167 2580 1238; x_wconf 90' lang='lat' dir='ltr'><strong>ipsis</strong></span> <span class='ocrx_word' id='word_1_190' title='bbox 2610 1166 2695 1221; x_wconf 86' lang='lat' dir='ltr'><strong>vel</strong></span> <span class='ocrx_word' id='word_1_191' title='bbox 2745 1166 3017 1231; x_wconf 89' lang='lat' dir='ltr'><strong>consulto,</strong></span> <span class='ocrx_word' id='word_1_192' title='bbox 3049 1163 3133 1219; x_wconf 91' lang='lat' dir='ltr'><strong>vel</strong></span> <span class='ocrx_word' id='word_1_193' title='bbox 3163 1160 3565 1218; x_wconf 88' lang='lat' dir='ltr'><strong>inconsiderate</strong></span> 
     </span>
    </p>
   </div>
   <div class='ocr_carea' id='block_1_27' title="bbox 1979 1253 3564 1332">
    <p class='ocr_par' dir='ltr' id='par_1_27' title="bbox 1979 1253 3564 1332">
     <span class='ocr_line' id='line_1_27' title="bbox 1979 1253 3564 1332; baseline -0.006 -17"><span class='ocrx_word' id='word_1_194' title='bbox 1979 1260 2219 1332; x_wconf 89' lang='lat' dir='ltr'><strong>neglecta</strong></span> <span class='ocrx_word' id='word_1_195' title='bbox 2272 1270 2420 1324; x_wconf 88' lang='lat' dir='ltr'><strong>sunt,</strong></span> <span class='ocrx_word' id='word_1_196' title='bbox 2475 1257 2634 1313; x_wconf 90' lang='lat' dir='ltr'><strong>nobis</strong></span> <span class='ocrx_word' id='word_1_197' title='bbox 2698 1271 2831 1312; x_wconf 88' lang='lat' dir='ltr'><strong>vero</strong></span> <span class='ocrx_word' id='word_1_198' title='bbox 2883 1256 2994 1311; x_wconf 86' lang='lat' dir='ltr'><strong>vim</strong></span> <span class='ocrx_word' id='word_1_199' title='bbox 3058 1253 3299 1309; x_wconf 86' lang='lat' dir='ltr'><strong>sermoni</strong></span> <span class='ocrx_word' id='word_1_200' title='bbox 3357 1253 3564 1307; x_wconf 85' lang='lat' dir='ltr'><strong>addere</strong></span> 
     </span>
    </p>
   </div>
   <div class='ocr_carea' id='block_1_28' title="bbox 1976 1344 3568 1425">
    <p class='ocr_par' dir='ltr' id='par_1_28' title="bbox 1976 1344 3568 1425">
     <span class='ocr_line' id='line_1_28' title="bbox 1976 1344 3568 1425; baseline -0.006 -17"><span class='ocrx_word' id='word_1_201' title='bbox 1976 1369 2136 1425; x_wconf 81' lang='lat' dir='ltr'><strong>posse</strong></span> <span class='ocrx_word' id='word_1_202' title='bbox 2174 1352 2448 1415; x_wconf 86' lang='lat' dir='ltr'><strong>videntur,</strong></span> <span class='ocrx_word' id='word_1_203' title='bbox 2504 1351 2621 1406; x_wconf 83' lang='lat' dir='ltr'><strong>haec</strong></span> <span class='ocrx_word' id='word_1_204' title='bbox 2669 1363 3027 1421; x_wconf 88' lang='lat' dir='ltr'><strong>apponemus.</strong></span> <span class='ocrx_word' id='word_1_205' title='bbox 3092 1345 3183 1401; x_wconf 90' lang='lat' dir='ltr'><strong>Sic</strong></span> <span class='ocrx_word' id='word_1_206' title='bbox 3221 1359 3352 1415; x_wconf 82' lang='lat' dir='ltr'><strong>ergo</strong></span> <span class='ocrx_word' id='word_1_207' title='bbox 3401 1344 3568 1399; x_wconf 82' lang='lat' dir='ltr'><strong>habet</strong></span> 
     </span>
    </p>
   </div>
   <div class='ocr_carea' id='block_1_29' title="bbox 1978 1440 3565 1515">
    <p class='ocr_par' dir='ltr' id='par_1_29' title="bbox 1978 1440 3565 1515">
     <span class='ocr_line' id='line_1_29' title="bbox 1978 1440 3565 1515; baseline -0.003 -16"><span class='ocrx_word' id='word_1_208' title='bbox 1978 1443 2217 1514; x_wconf 81' lang='lat' dir='ltr'><strong>Epistula</strong></span> <span class='ocrx_word' id='word_1_209' title='bbox 2247 1460 2263 1498; x_wconf 91' lang='lat'><strong>:</strong></span> <span class='ocrx_word' id='word_1_210' title='bbox 2309 1461 2329 1495; x_wconf 74' lang='grc' dir='ltr'><strong>ι</strong></span> <span class='ocrx_word' id='word_1_211' title='bbox 2369 1443 2585 1498; x_wconf 84' lang='lat' dir='ltr'><strong>Gratias</strong></span> <span class='ocrx_word' id='word_1_212' title='bbox 2618 1443 2730 1515; x_wconf 86' lang='lat'><strong>(69)</strong></span> <span class='ocrx_word' id='word_1_213' title='bbox 2768 1450 2993 1513; x_wconf 77' lang='lat' dir='ltr'><strong>agentes</strong></span> <span class='ocrx_word' id='word_1_214' title='bbox 3030 1440 3140 1497; x_wconf 86' lang='lat' dir='ltr'><strong>Deo</strong></span> <span class='ocrx_word' id='word_1_215' title='bbox 3164 1449 3217 1497; x_wconf 89' lang='lat' dir='ltr'><strong>et</strong></span> <span class='ocrx_word' id='word_1_216' title='bbox 3244 1440 3395 1495; x_wconf 85' lang='lat' dir='ltr'><strong>Patri</strong></span> <span class='ocrx_word' id='word_1_217' title='bbox 3426 1440 3565 1512; x_wconf 82' lang='lat'><strong>(70),</strong></span> 
     </span>
    </p>
   </div>
   <div class='ocr_carea' id='block_1_30' title="bbox 1978 1532 3565 1606">
    <p class='ocr_par' dir='ltr' id='par_1_30' title="bbox 1978 1532 3565 1606">
     <span class='ocr_line' id='line_1_30' title="bbox 1978 1532 3565 1606; baseline -0.003 -15"><span class='ocrx_word' id='word_1_218' title='bbox 1978 1538 2069 1606; x_wconf 90' lang='lat' dir='ltr'><strong>qui</strong></span> <span class='ocrx_word' id='word_1_219' title='bbox 2101 1536 2316 1593; x_wconf 87' lang='lat' dir='ltr'><strong>vocavit</strong></span> <span class='ocrx_word' id='word_1_220' title='bbox 2349 1536 2462 1604; x_wconf 76' lang='lat' dir='ltr'><strong>(7i)</strong></span> <span class='ocrx_word' id='word_1_221' title='bbox 2507 1552 2607 1591; x_wconf 92' lang='lat' dir='ltr'><strong>nos</strong></span> <span class='ocrx_word' id='word_1_222' title='bbox 2658 1536 2712 1590; x_wconf 91' lang='lat' dir='ltr'><strong>in</strong></span> <span class='ocrx_word' id='word_1_223' title='bbox 2760 1545 2971 1605; x_wconf 87' lang='lat' dir='ltr'><strong>partem</strong></span> <span class='ocrx_word' id='word_1_224' title='bbox 3017 1534 3147 1591; x_wconf 88' lang='lat' dir='ltr'><strong>eleri</strong></span> <span class='ocrx_word' id='word_1_225' title='bbox 3203 1533 3318 1606; x_wconf 86' lang='lat' dir='ltr'><strong>(aut</strong></span> <span class='ocrx_word' id='word_1_226' title='bbox 3373 1532 3565 1603; x_wconf 85' lang='lat' dir='ltr'><strong>sortis)</strong></span> 
     </span>
    </p>
   </div>
   <div class='ocr_carea' id='block_1_31' title="bbox 1978 1626 3564 1698">
    <p class='ocr_par' dir='ltr' id='par_1_31' title="bbox 1978 1626 3564 1698">
     <span class='ocr_line' id='line_1_31' title="bbox 1978 1626 3564 1698; baseline -0.004 -13"><span class='ocrx_word' id='word_1_227' title='bbox 1978 1637 2295 1685; x_wconf 89' lang='lat' dir='ltr'><strong>sanctorum</strong></span> <span class='ocrx_word' id='word_1_228' title='bbox 2334 1626 2482 1698; x_wconf 72' lang='lat'><strong>(72):</strong></span> <span class='ocrx_word' id='word_1_229' title='bbox 2524 1628 2617 1697; x_wconf 92' lang='lat' dir='ltr'><strong>qui</strong></span> <span class='ocrx_word' id='word_1_230' title='bbox 2648 1626 2853 1697; x_wconf 89' lang='lat' dir='ltr'><strong>eripuit</strong></span> <span class='ocrx_word' id='word_1_231' title='bbox 2883 1641 2982 1681; x_wconf 90' lang='lat' dir='ltr'><strong>nos</strong></span> <span class='ocrx_word' id='word_1_232' title='bbox 3015 1641 3080 1680; x_wconf 81' lang='lat' dir='ltr'><strong>ex</strong></span> <span class='ocrx_word' id='word_1_233' title='bbox 3109 1633 3378 1695; x_wconf 86' lang='lat' dir='ltr'><strong>potestate</strong></span> <span class='ocrx_word' id='word_1_234' title='bbox 3416 1636 3564 1679; x_wconf 88' lang='lat' dir='ltr'><strong>tene-</strong></span> 
     </span>
    </p>
   </div>
   <div class='ocr_carea' id='block_1_32' title="bbox 1978 1717 3562 1786">
    <p class='ocr_par' dir='ltr' id='par_1_32' title="bbox 1978 1717 3562 1786">
     <span class='ocr_line' id='line_1_32' title="bbox 1978 1717 3562 1786; baseline -0.003 -10"><span class='ocrx_word' id='word_1_235' title='bbox 1978 1724 2222 1786; x_wconf 87' lang='lat' dir='ltr'><strong>brarum,</strong></span> <span class='ocrx_word' id='word_1_236' title='bbox 2272 1728 2329 1775; x_wconf 84' lang='lat' dir='ltr'><strong>et</strong></span> <span class='ocrx_word' id='word_1_237' title='bbox 2379 1720 2661 1775; x_wconf 89' lang='lat' dir='ltr'><strong>transtulit</strong></span> <span class='ocrx_word' id='word_1_238' title='bbox 2712 1720 2766 1774; x_wconf 91' lang='lat' dir='ltr'><strong>in</strong></span> <span class='ocrx_word' id='word_1_239' title='bbox 2811 1733 3036 1785; x_wconf 87' lang='lat' dir='ltr'><strong>regnum</strong></span> <span class='ocrx_word' id='word_1_240' title='bbox 3089 1718 3393 1773; x_wconf 75' lang='lat' dir='ltr'><strong>dilectionis</strong></span> <span class='ocrx_word' id='word_1_241' title='bbox 3438 1717 3562 1771; x_wconf 85' lang='lat' dir='ltr'><strong>Filii</strong></span> 
     </span>
    </p>
   </div>
   <div class='ocr_carea' id='block_1_33' title="bbox 1979 1810 3563 1882">
    <p class='ocr_par' dir='ltr' id='par_1_33' title="bbox 1979 1810 3563 1882">
     <span class='ocr_line' id='line_1_33' title="bbox 1979 1810 3563 1882; baseline -0.001 -17"><span class='ocrx_word' id='word_1_242' title='bbox 1979 1814 2059 1865; x_wconf 84' lang='lat' dir='ltr'><strong>sui</strong></span> <span class='ocrx_word' id='word_1_243' title='bbox 2097 1811 2250 1882; x_wconf 81' lang='lat'><strong>(75):</strong></span> <span class='ocrx_word' id='word_1_244' title='bbox 2306 1812 2358 1865; x_wconf 89' lang='lat' dir='ltr'><strong>in</strong></span> <span class='ocrx_word' id='word_1_245' title='bbox 2390 1827 2496 1880; x_wconf 90' lang='lat' dir='ltr'><strong>quo</strong></span> <span class='ocrx_word' id='word_1_246' title='bbox 2530 1810 2790 1865; x_wconf 84' lang='lat' dir='ltr'><strong>habemus</strong></span> <span class='ocrx_word' id='word_1_247' title='bbox 2820 1811 3245 1880; x_wconf 88' lang='lat' dir='ltr'><strong>redemptionem</strong></span> <span class='ocrx_word' id='word_1_248' title='bbox 3291 1810 3428 1880; x_wconf 72' lang='grc'><strong>(74),</strong></span> <span class='ocrx_word' id='word_1_249' title='bbox 3479 1823 3563 1863; x_wconf 90' lang='lat' dir='ltr'><strong>re-</strong></span> 
     </span>
    </p>
   </div>
   <div class='ocr_carea' id='block_1_34' title="bbox 275 1901 1869 1978">
    <p class='ocr_par' dir='ltr' id='par_1_34' title="bbox 275 1903 1869 1978">
     <span class='ocr_line' id='line_1_34' title="bbox 275 1903 1869 1978; baseline -0.001 -19"><span class='ocrx_word' id='word_1_250' title='bbox 275 1908 390 1960; x_wconf 75' lang='grc' dir='ltr'>εἴτε</span> <span class='ocrx_word' id='word_1_251' title='bbox 414 1905 602 1978; x_wconf 80' lang='grc' dir='ltr'>ἀρχαὶ,</span> <span class='ocrx_word' id='word_1_252' title='bbox 666 1905 775 1957; x_wconf 78' lang='grc' dir='ltr'>εἴτε</span> <span class='ocrx_word' id='word_1_253' title='bbox 804 1904 1076 1969; x_wconf 81' lang='grc' dir='ltr'>ἐξουσίαι·</span> <span class='ocrx_word' id='word_1_254' title='bbox 1128 1904 1196 1959; x_wconf 86' lang='grc' dir='ltr'>τὰ</span> <span class='ocrx_word' id='word_1_255' title='bbox 1236 1904 1417 1958; x_wconf 87' lang='grc' dir='ltr'>πάντα</span> <span class='ocrx_word' id='word_1_256' title='bbox 1475 1903 1541 1958; x_wconf 85' lang='grc' dir='ltr'><strong>δι’</strong></span> <span class='ocrx_word' id='word_1_257' title='bbox 1572 1904 1737 1957; x_wconf 85' lang='grc' dir='ltr'>αὐτοῦ</span> <span class='ocrx_word' id='word_1_258' title='bbox 1777 1906 1869 1957; x_wconf 85' lang='lat' dir='ltr'><strong>xui</strong></span> 
     </span>
    </p>
   </div>
   <div class='ocr_carea' id='block_1_35' title="bbox 1976 1901 3560 1978">
    <p class='ocr_par' dir='ltr' id='par_1_35' title="bbox 1980 1901 3560 1974">
     <span class='ocr_line' id='line_1_35' title="bbox 1980 1901 3560 1974; baseline -0.003 -16"><span class='ocrx_word' id='word_1_259' title='bbox 1980 1906 2289 1959; x_wconf 82' lang='lat' dir='ltr'><strong>missionem</strong></span> <span class='ocrx_word' id='word_1_260' title='bbox 2336 1913 2688 1974; x_wconf 83' lang='lat' dir='ltr'><strong>peccatorum</strong></span> <span class='ocrx_word' id='word_1_261' title='bbox 2722 1920 2737 1957; x_wconf 91' lang='lat'><strong>:</strong></span> <span class='ocrx_word' id='word_1_262' title='bbox 2781 1903 2872 1972; x_wconf 91' lang='lat' dir='ltr'><strong>qui</strong></span> <span class='ocrx_word' id='word_1_263' title='bbox 2905 1913 2993 1958; x_wconf 87' lang='lat' dir='ltr'><strong>est</strong></span> <span class='ocrx_word' id='word_1_264' title='bbox 3030 1904 3208 1969; x_wconf 75' lang='lat' dir='ltr'><strong>imago</strong></span> <span class='ocrx_word' id='word_1_265' title='bbox 3242 1901 3337 1955; x_wconf 86' lang='lat' dir='ltr'><strong>Dei</strong></span> <span class='ocrx_word' id='word_1_266' title='bbox 3364 1903 3560 1956; x_wconf 84' lang='lat' dir='ltr'><strong>incon-</strong></span> 
     </span>
    </p>
   </div>
   <div class='ocr_carea' id='block_1_36' title="bbox 275 1997 1868 2069">
    <p class='ocr_par' dir='ltr' id='par_1_36' title="bbox 275 1997 1868 2069">
     <span class='ocr_line' id='line_1_36' title="bbox 275 1997 1868 2069; baseline -0.003 -15"><span class='ocrx_word' id='word_1_267' title='bbox 275 2001 361 2063; x_wconf 84' lang='grc' dir='ltr'><strong>εἰς</strong></span> <span class='ocrx_word' id='word_1_268' title='bbox 391 1999 554 2052; x_wconf 82' lang='grc' dir='ltr'>αὑτὸν</span> <span class='ocrx_word' id='word_1_269' title='bbox 589 1997 857 2062; x_wconf 82' lang='grc' dir='ltr'>ἔκτισται,</span> <span class='ocrx_word' id='word_1_270' title='bbox 908 1999 1002 2051; x_wconf 81' lang='grc' dir='ltr'><strong>καὶ</strong></span> <span class='ocrx_word' id='word_1_271' title='bbox 1037 1998 1199 2062; x_wconf 85' lang='grc' dir='ltr'>αὐτός</span> <span class='ocrx_word' id='word_1_272' title='bbox 1233 1999 1349 2052; x_wconf 88' lang='grc' dir='ltr'>ἐστι</span> <span class='ocrx_word' id='word_1_273' title='bbox 1376 1997 1481 2069; x_wconf 71' lang='grc' dir='ltr'>πρὸ</span> <span class='ocrx_word' id='word_1_274' title='bbox 1508 1998 1744 2064; x_wconf 90' lang='grc' dir='ltr'>πάντων,</span> <span class='ocrx_word' id='word_1_275' title='bbox 1774 1998 1868 2050; x_wconf 88' lang='lat' dir='ltr'><strong>xui</strong></span> 
     </span>
    </p>
   </div>
   <div class='ocr_carea' id='block_1_37' title="bbox 275 2089 1869 2163">
    <p class='ocr_par' dir='ltr' id='par_1_37' title="bbox 275 2089 1869 2163">
     <span class='ocr_line' id='line_1_37' title="bbox 275 2089 1869 2163; baseline 0.001 -20"><span class='ocrx_word' id='word_1_276' title='bbox 275 2091 349 2145; x_wconf 85' lang='grc' dir='ltr'><strong>τά</strong></span> <span class='ocrx_word' id='word_1_277' title='bbox 407 2091 586 2143; x_wconf 89' lang='grc' dir='ltr'>πάντα</span> <span class='ocrx_word' id='word_1_278' title='bbox 640 2091 698 2142; x_wconf 81' lang='grc' dir='ltr'><strong>ἐν</strong></span> <span class='ocrx_word' id='word_1_279' title='bbox 734 2089 885 2161; x_wconf 85' lang='grc' dir='ltr'>αὐτῷ</span> <span class='ocrx_word' id='word_1_280' title='bbox 922 2091 1287 2161; x_wconf 80' lang='grc' dir='ltr'>συνέστηκεν·</span> <span class='ocrx_word' id='word_1_281' title='bbox 1331 2090 1427 2143; x_wconf 92' lang='lat' dir='ltr'><strong>xui</strong></span> <span class='ocrx_word' id='word_1_282' title='bbox 1451 2090 1613 2153; x_wconf 83' lang='grc' dir='ltr'>αὑτός</span> <span class='ocrx_word' id='word_1_283' title='bbox 1660 2093 1806 2144; x_wconf 81' lang='grc' dir='ltr'>ἐστιν</span> <span class='ocrx_word' id='word_1_284' title='bbox 1836 2093 1869 2163; x_wconf 85' lang='grc' dir='ltr'><strong>ή</strong></span> 
     </span>
    </p>
   </div>
   <div class='ocr_carea' id='block_1_38' title="bbox 277 2182 1868 2256">
    <p class='ocr_par' dir='ltr' id='par_1_38' title="bbox 277 2182 1868 2256">
     <span class='ocr_line' id='line_1_38' title="bbox 277 2182 1868 2256; baseline 0.012 -22"><span class='ocrx_word' id='word_1_285' title='bbox 277 2182 491 2253; x_wconf 79' lang='grc' dir='ltr'>κεφαλὴ</span> <span class='ocrx_word' id='word_1_286' title='bbox 520 2182 615 2236; x_wconf 88' lang='grc' dir='ltr'><strong>τοῦ</strong></span> <span class='ocrx_word' id='word_1_287' title='bbox 648 2182 898 2254; x_wconf 85' lang='grc' dir='ltr'>σώματος</span> <span class='ocrx_word' id='word_1_288' title='bbox 921 2186 1024 2254; x_wconf 87' lang='grc' dir='ltr'>τῆς</span> <span class='ocrx_word' id='word_1_289' title='bbox 1069 2182 1418 2253; x_wconf 81' lang='grc' dir='ltr'>Ἐκκλησίας.</span> <span class='ocrx_word' id='word_1_290' title='bbox 1453 2184 1513 2247; x_wconf 84' lang='grc' dir='ltr'><strong>ὃς</strong></span> <span class='ocrx_word' id='word_1_291' title='bbox 1550 2186 1697 2237; x_wconf 70' lang='grc' dir='ltr'>ἐστιν</span> <span class='ocrx_word' id='word_1_292' title='bbox 1725 2185 1868 2256; x_wconf 81' lang='grc' dir='ltr'>ἀρχὴ</span> 
     </span>
    </p>
   </div>
   <div class='ocr_carea' id='block_1_39' title="bbox 276 2275 1869 2348">
    <p class='ocr_par' dir='ltr' id='par_1_39' title="bbox 276 2275 1869 2348">
     <span class='ocr_line' id='line_1_39' title="bbox 276 2275 1869 2348; baseline 0.001 -21"><span class='ocrx_word' id='word_1_293' title='bbox 276 2275 625 2348; x_wconf 84' lang='grc' dir='ltr'>πρωτότοκος</span> <span class='ocrx_word' id='word_1_294' title='bbox 676 2278 743 2330; x_wconf 84' lang='grc' dir='ltr'><strong>ἐκ</strong></span> <span class='ocrx_word' id='word_1_295' title='bbox 792 2276 903 2329; x_wconf 87' lang='grc' dir='ltr'><strong>τῶν</strong></span> <span class='ocrx_word' id='word_1_296' title='bbox 957 2275 1188 2347; x_wconf 82' lang='grc' dir='ltr'>νεκρῶν,</span> <span class='ocrx_word' id='word_1_297' title='bbox 1239 2276 1326 2329; x_wconf 86' lang='grc' dir='ltr'>ἴνα</span> <span class='ocrx_word' id='word_1_298' title='bbox 1369 2276 1592 2348; x_wconf 83' lang='grc' dir='ltr'>γένηται</span> <span class='ocrx_word' id='word_1_299' title='bbox 1612 2276 1775 2340; x_wconf 82' lang='grc' dir='ltr'>αὐτὸς</span> <span class='ocrx_word' id='word_1_300' title='bbox 1810 2279 1869 2329; x_wconf 87' lang='grc' dir='ltr'><strong>ἐν</strong></span> 
     </span>
    </p>
   </div>
   <div class='ocr_carea' id='block_1_40' title="bbox 278 2368 1868 2441">
    <p class='ocr_par' dir='ltr' id='par_1_40' title="bbox 278 2368 1868 2441">
     <span class='ocr_line' id='line_1_40' title="bbox 278 2368 1868 2441; baseline 0.001 -19"><span class='ocrx_word' id='word_1_301' title='bbox 278 2370 446 2423; x_wconf 79' lang='grc' dir='ltr'>πᾶσιν</span> <span class='ocrx_word' id='word_1_302' title='bbox 481 2370 777 2440; x_wconf 85' lang='grc' dir='ltr'>πρωτεύων</span> <span class='ocrx_word' id='word_1_303' title='bbox 808 2386 820 2400; x_wconf 90' lang='grc'><strong>·</strong></span> <span class='ocrx_word' id='word_1_304' title='bbox 876 2370 958 2423; x_wconf 80' lang='grc' dir='ltr'><strong>ὅτι</strong></span> <span class='ocrx_word' id='word_1_305' title='bbox 998 2371 1056 2423; x_wconf 88' lang='grc' dir='ltr'><strong>ἐν</strong></span> <span class='ocrx_word' id='word_1_306' title='bbox 1105 2368 1256 2441; x_wconf 83' lang='grc' dir='ltr'>αὐτῷ</span> <span class='ocrx_word' id='word_1_307' title='bbox 1313 2370 1574 2441; x_wconf 83' lang='grc' dir='ltr'>εύδόκησε</span> <span class='ocrx_word' id='word_1_308' title='bbox 1624 2372 1734 2423; x_wconf 84' lang='grc' dir='ltr'><strong>πᾶν</strong></span> <span class='ocrx_word' id='word_1_309' title='bbox 1804 2370 1868 2424; x_wconf 80' lang='grc' dir='ltr'>τὸ</span> 
     </span>
    </p>
   </div>
   <div class='ocr_carea' id='block_1_41' title="bbox 280 2461 1869 2534">
    <p class='ocr_par' dir='ltr' id='par_1_41' title="bbox 280 2461 1869 2534">
     <span class='ocr_line' id='line_1_41' title="bbox 280 2461 1869 2534; baseline 0.003 -21"><span class='ocrx_word' id='word_1_310' title='bbox 280 2461 559 2532; x_wconf 82' lang='grc' dir='ltr'>πλήρωμα</span> <span class='ocrx_word' id='word_1_311' title='bbox 618 2462 968 2534; x_wconf 82' lang='grc' dir='ltr'>κατοικῆσαι,</span> <span class='ocrx_word' id='word_1_312' title='bbox 999 2462 1092 2516; x_wconf 91' lang='lat' dir='ltr'><strong>xui</strong></span> <span class='ocrx_word' id='word_1_313' title='bbox 1124 2462 1191 2515; x_wconf 86' lang='grc' dir='ltr'><strong>δι’</strong></span> <span class='ocrx_word' id='word_1_314' title='bbox 1220 2462 1386 2516; x_wconf 84' lang='grc' dir='ltr'>αὐτοῦ</span> <span class='ocrx_word' id='word_1_315' title='bbox 1426 2462 1869 2529; x_wconf 81' lang='grc' dir='ltr'>ἀποκαταλλάξαι</span> 
     </span>
    </p>
   </div>
   <div class='ocr_carea' id='block_1_42' title="bbox 276 2550 1870 2625">
    <p class='ocr_par' dir='ltr' id='par_1_42' title="bbox 276 2550 1870 2625">
     <span class='ocr_line' id='line_1_42' title="bbox 276 2550 1870 2625; baseline 0.003 -23"><span class='ocrx_word' id='word_1_316' title='bbox 276 2550 349 2603; x_wconf 84' lang='grc' dir='ltr'><strong>τά</strong></span> <span class='ocrx_word' id='word_1_317' title='bbox 390 2551 568 2606; x_wconf 81' lang='grc' dir='ltr'>πάντα</span> <span class='ocrx_word' id='word_1_318' title='bbox 602 2554 682 2616; x_wconf 90' lang='grc' dir='ltr'><strong>εἰς</strong></span> <span class='ocrx_word' id='word_1_319' title='bbox 707 2552 892 2618; x_wconf 81' lang='grc' dir='ltr'>αὑτὸν,</span> <span class='ocrx_word' id='word_1_320' title='bbox 938 2553 1357 2623; x_wconf 77' lang='grc' dir='ltr'>εἰρηνοποιήσας</span> <span class='ocrx_word' id='word_1_321' title='bbox 1387 2551 1475 2605; x_wconf 82' lang='grc' dir='ltr'><strong>διὰ</strong></span> <span class='ocrx_word' id='word_1_322' title='bbox 1506 2551 1601 2605; x_wconf 89' lang='grc' dir='ltr'><strong>τοῦ</strong></span> <span class='ocrx_word' id='word_1_323' title='bbox 1637 2554 1870 2625; x_wconf 80' lang='grc' dir='ltr'>αἵματος</span> 
     </span>
    </p>
   </div>
   <div class='ocr_carea' id='block_1_43' title="bbox 278 2641 1870 2715">
    <p class='ocr_par' dir='ltr' id='par_1_43' title="bbox 278 2641 1870 2715">
     <span class='ocr_line' id='line_1_43' title="bbox 278 2641 1870 2715; baseline 0.001 -16"><span class='ocrx_word' id='word_1_324' title='bbox 278 2641 375 2699; x_wconf 83' lang='grc' dir='ltr'><strong>τοῦ</strong></span> <span class='ocrx_word' id='word_1_325' title='bbox 401 2643 633 2715; x_wconf 85' lang='grc' dir='ltr'>σταυροῦ</span> <span class='ocrx_word' id='word_1_326' title='bbox 682 2643 871 2711; x_wconf 85' lang='grc' dir='ltr'>αὐτοῦ,</span> <span class='ocrx_word' id='word_1_327' title='bbox 915 2643 1024 2697; x_wconf 75' lang='grc' dir='ltr'>εἴτε</span> <span class='ocrx_word' id='word_1_328' title='bbox 1049 2642 1121 2696; x_wconf 82' lang='grc' dir='ltr'>τὰ</span> <span class='ocrx_word' id='word_1_329' title='bbox 1140 2644 1234 2696; x_wconf 80' lang='grc' dir='ltr'><strong>ἐπὶ</strong></span> <span class='ocrx_word' id='word_1_330' title='bbox 1260 2645 1387 2715; x_wconf 76' lang='grc' dir='ltr'>γῆς,</span> <span class='ocrx_word' id='word_1_331' title='bbox 1427 2643 1538 2697; x_wconf 77' lang='grc' dir='ltr'>εἴτε</span> <span class='ocrx_word' id='word_1_332' title='bbox 1564 2644 1633 2699; x_wconf 87' lang='grc' dir='ltr'>τὰ</span> <span class='ocrx_word' id='word_1_333' title='bbox 1665 2647 1723 2700; x_wconf 85' lang='grc' dir='ltr'><strong>ἐν</strong></span> <span class='ocrx_word' id='word_1_334' title='bbox 1757 2648 1870 2710; x_wconf 82' lang='grc' dir='ltr'>τοῖς</span> 
     </span>
    </p>
   </div>
   <div class='ocr_carea' id='block_1_44' title="bbox 276 2737 595 2808">
    <p class='ocr_par' dir='ltr' id='par_1_44' title="bbox 276 2737 595 2808">
     <span class='ocr_line' id='line_1_44' title="bbox 276 2737 595 2808; baseline 0.006 -20"><span class='ocrx_word' id='word_1_335' title='bbox 276 2737 548 2808; x_wconf 84' lang='grc' dir='ltr'>οὐρανοῖς.</span> <span class='ocrx_word' id='word_1_336' title='bbox 576 2756 595 2789; x_wconf 74' lang='grc' dir='ltr'><strong>ι</strong></span> 
     </span>
    </p>
   </div>
   <div class='ocr_carea' id='block_1_45' title="bbox 1975 1995 3562 2068">
    <p class='ocr_par' dir='ltr' id='par_1_45' title="bbox 1975 1995 3562 2068">
     <span class='ocr_line' id='line_1_45' title="bbox 1975 1995 3562 2068; baseline -0.003 -16"><span class='ocrx_word' id='word_1_337' title='bbox 1975 1997 2149 2067; x_wconf 87' lang='lat' dir='ltr'><strong>spicui</strong></span> <span class='ocrx_word' id='word_1_338' title='bbox 2184 1997 2316 2068; x_wconf 83' lang='lat' dir='ltr'><strong>(sive</strong></span> <span class='ocrx_word' id='word_1_339' title='bbox 2360 1996 2689 2066; x_wconf 86' lang='lat' dir='ltr'><strong>invisibilis),</strong></span> <span class='ocrx_word' id='word_1_340' title='bbox 2740 1995 3138 2065; x_wconf 85' lang='lat' dir='ltr'><strong>primogenitus</strong></span> <span class='ocrx_word' id='word_1_341' title='bbox 3182 1996 3362 2049; x_wconf 91' lang='lat' dir='ltr'><strong>omnis</strong></span> <span class='ocrx_word' id='word_1_342' title='bbox 3408 2009 3562 2049; x_wconf 87' lang='lat' dir='ltr'><strong>crea-</strong></span> 
     </span>
    </p>
   </div>
   <div class='ocr_carea' id='block_1_46' title="bbox 1978 2088 3562 2160">
    <p class='ocr_par' dir='ltr' id='par_1_46' title="bbox 1978 2088 3562 2160">
     <span class='ocr_line' id='line_1_46' title="bbox 1978 2088 3562 2160; baseline -0.001 -17"><span class='ocrx_word' id='word_1_343' title='bbox 1978 2101 2153 2145; x_wconf 70' lang='lat' dir='ltr'><strong>turae:</strong></span> <span class='ocrx_word' id='word_1_344' title='bbox 2203 2090 2457 2160; x_wconf 85' lang='lat' dir='ltr'><strong>quoniam</strong></span> <span class='ocrx_word' id='word_1_345' title='bbox 2492 2089 2545 2142; x_wconf 89' lang='lat' dir='ltr'><strong>in</strong></span> <span class='ocrx_word' id='word_1_346' title='bbox 2580 2088 2697 2157; x_wconf 89' lang='lat' dir='ltr'><strong>ipso</strong></span> <span class='ocrx_word' id='word_1_347' title='bbox 2734 2088 2949 2143; x_wconf 90' lang='lat' dir='ltr'><strong>condita</strong></span> <span class='ocrx_word' id='word_1_348' title='bbox 2985 2096 3111 2142; x_wconf 90' lang='lat' dir='ltr'><strong>sunt</strong></span> <span class='ocrx_word' id='word_1_349' title='bbox 3142 2088 3414 2151; x_wconf 88' lang='lat' dir='ltr'><strong>universa,</strong></span> <span class='ocrx_word' id='word_1_350' title='bbox 3442 2101 3562 2156; x_wconf 72' lang='lat' dir='ltr'><strong>qua:</strong></span> 
     </span>
    </p>
   </div>
   <div class='ocr_carea' id='block_1_47' title="bbox 1972 2178 3561 2251">
    <p class='ocr_par' dir='ltr' id='par_1_47' title="bbox 1972 2178 3561 2251">
     <span class='ocr_line' id='line_1_47' title="bbox 1972 2178 3561 2251; baseline -0.003 -14"><span class='ocrx_word' id='word_1_351' title='bbox 1972 2193 2098 2237; x_wconf 87' lang='lat' dir='ltr'><strong>sunt</strong></span> <span class='ocrx_word' id='word_1_352' title='bbox 2137 2183 2189 2237; x_wconf 92' lang='lat' dir='ltr'><strong>in</strong></span> <span class='ocrx_word' id='word_1_353' title='bbox 2226 2182 2402 2247; x_wconf 67' lang='lat' dir='ltr'><strong>caelis,</strong></span> <span class='ocrx_word' id='word_1_354' title='bbox 2436 2190 2490 2236; x_wconf 91' lang='lat' dir='ltr'><strong>et</strong></span> <span class='ocrx_word' id='word_1_355' title='bbox 2529 2196 2649 2251; x_wconf 71' lang='lat' dir='ltr'><strong>qua:</strong></span> <span class='ocrx_word' id='word_1_356' title='bbox 2693 2182 2746 2235; x_wconf 88' lang='lat' dir='ltr'><strong>in</strong></span> <span class='ocrx_word' id='word_1_357' title='bbox 2782 2192 2947 2243; x_wconf 87' lang='lat' dir='ltr'><strong>terra,</strong></span> <span class='ocrx_word' id='word_1_358' title='bbox 2988 2180 3243 2243; x_wconf 86' lang='lat' dir='ltr'><strong>visibilia,</strong></span> <span class='ocrx_word' id='word_1_359' title='bbox 3289 2188 3344 2234; x_wconf 87' lang='lat' dir='ltr'><strong>et</strong></span> <span class='ocrx_word' id='word_1_360' title='bbox 3372 2178 3561 2234; x_wconf 86' lang='lat' dir='ltr'><strong>invisi-</strong></span> 
     </span>
    </p>
   </div>
   <div class='ocr_carea' id='block_1_48' title="bbox 1974 2270 3560 2338">
    <p class='ocr_par' dir='ltr' id='par_1_48' title="bbox 1974 2270 3560 2338">
     <span class='ocr_line' id='line_1_48' title="bbox 1974 2270 3560 2338; baseline -0.003 -10"><span class='ocrx_word' id='word_1_361' title='bbox 1974 2272 2123 2336; x_wconf 87' lang='lat' dir='ltr'><strong>bilia,</strong></span> <span class='ocrx_word' id='word_1_362' title='bbox 2159 2273 2275 2327; x_wconf 82' lang='lat' dir='ltr'><strong>sive</strong></span> <span class='ocrx_word' id='word_1_363' title='bbox 2303 2272 2503 2336; x_wconf 86' lang='lat' dir='ltr'><strong>throni,</strong></span> <span class='ocrx_word' id='word_1_364' title='bbox 2552 2273 2668 2325; x_wconf 89' lang='lat' dir='ltr'><strong>sive</strong></span> <span class='ocrx_word' id='word_1_365' title='bbox 2702 2271 3120 2336; x_wconf 84' lang='lat' dir='ltr'><strong>dominationes,</strong></span> <span class='ocrx_word' id='word_1_366' title='bbox 3148 2271 3260 2323; x_wconf 89' lang='lat' dir='ltr'><strong>sive</strong></span> <span class='ocrx_word' id='word_1_367' title='bbox 3288 2270 3560 2338; x_wconf 89' lang='lat' dir='ltr'><strong>principa-</strong></span> 
     </span>
    </p>
   </div>
   <div class='ocr_carea' id='block_1_49' title="bbox 1975 2361 3561 2433">
    <p class='ocr_par' dir='ltr' id='par_1_49' title="bbox 1975 2361 3561 2433">
     <span class='ocr_line' id='line_1_49' title="bbox 1975 2361 3561 2433; baseline -0.002 -15"><span class='ocrx_word' id='word_1_368' title='bbox 1975 2374 2082 2430; x_wconf 83' lang='lat' dir='ltr'><strong>tus,</strong></span> <span class='ocrx_word' id='word_1_369' title='bbox 2124 2364 2239 2419; x_wconf 85' lang='lat' dir='ltr'><strong>sive</strong></span> <span class='ocrx_word' id='word_1_370' title='bbox 2290 2372 2626 2433; x_wconf 80' lang='lat' dir='ltr'><strong>potestates:</strong></span> <span class='ocrx_word' id='word_1_371' title='bbox 2669 2363 2850 2416; x_wconf 84' lang='lat' dir='ltr'><strong>omnia</strong></span> <span class='ocrx_word' id='word_1_372' title='bbox 2903 2378 2999 2431; x_wconf 92' lang='lat' dir='ltr'><strong>per</strong></span> <span class='ocrx_word' id='word_1_373' title='bbox 3041 2361 3239 2431; x_wconf 83' lang='lat' dir='ltr'><strong>ipsum,</strong></span> <span class='ocrx_word' id='word_1_374' title='bbox 3270 2370 3323 2414; x_wconf 87' lang='lat' dir='ltr'><strong>et</strong></span> <span class='ocrx_word' id='word_1_375' title='bbox 3359 2361 3410 2413; x_wconf 91' lang='lat' dir='ltr'><strong>in</strong></span> <span class='ocrx_word' id='word_1_376' title='bbox 3441 2362 3561 2430; x_wconf 86' lang='lat' dir='ltr'><strong>ipso</strong></span> 
     </span>
    </p>
   </div>
   <div class='ocr_carea' id='block_1_50' title="bbox 1977 2452 3561 2527">
    <p class='ocr_par' dir='ltr' id='par_1_50' title="bbox 1977 2452 3561 2527">
     <span class='ocr_line' id='line_1_50' title="bbox 1977 2452 3561 2527; baseline -0.006 -12"><span class='ocrx_word' id='word_1_377' title='bbox 1977 2470 2159 2515; x_wconf 83' lang='lat' dir='ltr'><strong>creata</strong></span> <span class='ocrx_word' id='word_1_378' title='bbox 2208 2469 2336 2515; x_wconf 92' lang='lat' dir='ltr'><strong>sunt</strong></span> <span class='ocrx_word' id='word_1_379' title='bbox 2365 2478 2378 2514; x_wconf 92' lang='lat'><strong>:</strong></span> <span class='ocrx_word' id='word_1_380' title='bbox 2413 2465 2468 2511; x_wconf 85' lang='lat' dir='ltr'><strong>et</strong></span> <span class='ocrx_word' id='word_1_381' title='bbox 2490 2457 2606 2526; x_wconf 91' lang='lat' dir='ltr'><strong>ipse</strong></span> <span class='ocrx_word' id='word_1_382' title='bbox 2635 2466 2720 2511; x_wconf 91' lang='lat' dir='ltr'><strong>est</strong></span> <span class='ocrx_word' id='word_1_383' title='bbox 2752 2452 2920 2527; x_wconf 65' lang='grc'><strong>348</strong></span> <span class='ocrx_word' id='word_1_384' title='bbox 2952 2461 3080 2507; x_wconf 88' lang='lat' dir='ltr'><strong>ante</strong></span> <span class='ocrx_word' id='word_1_385' title='bbox 3121 2467 3332 2520; x_wconf 88' lang='lat' dir='ltr'><strong>omnes,</strong></span> <span class='ocrx_word' id='word_1_386' title='bbox 3369 2462 3423 2507; x_wconf 88' lang='lat' dir='ltr'><strong>et</strong></span> <span class='ocrx_word' id='word_1_387' title='bbox 3452 2468 3561 2506; x_wconf 92' lang='lat' dir='ltr'><strong>om-</strong></span> 
     </span>
    </p>
   </div>
   <div class='ocr_carea' id='block_1_51' title="bbox 1977 2544 3560 2620">
    <p class='ocr_par' dir='ltr' id='par_1_51' title="bbox 1977 2544 3560 2620">
     <span class='ocr_line' id='line_1_51' title="bbox 1977 2544 3560 2620; baseline -0.004 -14"><span class='ocrx_word' id='word_1_388' title='bbox 1977 2554 2062 2606; x_wconf 86' lang='lat' dir='ltr'><strong>nia</strong></span> <span class='ocrx_word' id='word_1_389' title='bbox 2095 2554 2151 2608; x_wconf 93' lang='lat' dir='ltr'><strong>in</strong></span> <span class='ocrx_word' id='word_1_390' title='bbox 2191 2554 2307 2620; x_wconf 88' lang='lat' dir='ltr'><strong>ipso</strong></span> <span class='ocrx_word' id='word_1_391' title='bbox 2337 2557 2607 2607; x_wconf 81' lang='lat' dir='ltr'><strong>constant.</strong></span> <span class='ocrx_word' id='word_1_392' title='bbox 2635 2548 2702 2603; x_wconf 86' lang='lat' dir='ltr'><strong>Et</strong></span> <span class='ocrx_word' id='word_1_393' title='bbox 2744 2549 2858 2617; x_wconf 89' lang='lat' dir='ltr'><strong>ipse</strong></span> <span class='ocrx_word' id='word_1_394' title='bbox 2887 2556 2970 2601; x_wconf 83' lang='lat' dir='ltr'><strong>est</strong></span> <span class='ocrx_word' id='word_1_395' title='bbox 2995 2554 3161 2615; x_wconf 90' lang='lat' dir='ltr'><strong>caput</strong></span> <span class='ocrx_word' id='word_1_396' title='bbox 3188 2545 3435 2615; x_wconf 88' lang='lat' dir='ltr'><strong>corporis</strong></span> <span class='ocrx_word' id='word_1_397' title='bbox 3460 2544 3560 2599; x_wconf 89' lang='lat' dir='ltr'><strong>Ec-</strong></span> 
     </span>
    </p>
   </div>
   <div class='ocr_carea' id='block_1_52' title="bbox 1973 2635 3549 2712">
    <p class='ocr_par' dir='ltr' id='par_1_52' title="bbox 1973 2635 3549 2712">
     <span class='ocr_line' id='line_1_52' title="bbox 1973 2635 3549 2712; baseline -0.007 -15"><span class='ocrx_word' id='word_1_398' title='bbox 1973 2643 2188 2697; x_wconf 66' lang='lat' dir='ltr'><strong>clesiae:</strong></span> <span class='ocrx_word' id='word_1_399' title='bbox 2221 2642 2311 2712; x_wconf 90' lang='lat' dir='ltr'><strong>qui</strong></span> <span class='ocrx_word' id='word_1_400' title='bbox 2359 2651 2444 2696; x_wconf 90' lang='lat' dir='ltr'><strong>est</strong></span> <span class='ocrx_word' id='word_1_401' title='bbox 2481 2637 2831 2707; x_wconf 84' lang='lat' dir='ltr'><strong>principium,</strong></span> <span class='ocrx_word' id='word_1_402' title='bbox 2888 2635 3285 2706; x_wconf 78' lang='lat' dir='ltr'><strong>primogenitus</strong></span> <span class='ocrx_word' id='word_1_403' title='bbox 3315 2650 3383 2688; x_wconf 74' lang='lat' dir='ltr'><strong>ex</strong></span> <span class='ocrx_word' id='word_1_404' title='bbox 3424 2648 3549 2688; x_wconf 86' lang='lat' dir='ltr'><strong>mor</strong></span> 
     </span>
    </p>
   </div>
   <div class='ocr_carea' id='block_1_53' title="bbox 1976 2726 3565 2804">
    <p class='ocr_par' dir='ltr' id='par_1_53' title="bbox 1976 2726 3565 2804">
     <span class='ocr_line' id='line_1_53' title="bbox 1976 2726 3565 2804; baseline -0.007 -14"><span class='ocrx_word' id='word_1_405' title='bbox 1976 2738 2105 2801; x_wconf 90' lang='lat' dir='ltr'><strong>tuis,</strong></span> <span class='ocrx_word' id='word_1_406' title='bbox 2132 2746 2190 2790; x_wconf 93' lang='lat' dir='ltr'><strong>ut</strong></span> <span class='ocrx_word' id='word_1_407' title='bbox 2223 2736 2294 2790; x_wconf 88' lang='lat' dir='ltr'><strong>sit</strong></span> <span class='ocrx_word' id='word_1_408' title='bbox 2324 2736 2439 2804; x_wconf 87' lang='lat' dir='ltr'><strong>ipse</strong></span> <span class='ocrx_word' id='word_1_409' title='bbox 2469 2734 2523 2788; x_wconf 88' lang='lat' dir='ltr'><strong>in</strong></span> <span class='ocrx_word' id='word_1_410' title='bbox 2553 2732 2807 2787; x_wconf 89' lang='lat' dir='ltr'><strong>omnibus</strong></span> <span class='ocrx_word' id='word_1_411' title='bbox 2848 2730 3141 2799; x_wconf 87' lang='lat' dir='ltr'><strong>primatum</strong></span> <span class='ocrx_word' id='word_1_412' title='bbox 3170 2737 3361 2783; x_wconf 88' lang='lat' dir='ltr'><strong>tenens</strong></span> <span class='ocrx_word' id='word_1_413' title='bbox 3393 2745 3405 2781; x_wconf 91' lang='lat'>:</span> <span class='ocrx_word' id='word_1_414' title='bbox 3438 2726 3565 2795; x_wconf 86' lang='lat' dir='ltr'><strong>quia</strong></span> 
     </span>
    </p>
   </div>
   <div class='ocr_carea' id='block_1_54' title="bbox 278 2823 3567 2904">
    <p class='ocr_par' dir='ltr' id='par_1_54' title="bbox 278 2823 3567 2904">
     <span class='ocr_line' id='line_1_54' title="bbox 278 2823 3567 2904; baseline -0.002 -17"><span class='ocrx_word' id='word_1_415' title='bbox 278 2833 334 2887; x_wconf 89' lang='lat' dir='ltr'><strong>in</strong></span> <span class='ocrx_word' id='word_1_416' title='bbox 358 2833 473 2904; x_wconf 86' lang='lat' dir='ltr'><strong>ipso</strong></span> <span class='ocrx_word' id='word_1_417' title='bbox 495 2832 842 2902; x_wconf 88' lang='lat' dir='ltr'><strong>complacuit,</strong></span> <span class='ocrx_word' id='word_1_418' title='bbox 867 2845 1083 2886; x_wconf 85' lang='lat' dir='ltr'><strong>omnem</strong></span> <span class='ocrx_word' id='word_1_419' title='bbox 1108 2830 1499 2901; x_wconf 87' lang='lat' dir='ltr'><strong>plenitudinem</strong></span> <span class='ocrx_word' id='word_1_420' title='bbox 1528 2832 1864 2899; x_wconf 85' lang='lat' dir='ltr'><strong>inhabitare,</strong></span> <span class='ocrx_word' id='word_1_421' title='bbox 1905 2841 1962 2889; x_wconf 90' lang='lat' dir='ltr'><strong>et</strong></span> <span class='ocrx_word' id='word_1_422' title='bbox 2027 2849 2124 2902; x_wconf 85' lang='lat' dir='ltr'><strong>per</strong></span> <span class='ocrx_word' id='word_1_423' title='bbox 2189 2847 2312 2886; x_wconf 92' lang='lat' dir='ltr'><strong>eum</strong></span> <span class='ocrx_word' id='word_1_424' title='bbox 2344 2829 2698 2886; x_wconf 87' lang='lat' dir='ltr'><strong>reconciliare</strong></span> <span class='ocrx_word' id='word_1_425' title='bbox 2726 2826 2910 2882; x_wconf 85' lang='lat' dir='ltr'><strong>omnia</strong></span> <span class='ocrx_word' id='word_1_426' title='bbox 2942 2827 2997 2880; x_wconf 93' lang='lat' dir='ltr'><strong>in</strong></span> <span class='ocrx_word' id='word_1_427' title='bbox 3030 2826 3232 2895; x_wconf 89' lang='lat' dir='ltr'><strong>ipsum,</strong></span> <span class='ocrx_word' id='word_1_428' title='bbox 3271 2823 3567 2894; x_wconf 78' lang='lat' dir='ltr'><strong>paciﬁcans</strong></span> 
     </span>
    </p>
   </div>
   <div class='ocr_carea' id='block_1_55' title="bbox 276 2921 2676 2997">
    <p class='ocr_par' dir='ltr' id='par_1_55' title="bbox 276 2921 2676 2997">
     <span class='ocr_line' id='line_1_55' title="bbox 276 2921 2676 2997; baseline -0.003 -18"><span class='ocrx_word' id='word_1_429' title='bbox 276 2941 375 2997; x_wconf 86' lang='lat' dir='ltr'><strong>per</strong></span> <span class='ocrx_word' id='word_1_430' title='bbox 418 2927 735 2997; x_wconf 87' lang='lat' dir='ltr'><strong>sanguinem</strong></span> <span class='ocrx_word' id='word_1_431' title='bbox 769 2925 948 2979; x_wconf 85' lang='lat' dir='ltr'><strong>crucis</strong></span> <span class='ocrx_word' id='word_1_432' title='bbox 996 2924 1115 2995; x_wconf 85' lang='lat' dir='ltr'><strong>ejus</strong></span> <span class='ocrx_word' id='word_1_433' title='bbox 1141 2922 1254 2996; x_wconf 83' lang='lat'><strong>(75)</strong></span> <span class='ocrx_word' id='word_1_434' title='bbox 1301 2923 1414 2979; x_wconf 87' lang='lat' dir='ltr'><strong>sive</strong></span> <span class='ocrx_word' id='word_1_435' title='bbox 1443 2939 1567 2994; x_wconf 63' lang='lat' dir='ltr'><strong>quae</strong></span> <span class='ocrx_word' id='word_1_436' title='bbox 1610 2926 1665 2978; x_wconf 94' lang='lat' dir='ltr'><strong>in</strong></span> <span class='ocrx_word' id='word_1_437' title='bbox 1697 2933 1863 2990; x_wconf 88' lang='lat' dir='ltr'><strong>terra,</strong></span> <span class='ocrx_word' id='word_1_438' title='bbox 1903 2925 2019 2978; x_wconf 89' lang='lat' dir='ltr'><strong>sive</strong></span> <span class='ocrx_word' id='word_1_439' title='bbox 2047 2939 2165 2992; x_wconf 60' lang='lat' dir='ltr'><strong>quae</strong></span> <span class='ocrx_word' id='word_1_440' title='bbox 2190 2923 2244 2977; x_wconf 93' lang='lat' dir='ltr'><strong>in</strong></span> <span class='ocrx_word' id='word_1_441' title='bbox 2279 2921 2435 2979; x_wconf 68' lang='lat' dir='ltr'><strong>cwlis</strong></span> <span class='ocrx_word' id='word_1_442' title='bbox 2466 2928 2612 2976; x_wconf 91' lang='lat' dir='ltr'><strong>sunt.</strong></span> <span class='ocrx_word' id='word_1_443' title='bbox 2656 2938 2676 2969; x_wconf 76' lang='grc' dir='ltr'><strong>ι</strong></span> 
     </span>
    </p>
   </div>
   <div class='ocr_carea' id='block_1_56' title="bbox 348 3008 1869 3091">
    <p class='ocr_par' dir='ltr' id='par_1_56' title="bbox 348 3017 1869 3091">
     <span class='ocr_line' id='line_1_56' title="bbox 348 3017 1869 3091; baseline -0.003 -18"><span class='ocrx_word' id='word_1_444' title='bbox 348 3018 458 3073; x_wconf 80' lang='grc' dir='ltr'><strong>Θέα</strong></span> <span class='ocrx_word' id='word_1_445' title='bbox 507 3020 685 3074; x_wconf 84' lang='grc' dir='ltr'>τοίνυν</span> <span class='ocrx_word' id='word_1_446' title='bbox 719 3019 1028 3091; x_wconf 83' lang='grc' dir='ltr'>ἐμφρόνως,</span> <span class='ocrx_word' id='word_1_447' title='bbox 1084 3017 1203 3081; x_wconf 84' lang='grc' dir='ltr'>πῶς</span> <span class='ocrx_word' id='word_1_448' title='bbox 1256 3019 1479 3073; x_wconf 82' lang='grc' dir='ltr'>ἐναντία</span> <span class='ocrx_word' id='word_1_449' title='bbox 1518 3019 1869 3089; x_wconf 85' lang='grc' dir='ltr'>αἱρετικοῖςή</span> 
     </span>
    </p>
   </div>
   <div class='ocr_carea' id='block_1_57' title="bbox 1976 3008 3565 3091">
    <p class='ocr_par' dir='ltr' id='par_1_57' title="bbox 2052 3008 3565 3087">
     <span class='ocr_line' id='line_1_57' title="bbox 2052 3008 3565 3087; baseline -0.006 -16"><span class='ocrx_word' id='word_1_450' title='bbox 2052 3017 2183 3073; x_wconf 82' lang='lat' dir='ltr'><strong>Vide</strong></span> <span class='ocrx_word' id='word_1_451' title='bbox 2213 3033 2365 3086; x_wconf 81' lang='lat' dir='ltr'><strong>ergo,</strong></span> <span class='ocrx_word' id='word_1_452' title='bbox 2401 3031 2565 3087; x_wconf 88' lang='lat' dir='ltr'><strong>quam</strong></span> <span class='ocrx_word' id='word_1_453' title='bbox 2588 3014 2868 3084; x_wconf 85' lang='lat' dir='ltr'><strong>sapienter</strong></span> <span class='ocrx_word' id='word_1_454' title='bbox 2905 3010 3178 3080; x_wconf 90' lang='lat' dir='ltr'><strong>Scriptura</strong></span> <span class='ocrx_word' id='word_1_455' title='bbox 3214 3023 3356 3075; x_wconf 90' lang='lat' dir='ltr'><strong>sese,</strong></span> <span class='ocrx_word' id='word_1_456' title='bbox 3388 3016 3449 3063; x_wconf 90' lang='lat' dir='ltr'><strong>ut</strong></span> <span class='ocrx_word' id='word_1_457' title='bbox 3484 3008 3565 3063; x_wconf 90' lang='lat' dir='ltr'><strong>sic</strong></span> 
     </span>
    </p>
   </div>
   <div class='ocr_carea' id='block_1_58' title="bbox 279 3109 1869 3184">
    <p class='ocr_par' dir='ltr' id='par_1_58' title="bbox 279 3109 1869 3184">
     <span class='ocr_line' id='line_1_58' title="bbox 279 3109 1869 3184; baseline -0.002 -19"><span class='ocrx_word' id='word_1_458' title='bbox 279 3111 471 3184; x_wconf 83' lang='grc' dir='ltr'>Γραφὴ</span> <span class='ocrx_word' id='word_1_459' title='bbox 500 3110 813 3182; x_wconf 79' lang='grc' dir='ltr'>ἐξηγεῖσθαι</span> <span class='ocrx_word' id='word_1_460' title='bbox 862 3110 1337 3182; x_wconf 88' lang='grc' dir='ltr'>παρεσκεύασται,</span> <span class='ocrx_word' id='word_1_461' title='bbox 1367 3109 1462 3163; x_wconf 89' lang='lat' dir='ltr'><strong>xui</strong></span> <span class='ocrx_word' id='word_1_462' title='bbox 1488 3109 1600 3179; x_wconf 77' lang='grc' dir='ltr'>ἔχει</span> <span class='ocrx_word' id='word_1_463' title='bbox 1633 3109 1869 3180; x_wconf 85' lang='grc' dir='ltr'>ἑκάστην</span> 
     </span>
    </p>
   </div>
   <div class='ocr_carea' id='block_1_59' title="bbox 278 3198 1871 3274">
    <p class='ocr_par' dir='ltr' id='par_1_59' title="bbox 278 3198 1871 3274">
     <span class='ocr_line' id='line_1_59' title="bbox 278 3198 1871 3274; baseline -0.002 -18"><span class='ocrx_word' id='word_1_464' title='bbox 278 3204 425 3270; x_wconf 70' lang='grc' dir='ltr'>λέξιν</span> <span class='ocrx_word' id='word_1_465' title='bbox 463 3204 692 3267; x_wconf 79' lang='grc' dir='ltr'>ἀκτῖνας</span> <span class='ocrx_word' id='word_1_466' title='bbox 743 3198 854 3258; x_wconf 77' lang='grc' dir='ltr'>οἷον</span> <span class='ocrx_word' id='word_1_467' title='bbox 903 3203 1146 3274; x_wconf 85' lang='grc' dir='ltr'>νοήσεων</span> <span class='ocrx_word' id='word_1_468' title='bbox 1197 3203 1326 3274; x_wconf 79' lang='grc' dir='ltr'><strong>περί⁵</strong></span> <span class='ocrx_word' id='word_1_469' title='bbox 1358 3201 1492 3255; x_wconf 85' lang='grc' dir='ltr'>Θεοῦ</span> <span class='ocrx_word' id='word_1_470' title='bbox 1516 3200 1871 3273; x_wconf 84' lang='grc' dir='ltr'>ἐνανθρωπή-</span> 
     </span>
    </p>
   </div>
   <div class='ocr_carea' id='block_1_60' title="bbox 279 3294 1870 3367">
    <p class='ocr_par' dir='ltr' id='par_1_60' title="bbox 279 3294 1870 3367">
     <span class='ocr_line' id='line_1_60' title="bbox 279 3294 1870 3367; baseline -0.002 -19"><span class='ocrx_word' id='word_1_471' title='bbox 279 3313 420 3359; x_wconf 86' lang='grc' dir='ltr'>σεως</span> <span class='ocrx_word' id='word_1_472' title='bbox 440 3294 913 3367; x_wconf 80' lang='grc' dir='ltr'>ἀποπέμπουσαν·</span> <span class='ocrx_word' id='word_1_473' title='bbox 959 3296 1055 3348; x_wconf 89' lang='lat' dir='ltr'><strong>xui</strong></span> <span class='ocrx_word' id='word_1_474' title='bbox 1102 3295 1185 3348; x_wconf 83' lang='grc' dir='ltr'><strong>ὅτι</strong></span> <span class='ocrx_word' id='word_1_475' title='bbox 1235 3297 1496 3367; x_wconf 86' lang='grc' dir='ltr'>προεῖπεν</span> <span class='ocrx_word' id='word_1_476' title='bbox 1546 3294 1708 3347; x_wconf 79' lang='grc' dir='ltr'>αὐτὸν</span> <span class='ocrx_word' id='word_1_477' title='bbox 1742 3294 1870 3346; x_wconf 72' lang='grc' dir='ltr'>Υἰον</span> 
     </span>
    </p>
   </div>
   <div class='ocr_carea' id='block_1_61' title="bbox 277 3385 1873 3457">
    <p class='ocr_par' dir='ltr' id='par_1_61' title="bbox 277 3385 1873 3457">
     <span class='ocr_line' id='line_1_61' title="bbox 277 3385 1873 3457; baseline -0.001 -18"><span class='ocrx_word' id='word_1_478' title='bbox 277 3387 374 3447; x_wconf 83' lang='lat' dir='ltr'><strong>xui</strong></span> <span class='ocrx_word' id='word_1_479' title='bbox 413 3387 596 3441; x_wconf 80' lang='grc' dir='ltr'>εἰκόνα</span> <span class='ocrx_word' id='word_1_480' title='bbox 643 3386 737 3440; x_wconf 88' lang='grc' dir='ltr'><strong>τοῦ</strong></span> <span class='ocrx_word' id='word_1_481' title='bbox 770 3386 928 3452; x_wconf 84' lang='grc' dir='ltr'>Θεοῦ,</span> <span class='ocrx_word' id='word_1_482' title='bbox 958 3387 1053 3440; x_wconf 90' lang='lat' dir='ltr'><strong>xui</strong></span> <span class='ocrx_word' id='word_1_483' title='bbox 1099 3385 1242 3440; x_wconf 74' lang='grc' dir='ltr'>οὕτω</span> <span class='ocrx_word' id='word_1_484' title='bbox 1273 3387 1616 3457; x_wconf 82' lang='grc' dir='ltr'>πρωτότοκον</span> <span class='ocrx_word' id='word_1_485' title='bbox 1655 3385 1751 3439; x_wconf 93' lang='lat' dir='ltr'><strong>xui</strong></span> <span class='ocrx_word' id='word_1_486' title='bbox 1783 3403 1873 3438; x_wconf 84' lang='grc' dir='ltr'>κε-</span> 
     </span>
    </p>
   </div>
   <div class='ocr_carea' id='block_1_62' title="bbox 279 3476 1872 3549">
    <p class='ocr_par' dir='ltr' id='par_1_62' title="bbox 279 3476 1872 3549">
     <span class='ocr_line' id='line_1_62' title="bbox 279 3476 1872 3549; baseline 0 -18"><span class='ocrx_word' id='word_1_487' title='bbox 279 3476 454 3548; x_wconf 79' lang='grc' dir='ltr'>φαλὴν</span> <span class='ocrx_word' id='word_1_488' title='bbox 480 3477 575 3531; x_wconf 90' lang='grc' dir='ltr'><strong>τοῦ</strong></span> <span class='ocrx_word' id='word_1_489' title='bbox 600 3476 850 3548; x_wconf 82' lang='grc' dir='ltr'>σώματος</span> <span class='ocrx_word' id='word_1_490' title='bbox 873 3478 972 3549; x_wconf 85' lang='grc' dir='ltr'><strong>τῆς</strong></span> <span class='ocrx_word' id='word_1_491' title='bbox 1010 3476 1356 3548; x_wconf 84' lang='grc' dir='ltr'>Ἐκκλησίας,</span> <span class='ocrx_word' id='word_1_492' title='bbox 1406 3478 1501 3530; x_wconf 89' lang='lat' dir='ltr'><strong>xui</strong></span> <span class='ocrx_word' id='word_1_493' title='bbox 1526 3478 1872 3549; x_wconf 80' lang='grc' dir='ltr'>πρωτότοκον</span> 
     </span>
    </p>
   </div>
   <div class='ocr_carea' id='block_1_63' title="bbox 281 3565 1871 3639">
    <p class='ocr_par' dir='ltr' id='par_1_63' title="bbox 281 3565 1871 3639">
     <span class='ocr_line' id='line_1_63' title="bbox 281 3565 1871 3639; baseline 0.001 -21"><span class='ocrx_word' id='word_1_494' title='bbox 281 3570 345 3619; x_wconf 80' lang='grc' dir='ltr'><strong>ἐκ</strong></span> <span class='ocrx_word' id='word_1_495' title='bbox 374 3565 481 3619; x_wconf 87' lang='grc' dir='ltr'>τῶν</span> <span class='ocrx_word' id='word_1_496' title='bbox 506 3566 740 3637; x_wconf 84' lang='grc' dir='ltr'>νεκρῶν,</span> <span class='ocrx_word' id='word_1_497' title='bbox 769 3568 1261 3639; x_wconf 85' lang='grc' dir='ltr'>εἰρηνοποιήσαντα</span> <span class='ocrx_word' id='word_1_498' title='bbox 1297 3566 1385 3621; x_wconf 81' lang='grc' dir='ltr'>διὰ</span> <span class='ocrx_word' id='word_1_499' title='bbox 1411 3566 1503 3618; x_wconf 89' lang='grc' dir='ltr'><strong>τοῦ</strong></span> <span class='ocrx_word' id='word_1_500' title='bbox 1538 3566 1671 3639; x_wconf 64' lang='grc'>[164</span> <span class='ocrx_word' id='word_1_501' title='bbox 1704 3567 1756 3639; x_wconf 87' lang='lat' dir='ltr'><strong>b]</strong></span> <span class='ocrx_word' id='word_1_502' title='bbox 1784 3568 1871 3621; x_wconf 81' lang='grc' dir='ltr'>αἵ-</span> 
     </span>
    </p>
   </div>
   <div class='ocr_carea' id='block_1_64' title="bbox 285 3657 1870 3729">
    <p class='ocr_par' dir='ltr' id='par_1_64' title="bbox 285 3657 1870 3729">
     <span class='ocr_line' id='line_1_64' title="bbox 285 3657 1870 3729; baseline 0 -18"><span class='ocrx_word' id='word_1_503' title='bbox 285 3674 449 3728; x_wconf 83' lang='grc' dir='ltr'>ματος</span> <span class='ocrx_word' id='word_1_504' title='bbox 478 3657 571 3712; x_wconf 87' lang='grc' dir='ltr'><strong>τοῦ</strong></span> <span class='ocrx_word' id='word_1_505' title='bbox 613 3657 849 3729; x_wconf 87' lang='grc' dir='ltr'>σταυροῦ</span> <span class='ocrx_word' id='word_1_506' title='bbox 881 3658 1047 3711; x_wconf 75' lang='grc' dir='ltr'>αὐτοῦ</span> <span class='ocrx_word' id='word_1_507' title='bbox 1089 3658 1158 3711; x_wconf 81' lang='grc' dir='ltr'>τὰ</span> <span class='ocrx_word' id='word_1_508' title='bbox 1184 3658 1374 3729; x_wconf 88' lang='grc' dir='ltr'>ὁρατὰ,</span> <span class='ocrx_word' id='word_1_509' title='bbox 1412 3658 1506 3711; x_wconf 87' lang='lat' dir='ltr'><strong>xui</strong></span> <span class='ocrx_word' id='word_1_510' title='bbox 1549 3658 1619 3711; x_wconf 85' lang='grc' dir='ltr'><strong>τά</strong></span> <span class='ocrx_word' id='word_1_511' title='bbox 1641 3659 1870 3729; x_wconf 83' lang='grc' dir='ltr'>ἀόρατα,</span> 
     </span>
    </p>
   </div>
   <div class='ocr_carea' id='block_1_65' title="bbox 281 3747 1872 3821">
    <p class='ocr_par' dir='ltr' id='par_1_65' title="bbox 281 3747 1872 3821">
     <span class='ocr_line' id='line_1_65' title="bbox 281 3747 1872 3821; baseline 0.001 -20"><span class='ocrx_word' id='word_1_512' title='bbox 281 3750 374 3802; x_wconf 80' lang='lat' dir='ltr'><strong>xui</strong></span> <span class='ocrx_word' id='word_1_513' title='bbox 400 3751 507 3804; x_wconf 74' lang='grc' dir='ltr'><strong>πᾶν</strong></span> <span class='ocrx_word' id='word_1_514' title='bbox 555 3749 616 3803; x_wconf 85' lang='grc' dir='ltr'><strong>τὸ</strong></span> <span class='ocrx_word' id='word_1_515' title='bbox 654 3749 929 3821; x_wconf 88' lang='grc' dir='ltr'>πλήρωμα</span> <span class='ocrx_word' id='word_1_516' title='bbox 983 3750 1081 3819; x_wconf 83' lang='grc' dir='ltr'>τῆς</span> <span class='ocrx_word' id='word_1_517' title='bbox 1132 3750 1273 3821; x_wconf 82' lang='grc' dir='ltr'>ὑπὲρ</span> <span class='ocrx_word' id='word_1_518' title='bbox 1306 3748 1365 3802; x_wconf 81' lang='grc' dir='ltr'><strong>τὸ</strong></span> <span class='ocrx_word' id='word_1_519' title='bbox 1415 3747 1728 3820; x_wconf 87' lang='grc' dir='ltr'>ἀσώματον,</span> <span class='ocrx_word' id='word_1_520' title='bbox 1777 3750 1872 3804; x_wconf 87' lang='lat' dir='ltr'><strong>xui</strong></span> 
     </span>
    </p>
   </div>
   <div class='ocr_carea' id='block_1_66' title="bbox 280 3840 1866 3914">
    <p class='ocr_par' dir='ltr' id='par_1_66' title="bbox 280 3840 1866 3914">
     <span class='ocr_line' id='line_1_66' title="bbox 280 3840 1866 3914; baseline 0.001 -20"><span class='ocrx_word' id='word_1_521' title='bbox 280 3840 626 3914; x_wconf 82' lang='grc' dir='ltr'>ἀχρώματον,</span> <span class='ocrx_word' id='word_1_522' title='bbox 659 3844 755 3897; x_wconf 83' lang='grc' dir='ltr'><strong>καὶ</strong></span> <span class='ocrx_word' id='word_1_523' title='bbox 787 3841 1069 3914; x_wconf 86' lang='grc' dir='ltr'>ἀχώρητον</span> <span class='ocrx_word' id='word_1_524' title='bbox 1122 3842 1375 3913; x_wconf 83' lang='grc' dir='ltr'>θεότητος</span> <span class='ocrx_word' id='word_1_525' title='bbox 1409 3842 1829 3914; x_wconf 83' lang='grc' dir='ltr'>κληρωσάμενον</span> <span class='ocrx_word' id='word_1_526' title='bbox 1853 3860 1866 3872; x_wconf 93' lang='grc'><strong>·</strong></span> 
     </span>
    </p>
   </div>
   <div class='ocr_carea' id='block_1_67' title="bbox 280 3929 1874 4007">
    <p class='ocr_par' dir='ltr' id='par_1_67' title="bbox 280 3929 1874 4007">
     <span class='ocr_line' id='line_1_67' title="bbox 280 3929 1874 4007; baseline 0.002 -21"><span class='ocrx_word' id='word_1_527' title='bbox 280 3934 347 3987; x_wconf 81' lang='grc' dir='ltr'><strong>ἵν’</strong></span> <span class='ocrx_word' id='word_1_528' title='bbox 374 3934 523 3998; x_wconf 85' lang='grc' dir='ltr'>ὅπως</span> <span class='ocrx_word' id='word_1_529' title='bbox 548 3934 665 3988; x_wconf 89' lang='grc' dir='ltr'>ποτ’</span> <span class='ocrx_word' id='word_1_530' title='bbox 699 3929 792 3987; x_wconf 82' lang='grc' dir='ltr'><strong>οὖν</strong></span> <span class='ocrx_word' id='word_1_531' title='bbox 823 3933 990 3999; x_wconf 86' lang='grc' dir='ltr'>ἀξίως</span> <span class='ocrx_word' id='word_1_532' title='bbox 1036 3935 1309 4005; x_wconf 85' lang='grc' dir='ltr'>συνίωμεν</span> <span class='ocrx_word' id='word_1_533' title='bbox 1340 3934 1504 3989; x_wconf 80' lang='grc' dir='ltr'>αὐτοῦ</span> <span class='ocrx_word' id='word_1_534' title='bbox 1534 3936 1628 3989; x_wconf 80' lang='grc' dir='ltr'><strong>καὶ</strong></span> <span class='ocrx_word' id='word_1_535' title='bbox 1662 3935 1763 4007; x_wconf 84' lang='grc' dir='ltr'><strong>τὴν</strong></span> <span class='ocrx_word' id='word_1_536' title='bbox 1809 3936 1874 3989; x_wconf 89' lang='grc' dir='ltr'><strong>ἐκ</strong></span> 
     </span>
    </p>
   </div>
   <div class='ocr_carea' id='block_1_68' title="bbox 276 4024 1871 4099">
    <p class='ocr_par' dir='ltr' id='par_1_68' title="bbox 276 4024 1871 4099">
     <span class='ocr_line' id='line_1_68' title="bbox 276 4024 1871 4099; baseline 0.003 -21"><span class='ocrx_word' id='word_1_537' title='bbox 276 4024 372 4086; x_wconf 82' lang='grc' dir='ltr'><strong>τοῦ</strong></span> <span class='ocrx_word' id='word_1_538' title='bbox 398 4026 533 4080; x_wconf 86' lang='grc' dir='ltr'>Θεοῦ</span> <span class='ocrx_word' id='word_1_539' title='bbox 580 4027 796 4097; x_wconf 87' lang='grc' dir='ltr'>Πατρὸς</span> <span class='ocrx_word' id='word_1_540' title='bbox 841 4026 936 4079; x_wconf 85' lang='lat' dir='ltr'><strong>xui</strong></span> <span class='ocrx_word' id='word_1_541' title='bbox 968 4026 1106 4097; x_wconf 85' lang='grc' dir='ltr'>πρὸς</span> <span class='ocrx_word' id='word_1_542' title='bbox 1133 4025 1296 4079; x_wconf 85' lang='grc' dir='ltr'>αὐτὸν</span> <span class='ocrx_word' id='word_1_543' title='bbox 1325 4027 1657 4099; x_wconf 86' lang='grc' dir='ltr'>ἀσύγκριτον</span> <span class='ocrx_word' id='word_1_544' title='bbox 1687 4027 1871 4097; x_wconf 80' lang='grc' dir='ltr'>φύσιν,</span> 
     </span>
    </p>
   </div>
   <div class='ocr_carea' id='block_1_69' title="bbox 276 4115 1876 4189">
    <p class='ocr_par' dir='ltr' id='par_1_69' title="bbox 276 4115 1876 4189">
     <span class='ocr_line' id='line_1_69' title="bbox 276 4115 1876 4189; baseline 0.001 -21"><span class='ocrx_word' id='word_1_545' title='bbox 276 4117 376 4175; x_wconf 81' lang='lat' dir='ltr'><strong>xui</strong></span> <span class='ocrx_word' id='word_1_546' title='bbox 393 4116 488 4189; x_wconf 77' lang='grc' dir='ltr'>τὴν</span> <span class='ocrx_word' id='word_1_547' title='bbox 519 4118 585 4169; x_wconf 86' lang='grc' dir='ltr'><strong>ἐκ</strong></span> <span class='ocrx_word' id='word_1_548' title='bbox 606 4115 891 4188; x_wconf 83' lang='grc' dir='ltr'>Παρθένου</span> <span class='ocrx_word' id='word_1_549' title='bbox 926 4116 1021 4168; x_wconf 89' lang='lat' dir='ltr'><strong>xui</strong></span> <span class='ocrx_word' id='word_1_550' title='bbox 1049 4117 1169 4170; x_wconf 85' lang='grc' dir='ltr'>κατ’</span> <span class='ocrx_word' id='word_1_551' title='bbox 1197 4115 1367 4187; x_wconf 81' lang='grc' dir='ltr'>αὐτὴν</span> <span class='ocrx_word' id='word_1_552' title='bbox 1393 4116 1604 4170; x_wconf 88' lang='grc' dir='ltr'>τελείαν</span> <span class='ocrx_word' id='word_1_553' title='bbox 1638 4118 1732 4170; x_wconf 88' lang='lat' dir='ltr'><strong>xui</strong></span> <span class='ocrx_word' id='word_1_554' title='bbox 1761 4118 1876 4170; x_wconf 88' lang='grc' dir='ltr'>ἐνο-</span> 
     </span>
    </p>
   </div>
   <div class='ocr_carea' id='block_1_70' title="bbox 279 4210 1873 4283">
    <p class='ocr_par' dir='ltr' id='par_1_70' title="bbox 279 4210 1873 4283">
     <span class='ocr_line' id='line_1_70' title="bbox 279 4210 1873 4283; baseline 0.001 -20"><span class='ocrx_word' id='word_1_555' title='bbox 279 4210 393 4280; x_wconf 81' lang='grc' dir='ltr'>ειδῆ</span> <span class='ocrx_word' id='word_1_556' title='bbox 418 4211 691 4282; x_wconf 88' lang='grc' dir='ltr'>σάρκωσιν</span> <span class='ocrx_word' id='word_1_557' title='bbox 717 4212 811 4264; x_wconf 86' lang='lat' dir='ltr'><strong>xui</strong></span> <span class='ocrx_word' id='word_1_558' title='bbox 863 4211 1130 4283; x_wconf 81' lang='grc' dir='ltr'>ψύχωσιν.</span> <span class='ocrx_word' id='word_1_559' title='bbox 1166 4210 1232 4264; x_wconf 93' lang='grc' dir='ltr'>Τί</span> <span class='ocrx_word' id='word_1_560' title='bbox 1263 4211 1371 4282; x_wconf 83' lang='grc' dir='ltr'>γὰρ</span> <span class='ocrx_word' id='word_1_561' title='bbox 1395 4211 1523 4267; x_wconf 80' lang='grc' dir='ltr'>ἄλλο</span> <span class='ocrx_word' id='word_1_562' title='bbox 1555 4213 1776 4283; x_wconf 83' lang='grc' dir='ltr'>νοήσαις</span> <span class='ocrx_word' id='word_1_563' title='bbox 1807 4211 1873 4265; x_wconf 85' lang='grc' dir='ltr'>ἂν</span> 
     </span>
    </p>
   </div>
   <div class='ocr_carea' id='block_1_71' title="bbox 283 4293 1873 4375">
    <p class='ocr_par' dir='ltr' id='par_1_71' title="bbox 283 4293 1873 4375">
     <span class='ocr_line' id='line_1_71' title="bbox 283 4293 1873 4375; baseline 0.002 -19"><span class='ocrx_word' id='word_1_564' title='bbox 283 4304 485 4375; x_wconf 78' lang='grc' dir='ltr'>μεταξὺ</span> <span class='ocrx_word' id='word_1_565' title='bbox 518 4304 627 4358; x_wconf 83' lang='grc' dir='ltr'><strong>τῶν</strong></span> <span class='ocrx_word' id='word_1_566' title='bbox 652 4293 992 4375; x_wconf 76' lang='grc' dir='ltr'>ἐκκειμένων</span> <span class='ocrx_word' id='word_1_567' title='bbox 1049 4303 1186 4358; x_wconf 87' lang='grc' dir='ltr'>ὀλων</span> <span class='ocrx_word' id='word_1_568' title='bbox 1218 4304 1419 4375; x_wconf 76' lang='grc' dir='ltr'>ῥητῶν,</span> <span class='ocrx_word' id='word_1_569' title='bbox 1463 4304 1645 4358; x_wconf 76' lang='grc' dir='ltr'>καὶτὸ</span> <span class='ocrx_word' id='word_1_570' title='bbox 1669 4303 1735 4356; x_wconf 83' lang='grc' dir='ltr'><strong>δι’</strong></span> <span class='ocrx_word' id='word_1_571' title='bbox 1772 4307 1873 4359; x_wconf 85' lang='grc' dir='ltr'>αὐ-</span> 
     </span>
    </p>
   </div>
   <div class='ocr_carea' id='block_1_72' title="bbox 1972 3101 3566 3181">
    <p class='ocr_par' dir='ltr' id='par_1_72' title="bbox 1972 3101 3566 3181">
     <span class='ocr_line' id='line_1_72' title="bbox 1972 3101 3566 3181; baseline -0.008 -16"><span class='ocrx_word' id='word_1_572' title='bbox 1972 3112 2200 3181; x_wconf 79' lang='lat' dir='ltr'><strong>laquar,</strong></span> <span class='ocrx_word' id='word_1_573' title='bbox 2257 3108 2559 3164; x_wconf 80' lang='lat' dir='ltr'><strong>accinxerit</strong></span> <span class='ocrx_word' id='word_1_574' title='bbox 2625 3107 2691 3161; x_wconf 88' lang='lat' dir='ltr'><strong>ad</strong></span> <span class='ocrx_word' id='word_1_575' title='bbox 2756 3121 2820 3161; x_wconf 91' lang='lat' dir='ltr'><strong>ea</strong></span> <span class='ocrx_word' id='word_1_576' title='bbox 2870 3104 3199 3167; x_wconf 87' lang='lat' dir='ltr'><strong>enarranda,</strong></span> <span class='ocrx_word' id='word_1_577' title='bbox 3242 3118 3363 3173; x_wconf 73' lang='lat' dir='ltr'><strong>qua:</strong></span> <span class='ocrx_word' id='word_1_578' title='bbox 3399 3101 3566 3154; x_wconf 72' lang='lat' dir='ltr'><strong>barre-</strong></span> 
     </span>
    </p>
   </div>
   <div class='ocr_carea' id='block_1_73' title="bbox 1972 3184 3682 3271">
    <p class='ocr_par' dir='ltr' id='par_1_73' title="bbox 1972 3184 3682 3271">
     <span class='ocr_line' id='line_1_73' title="bbox 1972 3184 3682 3271; baseline -0.006 -17"><span class='ocrx_word' id='word_1_579' title='bbox 1972 3206 2200 3257; x_wconf 89' lang='lat' dir='ltr'><strong>ticorum</strong></span> <span class='ocrx_word' id='word_1_580' title='bbox 2227 3199 2632 3271; x_wconf 85' lang='lat' dir='ltr'><strong>opinationibus</strong></span> <span class='ocrx_word' id='word_1_581' title='bbox 2661 3198 3051 3259; x_wconf 89' lang='lat' dir='ltr'><strong>adversantur,</strong></span> <span class='ocrx_word' id='word_1_582' title='bbox 3081 3196 3219 3249; x_wconf 87' lang='lat' dir='ltr'><strong>adeo</strong></span> <span class='ocrx_word' id='word_1_583' title='bbox 3250 3204 3307 3247; x_wconf 90' lang='lat' dir='ltr'><strong>ut</strong></span> <span class='ocrx_word' id='word_1_584' title='bbox 3326 3192 3564 3263; x_wconf 87' lang='lat' dir='ltr'><strong>singula,</strong></span> <span class='ocrx_word' id='word_1_585' title='bbox 3666 3184 3682 3192; x_wconf 72' lang='grc'><em>’</em></span> 
     </span>
    </p>
   </div>
   <div class='ocr_carea' id='block_1_74' title="bbox 1971 3286 3564 3365">
    <p class='ocr_par' dir='ltr' id='par_1_74' title="bbox 1971 3286 3564 3365">
     <span class='ocr_line' id='line_1_74' title="bbox 1971 3286 3564 3365; baseline -0.006 -17"><span class='ocrx_word' id='word_1_586' title='bbox 1971 3295 2166 3365; x_wconf 86' lang='lat' dir='ltr'><strong>quibus</strong></span> <span class='ocrx_word' id='word_1_587' title='bbox 2190 3294 2380 3357; x_wconf 89' lang='lat' dir='ltr'><strong>utitur,</strong></span> <span class='ocrx_word' id='word_1_588' title='bbox 2406 3290 2674 3345; x_wconf 86' lang='lat' dir='ltr'><strong>vocabula</strong></span> <span class='ocrx_word' id='word_1_589' title='bbox 2719 3289 2903 3345; x_wconf 88' lang='lat' dir='ltr'><strong>radios</strong></span> <span class='ocrx_word' id='word_1_590' title='bbox 2934 3287 3099 3341; x_wconf 90' lang='lat' dir='ltr'><strong>veluti</strong></span> <span class='ocrx_word' id='word_1_591' title='bbox 3127 3286 3402 3351; x_wconf 90' lang='lat' dir='ltr'><strong>emittant,</strong></span> <span class='ocrx_word' id='word_1_592' title='bbox 3424 3301 3564 3353; x_wconf 88' lang='lat' dir='ltr'><strong>quo-</strong></span> 
     </span>
    </p>
   </div>
   <div class='ocr_carea' id='block_1_75' title="bbox 1972 3375 3563 3455">
    <p class='ocr_par' dir='ltr' id='par_1_75' title="bbox 1972 3375 3563 3455">
     <span class='ocr_line' id='line_1_75' title="bbox 1972 3375 3563 3455; baseline -0.007 -14"><span class='ocrx_word' id='word_1_593' title='bbox 1972 3403 2092 3441; x_wconf 85' lang='lat' dir='ltr'><strong>rum</strong></span> <span class='ocrx_word' id='word_1_594' title='bbox 2133 3385 2428 3455; x_wconf 85' lang='lat' dir='ltr'><strong>splendore</strong></span> <span class='ocrx_word' id='word_1_595' title='bbox 2459 3381 2752 3437; x_wconf 89' lang='lat' dir='ltr'><strong>illuminati</strong></span> <span class='ocrx_word' id='word_1_596' title='bbox 2784 3380 3200 3451; x_wconf 88' lang='lat' dir='ltr'><strong>perspiciamus,</strong></span> <span class='ocrx_word' id='word_1_597' title='bbox 3248 3378 3315 3431; x_wconf 89' lang='lat' dir='ltr'><strong>de</strong></span> <span class='ocrx_word' id='word_1_598' title='bbox 3348 3375 3440 3431; x_wconf 91' lang='lat' dir='ltr'><strong>Dei</strong></span> <span class='ocrx_word' id='word_1_599' title='bbox 3472 3375 3563 3430; x_wconf 88' lang='lat' dir='ltr'><strong>ln-</strong></span> 
     </span>
    </p>
   </div>
   <div class='ocr_carea' id='block_1_76' title="bbox 1973 3469 3562 3539">
    <p class='ocr_par' dir='ltr' id='par_1_76' title="bbox 1973 3469 3562 3539">
     <span class='ocr_line' id='line_1_76' title="bbox 1973 3469 3562 3539; baseline -0.008 -6"><span class='ocrx_word' id='word_1_600' title='bbox 1973 3479 2290 3533; x_wconf 89' lang='lat' dir='ltr'><strong>carnatione</strong></span> <span class='ocrx_word' id='word_1_601' title='bbox 2320 3489 2632 3531; x_wconf 89' lang='lat' dir='ltr'><strong>sermonem</strong></span> <span class='ocrx_word' id='word_1_602' title='bbox 2658 3471 2745 3527; x_wconf 89' lang='lat' dir='ltr'><strong>hic</strong></span> <span class='ocrx_word' id='word_1_603' title='bbox 2773 3472 2962 3526; x_wconf 90' lang='lat' dir='ltr'><strong>haberi</strong></span> <span class='ocrx_word' id='word_1_604' title='bbox 2995 3488 3011 3538; x_wconf 89' lang='lat'><strong>;</strong></span> <span class='ocrx_word' id='word_1_605' title='bbox 3051 3486 3176 3525; x_wconf 89' lang='lat' dir='ltr'><strong>nam</strong></span> <span class='ocrx_word' id='word_1_606' title='bbox 3207 3469 3358 3539; x_wconf 89' lang='lat' dir='ltr'><strong>prius</strong></span> <span class='ocrx_word' id='word_1_607' title='bbox 3385 3469 3562 3536; x_wconf 91' lang='lat' dir='ltr'><strong>ipsum</strong></span> 
     </span>
    </p>
   </div>
   <div class='ocr_carea' id='block_1_77' title="bbox 1971 3559 3563 3634">
    <p class='ocr_par' dir='ltr' id='par_1_77' title="bbox 1971 3559 3563 3634">
     <span class='ocr_line' id='line_1_77' title="bbox 1971 3559 3563 3634; baseline -0.007 -11"><span class='ocrx_word' id='word_1_608' title='bbox 1971 3571 2049 3623; x_wconf 89' lang='lat' dir='ltr'><strong>ait</strong></span> <span class='ocrx_word' id='word_1_609' title='bbox 2079 3583 2199 3624; x_wconf 88' lang='lat' dir='ltr'><strong>esse</strong></span> <span class='ocrx_word' id='word_1_610' title='bbox 2224 3566 2445 3632; x_wconf 88' lang='lat' dir='ltr'><strong>Filium,</strong></span> <span class='ocrx_word' id='word_1_611' title='bbox 2468 3575 2525 3621; x_wconf 91' lang='lat' dir='ltr'><strong>et</strong></span> <span class='ocrx_word' id='word_1_612' title='bbox 2553 3564 2850 3634; x_wconf 77' lang='lat' dir='ltr'><strong>imaginem</strong></span> <span class='ocrx_word' id='word_1_613' title='bbox 2888 3562 3005 3626; x_wconf 88' lang='lat' dir='ltr'><strong>Dei,</strong></span> <span class='ocrx_word' id='word_1_614' title='bbox 3040 3578 3103 3617; x_wconf 86' lang='lat' dir='ltr'><strong>ac</strong></span> <span class='ocrx_word' id='word_1_615' title='bbox 3136 3572 3323 3630; x_wconf 89' lang='lat' dir='ltr'><strong>postea</strong></span> <span class='ocrx_word' id='word_1_616' title='bbox 3353 3559 3563 3628; x_wconf 91' lang='lat' dir='ltr'><strong>primo-</strong></span> 
     </span>
    </p>
   </div>
   <div class='ocr_carea' id='block_1_78' title="bbox 1973 3653 3566 3730">
    <p class='ocr_par' dir='ltr' id='par_1_78' title="bbox 1973 3653 3566 3730">
     <span class='ocr_line' id='line_1_78' title="bbox 1973 3653 3566 3730; baseline -0.006 -15"><span class='ocrx_word' id='word_1_617' title='bbox 1973 3660 2237 3730; x_wconf 77' lang='lat' dir='ltr'><strong>genitum,</strong></span> <span class='ocrx_word' id='word_1_618' title='bbox 2275 3668 2332 3714; x_wconf 91' lang='lat' dir='ltr'><strong>et</strong></span> <span class='ocrx_word' id='word_1_619' title='bbox 2374 3666 2537 3727; x_wconf 88' lang='lat' dir='ltr'><strong>caput</strong></span> <span class='ocrx_word' id='word_1_620' title='bbox 2586 3657 2830 3725; x_wconf 87' lang='lat' dir='ltr'><strong>corporis</strong></span> <span class='ocrx_word' id='word_1_621' title='bbox 2879 3653 3157 3717; x_wconf 64' lang='lat' dir='ltr'><strong>Ecclesiae,</strong></span> <span class='ocrx_word' id='word_1_622' title='bbox 3194 3663 3250 3707; x_wconf 91' lang='lat' dir='ltr'><strong>et</strong></span> <span class='ocrx_word' id='word_1_623' title='bbox 3296 3653 3566 3721; x_wconf 83' lang='lat' dir='ltr'><strong>primoge-</strong></span> 
     </span>
    </p>
   </div>
   <div class='ocr_carea' id='block_1_79' title="bbox 1973 3742 3561 3815">
    <p class='ocr_par' dir='ltr' id='par_1_79' title="bbox 1973 3742 3561 3815">
     <span class='ocr_line' id='line_1_79' title="bbox 1973 3742 3561 3815; baseline -0.006 -11"><span class='ocrx_word' id='word_1_624' title='bbox 1973 3752 2148 3805; x_wconf 89' lang='lat' dir='ltr'><strong>nitum</strong></span> <span class='ocrx_word' id='word_1_625' title='bbox 2171 3764 2237 3804; x_wconf 85' lang='lat' dir='ltr'><strong>ex</strong></span> <span class='ocrx_word' id='word_1_626' title='bbox 2286 3747 2543 3809; x_wconf 83' lang='lat' dir='ltr'><strong>mortuis,</strong></span> <span class='ocrx_word' id='word_1_627' title='bbox 2575 3746 2666 3815; x_wconf 92' lang='lat' dir='ltr'><strong>qui</strong></span> <span class='ocrx_word' id='word_1_628' title='bbox 2714 3760 2811 3815; x_wconf 90' lang='lat' dir='ltr'><strong>per</strong></span> <span class='ocrx_word' id='word_1_629' title='bbox 2846 3744 3168 3814; x_wconf 83' lang='lat' dir='ltr'><strong>sanguinem</strong></span> <span class='ocrx_word' id='word_1_630' title='bbox 3218 3742 3398 3797; x_wconf 89' lang='lat' dir='ltr'><strong>crucis</strong></span> <span class='ocrx_word' id='word_1_631' title='bbox 3446 3755 3561 3794; x_wconf 64' lang='lat' dir='ltr'><strong>sua:</strong></span> 
     </span>
    </p>
   </div>
   <div class='ocr_carea' id='block_1_80' title="bbox 1972 3832 3557 3909">
    <p class='ocr_par' dir='ltr' id='par_1_80' title="bbox 1972 3832 3557 3909">
     <span class='ocr_line' id='line_1_80' title="bbox 1972 3832 3557 3909; baseline -0.005 -14"><span class='ocrx_word' id='word_1_632' title='bbox 1972 3842 2206 3898; x_wconf 87' lang='lat' dir='ltr'><strong>visibilia</strong></span> <span class='ocrx_word' id='word_1_633' title='bbox 2234 3850 2288 3896; x_wconf 85' lang='lat' dir='ltr'><strong>et</strong></span> <span class='ocrx_word' id='word_1_634' title='bbox 2348 3838 2640 3896; x_wconf 88' lang='lat' dir='ltr'><strong>invisibilia</strong></span> <span class='ocrx_word' id='word_1_635' title='bbox 2671 3837 3060 3909; x_wconf 80' lang='lat' dir='ltr'><strong>paciﬁcaverit,</strong></span> <span class='ocrx_word' id='word_1_636' title='bbox 3089 3845 3145 3890; x_wconf 92' lang='lat' dir='ltr'><strong>et</strong></span> <span class='ocrx_word' id='word_1_637' title='bbox 3179 3848 3396 3890; x_wconf 87' lang='lat' dir='ltr'><strong>omnem</strong></span> <span class='ocrx_word' id='word_1_638' title='bbox 3441 3832 3557 3904; x_wconf 86' lang='lat' dir='ltr'><strong>pie-</strong></span> 
     </span>
    </p>
   </div>
   <div class='ocr_carea' id='block_1_81' title="bbox 1974 3927 3564 3997">
    <p class='ocr_par' dir='ltr' id='par_1_81' title="bbox 1974 3927 3564 3997">
     <span class='ocr_line' id='line_1_81' title="bbox 1974 3927 3564 3997; baseline -0.006 -7"><span class='ocrx_word' id='word_1_639' title='bbox 1974 3935 2279 3990; x_wconf 89' lang='lat' dir='ltr'><strong>nitudinem</strong></span> <span class='ocrx_word' id='word_1_640' title='bbox 2311 3933 2537 3988; x_wconf 90' lang='lat' dir='ltr'><strong>sortitus</strong></span> <span class='ocrx_word' id='word_1_641' title='bbox 2565 3931 2636 3986; x_wconf 89' lang='lat' dir='ltr'><strong>sit</strong></span> <span class='ocrx_word' id='word_1_642' title='bbox 2680 3930 2825 3984; x_wconf 90' lang='lat' dir='ltr'><strong>illius</strong></span> <span class='ocrx_word' id='word_1_643' title='bbox 2853 3929 3096 3994; x_wconf 89' lang='lat' dir='ltr'><strong>deitatis,</strong></span> <span class='ocrx_word' id='word_1_644' title='bbox 3138 3943 3259 3997; x_wconf 70' lang='lat' dir='ltr'><strong>quae</strong></span> <span class='ocrx_word' id='word_1_645' title='bbox 3310 3927 3564 3995; x_wconf 90' lang='lat' dir='ltr'><strong>incorpo-</strong></span> 
     </span>
    </p>
   </div>
   <div class='ocr_carea' id='block_1_82' title="bbox 1948 4017 3563 4092">
    <p class='ocr_par' dir='ltr' id='par_1_82' title="bbox 1948 4017 3563 4092">
     <span class='ocr_line' id='line_1_82' title="bbox 1948 4017 3563 4092; baseline -0.008 -10"><span class='ocrx_word' id='word_1_646' title='bbox 1948 4028 2106 4082; x_wconf 41' lang='lat' dir='ltr'><strong>vralia</strong></span> <span class='ocrx_word' id='word_1_647' title='bbox 2169 4033 2224 4082; x_wconf 88' lang='lat' dir='ltr'><strong>et</strong></span> <span class='ocrx_word' id='word_1_648' title='bbox 2259 4025 2579 4088; x_wconf 88' lang='lat' dir='ltr'><strong>invisibilia,</strong></span> <span class='ocrx_word' id='word_1_649' title='bbox 2609 4023 2882 4079; x_wconf 89' lang='lat' dir='ltr'><strong>colorisve</strong></span> <span class='ocrx_word' id='word_1_650' title='bbox 2923 4021 3170 4092; x_wconf 83' lang='lat' dir='ltr'><strong>expertia</strong></span> <span class='ocrx_word' id='word_1_651' title='bbox 3203 4017 3563 4079; x_wconf 89' lang='lat' dir='ltr'><strong>transcendit,</strong></span> 
     </span>
    </p>
   </div>
   <div class='ocr_carea' id='block_1_83' title="bbox 1975 4114 3648 4188">
    <p class='ocr_par' dir='ltr' id='par_1_83' title="bbox 1975 4114 3648 4188">
     <span class='ocr_line' id='line_1_83' title="bbox 1975 4114 3648 4188; baseline -0.006 -13"><span class='ocrx_word' id='word_1_652' title='bbox 1975 4135 2040 4175; x_wconf 87' lang='lat' dir='ltr'><strong>ac</strong></span> <span class='ocrx_word' id='word_1_653' title='bbox 2093 4118 2213 4188; x_wconf 89' lang='lat' dir='ltr'><strong>plus</strong></span> <span class='ocrx_word' id='word_1_654' title='bbox 2253 4133 2417 4188; x_wconf 89' lang='lat' dir='ltr'><strong>quam</strong></span> <span class='ocrx_word' id='word_1_655' title='bbox 2468 4114 3034 4186; x_wconf 86' lang='lat' dir='ltr'><strong>incomprehensibilis</strong></span> <span class='ocrx_word' id='word_1_656' title='bbox 3074 4122 3206 4179; x_wconf 90' lang='lat' dir='ltr'><strong>est;</strong></span> <span class='ocrx_word' id='word_1_657' title='bbox 3254 4119 3314 4163; x_wconf 84' lang='lat' dir='ltr'><strong>ut</strong></span> <span class='ocrx_word' id='word_1_658' title='bbox 3356 4124 3422 4162; x_wconf 92' lang='lat' dir='ltr'><strong>eo</strong></span> <span class='ocrx_word' id='word_1_659' title='bbox 3453 4124 3564 4178; x_wconf 92' lang='lat' dir='ltr'><strong>quo</strong></span> <span class='ocrx_word' id='word_1_660' title='bbox 3636 4154 3648 4165; x_wconf 90' lang='lat'><strong>.</strong></span> 
     </span>
    </p>
   </div>
   <div class='ocr_carea' id='block_1_84' title="bbox 1975 4198 3563 4280">
    <p class='ocr_par' dir='ltr' id='par_1_84' title="bbox 1975 4198 3563 4280">
     <span class='ocr_line' id='line_1_84' title="bbox 1975 4198 3563 4280; baseline -0.009 -17"><span class='ocrx_word' id='word_1_661' title='bbox 1975 4225 2073 4280; x_wconf 87' lang='lat' dir='ltr'><strong>par</strong></span> <span class='ocrx_word' id='word_1_662' title='bbox 2100 4219 2184 4263; x_wconf 89' lang='lat' dir='ltr'><strong>est</strong></span> <span class='ocrx_word' id='word_1_663' title='bbox 2213 4208 2374 4261; x_wconf 89' lang='lat' dir='ltr'><strong>modo</strong></span> <span class='ocrx_word' id='word_1_664' title='bbox 2420 4207 2736 4268; x_wconf 90' lang='lat' dir='ltr'><strong>sentientes,</strong></span> <span class='ocrx_word' id='word_1_665' title='bbox 2788 4204 3243 4274; x_wconf 82' lang='lat' dir='ltr'><strong>qualitercunque</strong></span> <span class='ocrx_word' id='word_1_666' title='bbox 3285 4198 3563 4268; x_wconf 84' lang='lat' dir='ltr'><strong>intelliga-</strong></span> 
     </span>
    </p>
   </div>
   <div class='ocr_carea' id='block_1_85' title="bbox 1979 4293 3565 4370">
    <p class='ocr_par' dir='ltr' id='par_1_85' title="bbox 1979 4293 3565 4370">
     <span class='ocr_line' id='line_1_85' title="bbox 1979 4293 3565 4370; baseline -0.008 -13"><span class='ocrx_word' id='word_1_667' title='bbox 1979 4319 2098 4358; x_wconf 89' lang='lat' dir='ltr'><strong>mus</strong></span> <span class='ocrx_word' id='word_1_668' title='bbox 2129 4316 2251 4357; x_wconf 90' lang='lat' dir='ltr'><strong>cum</strong></span> <span class='ocrx_word' id='word_1_669' title='bbox 2276 4299 2610 4370; x_wconf 82' lang='lat' dir='ltr'><strong>asyncritam</strong></span> <span class='ocrx_word' id='word_1_670' title='bbox 2639 4297 2765 4369; x_wconf 88' lang='lat' dir='ltr'><strong>(hnc</strong></span> <span class='ocrx_word' id='word_1_671' title='bbox 2796 4308 2880 4351; x_wconf 88' lang='lat' dir='ltr'><strong>est</strong></span> <span class='ocrx_word' id='word_1_672' title='bbox 2910 4293 3414 4364; x_wconf 77' lang='lat' dir='ltr'><strong>incomparabilem)</strong></span> <span class='ocrx_word' id='word_1_673' title='bbox 3443 4305 3565 4346; x_wconf 88' lang='lat' dir='ltr'><strong>esse</strong></span> 
     </span>
    </p>
   </div>
   <div class='ocr_carea' id='block_1_86' title="bbox 279 4383 1869 4463">
    <p class='ocr_par' dir='ltr' id='par_1_86' title="bbox 279 4391 1869 4459">
     <span class='ocr_line' id='line_1_86' title="bbox 279 4391 1869 4459; baseline -0.001 -12"><span class='ocrx_word' id='word_1_674' title='bbox 279 4393 385 4447; x_wconf 88' lang='grc' dir='ltr'>τοῦ·</span> <span class='ocrx_word' id='word_1_675' title='bbox 402 4394 496 4447; x_wconf 87' lang='lat' dir='ltr'><strong>xui</strong></span> <span class='ocrx_word' id='word_1_676' title='bbox 536 4395 617 4458; x_wconf 87' lang='grc' dir='ltr'><strong>εἰς</strong></span> <span class='ocrx_word' id='word_1_677' title='bbox 638 4394 799 4448; x_wconf 82' lang='grc' dir='ltr'>αὐτὸν</span> <span class='ocrx_word' id='word_1_678' title='bbox 831 4393 1009 4448; x_wconf 83' lang='grc' dir='ltr'>πάντα</span> <span class='ocrx_word' id='word_1_679' title='bbox 1052 4391 1396 4459; x_wconf 84' lang='grc' dir='ltr'>συνεστάναι,</span> <span class='ocrx_word' id='word_1_680' title='bbox 1434 4394 1528 4446; x_wconf 90' lang='lat' dir='ltr'><strong>xui</strong></span> <span class='ocrx_word' id='word_1_681' title='bbox 1560 4392 1869 4447; x_wconf 86' lang='grc' dir='ltr'>καταλλάσ-</span> 
     </span>
    </p>
   </div>
   <div class='ocr_carea' id='block_1_87' title="bbox 1976 4383 3562 4463">
    <p class='ocr_par' dir='ltr' id='par_1_87' title="bbox 1977 4383 3562 4463">
     <span class='ocr_line' id='line_1_87' title="bbox 1977 4383 3562 4463; baseline -0.011 -11"><span class='ocrx_word' id='word_1_682' title='bbox 1977 4405 2250 4460; x_wconf 86' lang='lat' dir='ltr'><strong>naturam,</strong></span> <span class='ocrx_word' id='word_1_683' title='bbox 2289 4410 2453 4463; x_wconf 84' lang='lat' dir='ltr'><strong>quam</strong></span> <span class='ocrx_word' id='word_1_684' title='bbox 2490 4408 2555 4447; x_wconf 83' lang='lat' dir='ltr'><strong>ex</strong></span> <span class='ocrx_word' id='word_1_685' title='bbox 2594 4392 2704 4446; x_wconf 87' lang='lat' dir='ltr'><strong>Deo</strong></span> <span class='ocrx_word' id='word_1_686' title='bbox 2736 4389 2921 4455; x_wconf 89' lang='lat' dir='ltr'><strong>Patre,</strong></span> <span class='ocrx_word' id='word_1_687' title='bbox 2948 4399 3002 4443; x_wconf 92' lang='lat' dir='ltr'><strong>et</strong></span> <span class='ocrx_word' id='word_1_688' title='bbox 3032 4389 3172 4458; x_wconf 84' lang='lat' dir='ltr'><strong>apud</strong></span> <span class='ocrx_word' id='word_1_689' title='bbox 3198 4387 3347 4440; x_wconf 89' lang='lat' dir='ltr'><strong>illum</strong></span> <span class='ocrx_word' id='word_1_690' title='bbox 3379 4383 3562 4446; x_wconf 87' lang='lat' dir='ltr'><strong>habet,</strong></span> 
     </span>
    </p>
   </div>
   <div class='ocr_carea' id='block_1_88' title="bbox 281 4482 1866 4557">
    <p class='ocr_par' dir='ltr' id='par_1_88' title="bbox 281 4482 1866 4557">
     <span class='ocr_line' id='line_1_88' title="bbox 281 4482 1866 4557; baseline 0 -21"><span class='ocrx_word' id='word_1_691' title='bbox 281 4482 489 4547; x_wconf 85' lang='grc' dir='ltr'>σεσθαι,</span> <span class='ocrx_word' id='word_1_692' title='bbox 541 4484 634 4537; x_wconf 89' lang='lat' dir='ltr'><strong>xui</strong></span> <span class='ocrx_word' id='word_1_693' title='bbox 661 4482 1139 4556; x_wconf 87' lang='grc' dir='ltr'>εἰρηνοποιεῖσθαι,</span> <span class='ocrx_word' id='word_1_694' title='bbox 1179 4485 1229 4536; x_wconf 89' lang='grc' dir='ltr'><strong>εἰ</strong></span> <span class='ocrx_word' id='word_1_695' title='bbox 1271 4485 1347 4556; x_wconf 82' lang='grc' dir='ltr'>μὴ</span> <span class='ocrx_word' id='word_1_696' title='bbox 1376 4483 1435 4537; x_wconf 83' lang='grc' dir='ltr'><strong>τὸ</strong></span> <span class='ocrx_word' id='word_1_697' title='bbox 1460 4482 1550 4536; x_wconf 82' lang='grc' dir='ltr'><strong>διὰ</strong></span> <span class='ocrx_word' id='word_1_698' title='bbox 1584 4484 1682 4554; x_wconf 86' lang='grc' dir='ltr'><strong>τῆς</strong></span> <span class='ocrx_word' id='word_1_699' title='bbox 1706 4484 1866 4557; x_wconf 86' lang='grc' dir='ltr'>ἀτρέ-</span> 
     </span>
    </p>
   </div>
   <div class='ocr_carea' id='block_1_89' title="bbox 278 4575 1865 4648">
    <p class='ocr_par' dir='ltr' id='par_1_89' title="bbox 278 4575 1865 4648">
     <span class='ocr_line' id='line_1_89' title="bbox 278 4575 1865 4648; baseline -0.002 -16"><span class='ocrx_word' id='word_1_700' title='bbox 278 4590 414 4632; x_wconf 68' lang='grc' dir='ltr'>πτου</span> <span class='ocrx_word' id='word_1_701' title='bbox 469 4575 560 4628; x_wconf 90' lang='lat' dir='ltr'><strong>xui</strong></span> <span class='ocrx_word' id='word_1_702' title='bbox 591 4575 977 4647; x_wconf 86' lang='grc' dir='ltr'>ἀναμαρτήτου</span> <span class='ocrx_word' id='word_1_703' title='bbox 1009 4576 1076 4629; x_wconf 85' lang='grc' dir='ltr'><strong>δι’</strong></span> <span class='ocrx_word' id='word_1_704' title='bbox 1111 4578 1260 4648; x_wconf 69' lang='grc' dir='ltr'>ἡμᾶς</span> <span class='ocrx_word' id='word_1_705' title='bbox 1300 4575 1395 4630; x_wconf 86' lang='lat' dir='ltr'><strong>xui</strong></span> <span class='ocrx_word' id='word_1_706' title='bbox 1417 4576 1559 4648; x_wconf 78' lang='grc' dir='ltr'>ὑπὲρ</span> <span class='ocrx_word' id='word_1_707' title='bbox 1589 4575 1747 4647; x_wconf 81' lang='grc' dir='ltr'>ἡμῶν</span> <span class='ocrx_word' id='word_1_708' title='bbox 1776 4579 1865 4629; x_wconf 84' lang='grc' dir='ltr'>ἐν-</span> 
     </span>
    </p>
   </div>
   <div class='ocr_carea' id='block_1_90' title="bbox 281 4665 1871 4741">
    <p class='ocr_par' dir='ltr' id='par_1_90' title="bbox 281 4665 1871 4741">
     <span class='ocr_line' id='line_1_90' title="bbox 281 4665 1871 4741; baseline 0.003 -23"><span class='ocrx_word' id='word_1_709' title='bbox 281 4665 682 4736; x_wconf 79' lang='grc' dir='ltr'>ανθρωπήσεως</span> <span class='ocrx_word' id='word_1_710' title='bbox 744 4667 909 4721; x_wconf 81' lang='grc' dir='ltr'>αὐτοῦ</span> <span class='ocrx_word' id='word_1_711' title='bbox 962 4668 1391 4740; x_wconf 79' lang='grc' dir='ltr'>ἐπιστρέφεσθαι</span> <span class='ocrx_word' id='word_1_712' title='bbox 1436 4671 1587 4738; x_wconf 76' lang='grc' dir='ltr'>ἡμᾶς</span> <span class='ocrx_word' id='word_1_713' title='bbox 1633 4669 1714 4732; x_wconf 87' lang='grc' dir='ltr'><strong>εἰς</strong></span> <span class='ocrx_word' id='word_1_714' title='bbox 1769 4669 1871 4741; x_wconf 83' lang='grc' dir='ltr'>τὴν</span> 
     </span>
    </p>
   </div>
   <div class='ocr_carea' id='block_1_91' title="bbox 283 4755 1868 4833">
    <p class='ocr_par' dir='ltr' id='par_1_91' title="bbox 283 4755 1868 4833">
     <span class='ocr_line' id='line_1_91' title="bbox 283 4755 1868 4833; baseline 0.004 -26"><span class='ocrx_word' id='word_1_715' title='bbox 283 4756 574 4822; x_wconf 84' lang='grc' dir='ltr'>ἐπίγνωσιν</span> <span class='ocrx_word' id='word_1_716' title='bbox 605 4755 707 4825; x_wconf 80' lang='grc' dir='ltr'><strong>τῆς</strong></span> <span class='ocrx_word' id='word_1_717' title='bbox 730 4757 987 4811; x_wconf 87' lang='grc' dir='ltr'>άκτίστου</span> <span class='ocrx_word' id='word_1_718' title='bbox 1027 4757 1281 4829; x_wconf 84' lang='grc' dir='ltr'>θεότητος</span> <span class='ocrx_word' id='word_1_719' title='bbox 1314 4758 1517 4826; x_wconf 83' lang='grc' dir='ltr'>αὑτοῦ;</span> <span class='ocrx_word' id='word_1_720' title='bbox 1561 4759 1868 4833; x_wconf 84' lang='grc' dir='ltr'>Ἀνείρηται</span> 
     </span>
    </p>
   </div>
   <div class='ocr_carea' id='block_1_92' title="bbox 282 4842 1868 4925">
    <p class='ocr_par' dir='ltr' id='par_1_92' title="bbox 282 4842 1868 4925">
     <span class='ocr_line' id='line_1_92' title="bbox 282 4842 1868 4925; baseline 0.005 -27"><span class='ocrx_word' id='word_1_721' title='bbox 282 4842 373 4898; x_wconf 77' lang='grc' dir='ltr'><strong>οὖν</strong></span> <span class='ocrx_word' id='word_1_722' title='bbox 393 4848 704 4920; x_wconf 84' lang='grc' dir='ltr'>Μονογενὴς</span> <span class='ocrx_word' id='word_1_723' title='bbox 729 4849 849 4920; x_wconf 87' lang='grc' dir='ltr'>μὲν,</span> <span class='ocrx_word' id='word_1_724' title='bbox 901 4849 997 4903; x_wconf 81' lang='grc' dir='ltr'>ἃτε</span> <span class='ocrx_word' id='word_1_725' title='bbox 1036 4851 1139 4906; x_wconf 84' lang='grc' dir='ltr'><strong>οὐκ</strong></span> <span class='ocrx_word' id='word_1_726' title='bbox 1169 4850 1307 4922; x_wconf 75' lang='grc' dir='ltr'>ἔχων</span> <span class='ocrx_word' id='word_1_727' title='bbox 1338 4851 1480 4905; x_wconf 85' lang='grc' dir='ltr'>κατὰ</span> <span class='ocrx_word' id='word_1_728' title='bbox 1504 4851 1602 4923; x_wconf 82' lang='grc' dir='ltr'><strong>τήν</strong></span> <span class='ocrx_word' id='word_1_729' title='bbox 1630 4852 1743 4906; x_wconf 84' lang='grc' dir='ltr'><strong>ἀνω</strong></span> <span class='ocrx_word' id='word_1_730' title='bbox 1768 4852 1868 4925; x_wconf 81' lang='grc' dir='ltr'><strong>ἆρ-</strong></span> 
     </span>
    </p>
   </div>
   <div class='ocr_carea' id='block_1_93' title="bbox 283 4938 1872 5015">
    <p class='ocr_par' dir='ltr' id='par_1_93' title="bbox 283 4938 1872 5015">
     <span class='ocr_line' id='line_1_93' title="bbox 283 4938 1872 5015; baseline 0.007 -26"><span class='ocrx_word' id='word_1_731' title='bbox 283 4939 503 5009; x_wconf 83' lang='grc' dir='ltr'>ῥευστον</span> <span class='ocrx_word' id='word_1_732' title='bbox 527 4938 782 5011; x_wconf 81' lang='grc' dir='ltr'>γέννησιν</span> <span class='ocrx_word' id='word_1_733' title='bbox 809 4941 998 5014; x_wconf 73' lang='grc' dir='ltr'>ἕτερον</span> <span class='ocrx_word' id='word_1_734' title='bbox 1015 4946 1147 5015; x_wconf 88' lang='grc' dir='ltr'>παρ’</span> <span class='ocrx_word' id='word_1_735' title='bbox 1169 4944 1332 4999; x_wconf 84' lang='grc' dir='ltr'>αὑτὸν</span> <span class='ocrx_word' id='word_1_736' title='bbox 1361 4944 1506 4999; x_wconf 84' lang='grc' dir='ltr'><strong>κατά</strong></span> <span class='ocrx_word' id='word_1_737' title='bbox 1534 4945 1696 5014; x_wconf 85' lang='grc' dir='ltr'>φύσιν</span> <span class='ocrx_word' id='word_1_738' title='bbox 1722 4946 1872 5001; x_wconf 84' lang='grc' dir='ltr'>ἀδελ-</span> 
     </span>
    </p>
   </div>
   <div class='ocr_carea' id='block_1_94' title="bbox 355 5184 1872 5261">
    <p class='ocr_par' dir='ltr' id='par_1_94' title="bbox 355 5184 1872 5261">
     <span class='ocr_line' id='line_1_94' title="bbox 355 5184 1872 5261; baseline 0.003 -21"><span class='ocrx_word' id='word_1_739' title='bbox 355 5184 862 5261; x_wconf 26' lang='grc' dir='ltr'>(ίξθίΤοιυηιῌΙιιιησ</span> <span class='ocrx_word' id='word_1_740' title='bbox 890 5188 1221 5261; x_wconf 83' lang='lat' dir='ltr'><strong>locum,etc.</strong></span> <span class='ocrx_word' id='word_1_741' title='bbox 1248 5189 1426 5261; x_wconf 89' lang='lat' dir='ltr'><strong>Simili</strong></span> <span class='ocrx_word' id='word_1_742' title='bbox 1489 5189 1648 5261; x_wconf 72' lang='lat' dir='ltr'><strong>modo</strong></span> <span class='ocrx_word' id='word_1_743' title='bbox 1674 5205 1745 5261; x_wconf 77' lang='lat' dir='ltr'><strong>se</strong></span> <span class='ocrx_word' id='word_1_744' title='bbox 1778 5204 1872 5261; x_wconf 84' lang='lat' dir='ltr'><strong>ge-</strong></span> 
     </span>
    </p>
   </div>
   <div class='ocr_carea' id='block_1_95' title="bbox 281 5255 1868 5332">
    <p class='ocr_par' dir='ltr' id='par_1_95' title="bbox 281 5255 1868 5332">
     <span class='ocr_line' id='line_1_95' title="bbox 281 5255 1868 5332; baseline 0.005 -25"><span class='ocrx_word' id='word_1_745' title='bbox 281 5255 352 5308; x_wconf 91' lang='lat' dir='ltr'><strong>rit</strong></span> <span class='ocrx_word' id='word_1_746' title='bbox 390 5257 649 5327; x_wconf 84' lang='lat' dir='ltr'><strong>Didymus</strong></span> <span class='ocrx_word' id='word_1_747' title='bbox 683 5258 1022 5332; x_wconf 65' lang='lat' dir='ltr'><strong>scripturam</strong></span> <span class='ocrx_word' id='word_1_748' title='bbox 1057 5260 1231 5332; x_wconf 76' lang='lat' dir='ltr'><strong>citatis</strong></span> <span class='ocrx_word' id='word_1_749' title='bbox 1269 5261 1323 5315; x_wconf 91' lang='lat' dir='ltr'><strong>in</strong></span> <span class='ocrx_word' id='word_1_750' title='bbox 1371 5260 1510 5315; x_wconf 90' lang='lat' dir='ltr'><strong>libro</strong></span> <span class='ocrx_word' id='word_1_751' title='bbox 1550 5259 1631 5315; x_wconf 86' lang='lat' dir='ltr'><strong>De</strong></span> <span class='ocrx_word' id='word_1_752' title='bbox 1658 5255 1868 5332; x_wconf 71' lang='lat' dir='ltr'><strong>Spiritu</strong></span> 
     </span>
    </p>
   </div>
   <div class='ocr_carea' id='block_1_96' title="bbox 279 5329 1296 5394">
    <p class='ocr_par' dir='ltr' id='par_1_96' title="bbox 279 5329 1296 5394">
     <span class='ocr_line' id='line_1_96' title="bbox 279 5329 1296 5394; baseline 0.005 -15"><span class='ocrx_word' id='word_1_753' title='bbox 279 5337 487 5390; x_wconf 77' lang='lat' dir='ltr'><strong>sancto,</strong></span> <span class='ocrx_word' id='word_1_754' title='bbox 524 5344 675 5383; x_wconf 89' lang='lat' dir='ltr'><strong>num.</strong></span> <span class='ocrx_word' id='word_1_755' title='bbox 709 5329 799 5392; x_wconf 70' lang='lat'><strong>10,</strong></span> <span class='ocrx_word' id='word_1_756' title='bbox 833 5330 924 5392; x_wconf 76' lang='lat'><strong>32,</strong></span> <span class='ocrx_word' id='word_1_757' title='bbox 960 5329 1050 5394; x_wconf 78' lang='grc'><strong>59,</strong></span> <span class='ocrx_word' id='word_1_758' title='bbox 1080 5329 1169 5390; x_wconf 75' lang='grc'><strong>45,</strong></span> <span class='ocrx_word' id='word_1_759' title='bbox 1190 5342 1296 5384; x_wconf 86' lang='lat' dir='ltr'><strong>etc.</strong></span> 
     </span>
    </p>
   </div>
   <div class='ocr_carea' id='block_1_97' title="bbox 279 5395 1871 5522">
    <p class='ocr_par' dir='ltr' id='par_1_97' title="bbox 279 5395 1871 5522">
     <span class='ocr_line' id='line_1_97' title="bbox 279 5395 1871 5522; baseline 0.003 -70"><span class='ocrx_word' id='word_1_760' title='bbox 279 5398 465 5522; x_wconf 59' lang='lat' dir='ltr'><strong>ad(33)</strong></span> <span class='ocrx_word' id='word_1_761' title='bbox 490 5395 731 5454; x_wconf 76' lang='lat' dir='ltr'><strong>Gratias.</strong></span> <span class='ocrx_word' id='word_1_762' title='bbox 772 5399 830 5455; x_wconf 93' lang='lat' dir='ltr'><strong>ln</strong></span> <span class='ocrx_word' id='word_1_763' title='bbox 853 5400 952 5469; x_wconf 86' lang='lat' dir='ltr'><strong>Ep.</strong></span> <span class='ocrx_word' id='word_1_764' title='bbox 983 5402 1050 5455; x_wconf 86' lang='lat' dir='ltr'><strong>ad</strong></span> <span class='ocrx_word' id='word_1_765' title='bbox 1075 5401 1284 5456; x_wconf 87' lang='lat' dir='ltr'><strong>Coloss.</strong></span> <span class='ocrx_word' id='word_1_766' title='bbox 1319 5417 1439 5473; x_wconf 88' lang='lat' dir='ltr'><strong>cap.</strong></span> <span class='ocrx_word' id='word_1_767' title='bbox 1472 5418 1513 5471; x_wconf 89' lang='lat' dir='ltr'><strong>t,</strong></span> <span class='ocrx_word' id='word_1_768' title='bbox 1549 5418 1580 5457; x_wconf 88' lang='lat' dir='ltr'><strong>a</strong></span> <span class='ocrx_word' id='word_1_769' title='bbox 1620 5416 1764 5458; x_wconf 87' lang='lat' dir='ltr'><strong>vers.</strong></span> <span class='ocrx_word' id='word_1_770' title='bbox 1802 5401 1871 5456; x_wconf 76' lang='grc'><strong>12</strong></span> 
     </span>
    </p>
   </div>
   <div class='ocr_carea' id='block_1_98' title="bbox 352 5538 1870 5613">
    <p class='ocr_par' dir='ltr' id='par_1_98' title="bbox 352 5538 1870 5613">
     <span class='ocr_line' id='line_1_98' title="bbox 352 5538 1870 5613; baseline 0.003 -22"><span class='ocrx_word' id='word_1_771' title='bbox 352 5538 466 5613; x_wconf 79' lang='lat'><strong>(70)</strong></span> <span class='ocrx_word' id='word_1_772' title='bbox 497 5539 609 5613; x_wconf 68' lang='lat' dir='ltr'><strong>Deo</strong></span> <span class='ocrx_word' id='word_1_773' title='bbox 641 5550 691 5595; x_wconf 81' lang='lat' dir='ltr'><strong>et</strong></span> <span class='ocrx_word' id='word_1_774' title='bbox 712 5540 891 5613; x_wconf 85' lang='lat' dir='ltr'><strong>_Patri.</strong></span> <span class='ocrx_word' id='word_1_775' title='bbox 906 5541 1104 5613; x_wconf 62' lang='lat' dir='ltr'><strong>graeca</strong></span> <span class='ocrx_word' id='word_1_776' title='bbox 1132 5542 1300 5597; x_wconf 89' lang='lat' dir='ltr'><strong>editio</strong></span> <span class='ocrx_word' id='word_1_777' title='bbox 1337 5542 1503 5598; x_wconf 90' lang='lat' dir='ltr'><strong>habet</strong></span> <span class='ocrx_word' id='word_1_778' title='bbox 1555 5552 1761 5597; x_wconf 89' lang='lat' dir='ltr'><strong>tantum</strong></span> <span class='ocrx_word' id='word_1_779' title='bbox 1791 5540 1870 5613; x_wconf 85' lang='grc' dir='ltr'>τῷ</span> 
     </span>
    </p>
   </div>
   <div class='ocr_carea' id='block_1_99' title="bbox 280 5587 1869 5733">
    <p class='ocr_par' dir='ltr' id='par_1_99' title="bbox 280 5587 1869 5733">
     <span class='ocr_line' id='line_1_99' title="bbox 280 5587 1869 5733; baseline 0.004 -71"><span class='ocrx_word' id='word_1_780' title='bbox 497 5587 571 5664; x_wconf 67' lang='lat' dir='ltr'><strong>id</strong></span> <span class='ocrx_word' id='word_1_781' title='bbox 582 5587 689 5666; x_wconf 61' lang='grc' dir='ltr'><strong>ἐιἑὶ</strong></span> <span class='ocrx_word' id='word_1_782' title='bbox 709 5587 891 5666; x_wconf 50' lang='lat' dir='ltr'><strong>sua?</strong></span> <span class='ocrx_word' id='word_1_783' title='bbox 906 5587 1327 5683; x_wconf 46' lang='lat' dir='ltr'><strong>vagasita</strong></span> <span class='ocrx_word' id='word_1_784' title='bbox 1339 5587 1761 5684; x_wconf 67' lang='grc' dir='ltr'><strong>’ἓῦἷῗῑεεξῖι”ἰῖί”</strong></span> <span class='ocrx_word' id='word_1_785' title='bbox 1775 5587 1869 5669; x_wconf 61' lang='lat' dir='ltr'><strong>Di:</strong></span> 
     </span>
    </p>
   </div>
   <div class='ocr_carea' id='block_1_100' title="bbox 318 5692 1865 5825">
    <p class='ocr_par' dir='ltr' id='par_1_100' title="bbox 318 5692 1865 5825">
     <span class='ocr_line' id='line_1_100' title="bbox 318 5692 1865 5825; baseline 0.005 -24"><span class='ocrx_word' id='word_1_786' title='bbox 318 5692 604 5819; x_wconf 53' lang='grc' dir='ltr'><strong>Ϊξῑῖῖἷᾯιιὶ</strong></span> <span class='ocrx_word' id='word_1_787' title='bbox 634 5754 865 5825; x_wconf 57' lang='lat' dir='ltr'><strong>vocavit.</strong></span> <span class='ocrx_word' id='word_1_788' title='bbox 899 5752 1085 5810; x_wconf 64' lang='lat' dir='ltr'><strong>Graeca</strong></span> <span class='ocrx_word' id='word_1_789' title='bbox 1119 5756 1228 5818; x_wconf 88' lang='lat' dir='ltr'><strong>ed.,</strong></span> <span class='ocrx_word' id='word_1_790' title='bbox 1268 5753 1348 5825; x_wconf 80' lang='grc' dir='ltr'>τῷ</span> <span class='ocrx_word' id='word_1_791' title='bbox 1412 5748 1763 5820; x_wconf 80' lang='grc' dir='ltr'>ἱκανώσαντι,</span> <span class='ocrx_word' id='word_1_792' title='bbox 1812 5755 1865 5809; x_wconf 89' lang='lat' dir='ltr'><strong>id</strong></span> 
     </span>
    </p>
   </div>
   <div class='ocr_carea' id='block_1_101' title="bbox 283 5821 1860 5894">
    <p class='ocr_par' dir='ltr' id='par_1_101' title="bbox 283 5821 1860 5894">
     <span class='ocr_line' id='line_1_101' title="bbox 283 5821 1860 5894; baseline 0.002 -22"><span class='ocrx_word' id='word_1_793' title='bbox 283 5830 479 5894; x_wconf 32' lang='lat' dir='ltr'><strong>est‘,_n_t</strong></span> <span class='ocrx_word' id='word_1_794' title='bbox 504 5824 671 5894; x_wconf 66' lang='lat' dir='ltr'><strong>vertit</strong></span> <span class='ocrx_word' id='word_1_795' title='bbox 702 5821 862 5894; x_wconf 82' lang='lat' dir='ltr'><strong>Vulg.</strong></span> <span class='ocrx_word' id='word_1_796' title='bbox 901 5826 1168 5894; x_wconf 85' lang='lat' dir='ltr'><strong>interpres</strong></span> <span class='ocrx_word' id='word_1_797' title='bbox 1202 5841 1217 5881; x_wconf 89' lang='lat'><strong>:</strong></span> <span class='ocrx_word' id='word_1_798' title='bbox 1255 5844 1274 5876; x_wconf 79' lang='grc' dir='ltr'><strong>ι</strong></span> <span class='ocrx_word' id='word_1_799' title='bbox 1320 5821 1417 5893; x_wconf 74' lang='grc' dir='ltr'>ἰιιιί</span> <span class='ocrx_word' id='word_1_800' title='bbox 1443 5828 1632 5893; x_wconf 80' lang='lat' dir='ltr'><strong>dignos</strong></span> <span class='ocrx_word' id='word_1_801' title='bbox 1654 5827 1809 5881; x_wconf 77' lang='lat' dir='ltr'><strong>fecit&quot;.</strong></span> <span class='ocrx_word' id='word_1_802' title='bbox 1843 5844 1860 5875; x_wconf 74' lang='grc' dir='ltr'><strong>ι</strong></span> 
     </span>
    </p>
   </div>
   <div class='ocr_carea' id='block_1_102' title="bbox 357 5889 1872 5964">
    <p class='ocr_par' dir='ltr' id='par_1_102' title="bbox 357 5889 1872 5964">
     <span class='ocr_line' id='line_1_102' title="bbox 357 5889 1872 5964; baseline 0.003 -17"><span class='ocrx_word' id='word_1_803' title='bbox 357 5889 476 5964; x_wconf 67' lang='grc'><strong>(⁸12)</strong></span> <span class='ocrx_word' id='word_1_804' title='bbox 506 5889 850 5951; x_wconf 75' lang='grc' dir='ltr'>δαηειοηιηῐ.</span> <span class='ocrx_word' id='word_1_805' title='bbox 875 5889 1063 5953; x_wconf 70' lang='lat' dir='ltr'><strong>Graeca</strong></span> <span class='ocrx_word' id='word_1_806' title='bbox 1096 5893 1269 5952; x_wconf 87' lang='lat' dir='ltr'><strong>Biblia</strong></span> <span class='ocrx_word' id='word_1_807' title='bbox 1316 5889 1372 5953; x_wconf 78' lang='grc' dir='ltr'>εὶ</span> <span class='ocrx_word' id='word_1_808' title='bbox 1410 5889 1603 5952; x_wconf 63' lang='lat' dir='ltr'><strong>Latina</strong></span> <span class='ocrx_word' id='word_1_809' title='bbox 1656 5898 1741 5953; x_wconf 78' lang='lat' dir='ltr'><strong>hit:</strong></span> <span class='ocrx_word' id='word_1_810' title='bbox 1769 5900 1872 5954; x_wconf 65' lang='lat' dir='ltr'><strong>ath-</strong></span> 
     </span>
    </p>
   </div>
   <div class='ocr_carea' id='block_1_103' title="bbox 1976 4483 3564 4557">
    <p class='ocr_par' dir='ltr' id='par_1_103' title="bbox 1976 4483 3564 4557">
     <span class='ocr_line' id='line_1_103' title="bbox 1976 4483 3564 4557; baseline -0.009 -15"><span class='ocrx_word' id='word_1_811' title='bbox 1976 4498 2088 4542; x_wconf 91' lang='lat' dir='ltr'><strong>tum</strong></span> <span class='ocrx_word' id='word_1_812' title='bbox 2123 4485 2423 4557; x_wconf 82' lang='lat' dir='ltr'><strong>perfectam</strong></span> <span class='ocrx_word' id='word_1_813' title='bbox 2469 4485 2617 4539; x_wconf 87' lang='lat' dir='ltr'><strong>illam</strong></span> <span class='ocrx_word' id='word_1_814' title='bbox 2657 4483 3044 4546; x_wconf 74' lang='lat' dir='ltr'><strong>(economiam,</strong></span> <span class='ocrx_word' id='word_1_815' title='bbox 3082 4494 3186 4549; x_wconf 87' lang='lat' dir='ltr'><strong>qua</strong></span> <span class='ocrx_word' id='word_1_816' title='bbox 3237 4492 3456 4531; x_wconf 85' lang='lat' dir='ltr'><strong>carnem</strong></span> <span class='ocrx_word' id='word_1_817' title='bbox 3494 4491 3564 4529; x_wconf 73' lang='lat' dir='ltr'><strong>ex</strong></span> 
     </span>
    </p>
   </div>
   <div class='ocr_carea' id='block_1_104' title="bbox 1975 4571 3561 4649">
    <p class='ocr_par' dir='ltr' id='par_1_104' title="bbox 1975 4571 3561 4649">
     <span class='ocr_line' id='line_1_104' title="bbox 1975 4571 3561 4649; baseline -0.008 -17"><span class='ocrx_word' id='word_1_818' title='bbox 1975 4576 2221 4649; x_wconf 82' lang='lat' dir='ltr'><strong>Virgine,</strong></span> <span class='ocrx_word' id='word_1_819' title='bbox 2253 4587 2418 4646; x_wconf 90' lang='lat' dir='ltr'><strong>atque</strong></span> <span class='ocrx_word' id='word_1_820' title='bbox 2460 4577 2699 4629; x_wconf 88' lang='lat' dir='ltr'><strong>animam</strong></span> <span class='ocrx_word' id='word_1_821' title='bbox 2745 4575 2817 4628; x_wconf 89' lang='lat' dir='ltr'><strong>ita</strong></span> <span class='ocrx_word' id='word_1_822' title='bbox 2858 4571 3110 4640; x_wconf 89' lang='lat' dir='ltr'><strong>sumpsit,</strong></span> <span class='ocrx_word' id='word_1_823' title='bbox 3163 4576 3378 4625; x_wconf 87' lang='lat' dir='ltr'><strong>servata</strong></span> <span class='ocrx_word' id='word_1_824' title='bbox 3434 4581 3561 4635; x_wconf 89' lang='lat' dir='ltr'><strong>per-</strong></span> 
     </span>
    </p>
   </div>
   <div class='ocr_carea' id='block_1_105' title="bbox 1977 4661 3561 4737">
    <p class='ocr_par' dir='ltr' id='par_1_105' title="bbox 1977 4661 3561 4737">
     <span class='ocr_line' id='line_1_105' title="bbox 1977 4661 3561 4737; baseline -0.008 -12"><span class='ocrx_word' id='word_1_825' title='bbox 1977 4686 2124 4725; x_wconf 64' lang='lat' dir='ltr'><strong>sonae</strong></span> <span class='ocrx_word' id='word_1_826' title='bbox 2155 4672 2382 4734; x_wconf 90' lang='lat' dir='ltr'><strong>unitate,</strong></span> <span class='ocrx_word' id='word_1_827' title='bbox 2432 4677 2492 4722; x_wconf 91' lang='lat' dir='ltr'><strong>ut</strong></span> <span class='ocrx_word' id='word_1_828' title='bbox 2538 4668 2637 4737; x_wconf 91' lang='lat' dir='ltr'><strong>ipsi</strong></span> <span class='ocrx_word' id='word_1_829' title='bbox 2695 4667 2859 4721; x_wconf 89' lang='lat' dir='ltr'><strong>etiam</strong></span> <span class='ocrx_word' id='word_1_830' title='bbox 2896 4663 3105 4735; x_wconf 83' lang='lat' dir='ltr'><strong>Virgini</strong></span> <span class='ocrx_word' id='word_1_831' title='bbox 3156 4661 3350 4716; x_wconf 85' lang='lat' dir='ltr'><strong>similis</strong></span> <span class='ocrx_word' id='word_1_832' title='bbox 3385 4661 3561 4713; x_wconf 80' lang='lat' dir='ltr'><strong>ﬁeret.</strong></span> 
     </span>
    </p>
   </div>
   <div class='ocr_carea' id='block_1_106' title="bbox 1976 4753 3563 4831">
    <p class='ocr_par' dir='ltr' id='par_1_106' title="bbox 1976 4753 3563 4831">
     <span class='ocr_line' id='line_1_106' title="bbox 1976 4753 3563 4831; baseline -0.008 -12"><span class='ocrx_word' id='word_1_833' title='bbox 1976 4764 2211 4826; x_wconf 87' lang='lat' dir='ltr'><strong>Etenim,</strong></span> <span class='ocrx_word' id='word_1_834' title='bbox 2257 4773 2317 4817; x_wconf 91' lang='lat' dir='ltr'><strong>ut</strong></span> <span class='ocrx_word' id='word_1_835' title='bbox 2354 4761 2564 4831; x_wconf 90' lang='lat' dir='ltr'><strong>reliqua</strong></span> <span class='ocrx_word' id='word_1_836' title='bbox 2603 4760 2785 4815; x_wconf 91' lang='lat' dir='ltr'><strong>omnia</strong></span> <span class='ocrx_word' id='word_1_837' title='bbox 2816 4758 2969 4812; x_wconf 88' lang='lat' dir='ltr'><strong>Pauli</strong></span> <span class='ocrx_word' id='word_1_838' title='bbox 3005 4757 3170 4811; x_wconf 88' lang='lat' dir='ltr'><strong>verba</strong></span> <span class='ocrx_word' id='word_1_839' title='bbox 3199 4757 3358 4810; x_wconf 89' lang='lat' dir='ltr'><strong>modo</strong></span> <span class='ocrx_word' id='word_1_840' title='bbox 3398 4753 3563 4808; x_wconf 84' lang='lat' dir='ltr'><strong>allata</strong></span> 
     </span>
    </p>
   </div>
   <div class='ocr_carea' id='block_1_107' title="bbox 1976 4849 3561 4931">
    <p class='ocr_par' dir='ltr' id='par_1_107' title="bbox 1976 4849 3561 4931">
     <span class='ocr_line' id='line_1_107' title="bbox 1976 4849 3561 4931; baseline -0.008 -17"><span class='ocrx_word' id='word_1_841' title='bbox 1976 4871 2318 4931; x_wconf 63' lang='lat' dir='ltr'><strong>praeteream,</strong></span> <span class='ocrx_word' id='word_1_842' title='bbox 2354 4871 2590 4923; x_wconf 89' lang='lat' dir='ltr'><strong>quonam</strong></span> <span class='ocrx_word' id='word_1_843' title='bbox 2635 4853 2739 4907; x_wconf 89' lang='lat' dir='ltr'><strong>alio</strong></span> <span class='ocrx_word' id='word_1_844' title='bbox 2774 4853 2935 4906; x_wconf 91' lang='lat' dir='ltr'><strong>modo</strong></span> <span class='ocrx_word' id='word_1_845' title='bbox 2983 4849 3331 4921; x_wconf 90' lang='lat' dir='ltr'><strong>interpretari</strong></span> <span class='ocrx_word' id='word_1_846' title='bbox 3363 4863 3561 4919; x_wconf 88' lang='lat' dir='ltr'><strong>possu-</strong></span> 
     </span>
    </p>
   </div>
   <div class='ocr_carea' id='block_1_108' title="bbox 1979 4941 3565 5018">
    <p class='ocr_par' dir='ltr' id='par_1_108' title="bbox 1979 4941 3565 5018">
     <span class='ocr_line' id='line_1_108' title="bbox 1979 4941 3565 5018; baseline -0.004 -14"><span class='ocrx_word' id='word_1_847' title='bbox 1979 4965 2099 5006; x_wconf 89' lang='lat' dir='ltr'><strong>mus</strong></span> <span class='ocrx_word' id='word_1_848' title='bbox 2144 4950 2256 5015; x_wconf 92' lang='lat' dir='ltr'><strong>illa,</strong></span> <span class='ocrx_word' id='word_1_849' title='bbox 2286 4944 2483 5018; x_wconf 86' lang='lat' dir='ltr'><strong>quibus</strong></span> <span class='ocrx_word' id='word_1_850' title='bbox 2514 4945 2611 5015; x_wconf 87' lang='lat' dir='ltr'><strong>ait,</strong></span> <span class='ocrx_word' id='word_1_851' title='bbox 2666 4959 2767 5016; x_wconf 88' lang='lat' dir='ltr'><strong>per</strong></span> <span class='ocrx_word' id='word_1_852' title='bbox 2797 4945 2997 5015; x_wconf 88' lang='lat' dir='ltr'><strong>ipsum,</strong></span> <span class='ocrx_word' id='word_1_853' title='bbox 3028 4953 3085 4997; x_wconf 89' lang='lat' dir='ltr'><strong>et</strong></span> <span class='ocrx_word' id='word_1_854' title='bbox 3134 4943 3187 4997; x_wconf 91' lang='lat' dir='ltr'><strong>in</strong></span> <span class='ocrx_word' id='word_1_855' title='bbox 3219 4942 3337 5012; x_wconf 92' lang='lat' dir='ltr'><strong>ipso</strong></span> <span class='ocrx_word' id='word_1_856' title='bbox 3379 4941 3565 4999; x_wconf 84' lang='lat' dir='ltr'><strong>omnia</strong></span> 
     </span>
    </p>
   </div>
   <div class='ocr_carea' id='block_1_109' title="bbox 1976 5186 3159 5262">
    <p class='ocr_par' dir='ltr' id='par_1_109' title="bbox 1976 5186 3159 5262">
     <span class='ocr_line' id='line_1_109' title="bbox 1976 5186 3159 5262; baseline -0.007 -15"><span class='ocrx_word' id='word_1_857' title='bbox 1976 5190 2131 5257; x_wconf 89' lang='lat' dir='ltr'><strong>dunt,</strong></span> <span class='ocrx_word' id='word_1_858' title='bbox 2159 5193 2217 5245; x_wconf 83' lang='grc' dir='ltr'><strong>ἐν</strong></span> <span class='ocrx_word' id='word_1_859' title='bbox 2248 5189 2327 5262; x_wconf 85' lang='grc' dir='ltr'><strong>τῷ</strong></span> <span class='ocrx_word' id='word_1_860' title='bbox 2361 5189 2522 5261; x_wconf 82' lang='grc' dir='ltr'>φωτί,</span> <span class='ocrx_word' id='word_1_861' title='bbox 2561 5189 2721 5262; x_wconf 72' lang='lat' dir='ltr'><strong>sive,_</strong></span> <span class='ocrx_word' id='word_1_862' title='bbox 2744 5206 2765 5240; x_wconf 84' lang='grc'><em>‹</em></span> <span class='ocrx_word' id='word_1_863' title='bbox 2797 5188 2850 5242; x_wconf 91' lang='lat' dir='ltr'><strong>in</strong></span> <span class='ocrx_word' id='word_1_864' title='bbox 2885 5186 3105 5262; x_wconf 82' lang='lat' dir='ltr'><strong>lu_m_ine.</strong></span> <span class='ocrx_word' id='word_1_865' title='bbox 3135 5204 3159 5262; x_wconf 58' lang='grc' dir='ltr'><em>ρ</em></span> 
     </span>
    </p>
   </div>
   <div class='ocr_carea' id='block_1_110' title="bbox 2052 5257 3563 5332">
    <p class='ocr_par' dir='ltr' id='par_1_110' title="bbox 2052 5257 3563 5332">
     <span class='ocr_line' id='line_1_110' title="bbox 2052 5257 3563 5332; baseline 0.001 -19"><span class='ocrx_word' id='word_1_866' title='bbox 2052 5262 2164 5332; x_wconf 80' lang='lat'><strong>(75)</strong></span> <span class='ocrx_word' id='word_1_867' title='bbox 2214 5257 2527 5332; x_wconf 65' lang='lat' dir='ltr'><strong>Dil&#39;eciionis</strong></span> <span class='ocrx_word' id='word_1_868' title='bbox 2564 5259 2722 5332; x_wconf 73' lang='lat' dir='ltr'><strong>Filii</strong></span> <span class='ocrx_word' id='word_1_869' title='bbox 2768 5263 2873 5314; x_wconf 81' lang='lat' dir='ltr'><strong>sui.</strong></span> <span class='ocrx_word' id='word_1_870' title='bbox 2933 5257 3563 5332; x_wconf 76' lang='lat' dir='ltr'><strong>Legendum_videt_nr:</strong></span> 
     </span>
    </p>
   </div>
   <div class='ocr_carea' id='block_1_111' title="bbox 1983 5327 3561 5401">
    <p class='ocr_par' dir='ltr' id='par_1_111' title="bbox 1983 5327 3561 5401">
     <span class='ocr_line' id='line_1_111' title="bbox 1983 5327 3561 5401; baseline -0.002 -16"><span class='ocrx_word' id='word_1_871' title='bbox 1983 5352 2003 5385; x_wconf 68' lang='grc' dir='ltr'><strong>ι</strong></span> <span class='ocrx_word' id='word_1_872' title='bbox 2035 5327 2086 5387; x_wconf 87' lang='lat' dir='ltr'><strong>in</strong></span> <span class='ocrx_word' id='word_1_873' title='bbox 2116 5327 2337 5400; x_wconf 76' lang='lat' dir='ltr'><strong>regnum</strong></span> <span class='ocrx_word' id='word_1_874' title='bbox 2370 5331 2493 5386; x_wconf 89' lang='lat' dir='ltr'><strong>Filii</strong></span> <span class='ocrx_word' id='word_1_875' title='bbox 2523 5331 2828 5385; x_wconf 86' lang='lat' dir='ltr'><strong>dilectionis</strong></span> <span class='ocrx_word' id='word_1_876' title='bbox 2859 5344 2990 5383; x_wconf 66' lang='lat' dir='ltr'><strong>sure.</strong></span> <span class='ocrx_word' id='word_1_877' title='bbox 3017 5348 3043 5401; x_wconf 55' lang='grc' dir='ltr'><strong>ρ</strong></span> <span class='ocrx_word' id='word_1_878' title='bbox 3077 5328 3154 5401; x_wconf 79' lang='lat' dir='ltr'><strong>lta</strong></span> <span class='ocrx_word' id='word_1_879' title='bbox 3182 5327 3332 5401; x_wconf 80' lang='lat' dir='ltr'><strong>enim</strong></span> <span class='ocrx_word' id='word_1_880' title='bbox 3364 5330 3561 5401; x_wconf 85' lang='lat' dir='ltr'><strong>legitur</strong></span> 
     </span>
    </p>
   </div>
   <div class='ocr_carea' id='block_1_112' title="bbox 1978 5398 3565 5467">
    <p class='ocr_par' dir='ltr' id='par_1_112' title="bbox 1978 5398 3565 5467">
     <span class='ocr_line' id='line_1_112' title="bbox 1978 5398 3565 5467; baseline -0.004 -8"><span class='ocrx_word' id='word_1_881' title='bbox 1978 5414 2033 5459; x_wconf 89' lang='lat' dir='ltr'><strong>et</strong></span> <span class='ocrx_word' id='word_1_882' title='bbox 2076 5407 2127 5457; x_wconf 91' lang='lat' dir='ltr'><strong>in</strong></span> <span class='ocrx_word' id='word_1_883' title='bbox 2174 5398 2362 5459; x_wconf 83' lang='lat' dir='ltr'><strong>Bibliis</strong></span> <span class='ocrx_word' id='word_1_884' title='bbox 2407 5418 2528 5456; x_wconf 92' lang='lat' dir='ltr'><strong>cum</strong></span> <span class='ocrx_word' id='word_1_885' title='bbox 2571 5402 2800 5467; x_wconf 67' lang='lat' dir='ltr'><strong>Graecis,</strong></span> <span class='ocrx_word' id='word_1_886' title='bbox 2848 5412 2958 5455; x_wconf 89' lang='lat' dir='ltr'><strong>tum</strong></span> <span class='ocrx_word' id='word_1_887' title='bbox 3016 5398 3258 5457; x_wconf 87' lang='lat' dir='ltr'><strong>Latinis:</strong></span> <span class='ocrx_word' id='word_1_888' title='bbox 3297 5409 3352 5455; x_wconf 88' lang='lat' dir='ltr'><strong>et</strong></span> <span class='ocrx_word' id='word_1_889' title='bbox 3380 5398 3439 5454; x_wconf 75' lang='lat' dir='ltr'><strong>iti</strong></span> <span class='ocrx_word' id='word_1_890' title='bbox 3471 5400 3565 5454; x_wconf 78' lang='lat' dir='ltr'><strong>Di-</strong></span> 
     </span>
    </p>
   </div>
   <div class='ocr_carea' id='block_1_113' title="bbox 1978 5472 2615 5546">
    <p class='ocr_par' dir='ltr' id='par_1_113' title="bbox 1978 5472 2615 5546">
     <span class='ocr_line' id='line_1_113' title="bbox 1978 5472 2615 5546; baseline -0.006 -18"><span class='ocrx_word' id='word_1_891' title='bbox 1978 5476 2142 5546; x_wconf 87' lang='lat' dir='ltr'><strong>dymo</strong></span> <span class='ocrx_word' id='word_1_892' title='bbox 2174 5475 2292 5546; x_wconf 81' lang='lat' dir='ltr'><strong>ipso</strong></span> <span class='ocrx_word' id='word_1_893' title='bbox 2327 5488 2463 5546; x_wconf 0' lang='lat' dir='ltr'><strong>pag.)</strong></span> <span class='ocrx_word' id='word_1_894' title='bbox 2491 5472 2615 5526; x_wconf 68' lang='grc'><strong>124.</strong></span> 
     </span>
    </p>
   </div>
   <div class='ocr_carea' id='block_1_114' title="bbox 2042 5538 3564 5617">
    <p class='ocr_par' dir='ltr' id='par_1_114' title="bbox 2042 5538 3564 5617">
     <span class='ocr_line' id='line_1_114' title="bbox 2042 5538 3564 5617; baseline -0.002 -19"><span class='ocrx_word' id='word_1_895' title='bbox 2042 5544 2155 5617; x_wconf 71' lang='grc'><strong>(⁸74)</strong></span> <span class='ocrx_word' id='word_1_896' title='bbox 2197 5538 2641 5617; x_wconf 69' lang='grc' dir='ltr'>Βεάέηιριὶοῃεηι.</span> <span class='ocrx_word' id='word_1_897' title='bbox 2659 5543 2846 5600; x_wconf 79' lang='lat' dir='ltr'><strong>Graeca</strong></span> <span class='ocrx_word' id='word_1_898' title='bbox 2874 5542 2962 5599; x_wconf 92' lang='lat' dir='ltr'><strong>ed.</strong></span> <span class='ocrx_word' id='word_1_899' title='bbox 2988 5550 3044 5597; x_wconf 92' lang='lat' dir='ltr'><strong>et</strong></span> <span class='ocrx_word' id='word_1_900' title='bbox 3065 5540 3254 5597; x_wconf 87' lang='lat' dir='ltr'><strong>Latina</strong></span> <span class='ocrx_word' id='word_1_901' title='bbox 3280 5539 3369 5595; x_wconf 89' lang='lat' dir='ltr'><strong>hic</strong></span> <span class='ocrx_word' id='word_1_902' title='bbox 3413 5538 3564 5595; x_wconf 84' lang='lat' dir='ltr'><strong>addit</strong></span> 
     </span>
    </p>
   </div>
   <div class='ocr_carea' id='block_1_115' title="bbox 1981 5614 2667 5686">
    <p class='ocr_par' dir='ltr' id='par_1_115' title="bbox 1981 5614 2667 5686">
     <span class='ocr_line' id='line_1_115' title="bbox 1981 5614 2667 5686; baseline -0.001 -18"><span class='ocrx_word' id='word_1_903' title='bbox 1981 5634 2000 5668; x_wconf 76' lang='grc' dir='ltr'><strong>ι</strong></span> <span class='ocrx_word' id='word_1_904' title='bbox 2029 5614 2124 5686; x_wconf 76' lang='lat' dir='ltr'><strong>per</strong></span> <span class='ocrx_word' id='word_1_905' title='bbox 2140 5614 2462 5686; x_wconf 83' lang='lat' dir='ltr'><strong>sanguinem</strong></span> <span class='ocrx_word' id='word_1_906' title='bbox 2486 5614 2624 5686; x_wconf 61' lang='lat' dir='ltr'><strong>ejus.</strong></span> <span class='ocrx_word' id='word_1_907' title='bbox 2648 5633 2667 5667; x_wconf 75' lang='grc' dir='ltr'><strong>ι</strong></span> 
     </span>
    </p>
   </div>
   <div class='ocr_carea' id='block_1_116' title="bbox 2040 5677 3559 5761">
    <p class='ocr_par' dir='ltr' id='par_1_116' title="bbox 2040 5677 3559 5761">
     <span class='ocr_line' id='line_1_116' title="bbox 2040 5677 3559 5761; baseline -0.005 -21"><span class='ocrx_word' id='word_1_908' title='bbox 2040 5677 2154 5759; x_wconf 79' lang='lat'><strong>(75)</strong></span> <span class='ocrx_word' id='word_1_909' title='bbox 2186 5677 2372 5761; x_wconf 61' lang='grc' dir='ltr'><strong>ϐτῖιοίξ</strong></span> <span class='ocrx_word' id='word_1_910' title='bbox 2405 5677 2540 5754; x_wconf 64' lang='grc' dir='ltr'>εῙιιέ.</span> <span class='ocrx_word' id='word_1_911' title='bbox 2572 5683 2888 5761; x_wconf 53' lang='lat' dir='ltr'><strong>Grpc_a__ed.</strong></span> <span class='ocrx_word' id='word_1_912' title='bbox 2921 5686 3009 5761; x_wconf 85' lang='lat' dir='ltr'><strong>hic</strong></span> <span class='ocrx_word' id='word_1_913' title='bbox 3050 5684 3200 5761; x_wconf 79' lang='lat' dir='ltr'><strong>addit</strong></span> <span class='ocrx_word' id='word_1_914' title='bbox 3242 5680 3310 5735; x_wconf 88' lang='grc' dir='ltr'><strong>δι’</strong></span> <span class='ocrx_word' id='word_1_915' title='bbox 3336 5677 3559 5761; x_wconf 66' lang='grc' dir='ltr'>ἀύτοῦ,</span> 
     </span>
    </p>
   </div>
   <div class='ocr_carea' id='block_1_117' title="bbox 1967 5752 3567 5832">
    <p class='ocr_par' dir='ltr' id='par_1_117' title="bbox 1967 5752 3567 5832">
     <span class='ocr_line' id='line_1_117' title="bbox 1967 5752 3567 5832; baseline -0.001 -20"><span class='ocrx_word' id='word_1_916' title='bbox 1967 5758 2024 5832; x_wconf 69' lang='lat' dir='ltr'><strong>id</strong></span> <span class='ocrx_word' id='word_1_917' title='bbox 2046 5752 2152 5832; x_wconf 71' lang='lat' dir='ltr'><strong>est,</strong></span> <span class='ocrx_word' id='word_1_918' title='bbox 2184 5776 2204 5811; x_wconf 75' lang='grc' dir='ltr'><strong>ι</strong></span> <span class='ocrx_word' id='word_1_919' title='bbox 2231 5772 2328 5829; x_wconf 86' lang='lat' dir='ltr'><strong>per</strong></span> <span class='ocrx_word' id='word_1_920' title='bbox 2352 5752 2552 5830; x_wconf 67' lang='lat' dir='ltr'><strong>ipsum.</strong></span> <span class='ocrx_word' id='word_1_921' title='bbox 2581 5774 2602 5809; x_wconf 76' lang='grc' dir='ltr'><strong>ι</strong></span> <span class='ocrx_word' id='word_1_922' title='bbox 2632 5755 2737 5814; x_wconf 87' lang='lat' dir='ltr'><strong>Sed</strong></span> <span class='ocrx_word' id='word_1_923' title='bbox 2762 5756 2916 5832; x_wconf 82' lang='lat' dir='ltr'><strong>Vulg.</strong></span> <span class='ocrx_word' id='word_1_924' title='bbox 2948 5758 3047 5812; x_wconf 88' lang='lat' dir='ltr'><strong>int.</strong></span> <span class='ocrx_word' id='word_1_925' title='bbox 3085 5758 3200 5812; x_wconf 66' lang='lat' dir='ltr'><strong>haec</strong></span> <span class='ocrx_word' id='word_1_926' title='bbox 3244 5752 3455 5809; x_wconf 82' lang='lat' dir='ltr'><strong>omittit</strong></span> <span class='ocrx_word' id='word_1_927' title='bbox 3500 5760 3567 5810; x_wconf 65' lang='lat' dir='ltr'><strong>ua</strong></span> 
     </span>
    </p>
   </div>
   <div class='ocr_carea' id='block_1_118' title="bbox 1965 5828 2246 5900">
    <p class='ocr_par' dir='ltr' id='par_1_118' title="bbox 1965 5828 2246 5900">
     <span class='ocr_line' id='line_1_118' title="bbox 1965 5828 2246 5900; baseline 0 -17"><span class='ocrx_word' id='word_1_928' title='bbox 1965 5828 2246 5900; x_wconf 85' lang='lat' dir='ltr'><strong>Didymus.</strong></span> 
     </span>
    </p>
   </div>
  </div>
