4056 6418
503 364 609 429 851

1783 372 2021 429 DIDYMI
2058 372 2530 430 ALEXANDRINI

3645 376 3757 434 83!

509 498 786 553 constare,
815 497 872 544 et
902 488 1270 556 reconciliari,
1317 497 1372 546 et
1402 491 1700 560 paciﬁcari,
1734 491 1840 547 nisi
1880 493 1954 546 ita
1991 493 2088 546 in-

2194 494 2290 563 φόν
2309 511 2324 524 ·
2356 493 2700 565 πρωτότοκος
2723 492 2782 548 δὲ
2805 492 2986 566 πάσης
3017 491 3264 559 κτίσεως,
3314 491 3377 546 οὐ
3418 491 3508 547 διὰ
3531 492 3592 546 τὸ
3617 510 3758 565 προ-

508 589 892 650 terpretemur,
937 593 997 636 ut
1024 597 1121 652 per
1149 583 1265 652 ejus
1307 583 1760 651 Incarnationem,
1803 599 1908 654 qua
1954 599 2084 653 pro-

511 682 632 740 Ριετ
657 688 780 736 nos.
820 682 876 729 et
903 689 999 744 pro
1029 675 1206 742 nobis,
1235 677 1352 731 sine
1397 675 1504 730 ulla
1541 686 1842 730 mutatione
1887 676 1968 730 sui
2002 676 2085 745 ip.

510 767 646 829 sius,
675 773 730 820 et
766 767 978 835 peccati
1005 780 1222 837 expers,
1272 768 1434 822 homo
1465 767 1640 822 factus
1669 777 1774 831 est,
1803 777 2084 823 converta-

511 870 637 909 mur
663 856 730 908 ad
783 857 1108 926 agnitionem
1163 859 1418 913 increatte
1471 859 1640 928 ipsius
1688 859 1806 915 Filii
1837 859 2086 914 deitatis?

513 945 698 1002 Dictus
719 959 802 1002 est
841 965 970 1019 ergo
1022 950 1452 1020 prtedicatusqne
1501 951 1823 1017 Unigenitus
1865 952 2084 1022 quidem

512 1049 702 1108 utpote
755 1055 858 1093 non
919 1041 1122 1095 habens
1177 1043 1470 1095 semiudum
1517 1042 1794 1096 caelestem
1851 1042 2086 1110 cujusvis

513 1129 690 1185 lluixus
733 1143 1006 1199 expertem
1039 1133 1442 1202 generationem
1495 1132 1725 1186 alterum
1781 1142 1977 1202 praeter
2008 1134 2087 1204 ip-

514 1237 658 1286 sum,
681 1223 770 1291 qni
811 1223 1103 1277 secundmn
1139 1232 1388 1278 naturam
1418 1223 1490 1277 sit
1523 1223 1638 1292 ejus
1669 1223 1868 1290 frater;
1903 1234 2086 1294 proto-

516 1322 670 1367 tocus
724 1328 854 1368 vero
903 1313 976 1384 (id
1011 1322 1116 1379 est,
1155 1315 1552 1386 primogenitus)
1587 1315 1765 1370 omnis
1803 1325 2084 1380 creaturae,

512 1418 619 1457 non
649 1404 788 1472 quod
821 1415 948 1458 ante
981 1407 1149 1473 ipsam
1181 1415 1398 1460 creatus
1442 1406 1549 1474 sit;
1596 1405 1832 1475 alioquin
1866 1420 2088 1464 vocatus

513 1495 706 1552 {uisset
733 1497 1102 1566 pr0toctistus,
1151 1497 1203 1552 id
1232 1507 1338 1560 est,
1375 1499 1768 1567 primocreatus
1797 1497 1943 1570 (76):
1990 1500 2085 1554 sed

511 1587 638 1656 quia
685 1603 786 1658 per
832 1591 1250 1658 praescientiam,
1279 1601 1340 1646 ut
1371 1601 1852 1646 commemoratum
1907 1603 1990 1646 est
2031 1593 2087 1647 in

511 1677 750 1748 capitulo
778 1680 1024 1750 proxime
1049 1681 1328 1750 superiore
1356 1679 1494 1752 (77),
1526 1691 1652 1737 ante
1693 1696 1908 1736 omnem
1933 1699 2088 1738 crea-

513 1777 690 1821 turam
736 1783 802 1824 ex
849 1779 1038 1822 sancta
1071 1768 1285 1840 Virgine
1321 1769 1490 1842 3‘9
1519 1778 1677 1825 natus
1707 1780 1828 1836 est;
1875 1779 1928 1826 et.
1959 1773 2086 1842 quia

510 1857 656 1912 idem
685 1869 770 1914 est
815 1860 1230 1929 primogenitus,
1260 1870 1316 1916 et
1360 1861 1672 1932 unigenitns
1703 1861 1883 1916 omnis
1925 1877 2081 1916 crea-
2119 1865 2161 1920 Β

514 1960 646 2004 κει-αι
670 1949 1186 2020 ineﬂ'abiliterjuxta
1229 1951 1472 2005 divinum
1516 1959 1737 2005 textum.
1773 1949 1942 2006 Simili
1974 1967 2088 2005 mo-

511 2044 582 2094 do
611 2053 835 2096 vocatus
870 2051 954 2097 est
995 2042 1158 2097 etiam
1195 2060 1215 2094 ι
1242 2042 1634 2114 primogenitus
1671 2058 1735 2098 ex
1769 2044 2021 2108 mortuis,
2057 2065 2077 2097 ι

511 2145 619 2184 non
647 2131 790 2198 quod
824 2140 952 2185 ante
985 2130 1132 2199 ipsos
1181 2140 1428 2186 mortuus
1482 2133 1574 2197 sit,
1619 2133 1712 2186 sed
1776 2135 1905 2203 quia
1961 2150 2083 2188 cum

513 2223 720 2291 primus
757 2223 994 2276 surrexit
1037 2223 1146 2294 (78)
1195 2238 1227 2276 a
1262 2223 1511 2286 mortuis,
1538 2224 1885 2278 securitatem
1905 2240 2087 2278 resur-

509 2311 771 2365 rectionis
793 2311 1121 2378 generaliter
1147 2311 1298 2364 nobis
1329 2310 1578 2378 praebuit,
1603 2310 1692 2378 qui
1719 2313 2082 2380 pergratt'am,

507 2412 568 2456 et
599 2407 800 2456 donum
833 2403 950 2472 ejus
991 2403 1140 2471 digni
1195 2401 1318 2455 facti
1375 2416 1564 2456 sumus
1595 2403 1685 2469 qui
1721 2416 1964 2457 essemus
1991 2402 2086 2456 lilii

510 2493 728 2558 quidem
759 2493 852 2546 Dei
888 2492 1085 2560 Patris,
1122 2493 1322 2548 fratres
1347 2507 1478 2546 vero
1523 2493 1692 2561 ipsius
1738 2493 1963 2550 Christi.
1996 2493 2087 2548 Ait

506 2585 693 2638 enim:
735 2603 754 2635 ι
790 2585 900 2654 Ego
933 2585 1045 2656 (79)
1107 2600 1224 2639 sum
1279 2585 1407 2648 vita,
1455 2593 1510 2638 et
1553 2585 1894 2641 resurrectio.
1929 2603 1950 2638 ι
1981 2585 2084 2640 Sed

512 2677 688 2746 ipsum
719 2691 932 2746 quoque
973 2689 1204 2746 tempus,
1241 2691 1350 2746 quo
1389 2675 1638 2730 Salvator
1670 2691 1770 2746 pro
1795 2693 1892 2732 sua
1929 2679 2085 2732 boni-

511 2778 626 2824 tate
675 2785 797 2822 cum
859 2779 1124 2824 vetustam
1190 2769 1464 2838 iacturam
1524 2775 1766 2821 nostram
1825 2771 2088 2822 resarcire

507 2861 898 2932 proposuisset,
917 2875 1124 2929 nosque
1163 2861 1352 2928 dignos
1373 2860 1652 2928 facerequi
1679 2860 2088 2928 participatione

509 2953 754 3008 crelestis
797 2969 1004 3008 serente
1041 2953 1176 3006 lucis
1217 2954 1269 3006 in
1303 2963 1566 3006 aeternum
1619 2952 1945 3012 fruerentur.
1976 2952 2089 3022 pri—

512 3045 818 3113 mogenitus
845 3047 1025 3098 omnis
1057 3053 1322 3098 creaturae
1360 3042 1540 3096 factus
1575 3053 1677 3106 est,
1711 3052 2092 3109 prasinonstra-

509 3137 584 3188 vit
613 3133 833 3198 Paulus,
861 3153 982 3190 eum
1009 3136 1085 3190 ait
1112 3155 1126 3191 :
1160 3155 1178 3185 c
1214 3135 1404 3190 Vetera
1424 3135 1536 3205 (80)
1556 3135 1887 3188 transierunt
1915 3151 1930 3188 :
1963 3147 2090 3188 ecce

2185 582 2434 636 εκτίσθαι
2462 583 2634 654 αὐτῆς
2664 582 2808 655 (ἐπεὶ
2835 584 2902 638 ἂν
2941 582 3340 655 πρωτόκτιστος
3360 581 3607 653 ἐκλήθη),
3639 583 3756 636 ἀλλ’

2183 673 2259 738 ὡς
2287 677 2354 746 τῇ
2378 675 2700 745 προγνώσει,
2726 675 2871 728 καθὰ
2898 673 3271 746 ἐμνημονεύθη
3307 675 3365 726 ὲν
3387 673 3466 744 τῷ
3499 674 3605 745 πρὸ
3631 674 3758 728 τοῦ-

2183 765 2240 819 δε
2271 765 2567 837 κεφαλαίῳ,
2618 767 2724 838 πρὸ
2765 767 2966 831 παντὸς
3010 766 3488 837 δημιουργήματος
3533 766 3640 818 ἀπὸ
3658 767 3758 836 τῆς

2186 855 2346 922 ἁγίας
2377 855 2652 926 Παρθένου
2671 855 2905 926 τεχθεὶς,
2933 856 3026 909 καὶ
3051 853 3126 907 ὢν
3149 855 3310 917 αὑτός
3337 871 3396 906 τε
3417 854 3757 925 πρωτότοκος

2186 945 2282 998 καὶ
2334 945 2643 1017 Μονογενὴς
2701 945 2879 1015 πάσης
2924 945 3152 1007 κτίσεως
3205 944 3465 1016 ἆρῤητος,
3515 941 3658 996 κατὰ
3694 940 3757 994 τὸ

2187 1034 2331 1088 θεῖον
2360 1037 2592 1108 γραφίον
2611 1054 2625 1067 ο
2671 1034 2862 1108 ὥσπερ
2887 1036 3198 1106 ὠνόμασται
3233 1037 3262 1090 ὁ
3296 1034 3457 1098 αὐτὸς
3489 1035 3580 1087 καὶ
3612 1051 3759 1104 πρω-

2185 1126 2403 1191 τότοκος
2467 1129 2533 1182 ὲκ
2560 1127 2671 1181 τῶν
2726 1126 2958 1198 νεκρῶν,
2989 1127 3051 1180 οὐ
3113 1127 3202 1181 διὰ
3241 1126 3300 1180 τὸ
3335 1125 3760 1198 προτελευτῆσαι

2186 1217 2390 1282 αὐτῶν,
2445 1217 2584 1272 ἀλλὰ
2633 1217 2721 1272 διὰ
2751 1217 2812 1270 τὸ
2837 1217 3131 1290 ἐγερθέντα
3155 1218 3220 1270 ἐκ
3264 1216 3494 1288 νεκρῶν,
3547 1214 3761 1288 πρῶτον

2186 1309 2285 1378 τὴν
2340 1310 2640 1379 ἀσφάλειαν
2668 1308 2794 1380 ’τῆς
2823 1307 3169 1371 ἀναστάσεως
3240 1306 3543 1371 καθολικῶς
3609 1323 3764 1376 παρ-

2187 1406 2375 1474 ασχεῖν
2391 1405 2543 1476 ἡμῖν,
2573 1407 2686 1470 τοῖς
2699 1405 2840 1460 κατὰ
2869 1406 3028 1477 χάριν
3059 1405 3155 1460 ita).
3171 1403 3378 1474 δωρεὰν
3407 1399 3568 1454 αὐτοῦ
3598 1415 3764 1452 κατα-

2189 1494 2460 1561 ξιωθεῖσιν
2493 1494 2622 1567 [165
2656 1495 2714 1570 α]
2767 1497 3012 1569 υίότητος
3064 1496 3162 1568 μὲν
3213 1493 3310 1549 τοῦ
3342 1491 3476 1547 Θεοῦ
3531 1490 3761 1565 Πατρὺς,

2191 1582 2549 1656 άδελφότητος
2573 1584 2630 1638 δὲ
2661 1584 2849 1640 αὑτοῦ.
2905 1605 2924 1638 ι
2947 1584 3089 1654 Ἐγὼ
3133 1605 3152 1637 ι
3210 1583 3338 1656 γὰρ,
3380 1581 3507 1652 ἔφη,
3542 1601 3561 1632 ι
3589 1579 3700 1650 εἰμὶ
3725 1581 3760 1649 ἡ

2189 1675 2303 1748 ζωὴ
2335 1676 2429 1730 καὶ
2489 1678 2522 1748 ἡ
2553 1677 2868 1742 ἀνάστασις.
2899 1695 2920 1729 ι
2956 1677 3065 1732 Καὶ
3097 1675 3307 1739 Παῦλος
3347 1672 3406 1728 δὲ
3437 1671 3526 1726 τὸν
3577 1669 3766 1741 καιρὸν

2190 1768 2354 1823 αὐτὸν
2387 1769 2686 1834 ὑπέδειξεν,
2731 1771 2790 1824 ὲν
2817 1763 2860 1838 ᾧ
2921 1769 3010 1823 διὰ
3038 1769 3138 1840 τὴν
3190 1765 3355 1822 αὐτοῦ
3402 1763 3708 1834 ἀγαθότητα
3731 1762 3767 1814 ὁ

2189 1860 2379 1934 Σωτὴρ
2401 1861 2498 1932 τὴν
2527 1860 2765 1916 παλαιὰν
2795 1861 2950 1934 ήμῶν
2977 1860 3206 1932 ἀμεῖψαι
3236 1856 3639 1928 κακοπραγίαν,
3671 1854 3768 1908 καὶ

2191 1951 2420 2018 ἀξιῶσαι
2450 1953 2596 2023 ἡμᾶς
2625 1953 2912 2015 διαιωνίως
2944 1951 3234 2005 ἀπολαύειν
3254 1950 3352 2020 τῆς
3371 1948 3464 2001 τοῦ
3487 1948 3598 2002 άνω
3628 1945 3768 1999 ἀπό-

2191 2059 2284 2094 νου
2315 2042 2492 2110 φωτὸς
2517 2041 2809 2114 μετουσίας
2840 2041 3195 2114 προθέμενος,
3223 2037 3563 2111 πρωτότοκος
3589 2037 3768 2106 πάσης

2193 2134 2422 2198 κτίσεως
2450 2133 2686 2202 ἐγένετο,
2710 2134 2778 2186 δι’
2810 2125 2884 2186 ὧν
2917 2131 3020 2204 ἔφη
3042 2150 3055 2162 υ
3098 2149 3118 2183 ι
3142 2131 3222 2184 Τὰ
3241 2132 3442 2201 ἀρχαῖα
3469 2126 3767 2199 παρῆλθεν,

2196 2224 2304 2278 ίδοὺ
2333 2225 2494 2278 καινά
2513 2225 2704 2294 γέγονε
2753 2225 2948 2278 πάντα.
2979 2243 2997 2275 ι
3031 2224 3140 2276 Καὶ
3188 2221 3350 2294 ἕτερα
3389 2220 3446 2273 δὲ
3478 2217 3640 2272 αὐτοῦ
3674 2218 3772 2289 ῥή-

2195 2334 2339 2387 ματα
2359 2316 2632 2370 διωθεῖται
2655 2317 2752 2387 μὲν
2780 2317 3008 2384 ταυτηνὶ
3027 2315 3124 2386 τὴν
3149 2314 3428 2386 αἱρετικὴν
3452 2311 3767 2382 ἐνθύμησιν,

2193 2407 2290 2479 τὴν
2339 2407 2846 2478 κατασοφιζομένην
2902 2407 2998 2460 τοῦ
3032 2423 3090 2459 τε
3129 2404 3364 2466 Παύλου,
3411 2402 3488 2467 ὡς
3544 2399 3772 2454 τοιαῦτα

2191 2497 2522 2568 γράψαντος,
2569 2498 2662 2551 τοῦ
2697 2515 2755 2550 τε
2812 2497 2991 2552 πάντα
3037 2497 3360 2568 ποιήσαντος
3384 2495 3477 2548 καὶ⁸
3500 2489 3774 2564 κεκτημέ-

2192 2607 2308 2650 νου,
2343 2590 2420 2654 ὼς
2442 2587 2697 2643 τοιούτων
2727 2591 2856 2662 περὶ
2894 2587 3058 2642 αὑτοῦ
3086 2586 3519 2658 ὲξενηνεγμένων
3557 2583 3770 2653 φωνῶν,

2192 2681 2329 2752 ὅπερ
2356 2679 2590 2750 χαλεπὸν
2615 2681 2710 2733 καὶ
2748 2680 2951 2734 πλάσαι
2985 2679 3078 2734 καὶ
3103 2679 3333 2732 ἀκοῦσαι
3353 2695 3366 2708 ο
3401 2675 3692 2747 διαρῤήδην
3714 2674 3773 2726 δὲ

2195 2771 2544 2843 παρίστησιν,
2579 2770 2655 2835 ὼς
2687 2771 2768 2836 τὸ,
2833 2789 2852 2822 ι
2876 2769 3226 2841 Πρωτὸτοκος
3260 2769 3440 2837 πάσης
3471 2765 3717 2826 κτίσεως,
3746 2782 3766 2816 ι

2195 2861 2314 2914 ἀντὶ
2366 2861 2483 2926 τοῦ,
2522 2861 2704 2934 πάσης
2740 2859 3180 2931 ἀνθρωπότητος,
3241 2857 3456 2929 ἐλέχθη.
3504 2855 3612 2926 Τὴν
3660 2855 3774 2924 γὰρ

2193 2949 2588 3022 ἀνθρωπότητα
2663 2951 2842 3005 κτίσιν
2890 2948 3304 3023 προσαγορεύει,
3350 2949 3426 3010 ὡς
3451 2948 3508 2999 ὲν
3535 2945 3612 3014 τῷ
3635 2959 3774 3014 προ-

2195 3040 2432 3112 κειμένῳ
2459 3041 2740 3112 κεφαλαίῳ
2765 3041 2978 3113 εἴρηται
3003 3040 3211 3104 λέξεσιν
3249 3040 3439 3100 αὐταῖς
3455 3054 3470 3068 ο
3504 3055 3524 3087 ι
3545 3033 3776 3088 Ὑποτά-

2195 3147 2330 3202 γητε
2363 3133 2512 3203 πάσῃ
2545 3132 2724 3186 κτίσει
2773 3131 3087 3205 ἀνθρωπίνῃ
3124 3131 3215 3185 διὰ
3243 3131 3333 3184 τὸν
3383 3129 3604 3200 Κύριον,
3662 3125 3772 3178 εἴτε

505 3241 649 3281 nova
683 3226 822 3282 facta
853 3237 976 3281 sunt
1006 3227 1206 3284 omnia.
1253 3245 1273 3279 ι
1304 3226 1442 3293 Quin
1469 3235 1523 3280 et
1549 3225 1754 3294 reliqua
1785 3223 1934 3278 Pauli
1965 3239 2087 3278 ver-

2194 3221 2414 3294 βασιλεῖν
2445 3225 2520 3288 ὡς
2551 3225 2894 3296 ὑπερέχοντι,
2929 3225 3043 3279 εἴτε
3083 3223 3376 3296 ἡγεμόσιν,
3407 3221 3484 3284 ὡς
3513 3221 3579 3274 δι’
3605 3215 3774 3272 αὐτοῦ

509 3318 576 3371 ha
605 3319 838 3383 primum
870 3319 1086 3388 quidem
1128 3317 1271 3372 hanc
1301 3316 1688 3370 'haereticorum
1713 3315 2080 3384 opinationem

2193 3314 2587 3386 πεμπομένοις.
2625 3334 2647 3368 ι

506 3413 826 3482 explodunt,
857 3413 948 3482 qui
974 3423 1028 3468 et
1063 3413 1163 3484 ipsi
1200 3411 1392 3477 Paulo,
1433 3413 1574 3481 quod
1613 3411 1738 3465 talia
1775 3410 2074 3480 scripserit,
2117 3420 2172 3464 et
2205 3426 2384 3465 rerum
2409 3412 2649 3466 omnium
2681 3411 2984 3480 Conditori,
3024 3427 3090 3468 ac
3116 3411 3367 3476 Domino,
3425 3410 3492 3465 de
3551 3421 3657 3477 quo
3690 3415 3780 3460 ta-

505 3504 582 3557 lia
606 3505 898 3572 praedicata
927 3515 1075 3574 sunt,
1107 3503 1362 3574 injuriam
1399 3505 1512 3560 suis
1576 3504 2012 3558 cavillationibus
2072 3503 2354 3559 inferunt:
2421 3505 2566 3575 quod
2617 3505 2700 3559 vel
2753 3507 2882 3560 (ictu
2919 3545 2936 3572 ,
2990 3507 3188 3560 nedum
3238 3504 3422 3558 auditu
3481 3500 3769 3556 molestum

507 3608 613 3654 est.
659 3599 862 3654 Deinde
911 3615 1042 3655 vero
1124 3609 1312 3671 aperte
1377 3601 1566 3654 eadem
1639 3601 1888 3670 probant,
1929 3616 1950 3650 ι
2023 3599 2442 3669 primogenitum
2491 3602 2666 3654 omnis
2716 3611 2986 3655 creatura:
3035 3619 3056 3653 ι
3093 3601 3296 3654 dictum
3347 3612 3468 3653 esse
3527 3611 3623 3666 pro
3674 3591 3783 3660 pri-

511 3697 787 3765 mOgenito
817 3697 996 3750 omnis
1033 3696 1426 3763 humanitatis;
1467 3705 1525 3750 ut
1551 3697 1694 3750 enim
1725 3696 1777 3749 in
1811 3696 2090 3764 superiore
2129 3697 2368 3766 capitulo
2394 3697 2502 3750 dixi
2538 3695 2677 3767 (81),
2747 3697 3143 3750 humanitatem
3215 3693 3474 3749 vocabulo
3511 3697 3776 3744 creatura:

512 3791 764 3843 nominat
816 3791 902 3843 bis
933 3777 1064 3858 ipsis
1095 3790 1316 3844 verbis:
1350 3807 1370 3841 ‹
1417 3788 1658 3858 Suhjecti
1704 3797 1882 3844 estote
1937 3789 2084 3843 omni
2124 3799 2394 3843 creatura:
2427 3789 2679 3842 lmmanae
2709 3798 2931 3858 propter
2961 3787 3249 3842 Dominum
3337 3785 3453 3838 sive
3516 3781 3624 3850 regi
3658 3789 3782 3834 tan-

509 3900 674 3954 quam
702 3885 1050 3954 przeccllenti,
1091 3885 1206 3940 sive
1249 3885 1474 3940 ducibus
1507 3894 1762 3954 tanquam
1791 3900 1886 3954 per
1913 3885 2088 3952 ipsum
2127 3885 2328 3940 missis.
2362 3905 2382 3938 ι

589 3981 936 4049 Sull'ragatur
965 3993 1144 4037 autem
1196 3982 1352 4036 nobis
1391 3982 1569 4050 quoad
1617 3981 2086 4036 denominationes

511 4075 730 4143 quidem
777 4073 1152 4144 Primogeniti,
1195 4083 1250 4129 et
1301 4073 1573 4143 Unigeniti
1613 4073 1942 4143 evangelista
1975 4071 2086 4144 (82)

515 4181 743 4219 narrans
775 4165 996 4218 Mariam
1050 4167 1316 4220 mansisse
1345 4165 1608 4234 virginem
1662 4162 1798 4233 (83),
1857 4183 1876 4214 ι
1915 4164 2088 4217 donec

509 4255 722 4323 peperit
767 4255 930 4307 lllimn
983 4269 1140 4309 sumn
1203 4253 1652 4322 primogenitum;
1692 4273 1711 4304 ι
1765 4268 1886 4305 nam
1911 4265 2084 4329 neque

512 4348 764 4414 cuiquam
794 4347 978 4415 nupsit
1007 4345 1095 4398 illa
1145 4360 1352 4398 summe
1386 4360 1495 4414 pra:
1528 4345 1778 4398 omnibus
1810 4345 2082 4397 honoran-

511 4437 618 4500 da,
650 4448 706 4490 et
755 4440 988 4491 maxime
1034 4437 1233 4508 inclyta
1273 4437 1455 4504 Virgo,
1501 4451 1602 4489 nec
1645 4436 1868 4488 alterius
1913 4445 2088 4488 mater

515 4544 752 4598 unquam
811 4529 952 4584 facta
997 4539 1102 4594 est,
1161 4528 1256 4584 sed
1296 4539 1416 4598 post
1467 4527 1810 4598 puerperium
1865 4540 2081 4594 quoque

516 4623 955 4691 mansitsemper
980 4632 1037 4678 et
1079 4623 1226 4676 omni
1288 4632 1528 4692 tempore
1585 4621 1930 4675 in'nnacnlata
1981 4623 2088 4673 vir-

511 4715 743 4785 εοίὸςι),
779 4725 834 4770 et
883 4725 1060 4770 tamen
1090 4713 1206 4784 ejus
1250 4715 1638 4784 printogenitus
1685 4720 1831 4768 recte
1867 4724 2091 4768 vocatus

591 4891 704 4963 (76)
735 4891 1150 4948 Primocreatus.
1175 4891 1347 4963 Simili
1379 4890 1538 4946 modo
1579 4889 1902 4963 Ambrosius
1941 4887 2036 4943 lib.
2078 4903 2098 4942 t

520 4959 610 5014 με’
637 4961 741 5029 ﬁde
767 4978 886 5029 cap.
915 4964 946 5016 7
987 4965 1176 5019 scribit
1201 4981 1216 5018 :
1253 4981 1272 5014 ι
1305 4962 1702 5030 Primogenitns
1741 4959 1924 5014 omnis
1943 4973 2100 5012 crea-

520 5042 678 5084 turae.
713 5031 1131 5104 anogenitus,
1170 5033 1370 5104 inquit,
1417 5047 1522 5104 non
1575 5031 1988 5104 primocreatus,
2045 5036 2104 5081 ut

521 5113 578 5153 et
603 5103 817 5169 genitus
862 5099 962 5172 pro
1009 5099 1332 5170 natura,'et
1382 5101 1591 5172 primus
1621 5115 1720 5170 pro
1749 5099 2108 5168 perpetuitate

519 5173 790 5224 credatur.
819 5191 838 5223 ι

603 5239 713 5314 (27)
747 5239 1052 5314 Superiora.
1083 5245 1266 5314 Segm.
1296 5241 1398 5314 160
1433 5261 1491 5299 α.

601 5308 964 5380 (78)7Ρτίηιιιι
995 5308 1302 5370 ειιπεαῖει·ἰι.
1343 5313 1397 5366 In
1440 5315 1574 5368 libro
1609 5310 1686 5365 De
1707 5308 1910 5380 Spiritu
1934 5316 2116 5362 sancto

525 5391 675 5461 num.
711 5379 1107 5461 4l,_Chrtstum
1153 5395 1312 5461 vocat
1369 5401 1388 5434 ι
1414 5379 1754 5452 principem,
1789 5391 1844 5435 et
1899 5381 2104 5449 primo-

524 5453 767 5518 genitum
794 5453 1238 5506 resnrrectionis.
1271 5471 1292 5505 ι

596 5520 712 5588 ('79)
740 5518 878 5588 Ego.
899 5520 1058 5576 Joan.
1091 5537 1169 5588 ιιι,
1200 5523 1292 5578 ‘25.

599 5589 714 5660 (80)
751 5590 958 5644 Vetera.
1001 5591 1046 5646 ll
1101 5593 1227 5648 Cor.
1262 5609 1318 5658 ν,
1353 5593 1442 5646 17.

599 5661 716 5732 (8t)
749 5661 893 5732 Qixi.
927 5660 1108 5732 Segm.
1140 5662 1240 5716 162
1261 5680 1314 5716 a.

626 5729 717 5802 8?)
749 5729 1110 5802 Evangeliita.
1152 5732 1344 5786 Matth.
1364 5748 1419 5802 ι,
1448 5730 1541 5786 25.

623 5797 714 5871 δῦ)
753 5797 1019 5858 Μαηείεεε
1049 5803 1323 5873 virginem.
1358 5801 1432 5858 Ita
1482 5797 1752 5868 accipiunt
1782 5805 1954 5862 sancti
2007 5800 2110 5856 Pa-

2265 3981 2832 4053 Συναντιλαμϐάνεται
2883 3981 2940 4035 δὲ
2973 3983 3126 4052 ἡμῖν,
3165 3979 3246 4043 είς
3285 3977 3380 4048 μὲν
3415 3974 3472 4028 τὸ
3506 3991 3525 4024 ι
3561 3969 3782 4044 Πρωτό-

2195 4091 2353 4138 τοκος
2377 4095 2395 4125 ο
2463 4075 2558 4128 καὶ
2599 4093 2616 4126 ι
2643 4073 2974 4144 Μονογενὴς,
3003 4093 3022 4124 ›
3077 4071 3138 4125 τὸ
3171 4065 3530 4140 διηγήσασθαι
3571 4063 3662 4116 τὸν
3687 4061 3784 4114 εὐ-

2196 4167 2542 4238 αγγελιστὴν,
2567 4169 2649 4221 ὅτι
2681 4167 2862 4238 ἔμεινε
2904 4164 3194 4238 παρθένος,
3239 4182 3258 4213 ι
3301 4163 3406 4224 ἓως
3473 4159 3625 4210 ἔτεκε
3684 4153 3782 4206 τὸν

2120 4222 2164 4275 D
2194 4222 2323 4309 Υίον
2337 4222 2506 4327 αὐτῆς
2529 4222 2620 4310 τὸν
2649 4222 3013 4328 πρωτότοκού.
3037 4274 3054 4305 ι
3093 4222 3230 4308 Ούτε
3256 4252 3364 4323 γάρ
3389 4222 3639 4319 ἐγαμήθη
3673 4245 3783 4298 τινὶ

2195 4347 2229 4416 ἡ
2276 4345 2578 4416 τιμιωτέρα
2621 4346 2838 4398 πάντων
2887 4345 2982 4396 καὶ
3015 4340 3373 4410 εὐκλεεστὰτη
3411 4335 3619 4408 Μαρία,
3665 4331 3781 4386 οὔτ’

2201 4438 2362 4490 ἄλλου
2395 4439 2579 4509 μήτηρ
2613 4435 2829 4506 ἐγένετό
2856 4453 2985 4488 ποτε
3005 4451 3020 4466 ⁸
3054 4433 3234 4506 ἔμεινε
3294 4431 3352 4484 δὲ
3377 4429 3471 4483 καὶ
3497 4425 3634 4498 μετὰ
3654 4441 3784 4478 κυοο

2199 4529 2392 4600 φορίαν
2439 4531 2525 4582 ἀεὶ
2581 4529 2677 4584 καὶ
2719 4527 2805 4581 διὰ
2855 4525 3054 4590 παντὸς
3104 4525 3330 4596 ἄμωμος
3360 4519 3642 4591 παρθένος,
3687 4516 3785 4570 καὶ

2200 4623 2350 4692 ὅμως
2369 4621 2496 4692 [165
2521 4620 2572 4692 b]
2628 4621 2966 4690 πρωτότοκος
3002 4616 3173 4686 αὐτῆς
3219 4617 3246 4667 ὁ
3291 4613 3501 4675 πλάσας
3526 4610 3694 4678 αὑτήν
3719 4623 3784 4660 τε

2202 4715 2298 4768 καὶ
2322 4713 2529 4775 πάντας
2557 4712 2658 4766 οὐκ
2679 4710 2886 4780 ἀλόγως
2939 4708 3162 4780 ἐκλήθη.
3193 4708 3286 4766 Εἰς
3307 4705 3365 4758 δὲ
3401 4704 3482 4768 τὸ,
3520 4722 3539 4754 ι
3563 4698 3785 4773 Πρωτό-

2213 4898 2322 4944 tres
2359 4887 2592 4943 Matthaei
2626 4887 2831 4942 verba:
2865 4905 2887 4938 ι
2917 4885 2982 4940 Ει
3037 4899 3142 4941 non
3192 4881 3552 4952 cognoscebat
3577 4893 3718 4952 eam.
3753 4897 3777 4932 ι

2201 4959 2541 5028 Epiphanius
2582 4972 2725 5028 vero,
2764 4958 3060 5028 monachus
3105 4970 3170 5028 ac
3219 4949 3505 5028 presbyter
3549 4951 3600 5004 in
3635 4949 3787 5028 libro

2206 5021 2410 5083 inedita
2455 5028 2605 5100 Περὶ,
2633 5027 2741 5100 τ’ορ
2773 5027 2918 5100 ,βίον
2951 5023 3062 5100 τῆς
3091 5021 3418 5100 ὑπεραγίας
3467 5021 3782 5100 Θεοτόκου,

2211 5100 2263 5153 id
2292 5110 2394 5165 est,
2423 5116 2442 5149 ι
2473 5091 2666 5151 devita
2708 5091 3078 5150 sanctissima:
3125 5091 3386 5162 Deipartr,
3427 5110 3446 5143 ι
3469 5091 3565 5165 _sic
3588 5105 3664 5165 ea_
3697 5091 3786 5165 inf

2214 5157 2455 5240 lelligi't:
2511 5169 2611 5222 οὐκ
2646 5167 2911 5235 ἐγίνωσκε
2962 5166 3031 5240 τά
3077 5157 3352 5240 μυστῆρια
3402 5160 3497 5214 τοῦ
3530 5157 3783 5240 Θεοῦηξιί

2217 5231 2394 5311 οειξι
2411 5255 2514 5292 non
2550 5231 2772 5311 noverat
2799 5239 3052 5311 mysteria
3078 5231 3207 5311 Dei_._
3233 5231 3468 5311 {Exstat
3485 5242 3662 5311 autem
3697 5231 3788 5311 hic

2219 5309 2358 5364 liber
2385 5309 2437 5360 in
2468 5308 2699 5375 quodam
2722 5322 2784 5359 ex
2809 5303 3069 5360 Nanianis
3091 5305 3370 5375 codicibus
3396 5303 3781 5375 membraneis.

2277 5378 2389 5448 (84)
2431 5369 2712 5448 semper...
2741 5379 2907 5448 uirgo.
2944 5374 3428 5448 Eodemmodo_de
3455 5374 3627 5448 beata
3661 5369 3786 5448 γετ-

2207 5439 2330 5516 gine
2374 5439 2981 5516 'loqnititnAmbrosius
3028 5445 3089 5516 iu
3133 5445 3270 5498 libro
3450 5439 3783 5516 institutione

2205 5509 2427 5588 cii-ginis
2448 5509 2578 5584 cap.
2601 5513 2664 5588 Δ6,
2692 5530 2812 5585 pag.
2838 5513 2966 5588 QEO.
2992 5514 3190 5588 aliique
3223 5516 3290 5588 ab
3329 5512 3654 5580 llieroaymo
3703 5509 3786 5588 ci-

2209 5581 2306 5642 tati
2338 5589 2387 5640 in
2418 5581 2554 5638 libro
2575 5581 2840 5639 Adversus
2865 5583 3186 5639 Helvidium.
3216 5581 3481 5638 Cteterum
3537 5581 3785 5648 quamvis

2208 5659 2400 5725 «lngula
2435 5654 2758 5709 catholicum
2791 5653 2860 5706 de
2891 5664 3146 5722 perpetua
3185 5653 3428 5725 Deiparte
3474 5649 3786 5725 virginitate

2207 5719 2386 5795 plures
2415 5725 2847 5797 aliteDydi_Inurn
2873 5719 3062 5797 Patres
3096 5719 3436 5797 tradiderint,
3493 5719 3664 5797 pauci
3694 5727 3780 5797 ta-

2209 5789 2330 5852 inen
2351 5802 2475 5851 ante
2503 5789 2650 5852 illum
2693 5792 3100 5866 ’Λειπαρθένου,
3126 5794 3177 5850 id
3193 5800 3282 5848 est
3317 5807 3337 5842 ι
3369 5789 3594 5861 Semper
3617 5789 3786 5860 virgi-
