4056 6426
314 424 417 485 833

1389 425 1487 481 DE‘
1516 424 1890 481 TRINITATE
1926 422 2131 480 LIBER
2168 425 2491 484 TERTIUS.

3462 441 3573 498 834

311 562 470 608 τοκος
493 545 560 599 ὲκ
584 544 695 599 τῶν
733 544 960 615 νεκρῶν,
989 564 1009 597 ι
1037 545 1129 599 τὸν
1156 544 1318 599 αὑτὸν
1350 544 1560 599 Παῦλον
1588 544 1884 617 Κορινθίοις

1998 553 2079 599 est
2109 544 2271 616 35o
2297 548 2386 616 qui
2414 554 2470 600 et
2510 546 2703 617 ipsam,
2731 558 2786 604 et
2831 563 3021 605 omnes
3062 548 3335 607 formavit.
3381 554 3570 622 Quoad

312 636 403 693 διὰ
425 637 538 691 τῶν
568 637 703 709 πρὸς
736 638 934 701 αὐτοὺς
978 637 1211 709 πρώτων
1269 637 1692 709 ὲπιστολιμαίων
1725 656 1896 712 χαρα-

310 730 540 800 γμάτων
593 729 834 796 διδάξαι·
887 747 906 781 ι
934 730 1169 801 Χριστὸς
1223 730 1517 801 ἐγήγερται
1558 733 1623 784 ὲκ
1664 730 1897 800 νεκρῶν,

310 819 540 890 ἀπαρχὴ
559 819 667 873 τῶν
695 819 1109 891 κεκοιμημένων
1128 836 1144 852 ’
1175 820 1360 891 ἐπειδὴ
1384 820 1491 891 γὰρ
1515 820 1582 873 δι’
1608 820 1896 893 ἀνθρώπου

312 911 343 962 ὁ
395 910 656 978 Θάνατος,
713 913 807 966 καὶ
856 913 924 966 δι’
977 911 1267 984 ἀνθρώπου
1317 911 1612 977 ἀνάστασις
1665 912 1893 983 νεκρῶν.

316 1002 525 1073 ’Ὠσπερ
559 1005 617 1056 ὲν
659 1003 738 1074 τῷ
780 1005 949 1075 Ἀδὰμ
998 1005 1199 1069 πάντες
1249 1007 1706 1076 ἀποθνήσκουσιν,
1752 1005 1896 1059 οὕτω

313 1096 409 1148 καὶ
434 1097 492 1149 ὲν
518 1095 595 1166 τῷ
619 1096 839 1168 Χριστῷ
883 1098 1083 1162 πάντες
1110 1097 1631 1169 ζωοποιηθήσονται,
1666 1099 1894 1163 ἕκαστος

310 1183 368 1238 δὲ
393 1186 452 1238 ὲν
471 1185 548 1256 τῷ
579 1185 692 1255 ἰδίῳ
720 1187 983 1257 τάγματι.
1047 1186 1292 1258 Ἀπαρχὴ
1342 1187 1596 1257 Χριστὸς,
1628 1187 1820 1240 ἔπειτα
1843 1188 1892 1241 oi

310 1276 405 1330 τοῦ
440 1277 674 1348 Χριστοῦ
709 1279 768 1331 ὲν
799 1281 863 1350 τῇ
889 1279 1160 1349 παρουσίᾳ
1214 1276 1402 1341 αὑτοῦ,
1435 1274 1552 1332 εἶτα
1582 1279 1644 1331 τὸ
1672 1278 1842 1342 τέλος.
1869 1297 1888 1330 ι

310 1369 592 1438 Χρήσαιτο
615 1368 659 1421 δ’
685 1367 750 1422 ἄν
776 1387 859 1432 τις
889 1371 981 1423 καὶ
1022 1368 1196 1439 τούτῳ
1250 1368 1446 1440 ὀρθῶς.
1502 1370 1576 1424 Οὐ
1611 1370 1718 1442 γὰρ
1757 1370 1815 1423 ἓν
1841 1387 1893 1423 τι

313 1458 477 1528 μόνον
501 1458 595 1511 ἐπὶ
619 1461 731 1522 τοῖς
763 1458 904 1512 οὕτω
948 1458 1173 1529 ὑψηλοῖς
1205 1462 1388 1531 ῥητοῖς
1415 1461 1519 1532 χρὴ
1552 1463 1889 1521 ἐπισκοπεῖν,

306 1547 434 1601 οὐδὲ
454 1548 515 1601 τὸ
541 1543 727 1619 ἧσσον,
786 1548 922 1602 ἀλλὰ
971 1550 1032 1602 τὸ
1069 1550 1328 1620 ἄμεινον·
1376 1553 1455 1613 είς
1507 1550 1615 1621 γάρ
1647 1550 1714 1603 τὰ
1764 1550 1893 1621 περὶ

305 1640 471 1704 Θεοῦ,
510 1643 567 1695 ὲν
588 1644 700 1703 τοίς
732 1640 1012 1712 ἀμείνοσιν
1042 1643 1074 1713 ή
1110 1641 1356 1711 ἀλήθεια.
1385 1643 1507 1695 Ὅτι
1549 1643 1893 1714 πρωτότοκος

308 1735 494 1805 πάσης
519 1733 749 1796 κτίσεως
796 1732 1129 1803 ὠνόμασται,
1165 1733 1255 1786 διὰ
1278 1735 1402 1796 τοὺς
1427 1734 1484 1787 ὲν
1518 1732 1597 1804 τῷ
1628 1732 1760 1804 θείῳ
1798 1732 1894 1802 βα-

307 1824 576 1896 πτίσματι
607 1828 673 1895 τῇ
717 1824 958 1896 υἱοθεσία
988 1823 1080 1878 τοῦ
1126 1825 1283 1894 ἁγίου
1315 1824 1632 1896 Πνεύματος
1682 1827 1745 1879 ὲκ
1795 1822 1890 1878 τοῦ

1999 639 2452 706 nuncupationem
2502 652 2631 693 vero
2684 655 2705 691 ι
2760 640 3100 710 primogeniti
3146 656 3213 696 ex
3248 647 3496 711 mortuis,
3536 667 3558 702 ι

1998 729 2322 801 suﬂ'ragatur
2380 730 2534 785 nobis
2580 730 2721 800 quod
2753 731 2866 800 ipse
2896 729 3096 787 Paulus
3132 732 3183 786 in
3229 732 3249 786 l
3280 736 3347 788 ad
3383 737 3573 792 Corin-

2000 821 2142 877 thios
2172 820 2409 890 Epistola
2440 822 2553 892 (85)
2587 822 2769 876 docuit
2798 839 2812 876 :
2843 841 2863 875 (
2913 822 3162 878 Christus
3193 824 3305 895 (86)
3335 830 3576 885 surrexit

1999 928 2067 969 ex
2115 913 2364 978 mortuis,
2393 915 2648 983 primitiae
2687 916 3071 971 dormientium
3117 918 3267 990 (87);
3313 921 3569 988 quoniam

1998 1005 2141 1060 enim
2172 1019 2268 1074 per
2298 1005 2571 1060 hominem
2600 1020 2748 1059 mors
2773 1047 2787 1070 ,
2811 1016 2865 1060 et
2891 1023 2985 1076 per
3016 1010 3285 1065 hominem
3323 1027 3569 1067 resurre-

1996 1095 2104 1152 ctio
2140 1104 2476 1151 mortuorum
2508 1115 2521 1151 :
2572 1098 2713 1152 sicut
2749 1098 2859 1169 (88)
2913 1100 2967 1154 in
3014 1102 3181 1155 Adam
3219 1118 3411 1157 omnes
3454 1120 3571 1157 mo-

1996 1186 2231 1251 riuntur,
2272 1185 2342 1239 ita
2392 1195 2446 1240 et
2497 1186 2553 1239 in
2604 1186 2825 1243 Christo
2870 1203 3061 1243 Omnes
3108 1190 3568 1247 viviﬁcabuntur:

1998 1271 2369 1341 unusquisque
2418 1281 2597 1326 autem
2645 1273 2698 1326 in
2752 1274 2967 1343 proprio
3021 1275 3250 1343 ordine;
3318 1278 3571 1345 primitiae

1992 1362 2285 1424 Christus;
2320 1361 2516 1416 deinde
2559 1361 2632 1425 ii,
2680 1365 2769 1431 qui
2800 1372 2927 1416 sunt
2975 1363 3201 1430 Christi,
3252 1365 3304 1417 itt
3336 1366 3564 1419 adventu

1992 1453 2147 1521 ejus:
2183 1454 2375 1507 deinde
2426 1451 2566 1508 ﬁnis.
2605 1471 2623 1505 ι
2666 1452 2771 1507 Sed
2813 1464 2866 1509 et
2896 1455 3051 1509 aliter
3094 1458 3261 1527 accipi
3299 1467 3443 1511 recte
3472 1472 3571 1526 po-

1996 1557 2097 1599 test
2125 1543 2369 1610 obiectus
2407 1545 2603 1599 locus:
2674 1561 2774 1599 nec
2821 1547 2967 1599 enim
3022 1559 3229 1599 certum
3277 1552 3563 1615 quemdam

1991 1653 2206 1692 sensum
2235 1636 2494 1689 duntaxat
2521 1644 2770 1705 spectare
2805 1647 3021 1706 Oportet
3053 1638 3107 1691 in
3161 1639 3397 1694 oraculis
3453 1651 3562 1695 tam

1991 1727 2330 1789 sublimibus,
2372 1741 2469 1781 nec
2530 1727 2678 1781 illum
2730 1729 3001 1795 amplecti,
3050 1730 3141 1797 qui
3196 1731 3374 1784 minus
3421 1746 3560 1799 pra:-

1991 1829 2141 1872 staus
2189 1818 2283 1881 sit,
2314 1817 2406 1871 sed
2442 1831 2564 1871 eum
2610 1817 2702 1885 qui
2752 1819 3019 1872 excelsior
3062 1835 3126 1872 ac
3162 1819 3382 1885 melior;
3435 1836 3557 1874 nam

303 1895 460 1968 Θεοῦγ
480 1914 870 1986 γεννωμένους,
895 1895 991 1968 καὶ
1037 1914 1125 1969 διά
1151 1914 1213 1967 τὸ
1261 1916 1389 1979 πᾶν,
1421 1895 1644 1984 ὃνὲσμὲν
1677 1915 1773 1970 καὶ¹
1801 1931 1884 1967 κε-

1991 1925 2112 1964 cum
2147 1908 2214 1963 de
2243 1909 2308 1962 iis
2352 1907 2549 1977 agitur,
2597 1921 2717 1977 quae
2763 1906 2931 1962 Deum
2982 1918 3246 1978 spectant,
3296 1909 3347 1963 in
3400 1910 3563 1963 subli-

300 2007 577 2078 κτήμεθα,
628 2007 689 2072 ἐξ
738 2005 901 2060 αὐτοῦ
937 2005 1237 2077 είληφέναι,
1288 2006 1433 2060 καθὰ
1462 2005 1622 2060 πάλιν
1655 2007 1683 2058 ὁ
1730 2004 1894 2069 αὐτὸς

302 2100 581 2154 παιδεύων
613 2098 796 2167 λέγει’
867 2117 885 2149 ι
908 2099 972 2151 Τί
997 2098 1055 2151 δὲ
1081 2097 1242 2168 ἔχεις,
1291 2098 1319 2151 ὃ
1346 2099 1447 2152 οὐκ
1482 2097 1709 2162 ἔλαϐες;
1744 2095 1807 2149 Ei
1834 2096 1911 2149 se

301 2191 520 2255 ἔλαϐες,
553 2192 604 2244 τί
636 2192 906 2261 καυχᾶσαι
938 2190 1014 2253 ὡς
1051 2189 1124 2261 μὴ
1153 2188 1373 2256 λα6ὡν;
1402 2208 1420 2242 ι
1464 2188 1539 2253 ὡς
1567 2190 1663 2242 καὶ
1698 2187 1890 2258 Ἐλλή-

298 2301 417 2338 νων
451 2284 657 2349 παῖδες,
708 2282 807 2348 τὰς
835 2282 1000 2346 ἄλλας
1032 2280 1380 2344 ἐναντιώσεις
1427 2280 1678 2350 ἀφέντες,
1707 2279 1890 2351 διηγόο

303 2392 513 2448 ρευσαν
529 2394 543 2406 ⁸

1987 2002 2145 2055 miori
2184 1996 2565 2070 explanatione
2598 2000 2737 2053 inest
2780 2001 3001 2055 veritas.
3052 2001 3163 2054 Dici
3198 2016 3329 2070 ergo
3360 2009 3556 2068 potest,

1983 2092 2397 2163 primogenitum
2424 2089 2601 2145 omnis
2652 2098 2913 2144 creatura:
2956 2091 3061 2145 dici
3108 2091 3382 2145 Christmn
3428 2105 3551 2143 cum

1983 2193 2203 2254 propter
2228 2197 2344 2245 eos,
2370 2179 2463 2250 qui
2493 2181 2545 2233 in
2568 2180 2753 2235 divino
2789 2181 3056 2250 baptismo
3090 2197 3186 2247 per
3210 2180 3558 2249 adoptionem

1984 2289 2015 2329 a
2043 2272 2247 2341 Spiritu
2297 2279 2487 2325 sancto
2536 2267 2741 2322 factam
2792 2281 3119 2337 generantur
3161 2284 3224 2323 ex
3263 2268 3408 2334 Deo;
3443 2278 3557 2320 tum

1986 2365 2149 2420 etiam
2175 2362 2299 2432 quia
2329 2360 2588 2429 quidquid
2633 2374 2844 2424 sumus,
2877 2370 2933 2415 et
2956 2360 3319 2429 possidemus,
3346 2362 3413 2412 ab
3439 2359 3556 2428 ipso

300 2447 638 2534 accepimus,
671 2474 730 2518 ιιι
759 2481 972 2520 rursum
999 2467 1113 2538 ipse
1144 2467 1342 2522 Paulus
1407 2479 1505 2519 nos
1531 2464 1786 2519 erudiens
1807 2463 1920 2516 ait:
1970 2478 1988 2511 ι
2029 2456 2168 2525 Quid
2232 2463 2409 2509 autem
2445 2452 2557 2523 (89)
2608 2453 2773 2507 habes
2805 2451 2948 2521 quod
3002 2465 3106 2506 non
3156 2451 3447 2520 accepisti?
3495 2447 3555 2503 Si

305 2570 495 2615 autem
527 2560 781 2630 accepisti
829 2560 964 2629 (90),
1000 2560 1129 2630 quid
1174 2559 1428 2631 gloriaris
1505 2558 1661 2628 quasi
1733 2571 1838 2611 non
1905 2549 2215 2624 acceperis?
2252 2568 2273 2603 ι
2305 2548 2443 2616 Quin
2509 2557 2566 2602 et
2608 2544 2916 2602 Graecorum
2950 2544 3068 2612 lilii,
3106 2545 3395 2612 alumnive,
3435 2547 3558 2600 aliis

299 2671 432 2727 quae
479 2655 563 2709 bis
611 2653 883 2709 contraria
914 2661 1058 2707 sunt
1104 2650 1396 2717 neglectis,
1447 2650 1646 2704 similia
1695 2648 2025 2703 edixerunt:

299 2779 511 2834 Πάντα
530 2777 645 2847 μὲν
671 2774 984 2833 ἀθανάτοιο
1025 2774 1170 2847 Θεοῦ
1203 2772 1626 2847 πανυπέρῗαῗίί
1646 2768 1822 2838 δῶρα’

305 2842 612 2918 Ἔξοχιῐδ⁹
640 2847 710 2900 ἑν
723 2848 1085 2915 μερόπεσσιν
1121 2845 1396 2911 ἀληθείης
1435 2842 1564 2912 μέγ’
1595 2842 1813 2908 ὄνειαρ.

379 2998 445 3050 Εἰ
465 2996 817 3067 δὲτολμηρῶς
840 2997 934 3049 καὶ
954 2984 1035 3059 είς
1048 2996 1147 3066 τὴν
1171 2995 1552 3065 ἀκατάληπτον
1576 2993 1738 3046 αὑτοῦ
1765 2992 1880 3046 θεόι

1997 2765 2187 2821 Omnia
2214 2762 2421 2833 quidem
2461 2758 2776 2833 immortalis
2815 2757 2906 2833 Dei
2938 2774 3179 2833 suprema
3205 2758 3379 2823 dona;

1994 2829 2270 2891 Prwciatie
2325 2847 2442 2886 vero
2512 2834 2652 2883 inter
2698 2829 2929 2883 homines
2972 2831 3201 2969 veritatis
3242 2847 3429 2970 uta/git):
3477 2839 3557 2885 est

3089 2904 3331 2963 αιιίιιαδ(
3432 2940 3448 2956 .

3227 2919 3285 2952 αδ
3315 2919 3395 2956 (δι
3412 2919 3448 2956 1ο

2061 2993 2211 3061 Quod
2238 2992 2281 3047 si
2309 2992 2475 3047 etiam
2523 2992 2588 3043 de
2639 2986 3168 3056 incomprehensibili
3215 2989 3413 3042 Christi
3449 2990 3560 3044 dei-

300 3105 450 3157 τητα
487 3088 783 3159 ἐκληπτέον
813 3088 906 3151 τὸ,
947 3106 966 3138 ι
994 3087 1343 3158 Πρωτότοκος
1373 3086 1552 3156 πάσης
1584 3084 1833 3147 κτίσεως,
1859 3102 1878 3136 ι

1988 3096 2097 3141 tate
2126 3088 2381 3139 audacter
2422 3082 2691 3152 explicare
2720 3080 2853 3133 velis
2890 3080 3099 3149 objecta
3128 3083 3311 3144 verba,
3339 3080 3411 3135 ita
3443 3081 3555 3137 fere

304 3178 530 3251 νοηθείη
569 3179 636 3232 ἂν
694 3177 834 3230 οὕτω
878 3194 996 3240 πως
1042 3175 1415 3246 κεκλῆσθαι,ἢ
1457 3175 1533 3238 ὡς
1570 3174 1675 3246 πρὸ
1703 3174 1884 3244 πάσης

303 3268 535 3337 κτιστῆς
568 3267 693 3339 [166
717 3265 770 3338 α]
822 3267 1129 3337 γεννήσεως
1160 3265 1515 3335 γεννηθεὶς,ἢ
1566 3265 1640 3326 ὡς
1672 3263 1886 3333 πρῶτος

302 3360 408 3413 καὶ
439 3360 596 3428 μόνος
632 3358 760 3420 Υἱὸς
790 3358 963 3425 Λόγος
1000 3357 1386 3426 παρακομίσας
1418 3354 1512 3409 καὶ
1548 3353 1885 3424 τεκτηνάμε-

305 3468 401 3514 νος
420 3453 481 3503 ἐκ
513 3450 585 3521 μὴ
606 3449 775 3502 ὄντων
795 3450 975 3501 πᾶσαν
1005 3446 1417 3519 προηγουμένην
1439 3446 1665 3508 κτίσεως
1686 3445 1882 3512 κτίσιν,

307 3541 408 3593 καὶ
432 3542 599 3603 αἴτιος
624 3541 803 3611 πάσης
829 3540 925 3603 ὢν,
956 3535 1072 3592 εἶτα
1093 3540 1187 3593 καὶ
1210 3539 1285 3604 ὡς
1308 3537 1554 3611 θεμέλιος
1577 3541 1753 3611 φέρων
1790 3541 1886 3593 αὑ-

307 3632 411 3704 τὴν
434 3630 512 3702 τῷ
535 3633 740 3703 ῥήματι
771 3631 870 3703 τῆς
900 3630 1181 3701 δυνάμεως
1217 3631 1405 3698 αὐτοῦ,
1434 3633 1574 3685 κατὰ
1610 3632 1701 3684 τὸν
1747 3633 1884 3702 ψάλ-

310 3724 500 3777 λονταο
540 3743 559 3774 ι
586 3723 770 3776 Πάντα
797 3725 854 3775 ἐν
890 3723 1049 3794 σοφίᾳ
1083 3725 1377 3795 ἐποίησας·
1404 3744 1422 3775 ι
1458 3724 1554 3778 καὶ
1602 3724 1743 3777 κατὰ
1785 3724 1886 3795 τὴν

316 3815 619 3889 Παροιμίαν
662 3815 973 3887 Σολομῶνος
1025 3815 1288 3884 λέγουσαν
1310 3833 1325 3846 ο
1363 3835 1381 3867 ι
1424 3817 1481 3870 '0
1533 3816 1665 3881 Θεὸς
1715 3820 1772 3870 ὲν
1815 3820 1881 3889 τῇ

317 3910 477 3981 σοφίᾳ
540 3908 868 3980 ὲθεμελίωσε
911 3909 1010 3977 τὴν
1056 3909 1181 3977 γῆν,
1209 3907 1506 3979 ἡτοίμασεν
1536 3908 1591 3961 δὲ
1624 3909 1885 3981 οὐρανοὺς

310 4004 370 4055 ἐν
396 4002 676 4072 φρονήσει.
701 4018 719 4051 ι
773 4000 885 4054 Καὶ
917 3998 1050 4053 αὐτὸ
1088 3998 1145 4052 δὲ
1178 3999 1337 4053 τοῦτο
1372 4000 1545 4070 κρίνει
1575 4001 1636 4053 τὸ
1674 4000 1888 4072 προκεί-

314 4108 473 4163 μενον
527 4092 695 4164 μέρος
746 4090 845 4161 τῆς
884 4090 1208 4161 Ἐπιστολῆς
1228 4131 1243 4157 ,
1294 4089 1416 4161 ἕχον
1438 4108 1451 4122 ⁸
1488 4111 1506 4142 ι
1537 4092 1886 4162 Πρωτότοκος

310 4182 491 4252 πάσης
522 4182 776 4246 κτίσεως,
798 4182 879 4234 ὃτι
909 4183 968 4233 ὲν
998 4180 1147 4251 αὐτῷ
1175 4181 1395 4252 ἐκτίσθη
1412 4182 1480 4235 τὰ
1506 4184 1733 4247 πάντα,ι
1770 4183 1882 4247 καὶ,

211 4308 217 4317 -
318 4292 338 4325 ι
371 4273 453 4326 Τὰ
495 4274 671 4327 πάντα
718 4272 786 4326 δι’
818 4272 984 4328 αὑτοῦ
1020 4273 1114 4326 καὶ
1132 4273 1211 4336 είς
1270 4273 1431 4326 αὐτὸν
1485 4273 1753 4327 ἔκτισται*
1791 4274 1886 4326 καὶ.

311 4364 475 4428 αὐτὸς
518 4364 632 4418 ἔστι
682 4364 791 4438 πρὸ
826 4364 1065 4429 πάντων,
1111 4365 1206 4418 καὶ
1258 4364 1327 4418 τὰ
1394 4365 1571 4419 πάντα
1627 4368 1684 4419 ὲν
1734 4365 1883 4437 αὐτῷ

1988 3177 2297 3246 accipienda
2325 3183 2504 3235 erunt,
2541 3183 2596 3226 ut
2623 3182 2842 3225 vocatus
2863 3172 2931 3224 sit
2956 3171 3347 3240 primogenitus
3375 3176 3555 3228 omnis

1986 3276 2248 3318 creaturae
2283 3272 2374 3315 aut
2404 3262 2528 3331 quia
2566 3261 2780 3331 genitus
2812 3271 2895 3313 est
2947 3268 3073 3314 ante
3115 3263 3362 3329 quamvis
3404 3278 3557 3318 crea-

1987 3368 2095 3411 tam
2127 3355 2567 3425 generationem;
2626 3362 2719 3405 aut
2754 3351 2878 3418 quia
2926 3362 3010 3407 est
3055 3358 3260 3421 primus
3304 3364 3358 3406 et
3407 3356 3555 3409 solus

1984 3447 2155 3507 Filius
2187 3444 2447 3513 Verbum,
2482 3450 2571 3519 qui
2615 3466 2680 3504 ex
2721 3443 2888 3503 nihilo
2934 3459 3310 3513 quamcunque
3342 3458 3556 3500 creatu-

1987 3559 2101 3598 ram
2130 3553 2375 3597 creatura
2401 3543 2591 3611 quavis
2614 3542 2941 3595 anteriorem
2986 3538 3260 3613 pI‘OtlllXil,
3297 3554 3360 3592 ac
3389 3539 3551 3593 Veluti

1987 3634 2293 3697 fabricavit,
2324 3633 2672 3701 omniumque
2713 3647 2892 3686 rerum
2933 3642 3095 3688 causa
3119 3638 3233 3691 est;
3271 3639 3362 3681 aut
3389 3631 3551 3682 etiam

1986 3726 2109 3793 quia
2135 3724 2248 3793 ipse
2264 3733 2346 3778 est
2378 3723 2785 3777 fundamentum
2809 3740 2828 3773 ε
2852 3724 3029 3777 omnia
3057 3729 3276 3794 perlitus
3302 3719 3412 3787 (92)
3436 3735 3555 3773 νει·-

1984 3815 2054 3868 bo
2090 3815 2305 3869 virtutis
2352 3815 2462 3885 (seu
2520 3814 2793 3883 potentiae)
2847 3830 2976 3878 sum,
3030 3835 3050 3868 ι
3113 3815 3265 3885 juxta
3315 3809 3551 3874 Pssuma

1984 3907 2141 3977 351
2175 3908 2263 3975 qui
2295 3908 2372 3960 ait
2405 3926 2419 3962 :
2473 3926 2491 3957 ι
2525 3906 2716 3963 Omnia
2748 3907 2856 3979 (95)
2887 3907 2940 3961 in
2978 3907 3251 3977 Sapientia
3282 3909 3484 3978 fecisti;
3523 3932 3548 3965 ι

1985 4010 2040 4053 et
2062 4001 2215 4067 juxta
2249 3998 2601 4055 Proverbium
2639 4000 2944 4057 Salomonis
2973 4001 3264 4069 inquiet-tis
3296 4019 3311 4057 :
3357 4024 3376 4056 ι
3412 4004 3552 4057 Deus

1985 4089 2037 4144 in
2070 4091 2344 4160 Sapientia
2400 4091 2511 4162 (94)
2557 4091 2803 4146 fundavit.
2841 4102 3079 4159 terram;
3131 4096 3337 4162 paravit
3369 4106 3551 4150 autem

1985 4182 2155 4237 caelos
2180 4183 2231 4237 in
2257 4184 2562 4252 prudentia.
2596 4202 2617 4236 ι
2652 4183 2778 4238 llaec
2800 4184 2915 4252 ipsa
2948 4186 3236 4251 explicatio
3262 4186 3550 4240 conﬁrma-

1986 4281 2075 4328 tur
2099 4274 2263 4329 etiam
2297 4272 2462 4328 allato
2499 4272 2753 4341 Epistola:
2795 4273 3116 4343 fragmento,
3146 4273 3290 4344 quod
3335 4275 3497 4329 habet
3528 4291 3549 4330 :

1992 4383 2011 4416 ι
2049 4364 2450 4433 Primogenitus
2487 4366 2666 4421 omnis
2714 4377 2996 4431 creaturae,
3025 4367 3276 4435 quoniam
3334 4366 3386 4421 in
3428 4366 3552 4436 ipso

315 4455 659 4526 συνέστηκεν.
690 4474 711 4507 ι
770 4456 879 4509 Καὶ
932 4454 1020 4508 διὰ
1076 4454 1236 4534 τοῦτο
1293 4454 1390 4508 καὶ
1451 4455 1611 4525 μόνον
1687 4456 1872 4526 φησὶν,

1988 4458 2199 4512 condita
2232 4467 2359 4512 sunt
2410 4457 2590 4513 omnia
2626 4474 2639 4511 :
2682 4476 2703 4509 ι
2756 4466 2831 4522 ει,
2874 4475 2894 4509 ι
2931 4457 3117 4526 Omnia
3151 4473 3249 4528 per
3274 4458 3467 4528 ipsum,
3491 4472 3549 4513 et

318 4707 403 4764 nis
429 4726 448 4759 ι
477 4706 685 4760 titulum
709 4722 757 4760 et
786 4704 1110 4765 tribuerunt,
1136 4702 1190 4756 ni
1222 4699 1400 4755 fallor.
1428 4697 1484 4753 in
1510 4700 1696 4769 paucis
1726 4699 1872 4754 hisce

319 4777 631 4831 numerandi
707 4784 831 4830 sunt
894 4772 1245 4841 Epiphanius,
1314 4780 1475 4837 atque
1522 4770 1871 4823 Athanasius.

318 4846 528 4900 Primus
550 4845 765 4915 quidem
798 4860 921 4898 cum
946 4844 1136 4915 haeresi
1174 4855 1405 4915 Lxxxttt,
1426 4849 1544 4915 tum
1585 4841 1636 4891 in
1666 4842 1875 4915 Anc/to-

1981 4707 2209 4772 terpres,
2249 4710 2302 4756 et
2334 4703 2504 4758 codex
2531 4698 2925 4756 Alexandrinus
2944 4700 3128 4755 omisit
3152 4715 3289 4770 ,eam
3331 4708 3543 4772 vocem,

1974 4779 2033 4822 ut
2053 4769 2344 4840 pidymus.

2041 4838 2558 4913 (88)ISicut._Gr:eca
2584 4842 2746 4896 editio
2771 4842 3013 4913 ι”ῼσπερ
3032 4840 3160 4910 γάρ,
3186 4841 3357 4913 idest,
3392 4861 3411 4895 ε
3435 4846 3543 4901 sic-

319 4926 435 4970 rato
465 4909 674 4984 pagli9
718 4916 929 4968 beatam
958 4912 1179 4965 Mariam
1210 4925 1275 4984 eo
1322 4909 1477 4984 titulo
1503 4918 1688 4984 vpcat;
1741 4910 1876 4961 alter
1969 4917 2030 4960 ttt
2072 4911 2237 4984 enim.
2293 4929 2312 4962 ι
2359 4911 2549 4984 Vocem
2576 4912 2692 4984 γάρ
2727 4928 2794 4968 ne
2846 4909 3350 4984 Vitlgatus'quidetn
3377 4914 3549 4970 inter-

318 5000 448 5056 νει-ο
465 4977 521 5039 in
535 4977 890 5056 Fragmeutis
904 4981 1425 5056 commep_tario_r_um_
1442 4981 1496 5031 in
1513 4977 1717 5056 _Lucl_lm
1742 4987 1872 5056 tom_.

319 5052 364 5108 11
396 5070 545 5110 novae
580 5048 925 5109 Collectionis
948 5066 1070 5121 pag.
1103 5050 1194 5115 45,
1244 5049 1334 5121 ubi
1383 5050 1462 5102 sic
1498 5048 1747 5121 loquitur
1773 5064 1807 5121 ελ
1838 5050 1872 5117 ή

318 5123 883 5196 ΚυριοτόκοςνΜαρία,
912 5117 1008 5196 καὶ
1021 5117 1550 5196 “Ἀειπαρθένος,-“ἱς1
1597 5124 1751 5196 εξιηι
1781 5117 1883 5171 Do-

320 5185 582 5263 miuipara
617 5185 805 5257 Maria,
834 5185 889 5247 et
915 5191 1141 5263 Semper
1154 5185 1335 5263 virgo.
1368 5211 1390 5241 ι
1441 5186 1571 5241 Vide
1608 5185 1882 5263 etAyepo-

314 5255 628 5335 rium'napud
652 5255 968 5335 Cassianum
997 5255 1071 5335 lib
1096 5275 1112 5313 ι
1146 5255 1452 5335 De‘incarn.
1488 5271 1610 5325 pag.
1635 5255 1765 5335 6_95.

385 5334 496 5406 (85)
521 5326 783 5406 Epistola.
809 5331 1010 5406 Codex,
1038 5326 1476 5406 ξπιστολημαίων
1537 5341 1634 5395 pro
1666 5327 1881 5406 ἐπιστο-

308 5396 579 5476 λιμαίων.’
602 5404 675 5459 lta
704 5413 760 5457 et
788 5403 927 5476 apud
960 5399 1229 5476 [follttcem
1275 5398 1368 5476 liii.
1424 5410 1476 5449 νι
1527 5410 1717 5476 segan
1750 5396 1878 5476 198,

311 5465 403 5529 ubi
439 5477 633 5544 legitur
658 5465 1080 5544 επιστολιμαῖος,
1114 5465 1352 5544 npnnulli
1404 5479 1535 5520 vero
1580 5465 1877 5544 conjiciunt

310 5535 596 5615 legendum
652 5535 1570 5615 dnonokt'pqtiog._Jungermannus
1616 5535 1871 5590 mouetin

310 5609 497 5669 co'diee
524 5631 623 5667 ms.
650 5615 751 5680 legi
777 5609 1345 5680 Entcsolqpalogcuut
1373 5622 1431 5675 η.

384 5684 495 5754 (86)
530 5674 790 5738 Christus.
849 5682 866 5734 Ι
906 5674 1157 5754 Ctirl'xv,
1185 5674 1374 5754 20:24.

384 5742 496 5825 (87')
528 5755 931 5807 Dormientium.
959 5749 1170 5825 Graeca"
1198 5745 1369 5825 editio.
1416 5743 1503 5825 hic
1556 5744 1705 5798 addit
1750 5742 1874 5821 ἐγέ-

310 5810 454 5890 νετο,
478 5810 544 5880 ’Μ
571 5835 654 5879 est
691 5841 712 5875 ι
741 5824 911 5877 factus
946 5828 1049 5874 est.
1079 5836 1099 5869 ι
1138 5815 1244 5872 Sed
1270 5810 1529 5883 Vulgatus
1553 5829 1764 5884 quoque
1787 5810 1872 5868 in-

1970 4990 2094 5046 pres
2132 4979 2282 5047 legit;
2317 4982 2478 5033 vertit
2504 4979 2703 5034 enim}
2737 4991 2790 5035 et
2819 4979 2983 5036 sicut.
3017 5000 3038 5034 ι

2043 5047 2157 5117 (89)
2192 5047 2334 5113 Quid
2359 5061 2555 5103 autem.
2595 5050 2612 5103 Ι
2650 5049 2777 5105 Cor.
2819 5067 2891 5114 Iv,
2924 5053 2975 5106 7.

2051 5117 2160 5187 (90)
2192 5119 2254 5173 Si
2282 5133 2453 5172 autem
2491 5122 2754 5186 accepisti.
2783 5120 2967 5176 Graeca
3002 5121 3201 5175 editio:
3240 5121 3306 5174 El.
3344 5121 3403 5177 δὲ
3449 5126 3549 5181 καὶ

1978 5185 2184 5250 ἔλαϐες.
2218 5189 2289 5241 At
2322 5189 2563 5262 Voculam
2601 5185 2696 5243 καί
2730 5192 2912 5245 omisit
2950 5188 3427 5262 etiamHVulgatus
3467 5198 3547 5249 in-

1979 5265 2297 5327 terpres,_ct
2329 5260 2607 5327 theologus
2637 5271 2823 5314 noster
2855 5274 3025 5327 segni.
3063 5261 3164 5314 177
3195 5278 3247 5315 a.

2048 5325 2163 5395 (91)
2194 5324 2433 5403 Utilitas.
2464 5324 2892 5403 C69ex,_ovs£ap.
2918 5324 3070 5403 Lego
3122 5330 3328 5403 ὄνειαρ.
3354 5329 3546 5403 Hesio-

1978 5398 2078 5451 dus
2151 5410 2371 5464 quoque
2403 5400 2456 5452 in
2520 5395 2775 5466 Operibus
2805 5395 2867 5453 ai:
2900 5395 3084 5455 dieb‘us
3123 5395 3337 5456 versC‘
3387 5402 3547 5470 dixit,

1980 5466 2099 5537 μέγῖ
2117 5464 2328 5537 -δνεεαρ-
2348 5535 2355 5537 Α

2049 5480 2097 5532 γ’
2126 5480 2328 5532 ονειαρ.

2053 5483 2096 5532 γ’
2126 5483 2328 5537 ονειαρ.

2053 5534 2163 5607 (Si?)
2202 5534 2391 5607 ρηιηὶα
2427 5545 2663 5607 portans.
2701 5537 2863 5592 Hebr.
2891 5554 2932 5601 ι,
2959 5538 3014 5593 5.

2204 5604 2437 5678 ant'a.
2457 5607 2597 5678 ιξδθι.
2628 5622 2744 5673 cm,
2768 5608 2837 5662 25
2868 5612 2981 5678 (seu
3009 5607 3121 5678 24).

2050 5674 2178 5746 (94)
2203 5676 2343 5746 Deus
2382 5677 2435 5730 in
2469 5677 2762 5746 Sapientia.
2797 5674 2949 5731 Prov.
2980 5694 3061 5745 ιιι,
3082 5674 3179 5732 ⁷19.
3224 5675 3425 5734 Vocula
3460 5680 3544 5745 ἐν,

1978 5745 2100 5869 :iav‘:
2120 5745 2249 5869 ei
2268 5763 2289 5798 ι
2317 5745 2469 5803 deest
2492 5746 2545 5802 in
2570 5745 2775 5804 Bibliis.
2803 5746 3059 5819 Didymus
3080 5750 3194 5819 ipse
3217 5761 3335 5804 eam
3359 5751 3543 5805 omisit

1977 5828 2100 5884 pag.
2128 5828 2249 5869 124.
