4056 6418
333 408 441 466 857
1429 399 1517 459 DE
1555 398 1931 457 TBINITATE
1970 399 2174 457 LIBER
2213 398 2535 459 TERTIUS.

334 539 400 576 τε
424 519 606 593 ήμῶν,
637 515 989 589 πρωτότοκός
1019 532 1078 569 τε
1116 512 1453 586 ἀριθμεῖται.
1484 512 1653 577 Αὐτὸς
1684 511 1782 583 μὲν
1812 511 1921 582 γὰρ

2029 527 2090 567 ac
2117 511 2212 566 ﬁlii
2258 512 2377 567 Dei.
2417 511 2588 567 Nemo
2624 509 2766 566 enim
2800 516 2997 565 natura
3036 509 3206 567 frater
3230 520 3314 569 est
3345 513 3439 568 ﬁlii
3471 518 3599 570 uni-

333 614 399 679 ἐξ
442 613 670 682 ἀπείρου
723 607 894 678 ὕψους
939 607 1130 660 ἐαυτὸν
1173 604 1264 658 διὰ
1313 605 1440 668 τοὺς
1490 602 1654 667 ίδίους
1701 602 1921 666 δούλους

2029 605 2195 675 geniti
2227 624 2240 659 :
2293 606 2384 675 qui
2417 620 2548 660 vero
2576 604 2817 659 omnium
2858 604 3127 670 conditor,
3158 613 3213 659 et
3244 606 3601 662 administra—

336 702 601 765 κενώσας,
635 699 730 753 καί
762 698 1120 761 ὰνακαινίσας
1151 697 1351 761 πάντα,
1382 696 1479 748 καὶ
1522 694 1699 765 ἀρχὴν
1734 694 1922 766 κρείτ-

2029 707 2113 752 ιοι·
2152 708 2256 762 est,
2288 712 2354 753 ac
2386 697 2533 752 solus
2563 697 2896 763 misericors,
2927 697 2974 751 is
3002 704 3056 751 et
3094 697 3266 751 frater
3307 711 3512 764 noster,
3545 707 3601 752 et

3491 400 3599 461 858

334 809 491 855 τονος
526 790 640 861 βίου
680 791 747 861 τῇ
804 788 998 842 ἑαυτοῦ
1048 787 1315 858 ἐπιδημίᾳ
1353 786 1791 857 παρασχόμενος,
1831 786 1925 838 καὶ

334 883 429 936 διὰ
453 882 613 935 τοῦτο
650 881 998 952 πρωτότοκος
1031 879 1275 949 κληθεὶς,
1324 878 1385 931 οῦ
1417 878 1470 931 τί
1511 895 1612 930 που
1646 878 1746 950 τὴν
1774 876 1924 931 θείαν

339 971 665 1044 παρεϐλάὄη
696 971 890 1038 δόξανσ
924 972 1047 1025 οὐδέ
1087 971 1196 1044 γὰρ
1242 968 1673 1042 μειονεκτεῖσθαί
1719 986 1858 1035 πως,
1887 970 1921 1041 ἢ

339 1068 423 1129 εἰς
443 1066 501 1118 τὸ
518 1064 612 1119 τοῦ
645 1067 824 1136 χεῖρον
846 1062 1058 1134 ἔχοντος
1087 1064 1284 1136 μέτρον
1304 1061 1706 1132 καταφέρεσθαι
1737 1063 1925 1133 ἀνέχε-

338 1174 433 1211 ται
474 1157 755 1227 δυνάμεως
802 1155 1022 1222 λέξεων,
1073 1156 1132 1208 ἐν
1175 1157 1242 1226 τῇ
1298 1154 1644 1224 καταχρήσει
1694 1153 1785 1207 διὰ
1827 1152 1925 1224 τὴν

338 1248 645 1319 ἄφθεγκτον
685 1248 998 1318 οἰκονομίαν
1049 1245 1514 1317 ἐξενηνεγμένων·
1564 1247 1730 1315 ἡμεῖς
1757 1245 1815 1298 δὲ
1860 1246 1925 1298 ἐκ

338 1341 544 1411 πολλῆς
568 1340 951 1404 ταπεινώσεως
981 1340 1077 1394 καὶ
1126 1339 1352 1402 σκότους
1382 1339 1462 1401 είς
1487 1337 1645 1401 δόξαν
1678 1337 1773 1390 καὶ
1801 1336 1918 1406 φῶς

339 1432 657 1504 ἀνήχθημεν
723 1432 971 1504 ἄπειρον,
1018 1430 1118 1503 τήν
1164 1432 1247 1494 είς
1308 1429 1471 1484 αὐτὸν
1530 1427 1924 1499 είσδεδεγμένοι

250 1543 271 1561 '
339 1523 545 1578 πίστιν.
575 1524 843 1577 ’Ἐκαστον
876 1523 1005 1595 γὰρ,
1039 1522 1169 1594 παρ’
1199 1521 1228 1575 ὃ
1263 1520 1363 1593 τήν
1413 1521 1575 1591 φύσιν
1618 1520 1791 1585 ἐστὶν,
1838 1519 1925 1573 λέ-

343 1614 481 1679 ξεως
523 1614 755 1686 ὄγκῳ,ἢ
805 1615 1198 1688 χθαμαλότητι,
1240 1614 1354 1669 οὔτ’
1394 1613 1769 1688 ἀναθρώσκειν
1807 1632 1925 1679 πως

341 1709 442 1761 καὶ
478 1706 807 1780 ἐξαίρεσθαι,
835 1705 959 1761 οὗτε
1005 1706 1110 1779 μὴν
1134 1706 1331 1762 ἑαυτοῦ
1360 1708 1524 1763 οἱονεὶ
1554 1706 1798 1761 κατιέναι
1829 1706 1925 1761 καὶ

342 1796 624 1867 ὑφιζάνειν
655 1798 902 1854 δύναται.

2025 790 2418 859 primogenitus
2443 789 2772 842 nominatur.
2818 787 2952 842 Nam
2992 788 3104 859 ipse
3133 790 3351 860 quidem
3384 795 3601 860 quando

2023 897 2088 937 ex
2122 882 2328 938 inﬁnita
2358 881 2640 935 altitudine
2676 895 2796 936 sese
2844 892 3063 950 propter
3110 892 3237 937 su’os
3288 899 3474 938 servos
3506 900 3598 938 ex-

2025 972 2269 1036 inanivit,
2313 980 2368 1026 et
2410 972 2588 1026 omnia
2621 974 2929 1037 renovavit,
2955 984 3008 1025 et
3052 973 3293 1028 melioris
3334 974 3459 1028 vita).
3494 976 3601 1028 ini-

2027 1064 2160 1119 tium
2185 1079 2283 1119 suo
2316 1063 2550 1119 adventu
2587 1063 2743 1118 nobis
2785 1064 3033 1133 praebuit,
3065 1066 3292 1134 ideoque
3329 1068 3602 1136 primoge-

2026 1157 2172 1212 nitus
2226 1164 2450 1211 vocatus
2493 1164 2609 1222 est;
2655 1156 2859 1209 nullum
2913 1159 3092 1227 quoad
3152 1159 3389 1212 divinam
3448 1175 3602 1213 suam

2024 1248 2249 1319 gloriam
2271 1247 2654 1302 detrimentum
2684 1248 2828 1316 cepit
2853 1264 2867 1301 :
2892 1248 3146 1303 neceuim
3168 1248 3316 1303 illum
3347 1254 3603 1319 quodam-

2028 1342 2187 1396 modo
2262 1340 2604 1406 imminuere,
2680 1347 2772 1393 aut
2830 1340 2899 1394 ad
2955 1339 3279 1395 deteriorem
3337 1342 3604 1396 conditio-

2024 1448 2149 1488 nem
2180 1432 2485 1502 deprimere
2517 1441 2691 1499 potest
2717 1446 2903 1487 eorum
2932 1432 3316 1487 vocabulorum
3348 1435 3451 1498 vis,
3480 1449 3603 1503 quae

2026 1525 2093 1579 de
2122 1524 2240 1592 ipso
2289 1523 2358 1577 ob
2416 1520 2744 1577 ineffabilem
2793 1522 3222 1577 lncarnationem
3300 1524 3605 1594 improprie

2025 1624 2079 1670 et
2117 1614 2337 1669 abusive
2380 1613 2723 1683 pronuntiata
2758 1622 2904 1667 sunt.
2949 1611 3056 1669 Nos
3103 1628 3231 1669 vero
3280 1630 3346 1671 ex
3405 1630 3602 1684 magna

2026 1705 2328 1774 abjectione
2376 1714 2433 1759 et
2461 1704 2691 1774 caligine
2735 1703 2788 1759 in
2828 1704 3093 1759 inﬁnitam
3123 1706 3352 1774 gloriam
3410 1722 3475 1761 ac
3516 1708 3602 1761 lu-

2028 1811 2147 1853 cem
2198 1794 2372 1851 evecti
2411 1809 2620 1860 sumus,
2654 1810 2776 1849 eum
2825 1794 2984 1849 ﬁdem
3027 1800 3349 1865 recepimus,
3387 1811 3492 1866 qua
3539 1797 3599 1852 in

344 1909 473 1947 eum
504 1894 817 1951 credimus:
853 1894 999 1950 nulla
1032 1895 1178 1951 enim
1214 1910 1303 1952 res
1329 1904 1508 1967 potest
1536 1900 1919 1955 vocabulorum
1958 1893 2309 1958 sublimitate,
2370 1899 2466 1944 aut
2496 1889 2701 1946 vilitate
2766 1904 2867 1946 nec
2904 1904 3068 1959 supra
3108 1889 3182 1957 id,
3219 1889 3362 1960 quod
3403 1904 3470 1946 ex
3500 1904 3605 1944 na-v

344 1994 464 2037 tura
505 1999 600 2038 sua
630 1993 735 2051 est,
770 1983 979 2047 extolli,
1010 1999 1111 2039 nec
1142 1984 1284 2039 infra
1329 2001 1388 2040 se
1417 1987 1590 2055 ipsam
1630 1989 1796 2043 veluti
1833 1988 2176 2047 descendere,
2204 1998 2267 2037 ac
2288 1982 2586 2038 subsidere.

416 2077 491 2130 Οὐ
526 2078 700 2149 μικρὰ
727 2077 785 2131 δὲ
815 2079 1250 2132 συνενδείκνυται
1278 2084 1390 2144 τοῖς
1418 2081 1509 2151 ὑφ’
1542 2082 1700 2155 ήμῶν
1731 2084 1922 2155 διηγη-

2095 2079 2211 2135 Non
2263 2092 2430 2149 pauca
2495 2093 2658 2147 porro
2707 2087 2855 2144 sunt,
2908 2079 3107 2149 quibus
3153 2080 3462 2135 conﬁrmari
3504 2097 3602 2137 va-

342 2170 537 2239 θεῖσιν,
567 2170 705 2225 ἀλλὰ
732 2172 828 2225 καὶ
866 2170 1027 2242 μόνον
1069 2172 1384 2244 ἐπικουρεῖν
1431 2173 1604 2244 ἰσχύει
1643 2177 1739 2228 καὶ
1769 2176 1832 2228 τὸ
1861 2176 1919 2228 ἐν

343 2268 440 2333 πη⁹
481 2262 680 2334 ψαλμῷ
714 2262 809 2318 τὸν
855 2263 1216 2335 ἀπερινόητον
1248 2263 1380 2317 Θεὸν
1428 2264 1662 2331 ἀξιῶσαι
1710 2268 1919 2320 εἰπεῖν’

351 2371 373 2403 ι
400 2345 573 2423 Εὗρον
611 2353 774 2407 Δαυῒδ
802 2354 894 2408 τὸν
925 2354 1108 2409 δοῦλόν
1151 2370 1286 2426 μου·
1323 2355 1380 2408 ἐν
1424 2356 1590 2429 ἐλαίῳ
1643 2376 1743 2429 μου
1785 2358 1926 2428 ἁγίῳ

345 2443 538 2517 ἔχρισα
580 2445 763 2500 αὐτόν.
802 2445 915 2499 Καὶ
951 2445 1062 2517 γὰρ
1093 2446 1127 2516 ή
1163 2444 1282 2522 χείρ
1332 2462 1434 2517 μου
1480 2438 1926 2520 συναντιλήψεται

346 2536 517 2607 αὐτῷ,
551 2538 580 2589 6
613 2536 852 2608 βραχίων
896 2555 997 2608 μου
1037 2535 1357 2607 κατισχύσει
1404 2539 1599 2594 αὐτόν·
1634 2540 1736 2592 οὐκ
1784 2540 1927 2609 ὠφε-

346 2629 502 2700 λήσει
532 2628 722 2700 ἐχθρὺς
761 2632 819 2683 ἐν
857 2629 1027 2700 αὐτῷ,
1070 2630 1166 2684 καὶ
1216 2627 1335 2694 υίὸς
1378 2630 1608 2702 ἀνομίας
1648 2631 1710 2683 οὐ
1759 2648 1927 2703 προσ-

348 2721 503 2793 θήσει
532 2720 625 2775 τοῦ
662 2721 910 2776 κακῶσαι
942 2722 1126 2776 αὐτόν.
1174 2723 1285 2776 Καὶ
1319 2725 1574 2793 συγκόψω
1609 2724 1717 2778 ἀπὸ
1752 2741 1926 2796 προσ-

346 2812 498 2866 ώπου
540 2814 704 2867 αὐτοῦ
749 2816 875 2878 τοὺς
911 2814 1138 2886 ἐχθροὺς
1182 2814 1372 2879 αὐτοῦ,
1417 2814 1542 2887 [167
1572 2814 1623 2886 b]
1671 2816 1923 2878 καὶτοὺς

353 2906 643 2977 μισοῦντας
691 2907 853 2959 αὑτὸν
897 2904 1275 2977 τροπώσομαι.
1322 2907 1433 2959 Καὶ
1466 2909 1498 2977 ή
1535 2905 1766 2977 ἀλήθειά
1821 2923 1925 2976 μου

349 2998 444 3051 καὶ⁹
474 2998 534 3050 τὸ
560 2997 707 3061 ἔλεός
747 3014 847 3068 μου
887 3001 1002 3068 μετ’
1029 2997 1220 3062 αὑτοῦ,
1251 2999 1345 3051 καὶ
1376 2999 1434 3050 ἐν
1463 2997 1540 3067 τῷ
1566 2996 1789 3068 ὀνόματί
1824 3013 1925 3067 μου

350 3088 693 3158 ὑψωθήσεται
739 3090 800 3142 τὸ
843 3090 1012 3160 κέρας
1058 3089 1244 3142 αὑτοῦ.
1291 3089 1403 3143 Καὶ
1445 3088 1682 3160 θήσομαι
1725 3093 1783 3143 ἐν
1833 3090 1928 3142 Θα-

348 3178 525 3252 λάσσῃ
570 3183 726 3251 χεῖρα
749 3180 935 3243 αὐτοῦ,
983 3181 1079 3233 καὶ
1111 3183 1170 3234 ἐν
1204 3183 1469 3251 ποταμοῖς
1501 3179 1683 3246 δεξιὰν
1738 3179 1923 3235 αὐτοῦ.

350 3271 524 3335 Αὐτὸς
564 3271 621 3324 δὲ
656 3272 1038 3325 ἐπικαλέσεταί
1071 3288 1168 3343 με’
1197 3273 1389 3343 Πατήρ
1421 3288 1522 3342 μου
1546 3267 1596 3324 εἴ
1621 3273 1707 3336 σὺ,
1736 3275 1764 3326 6
1796 3272 1927 3335 Θεός

352 3376 478 3432 μου,
510 3359 604 3413 καὶ
647 3360 994 3433 ἀντιλήπτωρ
1041 3361 1141 3431 τῆς
1184 3363 1457 3432 σωτηρίας
1510 3376 1630 3431 μου.
1672 3360 1783 3413 Καὶ
1815 3358 1926 3429 ἐγὼ

347 3451 692 3523 πρωτότοκον
730 3452 966 3525 θήσομαι
995 3452 1156 3507 αὐτὸν
1195 3452 1398 3524 ὑψηλὸν
1437 3452 1589 3523 παρὰ
1628 3453 1741 3514 τοῖς
1773 3450 1926 3521 βασι-

348 3516 503 3597 λεῦσι
532 3544 629 3614 τῆς
661 3516 826 3614 γῆς..)
862 3516 981 3596 Κᾶν
1009 3559 1069 3595 τε
1099 3542 1210 3613 γὰρ
1238 3516 1367 3612 περὶ
1386 3540 1480 3593 τοῦ
1520 3516 1926 3609 συνυφεστῶτος
1953 3516 1996 3576 C

350 3637 420 3706 τῇ
458 3636 695 3706 πατρικῇ
744 3632 869 3704 δόξῃ
917 3631 1371 3701 ἁπαυγάσματος,
1420 3629 1514 3683 καὶ
1563 3630 1650 3681 ἐπ’
1683 3629 1926 3699 ἐσχάτων

353 3726 421 3779 ἐκ
455 3726 607 3796 ῥίζης
645 3726 841 3778 Ἰεσσαὶ
868 3723 1221 3794 ἁνθήσαντος,
1259 3722 1360 3776 κάν
1390 3738 1451 3774 τε
1484 3720 1731 3791 περὶτοῦ
1764 3720 1928 3774 Δαυῒδ

350 3814 510 3870 τοῦτο
558 3815 966 3888 διαγορεύεσθαι
1008 3814 1253 3885 δοίημεν,
1298 3813 1399 3865 οὐκ
1439 3811 1507 3865 ἂν
1544 3814 1611 3883 τῇ
1656 3812 1756 3881 τῆς
1800 3829 1928 3864 συν-

347 3905 540 3976 ηθείας
583 3904 807 3976 ὑπονοίᾳ
848 3905 876 3956 6
916 3904 1259 3976 πρωτότοκος
1311 3900 1551 3972 νοηθείη.
1583 3899 1707 3964 Πῶς
1752 3900 1926 3972 γὰρῆ

346 3997 441 4050 τὸν
484 3996 585 4067 ήδη
644 3994 771 4047 ὄντα
811 3992 1096 4063 ἄνθρωπον
1157 3991 1338 4061 (λέγει
1387 3990 1527 4061 γὰρ,
1574 3990 1656 4043 ὅτι
1709 4010 1728 4042 ‹
1756 3984 1928 4060 Εὗρον

348 4088 516 4142 Δαυῒδ
543 4088 636 4141 τὸν
657 4086 840 4142 δοῦλόν
877 4102 978 4157 μου
991 4084 1061 4155 ι),
1088 4083 1122 4155 ἢ
1156 4083 1249 4136 τὸν
1281 4082 1687 4154 πρεσϐυτέρους
1729 4081 1926 4134 ἐαυτοῦ

351 4180 544 4250 ἔχοντα
597 4178 879 4246 ἀδελφοὺς,
925 4174 1266 4246 πρωτότοκον
1314 4177 1635 4243 ποιήσεται;
1694 4172 1820 4225 ’Ότι
1872 4171 1929 4224 δέ

352 4287 483 4324 ποτε
509 4270 738 4342 σύνηθες
757 4271 823 4341 τῇ
842 4268 1029 4341 Γραφῇ
1060 4268 1186 4330 τοὺς
1209 4266 1364 4329 ὄντας
1390 4266 1491 4337 ήδη
1524 4264 1644 4318 καθ’
1673 4263 1926 4336 ὓπαρξιν.

354 4362 596 4430 γίνεσθαί
643 4378 761 4425 πως
807 4360 837 4413 ὃ
884 4360 983 4413 οὐκ
1037 4355 1178 4431 ἦσαν
1229 4356 1597 4425 ἐξαγγέλλειν,
1650 4354 1861 4418 Παῦλος
1901 4354 1931 4406 6

351 4453 590 4524 Χριστοῦ
628 4455 812 4525 γέμων
841 4452 934 4505 κα)⁸
967 4451 1121 4519 ἁγίου
1162 4448 1478 4520 Πνεύματος
1506 4448 1757 4518 ἔμπλεως
1789 4447 1930 4499 οὕτω

352 4560 459 4596 που
507 4543 730 4612 φάσκει·
774 4560 793 4593 ι
823 4542 937 4594 Οὐκ
979 4540 1059 4592 ἔτι
1106 4535 1157 4592 εἷ
1204 4538 1406 4602 δοῦλος,
1454 4537 1589 4590 ἀλλὰ
1629 4537 1764 4599 υἱός.
1792 4556 1810 4588 ι
1857 4537 1930 4590 Τὸ

354 4635 483 4707 γὰρ.
519 4654 537 4685 ι
576 4635 673 4686 οὑκ
703 4633 803 4694 ἔτι,
830 4651 848 4684 ι
884 4634 996 4694 τοῖς
1026 4631 1126 4700 ήδη
1159 4630 1520 4699 ὑφεστηκόσιν
1549 4629 1647 4699 τὴν
1685 4629 1778 4680 ἐπὶ
1804 4627 1932 4681 ἄλλο

354 4744 407 4778 τι
459 4725 554 4778 τοῦ
603 4724 793 4778 λοιποῦ
842 4723 1174 4776 κατάστασιν
1243 4719 1517 4789 σημαίνει.
1572 4720 1682 4771 Καὶ
1734 4718 1926 4772 πάλιν·

363 4835 382 4867 ι
411 4814 516 4880 Οὓς
554 4815 807 4885 προέγνω
849 4813 943 4866 καὶ
974 4809 1282 4881 προώρισεν
1319 4808 1676 4879 συμμόρφους
1713 4810 1813 4879 τῆς
1852 4809 1929 4859 εί-

356 4908 510 4971 κόνος
550 4905 643 4960 τοῦ
671 4906 799 4959 Υίοῦ
849 4902 1030 4966 αὑτοῦ,
1067 4905 1143 4965 εἰς
1187 4902 1249 4955 τὸ
1280 4897 1420 4955 εἶναι
1449 4900 1610 4954 αὐτὸν
1654 4901 1929 4971 πρωτότο-

358 5018 452 5054 κον
481 5002 537 5054 ἐν
581 4999 794 5063 πολλοῖς
825 4997 1073 5067 ἀδελφοῖς
1092 5013 1106 5026 θ
1134 5016 1153 5047 ι
1191 4995 1313 5048 ἀντὶ
1357 4991 1473 5059 τοῦ,
1512 4996 1539 5046 ὁ
1567 4993 1698 5055 Θεὸς
1727 4993 1755 5044 6
1799 5009 1933 5062 προ-

358 5094 518 5161 γνοὺς
564 5090 899 5159 ἀπογόνους,
952 5088 1046 5140 καὶ
1095 5086 1273 5140 πάντα
1325 5084 1394 5138 τὰ
1449 5082 1787 5153 παρελθόντα
1841 5084 1934 5136 καὶ

357 5184 595 5247 ἐπιόντα,
626 5182 700 5246 ὡς
735 5178 1021 5251 ὑφεστῶτα
1043 5178 1137 5231 καὶ
1170 5175 1413 5248 παρόντα
1449 5174 1610 5245 ὁρῶν,
1642 5174 1774 5246 παρ’
1799 5168 1843 5242 ᾧ
1874 5175 1932 5227 ἐν

351 5276 639 5348 τι’μέτρον
668 5275 719 5326 οἱ
756 5271 952 5334 αἰῶνες
984 5269 1223 5332 ἅπαντές
1266 5269 1395 5335 είσι,
1425 5267 1535 5341 καὶ.
1564 5265 1714 5319 οὐδὲν
1755 5284 1927 5337 μεμε-

353 5369 629 5442 ρισμένον,
658 5366 734 5430 ὡς
768 5363 875 5435 πρὸ
907 5361 1134 5434 βραχέος
1175 5358 1393 5429 ἐλέχθη,
1426 5358 1644 5429 προΐδεν
1680 5359 1772 5411 καὶ
1809 5361 1930 5412 ἐπι-

348 5458 535 5528 φανῶς
582 5459 848 5528 ὑπέσχετο
884 5454 1013 5526 [168
1035 5452 1114 5526 a],
1156 5454 1281 5515 τοὺς
1312 5449 1629 5523 ἀνθρώπους
1682 5451 1929 5523 συμμόρ-

349 5566 486 5619 φους
524 5549 744 5603 ἔσεσθαι
776 5547 870 5602 τοῦ
912 5546 1064 5608 ὄντος
1097 5543 1283 5607 ἀῖδίως
1323 5543 1383 5595 ἐν
1416 5544 1595 5613 μορφῇ
1635 5541 1797 5595 αὐτοῦ
1832 5560 1927 5613 μο-

1957 4855 2005 4909 D

2027 2175 2176 2229 leant
2207 2186 2327 2242 qua:
2358 2170 2782 2236 edisseruimus;
2833 2173 2927 2227 sed
2977 2173 3104 2227 illud
3153 2172 3238 2225 vel
3288 2188 3385 2243 per
3417 2190 3475 2229 se
3505 2190 3598 2230 so-

2025 2266 2136 2321 lum
2182 2279 2433 2334 magnam
2471 2264 2577 2317 vim
2618 2263 2802 2329 habet,
2840 2265 2981 2334 quod
3015 2265 3067 2319 in
3118 2276 3358 2319 Lxxxvm
3390 2267 3599 2333 psalmo

2026 2355 2105 2409 sic
2152 2354 2407 2423 loquatur
2432 2353 2995 2423 incomprehensibilis
3026 2354 3103 2424 (2)
3129 2353 3271 2410 Deus
3302 2373 3317 2409 :
3361 2373 3382 2404 ι
3414 2354 3599 2411 Inveni

2027 2445 2103 2516 (5)
2132 2444 2301 2499 David
2334 2459 2548 2498 servum
2590 2458 2794 2509 meum,
2840 2444 2894 2499 in
2924 2446 3042 2499 oleo
3076 2459 3199 2500 meo
3250 2457 3437 2501 sancto
3469 2447 3600 2502 unxi

2027 2550 2198 2592 eum:
2241 2534 2441 2589 etenim
2501 2548 2692 2589 manus
2734 2550 2852 2589 mea
2908 2534 3068 2606 353
3121 2536 3468 2590 auxiliabitur
3511 2537 3598 2603 ei;

2026 2626 2307 2682 brachium
2354 2640 2535 2680 meum
2593 2625 3034 2680 roborabiteutn.
3064 2625 3179 2680 Non
3211 2628 3456 2695 proficiet
3494 2629 3602 2682 ini-

2029 2719 2202 2773 micus
2236 2717 2291 2771 in
2330 2731 2416 2781 eo,
2452 2726 2506 2771 et
2550 2716 2693 2771 ﬁlius
2732 2717 3033 2786 iniquitatis
3080 2734 3185 2772 non
3220 2729 3453 2787 apponet
3505 2734 3605 2773 no—

2026 2824 2152 2864 cere
2176 2808 2224 2863 ei
2257 2826 2273 2864 :
2310 2808 2374 2862 Et
2393 2808 2672 2862 concidam
2714 2823 2745 2861 a
2776 2807 2914 2863 facie
2960 2808 3076 2878 ejus
3105 2808 3351 2864 inimicos
3379 2810 3516 2878 ejus,
3547 2822 3603 2866 et

2026 2901 2275 2956 odientes
2328 2915 2447 2955 eum
2506 2899 2559 2951 in
2625 2897 2804 2969 fugam
2866 2909 3201 2954 convertam.
3272 2901 3338 2954 Et
3403 2905 3607 2958 veritas

2029 3006 2169 3054 mea,
2201 2999 2255 3045 et
2303 2989 2675 3044 misericordia
2732 3003 2849 3043 mea
2879 3006 2999 3043 cum
3032 2990 3168 3059 ipso,
3210 3000 3264 3047 et
3298 2992 3350 3045 in
3384 2996 3606 3049 nomine

2028 3096 2149 3135 meo
2202 3081 2529 3135 exaltabitur
2563 3097 2731 3135 cornu
2793 3082 2908 3150 ejus
2942 3101 2955 3136 :
2991 3083 3057 3136 Et
3108 3099 3302 3152 ponam
3353 3085 3408 3137 in
3463 3086 3601 3139 mari

2028 3188 2247 3227 manum
2282 3174 2418 3242 ejus,
2458 3182 2510 3227 et
2548 3174 2599 3226 in
2636 3172 2943 3228 ﬂuminibus
2979 3177 3257 3229 dexteram
3294 3178 3429 3244 ejus.
3473 3175 3597 3245 Ipse

2027 3269 2205 3317 autem
2237 3264 2509 3319 invocabit
2540 3280 2624 3319 me
2653 3282 2667 3318 :
2696 3265 3024 3321 Patermeus
3053 3283 3112 3320 es
3142 3277 3219 3331 tu,
3249 3265 3391 3322 Dens
3424 3284 3597 3332 meus,

2027 3365 2084 3410 et
2125 3366 2403 3424 susceptor
2449 3355 2638 3410 salutis
2697 3372 2847 3411 mea;
2910 3356 2975 3410 Et
3030 3373 3130 3428 ego
3177 3360 3595 3428 primogenitum

2030 3462 2222 3515 ponam
2264 3447 2432 3512 illum,
2471 3447 2739 3500 excelsum
2783 3449 2923 3517 apud
2956 3463 3112 3517 rcges
3156 3459 3333 3504 terrae.
3371 3469 3392 3502 ι
3458 3450 3591 3504 Nam

2028 3540 2143 3591 sive
2183 3538 2248 3591 de
2275 3552 2360 3601 eo,
2389 3537 2481 3605 qui
2518 3537 2773 3605 splendor
2820 3549 2903 3592 est
2946 3545 3278 3594 coexsistens
3321 3556 3441 3595 cum
3492 3541 3599 3596 Pa-

2031 3638 2184 3683 terna
2217 3629 2409 3697 gloria,
2442 3631 2640 3698 quique
2687 3630 2999 3684 novissimis
3034 3633 3363 3701 temporibus
3395 3649 3462 3688 ex
3515 3650 3603 3687 ra-

2030 3721 2147 3774 dice
2204 3719 2357 3774 Jesse
2398 3719 2649 3784 efﬂoruit,
2706 3723 2820 3775 sive
2872 3723 2937 3777 de
2992 3722 3193 3777 Davide
3250 3724 3350 3779 hoc
3397 3726 3599 3780 dictum

2028 3827 2148 3867 esse
2177 3814 2558 3879 concedamus,
2605 3814 2869 3883 suspicari
2930 3829 3088 3869 nemo
3144 3823 3340 3885 potest,
3397 3834 3601 3873 nomen

2031 3904 2375 3974 primogeniti
2434 3905 2806 3974 accipiendum
2843 3904 2933 3959 hic
2976 3920 3097 3960 esse
3126 3908 3193 3962 de
3231 3923 3316 3975 eo,
3356 3910 3446 3978 qui
3506 3925 3605 3974 per

2030 3996 2229 4048 coitum
2264 3996 2438 4064 primo
2466 3997 2537 4051 sit
2564 3996 2797 4064 genitus.
2845 3994 2981 4050 [Nam
3010 4000 3280 4067 quomodo
3312 4011 3406 4053 aut
3450 4016 3600 4062 eum.

2030 4087 2121 4159 qui
2148 4087 2261 4157 jam
2309 4098 2427 4141 erat
2462 4088 2622 4142 homo
2652 4089 2752 4158 (ait
2778 4088 2920 4142 enim
2970 4087 3114 4144 Deus
3148 4106 3163 4143 :
3203 4108 3222 4141 ι
3256 4091 3436 4145 Inveni
3498 4090 3604 4143 Dn-

2030 4180 2119 4235 vid
2174 4194 2391 4235 servum
2457 4179 2720 4252 menum)
2769 4190 2862 4235 aut
2912 4182 3082 4246 illum,
3119 4182 3211 4253 qui
3250 4184 3495 4238 seniores
3543 4201 3605 4238 se

2031 4272 2149 4341 ipso
2212 4272 2409 4325 fratres
2461 4271 2713 4337 habebat,
2767 4274 3185 4343 primogenitum
3237 4274 3437 4328 faceret
3488 4276 3605 4343 ipse

2032 4358 2213 4413 Deus?
2268 4358 2422 4424 Quod
2489 4372 2668 4414 autem
2726 4361 2907 4416 dicere
2972 4364 3262 4431 aliquando
3320 4364 3601 4432 Scriptura

2033 4452 2400 4516 consueverit,
2433 4466 2527 4505 eos
2571 4451 2659 4519 qui
2697 4450 2811 4518 jam
2861 4460 2986 4504 sunt
3014 4452 3306 4506 secundum
3336 4455 3607 4506 exsisten-

2035 4542 2184 4603 tiam,
2242 4540 2360 4594 ﬁeri
2404 4540 2798 4608 quodammodo
2851 4540 2992 4608 quod
3026 4555 3133 4595 non
3187 4552 3363 4608 erant,
3405 4542 3605 4599 Paulus

2032 4633 2250 4686 Christo
2289 4633 2499 4701 plenus,
2526 4641 2580 4685 et
2619 4630 2820 4698 Spiritu
2857 4643 3045 4685 saneto
3079 4630 3314 4699 repletus
3367 4634 3448 4686 sic
3499 4634 3608 4689 ali-

2034 4721 2156 4775 cubi
2196 4731 2466 4775 testatur:
2525 4737 2543 4771 ι
2583 4720 2699 4774 Non
2754 4718 2982 4789 amplius
3038 4719 3114 4793 (4)
3143 4737 3203 4775 es
3257 4737 3467 4787 servus,
3506 4726 3604 4779 sed

2038 4812 2198 4866 ﬁlius.
2239 4833 2258 4865 ι
2306 4812 2440 4865 Nam
2497 4812 2650 4876 illud,
2692 4828 2712 4862 ι
2754 4827 2860 4865 non
2910 4813 3158 4881 amplius,
3208 4831 3227 4864 ι
3262 4829 3472 4880 eorum,
3511 4818 3606 4886 qui

2030 4897 2142 4964 jam
2173 4897 2561 4962 subsistebant,
2589 4896 2747 4949 aliam
2787 4898 3072 4966 quamdam
3102 4898 3217 4952 fore
3247 4899 3299 4952 in
3327 4911 3604 4969 posterum

2031 4990 2438 5053 conditionem,
2493 5002 2557 5041 ac
2612 4997 2813 5042 statum
2875 4988 3176 5057 significat;
3238 5000 3294 5044 et
3346 5007 3531 5045 rursus
3587 5011 3602 5047 :

2035 5082 2211 5148 «Quos
2235 5081 2499 5149 prmscivit
2517 5080 2615 5150 (5),
2634 5091 2688 5134 et
2709 5080 3110 5150 praedestinatit
3136 5081 3443 5138 conformes
3471 5085 3608 5138 ima-

2032 5176 2175 5242 ginis
2204 5173 2326 5227 Filii
2361 5174 2472 5235 sui,
2505 5182 2559 5225 ut
2589 5173 2661 5226 sit
2709 5174 2822 5240 ipse
2878 5174 3269 5241 primogenitus
3315 5175 3370 5228 in
3423 5179 3608 5231 multis

2033 5264 2294 5319 fratribus
2323 5283 2334 5317 :
2368 5262 2481 5318 lloc
2505 5270 2588 5317 est
2619 5280 2633 5316 :
2668 5280 2689 5314 ι
2723 5261 2883 5328 Deus,
2912 5266 3007 5333 qui
3037 5276 3282 5333 nepotes,
3326 5282 3392 5320 ac
3424 5278 3608 5336 poste—

2034 5371 2126 5412 ros
2178 5356 2565 5425 pra-cognovit,
2628 5357 2827 5425 quique
2882 5358 3061 5413 omnia
3124 5373 3246 5412 cum
3307 5361 3606 5427 praeterita,

2034 5458 2151 5502 tum
2191 5448 2368 5502 futura
2404 5458 2462 5502 ut
2504 5448 2616 5516 jam
2668 5448 3041 5515 subsistentia,
3082 5460 3138 5505 et
3171 5452 3468 5519 praesentia
3521 5451 3607 5503 in-

2034 5548 2236 5609 tuetur,
2270 5548 2325 5596 et
2370 5541 2511 5611 apud
2539 5555 2697 5610 quem
2738 5557 2841 5596 una
2878 5544 3122 5612 quaedam
3175 5557 3429 5598 mensura
3478 5551 3611 5597 sunt

365 5776 378 5788 .
425 5706 503 5777 (Ξ)
545 5700 1107 5788 incomprehensibilis.
1136 5698 1341 5764 Codex,
1373 5696 1756 5771 ἀπεριϐόητος.
1778 5698 1923 5769 Lego

2031 5698 2277 5788 ction‘um’
2303 5699 2594 5788 varietates
2622 5698 3105 5788 nullius'momenti
3135 5706 3282 5754 sunt.

353 5775 728 5847 ἀπερινᾷητοςτ

425 5836 505 5916 (3)
545 5836 749 5901 Inveni.
782 5841 925 5898 Psal.
951 5855 1213 5906 uxxvnt,
1244 5853 1273 5893 a
1306 5852 1444 5893 vers.
1470 5837 1540 5891 20
1583 5837 1648 5892 ad
1693 5836 1786 5891 27.
1819 5836 1920 5895 Lc-

2102 5767 2180 5837 (4)
2223 5767 2348 5822 Νοη
2385 5768 2612 5836 amplius
2641 5784 2714 5821 es.
2748 5768 2866 5823 Gal.
2892 5785 2964 5832 tv,
2992 5771 3043 5822 7.

2101 5839 2179 5909 (Si)
2221 5837 2364 5903 Quos
2390 5839 2669 5907 prwscivit.
2695 5838 2854 5893 Rom.
2881 5854 2994 5901 vm,
3021 5838 3110 5891 29.
