4056 6412
394 385 494 443 ειι

1457 384 1545 441 DE
1581 384 1958 442 TRINITATE
1995 384 2196 442 LIBER
2237 387 2552 446 TERTIUS.

3531 391 3636 447 86?.

391 505 481 555 τὸν
503 500 696 570 ἀρχὴν,
724 501 800 564 ώς
831 501 1001 557 αἴτιον
1039 501 1132 554 καὶ
1161 502 1501 573 Δημιουργόν
1522 519 1534 532 ·
1561 501 1623 555 τὸ
1655 502 1710 556 δέ
1732 518 1795 570 γε
1813 501 1964 564 τέλος

2069 504 2273 569 perium
2335 505 2486 558 ducis
2546 507 2597 558 in
2666 503 2822 558 bello.
2875 502 3084 558 Dicitur
3137 502 3299 556 etiam
3358 501 3526 556 relate
3571 505 3639 556 ad

391 593 453 645 τὸ
480 597 560 657 είς
583 593 765 656 αὑτὸν,
799 593 874 657 ὡς
895 593 1273 665 ἁπερίγραφον
1296 593 1392 646 καὶ
1425 593 1583 664 μόνον
1615 595 1808 664 ἔχοντα
1833 594 1966 648 ἀθα-

391 684 606 746 νασίαν,
643 684 856 737 πάντων
889 683 956 737 τὰ
994 686 1203 755 πέρατα
1239 684 1664 757 συνερείδεσθαι,
1700 685 1792 739 καὶ
1829 683 1968 756 μετὰ

390 773 489 842 τὴν
521 773 675 826 τοῦδε
698 773 790 826 τοῦ
821 775 1020 838 παντὸς
1045 775 1358 846 πληρότητα
1388 778 1467 840 είς
1493 777 1580 829 ἀεὶ
1608 776 1702 830 καὶ
1724 777 1968 849 ἀπείρως

389 862 665 933 διαμένειν
707 865 889 918 αὑτόν.
926 865 1134 918 Οὐκοῦν
1169 869 1198 920 6
1229 867 1454 938 ἄπειρος
1496 867 1708 935 γένεσιν
1737 867 1878 938 ἔχειν
1905 867 1964 920 οὑ

389 951 640 1004 δύναται·
700 953 774 1025 μὴ
837 954 1131 1023 δυνάμενος
1192 955 1268 1020 δὲ,
1326 957 1487 1020 αὑτὸς
1552 957 1651 1028 μὲν
1706 957 1968 1027 άγένητός

393 1046 526 1110 ἐστι,
567 1047 741 1100 καίτοι
792 1049 1046 1120 γεννητὸς
1092 1049 1168 1102 ὣν
1215 1051 1280 1102 ὲκ
1328 1049 1430 1120 τῆς
1469 1049 1821 1114 ὑποστάσεως
1868 1050 1964 1103 τοῦ

389 1135 526 1188 Θεοῦ
562 1137 770 1209 Πατρὸς
798 1138 1070 1207 φυσικῶςο
1109 1138 1178 1192 τὰ
1211 1138 1267 1192 δὲ
1312 1140 1515 1210 γενητὰ
1547 1139 1866 1210 γεγένηνται
1909 1140 1970 1205 ἐξ

389 1229 555 1282 αὑτοῦ
600 1230 1022 1302 δημιουργικῶς.
1061 1229 1283 1292 Τούτοις
1321 1230 1604 1300 ἑπομένως
1642 1227 1867 1298 νοηθείη·
1901 1229 1967 1283 ἂν

391 1325 486 1378 καὶ
523 1325 661 1393 ὅπερ
699 1322 910 1384 Παῦλος
956 1320 1361 1374 Κολοσσαεῦσιν
1397 1319 1674 1392 ἐξήγγειλε
1696 1324 1846 1377 τόνδε
1879 1323 1969 1376 τὸν

390 1417 588 1486 τρόπον
609 1431 622 1445 ·
659 1413 800 1468 «Καὶ
823 1412 983 1476 αὑτός
1011 1413 1126 1466 ἐστι
1148 1411 1255 1483 πρὸ
1283 1411 1501 1466 πάντων
1520 1427 1534 1442 ⁸
1549 1430 1569 1463 ι
1593 1411 1690 1483 οὑχ
1715 1412 1792 1476 ὡς
1814 1430 1971 1485 ποιη-

389 1509 482 1572 τὸς
524 1507 622 1580 (μὴ
655 1507 864 1576 γένοιτο
887 1505 962 1576 ι),
994 1505 1109 1559 ἀλλ’
1134 1504 1209 1568 ὡς
1238 1505 1512 1576 γεννητός.
1548 1506 1612 1558 El
1653 1507 1727 1577 μὴ
1759 1506 1870 1577 γὰρ
1900 1501 1969 1576 ἦν

389 1599 642 1670 άνάρχως
674 1597 835 1660 αὐτὸς
873 1595 980 1668 πρὸ
1008 1595 1228 1649 πάντων
1263 1595 1545 1667 γεννηθεὶς
1573 1595 1843 1666 ἀληθινῶς
1875 1596 1971 1650 καὶ

389 1687 710 1759 ὸμοουσίως,
743 1686 844 1741 οὑκ
877 1685 944 1740 ἂν
991 1685 1112 1738 κατ’
1141 1685 1324 1738 είκόνα
1363 1685 1524 1756 ἡμεῖς
1563 1684 1725 1738 αὑτοῦ
1774 1683 1969 1756 ὁμοού-

2070 593 2267 660 locum,
2319 604 2398 657 ut,
2444 595 2588 667 ἀρχή
2648 596 2727 663 (id
2795 607 2878 650 εει
2921 594 3153 665 initium)
3197 609 3388 648 cursus
3432 593 3486 648 in
3533 605 3640 648 sta-

2067 686 2158 741 dio
2207 695 2289 740 est
2355 689 2704 759 repagulum,
2765 703 2861 744 seu
2932 702 3139 743 carcer.
3212 685 3373 758 355
3426 684 3638 740 Dicitur

2067 787 2120 832 et
2172 777 2340 832 relate
2377 779 2441 831 ad
2493 789 2722 849 tempus,
2771 786 2862 843 ut,
2898 779 3038 852 ἀρχή
3086 778 3233 851 (hoc
3261 789 3347 832 est
3387 777 3640 842 initium)

2067 869 2192 922 anni
2227 879 2309 924 est
2340 870 2454 925 luce
2491 871 2629 926 dies.
2671 871 2877 926 Dicitur
2926 873 3090 926 relate
3129 870 3194 925 ad
3245 880 3517 936 naturam,
3557 881 3637 930 ut,

2067 962 2209 1033 ἀρχή
2254 959 2387 1031 (εειι
2446 963 2808 1032 principium)
2851 961 3073 1017 infantis
3111 973 3189 1016 est
3237 977 3444 1016 semen.
3489 961 3640 1016 Dici-

2071 1061 2157 1107 tur
2215 1053 2507 1106 secundum
2571 1068 2810 1117 causam,
2856 1063 2946 1116 ut,
2997 1053 3139 1124 ἀρχή
3199 1053 3356 1126 (sive
3407 1053 3639 1125 auctor)

2068 1153 2258 1200 statuae
2339 1154 2424 1200 est
2484 1146 2796 1200 statuarius.
2876 1144 2968 1200 Sic
3049 1161 3178 1217 ergo
3237 1146 3429 1201 Filium
3507 1147 3641 1202 diei-

2069 1250 2190 1290 mus
2250 1249 2370 1290 esse
2439 1237 2802 1305 principium,
2853 1245 2911 1290 ut
2953 1251 3212 1302 causam,
3267 1247 3318 1291 et
3394 1238 3640 1292 condito-

2072 1341 2223 1383 rem:
2267 1342 2390 1382 cum
2433 1342 2565 1382 vero
2607 1326 2864 1397 appellari
2906 1329 3071 1384 etiam
3117 1328 3314 1393 linem,
3359 1339 3469 1383 lum
3511 1330 3637 1399 quia

2071 1419 2124 1472 in
2169 1417 2322 1488 ipso,
2369 1432 2492 1473 cum
2534 1417 3034 1488 incircumscriptus
3078 1420 3187 1486 sit,
3239 1435 3302 1475 ac
3346 1422 3496 1476 solus
3541 1421 3638 1475 ha.

2070 1505 2204 1561 heus
2251 1505 2754 1573 immortalitatem,
2801 1507 3042 1563 omnium
3086 1508 3246 1564 simul
3298 1525 3478 1565 rerum
3525 1518 3637 1566 ter-

2069 1595 2200 1650 mini
2243 1596 2547 1651 innituntur
2601 1611 2664 1651 ac
2707 1598 3030 1665 ﬁrmantur;
3071 1606 3186 1654 tum
3224 1601 3351 1670 quia
3389 1610 3508 1670 post
3537 1602 3638 1656 hu-

2065 1681 2154 1753 ius
2176 1683 2411 1738 universi
2441 1685 2599 1740 linem
2631 1683 2746 1757 (l6)
2772 1701 3005 1757 semper,
3029 1696 3084 1744 et
3117 1689 3170 1744 in
3208 1688 3479 1744 inﬁnitum
3513 1705 3638 1761 per-

391 1796 497 1833 σιοι
553 1779 647 1832 τοῦ
704 1779 853 1849 ἡμᾶς
902 1777 1153 1840 τεκόντος
1195 1776 1566 1847 ἐγενήθημενο
1625 1776 1832 1840 ualet
1889 1776 1964 1849 μὴ

2071 1774 2328 1830 manebit.
2379 1774 2481 1842 Qui
2532 1789 2662 1847 ergo
2711 1777 2836 1833 linis
2880 1793 3077 1850 expers
3126 1789 3250 1846 est,
3303 1781 3637 1837 exsisteutia:

390 1868 564 1942 προῆν
600 1841 1052 1941 ἀδημιουργήτως
1080 1872 1108 1924 6
1138 1841 1367 1940 ποιητὴς
1395 1841 1491 1922 καὶ
1518 1867 1838 1939 προνοητὴς.
1865 1841 1964 1922 οὐκ

2072 1864 2283 1919 initium
2321 1841 2436 1934 (ιι)
2481 1841 2681 1928 habere
2723 1881 2828 1922 non
2870 1841 3066 1938 potest.
3108 1841 3260 1936 Quod
3302 1871 3346 1925 si
3391 1872 3494 1926 hoc
3539 1871 3637 1926 ha-

390 1959 458 2013 ἂν
523 1959 666 2029 ὑπῆν
709 1958 1116 2030 δημιουργικῶς
1175 1959 1246 2013 τὰ
1291 1957 1492 2030 ποιητὰ
1549 1957 1646 2011 καὶ
1703 1957 1964 2029 προνοού-

2070 1957 2202 2012 bere
2235 1957 2448 2025 nequit,
2494 1956 2610 2027 ipse
2650 1958 2864 2026 quidem
2909 1969 2992 2014 cst
3033 1960 3336 2027 increatus,
3387 1963 3636 2032 quamvis

393 2068 554 2122 μενα.
2069 2062 2133 2102 ex
2165 2061 2392 2117 persona
2426 2046 2522 2103 Dei
2553 2046 2732 2103 Patris
2763 2050 3080 2105 naturaliter
3109 2052 3324 2120 genitus
3368 2053 3479 2108 sit:
3511 2068 3634 2123 qua:

396 2155 524 2195 vero
587 2139 724 2195 facta
783 2150 947 2206 sunt,
993 2140 1060 2194 ab
1119 2141 1235 2212 ipso
1289 2155 1389 2212 per
1433 2150 1762 2197 creationem
1815 2149 1959 2195 tacta
2037 2151 2183 2197 sunt.
2242 2139 2418 2195 Simili
2478 2141 2635 2196 modo
2695 2141 3096 2213 intelligendum
3159 2158 3243 2200 εει
3283 2145 3446 2201 etiam
3495 2148 3636 2215 quod

390 2235 462 2291 ita
492 2234 688 2290 Paulus
714 2235 1124 2292 Colossensibus
1156 2237 1579 2292 annuntiavitzc
1605 2237 1670 2290 Et
1699 2237 1815 2305 ipso
1877 2235 1991 2306 (18)
2029 2245 2114 2292 εει
2153 2244 2279 2290 ante
2317 2234 2541 2290 omnia:
2576 2254 2595 2287 ι
2642 2251 2745 2290 non
2789 2245 2849 2290 ut
2893 2236 3064 2291 factus
3104 2237 3388 2308 (absiti),
3437 2239 3533 2296 sed
3577 2251 3635 2296 ttt

387 2327 620 2398 genitus.
674 2325 808 2380 Nam
865 2327 967 2381 nisi
1013 2333 1160 2382 esset
1204 2327 1317 2396 ipse
1364 2326 1432 2380 ab
1484 2335 1690 2381 aeterno
1754 2335 1880 2380 ante
1943 2325 2125 2380 omnia
2168 2339 2299 2380 vere
2351 2332 2408 2380 et
2479 2325 3010 2383 consubstantialiter
3095 2329 3347 2396 genitus,
3396 2344 3501 2384 non
3544 2344 3636 2386 es-

389 2436 574 2476 semus
642 2437 775 2485 nos,
849 2420 1020 2476 instar
1087 2421 1232 2476 illius
1283 2422 1436 2492 (19),
1475 2432 1662 2477 nostro
1744 2421 2240 2478 consubstantiales
2303 2421 2576 2493 genitori;
2643 2435 2708 2476 ac
2775 2422 2878 2478 nisi
2937 2423 3173 2478 inrreate
3233 2427 3640 2494 przeexstitisset

387 2531 602 2574 creator
648 2527 704 2575 et
743 2519 1014 2581 provisor,
1048 2533 1134 2573 res
1165 2526 1362 2572 creatae
1392 2533 1456 2573 ac
1496 2518 1728 2588 provisa:
1775 2533 1880 2573 non
1919 2517 2386 2583 subexsisterent,
2436 2527 2494 2572 ut
2538 2517 2616 2572 sic
2657 2516 2866 2587 loquar,
2912 2533 3008 2587 per
3050 2520 3398 2574 creationem.

912 2609 1040 2681 [169
1075 2609 1130 2682 α]
1160 2609 1308 2664 ΚΕΦ.
1348 2611 1438 2676 ς’.

437 2701 727 2773 ,Τέταρτον
765 2701 1139 2774 προτείνουσιν
1163 2701 1270 2754 ὑπὸ
1297 2700 1601 2755 ἀκολάστου
1625 2697 1879 2770 γλώσσης
1906 2699 1968 2753 τὸ

388 2794 541 2862 παρὰ
573 2792 763 2863 Πέτρῳ
788 2793 845 2845 ὲν
863 2795 982 2855 ταῖς
1005 2791 1276 2861 Πράξεσιν
1294 2792 1583 2863 εἰρημένον
1602 2808 1616 2822 ·
1647 2811 1666 2842 ι
1701 2790 1970 2844 Γινωσκέ-

387 2900 467 2937 τω
500 2885 604 2946 πᾶς
635 2879 781 2947 οἶκος
830 2882 1064 2955 Ἰσραὴλ,
1123 2882 1206 2935 ὅτι
1254 2883 1350 2936 καὶ
1407 2881 1612 2955 Κύριον
1662 2881 1824 2935 αὑτὸν
1877 2881 1971 2934 καὶ

388 2975 621 3047 Χριστὸν
670 2977 700 3028 ό
752 2974 883 3038 Θεὸς
930 2973 1203 3046 ἐπτοίησεν,
1258 2972 1445 3026 τοῦτον
1494 2975 1585 3026 τὸν
1642 2973 1862 3043 Ἰησοῦν.
1904 2971 1964 3025 ὃν

388 3067 546 3137 ὑμεῖς
573 3065 969 3134 ἐσταυρώσατε.
1002 3084 1022 3116 ι
1057 3067 1166 3118 Kal
1195 3064 1350 3118 τοῦτο
1373 3064 1429 3118 δὲ
1458 3065 1518 3116 οὑ
1542 3063 1668 3134 περὶ
1691 3063 1788 3134 τῆς
1812 3061 1962 3126 Θείας

389 3159 485 3212 καὶ
513 3158 895 3229 ἁκαταλήπτου
932 3157 1240 3228 γέγραπται
1265 3156 1452 3220 οὐσίας
1486 3155 1576 3209 τοῦ
1607 3156 1666 3207 έν
1693 3155 1834 3226 ἀρχῇ
1879 3154 1965 3206 ὅν-

387 3269 480 3315 τος
522 3250 654 3303 Θεοῦ
699 3251 892 3320 Λόγου,
944 3249 1038 3301 καὶ
1071 3247 1206 3316 πρὸς
1247 3245 1340 3300 τὸν
1375 3245 1507 3301 Θεὸν
1531 3245 1704 3309 ὄντος,
1744 3245 1836 3298 καὶ
1868 3245 1966 3316 οὐχ

388 3339 677 3410 ἁρπαγμὸν
717 3338 1066 3409 ἡγησαμένου
1097 3337 1161 3389 τὸ
1188 3332 1328 3390 εἶναι
1371 3338 1464 3389 ῖσα
1493 3334 1632 3404 Θεῷ,
1671 3334 1808 3388 ἀλλὰ
1837 3335 1968 3405 περὶ

387 3431 482 3484 τοῦ
506 3434 568 3484 ὲκ
589 3431 805 3501 Μαρίας
826 3430 1148 3501 συμμόρφου
1168 3429 1267 3500 τῆς
1287 3426 1664 3488 ταπεινώσεως
1686 3426 1860 3496 ἡμῶν.
1901 3425 1966 3478 Ἦ

387 3523 498 3596 γὰρ
565 3525 752 3594 μνήμη
815 3521 910 3575 τοῦ
975 3519 1208 3594 σταυροῦ
1278 3520 1373 3573 καὶ
1435 3518 1496 3572 τὸ
1559 3519 1829 3587 συνῆφθαι
1885 3515 1965 3587 τῷ

395 3633 415 3665 ι
459 3615 714 3685 ἐποίησεν
753 3633 770 3663 ι
810 3612 892 3677 τὸ,
932 3631 950 3664 ι
992 3615 1088 3665 *ον
1112 3613 1268 3682 ὑμεῖς
1314 3609 1716 3682 ἐσταυρώσατε,
1749 3629 1767 3661 ι
1802 3611 1966 3663 αὑτὸν

388 3703 673 3773 ἐδήλωσεν,
703 3693 765 3756 οὗ
801 3701 1066 3771 πολλαχοῦ
1105 3701 1440 3771 μέμνηταιὴ
1479 3698 1691 3770 Γραφή.
1739 3698 1849 3750 Kal.
1891 3697 1969 3761 ώς

386 3795 514 3847 ὅταν
568 3796 626 3848 ἐν
667 3797 786 3857 ταῖς
823 3791 1063 3864 Πρὰξεσι
1114 3791 1249 3864 λέγῃ
1285 3793 1313 3844 ὁ
1346 3790 1508 3854 αὐτὸς
1541 3789 1746 3859 Πέτρος
1769 3805 1780 3817 ’
1827 3806 1847 3839 ι
1907 3788 1967 3841 '0

386 3888 519 3950 est;
557 3885 826 3959 Ἀϐραὰμ,
874 3886 968 3938 καὶ
1015 3885 1043 3938 ό
1089 3883 1220 3947 Θεὸς
1262 3882 1468 3944 Ἰσαὰκ,
1506 3881 1600 3935 καὶ
1641 3881 1671 3934 6
1699 3880 1830 3942 Θεὸς
1861 3881 1966 3933 ἰα-

387 3978 524 4044 γὼὸ,
552 3979 580 4030 ὁ
613 3977 743 4040 Θεὸς
766 3977 874 4029 τῶν
902 3974 1157 4046 πατέρων
1191 3973 1346 4044 ἡμῶν
1391 3971 1610 4036 eadem
1653 3969 1745 4024 τὸν
1797 3969 1964 4024 παῖδα

385 4067 552 4120 αὑτοῦ
587 4065 815 4136 Ἰησοῦν,
851 4063 912 4117 ὃν
944 4064 1102 4133 ὑμεῖς
1144 4062 1244 4131 μὲν
1275 4059 1634 4131 παρεδώκατε
1669 4059 1764 4112 καὶ
1797 4057 1967 4127 ἠρνή-

386 4159 551 4212 σασθε
603 4156 744 4211 κατὰ
793 4155 1082 4226 πρόσωπον
1122 4154 1376 4215 Πιλάτου,
1437 4152 1718 4222 κρίναντος
1758 4148 1964 4202 ἐκείνου

387 4248 641 4302 ἀπολύειν
660 4266 672 4278 ·
704 4247 858 4318 ὑμεῖς
885 4245 941 4298 δὲ
969 4243 1058 4297 τὸν
1088 4243 1241 4312 ἅγιον
1267 4244 1360 4296 καὶ
1390 4242 1595 4296 δίκαιον
1617 4238 1925 4311 ἠρνήσασθε
1944 4254 1962 4272 ο

390 4341 482 4392 καὶ
525 4341 759 4410 ᾐτήσατε
804 4336 971 4406 ἄνδρα
1019 4335 1184 4402 φονέα
1215 4333 1538 4406 χαρισθῆναι
1581 4333 1727 4404 ὑμῖν,
1773 4331 1866 4384 τὸν
1906 4330 1964 4383 δὲ

2705 2609 2857 2664 CAP.
2900 2607 2988 2665 Vl.

2135 2701 2340 2770 Quarto
2372 2699 2489 2756 loco
2521 2701 2573 2754 in
2609 2700 2844 2755 medium
2874 2701 3103 2755 aﬂ'erunt
3125 2681 3357 2774 ,lutpote
3387 2713 3637 2775 proterva

2068 2792 2246 2864 lingua
2287 2792 2494 2862 prtediti
2531 2831 2547 2855 ,
2574 2793 2716 2861 quod
2747 2808 2776 2846 a
2817 2792 2976 2848 Petro
3011 2793 3061 2846 in
3095 2794 3245 2848 Actis
3277 2795 3477 2850 dictum
3512 2805 3634 2850 est:

2073 2900 2092 2933 ι
2123 2883 2425 2952 Cognoscat
2474 2881 2587 2952 (20)
2639 2882 2820 2937 omnis
2873 2881 3066 2937 domus
3120 2881 3326 2948 Israel,
3377 2885 3520 2954 quod
3573 2895 3632 2938 et

2073 2973 2354 3028 Dominum
2385 2973 2502 3043 (2|)
2532 2988 2653 3028 eum
2675 3012 2692 3038 ,
2719 2983 2772 3028 et
2805 2973 3080 3028 Christum
3119 2973 3259 3029 Deus
3295 2976 3420 3030 fecit
3441 3015 3457 3041 ,
3490 2974 3639 3032 hunc

2068 3065 2288 3128 Iesum,
2333 3081 2497 3134 quem
2541 3081 2637 3120 vos
2685 3066 3056 3122 cruciﬁxistis.
3091 3087 3110 3120 ι
3140 3070 3210 3122 At
3255 3083 3322 3122 ne
3367 3070 3468 3125 hoc
3513 3072 3636 3140 qui-

2069 3159 2187 3210 dem
2237 3155 2518 3224 Scriptura
2562 3156 2695 3211 dicit
2740 3157 2807 3211 de
2879 3157 3061 3212 divina
3128 3167 3184 3213 et
3227 3158 3638 3229 incompreheuo

2067 3243 2210 3298 sibili
2256 3246 2492 3300 essentia
2541 3246 2634 3301 Dei
2683 3245 2889 3312 Verbi,
2935 3247 3027 3316 qui
3078 3248 3132 3301 in
3179 3249 3445 3318 principio
3483 3263 3634 3318 erat,

2067 3345 2124 3388 et
2173 3336 2314 3404 apud
2360 3334 2527 3389 Deum
2582 3344 2734 3403 erat,
2781 3345 2838 3390 et
2886 3351 2991 3391 non
3041 3337 3288 3407 rapinam
3338 3339 3638 3396 arbitratus

2067 3432 2153 3477 est
2193 3438 2316 3478 esse
2354 3439 2413 3478 se
2451 3424 2716 3492 aequalem
2764 3422 2914 3480 Deo:
2963 3427 3054 3480 sed
3097 3428 3162 3482 de
3203 3426 3298 3482 illo
3343 3427 3492 3500 (εἳ),
3543 3431 3636 3498 qui

2067 3531 2136 3572 ex
2194 3514 2362 3570 Maria
2400 3528 2554 3571 ortus
2604 3526 2726 3584 est,
2773 3535 3114 3573 communem
3165 3520 3442 3576 nobiscum
3490 3522 3638 3590 abjeo

2067 3607 2263 3662 ctiouis
2312 3607 2538 3662 formam
2590 3609 2813 3663 habens.
2871 3609 3005 3664 Nam
3053 3612 3194 3680 quod
3240 3627 3636 3670 commemore-

2071 3708 2157 3751 tur
2203 3714 2372 3764 crux,
2417 3708 2472 3753 et
2519 3699 2803 3770 copuletur
2852 3703 3074 3755 verbum
3107 3720 3126 3754 ‹
3159 3702 3334 3758 fecit:
3363 3719 3482 3758 cum
3536 3721 3635 3761 vo-

2066 3789 2255 3852 cilms,
2305 3807 2325 3841 ι
2357 3787 2528 3855 Quem
2560 3805 2654 3844 vos
2699 3790 3047 3844 crueillxistis
3072 3833 3086 3857 ,
3123 3810 3142 3843 ι
3169 3793 3404 3848 ostendit
3437 3795 3502 3850 de
3535 3795 3637 3850 hoc

2067 3892 2370 3933 sermonem
2416 3892 2537 3934 esse
2564 3917 2582 3945 ,
2625 3877 2778 3946 cujus
2811 3878 3053 3949 pluribus
3091 3881 3142 3934 in
3185 3880 3317 3936 locis
3356 3880 3636 3952 Scriptura

2067 3968 2394 4022 mentionem
2439 3969 2611 4023 facit:
2648 3978 2706 4023 ut
2741 3984 2860 4023 cum
2893 3969 3057 4042 356
3090 3971 3145 4025 in
3184 3973 3334 4028 Actis
3373 3974 3450 4028 ait
3492 3974 3636 4031 idem

2065 4057 2298 4113 Petrus:
2329 4077 2349 4110 ι
2382 4057 2521 4115 Deus
2565 4059 2678 4131 (25)
2715 4060 2987 4115 Abraham
3019 4101 3035 4125 ,
3074 4073 3128 4117 et
3175 4063 3316 4118 Deus
3358 4063 3540 4132 Isaac,
3579 4076 3638 4120 et

2069 4149 2206 4204 Deus
2247 4148 2448 4215 Iacob,
2502 4149 2648 4206 Deus
2696 4161 2910 4223 patrum
2953 4163 3260 4209 nostrorum
3307 4154 3635 4223 gloriﬁcavit

2063 4253 2290 4308 puerum
2323 4255 2478 4296 suum
2509 4240 2692 4297 Jesum
2713 4282 2729 4308 ,
2760 4257 2918 4312 quem
2948 4258 3043 4300 vos
3068 4245 3284 4316 quidem
3311 4245 3634 4314 tradidistis,

2064 4340 2118 4386 et
2149 4331 2386 4401 negastis
2415 4330 2530 4402 (2L)
2565 4340 2694 4388 ante
2725 4331 2921 4389 faciem
2955 4332 3114 4389 Pilati
3137 4374 3153 4398 ,
3185 4350 3306 4390 cum
3337 4335 3634 4405 iudicasset

386 4429 624 4500 ἀρχηγὸν
659 4429 757 4499 τῆς
779 4427 924 4497 ζωῆς
945 4426 1319 4479 ἀπεκτείνατε.
1360 4444 1380 4475 ι
1418 4424 1527 4478 Kal.
1561 4423 1835 4494 Ζαχαρίας
1867 4438 1964 4491 φη.

2071 4423 2158 4476 ille
2191 4421 2576 4477 absolvendum
2609 4436 2730 4480 esse
2771 4442 2786 4479 :
2826 4438 2925 4478 vos
2951 4434 3128 4479 autem
3179 4434 3424 4480 sanctum
3465 4435 3522 4481 et
3551 4427 3636 4494 iu-

391 4523 473 4573 σίν
491 4539 503 4551 ·
535 4539 552 4572 ι
603 4519 808 4590 Ἐκχεὼ
834 4518 926 4570 ἐπὶ
949 4517 1040 4570 τὸν
1063 4512 1210 4570 οἷκον
1246 4513 1408 4568 Δαυῖδ
1433 4515 1528 4568 καὶ
1554 4515 1647 4567 ἐπὶ
1679 4515 1804 4576 τοὺς
1827 4530 1960 4566 κατ-

385 4611 662 4674 οικοῦντας
694 4608 1045 4681 Ἰερουσαλὴμ
1095 4607 1319 4676 Πνεῦμα
1354 4605 1576 4676 χάριτος
1618 4604 1714 4658 καὶ
1755 4605 1961 4674 οἰκτιρ-

388 4703 512 4773 μοῦ·
540 4701 633 4753 καὶ
667 4699 1044 4769 ἐπιδλέψονται
1079 4697 1215 4769 πρὸς
1247 4696 1338 4768 μὲ,
1379 4697 1460 4760 είς
1490 4695 1550 4750 ὃν
1577 4693 1956 4766 ἐξεκέντησαν,

460 4938 569 5006 (16)
612 4937 818 4992 Finem.
847 4936 976 5002 Seu,
1012 4953 1032 4986 ι
1060 4933 1633 5006 consummationem.»
1663 4947 1716 4985 in
1746 4929 1954 5006 Cra-cu,

391 5001 722 5079 πληρότητα,
766 5009 820 5062 id
860 5017 944 5062 est
986 5026 1004 5057 ι
1031 5005 1438 5076 plenitudinem,
1464 5021 1483 5053 ι
1540 5012 1634 5056 aut
1671 5019 1691 5053 ι
1721 5001 1958 5072 comple-

391 5094 648 5133 lllCllllIlIl.
675 5097 694 5128 1

459 5149 571 5217 (17)
627 5146 958 5217 Εεείειειιιὶαν
1005 5145 1239 5217 initium.
1311 5140 1368 5196 In
1431 5140 1657 5202 Grmco,
1721 5139 1956 5217 γένεσιν.

388 5212 660 5272 Transtuli
697 5216 1065 5270 «exsistentia:
1102 5215 1339 5277 initium,
1368 5230 1408 5279 si
1441 5226 1565 5264 cum
1604 5229 1623 5260 ‹
1645 5212 1956 5279 generatio-

388 5304 506 5342 nem
533 5306 552 5339 ι
598 5286 894 5340 transferre
927 5301 1033 5339 non
1084 5297 1318 5354 possem.
1367 5278 1571 5354 Nomen
1611 5278 1824 5354 γένεσις
1871 5281 1956 5354 hic

384 5359 612 5410 sumitur
653 5366 916 5426 quatenus
959 5350 1233 5426 derivatur
1285 5365 1352 5406 ex
1407 5351 1571 5406 verbo
1617 5351 1858 5419 γίνομαι,
1905 5350 1956 5404 id

381 5437 484 5482 est.
520 5445 539 5478 ι
566 5424 707 5488 sum,
737 5445 754 5477 ι
797 5425 877 5478 vel
916 5443 934 5474 ι
959 5424 1046 5476 ﬁo.
1072 5441 1090 5474 ι

457 5495 566 5564 (18)
609 5493 676 5564 Et
709 5497 836 5564 ipse.
867 5493 1076 5564 Coloss.
1103 5507 1146 5564 ι,
1180 5493 1265 5546 17.

423 5558 568 5644 ,(19)
610 5558 788 5618 luatur
819 5564 983 5618 illius.
1022 5563 1116 5617 Vel
1145 5580 1158 5616 :
1193 5580 1210 5612 ι
1235 5561 1326 5632 qui
1363 5560 1657 5618 secundum
1679 5558 1794 5629 ejus
1817 5559 1953 5615 ima-

384 5649 562 5705 ginem
593 5648 798 5705 sumus.
825 5651 845 5685 ι

456 5703 569 5771 (ἳθ)
607 5702 916 5772 Cognoscat.
952 5700 1069 5756 Act.
1108 5716 1170 5764 II,
1195 5700 1285 5772 56.

455 5770 568 5845 (2|)
609 5770 701 5824 Et‘
723 5773 1024 5825 Dominum.
1069 5771 1266 5826 Vocula
1302 5789 1321 5822 ι
1343 5779 1396 5823 ει
1423 5789 1442 5822 ι
1483 5771 1630 5828 deest
1662 5772 1713 5828 in
1744 5770 1948 5828 Graecis

668 5869 939 5927 Ρηιιοι..
969 5865 1087 5926 Gn.
1116 5863 1418 5928 XXXIX.

2068 4524 2209 4569 stum
2247 4514 2518 4582 negastis,
2565 4523 2621 4570 et
2661 4515 2892 4585 petiistis
2927 4515 3041 4588 (25)
3093 4517 3264 4570 virum
3304 4518 3635 4576 homicidam

2065 4605 2252 4661 donari
2301 4605 2490 4669 vobis;
2525 4615 2800 4660 auctorem
2847 4621 2977 4661 vero
3020 4606 3142 4661 vitae
3187 4606 3570 4675 interfecistis;
3607 4632 3628 4664 ρ

2063 4704 2120 4750 et
2167 4692 2462 4748 Zacharias
2513 4693 2631 4747 ait:
2659 4710 2680 4744 ι
2715 4692 2996 4748 Etlundam
3043 4693 3156 4766 (26)
3202 4710 3364 4767 super
3410 4697 3633 4756 domum

2061 4934 2269 5000 Bibliis,
2298 4936 2392 4991 sed
2419 4949 2522 4990 non
2555 4935 2608 4990 in
2637 4935 2864 4990 Latinis.

2133 5006 2244 5078 (εξ)
2284 5006 2391 5079 Sed
2416 5009 2484 5079 de
2511 5005 2625 5079 illo.
2663 5005 2938 5079 Eunomio
2977 5005 3119 5064 hunc
3163 5008 3340 5079 ipsum
3382 5025 3449 5066 ex
3481 5012 3634 5070 Actis

2066 5073 2255 5154 locum.
2272 5073 2764 5154 objicient_i__eodem
2793 5074 2908 5129 fere
2934 5079 3090 5154 modo
3115 5073 3406 5154 respondet
3425 5081 3634 5154 Gregoo

2064 5143 2658 5222 riugﬁyssenusdibro
2689 5160 2740 5199 tv
2767 5156 2954 5222 contra
2994 5143 3474 5222 Eunomiunt‘pag.
3509 5143 3633 5210 118.

2134 5213 2446 5284 (27))Ἦευε.
2480 5213 2604 5268 Act.
2641 5230 2721 5279 Ill,
2760 5215 2944 5269 15-15.
2987 5216 3170 5273 Graeca
3199 5213 3366 5273 Biblia
3401 5213 3482 5277 bis
3513 5231 3638 5279 tau-

2063 5292 2176 5364 tum
2204 5294 2449 5353 repetunt
2467 5284 2841 5364 vocemgeéc,
2877 5285 2927 5339 id
2958 5296 3044 5341 est
3073 5306 3092 5340 ι
3112 5289 3272 5344 Deus.
3295 5308 3314 5342 ι
3347 5289 3454 5346 Sed
3481 5292 3634 5364 Vulg.

2063 5355 2332 5422 interpres
2350 5361 2564 5422 quater,
2591 5363 2646 5407 ut
2671 5355 2952 5421 Didymus.

2131 5422 2246 5494 (ἓξ)
2273 5421 2383 5494 -Ειί
2397 5423 2644 5494 negastis.
2691 5423 2880 5494 Graeca
2915 5425 3080 5481 editio
3117 5429 3267 5484 addit
3307 5429 3394 5484 hic
3437 5431 3627 5485 αὑτόν·

2396 5491 2666 5562 interpres
2695 5502 2752 5549 et
2785 5493 2957 5550 codex
2987 5497 3389 5554 Alexandrinus
3416 5499 3547 5572 legit
3575 5514 3635 5556 ut

2109 5576 2340 5616 ItllelS.
3650 5576 3670 5616 ὃ

2128 5598 2536 5702 (Ιέὲῖηὖειὶὶειὶε.
2578 5631 2766 5689 Graeca
2801 5634 2999 5704 editio,
3033 5635 3328 5710 ᾐτήσασθε,
3365 5653 3465 5710 pro
3504 5598 3672 5711 ᾐτήυις

2058 5718 2090 5754 σ
2092 5719 2184 5754 ατε
2191 5741 2205 5754 .
3667 5719 3709 5750 ’ὃ

2129 5769 2240 5843 (26)
2285 5770 2592 5842 Eﬂ'undam.
2625 5773 2854 5831 Zachar.
2890 5791 2985 5848 ιιι,
3017 5775 3104 5831 ιο.

3309 5870 3388 5930 27
