4056 6422
438 378 547 436 845

1503 383 1592 438 DE
1625 383 2000 440 TRINITATE
2040 385 2243 440 LIBER
2286 385 2608 444 TERTIUS.

3592 400 3694 457 846

444 512 465 546 ι
529 493 766 562 Εκτισεν,
808 513 828 548 ι
875 496 1011 551 ἀλλὰ
1044 499 1138 552 καὶ
1166 498 1308 552 κατὰ
1339 499 1526 570 σχέσιν
1548 519 1563 534 ο
1587 502 1664 566 ὡς
1691 504 1782 556 τὸν
1810 503 1908 574 ἠδη
1936 503 2010 557 δν-

2128 506 2220 558 sed
2245 505 2513 575 accipitur
2535 506 2701 560 etiam
2729 507 3029 562 secundum
3064 508 3399 566 relationem.
3429 510 3504 566 Ita
3535 528 3657 568 eum
3676 555 3696 584 ,

435 605 508 642 τα
539 590 657 642 κατ’
683 588 937 643 ούσίωσιν
960 591 1300 658 διδάσκαλον,
1322 593 1443 646 τότε
1475 599 1621 648 ποιεῖ
1648 613 1732 658 τις
1761 596 1868 650 τῶν
1897 599 2023 649 ἑαυ-

437 675 531 730 τοῦ
566 679 771 733 παίδων
801 680 1142 746 διδάσκαλον,
1182 685 1310 738 ὅταν
1345 683 1472 757 [I70
1503 685 1559 758 a]
1595 686 1866 741 διδάσκειν
1897 689 2022 752 τοὺς

437 769 634 832 παῖδας
662 770 691 822 6
715 768 1031 834 διδάσκαλος
1056 771 1319 844 ἄρξηται·
1356 773 1448 826 καὶ
1475 775 1552 838 ὼς
1583 775 1671 828 ὅτε
1705 779 1872 831 παῖδα
1898 778 2021 831 τότε

437 862 584 911 ποιεῖ
610 877 692 922 τις
724 860 1079 932 στρατιώτην,
1119 864 1152 935 ἢ
1195 865 1419 936 ῥήτορα,
1443 867 1570 921 ὅταν
1592 867 1689 939 τὴν
1711 871 2018 941 στρατείαν,

436 951 470 1021 ἢ
505 951 566 1004 τὸ
604 951 918 1023 ῥητορεύειν
947 956 975 1007 ὁ
1007 958 1135 1018 παῖς
1168 958 1517 1029 μετέρχηται.
1560 961 1639 1032 Τῇ
1681 960 1788 1034 γὰρ
1813 962 2022 1035 διανοίᾳ

436 1041 608 1123 ταύτῃ
654 1043 782 1114 περὶ
824 1042 916 1097 τοῦ
951 1045 1164 1117 Πατρὸς
1208 1048 1304 1101 καὶ
1345 1048 1482 1102 Θεοῦ
1528 1046 1712 1106 εἶπεν⁸
1761 1070 1780 1103 ι
1820 1052 2022 1124 Βοηθὸς

437 1134 531 1186 καὶ
593 1135 906 1206 σκεπαστὴς
959 1137 1178 1206 ἐγένετὸ
1241 1157 1331 1210 μοι
1381 1142 1461 1205 εἰς
1507 1143 1818 1214 σωτηρίαν·
1864 1164 1882 1196 ι
1927 1143 2020 1198 καὶ

446 1225 673 1291 Ἡσαΐας
698 1243 713 1258 ο
754 1244 774 1278 ι
826 1229 1045 1298 Ἐγένου
1086 1232 1237 1304 πάσῃ
1281 1232 1436 1286 πόλει
1468 1237 1697 1306 ταπεινῇ
1735 1234 1948 1307 βοηθός.
1994 1253 2018 1289 ι

438 1317 547 1370 Καὶ
577 1319 606 1370 6
639 1319 982 1391 ἰεροψάλτης
1010 1323 1068 1376 ἐν
1102 1323 1202 1393 μὲν
1232 1323 1312 1378 ιιο¹
1337 1325 1537 1398 ψαλμῷ
1560 1344 1575 1359 ο
1618 1351 1637 1379 ι
1680 1327 1882 1400 Κύριος
1897 1329 2020 1398 ἐγε-

437 1409 574 1480 νήθη
609 1409 799 1482 βοηθός
831 1429 934 1483 μου
956 1429 970 1444 ·
1015 1432 1034 1465 ι
1069 1410 1128 1468 ὲν
1155 1415 1213 1469 δὲ
1250 1415 1293 1468 λ’
1316 1433 1331 1448 ο
1372 1435 1392 1469 ‹
1427 1417 1589 1472 Γενοῦ
1625 1437 1719 1490 μοι
1761 1421 1843 1484 εἰς
1887 1421 2022 1475 Θεὸν

438 1501 871 1574 ύπερασπιστὴν,
915 1507 1010 1558 καὶ
1041 1508 1122 1570 εἰς
1154 1502 1303 1562 οἷκον
1341 1511 1686 1582 καταφυγῆς,
1721 1512 1817 1566 τοῦ
1848 1512 2021 1568 σῶσαί

438 1609 542 1662 με·
584 1610 602 1644 ι
641 1593 734 1646 καὶ
791 1595 1041 1668 Ἀϐραὰμ
1087 1599 1226 1669 πρὸς
1275 1600 1492 1674 Σάρραν
1522 1605 1622 1675 τὴν
1653 1605 1846 1658 ἑαυτοῦ
1884 1606 2021 1677 σύμ-

435 1683 580 1736 ϐιονο
615 1702 634 1736 ι
677 1685 926 1754 Ἐγένετό
969 1706 1058 1759 μοι
1088 1692 1181 1743 καὶ
1213 1693 1292 1755 εἰς
1325 1697 1590 1761 γυναῖκαο
1636 1713 1656 1747 ι
1693 1697 1789 1749 καὶ
1817 1697 1848 1748 6
1876 1696 2022 1751 Παῦ-

435 1772 560 1838 λος’
601 1795 620 1827 ι
667 1777 903 1832 Γινέσθω
956 1781 986 1832 6
1033 1781 1166 1846 Θεὸς
1209 1783 1434 1855 ἀληθὴς,
1475 1787 1584 1849 πᾶς
1640 1786 1698 1840 δὲ
1734 1786 2021 1859 ἄνθρωπος

2126 596 2216 663 qui
2253 597 2508 666 magister
2537 596 2652 665 jam
2680 599 2752 654 sit
2780 600 3080 654 secundum
3110 602 3485 659 exsistentiam
3508 646 3526 672 ,
3559 615 3691 662 tunc

2123 687 2244 756 quis
2273 687 2403 742 facit
2432 704 2655 744 suorum
2687 691 2920 746 ﬁliorum
2958 693 3274 761 magistrum
3297 733 3312 758 ,
3347 708 3469 750 cum
3501 697 3698 752 docere

2125 777 2265 832 ﬁlios
2305 779 2567 849 magister
2599 780 2875 848 eruperit:
2921 789 2976 835 et
3026 781 3194 834 ﬁlium
3239 791 3366 837 tunc
3402 784 3524 852 quis
3568 784 3700 841 facit

2124 868 2392 935 militem,
2443 880 2536 923 aut
2586 871 2900 936 rhetorem,
2957 887 3078 927 cum
3124 871 3267 927 filius
3309 873 3376 927 ad
3417 874 3698 939 militiam,

2124 969 2218 1013 aut
2246 959 2576 1016 rhetoricam
2610 974 2781 1017 artem
2820 965 3181 1018 exercendam
3219 967 3531 1020 accesserit.
3584 965 3698 1021 I-Ioc

2123 1051 2268 1106 enim
2303 1065 2464 1106 sensu
2498 1051 2566 1106 de
2613 1051 2725 1107 Deo
2772 1068 2835 1108 ac
2879 1052 3042 1109 Patre
3093 1054 3171 1109 ait
3225 1055 3441 1112 Moses:
3474 1077 3492 1108 ι
3525 1057 3699 1128 Adju-

2123 1153 2208 1197 tor
2239 1143 2352 1214 (35)
2377 1183 2392 1209 ,
2429 1153 2483 1197 et
2509 1154 2789 1212 protector
2823 1145 2998 1201 factus
3025 1154 3109 1201 est
3140 1146 3274 1202 mihi
3306 1148 3359 1202 in
3383 1148 3634 1202 salutem.
3677 1170 3695 1200 ι

2122 1230 2193 1290 Et
2220 1233 2388 1290 Isaias
2413 1252 2426 1289 :
2457 1252 2476 1287 ι
2506 1233 2704 1289 Factus
2731 1250 2791 1290 es
2819 1236 2935 1306 (56)
2964 1237 3110 1292 omni
3137 1238 3344 1294 civitati
3378 1240 3568 1295 humili
3601 1256 3701 1294 au-

2121 1325 2371 1388 xiliator;
2403 1343 2423 1378 ι
2447 1334 2502 1380 et
2543 1340 2697 1382 sacer
2726 1325 2940 1383 Psaltes
2983 1328 3037 1382 in
3085 1345 3214 1384 xxix
3259 1330 3506 1400 psalmo:
3537 1349 3557 1382 ι
3591 1332 3698 1386 Do-

2120 1416 2302 1471 minus
2325 1415 2438 1488 (57)
2466 1416 2645 1472 factus
2666 1427 2753 1472 est
2775 1417 2992 1488 adiutor
3016 1434 3192 1476 meus.
3215 1419 3314 1474 »1η
3343 1436 3453 1476 xxx
3482 1431 3697 1477 autem:

2127 1525 2148 1558 ‹
2179 1505 2305 1562 Fias
2330 1507 2442 1576 (38)
2478 1507 2611 1561 mihi
2644 1507 2700 1567 in
2733 1507 2900 1563 Deum
2951 1519 3316 1578 protectorem
3340 1548 3360 1578 ,
3406 1521 3461 1566 et
3503 1511 3557 1568 in
3602 1513 3700 1568 do-

2122 1615 2267 1654 mum
2311 1598 2538 1670 refugii,
2582 1609 2643 1655 ut
2681 1602 2892 1656 salvum
2939 1601 3111 1658 facias
3137 1618 3261 1670 me;
3293 1623 3313 1656 ι
3341 1613 3394 1660 et
3422 1607 3697 1661 Abraham

2121 1691 2191 1746 ad
2219 1689 2430 1761 .Saram
2459 1690 2744 1762 conjugem
2793 1707 2946 1748 suam
2973 1713 2988 1749 :
3019 1712 3040 1746 ι
3069 1694 3236 1750 Facta
3275 1704 3360 1752 est
3403 1696 3516 1767 (59)
3564 1699 3698 1754 miLi

2120 1783 2283 1838 etiam
2315 1784 2367 1838 in
2394 1797 2618 1838 uxorem
2645 1802 2661 1850 ;
2693 1804 2712 1838 ι
2741 1796 2794 1839 et
2818 1784 3020 1841 Paulus
3049 1802 3066 1842 :
3096 1805 3118 1839 ‹
3147 1786 3273 1842 Fiat
3294 1788 3408 1859 (40)
3436 1789 3579 1844 Deus
3607 1805 3698 1846 ve-

433 1863 691 1936 ψεύστης.
745 1885 764 1919 ι
817 1867 1154 1934 ’Λκολούθως
1211 1873 1386 1945 τούτῳ
1444 1875 1847 1947 ἐκλαμϐάνεται
1897 1878 2010 1942 καὶ,

2120 1891 2213 1930 rax
2234 1915 2254 1943 ,
2276 1875 2452 1930 omnis
2479 1885 2660 1930 autem
2690 1875 2853 1930 homo
2880 1876 3132 1931 mendax.
3167 1895 3186 1928 ι
3214 1876 3374 1932 Juxta
3405 1878 3548 1932 hunc
3570 1893 3699 1933 seu-

440 1977 459 2008 ι
511 1957 650 2026 Ἐγὼ
680 1959 738 2012 δὲ
772 1963 1111 2036 ιὲατεστάθην
1151 1966 1401 2036 βασιλεὺς
1435 1969 1526 2022 ὑπ’
1554 1969 1721 2024 αὐτοῦ
1749 1971 1843 2023 ἐπὶ
1877 1969 2016 2027 Σιὼν

433 2051 556 2122 ὅρος
590 2052 651 2104 τδ
680 2053 834 2120 ἆγιον
863 2056 1050 2109 αὑτοῦ.
1083 2077 1102 2108 ι
1143 2060 1218 2111 Οὐ
1249 2061 1358 2132 γὰρ
1387 2061 1514 2132 περί
1546 2079 1639 2115 του
1673 2063 1893 2116 τοιῶσδε
1925 2063 2013 2118 λό-

433 2159 516 2214 γῳ
565 2146 751 2212 φάναι,
785 2146 818 2218 ἢ
855 2149 1096 2215 τοιῶσδε,
1132 2151 1230 2223 τὴν
1267 2153 1454 2207 οὐσίαν
1493 2154 1656 2208 αὑτοῦ
1709 2155 1875 2226 δηλοῖ.
1922 2155 2015 2210 Διὸ

432 2235 531 2305 οὐχ
565 2238 752 2304 ἁπλῶς
795 2240 875 2306 τὸ,
912 2260 930 2292 ι
967 2244 1326 2316 κατεστάθην,
1367 2263 1385 2297 ι
1417 2247 1550 2311 ἀλλ’,
1593 2267 1611 2299 ‹
1648 2249 1742 2302 ἐπὶ
1782 2249 1842 2303 τὸ
1889 2249 2015 2320 ὅρος

435 2323 592 2387 Σιὼν.
638 2346 656 2377 ι
693 2327 877 2381 εἶπεν·
911 2330 1170 2403 ὑπάρχων
1202 2334 1313 2404 γὰρ
1339 2335 1556 2389 πάντων
1581 2335 1641 2400 ἐξ
1665 2335 1889 2406 ἀπείρου
1921 2338 2015 2391 καὶ

433 2419 521 2472 ἐπ’
549 2420 775 2491 ἄπειρον
810 2423 1060 2493 βασιλεὺς
1087 2426 1243 2498 (φησι
1289 2430 1427 2500 γάρ·
1472 2448 1490 2481 ι
1524 2431 1727 2502 Κύριος
1761 2431 2014 2500 βασιλεὺς

434 2512 513 2573 εἰς
535 2513 624 2565 τὸν
653 2515 846 2578 αἰῶνα,
873 2517 967 2570 καὶ
990 2518 1076 2571 ἐπ’
1103 2519 1298 2586 αἰῶνα,
1325 2522 1420 2574 καὶ
1442 2522 1522 2574 ἔτι
1541 2538 1556 2554 ο
1594 2543 1612 2573 ι
1643 2525 1756 2588 καί,
1786 2542 1805 2574 ι
1826 2525 1890 2576 Ἡ
1919 2523 2014 2592 βα-

435 2603 606 2656 σιλεία
640 2622 756 2669 σου,
796 2607 1039 2676 βασιλεία
1077 2611 1292 2664 πάντων
1321 2611 1430 2664 τῶν
1467 2611 1678 2665 αἰώνων
1717 2633 1736 2665 ι
1770 2614 1814 2684 ),
1842 2615 2012 2667 ἐδόκει

432 2707 548 2754 πως
596 2694 761 2763 μήπω
797 2695 895 2765 μὲν
937 2697 1238 2766 βασιλεύειν
1264 2699 1372 2752 τῶν
1407 2700 1480 2771 μὴ
1512 2703 1888 2768 γινωσκόντων
1917 2703 2012 2755 αύ-

431 2782 542 2844 τὺν,
569 2785 898 2855 γεγενῆσθαι
919 2787 974 2839 δὲ
1003 2789 1094 2840 καὶ
1123 2790 1215 2841 ἐπὶ
1239 2790 1434 2853 αὐτοὺς
1465 2791 1719 2860 βασιλεὺς
1750 2793 1808 2844 ὲν
1832 2795 1898 2864 τῇ
1929 2796 2012 2846 ὲν-

432 2873 798 2946 ανθρωπήσει,
826 2877 892 2929 δι’
918 2879 985 2949 ἥν
1015 2880 1177 2943 αὐτός
1207 2899 1266 2934 τε
1297 2881 1461 2936 Δαυῒδ
1498 2883 1676 2953 ἐξῄτει
1705 2886 1762 2938 ἐν
1795 2884 1839 2937 θ’
1871 2885 2011 2954 ψαλ-

434 2964 550 3035 μῷ·
582 2987 600 3017 ‹
639 2969 1015 3040 Κατάστησον,
1075 2970 1268 3042 Κύριε,
1309 2973 1605 3046 νομοθέτην
1657 2977 1744 3028 ἐπ’
1784 2977 2009 3040 αὐτούς’

431 3057 724 3125 γνώτωσαν
763 3059 912 3130 ἔθνη,
949 3062 1030 3113 ὅτι
1065 3062 1340 3132 ἄνθρωποί
1381 3066 1552 3118 εἰσινο
1605 3086 1624 3118 ι
1675 3067 1916 3136 Μιχαίας
1952 3086 2012 3121 τε

431 3151 832 3221 προεφήτευσεν
852 3169 865 3183 ο
903 3171 921 3202 ι
951 3154 1107 3206 Καὶό
1135 3153 1332 3226 Κύριος
1362 3155 1636 3224 βασιλεύει
1664 3158 1772 3212 ἀπὸ
1793 3159 1887 3212 τοῦ
1916 3160 2012 3214 νῦν

2121 1981 2238 2021 sum
2274 1967 2544 2037 accipitur
2575 1975 2631 2022 et
2660 1967 2794 2022 illud
2823 1990 2834 2023 :
2869 1985 2890 2020 ι
2922 1967 3038 2036 Ego
3068 1976 3248 2023 autem
3282 1966 3398 2041 (LI)
3428 1971 3698 2024 constitu-

2123 2067 2209 2111 tus
2238 2072 2356 2111 sum
2388 2057 2501 2112 Rex
2551 2057 2620 2113 ab
2671 2072 2738 2114 eo
2780 2073 2945 2128 super
2987 2059 3119 2114 Sion
3163 2066 3403 2115 montem
3447 2069 3696 2116 sanctum

2121 2148 2263 2220 ejus.
2296 2166 2315 2202 ι
2341 2147 2444 2216 Qui
2484 2151 2632 2206 enim
2675 2166 2789 2207 rem
2831 2152 3070 2223 aliquam
3121 2151 3236 2224 (ιε)
3283 2153 3417 2220 hoc,
3465 2163 3561 2209 aut
3605 2153 3697 2208 illo

2123 2243 2282 2296 modo
2326 2256 2448 2297 esse
2495 2242 2659 2305 dicit,
2710 2244 2756 2299 is
2796 2259 2903 2299 non
2935 2247 3155 2300 denotat
3195 2246 3363 2314 ipsius
3405 2246 3482 2303 rei
3513 2261 3698 2304 essen.

2122 2335 2272 2392 tiam.
2299 2334 2478 2401 Quare
2496 2335 2663 2407 358
2679 2352 2784 2392 non
2811 2338 2946 2392 dixit
2965 2337 3304 2407 simpliciter,
3328 2355 3348 2390 ι
3367 2339 3698 2394 constitutus

2121 2441 2240 2479 sum
2269 2467 2283 2490 ,
2320 2445 2338 2478 ι
2371 2428 2466 2480 sed
2512 2428 2760 2494 addidit,
2796 2446 2814 2479 ι
2845 2443 3008 2498 super
3051 2438 3287 2484 montem
3332 2429 3485 2484 Sion.
3514 2448 3534 2481 ι
3560 2429 3696 2483 Nam

2121 2533 2242 2572 cum
2275 2528 2418 2574 esset
2451 2519 2689 2574 omnium
2734 2521 2802 2573 ab
2837 2532 3076 2586 aeterno,
3121 2529 3175 2575 et
3209 2521 3261 2576 in
3296 2520 3564 2575 inﬁnitum
3598 2536 3695 2576 rex

2121 2607 2142 2678 (
2173 2609 2249 2662 ait
2281 2610 2426 2663 enim
2461 2609 2638 2666 Moses
2667 2629 2680 2666 :
2713 2629 2732 2662 ‹
2765 2613 3022 2668 Dominus
3050 2611 3164 2684 (45)
3193 2627 3288 2668 rex
3319 2614 3370 2667 in
3399 2612 3654 2668 steculum
3675 2652 3695 2678 ,

2125 2709 2180 2752 et
2209 2700 2260 2752 in
2289 2700 2545 2755 steculuin
2570 2743 2586 2768 ,
2617 2713 2674 2758 et
2701 2703 2842 2757 ultra
2867 2723 2881 2771 ;
2919 2723 2938 2756 ι
2966 2713 3020 2760 et
3046 2723 3060 2759 :
3087 2722 3106 2756 ι
3131 2704 3372 2776 Regnum
3402 2704 3515 2775 (44)
3545 2715 3696 2760 ιιιιιιιι

2122 2806 2345 2862 regnum
2374 2794 2616 2848 omnium
2649 2797 2969 2852 saeculorum
3000 2815 3019 2848 ι
3042 2796 3061 2865 )
3081 2836 3098 2862 ,
3120 2796 3405 2851 videbatur
3426 2797 3695 2866 quodam-

2120 2884 2280 2937 modo
2325 2886 2559 2939 nondum
2605 2902 2769 2955 super
2819 2888 2936 2944 illos
2981 2903 3246 2957 regnare,
3295 2889 3386 2958 qui
3421 2903 3543 2942 eum
3587 2903 3693 2942 non

2119 2979 2520 3044 agnoscebant,
2552 2977 2721 3032 factus
2746 2993 2875 3033 vero
2901 2995 3019 3034 esse
3048 2995 3136 3034 rex
3167 2980 3331 3034 etiam
3358 2992 3524 3049 super
3550 2979 3697 3049 ipsos

2120 3065 2173 3119 in
2223 3067 2631 3124 lncaruatione:
2666 3080 2886 3139 propter
2915 3086 3078 3140 quam
3115 3085 3237 3126 cum
3276 3072 3390 3138 ipse
3424 3072 3587 3124 David
3639 3072 3694 3124 iu

2120 3170 2177 3208 ix
2215 3155 2422 3225 psalmo
2455 3158 2534 3212 sic
2586 3161 2818 3215 orabat:
2853 3178 2872 3211 ι
2905 3159 3191 3216 Constitue
3226 3161 3340 3232 (45)
3370 3201 3386 3228 ,
3424 3159 3650 3214 Domine
3677 3200 3694 3222 .

432 3239 526 3291 καί
551 3239 653 3302 ἕως
685 3240 780 3292 τοῦ
803 3240 1016 3305 αἰῶνος.
1054 3261 1073 3293 ι
1107 3242 1449 3314 Διεσάφησαν
1468 3243 1527 3297 δὲ
1557 3245 1685 3317 περὶ
1705 3245 1896 3299 τούτου
1920 3246 2010 3300 καί

2117 3243 2482 3317 Iegislatorem
2531 3265 2694 3320 super
2742 3266 2877 3319 eos;
2930 3228 3510 3320 cognoscan‘tg'entes,
3547 3251 3693 3320 quod

429 3331 480 3382 οἱ
502 3330 604 3398 ἔξω
626 3332 802 3385 τοιάδε
823 3349 838 3362 ο

2121 3342 2365 3398 homines
2391 3351 2552 3410 sunt;
2585 3361 2604 3394 ι
2635 3352 2746 3398 tum
2774 3343 3024 3399 Michaeas
3047 3345 3308 3415 propheta
3337 3344 3550 3412 inquit:
3575 3360 3595 3393 ι
3629 3343 3696 3396 Et

435 3423 688 3477 Dominus
741 3423 853 3495 (56)
905 3435 1094 3495 regnat
1139 3439 1204 3480 ex
1258 3442 1400 3484 nunc
1481 3435 1537 3482 et
1581 3441 1754 3504 usque
1814 3433 1868 3488 in
1931 3433 2209 3489 sarculum.
2245 3453 2264 3487 ι
2296 3437 2368 3490 De
2399 3435 2505 3492 hac
2549 3451 2608 3490 re
2673 3451 2802 3492 vero
2843 3437 3046 3493 ethnici
3086 3451 3301 3507 quoque
3333 3437 3459 3492 talia
3503 3437 3686 3493 decla-

432 3531 486 3568 ra
496 3527 616 3571 runt
644 3535 658 3571 :

464 3689 468 3692 _
507 3621 743 3691 Οὔνομιι
762 3615 873 3694 γὰρ
893 3616 1193 3693 βασιλεὺς
1215 3626 1360 3692 Θεὸς
1381 3625 1509 3698 [I70
1608 3624 1898 3706 ἄμϐροτος
1922 3627 2016 3680 οὐ·

1383 3696 1400 3698 “
1529 3696 1699 3768 [ποτε
1721 3696 1938 3766 λῆγον,

575 3763 792 3816 Οὕποτ’
824 3765 1253 3834 ἀποφθινύθον,
1279 3766 1406 3820 οὐδ’
1439 3768 1926 3835 ἀποπαυόμενον.

442 3853 826 3924 Ὀμοιότροπον
855 3855 1030 3927 τούτῳ
1055 3858 1172 3910 ἐστί
1203 3858 1298 3910 καὶ
1336 3857 1418 3922 τὸ,
1461 3875 1480 3908 ι
1517 3856 1762 3922 Δέξασοε
1787 3857 1880 3910 τὸν
1917 3859 2015 3928 ἁρ-

430 3943 618 4013 χιερέα
657 3945 758 4014 τῆς
787 3947 1079 4016 ὁμολογίας
1119 3949 1294 4018 ὑμῶν,
1343 3948 1534 4001 πιστὸν
1579 3948 1710 4001 ὄντα
1752 3948 1831 4018 τῷ
1859 3951 2016 4019 ποιή-

431 4049 584 4086 σαντι
630 4036 814 4089 αὐτόν.
863 4056 881 4088 ι
916 4037 1084 4092 Πάλιν
1112 4039 1219 4110 γὰρ
1250 4039 1340 4092 τὸν
1391 4038 1451 4103 ἐξ
1483 4037 1641 4108 ἡμῶν
1688 4039 2012 4109 σύμμορφον

427 4125 715 4196 γενόμενον
743 4130 875 4198 ἡμῖν
904 4128 1073 4197 λέγει,
1103 4131 1196 4183 καὶ
1223 4131 1520 4201 προτρέπει
1542 4129 1796 4196 δέξασθαι
1829 4131 2013 4196 αὐτὸν,

500 4341 609 4422 (35$)
651 4348 899 4422 (adiutor.
949 4351 1118 4404 Exod.
1173 4367 1261 4414 xv,
1310 4353 1366 4406 2.
1420 4351 1684 4422 Vulgatus
1735 4351 2003 4420 interpres

430 4415 628 4472 habet:
661 4438 677 4469 ι
699 4419 980 4474 Fortitudo
1025 4438 1171 4482 mea,
1228 4431 1282 4475 et
1323 4424 1440 4475 laus
1475 4415 1592 4475 méa
1637 4415 1916 4486 Dominus,
1949 4431 2004 4474 et

430 4486 602 4541 factus
625 4500 707 4542 est
747 4489 876 4542 mihi
923 4492 972 4543 in
1021 4491 1270 4545 salutem.
1302 4511 1321 4544 ι
1376 4490 1698 4546 Ambrosius
1735 4506 1866 4546 vero
1904 4492 1998 4545 Iih.

2199 3625 2342 3680 Nam
2390 3639 2488 3680 rex
2532 3635 2673 3680 Deus
2714 3633 3030 3680 tmmortam
3063 3641 3248 3681 nomen
3297 3634 3377 3767 ,εεᾶ
3423 3641 3693 3706 umquam

3379 3711 3620 3762 estnam,

3379 3711 3581 3750 estnam
3603 3737 3620 3762 ,

2254 3768 2539 3838 Nunquam
2566 3766 2800 3836 pariens,
2831 3781 2993 3834 neque
3021 3782 3249 3820 cessans.

2181 3861 2378 3916 Allatis
2417 3857 2717 3928 Scriptura:
2751 3858 2927 3911 verbis
2959 3857 3158 3911 similia
3189 3865 3314 3912 sunt
3345 3857 3498 3913 hmo:
3530 3875 3549 3907 ι
3581 3856 3694 3910 Ex-

2111 3954 2273 4023 cipite
2307 3951 2418 4023 (47)
2453 3951 2762 4022 pontiﬁcem
2811 3949 3171 4005 confessionis
3203 3959 3399 4005 vestrae
3421 3989 3438 4014 ,
3486 3951 3577 4018 qui
3627 3951 3686 4003 fi-

2113 4045 2246 4100 delis
2279 4054 2364 4099 est
2406 4045 2455 4099 ei
2505 4044 2598 4114 qui
2632 4043 2760 4098 fecit
2803 4043 2974 4096 illum.
3007 4061 3024 4093 ι
3055 4041 3189 4095 Nam
3231 4043 3320 4097 hic
3362 4058 3576 4112 quoque
3624 4043 3690 4094 de

2113 4147 2177 4187 eo
2204 4133 2429 4202 loquens
2458 4131 2776 4202 Scriptura,
2807 4133 2900 4200 qui
2946 4147 3012 4187 ex
3059 4133 3217 4188 nobis
3265 4133 3562 4188 conformis
3603 4134 3688 4185 fa-

2116 4372 2134 4404 ι
2160 4352 2292 4405 Duxi
2316 4366 2434 4404 eam
2468 4351 2522 4404 in
2559 4365 2801 4404 uxorem.
2832 4369 2852 4402 ι

2183 4421 2295 4489 (40)
2344 4419 2512 4474 Fial.‘
2545 4419 2703 4473 Rulli.
2754 4436 2836 4481 III,
2887 4419 2940 4472 4.
2992 4418 3183 4475 Latina
3233 4417 3402 4471 Biblia
3464 4417 3684 4489 habent,

2115 4488 2317 4557 (Est,t
2380 4509 2476 4560 pro
2539 4490 2772 4544 «Fiat.»
2845 4489 2951 4544 Sed
3019 4501 3075 4545 et
3135 4489 3460 4546 Ambrosius
3522 4488 3682 4557 legit,

431 4573 500 4630 ιιι
536 4559 610 4610 De
645 4559 770 4624 ﬁde,
811 4576 928 4628 cap.
957 4561 990 4615 5
1024 4579 1037 4613 :
1071 4581 1088 4611 ι
1115 4561 1225 4616 Nec
1268 4575 1482 4628 semper
1525 4570 1704 4614 tamen
1750 4560 1996 4630 (inquit)
2038 4569 2080 4623 ι)
2112 4582 2127 4613 ι
2155 4564 2294 4625 Fiat,
2327 4581 2346 4612 ι
2383 4559 2446 4614 ιιι
2475 4561 2912 4630 vidimusmodo.

433 4645 452 4676 ι
479 4625 676 4680 factum
722 4643 843 4682 esse
878 4625 914 4682 ⁷»
949 4632 1014 4683 ad
1062 4625 1401 4685 creationem
1441 4630 1710 4697 refertur;
1737 4625 1996 4697 scriptum

426 4708 510 4750 est
540 4697 683 4769 eni_m
712 4713 727 4750 :
765 4717 784 4750 ι
805 4699 1065 4763 Domine,
1108 4701 1371 4769 refugium
1427 4701 1601 4754 factus
1651 4715 1710 4754 es
1758 4701 1945 4766 nobis;
1973 4720 1992 4753 ι

427 4775 531 4838 et“;
565 4785 583 4816 ι
614 4767 808 4822 Factus
835 4785 894 4823 es
927 4773 1055 4822 mihi
1085 4772 1135 4823 iu
1162 4767 1409 4824 salutem.
1437 4810 1451 4823 .
1477 4807 1492 4822 .
1527 4789 1545 4821 ι
1580 4770 1850 4838 Scriptum
1877 4781 1954 4825 est
1981 4791 1994 4824 :

434 4855 452 4887 ‹
479 4835 598 4889 Fiat
624 4849 802 4892 autem
830 4841 968 4893 Deus
998 4855 1182 4904 verax,
1215 4841 1392 4895 omnis
1432 4851 1612 4894 autem
1645 4835 1804 4893 homo
1848 4856 1998 4894 men-

427 4909 525 4959 dax
548 4945 562 4958 .
589 4945 604 4961 .
630 4945 644 4960 .
672 4927 728 4962 .›
753 4907 918 4980 _Nain
976 4919 1032 4962 et
1097 4911 1308 4980 Moyses
1368 4911 1493 4964 dicit
1526 4928 1539 4963 :
1580 4929 1598 4961 ι
1645 4910 1870 4973 Adjutor
1943 4922 1995 4965 et

428 4984 700 5042 protector
744 4977 920 5032 factus
959 4990 1043 5033 est
1099 4977 1226 5033 mihi
1273 4985 1326 5034 in
1373 4981 1665 5034 salutem.)
1723 4981 1788 5034 Et
1834 4981 1995 5033 David

429 5046 598 5120 dicit:
639 5065 655 5098 ι
683 5047 999 5120 Estohmihi
1057 5050 1109 5120 iu
1154 5051 1322 5109 Deum
1379 5061 1782 5120 protectorem,
1830 5060 1884 5120 et
1944 5051 1996 5103 in

427 5116 641 5186 domum
681 5118 892 5186 refugii,
929 5128 985 5171 ut
1026 5119 1232 5173 salvum
1282 5116 1394 5174 me
1423 5119 1609 5174 facias.
1645 5138 1662 5168 ι
1715 5119 1782 5173 Et
1833 5119 1998 5174 Isaias

426 5185 555 5238 dicit
585 5205 599 5239 :
635 5185 872 5243 «Factus
915 5198 998 5240 est
1039 5190 1184 5242 omni
1226 5190 1430 5243 civitati
1474 5189 1658 5242 humili
1713 5189 1992 5254 adiutor.»

424 5256 672 5325 Quinque
729 5261 842 5310 haec
901 5259 1202 5312 testimonia
1268 5261 1454 5313 eodem
1518 5261 1678 5312 modo
1743 5259 1998 5312 attulerat

425 5324 704 5399 Didymus.
742 5329 825 5399 Au
870 5329 1012 5384 hunc
1037 5330 1152 5399 ejus
1199 5330 1373 5384 locqu
1426 5343 1536 5399 pra:
1583 5329 1755 5384 oculis
1811 5329 1998 5382 habuit

423 5397 782 5452 Ambrosius?

494 5466 607 5536 (56)
634 5464 832 5520 Factus
853 5484 928 5521 es.
960 5465 1067 5522 Isa.
1102 5483 1231 5532 xxv,
1249 5467 1472 5536 4,]uxta
1494 5467 1739 5523 Grazcam
1767 5469 1998 5523 transla—

423 5533 647 5616 tionem.
685 5537 878 5592 Latina
922 5540 1067 5592 enim
1107 5539 1269 5594 habet
1293 5533 1364 5592 ι’(
1389 5537 1589 5593 Factus
1637 5555 1698 5594 es
1737 5539 1998 5616 fortitudo

460 5619 666 5659 20061³1.
701 5625 722 5658 ι

423 5619 666 5672 pauperi.
701 5625 722 5658 ι
1383 5675 1387 5678 _
1435 5669 1443 5674 _

497 5674 608 5751 QZ)
647 5675 1104 5751 Qontinus._PsaI.
1130 5693 1262 5751 xxix
1317 5677 1385 5732 i3
1421 5675 1576 5748 (sive
1600 5679 1658 5733 ll
1685 5679 1728 5751 ).

495 5745 608 5816 (58)
648 5744 801 5816 fias.
840 5748 980 5802 Psal.
1017 5764 1144 5814 xxx,
1181 5749 1237 5802 5.

497 5814 608 5885 (59)
650 5814 818 5872 Facta
849 5831 945 5873 est.
975 5818 1108 5874 Cen.
1143 5834 1234 5887 xx,
1276 5817 1360 5873 12.
1387 5817 1576 5876 Latina
1607 5821 1770 5878 editio
1803 5820 1962 5879 habet

2021 5727 2024 5730 .
2101 5681 2216 5735 sius
2243 5681 2294 5734 in
2324 5675 2576 5734 sermone
2627 5675 2829 5747 majore
2871 5675 2948 5732 De
2989 5679 3026 5747 ﬁ

2173 4633 2288 4702 (III)
2331 4631 2442 4702 Ego
2481 4639 2677 4702 autem.
2707 4629 2847 4702 Psa_|.
2879 4644 2941 4702 ιι,
2983 4628 3036 4683 6.

2173 4696 2285 4771 (42)
2324 4696 2450 4754 Rém
2481 4701 2734 4771 aliquam.
2783 4698 2964 4754 Codex
2999 4698 3177 4770 :ﬂspi.
3211 4696 3328 4753 τοῦ.
3362 4697 3504 4767 Lego
3551 4697 3683 4769 περί

2097 4769 2214 4832 του,
2255 4774 2306 4824 id
2340 4779 2444 4832 est,
2472 4769 2600 4840 περί
2635 4785 2800 4840 τινος.

2195 4843 2286 4905 45)
2329 4839 2606 4894 Dominus.
2636 4839 2804 4892 Exod.
2837 4853 2929 4901 xv,
2958 4839 3045 4894 18.

2193 4913 2285 4978 44)
2337 4909 2595 4976 Regnum.
2638 4908 2781 4962 Psal.
2811 4924 2995 4969 cxuv,
3025 4909 3114 4964 15.

2194 4982 2283 5050 ,45)
2325 4979 2616 5050 Constitue.
2651 4978 2903 5050 Psal‘._tx,
2937 4980 3027 5032 21.

2173 5047 2392 5122 ('46)!)
2437 5049 2710 5122 Dominus.
2761 5047 2923 5122 NIich.
2977 5065 3050 5122 tv,
3099 5049 3170 5122 r7.
3228 5048 3416 5103 Grmca
3476 5047 3674 5122 Biblia,

2101 5117 2446 5192 βασιλεύσει,
2507 5134 2614 5192 pro
2664 5117 2956 5188 βασιλεύει.
3013 5121 3271 5190 Didymus
3323 5133 3454 5174 vero
3500 5121 3682 5190 aliqua

2099 5188 2302 5247 omittit
2330 5188 2674 5242 intermedia.

2171 5261 2286 5331 (47)
2327 5258 2611 5331 Επείρὶιε.-
2639 5257 2804 5312 Hebr.
2848 5260 3122 5331 _Iu,_I_et
3151 5258 3224 5331 A2.
3275 5257 3464 5331 Graeca
3511 5259 3673 5331 editis

2099 5327 2312 5386 habet:
2346 5327 2904 5400 ίΚατανοήσατεᾷτὸν
2945 5329 3240 5383 ἀπόστολον
3277 5330 3374 5382 καὶ
3415 5329 3675 5400 ἀρχιερέα

2096 5402 2198 5482 τῇς
2241 5398 2528 5482 ὁμολογίας
2575 5397 2732 5482 ῄμῷν
2767 5398 3009 5482 ,Ξςριστὺν
3044 5400 3272 5482 Ἰησοῦν,
3317 5397 3521 5482 πι-στδνί
3549 5398 3680 5482 ὄντα

2097 5467 2176 5541 τῷ
2209 5467 2519 5541 ποίἠσαντι-
2538 5467 2729 5541 αὐτόν,
2767 5467 2967 5541 idest
2989 5488 3002 5524 :
3028 5489 3048 5521 ‹
3071 5467 3681 5541 ConsiderateLaposto-

2101 5536 2236 5603 lu'm,
2269 5536 2336 5594 et'
2373 5538 2684 5606 pontiﬁcem
2731 5536 3097 5594 confessionis
3151 5548 3350 5594 nostra:
3400 5537 3678 5592 Christum

2101 5609 2306 5673 Iesum,
2339 5609 2431 5679 qui
2464 5608 2638 5662 ﬁdelis
2662 5615 2747 5679 est
2777 5609 2848 5666 ei.
2877 5611 2967 5679 qui
3012 5610 3138 5664 fecit
3169 5612 3417 5679 ipsumg
3439 5608 3682 5679 Athana-

3033 5680 3117 5747 de,
3149 5677 3301 5733 num.
3353 5677 3446 5740 26,
3500 5677 3678 5730 locum

2103 5751 2244 5804 hunc
2283 5750 2509 5818 exponit
2559 5747 2626 5801 de
2670 5745 2887 5800 Christo
2940 5745 3000 5805 ut
3053 5745 3304 5816 herniae,
3347 5757 3404 5805 et
3449 5748 3683 5803 maxime

2104 5820 2351 5876 innititur
2381 5819 2494 5875 voci
2530 5819 2918 5887 κατανοήσατε.
3691 5856 3693 5858 .
