4056 6394
390 355 492 410 817

1625 349 1857 406 DIDYMI
1896 349 2365 407 ALEXANDRINI

3549 361 3653 421 818

393 484 514 528 ctus
543 479 628 528 est
653 471 809 528 nobis
827 510 844 538 ,
874 485 974 527 nos
997 469 1271 536 hortatur,
1297 477 1358 524 ut
1389 468 1564 540 ipsum
1591 471 1927 539 excipiamus

2045 541 2046 544 η
2073 470 2206 524 Θεὸν
2243 471 2344 542 μὲν
2373 471 2468 524 καὶ
2505 471 2632 525 Υίδν
2660 471 2756 526 τοῦ
2790 473 2924 527 Θεοῦ
2958 475 3210 547 ἀληθινὸν
3231 477 3481 549 ἀνάρχως
3501 481 3650 547 ὄντα,

394 566 487 635 qui
522 575 608 622 est
637 565 854 635 quidem
892 564 960 618 ab
987 573 1191 618 aeterno
1223 562 1397 627 Dens,
1431 570 1486 616 et
1515 560 1687 614 Filius
1737 560 1834 615 Dci
1875 575 1968 614 ve-

393 672 516 721 rus,
562 658 656 713 sed
713 665 840 712 tunc
883 664 1105 725 propter
1156 669 1254 709 nos
1285 653 1462 708 factus
1507 661 1627 708 erat
1672 649 1964 717 Pontifex;

393 751 648 820 quoniam
687 750 738 803 in
770 749 968 803 mundo
996 747 1110 819 (48)
1139 757 1288 810 erat,
1319 755 1373 801 et
1398 746 1632 799 mundus
1657 758 1753 813 per
1783 743 1958 811 ipsum

393 842 569 896 factus
595 853 712 906 est,
744 849 800 895 et
832 841 1063 894 mundus
1091 855 1211 894 eum
1245 854 1351 891 non
1399 837 1648 906 cognovit
1669 875 1686 902 ,
1737 833 1952 888 increa-

396 942 505 986 tam
530 933 647 1002 ejus
671 932 928 986 deitatem
959 931 1145 985 nolens
1175 943 1491 999 agnoscere.
1518 927 1691 982 Sensu
1715 925 1822 991 his,
1846 940 1965 993 qum

392 1026 663 1088 diximus,
712 1033 1080 1079 consentaneo
1114 1025 1376 1090 accipitur
1417 1023 1582 1076 etiam
1628 1021 1772 1090 quod
1821 1019 1966 1074 Pau-

390 1116 475 1170 lus
503 1117 570 1169 ad
599 1113 912 1167 Corinthios
941 1114 1186 1167 scribens
1215 1112 1326 1164 ait:
1351 1128 1370 1161 ι
1393 1110 1468 1164 Ex
1502 1111 1618 1180 ipso
1639 1109 1752 1180 (49)
1780 1122 1962 1163 autem

388 1220 486 1262 vos
535 1205 670 1260 estis
704 1205 756 1256 in
789 1205 1007 1258 Christo
1038 1202 1163 1257 Jesn
1187 1241 1202 1266 ,
1239 1201 1330 1271 qui
1369 1201 1542 1254 lactus
1573 1209 1658 1254 est
1687 1198 1952 1266 sapientia

387 1298 542 1352 vobis
571 1296 685 1370 (50)
729 1312 761 1352 a
795 1297 902 1351 Deo
925 1333 942 1361 ,
975 1305 1030 1350 et
1061 1295 1268 1363 iustitia
1295 1334 1312 1360 ,
1348 1303 1406 1348 et
1452 1289 1821 1346 sanctiﬁcatio
1843 1328 1860 1353 ,
1907 1296 1963 1342 et

387 1390 684 1460 redemptio
710 1429 726 1454 ,
782 1400 874 1454 ut,
909 1387 1361 1458 quemadmodum
1396 1388 1660 1454 scriptum
1691 1390 1817 1438 est:
1853 1380 1956 1449 Qui

2069 563 2191 616 τότε
2219 564 2274 616 δὲ
2292 564 2373 617 δι’
2397 566 2545 633 ἡμᾶς
2577 565 2836 636 ἀρχιερέα
2865 567 3252 636 πεποιημένον,
3281 569 3465 640 ἐπειδὴ
3493 571 3552 622 ὲν
3571 571 3650 641 τῷ

2068 651 2260 724 κόσμῳ
2287 649 2378 722 ἦν,
2405 654 2501 706 καὶ
2530 655 2559 706 ὁ
2587 652 2790 724 κόσμος
2822 653 2888 707 δι’
2917 653 3084 708 αὐτοῦ
3114 655 3348 723 ἐγένετο,
3375 655 3471 710 καὶ
3499 658 3528 710 6
3559 659 3651 711 κό-

2068 759 2205 813 σμος
2233 742 2393 797 αὐτὸν
2412 744 2510 796 οὐκ
2534 742 2695 812 ἔγνω,
2719 742 3049 815 ἀποδραμὼν
3076 745 3240 798 αὐτοῦ
3261 745 3360 816 τῆς
3389 746 3647 800 ἀκτίστου

2069 835 2343 906 θεότητος.
2388 837 2702 908 Ἐπομένως
2733 836 3018 909 θεωρεῖται
3060 840 3153 892 καὶ
3205 839 3238 910 ἡ
3280 839 3416 910 πρὸς
3452 841 3648 912 Κοριν-

2068 926 2216 992 Θίους
2249 927 2461 982 Παύλου
2491 929 2674 999 φωνή·
2713 946 2732 980 ι
2775 929 2865 994 Ἐξ
2915 929 3080 983 αὐτοῦ
3132 929 3190 983 δὲ
3237 930 3394 1001 ὑμεῖς
3425 931 3548 985 ὲστε
3588 933 3649 984 ὲν

2069 1019 2291 1091 Χριστῷ
2333 1019 2530 1090 Ἰησοῦ,
2558 1019 2617 1083 ὃς
2643 1019 2880 1090 ἐγενήθη
2926 1021 3090 1088 σοφία
3133 1023 3265 1093 ὑμῖν
3345 1022 3454 1076 ἀπὸ
3483 1021 3642 1085 Θεοῦ,

2065 1106 2378 1177 δικαιοσύνη
2435 1125 2495 1160 τε
2559 1109 2654 1162 καὶ
2707 1109 3010 1180 ἁγιασμὸς,
3062 1113 3158 1164 καὶ
3228 1111 3639 1182 ἀπολύτρωσις·

2029 1223 2032 1225 -
2067 1196 2173 1260 ἵνα,
2206 1197 2388 1261 καθὼς
2409 1200 2739 1270 γέγραπται,
2767 1201 2826 1254 '0
2854 1219 3207 1272 καυχωμενος
3235 1203 3292 1256 ἐν
3312 1203 3498 1274 Κυρίῳ
3518 1220 3644 1255 καυ-

2065 1289 2271 1360 χάσθω.
2313 1289 2470 1344 Κατὰ
2497 1291 2607 1362 γὰρ
2633 1291 2785 1356 Θεὸν,
2818 1292 2974 1361 φασὶ,
3008 1295 3101 1347 καὶ
3139 1295 3334 1363 ἀγαθοὶ
3362 1297 3457 1350 καὶ
3489 1297 3643 1366 σοφοί

2063 1383 2201 1435 εἰσιν
2232 1383 2535 1455 ἄνθρωποι·
2575 1403 2595 1436 ι
2633 1384 2819 1439 καὶτὰ
2847 1386 3064 1439 ἐναντία
3096 1387 3334 1441 τούτων’

384 1485 664 1556 gloriatur,
698 1484 750 1538 in
800 1482 1026 1537 Domino
1075 1482 1352 1552 glorietur.
1384 1478 1564 1533 tNam
1599 1496 1619 1532 ι
1682 1477 1977 1534 secundum
2015 1475 2222 1544 Deum,
2287 1499 2312 1532 ›
2340 1491 2398 1535 ιιι
2445 1481 2664 1551 quidam
2717 1485 2829 1548 ait,
2868 1499 2888 1534 1
2950 1492 3007 1537 et
3057 1484 3216 1554 boni,
3264 1493 3320 1540 et
3371 1485 3641 1555 sapientes

382 1590 508 1636 sunt
539 1580 805 1634 homines.
834 1597 854 1630 ι
884 1578 947 1632 Ει
976 1593 1007 1632 e
1031 1577 1304 1632 contrario
1331 1593 1347 1630 :

456 1673 598 1747 Nam
631 1675 742 1747 (5|)
770 1676 1096 1747 ingentia__et
1123 1671 1457 1747 incommoda
1478 1685 1716 1747 corpora

450 1740 908 1815 Ruunt'grauib—as
942 1745 1163 1813 inflictis
1195 1761 1228 1796 a
1262 1742 1368 1795 Deo
1402 1740 1823 1796 calamitatibus.

382 1837 847 1905 Quemadmodum
879 1837 1025 1891 enim
1059 1849 1183 1890 cum
1212 1852 1232 1885 ι
1265 1834 1475 1904 positus
1509 1842 1593 1887 est
1625 1829 1740 1902 (52)
1777 1839 1834 1884 ut
1861 1828 1954 1883 lux

381 1937 527 1982 esset
555 1927 829 1996 gentium,
861 1943 882 1978 ι
911 1923 1342 1980 substantialiter
1377 1931 1506 1976 tunc
1535 1920 1712 1975 factus
1737 1935 1841 1974 non
1871 1929 1955 1974 est

379 2017 507 2083 lux,
558 2020 654 2072 sed
706 2017 884 2071 lumen
932 2031 1046 2085 quo
1091 2014 1468 2069 illuntinantur
1508 2011 1674 2083 359
1706 2012 1796 2080 qui
1827 2025 1952 2064 eum

377 2117 684 2179 agnoscunt
721 2107 740 2178 (
773 2125 792 2158 ι
824 2105 956 2162 Erat
1014 2106 1126 2176 (55)
1177 2123 1199 2158 ι
1225 2105 1406 2169 enim,
1457 2104 1634 2174 inquit
1682 2103 1950 2169 Joannes,

382 2219 402 2252 1
433 2202 518 2256 lux
560 2215 728 2264 vera,
775 2214 898 2269 qua:
943 2197 1219 2253 illuminat
1263 2210 1478 2251 omnem
1530 2193 1804 2250 hominem
1858 2208 1952 2247 ve.-

378 2292 614 2346 nientem
647 2291 700 2344 in
733 2288 990 2342 mundum
1017 2287 1068 2358 ι)
1097 2304 1111 2340 :
1142 2287 1216 2341 ita
1248 2286 1412 2342 etiam
1434 2325 1451 2352 ,
1497 2299 1619 2339 cum
1655 2294 1850 2339 natura
1888 2291 1946 2338 et

375 2383 444 2438 ab
490 2393 697 2437 aeterno
745 2390 888 2435 esset
933 2379 1224 2443 Dominus,
1272 2386 1399 2432 tunc
1430 2393 1449 2428 ι
1484 2389 1576 2430 rex
1625 2376 1951 2431 constitutus
1989 2367 1992 2370 “

373 2481 456 2526 est
480 2511 496 2536 ,
529 2489 549 2522 ι
577 2480 629 2525 et
657 2489 676 2521 ι
709 2471 883 2523 lactus
915 2467 1016 2522 fuit
1046 2467 1301 2521 Dominus
1321 2507 1337 2530 ,
1366 2485 1385 2517 ι
1414 2480 1536 2519 cum
1565 2464 1853 2534 discipuli,
1883 2472 1943 2518 ut

375 2563 638 2632 scriptum
670 2569 755 2615 est.
776 2601 791 2625 ,
828 2561 968 2614 servi
999 2558 1112 2629 (54)
1146 2559 1262 2629 ejus
1298 2558 1423 2613 l‘acti
1459 2567 1581 2612 sunt
1607 2575 1623 2624 ;
1655 2572 1779 2610 cum
1807 2562 1948 2626 Apo-

373 2655 549 2707 stolns
577 2653 790 2721 scripsit
819 2672 832 2708 :
865 2671 883 2705 ι
914 2651 1111 2706 Paulus
1137 2652 1252 2723 (55)
1279 2666 1469 2706 servus
1496 2648 1624 2705 Jesu
1654 2649 1856 2705 Christi
1883 2667 1898 2714 ;
1922 2669 1941 2702 ι

374 2759 608 2813 cumque
642 2759 830 2797 omnes
862 2759 985 2798 eum
1015 2752 1074 2798 ut
1108 2743 1396 2798 Dominum
1426 2752 1482 2796 et
1510 2741 1786 2798 Christum
1823 2741 1939 2812 (56)

372 2847 729 2908 agnoscentes
778 2834 1077 2890 Christiani
1131 2834 1464 2890 denominati
1514 2849 1737 2898 sumus,
1799 2834 1947 2888 velut

373 2928 516 2984 servi
551 2927 841 2998 participes
875 2927 1005 2981 laeti
1038 2927 1272 2982 nominis
1302 2926 1487 2981 herilis
1514 2943 1530 2981 :
1565 2925 1706 2980 sicut
1736 2924 1934 2994 legitur

1982 1671 2027 1731 Β
2130 1663 2212 1718 Τὰ
2236 1662 2348 1734 τὰρ
2377 1665 2641 1732 περισσὰ
2670 1665 2973 1732 uda-6mm
2993 1681 3242 1734 σωματα

2127 1735 2333 1788 Πίπτει
2346 1735 2620 1804 βαρείαις
2641 1737 2791 1805 πρὸς
2823 1736 2972 1790 Θεοῦ
3002 1736 3426 1805 δυσπραξίαις.

2059 1827 2157 1879 Ὃν
2180 1824 2379 1896 τρόπον
2421 1824 2531 1896 γὰρ
2555 1823 2735 1888 τεθεὶς
2771 1824 2889 1894 φῶς
2915 1819 3054 1880 εἶναι
3084 1825 3275 1890 ὲθνῶν,
3313 1829 3414 1881 οὐκ
3440 1827 3634 1881 οὑσιω-

2051 1915 2155 1980 δῶς
2179 1914 2398 1984 ἐγένετο
2427 1915 2548 1967 τότε
2572 1915 2708 1984 φῶς,
2728 1915 2842 1968 ἀλλ’
2875 1908 2919 1984 ᾧ
2944 1917 3268 1986 φωτίζονται
3300 1920 3350 1972 οἱ
3377 1919 3634 1989 ἐπιγινώ-

2053 2023 2273 2070 σκοντες
2297 2007 2460 2059 αὐτὸν
2485 2005 2504 2077 (
2532 2024 2552 2060 ι
2581 2002 2691 2060 Ἦν
2724 2025 2743 2060 ι
2777 2007 2906 2078 γὰρ,
2931 2009 3117 2080 φησὶν,
3151 2027 3170 2062 ι
3202 2010 3264 2064 τὸ
3292 2010 3408 2080 φῶς
3428 2011 3639 2082 τὸάλη-

2052 2095 2221 2158 Θινδν,
2251 2095 2280 2148 ὃ
2311 2094 2535 2165 φωτίζει
2575 2095 2752 2149 πάντα
2791 2096 3076 2169 ἄνθρωπον
3102 2099 3396 2170 ἐρχόμενον
3432 2101 3511 2164 είς
3541 2102 3638 2155 τὸν

2051 2186 2256 2256 κόσμον
2289 2184 2387 2257 ι
2435 2184 2579 2238 οὕτω
2616 2185 2712 2239 καὶ
2761 2204 2779 2236 1
2823 2186 3075 2257 βασιλεὺς
3113 2191 3442 2262 κατεστάθη,
3489 2212 3507 2244 ι
3539 2194 3635 2248 καὶ

2055 2297 2074 2329 ι
2088 2277 2293 2348 Κύριος
2309 2277 2544 2345 ἐγένετο,
2560 2298 2578 2329 1
2603 2277 2761 2347 φύσει
2776 2281 2871 2333 καὶ
2886 2281 3134 2352 ἀνάρχως
3145 2281 3220 2335 ὣν
3237 2283 3462 2354 Κύριος,
3477 2285 3563 2338 ὅτε
3581 2287 3634 2338 οἱ

2051 2369 2312 2440 μαθηταὶ,
2339 2370 2414 2433 ὼς
2451 2370 2784 2441 γέγραπται,
2813 2371 2988 2425 δοῦλοι
3010 2373 3175 2427 αὐτοῦ
3204 2375 3516 2443 γεγόνασινο
3541 2377 3630 2432 ὅτε

2048 2462 2078 2512 ὁ
2121 2459 2440 2523 Ἀπόστολος
2491 2461 2812 2514 ἐπέστελλεν
2838 2478 2852 2492 ⁸
2909 2479 2930 2515 1
2971 2463 3180 2528 Παῦλος
3218 2464 3402 2529 δοῦλος
3453 2467 3632 2536 Ἰησοῦ

2047 2551 2286 2624 Χριστοῦ
2307 2571 2319 2582 ·
2353 2572 2371 2602 ι
2401 2553 2490 2606 ὅτε
2525 2555 2620 2608 καὶ
2657 2555 2879 2618 πάντες,
2900 2556 3000 2626 τὴν
3029 2557 3322 2628 κυριότητα
3349 2559 3512 2612 αὐτοῦ
3534 2561 3630 2612 καὶ

2048 2641 2373 2713 χριστότητα
2408 2643 2740 2712 ἐπιγνόντες,
2772 2646 3086 2716 Χριστιανοὶ
3111 2648 3522 2721 ὲπεκλήθημεν,
3550 2651 3630 2714 ὡς

2045 2733 2222 2789 δοῦλοι
2243 2734 2336 2788 τοῦ
2360 2734 2678 2790 δεσποτικοῦ
2711 2737 2828 2810 [171
2860 2737 2914 2810 α]
2947 2739 3207 2810 ὀνόματος
3231 2745 3587 2814 μετασχόντες
3610 2761 3626 2776 ·

2046 2825 2189 2880 καθὰ
2213 2825 2360 2895 λέγει
2389 2828 2445 2879 ὲν
2482 2827 2683 2899 Ἡσαΐᾳ
2701 2843 2714 2856 '
2745 2847 2763 2880 ι
2795 2830 2919 2891 Τοῖς
2940 2830 3360 2886 δὲδουλεύουσίν
3382 2851 3470 2902 μοι
3499 2833 3632 2905 κλη-

2046 2918 2272 2990 θήσεται
2329 2917 2502 2987 ὄνομα
2552 2919 2761 2985 καινὸν,
2817 2920 2844 2974 ὃ
2887 2921 3312 2993 εὐλογηθήσεται
3375 2925 3468 2977 ἐπὶ
3527 2926 3629 2994 τῆς

374 3019 425 3072 in
453 3017 590 3072 Isaia
619 3036 633 3072 :
665 3036 684 3070 ι
723 3019 788 3071 Iis
823 3032 951 3070 vero
991 3016 1138 3087 (57),
1185 3017 1274 3086 qui
1306 3016 1550 3071 serviunt
1578 3015 1746 3082 mihi,
1779 3031 1940 3070 voca-

2045 3010 2165 3081 γῆς-
2214 3028 2235 3062 ι
2296 3011 2432 3064 Κατ’
2475 3010 2575 3081 ἐμὲ
2623 3012 2681 3066 δὲ
2722 3010 3031 3084 ἰδικώτερον
3079 3013 3140 3066 τὸ
3192 3015 3301 3068 τῶν
3337 3015 3632 3086 ὀρθοδόξων

371 3111 518 3165 bitur
544 3125 742 3164 nomen
774 3125 1004 3178 novum,
1035 3108 1177 3178 qttod
1219 3107 1570 3163 benedicetur
1622 3107 1675 3163 in
1718 3117 1882 3162 terra.
1916 3127 1936 3159 ι

369 3201 488 3257 Meo
531 3211 711 3256 autem
760 3200 966 3270 judicio
1015 3211 1258 3254 nostrum
1297 3199 1728 3255 orthodoxorum
1770 3215 1942 3269 genus

369 3292 719 3361 peculiariter
768 3291 1142 3361 praenuntiat:
1199 3291 1266 3345 de
1293 3305 1402 3359 quo
1451 3289 1651 3345 ibidem
1699 3289 1938 3346 dicitur:

374 3399 394 3434 ι
428 3381 491 3436 Hi
544 3393 666 3436 sunt
719 3381 834 3454 (58)
881 3396 1067 3437 semen
1113 3380 1456 3436 benedictum
1513 3395 1544 3435 a
1597 3381 1743 3448 Deo;
1778 3400 1798 3433 ι
1837 3391 1936 3436 et:

373 3490 395 3526 ι
428 3473 638 3528 Laetitia
687 3474 802 3544 (59)
855 3474 1184 3541 sempiterna
1245 3486 1410 3540 super
1456 3481 1617 3541 caput
1669 3487 1883 3527 eormn.
1916 3491 1934 3524 I

367 3565 502 3620 Tale
532 3575 616 3619 est
647 3565 811 3618 etiam
843 3566 988 3634 quod
1019 3565 1072 3618 in
1103 3562 1347 3618 Canticis
1377 3563 1604 3634 legimus
1632 3580 1647 3617 :
1687 3581 1708 3614 ι
1748 3563 1938 3616 Ἐκλε-

366 3655 684 3727 λοχισμένος
713 3654 824 3725 (60)
857 3669 924 3710 ex
974 3655 1324 3724 tnyriadibus,
1362 3672 1382 3706 ι
1413 3655 1465 3708 id
1521 3663 1636 3720 est,
1657 3655 1894 3709 selectae
1919 3671 1939 3708 :

253 3783 260 3792 ι
368 3763 472 3800 non
505 3747 647 3815 quod
675 3746 747 3800 sit
769 3761 832 3801 ex
867 3745 1051 3800 multis
1080 3745 1206 3799 ﬁliis
1233 3760 1416 3812 unus;
1448 3747 1542 3800 sed
1569 3745 1694 3816 quia
1733 3746 1936 3813 David,

364 3848 458 3890 aut
503 3836 763 3907 Deipara,
801 3851 867 3891 ex
912 3852 1020 3905 qua
1059 3843 1146 3890 est
1185 3837 1359 3904 quoad
1396 3849 1614 3889 carnem
1649 3835 1934 3902 Christus,

365 3942 475 3995 prae
501 3913 755 3982 omnibus
775 3927 946 3983 electa
978 3926 1077 3981 fuit
1101 3928 1154 3980 in
1185 3926 1561 3981 lncarnatione
1591 3940 1608 3980 :
1637 3929 1937 3998 meritoque

366 4027 415 4067 rl
450 4017 503 4073 Eu
534 4017 651 4086 ipso
684 4016 784 4071 sibi
812 4016 1175 4086 complacuit,
1201 4025 1255 4071 et
1281 4017 1457 4070 dixit:
1491 4034 1511 4068 ι
1545 4016 1678 4083 Quis
1707 4016 1819 4088 (6|)
1851 4033 1940 4072 as-

367 4109 692 4164 similabitnr
725 4109 954 4163 Domino
989 4109 1038 4162 in
1075 4107 1202 4161 [iliis
1235 4108 1326 4162 Dei
1355 4109 1380 4163 ?
1424 4128 1442 4162 ι
1476 4121 1563 4163 aut
1601 4111 1768 4164 etiam
1800 4112 1935 4166 dici-

367 4207 454 4249 tur
483 4195 686 4250 electus
714 4203 770 4247 ιιι
803 4192 1124 4263 Unigenitus
1152 4193 1270 4266 (62)
1297 4208 1362 4249 ex
1389 4195 1646 4250 omnibus
1674 4195 1728 4249 in
1753 4195 1937 4251 lucar-

361 4287 580 4342 natione
607 4285 817 4356 peccati
845 4299 1062 4353 expers.

428 4466 545 4538 (48)
583 4464 651 4538 I__n
686 4466 904 4538 mundo.
933 4464 1102 4538 iJoan.
1136 4464 1292 4538 ull).

429 4534 544 4607 (49)
699 4538 829 4607 ipso.
866 4536 884 4590 Ι
919 4537 1046 4592 Cor.
1077 4553 1116 4601 I,
1137 4536 1232 4607 50,
1259 4535 1349 4590 51.

461 4604 550 4674 50)
594 4604 770 4676 Vobis.
800 4606 990 4662 Greca
1020 4606 1206 4671 editio,
1237 4608 1389 4676 ἡμῖν,
1439 4606 1490 4660 id
1525 4614 1608 4676 est
1653 4623 1675 4657 ο
1699 4605 1878 4658 nobis.
1914 4623 1935 4656 ι

431 4673 545 4744 (Si)
604 4673 766 4748 Nam.
834 4677 1018 4732 Codex
1051 4673 1358 4748 fitncndt'iSe,
1415 4675 1485 4729 τὰ
1541 4675 1650 4748 γὰρ
1703 4676 1941 4748 περισσὰ

361 4745 653 4816 καννοητά.
709 4745 847 4800 Sunt
894 4748 1000 4801 duo
1043 4747 1328 4816 Sophoclis
1377 4761 1566 4816 versus
1601 4745 1665 4798 ex
1726 4765 1744 4796 1
1778 4745 1942 4810 Ajace

362 4813 476 4867 lora
517 4813 760 4882 gestante
792 4835 810 4866 ι
852 4817 956 4870 huc
990 4813 1257 4876 translati,
1289 4815 1559 4870 nonnullis
1595 4816 1939 4870 commutatis

361 4884 546 4939 verbis
573 4901 588 4951 ;
615 4885 695 4938 sic
726 4885 868 4938 enim
911 4886 1163 4954 leguntur
1189 4887 1241 4940 in
1270 4885 1540 4954 Sophocle
1567 4903 1582 4940 :

672 4973 780 5046 γὰρ
803 4975 1034 5048 περισσὰ
1062 4976 1330 5048 κὰνόνητα
1354 4975 1590 5048 ,σώματα

568 5044 800 5119 [limata
821 5044 1064 5119 βαρείαις
1097 5047 1232 5117 πρὸς
1249 5044 1402 5101 ’Θεῶν
1425 5044 1783 5119 δυσπραξίαις

572 5115 801 5183 ’Έφασχ’
829 5117 858 5165 ὁ
893 5116 1103 5185 μάντις.

429 5225 544 5349 (’32)
587 5223 801 5278 Positus
831 5235 925 5306 est.
973 5225 1047 5278 Ex
1063 5227 1207 5307 ~Act.
1252 5240 1375 5290 xm,
1418 5227 1508 5291 47,
1547 5228 1636 5282 ubi
1685 5228 1924 5298 legitur:

357 5296 430 5349 Τέ
468 5294 592 5378 εικά
616 5311 675 5347 σε
706 5295 786 5356 εἰς
813 5313 927 5363 φως
962 5294 1153 5360 ἐθνων,
1181 5296 1233 5350 td
1257 5307 1339 5349 est
1371 5315 1389 5348 ι
1419 5299 1570 5365 posui
1601 5309 1652 5353 te
1677 5300 1729 5353 in
1758 5303 1934 5355 lucem

391 5379 611 5421 Cllllﬂll‘l.
646 5384 664 5416 Ι
707 5392 716 5400 ‘

357 5381 611 5433 gentium.
646 5384 664 5416 ι
707 5392 716 5400 κ

429 5436 540 5507 (55)
580 5432 734 5507 Erat.
768 5432 1002 5507 {eam},
1034 5449 1084 5490 .1.

428 5502 540 5574 (54)
582 5506 750 5560 Servi.
776 5505 910 5574 Vide
936 5502 1067 5558 Luc.
1099 5521 1230 5574 xvn,
1253 5505 1341 5571 10,
1365 5505 1592 5562 etJoan.
1620 5522 1744 5571 xm,
1775 5508 1864 5563 16.

426 5577 538 5644 (55)
581 5574 800 5628 Paulus.
845 5573 1000 5627 Rom.
1042 5591 1078 5638 t,
1110 5577 1161 5629 1.

425 5643 536 5716 (Mi)
588 5645 653 5716 Et
714 5644 1002 5716 Christum.
1065 5647 1120 5698 lu
1174 5643 1363 5699 Graeco
1407 5662 1420 5699 :
1465 5644 1578 5716 Τὴν
1644 5646 1938 5716 κυριότητα

355 5713 515 5766 αὐτοῦ
552 5715 647 5766 καὶ
686 5713 1034 5783 χριστότητα,
1077 5716 1125 5768 id
1152 5725 1235 5768 est
1276 5733 1294 5766 ι
1319 5717 1484 5783 ipsius
1528 5713 1936 5772 Domiueitatent

357 5791 448 5846 (ut
488 5784 566 5838 sic
614 5786 842 5838 barbare
887 5793 1126 5852 vertant)
1192 5794 1244 5839 et
1297 5786 1720 5841 Chrisle'uatetn.
1751 5803 1776 5838 ι
1829 5785 1936 5843 Nec

2044 3104 2200 3175 ἡμῶν
2256 3103 2414 3173 γένος
2467 3104 2823 3176 προφητεύει,
2883 3107 3012 3177 περὶ
3049 3101 3111 3161 οῦ
3160 3107 3189 3160 ὁ
3237 3107 3399 3173 αὐτὸς
3437 3105 3623 3163 εἴπενσ

2047 3213 2066 3245 ι
2105 3186 2266 3246 Οὗτοί
2299 3194 2436 3246 είσιν
2473 3193 2694 3265 σπέρμα
2718 3194 3081 3266 εύλογημὲνον
3107 3196 3211 3248 ὑπὸ
3240 3197 3373 3250 Θεοῦ
3399 3215 3413 3229 ο
3451 3217 3470 3250 ι
3508 3199 3622 3264 καὶ,

2046 3303 2066 3334 1
2101 3284 2422 3356 Εὐφροσύνη
2449 3285 2666 3349 αἰώνιος
2699 3287 2838 3357 ὑπὲρ
2871 3287 3110 3360 κεφαλῆς
3140 3289 3338 3345 αὐτῶν.
3381 3309 3402 3344 ι
3435 3292 3624 3345 Τοιοῦ-

2039 3377 2130 3430 τόν
2164 3378 2280 3429 ἐστι
2310 3376 2406 3430 καὶ
2435 3376 2496 3429 τὸ
2540 3379 2598 3430 ἐν
2627 3381 2738 3440 τοῖς
2767 3379 3011 3450 ’ᾼσμασι
3047 3381 3300 3450 κείμενον
3323 3397 3337 3412 ·
3374 3399 3395 3434 1
3439 3383 3623 3436 Ἐκλε-

2038 3467 2355 3539 λοχισμένος
2385 3469 2495 3522 ἀπὸ
2520 3469 2796 3540 μυριάδων
2817 3489 2830 3501 ·
2871 3490 2894 3523 ›
2920 3471 3061 3524 τοῦτ’
3103 3471 3272 3540 ἐστιν,
3299 3474 3624 3545 ἐκλελεγμέ-

2040 3579 2152 3627 νος,
2177 3563 2274 3632 οὑχ
2305 3561 2378 3626 ὡς
2403 3563 2468 3616 ὲκ
2494 3562 2705 3614 πολλῶν
2731 3563 2862 3616 υἱῶν
2895 3565 3074 3634 μόνος,
3093 3565 3403 3638 ἀλλ’ὲπειδὴ
3437 3569 3620 3631 Δαυῖδ,

2037 3655 2157 3725 ἦτοι
2187 3655 2221 3725 ὴ
2271 3653 2554 3717 Θεοτόκος,
2588 3653 2648 3718 ἐξ
2677 3647 2744 3725 ἦς
2781 3654 2842 3707 τὸ
2882 3655 3022 3709 κατὰ
3060 3656 3237 3726 σάρκα
3282 3660 3513 3729 Χριστὸς
3555 3661 3623 3712 ὲκ

2037 3747 2257 3800 πάντων
2315 3747 2395 3809 είς
2459 3745 2558 3817 τὴν
2620 3747 2938 3817 οἰκονομίαν
2993 3741 3262 3820 ἐπελέγη·
3329 3750 3422 3803 καὶ
3479 3752 3623 3804 εἰκό-

2034 3855 2144 3902 τως
2173 3837 2266 3890 καὶ
2304 3838 2360 3889 ὲν
2390 3837 2539 3905 αὐτῷ
2583 3837 2866 3908 εὐδόκησε,
2901 3841 2996 3893 καὶ
3036 3839 3186 3909 λέγει
3208 3855 3222 3869 ⁸
3256 3859 3276 3892 ι
3307 3843 3403 3905 Τίς
3425 3845 3621 3913 ὁμοιω-

2037 3928 2261 3998 Θήσεται
2301 3928 2378 3998 τῷ
2418 3928 2606 3999 Κυρίῳ
2636 3931 2694 3980 ὲν
2720 3931 2854 3994 υἱοῖς
2881 3930 3044 3992 Θεοῦ;
3083 3951 3100 3982 ι
3129 3932 3164 4002 ἦ
3196 3933 3288 3986 καὶ
3316 3934 3616 4000 ἐπίλεκτος,

2035 4017 2110 4080 ὡς
2137 4017 2470 4088 Μονογενὴς,
2512 4021 2576 4070 ὲκ
2607 4019 2845 4084 πάντων,
2882 4021 2942 4074 ὲν
2979 4025 3045 4092 τῇ
3086 4023 3499 4096 ὲνανθρανπήσει
3523 4026 3620 4079 ἀνι-

2035 4125 2370 4180 αμαρτητος.

1967 4468 2012 4524 D
2040 4467 2506 4553 enimdegendam
2537 4481 2669 4539 puto
2713 4473 3077 4553 χρηστότητα,
3121 4492 3221 4553 pro
3262 4481 3611 4553 χριστότητα,

2039 4540 2140 4619 etsi
2163 4539 2304 4619 hirta:
2330 4539 2634 4619 isltuvoeies
2685 4539 3006 4619 χρηστός-ἐι
3033 4539 3390 4618 χριστός-’ἧοιι
3425 4539 3546 4603 rar't-
3582 4539 3609 4605 ιὲ

2042 4611 2323 4663 veteribus
2357 4611 2904 4675 anctoribnsﬂiedum
2939 4611 3175 4671 librariis
3207 4611 3344 4672 inter
3365 4635 3424 4673 se
3448 4623 3611 4676 veluti

2040 4677 2712 4752 conl'usm_ftte_rint.ilsege
2757 4682 3092 4739 Lactantium
3139 4687 3314 4742 Divin.
3346 4691 3468 4745 inst.
3513 4692 3610 4746 lib.

2042 4762 2258 4827 ινδ-ρει).
2283 4747 2340 4827 7,
2364 4747 2769 4827 γξΓειςιιιΙΙίιιῆιιιιι
2805 4755 3148 4824 Apologetic.,
3197 4776 3314 4827 cap.
3347 4759 3400 4819 3.
3431 4759 3610 4815 Then-

2040 4818 2242 4897 philunt
2270 4819 2685 4897 Antiocltensetu
2706 4818 2859 4897 lib._tt
2878 4827 2950 4897 ad
2973 4818 3311 4897 Ἆιιιοῑῂτιιήι,
3338 4818 3610 4886 Iustinum

2039 4887 2260 4955 Apolog.
2318 4903 2367 4963 ι,⁵
2401 4889 2627 4963 βεεζηλιε
2659 4893 2745 4946 ed.
2769 4891 2960 4963 _Paris.
3006 4887 3158 4950 anniv
3189 4887 3346 4963 1749,
3390 4911 3444 4954 et
3486 4902 3613 4955 Cle-

2041 4967 2274 5037 mentem
2305 4957 2739 5037 Alexandrinum
2759 4961 3021 5032 Protrept.
3060 4984 3177 5037 pag.
3231 4969 3299 5023 72
3334 4957 3392 5024 et
3419 4970 3511 5037 76,
3545 4989 3612 5028 ac

2041 5025 2326 5099 Prt'tlggog.
2360 5027 2450 5080 lib.
2488 5044 2675 5099 t,rcap.
2709 5033 2764 5084 6.
2947 5025 2954 5032 ’
3060 5025 3072 5035 ’
3128 5025 3157 5037 “’
3497 5025 3510 5037 ’
3589 5025 3633 5054 ’⁴

2108 5082 2234 5163 (57)"
2264 5082 2339 5148 [ε.
2369 5082 2800 5163 υενοῖιεδΐιὲὲι,
2837 5102 2905 5158 ts
2931 5114 2987 5159 et
3014 5105 3099 5159 l6.

2107 5165 2222 5234 (58)
2262 5165 2336 5218 Hi
2369 5176 2512 5220 sunt.
2550 5169 2649 5223 lsa.
2679 5187 2789 5231 ut,
2817 5172 2870 5225 9.

2109 5235 2224 5310 (§§_))
2261 5235 2492 5310 limina.
2529 5236 2634 5293 La.
2664 5258 2774 5302 ιιι,
2811 5242 2841 5293 7
2874 5253 2923 5297 et
2952 5261 3115 5310 xxxv,
3150 5247 3236 5300 lO.

2102 5305 2220 5390 (eo)
2261 5306 2811 5390 *Exaexozwpéroq.
2842 5313 2997 5368 Cant.
3021 5331 3074 5380 ν,
3103 5305 3189 5370 ιιι.
3211 5317 3395 5373 Graeca
3422 5324 3611 5389 editio,

2037 5375 2496 5444 ὲκλελογισμένος.

2108 5446 2219 5515 (61)
2264 5445 2413 5515 Quis.
2449 5444 2589 5499 Psal.
2631 5463 2896 5514 Lxxxvm,
2935 5453 2986 5507 7.

2108 5513 2221 5596 (ϐξ)
2261 5513 2604 5596 υςιξςθηιιιιρ..
2632 5518 2686 5569 1η
2719 5513 2927 5585 Graeco,
2978 5525 3307 5596 Μονογενης.
3350 5529 3479 5594 Quae
3507 5545 3607 5582 vnx

2037 5595 2130 5638 aut
2182 5586 2255 5637 ita
2306 5585 2400 5661 hic.
2440 5587 2718 5661 accipitur,
2779 5601 3003 5661 utpag.
3040 5585 3165 5659 549,
3223 5585 3311 5649 ubi
3359 5585 3614 5653 Christus

2037 5665 2260 5733 vocatur
2284 5723 2294 5733 .
2317 5670 2333 5701 ι
2363 5651 2674 5733 ρηίεειιίιιιε
2720 5651 2909 5733 omnis
2946 5651 3230 5728 creaturas,
3264 5683 3283 5717 1
3343 5651 3614 5733 quatenus

2037 5723 2294 5792 singulari
2330 5721 2485 5802 plane
2513 5726 2669 5776 modo
2694 5742 2755 5777 ex
2784 5727 2945 5782 Maria
2976 5734 3186 5800 genitus
3207 5721 3323 5801 est;
3351 5721 3441 5789 aut
3467 5721 3610 5792 idern

2041 5795 2180 5845 valet
2235 5807 2304 5844 ac
2355 5808 2513 5861 μονος
2558 5795 2855 5862 γεννηθείς,
2909 5802 2961 5854 id
3010 5813 3093 5858 est
3153 5805 3338 5859 «solus
3395 5809 3610 5862 uestitus

2144 5808 2180 5844 :t
2235 5808 2304 5844 ac
2355 5808 2513 5861 μονος
2558 5808 2855 5867 γεννηθείς,
2909 5808 2961 5854 id
3010 5813 3093 5858 est
3153 5808 3338 5859 «solus
3395 5809 3613 5876 genitus
