4056 6412
468 375 575 419 δ4ἶ²

1132 487 1289 540 ΚΕΦ.
1319 491 1392 546 Z'.

555 571 646 622 Ἐκ
676 570 1024 644 βλασφημίας
1050 579 1130 640 είς
1164 580 1510 652 βλασφημίαν
1552 587 1739 652 ἰόντε,,⁸
1770 592 2047 662 τροῖσχον·

465 677 556 748 ται
586 662 748 727 εὐθὺς
791 666 930 735 μετὰ
964 668 1032 721 τά
1063 671 1394 742 προκείμενα
1421 675 1483 728 τὸ
1509 679 1657 748 παρά
1691 681 1902 735 Παύλου
1933 685 2049 736 θεο-

467 747 700 817 λογικῶς
721 755 1036 825 εἰρημένον
1074 777 1092 810 ι
1121 760 1354 829 Χριστὸν
1377 763 1511 817 Θεοῦ
1539 747 1769 838 δύναμιν
1792 772 1885 824 καὶ
1912 772 2047 826 Θεοῦ

464 840 687 908 οοιρίαν’
731 860 749 893 ι
795 844 935 898 κατὰ
977 846 1040 899 τὺ
1076 849 1226 916 σφίσι
1256 849 1444 905 δοκοῦν
1481 855 1874 926 ἑρμηνεύοντες
1922 861 2047 913 συλ-

465 931 814 999 λογιστικῶς·
847 936 928 989 ὅτι
953 940 985 1009 ή
1015 939 1195 992 τοιάδε
1216 940 1364 1007 θέσις
1389 943 1542 1014 δηλοῖ
1565 947 1792 1018 δυνάμει
1831 950 1926 1004 καὶ
1955 968 2045 1003 σο-

464 1023 562 1092 φίᾳ
586 1023 680 1076 τοῦ
706 1025 842 1078 Θεοῦ
874 1029 1120 1083 ἐκτίσθαι
1149 1032 1331 1088 αὐτόν.
1359 1036 1522 1108 Καλή
1557 1039 1757 1110 φράσις
1782 1041 1859 1105 δὲ,
1887 1044 1982 1096 καὶ
2009 1046 2042 1113 ἡ

459 1113 668 1166 διάνοια
707 1116 808 1188 τὴν
850 1119 1261 1194 ένανθρώπησιν
1307 1125 1473 1180 αὑτοῦ
1516 1129 1912 1191 ὑποδείκνυσιν.
1957 1135 2046 1189 Ἐν

458 1205 595 1276 αὑτῇ
637 1207 762 1278 γὰρ,
798 1211 951 1280 φησὶ,
995 1213 1231 1284 Χριστὸς
1265 1215 1579 1290 ὠνομάσθη,
1609 1222 1730 1275 καθ’
1750 1224 2044 1296 ὁμοιότητα

459 1297 569 1351 τῶν
615 1299 720 1370 πρὸ
765 1302 934 1355 αὑτοῦ
983 1304 1289 1374 κληθέντων
1347 1310 1605 1378 χριστῶν.
1641 1313 1704 1366 El
1743 1313 1802 1366 δὲ
1835 1315 1930 1368 καὶ
1963 1317 2044 1380 είς

459 1387 558 1456 τὴν
607 1387 836 1461 θεότητα
881 1395 1046 1448 αὑτοῦ
1097 1395 1314 1451 δεκτέον
1361 1397 1422 1453 τὸ
1474 1403 1657 1475 ῥητὸν,
1715 1403 1941 1458 αὐτόθεν
1982 1407 2045 1460 τὸ

457 1477 753 1548 ἀκραιφνὲς
783 1483 884 1552 τῆς
912 1485 1048 1556 πρὸς
1080 1488 1171 1540 τὸν
1196 1490 1413 1561 Πατέρα
1441 1492 1606 1546 αὐτοῦ
1628 1494 2042 1568 ὁμοουσιότητος

458 1573 948 1641 κατασημαίνεται,
987 1579 1082 1630 καὶ
1114 1579 1265 1650 δηλοῖ
1297 1583 1478 1636 πᾶσαν
1507 1583 1606 1655 τὴν
1646 1585 1919 1657 πατρικὴν
1945 1587 2040 1641 δύ·-

455 1663 620 1732 ναμίν
645 1682 715 1755 τε
744 1667 838 1720 καὶ
871 1669 1063 1737 σοφίαν
1091 1673 1472 1730 ἐναποκεῖσθαι
1501 1678 1670 1748 αὐτῷ,
1700 1679 1777 1742 ὡς
1811 1679 1932 1752 [171
1987 1681 2038 1755 b]

456 1754 615 1826 Λόγῳ
634 1754 1032 1832 δημιουργικῷ,
1069 1765 1163 1818 καὶ
1192 1765 1304 1837 Υίῷ
1332 1767 1498 1822 αὑτοῦ
1519 1768 1776 1842 ἀληθινῷ.

1537 377 1627 432 DE
1665 378 2038 437 'I‘RINITATE
2079 382 2277 437 LIBER
2320 384 2650 442 TERTIUS.

2077 508 2124 562 A
2783 501 2934 558 CAP.
2973 501 3086 558 VII.

3616 390 3720 446 8το

2235 590 2608 660 Blasphemias
2644 592 2997 662 hlasphemiis
3026 593 3365 650 cumulantes
3395 598 3579 652 statim
3609 608 3728 666 post

2151 693 2248 745 ea,
2296 697 2417 752 quae
2466 685 2833 754 protulerunt,
2884 684 2935 738 id
2979 684 3249 754 allegant,
3293 689 3436 754 quod
3478 702 3509 741 a
3557 688 3728 743 Paulo

2154 772 2452 840 theologice
2497 775 2697 830 dictum
2742 773 2880 830 fuit:
2913 794 2932 827 ι
2963 775 3238 830 Christum
3270 776 3386 847 (63)
3422 777 3516 832 Dei
3549 781 3723 833 virtu-

2152 872 2258 917 tem
2291 864 2427 934 (seu
2461 866 2834 934 potentiam),
2860 877 2914 920 et
2943 867 3032 920 Dei
3061 867 3423 937 sapientiam:
3455 887 3474 921 »
3505 871 3727 940 suisque

2151 952 2652 1010 ratiocinationibus
2671 954 2837 1026 360
2859 956 3144 1011 abutentes
3167 956 3303 1010 eoid
3336 957 3554 1013 trahunt
3577 999 3592 1024 ,
3620 976 3728 1030 quo

2150 1043 2280 1111 ipsis
2319 1044 2490 1109 libet;
2531 1060 2655 1098 nam
2691 1044 2988 1110 significari
3044 1046 3266 1116 volunt,
3310 1047 3585 1103 Christum
3624 1066 3723 1120 po-

2151 1132 2314 1184 tentia
2346 1146 2409 1185 ac
2442 1132 2706 1200 Sapientia
2743 1133 2833 1187 Dei
2868 1141 3112 1187 creatum
3144 1149 3286 1190 esse.
3321 1137 3393 1190 At
3425 1137 3603 1193 verbis
3642 1138 3726 1208 ip-

2159 1222 2236 1275 sis
2278 1219 2429 1276 Pauli
2466 1236 2762 1291 eorumque
2787 1237 2948 1278 sensu
2977 1225 3268 1291 indicatur,
3295 1225 3722 1285 Incaruationem

2145 1311 2214 1364 ah
2235 1325 2301 1366 eo
2326 1311 2561 1380 spectari
2589 1329 2605 1378 ;
2639 1312 2690 1366 in
2720 1313 2824 1368 hac
2843 1315 2989 1368 enim
3018 1313 3215 1369 Filium
3242 1317 3575 1373 nominatum
3601 1335 3725 1375 esse

2146 1401 2257 1455 vult
2299 1400 2575 1457 Christum
2625 1403 2798 1456 instar
2837 1419 3026 1458 eorum
3058 1405 3150 1474 qui
3202 1417 3330 1462 ante
3362 1408 3513 1463 illum
3544 1412 3721 1466 vocati

2143 1501 2273 1549 sunt
2310 1493 2523 1548 christi.
2562 1493 2716 1559 Quod
2751 1495 2797 1548 si
2832 1496 2995 1549 etiam
3032 1496 3100 1552 de
3132 1498 3249 1566 ejus
3275 1499 3555 1556 divinitate
3577 1504 3722 1558 acci-

2142 1584 2393 1654 piendum
2428 1585 2498 1638 sit
2525 1581 2680 1639 Pauli
2708 1585 2912 1640 dictum
2937 1624 2954 1650 ,
2988 1587 3121 1641 nihil
3148 1588 3293 1642 aliud
3321 1590 3517 1646 ibidem
3548 1594 3719 1663 signi-

2143 1674 2360 1743 ﬁcatur,
2393 1675 2495 1730 nisi
2524 1691 2648 1731 eum
2686 1691 3078 1748 usquequaque
3108 1677 3256 1734 Patri
3279 1683 3719 1738 consubstantia-

2141 1763 2246 1827 lem
2275 1778 2394 1818 esse
2421 1779 2436 1830 ;
2460 1780 2674 1820 omnem
2706 1767 2850 1820 enim
2884 1766 3059 1822 Patris
3084 1784 3209 1823 cum
3237 1773 3530 1839 potentiam
3552 1812 3569 1837 ,
3604 1783 3716 1828 tum

2071 1880 2113 1934 Β
2143 1855 2465 1924 sapientiam
2515 1855 2568 1908 in
2612 1856 2729 1926 ipso
2750 1896 2766 1922 ,
2806 1868 3063 1928 tanquam
3095 1859 3172 1914 "in
3211 1860 3387 1918 Verbo
3419 1861 3676 1920 Creatore
3698 1904 3715 1933 ,

2140 1956 2195 2002 et
2226 1961 2353 2002 vero
2381 1943 2498 2015 ejus
2527 1945 2664 2002 Filio
2683 1988 2699 2013 ,
2733 1949 2913 2003 inesse
2939 1949 3197 2006 declarat.

1100 2025 1258 2078 ΚΕΦ.
1307 2027 1390 2082 Η’.

2767 2037 2920 2095 CAP.
2967 2039 3094 2096 VIII.

1100 2037 1258 2078 ιυςφ.
1308 2037 1390 2082 ﬂ'.

526 2105 625 2162 Ἕν
668 2125 722 2162 τι
780 2112 872 2166 καὶ
904 2113 1062 2168 τοῦτο
1105 2117 1337 2189 πάθημα
1381 2120 1656 2190 αἱρετικὸν
1711 2123 2030 2196 καθέστηκε¹

2767 2037 2920 2095 CAP.
2967 2039 3094 2096 Vlll.

2210 2126 2266 2181 In
2298 2142 2363 2182 eo
2391 2135 2555 2182 etiam
2582 2139 2810 2196 peccant
2842 2131 3121 2196 haeretici,
3147 2132 3294 2200 quod
3322 2133 3398 2187 sic
3423 2149 3712 2204 argumen-

452 2195 514 2248 τὸ
545 2198 720 2267 λέγειν
739 2217 752 2228 ·
780 2203 842 2254 El
875 2204 1104 2276 ἀμπέλῳ
1133 2209 1165 2276 ἡ
1193 2209 1381 2281 Γραφὴ
1416 2213 1720 2283 παρείκασε
1765 2216 1857 2270 τὸν
1896 2195 2030 2289 Χρι-

2143 2228 2366 2274 tentur:
2401 2216 2506 2274 Viti
2539 2195 2813 2275 Christum
2857 2195 3193 2290 comparavit
3234 2195 3546 2292 Scriptura,
3579 2226 3698 2294 pal-

455 2288 599 2351 στδν,
641 2291 884 2362 κλήμασι
931 2295 1342 2368 δ’ράνθρώπους,
1377 2305 1609 2376 γεωργῷ
1651 2306 1709 2359 δὲ
1740 2306 1832 2360 τὸν
1863 2288 2030 2362 Πατέ-

2138 2310 2359 2366 mitibus
2405 2308 2691 2374 homines,
2740 2288 2997 2382 agricolze
3047 2327 3178 2368 vero
3207 2288 3446 2370 Patrem.
3477 2317 3547 2370 At
3579 2317 3708 2372 vitis

457 2395 544 2449 ρα,
581 2379 696 2434 ἔστι
739 2382 795 2435 δὲ
827 2386 858 2456 ἠ
905 2386 1147 2456 ἄμπελος
1183 2392 1428 2465 ὁμοφυὴς
1463 2398 1575 2460 τοῖς
1621 2397 1888 2468 κλήμασι,
1946 2400 2038 2454 καὶ

451 2473 514 2524 οὐ
550 2472 628 2544 τῷ
655 2476 918 2546 γεωργῷ·
947 2480 1323 2548 ἀναφαίνεται,
1355 2487 1539 2554 φησὶν,
1577 2489 1606 2541 ὁ
1633 2489 1760 2552 Υίὸς
1790 2489 2038 2563 ὁμοφυὴς

452 2565 604 2633 ἡμῖν,
640 2567 701 2618 οὐ
750 2567 828 2638 τῷ
874 2568 993 2640 Θεῷ
1027 2573 1120 2624 καὶ
1150 2573 1341 2645 Πατρί.
1377 2577 1570 2648 Ἡμεῖς
1600 2580 1657 2633 δὲ
1690 2581 2037 2648 ἀπαντῶντες

451 2654 529 2724 τῷ
559 2656 701 2728 λόγῳ
734 2659 915 2714 αὐτῶν
936 2702 948 2723 ,
981 2664 1184 2733 φαμὲν,
1218 2666 1299 2719 ὅτι
1332 2668 1474 2721 κατὰ
1516 2670 1615 2741 μὲν
1654 2671 1752 2742 τὴν
1785 2672 2034 2745 θεότητα,

451 2747 614 2810 αὐτὸς
667 2751 767 2821 τῆς
811 2754 1059 2823 γεωργοῦ
1114 2756 1468 2822 ὑποστάσεως
1515 2764 1728 2834 καρπὸς
1765 2764 2028 2837 ὑπᾶρχεν

452 2842 594 2894 κατὰ
625 2842 680 2895 δὲ
719 2844 818 2913 τὴν
849 2847 1048 2916 σάρκα,
1091 2851 1252 2919 ἡμεῖς
1286 2851 1450 2905 αὑτοῦ
1491 2853 1747 2926 κλήματα
1775 2859 2035 2929 τυγχάνο-

454 2951 552 3003 μεν
572 2952 585 2964 ·
618 2937 973 3008 προσέχοντες
997 2942 1093 3011 οὐχ
1124 2944 1323 3012 ἥκιστα
1350 2946 1442 2999 καὶ⁵
1466 2947 1662 3019 Παύλῳ
1692 2949 2035 3019 δογματικῶς

449 3023 866 3098 διατεινομένην
903 3049 922 3082 ι
975 3032 1167 3102 Ἠμεῖς
1201 3036 1309 3103 γάρ
1354 3038 1520 3107 ἐσμεν
1568 3039 1727 3110 σῶμα
1769 3042 2030 3112 Χριστοῦ,

450 3116 545 3168 καὶ
588 3117 722 3190 μέλη
775 3121 839 3174 ὲκ
880 3123 1112 3194 μέρους’
1163 3145 1182 3178 ι
1213 3123 1368 3192 αὖθίς
1407 3146 1466 3182 τε
1512 3126 1610 3184 αὖ·
1640 3150 1658 3182 ι
1691 3134 1805 3186 Οὐκ
1832 3134 2030 3196 οἴδατε,

2135 2402 2382 2457 eamdem
2419 2413 2668 2455 naturam
2700 2401 2865 2456 habet
2891 2417 3014 2456 cum
3051 2403 3361 2472 palmitibus
3383 2447 3399 2474 ,
3434 2422 3538 2461 non
3573 2424 3705 2464 vero

2139 2509 2260 2547 cum
2307 2495 2560 2562 agricola.
2601 2491 2740 2548 Filio
2789 2495 2973 2563 igitur,
3026 2496 3311 2564 inquiunt,
3361 2513 3705 2556 communem

2136 2599 2258 2639 cum
2291 2585 2634 2649 hominibus,
2663 2600 2768 2641 non
2802 2601 2928 2640 vero
2958 2602 3079 2641 cum
3109 2587 3220 2641 Deo
3256 2598 3313 2643 et
3352 2588 3512 2645 Patre
3537 2631 3553 2658 ,
3599 2608 3699 2647 na-

2138 2683 2312 2729 turam
2347 2689 2466 2730 esse
2497 2675 2775 2730 declarant
2838 2676 3018 2732 divina
3068 2678 3308 2736 oracula.
3361 2679 3472 2736 Nos
3525 2692 3708 2738 autem

2135 2781 2326 2820 eorum
2359 2776 2680 2835 argumento
2723 2767 2794 2822 ita
2836 2770 3199 2825 occurrimus.
3247 2770 3557 2830 Secundum
3590 2777 3703 2831 dei-

2138 2867 2298 2911 tatem
2324 2858 2540 2924 quidem
2567 2857 2819 2914 Christus
2845 2869 2929 2913 est
2954 2860 3159 2916 fructus
3187 2863 3536 2932 hypostaseos
3561 2866 3708 2936 agri-

2135 2948 2285 3000 colae.
2334 2947 2428 3001 Siti
2465 2955 2645 2999 autem
2677 2949 2970 3001 secundant
3005 2964 3222 3004 carnem
3253 2962 3547 3021 spectetur,
3589 2955 3708 3022 ejus

2135 3035 2385 3104 palmites
2414 3049 2600 3090 sumus
2631 3051 2749 3090 nos.
2785 3035 2916 3102 Qua;
2943 3039 3069 3091 dum
3094 3039 3324 3094 dicimus
3346 3081 3361 3106 ,
3391 3043 3458 3096 ad
3488 3058 3550 3098 ea
3586 3059 3703 3097 ma-

2134 3121 2280 3174 xime
2328 3121 2567 3176 animum
2612 3125 2941 3179 attendimus
2967 3165 2982 3187 ,
3007 3141 3126 3195 qua:
3167 3126 3368 3184 Paulus
3403 3131 3706 3199 dogmatice

449 3208 530 3297 δτι
561 3209 629 3263 τὰ
659 3210 884 3282 σώματα
904 3216 1057 3286 ὑμῶν
1085 3217 1218 3289 μέλη
1243 3221 1478 3290 Χριστοῦ
1505 3224 1685 3289 ὲστιν;
1724 3245 1742 3276 ι
1793 3225 1885 3279 Ἐκ
1917 3226 2025 3297 γὰρ

2131 3213 2462 3280 asseveravit
2491 3230 2506 3266 :
2537 3231 2555 3264 ι
2584 3213 2691 3268 Nos
2716 3214 2861 3268 enim
2891 3214 3002 3286 (64)
3030 3232 3216 3272 sumus
3241 3235 3438 3290 corpus
3460 3221 3702 3289 Christi,

447 3295 512 3364 δὴ
550 3301 648 3366 τῆς
687 3303 901 3356 τοιᾶσδε
956 3307 1319 3380 ἁποστολικῆς
1369 3312 1623 3381 φράσεως
1671 3295 2024 3369 ἐκϐάλλονται

451 3388 544 3439 καὶ
574 3389 682 3441 οἶδε
727 3391 778 3443 οἱ
826 3395 1110 3464 αἱρετικοὶ,
1145 3399 1240 3451 καὶ
1282 3400 1334 3451 οἱ
1379 3400 1655 3470 κρίνοντες
1701 3403 1800 3474 τὴν
1846 3407 2026 3477 σάρκα

447 3479 541 3532 τοῦ
569 3481 838 3537 Δεσπότου
869 3485 929 3554 ἐξ
956 3487 1207 3559 οὐρανοῦ,
1231 3489 1346 3544 ἀλλ’
1374 3493 1476 3546 οὐκ
1513 3493 1857 3566 ἀνθρωπείαν
1895 3513 2028 3566 τυγ-

449 3571 652 3640 χάνειν.

449 3921 471 4005 ς
489 3923 885 4005 impeccab-ilis)
914 3945 928 3982 :
962 3945 981 3980 ι
1021 3935 1507 4005 (ιιιεῑθηιιείηυιιιιε
1536 3936 1694 4005 plane
1731 3953 1798 3993 ex
1842 3941 2017 3994 omni-

450 3992 551 4075 bus
574 3992 877 4076 hominibus
901 3992 1148 4080 consensu
1174 4014 1254 4080 est
1289 3992 1704 4080 ἀναμάρτητος.
1745 3992 1864 4080 seu:
1885 3992 2014 4080 pec-

447 4064 794 4148 filiasue?)
831 4067 1080 4148 videlicet
1129 4089 1146 4123 ι
1172 4064 1602 4143 ἱειιρθεοιὶὺίἷίεξι
1647 4064 1754 4148 quo
1792 4064 1911 4135 talis
1933 4064 2019 4135 est

449 4131 695 4187 Christus
726 4133 1004 4192 Dominus.

521 4203 632 4272 (65)
666 4203 953 4278 Christum.
987 4207 1158 4263 lCor.
1193 4226 1231 4278 l,
1258 4210 1349 4267 21.
1381 4213 1756 4272 Theodoretus
1791 4219 1844 4273 in
1883 4233 2024 4273 com-

453 4275 729 4356 mentariis
760 4277 827 4329 ad
860 4276 1002 4333 hunc
1029 4275 1252 4359 loctth:
1285 4301 1303 4334 ι
1327 4284 1616 4359 Sciendum
1659 4297 1768 4351 est,
1819 4287 2016 4359 inquit,

455 4343 813 4425 {sapimitiam
881 4356 964 4425 et__
1006 4351 1358 4425 potentiamr
1412 4357 1668 4425 appellari
1729 4343 1767 4410 a'
1838 4343 2021 4414 divino

450 4413 720 4489 Apostolo
758 4430 862 4468 non
924 4413 1193 4489 lluigeuiti
1257 4413 1628 4489 divinitaiem,
1686 4428 1780 4481 sed
1841 4413 2020 4484 crucis

450 4482 907 4561 praedicationem.
934 4486 1009 4564 Ac
1030 4489 1260 4564 Arianos
1290 4482 1760 4564 Eunomianosque
1803 4482 2015 4561 refellit,

449 4539 542 4618 qui
577 4566 857 4619 perperam
883 4573 946 4609 ex
985 4539 1084 4610 hoc
1128 4559 1245 4613 loco
1279 4539 1861 4622 nituntttrvosteitdmev
1883 4585 1902 4620 ι
1930 4539 2018 4621 sa':
2052 4539 2095 4596 θ

450 4621 706 4685 pientiam
731 4643 750 4674 ι
794 4625 957 4678 Deum
993 4626 1223 4681 Verbum
1261 4635 1546 4688 nominari.
1570 4653 1588 4685 ι
1647 4636 1795 4690 Hanc
1821 4621 2018 4693 inter-

491 4693 808 4765 retatiouent
858 4695 1028 4750 fusius
1073 4701 1287 4765 Pxpouil
1341 4700 1568 4758 Ruﬁnus
1607 4705 1922 4761 Palaestinus
1966 4710 2019 4761 in

475 4759 591 4840 iure
623 4761 698 4813 De
716 4763 853 4840 fide,
892 4781 1042 4819 nunt.
1076 4759 1167 4820 11’.
1198 4770 1266 4822 At
1297 4786 1413 4824 eam
1441 4789 1728 4839 nusquam,
1762 4777 1813 4828 tti
1841 4759 2015 4840 fallor,

451 4828 660 4912 indicat
693 4835 968 4912 theologus
996 4847 1199 4912 noster,
1227 4844 1472 4906 quamvis
1497 4828 1692 4912 sae-pius
1716 4828 1836 4899 Ith
1871 4828 2019 4901 Pauli

450 4899 614 4979 χιιι-ω
648 4899 898 4979 inculcef
926 4915 1080 4979 _tumﬁ
1103 4908 1154 4979 in
1189 4899 1289 4963 hoc
1328 4927 1512 4979 opere,
1543 4899 1655 4967 tum
1693 4914 1743 4966 in
1773 4899 1921 4970 aliis.
1964 4899 2019 4971 ni

455 4965 591 5047 IIILI'O
642 4972 858 5047 qttidem
893 4973 996 5047 De
1041 4973 1242 5042 Spiritu
1315 4965 1732 5047 sancto'pnum.
1776 4965 2016 5039 alia";

457 5055 477 5086 ‹
505 5037 640 5119 ροσε
663 5037 942 5119 Sapientia
959 5037 1227 5119 Dominus
1257 5062 1340 5104 est
1362 5037 1543 5105 noster
1569 5051 1727 5106 Jesus
1745 5037 2017 5119 Christus,

454 5109 1267 5189 qui_dicitur.Del_Virtus,_et
1313 5120 1403 5173 Dei
1447 5120 1744 5189 Sapientia.
1774 5143 1793 5174 ι
1847 5109 2019 5179 Simili

456 5178 612 5231 modo
632 5179 869 5252 loquitur
896 5178 1156 5252 Didymus
1180 5185 1231 5239 in
1264 5178 1557 5245 comment.
1595 5192 1649 5245 in
1680 5178 1923 5248 Psalmos
1954 5178 2022 5249 ad

451 5259 608 5329 vers...
632 5248 696 5302 51
741 5251 930 5329 psalmi
982 5248 1096 5329 ivli
1121 5264 1176 5309 et
1215 5259 1280 5311 ad
1312 5274 1447 5312 vers.
1483 5261 1534 5322 1,
1570 5262 1757 5324 psalmi
1792 5278 1912 5328 LIII,
1936 5279 2018 5329 ac,

455 5325 514 5368 ttt
540 5318 674 5388 alios
706 5321 972 5383 omittam,
1013 5324 1347 5382 Athanasius
1381 5329 1431 5381 in
1465 5318 1712 5385 oratione
1756 5332 1799 5384 II
1831 5318 2022 5388 contra

453 5387 699 5508 axungia,
744 5405 893 5444 num.
924 5391 1016 5458 42,
1051 5402 1107 5448 et
1143 5398 1195 5450 in
1229 5413 1482 5452 sermone
1523 5400 1730 5470 majore
1774 5401 1852 5457 De
1894 5406 2020 5472 ﬁde,

454 5465 695 5523 pag.t7.

523 5525 634 5600 (64)
681 5527 1008 5600 [Voconian
1071 5531 1266 5590 lCor.
1322 5552 1421 5600 xu,
1472 5537 1560 5591 27.
1617 5537 1803 5594 Grzeca
1857 5543 2021 5597 editio

456 5591 636 5679 habet,
678 5597 867 5675 Ὑμεῖς
916 5599 974 5652 δέ
1014 5602 1157 5668 ἐστε,
1194 5607 1246 5659 id
1273 5615 1359 5660 est
1409 5591 1548 5663 ivos
1593 5591 2014 5679 auten—testi.in

454 5677 552 5732 pro
599 5683 619 5715 ι
639 5681 736 5719 nos
757 5683 900 5719 enim
925 5687 1130 5726 sumus.
1156 5693 1173 5724 ι

528 5732 641 5806 (65)
681 5733 1053 5819 Eahntembro.
1099 5744 1207 5819 Aut
1235 5747 1300 5819 ad
1341 5746 1590 5819 verbum,
1640 5763 1746 5819 rex
1790 5760 1964 5819 parte.
1995 5772 2014 5805 θ

457 5799 836 5862 Ιιιύυηυυιιίε
864 5807 1140 5869 codicibus
1184 5799 1402 5886 legitur,
1441 5799 2022 5890 ίὲκφμέλοῦςδῖθήέέι

1327 5948 1360 5977 χ

2125 3313 2180 3359 et
2209 3305 2449 3360 membra
2475 3319 2539 3360 ex
2570 3308 2811 3361 membro
2839 3305 3004 3378 (65).»
3033 3309 3098 3363 Ει
3125 3325 3309 3367 rursus
3333 3329 3346 3367 :
3377 3330 3396 3363 ι
3415 3313 3496 3366 An
3526 3317 3705 3369 nesci-

2127 3397 2195 3451 tis
2220 3393 2332 3467 (66)
2348 3437 2364 3458 ,
2387 3399 2528 3466 quod
2547 3411 2774 3467 corpora
2797 3409 2978 3454 vestra
3001 3400 3239 3457 membra
3267 3414 3394 3460 sunt
3416 3404 3657 3462 Christi?
3678 3425 3698 3458 ο

2130 3488 2304 3558 Hujus
2330 3489 2476 3544 enim
2503 3490 2956 3560 nuncupationis,
2993 3507 3157 3562 quam
3205 3495 3364 3551 nobis
3405 3497 3701 3566 Apostolus

2136 3581 2356 3646 tribuit,
2404 3583 2698 3652 participes
2747 3582 2995 3652 profecto
3042 3601 3147 3640 non
3179 3597 3310 3643 sunt
3340 3604 3439 3644 nec
3468 3589 3554 3644 isti
3587 3590 3704 3646 h2-

2135 3673 2287 3728 retici
2309 3714 2325 3740 ,
2354 3689 2455 3730 nec
2485 3674 2520 3728 ii
2551 3676 2646 3745 qui
2673 3689 2894 3732 carnem
2927 3675 3146 3733 Domini
3170 3693 3237 3735 ex
3272 3679 3411 3737 ctelo
3442 3679 3554 3752 (67)
3583 3694 3705 3738 esse

2134 3774 2340 3832 rentur,
2375 3779 2482 3820 non
2511 3780 2643 3822 vero
2677 3767 2993 3822 humanam.

2129 3956 2232 4021 fex
2289 3943 2570 4021 membro;
2597 3961 2630 4021 ι
2677 3957 2785 4012 quo
2835 3944 3487 4021 m_odo_fortasse_legit
3545 3949 3700 4021 Vulg.-

2123 4011 2411 4089 interpres.
2449 4013 2555 4067 Sed
2589 4011 2777 4089 Graeca
2801 4015 2977 4089 etlitio
3015 4015 3178 4089 habet
3201 4027 3259 4073 ut
3291 4011 3572 4089 Didymus.

2195 4081 2311 4148 (66)
2352 4085 2434 4135 An
2474 4084 2706 4137 nescitis.
2741 4083 2757 4138 I
2791 4084 2920 4139 Cor.
2959 4101 3031 4150 vt,
3064 4086 3152 4140 15.

2195 4152 2312 4227 (67)
2351 4150 2435 4205 Ea:
2474 4155 2622 4227 caelo.
2669 4155 2896 4224 Aliquos
2940 4157 3224 4227 exstitisse
3275 4157 3486 4227 Didymi
3540 4167 3703 4214 aetate

2126 4224 2450 4292 haereticos,
2515 4223 2608 4292 qui
2654 4223 2872 4278 carnem
2931 4224 3132 4280 Christi
3191 4223 3466 4282 caelestem
3531 4227 3701 4282 fuisse

2121 4291 2395 4355 volebant,
2440 4291 2545 4346 non
2575 4293 2887 4359 humanam,
2933 4304 3142 4348 certum
3175 4306 3278 4350 est.
3309 4295 3440 4349 Nam
3476 4309 3530 4351 et
3560 4297 3704 4353 Basi-

2124 4362 2432 4436 Ii_us_epist.
2468 4361 2565 4416 161
2600 4363 2671 4436 of!
2709 4361 3112 4436 Sozopolitanos
3155 4379 3298 4436 anno
3341 4365 3447 4420 377
3492 4369 3699 4436 scripta

2123 4433 2203 4485 sic
2240 4432 2477 4505 I_oqui_tu_r
2509 4449 2523 4485 :
2561 4430 2733 4505 rquc
2763 4435 2906 4505 enim
2953 4435 3134 4488 omnia
3186 4435 3448 4488 tolluntur
3487 4441 3555 4491 ab
3583 4430 3696 4505 iis,

2123 4503 2214 4570 qui
2242 4501 2740 4573 Dontittutti_dicuttt
2757 4502 2976 4558 caeleste
2998 4518 3194 4573 corpus
3221 4506 3508 4559 habentem
3535 4501 3698 4560 adveL

2124 4573 2373 4642 nissezt
2421 4579 2478 4624 et
2525 4571 2778 4642 Didymus
2842 4574 2974 4642 ipse,
3031 4571 3267 4642 ut'alios
3319 4575 3588 4640 omittam,
3643 4579 3696 4630 in

2122 4641 2468 4714 enarratione
2507 4643 2563 4694 in
2584 4640 2830 4714 primum
2862 4640 3444 4714 iloannisiEpt'stolam,
3469 4661 3589 4714 cap.
3618 4663 3692 4710 Iv,

2122 4711 2239 4765 haec
2292 4709 2456 4764 habet
2486 4729 2500 4765 :
2534 4709 2717 4786 «Sunt
2761 4720 2942 4765 autem
2993 4709 3212 4782 quidam
3260 4709 3551 4786 haeretici;
3600 4709 3692 4786 qui

2122 4796 2296 4848 neque
2336 4794 2508 4848 usque
2554 4781 2621 4834 ad
2669 4796 2975 4835 sermonem
3013 4781 3372 4837 consentiunt
3419 4783 3475 4838 in
3527 4781 3694 4841 car'ue

2121 4852 2333 4921 venisse
2366 4849 2569 4914 Iesum,
2610 4850 2703 4905 sed
2742 4861 2837 4904 aut
2875 4867 3073 4921 corpus
3109 4852 3334 4907 cmleste
3373 4869 3498 4907 eum
3541 4857 3696 4908 detu~

2123 4919 2252 4974 lisse
2287 4929 2498 4987 putant,
2537 4929 2631 4973 aut
2657 4931 2808 4991 certe
2845 4919 3017 4989 usque
3043 4923 3110 4976 ad
3147 4923 3487 4991 phantasiam
3518 4926 3695 4978 homi-

2124 5004 2245 5042 nem
2277 4991 2586 5064 apparuisse
2619 4989 3016 5064 conﬁrmant.)
3061 4989 3431 5064 At'quosnatn
3475 4997 3696 5064 potissi-

2123 5073 2266 5110 mum
2307 5060 2590 5132 haereticos
2625 5061 2877 5132 designat
2923 5060 3221 5132 Didymus?
3255 5060 3691 5131 Apollinaristas,

2122 5136 2183 5180 ut
2211 5138 2358 5203 puto.
2390 5125 2522 5203 Nam
2556 5125 2787 5203 primum
2822 5125 3062 5203 quideni
3083 5125 3450 5203 Apollinarius
3479 5135 3592 5203 ipse
3620 5125 3690 5189 ita

2121 5199 2358 5274 sensisse
2396 5199 2649 5274 videtur:
2678 5199 2871 5274 deinde
2913 5199 3331 5274 Apollinaristaa.
3367 5199 3513 5274 Novi
3535 5205 3690 5274 equi-

2121 5269 2244 5319 dem
2283 5265 2542 5342 .Iacobum
2583 5269 2902 5342 Basnagium
2937 5265 2989 5324 iit
3027 5286 3088 5325 ea
3133 5286 3257 5327 esse
3297 5265 3599 5342 opinione;
3631 5283 3691 5327 ut

2122 5345 2273 5406 putet
2305 5337 2692 5406 Apollinarium
2723 5337 2829 5392 tam
2859 5355 3046 5395 crasso
3070 5355 3258 5396 errore
3283 5337 3550 5397 imbutum
3583 5359 3687 5396 nou

2124 5405 2289 5481 fuisse
2321 5405 2507 5481 {quod
2539 5418 2594 5460 ιιι
2616 5408 2974 5481 prohet,_haec
2996 5412 3311 5480 Apollinarii
3338 5413 3506 5481 ipsius
3523 5414 3686 5467 verba

2121 5476 2329 5541 profert
2375 5491 2439 5529 ex
2479 5475 2706 5548 Leontio
2737 5494 2753 5532 :
2789 5496 2808 5530 ι
2831 5475 3162 5536 Concessum
3201 5491 3322 5548 est,
3359 5475 3419 5537 ut
3455 5492 3686 5546 certum,

2121 5564 2317 5618 corpus
2338 5561 2462 5602 esse
2483 5563 2549 5600 ex
2577 5546 2818 5618 Virgine,
2865 5549 3207 5606 divinitatem
3234 5566 3266 5606 e
3293 5546 3464 5616 cmlo;
3489 5566 3685 5618 corpus

2122 5617 2411 5670 lormatum
2439 5619 2598 5670 estin
2623 5617 2834 5681 ventre;
2866 5620 3117 5675 tIlVlllllaS
3155 5637 3258 5675 non
3288 5631 3491 5685 creata,
3521 5617 3684 5673 teter-

2119 5701 2224 5740 na:
2244 5687 2308 5758 in,
2330 5688 2722 5758 compositione
2744 5704 2941 5758 corpus
2967 5700 3279 5758 perseverat
3311 5705 3434 5744 esse
3465 5705 3682 5758 corpus,
3765 5734 3767 5736 .

2121 5764 2177 5809 et
2207 5756 2460 5810 divinitas
2487 5755 2765 5810 divinitas.
2791 5775 2811 5809 ο
2841 5755 2924 5812 Ἀι
2962 5755 3174 5814 cuinam
3213 5762 3395 5815 ianOta
3419 5769 3543 5815 sunt
3562 5755 3682 5813 'hze-

2125 5776 2177 5809 CI.
2207 5776 2460 5810 (ιινιηιιίιδ
2487 5776 2765 5810 αινιηιως.
2791 5776 2811 5809 ⁸
2852 5776 2924 5812 AI.
2962 5776 3174 5814 cuinam
3213 5777 3226 5812 l
3268 5776 3395 5814 110ιῦ
3419 5776 3543 5815 sunt
3571 5776 3682 5813 nae-

2125 5825 2417 5882 reticorum
2462 5827 2729 5883 artiﬁcia?
2780 5829 2934 5898 Saepe
2987 5845 3095 5885 uno
3137 5831 3194 5886 in
3233 5776 3357 5886 foco
3396 5830 3466 5915 id:
3485 5842 3684 5901 negare
