4056 6432
444 412 542 469 851

973 531 1130 605 361
1172 532 1322 589 CAP.
1365 532 1454 586 Ix.

522 627 630 682 Sed
689 624 792 680 alia
844 625 1009 680 etiam
1058 626 1239 682 divina
1284 625 1501 678 oracula
1548 625 1626 679 sic
1677 625 2018 695 interpretati

447 731 613 784 sunt,
657 728 716 772 ut
753 734 784 773 a
828 720 1057 774 veritate
1100 719 1486 782 dissentirent,
1513 728 1568 773 et
1607 720 1782 772 adhuc
1815 721 2022 774 dissen-

448 811 588 864 tiant
617 827 632 863 :
660 816 788 877 puta
825 808 972 863 illum
999 808 1150 862 Isaia:
1180 809 1462 879 prophetae
1495 807 1670 860 locum
1691 848 1704 867 ,
1735 807 1822 860 ubi
1860 807 2022 861 Pater

448 901 528 956 ait.
554 917 569 953 :
600 917 620 951 ι
655 898 903 968 Magnum
953 898 1065 970 (68)
1117 899 1214 952 tibi
1263 907 1350 954 est
1377 897 1556 952 vocari
1596 909 1647 952 te
1681 897 1792 967 (69)
1824 898 2018 952 Filium

449 1007 633 1047 meum
662 1009 674 1046 :
710 1009 729 1042 ι
761 989 1016 1060 quodque
1042 1006 1069 1043 a
1096 989 1264 1044 Paulo
1296 989 1558 1058 scriptum
1584 1000 1707 1044 est:
1739 1009 1757 1040 ι
1790 990 1891 1056 Qui
1924 991 2020 1044 tle-

453 1081 640 1137 linltus
669 1080 782 1151 (70)
818 1079 921 1134 fuit
945 1079 1117 1135 Filius
1143 1078 1236 1134 Dei
1271 1079 1323 1134 in
1349 1079 1551 1134 virtute
1576 1080 1869 1134 secundum
1903 1078 2024 1149 Spi-

451 1175 617 1228 ritum
653 1172 981 1228 sanctitatis.
1015 1190 1034 1223 ι
1067 1170 1200 1224 Nam
1230 1180 1286 1226 et
1311 1171 1428 1224 haec
1458 1169 1603 1226 illius
1635 1170 1906 1247 divinitati
1938 1171 2020 1224 ar-

454 1267 694 1336 tingunt,
737 1278 860 1318 cum
903 1272 1082 1317 tamen
1135 1261 1204 1316 de
1250 1261 1435 1316 servili
1487 1261 1698 1326 forma,
1749 1277 1908 1332 quam
1954 1276 2019 1318 ex

450 1355 620 1410 Maria
649 1354 879 1426 sumpsit
903 1394 919 1417 .
956 1354 1101 1410 dicta
1127 1354 1237 1408 sint
1266 1373 1280 1408 :
1326 1356 1393 1410 de
1428 1369 1532 1424 qua
1584 1355 1758 1410 forma
1803 1356 2023 1424 angelus

451 1448 629 1502 eidem
655 1445 842 1502 Mariae
885 1445 1024 1501 dixit
1056 1464 1070 1502 :
1106 1464 1124 1496 ι
1159 1444 1394 1514 Spiritus
1428 1432 1653 1500 sanctus
1687 1447 1798 1516 (7l)
1832 1462 2022 1516 super-

450 1540 633 1594 veniet
664 1540 718 1594 in
750 1549 829 1605 te,
859 1549 915 1594 et
959 1540 1129 1593 virtus
1166 1538 1430 1594 Altisslmi
1483 1539 1829 1595 obumbrabit
1879 1539 1971 1592 tibi
2005 1556 2020 1604 ;

451 1630 682 1699 ideoque
708 1641 764 1687 et
809 1631 953 1700 quod
997 1639 1252 1686 nascetur
1295 1638 1542 1685 sanctum
1567 1669 1584 1695 ,
1620 1630 1904 1685 vocabitur
1934 1629 2020 1684 Fi-

449 1724 558 1778 lius
586 1722 704 1780 Dei.
733 1743 753 1775 ι
782 1722 920 1789 Quin
956 1723 1118 1777 etiam
1167 1737 1194 1774 a
1229 1722 1456 1777 veritate
1499 1721 1863 1784 dissentiunt,
1894 1722 2020 1773 dum

450 1815 726 1886 explicant
774 1816 945 1870 illud:
981 1834 1001 1867 ι
1039 1815 1182 1870 Deus
1236 1815 1352 1884 (72)
1409 1813 1624 1868 Domini
1677 1812 1850 1867 nostri
1895 1811 2020 1868 Jesu

449 1906 651 1961 Christi
676 1945 693 1971 ,
714 1904 874 1961 Pater
895 1905 1079 1976 gloriae
1102 1924 1116 1959 :
1151 1923 1169 1956 ι
1195 1905 1394 1960 etenim
1418 1904 1533 1958 haec
1554 1904 1731 1958 omnia
1757 1903 2020 1958 divinitati

452 1994 622 2061 ipsius
661 1993 991 2049 attribuunt.
1036 1994 1108 2048 At
1143 2009 1276 2048 vero
1318 1993 1517 2048 Paulus
1556 1993 1737 2047 hocin
1771 1991 1890 2047 loco
1926 1991 2024 2045 Pa-

454 2093 591 2138 trem
623 2084 840 2154 quidem
877 2084 1008 2138 dicit
1043 2084 1161 2153 ejus
1188 2084 1280 2153 qui
1314 2099 1419 2138 non
1454 2083 1814 2153 conspicitur,
1853 2083 2022 2138 Demn

450 2187 580 2228 vero
609 2171 726 2241 ejus
752 2173 845 2243 qui
879 2175 1214 2244 conspicitur
1245 2192 1258 2228 :
1293 2189 1356 2228 ac
1387 2173 1452 2227 de
1479 2173 1587 2227 isto
1627 2174 1874 2227 emndem
1927 2187 2025 2226 an~

451 2264 631 2334 gelum
679 2264 844 2318 etiam
898 2265 1060 2334 paulo
1102 2271 1228 2318 ante
1269 2262 1610 2317 convenienti
1661 2270 1900 2331 tempore
1925 2300 1940 2326 ,
1972 2269 2026 2314 et

453 2356 638 2422 novis,
694 2369 814 2424 qua:
867 2362 1292 2410 commemorata
1356 2362 1518 2415 sunt,
1579 2352 1893 2406 nominibus
1952 2351 2022 2404 ita

451 2443 864 2514 cvangelizasse
907 2452 1121 2497 constat
1155 2462 1168 2498 :
1203 2461 1220 2493 ι
1248 2441 1433 2497 Paries
1470 2440 1580 2511 (75)
1617 2440 1783 2494 [ilium
1804 2480 1820 2505 ,
1851 2449 1904 2494 et
1934 2455 2027 2490 vn-

453 2534 604 2590 eabis
637 2549 831 2588 nomen
874 2534 992 2602 ejus
1027 2533 1214 2589 Jesum
1252 2551 1268 2588 :
1305 2533 1394 2588 hic
1423 2535 1530 2589 erit
1561 2547 1809 2600 magnus,
1851 2541 1906 2586 et
1938 2531 2025 2586 Fi-

451 2627 562 2680 lius
610 2624 877 2680 Altissimi
944 2624 1248 2680 vocabitur.
1302 2643 1321 2676 ι
1379 2621 1646 2676 Prmterea
1695 2621 2020 2676 dissentiunt

451 2717 668 2770 veritati
701 2717 860 2786 (nam
897 2729 1085 2770 eorum
1140 2715 1371 2784 cogitata
1417 2723 1472 2767 et
1505 2713 1646 2767 dicta
1681 2713 2025 2767 contunielia-

454 2807 613 2875 plena
643 2806 814 2877 sunt)
848 2821 969 2861 cum
1003 2807 1056 2860 id
1082 2805 1243 2860 etiam
1277 2805 1724 2872 interpretantur,
1760 2803 1902 2873 quod
1952 2804 2028 2856 ait

451 2899 754 2954 Dominus:
791 2916 810 2950 ι
842 2898 991 2953 Vade
1017 2897 1132 2970 (74)
1169 2899 1234 2952 ad
1259 2897 1459 2951 fratres
1490 2911 1671 2962 meos,
1701 2905 1755 2950 et
1789 2897 1874 2951 dic
1900 2897 1979 2951 eis
2009 2916 2021 2950 :

451 2991 701 3046 Ascendo
748 2992 814 3044 ad
858 2990 1074 3046 Patrem
1125 3004 1301 3044 meum
1360 2998 1416 3043 et
1479 2985 1694 3044 Patrem
1752 2997 2024 3045 vestrum.

454 3081 624 3136 Deum
656 3097 835 3137 meum
884 3090 939 3138 et
991 3081 1158 3136 Deum
1195 3090 1454 3137 vestrum.
1487 3100 1505 3132 ι
1537 3079 1668 3134 Nam
1695 3081 1784 3134 hic
1813 3094 2028 3148 quoque

453 3173 669 3229 Patrem
703 3183 863 3243 vocat.
895 3214 911 3239 ,
947 3174 1027 3229 sui
1061 3174 1232 3242 ipsius
1265 3173 1483 3242 quidem
1527 3171 1825 3227 secundmn
1863 3179 2018 3224 natu-
2053 3205 2094 3258 Ο

455 3279 612 3331 ram,
648 3272 894 3320 nostrum
921 3279 1052 3319 vero
1087 3264 1385 3319 secundum
1422 3262 1648 3330 gratiam
1679 3279 1694 3315 :
1728 3261 1892 3314 Deum
1926 3276 2025 3313 au-

454 3365 564 3410 tem
586 3398 602 3423 ,
633 3357 714 3412 sui
747 3357 915 3426 ipsius
943 3355 1158 3424 quidem
1193 3356 1262 3410 ob
1295 3363 1570 3408 recentem
1603 3353 1721 3422 ejus
1753 3350 1984 3406 formam
2009 3391 2023 3412 ,

453 3451 704 3500 nostrum
733 3461 864 3501 vero
893 3445 1190 3501 secundum
1226 3445 1513 3500 veritatem
1544 3462 1557 3498 :
1595 3453 1656 3498 ut
1687 3454 1743 3499 et
1771 3445 1913 3512 quod
1945 3453 2029 3498 est

455 3547 717 3592 aeternum
747 3577 764 3604 ,
796 3547 851 3592 et
890 3539 1035 3606 quod
1081 3552 1306 3602 recens,
1343 3537 1632 3591 indicetur.
1683 3536 2026 3591 Condescen-

455 3631 594 3685 dens
623 3630 767 3684 enim
799 3630 979 3696 quoad
1009 3628 1191 3684 omnia
1223 3628 1398 3683 servis
1431 3627 1723 3690 Dominus,
1769 3642 1889 3680 eum
1935 3625 2028 3693 qui

454 3731 540 3776 est
586 3721 754 3790 ipsius
794 3719 977 3786 Pater,
1017 3735 1080 3775 ac
1128 3730 1312 3774 noster
1367 3718 1550 3782 Deus,
1603 3728 1809 3787 patrem
1863 3718 2027 3771 etiam

457 3819 705 3866 nostrum
735 3825 833 3881 pro
859 3825 957 3865 sua
989 3809 1233 3864 bonitate
1265 3808 1428 3879 362
1473 3808 1628 3874 fecit,
1675 3823 1797 3862 eum
1838 3818 2028 3860 natura

455 3899 556 3952 lilii
591 3913 697 3953 non
737 3898 950 3953 simus:
1005 3897 1175 3952 Deum
1218 3913 1350 3952 vero
1398 3897 1563 3952 etiam
1609 3912 1769 3951 suum
1821 3897 2036 3950 vocavit

454 3998 682 4059 propter
709 3986 1179 4054 incarnationem,
1213 4003 1375 4058 quam
1413 3987 1754 4042 manifestius
1782 3995 2033 4056 prajnun-

458 4078 654 4146 tiavit,
704 4094 828 4136 cutn
875 4079 1046 4136 dixit:
1077 4099 1095 4131 ι
1128 4080 1206 4134 Ex
1259 4087 1452 4133 ventre
1499 4078 1613 4148 (75)
1664 4079 1856 4133 matris
1901 4094 2036 4133 mea:

457 4172 605 4228 Deus
635 4187 790 4228 meus
816 4187 878 4228 es
908 4181 987 4228 tu.
1027 4190 1046 4223 ι
1073 4171 1354 4239 Quomodo
1386 4171 1531 4226 enim
1570 4178 1747 4240 potest
1771 4169 2030 4240 unigettiti

455 4264 538 4320 sui
570 4263 724 4331 Filii,
751 4266 864 4320 veri
887 4274 942 4320 et
970 4263 1148 4336 magni
1185 4263 1310 4325 Dei,
1343 4263 1488 4318 Deus
1513 4261 1680 4317 esse?
1726 4259 1879 4316 Sicut
1903 4276 2032 4331 ergo

455 4367 703 4414 nostrum
734 4357 1013 4415 hominum
1068 4371 1194 4413 vere
1242 4355 1387 4413 Deus
1431 4366 1545 4423 est,
1576 4370 1683 4410 non
1719 4369 1849 4410 vero
1877 4364 2033 4424 pater

1685 412 1918 473 DIDYMI
1958 418 2423 478 ALEXANDRINI

2048 541 2095 595 Α

3608 417 3710 476 859.

2749 543 2905 595 ΚΕΦ.
2937 541 3016 596 Θ¹.

2194 630 2302 681 Καὶ
2332 631 2410 692 είς
2440 629 2602 702 ἔτερα
2630 631 2686 684 δὲ
2718 631 2836 684 θεῖα
2867 632 3004 702 ῥητὰ
3033 628 3400 699 διηνέχθησαν
3441 627 3584 698 πρὸς
3613 629 3708 696 τὴν

2123 716 2398 787 ἀλήθειαν,
2434 720 2525 771 καὶ
2553 719 2633 772 ἔτι
2662 720 3035 791 διαφέρονται·
3067 714 3180 772 οἷον
3211 720 3288 781 είς
3325 717 3392 770 τὸ
3425 717 3533 786 τῆς
3575 733 3708 786 προ-

2073 829 2080 833 -
2123 805 2350 875 φητείας
2389 806 2640 870 Ἡσαΐου,
2688 808 2818 861 ἔνθα
2855 810 2884 860 ό
2928 806 3118 878 Πατὴρ
3155 806 3293 876 ἔφη’
3343 822 3364 856 ι
3412 806 3583 872 Μέγα
3629 804 3710 856 σοί

2123 897 2238 948 ἐστι
2287 896 2551 968 κληθῆναί
2597 916 2656 952 σε
2704 900 2869 952 παῖδά
2914 915 3037 969 μου’
3089 918 3109 952 ι
3146 900 3240 952 καὶ
3279 899 3360 960 εἰς
3408 896 3475 949 τὸ
3512 895 3712 964 Παύλῳ

2123 987 2541 1057 γεγραμμένον·
2583 1007 2602 1039 r
2648 989 2707 1041 Ὀ
2751 988 2990 1060 ὁρισθεις
3020 989 3150 1051 Υίὸς
3194 986 3327 1040 Θεοῦ
3367 987 3430 1039 ἐν
3479 985 3709 1054 δυνάμει

2124 1076 2266 1130 κατὰ
2311 1077 2533 1149 Πνεῦμα
2566 1078 2894 1150 ἁγιωσύνης.
2940 1098 2958 1128 ι
3000 1078 3109 1130 Καὶ
3137 1078 3310 1131 ταῦτα
3337 1077 3454 1147 γὰρ
3488 1079 3559 1146 τῇ
3595 1074 3711 1126 θεό-

2123 1187 2244 1241 τητι
2277 1171 2441 1224 αὐτοῦ
2468 1172 2870 1243 ὲπιρριπτοῦσι,
2900 1171 3161 1241 λεχθέντα
3189 1172 3316 1241 περὶ
3347 1170 3454 1240 τῆς
3485 1171 3553 1222 ὲκ
3587 1169 3709 1222 Ma-

2128 1266 2247 1335 ρίας
2271 1263 2521 1334 δουλικῆς
2546 1265 2777 1335 μορφῆς,
2807 1265 2936 1335 περὶ
2957 1260 3023 1336 ἦς
3044 1266 3072 1316 ὁ
3097 1262 3326 1332 ἄγγελος
3353 1259 3517 1314 εἶπεν
3547 1261 3707 1330 αὐτῇ·

2130 1373 2148 1402 ι
2183 1353 2408 1425 Πνεῦμα
2457 1353 2613 1422 ἆγιον
2663 1355 3016 1406 ἐπελεύσεται
3056 1355 3183 1420 (172
3234 1354 3288 1423 η)
3334 1355 3432 1406 ἐπὶ
3469 1353 3566 1414 σὲ,
3616 1353 3710 1404 καὶ

2123 1447 2352 1518 δύναμις
2395 1448 2650 1516 Ὑψίστου
2681 1447 2992 1501 ἐπισκιάσει
3023 1464 3104 1500 σοι
3123 1465 3136 1476 '
3169 1446 3249 1499 διὸ
3277 1447 3371 1499 καὶ
3416 1446 3483 1498 τὸ
3508 1444 3712 1513 γεννώ-

2129 1555 2286 1608 μενον
2329 1539 2484 1607 ἆγιον
2528 1538 2860 1610 κληθήσεται
2907 1539 3035 1602 Υἱὸς
3087 1538 3246 1592 Θεοῦ.
3291 1539 3413 1591 Ἔτι
3451 1538 3565 1608 μὴν
3595 1537 3711 1590 δια-

2125 1629 2379 1699 φέρονται
2403 1630 2496 1684 καὶ
2525 1633 2604 1694 είς
2630 1630 2712 1694 τὸ,
2746 1649 2766 1681 ι
2801 1630 2859 1682 ’0
2891 1631 3022 1694 Θεὸς
3038 1629 3132 1684 τοῦ
3163 1630 3367 1700 Κυρίου
3393 1632 3429 1701 ἡ
3441 1629 3566 1699 μῶν
3605 1629 3710 1697 ’1η-

2083 1748 2085 1750 -
2126 1719 2220 1774 σοῦ
2245 1720 2503 1792 Χριστοῦ,
2523 1722 2551 1774 ὁ
2576 1721 2763 1792 Πατὴρ
2791 1721 2892 1791 τῆς
2913 1721 3089 1788 δόξης·
3125 1740 3143 1773 ι
3165 1720 3227 1774 τὸ
3254 1722 3360 1774 πᾶν
3381 1723 3455 1790 τῇ
3483 1719 3706 1789 θεότητι

2124 1811 2287 1864 αὐτοῦ
2319 1811 2700 1882 ἀπονέμοντες.
2736 1811 2896 1879 Λέγει
2928 1810 2985 1864 δὲ
3029 1809 3259 1863 ἐνταῦθα
3306 1809 3542 1880 Πατέρα
3587 1808 3709 1877 μὲν,

2123 1901 2215 1955 τοῦ
2244 1901 2318 1974 μὴ
2359 1903 2636 1974 ὁρωμένου
2658 1919 2671 1930 ·
2717 1902 2850 1955 Θεὸν
2883 1903 2959 1962 δὲ,
2996 1900 3090 1954 τοῦ
3125 1900 3428 1972 ὁρωμένου.
3471 1900 3614 1969 Περὶ
3647 1889 3708 1950 οὗ

2121 1991 2149 2041 ὁ
2179 1990 2340 2054 αὐτὸς
2383 1991 2612 2060 ἄγγελος
2661 1992 2755 2044 καὶ
2799 1989 2980 2061 μικρῷ
3022 1990 3257 2061 πρόσθεν
3309 1989 3572 2058 φαίνεται
3618 1985 3710 2038 ἐπὶ

2124 2083 2453 2153 προσήκοντι
2485 2080 2681 2153 καιρῷ,
2719 2082 2814 2136 καὶ
2855 2083 3068 2150 νεαροῖς
3093 2083 3204 2144 τοῖς
3244 2078 3710 2150 μνημονευθείσιν

2123 2171 2379 2242 ὀνόμασιν
2401 2172 2895 2241 εὐαγγελισάμενος
2920 2170 3118 2223 οὑτωσί
3144 2185 3158 2198 ο
3198 2189 3217 2220 ι
3257 2169 3401 2240 Τέξῃ
3431 2169 3578 2231 υἱὸν,
3615 2167 3710 2219 καὶ

2123 2263 2372 2327 καλέσεις
2397 2264 2458 2317 τὸ
2476 2263 2646 2334 δνομα
2667 2263 2831 2316 αὐτοῦ
2867 2262 3093 2334 Ἰησοῦν.
3123 2254 3292 2324 Οὗτος
3319 2261 3477 2313 ἔσται
3508 2260 3705 2331 μέγας,
3727 2263 3736 2272 “

2123 2355 2218 2408 καὶ
2246 2355 2374 2418 Υἱὸς
2413 2355 2669 2424 Ὑψίστου
2696 2353 3048 2426 κληθήσεται.
3083 2350 3378 2422 ι’Προσέτι
3414 2352 3709 2423 διαφέρον·

2122 2463 2211 2499 ται
2236 2444 2414 2515 (λώϐη
2438 2445 2547 2515 γάρ
2585 2447 2704 2498 ἐστι
2752 2445 2822 2498 τὰ
2853 2445 3100 2514 νοήματα
3123 2443 3219 2496 καὶ
3242 2444 3468 2513 ῥήματα
3493 2439 3707 2510 αὐτῶν)

2127 2537 2219 2590 καὶ
2271 2537 2378 2600 εἰς,
2411 2536 2568 2607 τήνδε
2639 2535 2740 2608 τὴν
2801 2534 3064 2603 λέγουσαν
3119 2532 3448 2604 δεσποτικὴν
3513 2533 3704 2604 ῥῆσιν

2131 2647 2148 2680 ι
2189 2627 2425 2700 Πορεύου
2457 2627 2591 2699 πρὸς
2619 2629 2745 2691 τοὺς
2777 2625 3038 2696 ἀδελφούς
3063 2643 3186 2695 μου,
3219 2627 3313 2677 καὶ
3341 2625 3465 2677 εἰπὲ
3498 2624 3704 2683 αὑτοξ’

2140 2720 2438 2773 Ἀναϐαίνω
2469 2719 2603 2790 πρὸς
2635 2719 2727 2771 τὸν
2760 2717 2984 2788 Πατέρα
3015 2735 3116 2787 μου
3150 2717 3245 2768 καὶ
3277 2714 3502 2785 Πατέρα
3529 2711 3703 2782 ὑμῶν,

2125 2813 2259 2866 Θεόν
2295 2830 2396 2884 μου
2430 2813 2522 2864 καὶ
2572 2811 2705 2864 Θεὸν
2743 2809 2916 2880 ὑμῶν.
2958 2827 2976 2860 ι
3015 2805 3310 2861 Κάνταῦθα
3340 2805 3448 2876 γὰρ
3481 2801 3708 2872 Πατέρα

2127 2905 2302 2968 καλεῖ,
2337 2902 2528 2958 ἑαυτοῦ
2561 2902 2659 2973 μὲν
2688 2902 2832 2954 κατὰ
2868 2899 3049 2970 φύσιν,
3073 2898 3230 2969 ἡμῶν
3254 2897 3310 2950 δὲ
3341 2895 3488 2949 κατὰ
3522 2895 3700 2965 χάριν”

2127 2991 2258 3044 Θεὸν
2286 2991 2364 3058 δὲ,
2401 2989 2595 3044 ἑαυτοῦ
2627 2991 2724 3060 μὲν
2762 2989 2852 3042 διὰ
2881 2989 2979 3059 τὴν
3017 2988 3326 3060 πρόσφατον
3360 2985 3531 3038 αὑτοῦ
3563 2999 3703 3052 ,μορ-

2129 3083 2254 3153 φὴν,
2299 3080 2458 3152 ἡμῶν
2491 3081 2548 3134 δὲ
2597 3079 2740 3134 κατὰ
2785 3079 3072 3151 ἀλήθειαν·
3107 3078 3196 3131 ἵνα
3228 3077 3323 3130 καὶ
3362 3076 3423 3128 τὸ
3476 3075 3706 3145 ἀρχαῖον

2129 3175 2222 3226 καὶ
2282 3172 2344 3225 τὸ
2394 3173 2706 3242 πρόσφατον
2759 3169 3090 3240 σημαίνηται
3177 3166 3540 3236 Συγκαταϐὰς
3599 3163 3706 3232 γὰρ

2128 3266 2207 3328 είς
2281 3263 2381 3317 ὅλα
2434 3264 2548 3324 τοῖς
2608 3260 2815 3324 δούλοις
2878 3262 2908 3313 ὁ
2982 3259 3295 3330 Δεσπότης,
3357 3259 3450 3310 τὸν
3512 3253 3705 3310 ἑαυτοῦ

2131 3355 2380 3424 Πατέρα,
2426 3353 2584 3424 ἡμῶν
2625 3353 2683 3406 δὲ
2720 3352 2872 3411 Θεὸν.
2903 3351 3122 3421 Πατέρα
3158 3350 3255 3422 μὲν
3303 3349 3397 3403 καὶ
3444 3347 3609 3418 ἡμῶν
3643 3345 3708 3397 δι’

2128 3445 2440 3514 ἀγαθότητα
2489 3443 2762 3515 ἐποίησεν,
2801 3445 2904 3497 οὐκ
2948 3443 3117 3496 ὄντων
3165 3441 3327 3510 φύσει
3360 3439 3523 3503 υἱῶν,
3578 3435 3708 3490 Θεὸν

2130 3537 2186 3591 δὲ
2211 3538 2304 3591 καὶ
2334 3535 2528 3589 ἑαυτοῦ
2569 3531 2817 3591 ἐκάλεσε
2840 3535 2929 3588 διὰ
2956 3535 3054 3605 τὴν
3076 3531 3484 3603 ὲνανθρὼπησιν
3519 3525 3705 3591 αὐτοῦ,

2133 3628 2198 3697 ἥν
2246 3626 2578 3698 σαφέστερον
2625 3625 3099 3698 προανεφώνησεν,
3136 3623 3327 3677 εἰπών·
3380 3641 3399 3673 ι
3445 3620 3550 3675 Ἐκ
3593 3635 3705 3672 κοι-

2135 3720 2254 3784 λίας
2286 3721 2490 3790 μητρός
2523 3737 2624 3790 μου
2650 3718 2780 3782 Θεός
2822 3735 2923 3789 μου
2961 3713 3013 3769 εἴ
3042 3715 3125 3770 σύ.
3169 3733 3188 3767 θ
3225 3714 3348 3778 Πῶς
3377 3713 3486 3784 γὰρ
3522 3713 3590 3766 ἂν
3618 3709 3708 3763 καὶ

2129 3813 2362 3883 ἐγχωρεῖ
2404 3811 2497 3862 τοῦ
2540 3809 2856 3880 μονογενοῦς
2886 3807 3051 3862 αὑτοῦ
3109 3805 3276 3869 Υίοῦ,
3310 3805 3406 3858 τοῦ
3444 3800 3706 3875 ἀληθινοῦ

2131 3906 2225 3958 καὶ
2266 3902 2503 3973 μεγάλου
2536 3899 2673 3954 Θεοῦ
2699 3942 2714 3966 ,
2761 3897 2900 3954 εἶναι
2937 3899 3069 3964 Osci;
3099 3915 3114 3964 ;
3149 3899 3360 3970 ’Ὠσπερ
3407 3892 3500 3950 οῦν
3552 3894 3708 3967 ἡμῶν

2131 3996 2247 4048 ἐστι
2285 3994 2416 4057 Θεὸς
2449 3997 2516 4064 τῇ
2561 3993 2789 4063 ἀληθείᾳ
2811 4033 2825 4057 ,
2876 3993 2969 4045 καὶ
2999 3993 3059 4044 οὐ
3113 3991 3303 4062 Πατὴρ
3336 3990 3477 4043 κατὰ.
3525 3988 3703 4059 φύσιν·

2133 4085 2305 4148 οὕτως
2335 4084 2500 4137 αὑτοῦ
2531 4084 2690 4154 μόνου
2724 4082 2939 4153 ἀληθῶς
2969 4083 3089 4135 κατ’
3122 4081 3308 4133 οὐσίαν
3346 4081 3463 4132 ἐστὶ
3493 4078 3708 4148 Πατὴρ,

2137 4175 2231 4228 καὶ
2282 4173 2344 4226 οὐ
2393 4172 2526 4236 Θεὸς
2567 4171 2710 4225 κατὰ
2757 4172 2856 4243 τὴν
2899 4172 3012 4226 ἄνω
3075 4171 3348 4241 γέννησιν·
3401 4170 3493 4222 καὶ
3549 4169 3708 4239 ἡμεῖς

2140 4263 2270 4337 [172
2316 4264 2372 4336 ὁ]
2417 4264 2634 4334 μέτοχοι
2663 4262 2758 4316 τοῦ
2791 4262 3025 4334 Χριστοῦ
3065 4262 3382 4330 γεγονότες,
3425 4260 3709 4324 καταξιού-

2140 4355 2282 4428 μεθα
2323 4356 2416 4410 τὸν
2458 4355 2780 4428 ἐπουράνιον
2817 4355 2951 4409 Θεὸν
2992 4352 3404 4408 ἐπικαλεῖσθαι*
3453 4371 3471 4403 ι
3531 4352 3709 4404 Πάτερ

456 4578 733 4644 videntur,
776 4579 918 4648 quod
959 4578 1083 4632 alibi
1123 4587 1310 4647 aperte
1345 4575 1634 4631 afﬁrmant.
1682 4573 1837 4643 Saepe
1867 4572 2032 4628 etiam
2066 4577 2112 4632 D
2142 4571 2781 4648 tione,_Apnllinarium,
2826 4581 2926 4648 aut
2957 4571 3375 4648 Apollinartstas
3410 4569 3662 4648 nominat
3693 4605 3704 4646 ε

459 4664 526 4704 ex
542 4651 727 4718 primo
749 4665 936 4718 errore
966 4649 1018 4702 in
1040 4648 1204 4702 alium
1233 4657 1537 4718 transeunt,
1547 4658 1726 4718 _quem
1743 4651 1899 4718 antea
1923 4657 2031 4718 non

459 4711 841 4788 defendebant.
874 4717 1234 4788 Hieronymus
1267 4731 1397 4772 sane
1435 4717 1488 4770 in
1531 4711 1791 4769 Chronico
1822 4713 1938 4767 hare
1965 4711 2034 4766 de

459 4786 796 4856 Apollinario
824 4789 1041 4856 scripsit
1063 4786 1091 4839 ε’
1113 4787 1307 4854 «Cujus
1334 4788 1423 4840 hic
1445 4800 1602 4840 error
1627 4794 1730 4847 est,
1753 4792 1813 4856 ut
1828 4791 2031 4836 asserat

460 4853 668 4923 Jesum,
704 4857 877 4912 solum
920 4853 1137 4910 carnem
1197 4853 1317 4911 sine
1373 4856 1552 4909 anima
1603 4853 1946 4919 suscepisse.
1974 4889 2029 4923 ..

463 4921 847 4991 Ipsam'autem
877 4941 1096 4980 carnem
1127 4940 1233 4979 non
1264 4927 1331 4980 de
1358 4924 1524 4978 Maria
1549 4933 1924 4991 assumptam,
1938 4921 2033 4975 sed

463 4989 627 5049 Verbi
656 4994 864 5064 aliquid
898 4997 949 5048 in
985 5009 1205 5048 carnem
1252 4995 1421 5049 fuisse
1456 4989 2031 5064 conversum._)__Quid

461 5064 652 5146 plura?
688 5059 1452 5146 qregorius_N.azi_anzenus_in
1481 5062 1720 5146 Epistolis
1740 5061 1816 5146 ’σά
1843 5059 2039 5146 nfecta:

463 5130 601 5187 'rium
631 5149 691 5189 se
719 5130 915 5205 legisse
943 5133 1017 5205 ait
1048 5134 1216 5200 ipsius
1241 5130 1556 5202 Apollinarii
1586 5130 1924 5205 frtuxtioy,_id
1953 5138 2037 5184 est

467 5221 488 5253 ι
512 5199 900 5273 opusculuin,»
955 5202 1008 5255 in
1049 5199 1157 5271 quo
1199 5199 1382 5272 aperte
1423 5205 1468 5258 is
1499 5203 1698 5273 aiebat,
1735 5199 2034 5273 Christum,

468 5292 488 5322 ς
515 5269 828 5342 priusquam
872 5288 904 5327 e
955 5269 1094 5330 ςαξιό
1138 5269 1507 5328 descenderet.
1539 5271 1757 5342 Filium
1805 5269 2038 5322 hominis

463 5342 655 5408 fuisse,
685 5341 768 5397 ’ac
793 5343 1137 5398 descendisse
1165 5343 1436 5411 pr0priarn
1469 5341 1743 5396 afferendo
1779 5353 1994 5392 carnem
2020 5354 2036 5404 ;

463 5428 584 5466 eam
608 5412 836 5479 scilicet,
865 5428 1026 5480 quam
1049 5412 1158 5480 jam
1198 5413 1250 5466 in
1276 5414 1412 5467 coelo
1438 5413 1690 5474 habebat,
1718 5419 1996 5480 aeternam.
2014 5425 2033 5457 ι

464 5481 542 5534 De
571 5477 972 5550 Apolliitaristis
1014 5477 1143 5535 vero
1187 5481 1408 5550 legenda
1455 5496 1576 5550 quae
1615 5495 1735 5550 cum
1772 5477 1883 5539 alii,
1923 5485 2036 5529 tum

465 5549 801 5619 Epiphanius
830 5552 1022 5606 haeresi
1055 5565 1201 5607 van
1244 5549 1488 5618 Scripsit,
1537 5550 1624 5603 ubi
1664 5549 1806 5619 inter
1843 5555 2046 5619 caetera.

466 5614 585 5674 1ιὰξὲ
624 5623 822 5676 habet:
851 5620 1144 5690 «Nonnulli
1196 5622 1300 5688 (ex
1357 5614 1675 5690 Apollinarii
1721 5614 2037 5690 discipulis)

464 5704 532 5759 eo
557 5693 827 5759 progressi
870 5703 996 5746 sunt
1029 5703 1088 5745 ut
1106 5684 1381 5745 Christum
1409 5684 1616 5757 "corpus
1640 5703 1670 5741 ο
1699 5684 1849 5759 οωιο-
1881 5685 2036 5759 detu-

466 5753 595 5811 lisse
635 5753 943 5816 dicerent.»
988 5762 1252 5816 Caeterum
1302 5753 1559 5830 Didymus
1609 5769 1785 5830 neque
1836 5753 1888 5805 in
1935 5753 2038 5806 hoc

453 5841 655 5896 .opere,
679 5843 852 5901 neque
886 5832 943 5889 in
970 5845 1056 5901 ea,
1088 5825 1436 5903 quampaqu
1465 5839 1590 5886 ante
1613 5825 1776 5886 citavi
1811 5837 2035 5882 enarra-

2138 4645 2280 4710 quod
2311 4635 2541 4696 feriasse
2559 4657 2746 4696 eorum
2768 4635 3270 4696 inomina'uondum
3301 4643 3370 4693 ita
3407 4639 3632 4710 infamia
3659 4635 3707 4687 ei

2139 4709 2471 4776 viderentur,
2508 4723 2565 4765 ut
2598 4715 2726 4782 ipsis
2758 4713 3155 4782 quodammodo
3186 4709 3512 4781 parcendum
3535 4709 3710 4762 adhuc

2139 4790 2442 4852 rienesset.
2490 4781 2625 4836 Vide
2643 4793 2755 4834 not.
2793 4785 2844 4846 l,
2867 4797 2986 4852 pag.
3015 4781 3138 4852 175.

2213 4849 2325 4920 (68)
2366 4851 2642 4921 Magnum.
2679 4853 2785 4905 lsa.
2826 4843 2976 4913 aiax:
3009 4851 3061 4917 6,
3097 4851 3250 4920 juxta
3309 4848 3552 4921 Graecam
3605 4843 3712 4898 edi-

2142 4916 2374 4975 tionem:
2414 4916 2482 4975 ei
2519 4937 2626 4988 qua
2683 4916 3054 4990 Hieronymus
3090 4916 3305 4990 (illoque
3349 4933 3468 4990 031)-
3493 4916 3526 4969 ¹⁴
3561 4931 3703 4990 αἶψ’

2143 5001 2309 5042 ment.
2352 4993 2408 5044 in
2442 4983 2810 5045 Ecélesiastem
2857 4983 2931 5044 ita
2976 4983 3124 5045 hunc
3152 4983 3326 5044 locum
3353 4983 3486 5041 cit—at
3516 5005 3528 5039 :
3561 5005 3576 5036 I
3603 4983 3708 5037 Ma—

2140 5074 2301 5130 gnum
2337 5061 2432 5114 tibi
2462 5072 2546 5116 est.
2577 5063 2757 5114 vocari
2793 5071 2842 5116 te
2869 5075 3092 5130 puerum
3125 5076 3326 5114 meum.
3351 5077 3369 5110 ι
3405 5056 3594 5110 Latina
3623 5053 3708 5107 Bi-

2139 5129 2246 5183 blia
2283 5129 2486 5185 habent
2513 5148 2527 5183 :
2571 5149 2590 5181 ε
2613 5130 2810 5184 Parum
2849 5129 2934 5184 est
2957 5138 3014 5183 ut
3045 5133 3123 5184 sis
3151 5131 3281 5183 mihi
3313 5142 3524 5181 servus.
3546 5145 3564 5178 ι

2211 5199 2326 5338 (69)
2365 5199 2549 5253 Vocnri
2576 5212 2641 5254 te.
2673 5200 2857 5254 Graeca
2889 5201 3000 5263 ed.,
3026 5199 3120 5252 τοῦ
3151 5196 3415 5267 κληθῆναί
3455 5213 3535 5249 σε.

2212 5269 2305 5338 (70
2368 5271 2471 5332 Qui
2515 5270 2783 5337 deﬁnitus.
2827 5269 2984 5324 Rom.
3032 5286 3073 5336 ι,
3105 5270 3158 5324 4.
3216 5269 3436 5323 Biblia:
3479 5284 3535 5320 το

2212 5264 2326 5337 (70)
2368 5271 2471 5332 Qui
2515 5270 2783 5337 deﬁnitus.
2827 5269 2984 5324 Rom.
3032 5286 3073 5336 ι,
3105 5270 3158 5324 4.
3216 5264 3387 5323 ΒίὺἸὶιι
3422 5285 3436 5320 :
3479 5266 3574 5320 τοῦ
3605 5264 3702 5332 ὁρια

2143 5336 2360 5402 σθέντος
2387 5339 2537 5404 Υἱοῦ,
2578 5336 2684 5394 etc.

2215 5409 2328 5478 (71)
2361 5408 2589 5477 Spiritus
2611 5420 2844 5463 sanctus.
2868 5408 3000 5464 Luc.
3035 5426 3075 5476 I,
3097 5409 3186 5464 55.

2215 5479 2329 5549 (72)
2366 5481 2524 5549 ρεαδ.
2554 5479 2752 5549 Ephes.
2796 5497 2835 5542 ι,
2872 5479 2956 5532 17.

2213 5545 2328 5615 (75)
2357 5547 2563 5601 Parieti.
2593 5548 2722 5603 Luc.
2757 5568 2795 5614 ι,
2815 5551 2876 5603 51
2902 5561 2957 5602 et
2985 5551 3075 5604 52.

2215 5553 2308 5615 (75
2357 5553 2563 5601 Ραιίὶεε.
2593 5553 2722 5603 Luc.
2757 5568 2795 5614 ι,
2815 5553 2876 5603 51
2902 5561 2957 5602 et
2985 5553 2986 5596 Ι

2215 5553 2329 5688 (74)
2383 5617 2540 5688 Vade.
2577 5617 2736 5672 Joan.
2773 5635 2865 5682 xx,
2897 5620 2986 5674 17.

2215 5681 2330 5757 (75)
2371 5687 2452 5740 Ea:
2507 5699 2700 5742 ventre.
2752 5681 2950 5742 Psalm.
2995 5705 3107 5752 ut,
3164 5689 3248 5742 11.
3299 5689 3481 5741 Grmca
3537 5681 3698 5757 editio

2142 5748 2241 5832 pro
2297 5748 2360 5812 ἐκ
2411 5757 2640 5826 κοιλίας,
2696 5760 2855 5816 habet
2895 5748 3274 5816 eodein'sensu
3307 5757 3418 5812 ἀπὸ
3456 5748 3702 5824 γαστρός·
