4056 6442
365 381 471 437 835

1596 380 1834 437 DIDYMI
1874 382 2342 440 ALEXANDRINI

3506 383 3606 441 856

363 493 509 564 quod
541 499 598 548 et
630 492 685 548 itt
718 492 938 549 Christo
960 492 1112 558 δεδι»,
1143 510 1258 564 qut,
1292 509 1416 550 cum
1449 512 1500 551 tn
1531 501 1700 551 lorma
1733 497 1830 550 Dei
1853 511 1939 551 es-

2056 501 2099 550 ιν
2126 495 2346 568 Χριστῷ
2396 494 2570 566 Ἰησοῦ
2590 512 2604 526 ο
2646 495 2705 560 ὃς
2733 495 2793 549 ἐν
2824 496 3007 566 μορφῇ
3036 493 3170 548 Θεοῦ
3204 493 3483 566 ὑπάρχων,
3512 497 3608 568 οὐχ

362 594 468 650 set,
515 598 624 638 non
672 585 916 652 rapinam
958 585 1254 640 arbitratus
1296 597 1380 641 est
1409 601 1531 642 esse
1571 603 1632 643 se
1673 587 1936 655 a-qualem

364 673 497 742 Deo,
534 676 630 730 sed
667 678 1019 744 semetipsum
1065 676 1366 732 exinanivlt
1401 677 1631 733 formam
1673 680 1814 733 servi
1856 693 1940 733 ac-

365 766 597 834 cipiens,
621 767 673 821 in
700 766 1109 822 similitudinem
1139 768 1416 822 hominum
1446 771 1641 833 lactus,
1670 781 1724 823 et
1749 769 1938 823 habitu

366 854 624 911 inventus
669 866 726 910 ut
777 858 941 912 homo
969 876 984 913 :
1016 857 1324 914 humiliavit
1375 861 1720 930 semetipsum
1763 859 1942 916 Iactus

366 947 626 1003 obediens
659 964 829 1019 usque
859 950 928 1004 ad
964 959 1213 1015 mortem,
1251 961 1478 1006 mortem
1526 963 1704 1007 autem
1737 950 1937 1006 erucis.

367 1037 602 1108 Propter
631 1041 776 1110 quod
825 1049 882 1096 et
922 1040 1067 1098 Deus
1106 1041 1367 1098 exaltavit
1416 1043 1588 1110 illum,
1637 1052 1690 1096 et
1723 1041 1943 1097 donavit

368 1127 447 1184 illi
505 1145 726 1197 nomen,
765 1131 913 1201 quod
963 1143 1046 1188 est
1095 1147 1258 1201 super
1301 1147 1460 1188 omne
1512 1149 1708 1189 nomen
1740 1149 1757 1188 :
1786 1142 1844 1188 ut
1887 1133 1940 1190 in

369 1223 592 1279 nomine
617 1222 745 1279 Jesu
775 1239 939 1279 omne
975 1240 1112 1294 genu
1149 1224 1400 1280 flectatur
1427 1225 1752 1292 caelestium,
1781 1234 1943 1282 terre-

369 1312 590 1378 strium,
616 1323 669 1370 et
707 1315 1037 1370 infernarum
1072 1335 1086 1372 :
1119 1329 1174 1371 et
1209 1317 1386 1372 utnnis
1432 1318 1612 1388 lingua
1657 1318 1942 1372 conﬁtebi-

373 1413 481 1471 tur,
505 1405 646 1474 quod
678 1404 938 1462 Dominus
969 1406 1127 1463 Jesus
1153 1410 1204 1463 in
1232 1409 1400 1479 gloria
1432 1419 1515 1465 est
1539 1408 1633 1465 Dei
1666 1409 1842 1464 Patris
1873 1429 1886 1463 :
1919 1431 1938 1462 ι

371 1499 534 1552 verba
553 1498 794 1567 quidem,
812 1500 1006 1569 quibus
1025 1502 1222 1556 dicitur
1257 1501 1526 1571 Christus,
1547 1517 1670 1558 cum
1691 1502 1747 1556 in
1771 1503 1944 1557 forma

370 1587 466 1644 Dei
493 1599 658 1656 esset,
689 1599 744 1645 et
772 1594 995 1660 aaqualis
1026 1593 1160 1659 Deo,
1193 1595 1541 1664 semetipsum
1577 1594 1944 1652 exinanivisse

371 1694 478 1735 non
514 1681 582 1736 ab
619 1680 728 1736 alio
778 1693 1016 1751 coactus,
1058 1685 1153 1740 sed
1202 1685 1394 1748 libere.
1429 1686 1556 1740 dum
1590 1686 1664 1741 ita
1716 1687 1944 1744 formam

371 1771 514 1825 servi
565 1772 798 1843 accepit,
835 1783 892 1831 et
938 1776 1007 1829 ad
1047 1775 1326 1830 hominum
1376 1777 1735 1847 abjectiouem
1776 1778 1942 1846 venit,

2039 587 2334 658 ἁρπαγμὸν
2361 588 2601 658 ἡγήσατο
2630 581 2770 639 εἶναι
2815 588 2904 640 ῐσα
2929 585 3047 656 Θεῷ
3065 603 3078 616 ·
3125 586 3239 640 ἀλλ’
3280 587 3471 641 ἐαυτὸν
3498 588 3609 641 ἐκέ-

2039 697 2228 742 νωσεν,
2258 679 2470 751 μορφὴν
2506 679 2694 733 δούλου
2727 679 2927 744 λαϐὼν,
2966 681 3022 732 ἐν
3058 679 3363 750 ὁμοιώματι
3403 679 3607 753 ἀνθρὼ-

2040 789 2157 823 πων
2183 772 2472 842 γενόμενος
2489 786 2503 800 ⁶
2548 771 2644 824 καὶ
2664 771 2902 841 σχήματι
2929 771 3172 842 εὑρεθεὶς
3203 771 3278 834 ὼς
3307 770 3608 843 ἄνθρωπος,

2041 860 2400 914 ἐταπείνωσεν
2425 862 2636 925 ἑαυτὸν,
2664 862 2954 932 γενόμενος
2983 862 3224 932 ὑπήκοος
3250 862 3412 933 μέχρι
3447 862 3606 916 θανά-

2042 973 2158 1018 του,
2189 954 2419 1008 θανάτου
2446 955 2503 1008 δὲ
2524 953 2779 1024 σταυροῦ.
2805 953 2896 1006 Διὸ
2926 954 3020 1007 καὶ
3047 955 3077 1005 6
3097 953 3230 1019 Θεὸς
3263 954 3424 1007 αὐτὸν
3441 955 3608 1026 ὑπερ-

2043 1046 2246 1116 ύψωσε,
2306 1045 2401 1100 καὶ
2449 1046 2742 1118 ἐχαρίσατο
2783 1043 2933 1116 αὑτῷ
2977 1046 3148 1117 ὄνομα
3211 1045 3271 1098 τὸ
3319 1045 3460 1118 ὑπὲρ
3505 1048 3612 1098 πᾶν

2042 1138 2243 1209 ὄνομα⁹
2281 1138 2372 1192 ἶνα
2414 1139 2470 1191 ἐν
2499 1137 2576 1209 τῷ
2612 1138 2837 1210 ὀνόματι
2879 1137 3054 1208 Ἰησοῦ
3104 1139 3212 1191 πᾶν
3257 1138 3388 1206 γόνυ
3423 1138 3612 1209 κάμψῃ

2043 1230 2403 1303 ἐπουρανίων,
2448 1232 2543 1285 καὶ⁹
2593 1231 2874 1300 ἐπιγείων,
2925 1231 3021 1285 καὶ
3065 1231 3471 1301 καταχθονίων·
3523 1232 3616 1283 καὶ

2044 1323 2195 1376 πᾶσα
2241 1321 2462 1392 γλῶσσα
2507 1323 2998 1394 ἐξομολογήσεται,
3043 1324 3126 1377 ὅτι
3157 1323 3362 1394 Κύριος
3412 1319 3614 1393 Ἰησοῦς

2045 1413 2125 1474 είς
2151 1411 2308 1479 δόξαν
2330 1411 2465 1465 Θεοῦ
2491 1412 2703 1482 Πατρός
2722 1428 2736 1444 ο
2767 1431 2786 1462 ι
2821 1404 2968 1465 οῦτοι
2993 1411 3067 1482 τῷ
3103 1411 3224 1484 μὲν,
3251 1412 3332 1464 ὃτι
3352 1412 3411 1464 ἐν
3435 1411 3614 1482 μορφῇ

2045 1501 2204 1569 Θεοῦ,
2237 1504 2332 1556 καὶ
2361 1503 2451 1557 ῐσα
2480 1502 2558 1574 τῷ
2581 1502 2700 1573 Θεῷ
2725 1502 3007 1574 ὑπάρχων,
3029 1503 3220 1558 ἐαυτὸν
3243 1502 3530 1567 ἐκένωσεν,
3559 1504 3617 1554 ἐν

2045 1594 2126 1666 τῷ
2169 1594 2353 1650 λαϐεῖν
2403 1595 2501 1666 μὲν
2547 1595 2734 1648 δούλου
2785 1594 3021 1666 μορφὴν,
3062 1595 3157 1648 καὶ
3198 1595 3254 1648 ἐν
3299 1591 3618 1647 ταπεινώσει

2048 1686 2356 1760 ἀνθρώπων
2397 1687 2685 1757 γενέσθαι,
2736 1686 3145 1742 ἀπεκδύσασθαι
3190 1687 3248 1740 δέ
3299 1686 3398 1748 τὰς
3448 1684 3621 1756 ἀρχὰς

2049 1778 2144 1831 καὶ
2168 1777 2267 1840 τὰς
2301 1777 2568 1843 ἐξουσίας,
2591 1778 2690 1848 οὺχ
2711 1777 2899 1846 ἐτέρου
2929 1777 3164 1846 ἀνάγκῃ,
3195 1775 3310 1830 ἀλλ’
3339 1774 3619 1836 ἑκουσίως·

372 1872 431 1916 ιιι
457 1860 620 1916 simul
655 1865 822 1919 etiam
855 1867 1194 1936 principatus
1251 1877 1305 1923 et
1341 1878 1641 1938 potestates
1673 1869 1942 1941 exspolia-

2056 1869 2286 1940 ἔχουσιν
2312 1869 2391 1940 τῷ
2421 1869 2499 1932 δέ,
2538 1888 2556 1918 ι
2591 1868 2684 1921 Διὸ
2713 1867 2806 1921 καὶ
2831 1870 2860 1922 6
2888 1867 3021 1930 Θεὸς
3050 1865 3213 1920 αὐτὸν
3263 1864 3615 1936 ὑπερύψωσε,

371 1955 512 2008 verit
535 1952 673 2027 (84),
705 1957 980 2027 negligunt
1002 1957 1114 2028 (85)
1146 1958 1232 2014 isti
1283 1959 1557 2024 haeretici;
1604 1960 1785 2017 verbis
1817 1975 1946 2015 vero

373 2043 546 2109 hisce,
583 2063 602 2095 ι
631 2044 756 2100 Ideo
781 2055 837 2100 et
865 2044 1008 2102 Deus
1039 2049 1302 2103 exultavit
1337 2049 1511 2117 illum,
1546 2059 1599 2103 et
1627 2048 1846 2104 donavit
1869 2049 1944 2104 illi

373 2149 592 2200 nomen,
626 2136 770 2205 quod
801 2149 886 2192 est
909 2154 1072 2210 super
1099 2153 1260 2194 omne
1285 2153 1507 2202 nomen,
1544 2157 1564 2190 ι
1598 2138 1949 2194 immobiliter

373 2226 634 2283 insistunt
667 2247 682 2283 :
715 2229 815 2283 etsi
863 2244 964 2284 vox
1001 2247 1020 2282 ι
1052 2231 1173 2286 ideo
1201 2249 1222 2282 ι
1275 2232 1580 2302 signiticet,
1631 2229 1944 2296 Christum,

373 2319 502 2386 quia
537 2319 787 2374 similiter
808 2335 872 2375 ac
894 2323 1071 2392 pueri,
1105 2321 1523 2376 communicavit
1547 2322 1698 2376 carni
1726 2331 1782 2377 et
1821 2335 1948 2376 san-

374 2411 546 2480 guini,
594 2411 717 2467 ideo
753 2422 898 2476 tunc,
957 2428 1062 2468 non
1120 2427 1249 2468 vero
1283 2412 1440 2480 alias,
1483 2411 1782 2466 exaltatum
1829 2426 1950 2467 esse

378 2517 546 2572 supra
591 2502 843 2558 servilem
877 2503 1266 2570 conditionem,
1301 2514 1356 2559 et
1382 2505 1638 2558 donatum
1674 2504 1750 2558 illi
1780 2503 1950 2559 fuisse

377 2611 601 2660 nomen,
628 2596 772 2665 quod
810 2605 895 2652 est
941 2610 1106 2667 super
1144 2610 1306 2651 omne
1343 2609 1563 2660 nomen,
1595 2609 1661 2651 ac
1707 2596 1950 2652 omnium

376 2685 896 2754 praestantissimum
927 2705 940 2741 :
975 2701 1081 2740 non
1109 2695 1287 2740 tamen
1319 2684 1614 2754 signiﬁcat,
1648 2687 1791 2756 quod
1829 2685 1954 2742 UniJ

379 2775 600 2844 genitus
628 2778 811 2846 (quem
837 2777 1167 2851 aiunt3sﬁI
1190 2778 1416 2833 tonitrui
1439 2779 1657 2849 quidem
1682 2779 1821 2834 illius
1839 2780 1951 2852 (86)

377 2881 504 2922 esse
541 2881 728 2923 verum
762 2867 930 2924 Deum
960 2880 1016 2924 et
1061 2885 1246 2924 verum
1280 2869 1476 2924 Filium
1511 2869 1604 2925 Dei
1636 2868 1783 2943 (87);
1809 2870 1952 2924 Pau-

381 2959 464 3014 lus
503 2974 651 3026 vero,
707 2971 834 3016 ante
883 2962 1306 3017 exinanitionem
1351 2960 1516 3018 fuisse
1568 2963 1622 3018 in
1663 2961 1834 3017 forma
1899 2971 1954 3017 et

378 3050 692 3119 acqualitate
731 3053 822 3107 Dei
854 3052 1052 3124 Patris)
1099 3053 1215 3108 hac
1249 3054 1354 3108 sibi
1393 3055 1517 3109 data
1551 3055 1902 3125 acquisiverit
1935 3073 1952 3110 :

380 3143 534 3210 plura
581 3142 725 3197 enim
767 3143 921 3198 valde
971 3145 1206 3200 absurda
1254 3145 1380 3200 inde
1423 3144 1773 3202 inferrentur.
1816 3144 1953 3201 Nam

2053 1960 2147 2012 καὶ
2162 1959 2454 2030 ἐχαρίσατο
2471 1956 2619 2028 αὐτῷ
2641 1957 2811 2028 ὄνομα
2829 1956 2892 2009 τὸ
2918 1957 3055 2026 ὑπὲρ
3083 1957 3188 2009 πᾶν
3216 1955 3406 2026 ὄνομα,
3431 1975 3448 2007 ι
3466 1952 3624 2023 ἀτριὲ⁹

2053 2067 2204 2113 πτως
2236 2048 2610 2111 ἐπιϐάλλουσι,
2649 2046 2826 2099 καίτοι
2864 2045 2965 2116 τῆς
2992 2065 3011 2097 ι
3043 2045 3122 2098 διὸ
3155 2064 3173 2097 ι
3207 2044 3405 2110 λέξεως
3429 2059 3625 2113 σημαι-

2053 2141 2271 2212 νούσης,
2305 2140 2380 2204 ὼς
2409 2139 2498 2193 διὰ
2540 2139 2600 2194 τὸ
2626 2138 3025 2208 παραπλησίως
3051 2137 3160 2190 τῶν
3190 2136 3420 2190 παιδίων
3449 2151 3627 2188 κεκοι-

2053 2231 2354 2303 νωνηκέναι
2387 2231 2588 2302 σαρκὸς
2613 2232 2706 2286 καὶ
2728 2230 2978 2301 αἵματος,
3005 2229 3150 2292 τότε,
3179 2228 3273 2282 καὶ
3295 2228 3394 2280 οὐκ
3417 2225 3627 2289 ἄλλοτε,
3665 2267 3676 2275 .

2055 2321 2388 2394 ὑπερυψώθη
2435 2322 2498 2375 τὸ
2533 2321 2902 2394 δουλοπρεπὲς
2951 2319 3169 2391 μέτρον,
3221 2318 3316 2372 καὶ
3367 2315 3630 2388 ἐχαρίσθη

2055 2415 2204 2486 αὐτῷ
2227 2417 2398 2487 ὄνομα
2425 2415 2486 2468 τὸ
2531 2416 2672 2487 ὑπὲρ
2701 2417 2808 2470 πᾶν
2837 2414 3010 2484 ὄνομα
3033 2454 3048 2478 ,
3081 2413 3144 2466 τὸ
3173 2412 3390 2465 πάντων
3424 2426 3629 2481 προφε-

2060 2507 2345 2579 ρέστατον·
2377 2509 2438 2561 οὐ
2473 2509 2578 2580 μὴν
2603 2509 2682 2561 ὅτι
2709 2510 2737 2561 ὁ
2763 2507 3074 2578 Μονογενὴς
3105 2505 3268 2576 (περὶ
3298 2494 3358 2556 οῦ
3414 2502 3634 2571 λέγουσι

2055 2599 2155 2670 τῆς
2199 2614 2258 2650 τε
2290 2597 2516 2670 βροντῆς
2546 2599 2574 2652 6
2622 2597 2737 2662 υἱὸς
2759 2639 2774 2663 ,
2820 2597 2896 2660 ὡς
2924 2595 3175 2668 ἀληθινὸς
3213 2594 3344 2658 Θεὸς
3383 2594 3475 2646 καὶ
3503 2592 3637 2663 άλη-

2057 2689 2202 2752 θινὸς
2234 2688 2362 2752 Υἱὸς
2405 2686 2564 2740 Θεοῦ·
2601 2689 2696 2740 καὶ
2740 2685 2973 2752 Παῦλος,
3015 2685 3092 2749 ὼς
3125 2684 3232 2756 πρὸ
3275 2684 3374 2754 τῆς
3404 2682 3530 2754 [175
3577 2679 3633 2754 ὁ]

2057 2778 2340 2842 κενώσεως
2362 2780 2420 2833 ἐν
2458 2781 2638 2850 μορφῇ
2666 2780 2760 2832 καὶ
2787 2779 2994 2848 ἰσότητι
3017 2775 3109 2830 τοῦ
3141 2775 3275 2829 Θεοῦ
3304 2777 3396 2829 καὶ
3424 2773 3634 2844 Πατρὸς

2055 2868 2146 2943 ἦν)
2179 2872 2306 2926 δοτά
2337 2872 2605 2943 ἐκτήσατο
2639 2873 2832 2926 ταῦτα.
2893 2871 3129 2924 Ἐπείτοι
3159 2869 3255 2923 καὶ
3293 2868 3468 2922 ἄτοπα
3513 2867 3634 2920 λίαν

2058 2966 2123 3018 ἐκ
2165 2963 2353 3018 τούτου
2384 2966 2729 3038 είσφέρεται’
2776 2963 2836 3017 ἓν
2881 2963 3004 3032 μέν,
3042 2963 3267 3033 ὅτιπερ,
3313 2962 3362 3014 εί
3400 2962 3459 3014 ἐν
3493 2958 3634 3030 ψιλῷ

2059 3055 2155 3108 καὶ
2183 3053 2330 3125 μόνῳ
2354 3055 2432 3126 τῷ
2461 3055 2686 3126 ὀνόματι
2709 3054 3051 3127 διακέκριται
3077 3053 3208 3116 Θεὸς
3233 3054 3262 3106 6
3293 3053 3442 3118 Υἱὸς,
3479 3051 3636 3104 πλεο-

2059 3147 2310 3216 νεκτήσει
2337 3145 2435 3218 τὴν
2482 3147 2681 3209 κτίσιν,
2711 3146 2746 3218 ἢ
2784 3145 3000 3217 μικρὸν,
3029 3144 3063 3218 ἢ
3094 3145 3155 3197 τὸ
3186 3144 3405 3216 σύμπαν
3447 3143 3632 3196 οὐδέν·

356 3236 557 3303 ·νι-ιιιιο
589 3234 634 3291 si
681 3233 848 3290 Filius
894 3237 1036 3291 nuda
1088 3245 1145 3292 et
1206 3236 1322 3291 sola
1377 3234 1472 3292 Dei
1525 3237 1884 3306 appellatione
1924 3253 1951 3292 a

2057 3238 2308 3308 δεύτερον
2348 3238 2444 3305 δέ,
2493 3239 2575 3292 ὅτι
2619 3237 3017 3308 ἐξολισθήσειεν
3062 3235 3228 3290 αὑτοῦ
3285 3235 3427 3290 κατά
3464 3251 3526 3304 γε
3576 3233 3638 3286 τὸ

383 3326 656 3382 creaturis
683 3327 1134 3398 distingueretur,
1174 3328 1270 3383 has
1315 3337 1413 3382 aut
1445 3341 1660 3399 parum,
1695 3337 1790 3384 aut
1818 3329 1959 3384 nihil

379 3422 540 3489 plane
591 3419 960 3475 antecelleret.
1002 3419 1256 3475 Secundo
1290 3419 1600 3488 huiusmodi
1645 3420 1849 3477 donum
1889 3421 1957 3476 ad

382 3511 612 3566 nihilum
644 3512 1000 3582 redigeretur,
1035 3512 1082 3569 si
1113 3511 1166 3566 id
1201 3513 1418 3582 quidem
1457 3513 1788 3578 attendatur,
1815 3514 1960 3583 quod

383 3605 499 3661 lieri
535 3615 737 3674 posset,
767 3612 862 3658 aut
893 3604 949 3659 in
993 3614 1229 3660 mentem
1270 3613 1513 3660 nostram
1543 3605 1731 3658 venire
1761 3622 1776 3660 :
1817 3605 1961 3674 quod

385 3695 532 3751 enim
566 3696 823 3750 donatqu
851 3696 978 3763 fuit,
1005 3707 1220 3752 nonest
1246 3697 1468 3752 omnino
1515 3697 1710 3752 stabile
1741 3712 1806 3752 ac
1837 3711 1961 3768 per-

385 3799 638 3848 manens,
673 3785 767 3840 sed
807 3783 1072 3853 ejusmodi
1102 3783 1238 3852 fere,
1275 3797 1334 3840 ut
1373 3787 1549 3841 amitti
1586 3786 1743 3842 facile
1772 3798 1958 3857 queat.

385 3877 572 3932 Tertio
601 3877 648 3932 si
695 3875 894 3931 Filium
934 3877 1226 3932 secundum
1275 3877 1535 3932 Deitatem
1571 3878 1815 3934 divinum
1861 3893 1961 3933 no-

384 3984 511 4024 men
557 3979 683 4024 tunc
715 3968 992 4039 accepisse
1038 3968 1432 4037 concipiamus,
1479 3984 1604 4025 cum
1659 3969 1712 4024 in
1765 3970 1963 4023 mundo

386 4063 669 4132 apparuit;
701 4070 956 4132 sequetur
981 4069 1042 4116 ut
1087 4062 1201 4131 ipse
1238 4061 1290 4115 id
1333 4070 1493 4116 antea
1542 4077 1647 4116 non
1689 4061 1960 4127 habuerit,

385 4155 531 4224 quod
559 4162 744 4224 postea
771 4153 1003 4222 accepit,
1023 4155 1118 4210 sed
1151 4153 1300 4208 velut
1321 4153 1590 4223 quoddam
1618 4154 1840 4218 donum,
1869 4164 1963 4209 aut

385 4247 694 4304 mercedem
725 4261 824 4316 pro
854 4261 954 4303 suo
983 4248 1052 4301 ad
1083 4261 1184 4302 nos
1226 4247 1458 4300 adventu
1499 4247 1551 4301 id
1591 4245 1859 4301 retulerit.
1893 4247 1965 4301 At

385 4353 521 4395 vero
555 4339 674 4411 ipse
707 4349 764 4394 et
791 4353 862 4395 ex
893 4338 1104 4393 infinita
1130 4337 1416 4392 altitudine
1441 4351 1562 4392 sese
1593 4347 1815 4407 propter
1843 4350 1960 4398 nos,

386 4445 609 4487 carnem
647 4439 846 4486 nostra:
897 4429 1132 4486 similem
1183 4443 1492 4495 assumens,
1540 4427 1862 4493 exinanivit,
1909 4435 1966 4481 et

387 4539 511 4577 cum
540 4532 686 4578 esset
712 4521 1032 4577 naturaliter
1049 4531 1106 4578 et
1133 4521 1303 4578 Filius
1331 4519 1585 4586 Verbum,
1619 4529 1675 4576 et
1704 4520 1758 4574 iu
1788 4519 1961 4574 forma

386 4615 508 4683 Dei,
539 4623 595 4670 et
623 4615 846 4684 aequalis
887 4616 1014 4682 Deo,
1044 4623 1100 4669 et
1127 4615 1268 4670 Deus
1307 4615 1362 4670 in
1393 4613 1658 4683 principio
1689 4611 1960 4667 exsistens

389 4709 531 4776 apud
573 4707 767 4775 Deum,
802 4723 977 4778 neque
1012 4707 1289 4778 singulare
1331 4706 1463 4761 illud
1507 4715 1564 4760 et
1617 4705 1960 4774 incompara-

389 4799 498 4853 bile
545 4814 736 4854 nomen
775 4800 1123 4854 extrinsecus
1171 4799 1402 4854 ascitum
1425 4798 1540 4870 (88)
1605 4796 1852 4861 haberet,
1899 4809 1964 4850 ac

2058 3329 2357 3400 ἐγχωροῦν,
2402 3331 2498 3384 καὶ
2529 3330 2652 3384 ὅσον
2694 3324 2828 3401 ἧκεν
2859 3331 2938 3392 εἰς
2981 3327 3243 3400 λογισμὸν
3270 3327 3330 3380 τὸ
3361 3327 3632 3398 χάρισμα’

2061 3420 2288 3492 ἐπείπερ
2317 3422 2378 3475 τὸ
2409 3421 2561 3475 δοτὸν
2589 3422 2690 3475 οὐκ
2713 3422 2794 3484 είς
2836 3421 2946 3474 πᾶν
2987 3419 3361 3491 ἐρειρισμένον
3391 3416 3482 3471 καὶ
3522 3416 3638 3469 δια-

2063 3513 2244 3584 μένον,
2293 3513 2409 3566 ἀλλ’
2458 3512 2833 3581 εὐαπόϐλητόν
2875 3506 3022 3575 πως·
3081 3509 3286 3582 τρίτον,
3333 3509 3543 3579 ὅτιπερ,
3589 3507 3636 3559 εἰ

2061 3606 2202 3660 κατά
2232 3604 2332 3676 τὴν
2377 3605 2608 3676 Θεότητα
2632 3603 2853 3674 νοηθείη
2895 3601 3178 3671 εἰληφέναι
3206 3601 3264 3653 τὸ
3297 3602 3438 3652 θεῖον
3464 3599 3632 3668 ὄνομα

2059 3698 2121 3750 τὸ
2146 3697 2470 3768 τηνικαῦτα,
2517 3697 2607 3750 ὅτε
2639 3697 2698 3749 ἐν
2732 3695 2924 3766 κόσμῳ
2947 3695 3143 3764 ἐφάνη,
3181 3694 3538 3764 εὑρεθήσεται
3567 3690 3638 3760 μὴ

2062 3787 2312 3858 ἐσχηκὼς
2353 3786 2459 3858 πρὸ
2495 3787 2711 3850 τούτου,
2751 3787 2780 3839 ὃ
2821 3786 3048 3857 ὕστερον
3077 3785 3289 3848 ἐλαϐεν,
3319 3785 3432 3838 ἀλλ’
3455 3782 3638 3853 ὥσπερ

2061 3897 2116 3934 τι
2155 3879 2438 3951 χάρισμα,
2481 3879 2517 3950 ἢ
2545 3878 2736 3950 μισθὸν
2777 3879 3146 3950 κομισάμενος
3186 3876 3327 3947 ὑπὲρ
3367 3876 3466 3946 τῆς
3503 3875 3638 3947 πρὸς

2065 3971 2210 4041 ἡμᾶς
2251 3966 2508 4038 ἀφίξεως.
2539 3969 2712 4032 Αὐτὸς
2753 3969 2810 4022 δὲ
2839 3969 2935 4022 καὶ
2979 3968 3039 4033 ἐξ
3081 3967 3310 4038 ἀπείρου
3353 3965 3640 4036 ὑψώματος

2063 4060 2132 4114 δι’
2168 4061 2317 4132 ἡμᾶς
2371 4062 2426 4114 ἐν
2463 4062 2576 4124 τοῖς
2615 4060 2738 4113 καθ’
2788 4062 2936 4132 ἡμᾶς
2990 4059 3180 4114 ἑαυτὸν
3237 4059 3500 4112 ἐκένωσε·
3546 4056 3640 4112 λαὶ

2063 4153 2153 4206 διὰ
2197 4152 2258 4204 τὸ
2313 4148 2451 4204 εἶναι
2508 4150 2754 4221 φυσικῶς
2800 4152 2929 4214 Υἱὸς
2962 4153 3155 4220 Λόγος,
3211 4149 3302 4203 καὶ
3357 4149 3416 4204 ἐν
3461 4149 3639 4220 μορφῇ

2066 4243 2232 4311 Θεοῦ,
2263 4245 2357 4296 καὶ
2390 4243 2480 4296 ἶσα
2519 4242 2676 4314 Θεῷ,
2707 4244 2801 4297 καὶ
2830 4243 2962 4307 Θεὸς
2997 4245 3056 4298 ἐν
3089 4244 3230 4314 ἀρχῇ
3278 4241 3354 4295 ὢν
3380 4241 3516 4312 πρὸς
3549 4240 3640 4292 τὸν

2066 4334 2220 4398 Θεὸν,
2249 4333 2361 4387 οὔτ’
2390 4333 2589 4398 ἔξωθεν
2611 4335 3026 4406 εἰσκεκριμένον
3065 4335 3162 4387 καὶ
3188 4333 3342 4387 νόθον
3369 4328 3480 4388 οἷον
3503 4332 3639 4402 ἔχων

2066 4424 2128 4477 τὸ
2148 4424 2532 4496 ἀπαράὸλητον
2555 4424 2744 4494 ὖνομα,
2775 4423 2886 4477 οὔθ’
2912 4423 3137 4495 ὕστερον
3156 4423 3330 4494 τούτῳ
3352 4425 3642 4492 ἐκτετιμη-

2072 4518 2251 4588 μένος,
2281 4517 2553 4588 ἐπανῆλθε
2579 4518 2741 4571 πάλιν
2767 4519 2846 4579 εἰς
2871 4518 3007 4588 ὅπερ
3031 4513 3099 4588 ἦν
3125 4516 3213 4570 ἀεὶ
3236 4517 3331 4569 καὶ
3363 4517 3421 4568 ἐν
3448 4517 3642 4584 ἀρχαῖς

2066 4612 2401 4681 ὑπερανὲχον
2432 4611 2587 4678 ὕψος,
2621 4613 2716 4666 καὶ
2748 4614 2831 4676 εἰς
2865 4611 3104 4682 ἔμφυτον
3142 4609 3308 4680 τιμὴν
3337 4610 3431 4662 καὶ
3462 4608 3638 4672 δόξαν,

2067 4704 2163 4756 καὶ
2191 4705 2272 4767 είς
2303 4705 2438 4758 ίδίαν
2467 4704 2567 4777 τὴν
2599 4707 2664 4758 ἐκ
2688 4704 2877 4770 δεξιῶν
2906 4701 3000 4756 τοῦ
3029 4703 3224 4756 ἑαυτοῦ
3253 4701 3469 4774 Πατρὸς
3519 4718 3642 4753 συν-

2070 4795 2278 4865 εδρίαν.

393 4889 558 4944 veluti
599 4890 986 4956 adulterinum,
1019 4905 1120 4946 nec
1176 4893 1366 4947 eodem
1434 4890 1706 4960 posterius
1743 4889 2030 4943 decoratus
2071 4887 2174 4952 sit;
2231 4901 2488 4942 reversus
2531 4897 2618 4943 est
2665 4904 2856 4944 rursus
2909 4889 2975 4941 ad
3020 4885 3504 4942 eminentissimam
3530 4883 3644 4954 (89)

389 4979 748 5047 altitudinem,
780 4981 834 5034 in
863 4995 966 5049 qua
997 4996 1212 5051 semper
1267 4992 1321 5036 et
1363 4984 1414 5035 in
1446 4981 1711 5050 principio
1775 4991 1913 5047 erat,
1981 4989 2037 5034 et
2072 4980 2140 5034 ad
2188 4981 2492 5036 naturalem
2543 4980 2649 5036 sibi
2699 4982 2994 5048 honorem,
3044 4997 3110 5034 ac
3153 4978 3418 5049 gloriam,
3473 4987 3528 5032 et
3579 4977 3644 5030 ad

390 5075 666 5147 propriam
693 5076 1100 5132 eonsessiouem
1134 5091 1165 5130 a
1194 5077 1400 5133 dextris
1429 5077 1606 5133 Patris
1640 5077 1748 5134 sui.

461 5261 577 5331 (84)
610 5257 1017 5331 Εςιεροιξαυετὶι.
1046 5257 1256 5331 Coloss.
1291 5274 1355 5321 ll,
1388 5257 1478 5331 l_5.

462 5327 578 5404 (85)
623 5327 942 5404 Negligitur.
972 5330 1129 5404 Cod.,
1171 5327 1610 5404 Exouct._ltaque
1654 5330 1960 5404 addendum

387 5397 481 5458 est
515 5397 831 5470 adverbium
874 5399 1112 5468 aliquod,
1145 5397 1554 5470 utoltjtbptog,
1589 5410 1684 5470 aut
1721 5400 1961 5470 ἀμελῶς,

391 5472 786 5544 legendumque
816 5467 1393 5544 in_3ttperioribusc&3v
1423 5467 1522 5538 pro
1551 5467 1660 5539 τῷ·
1691 5467 1795 5523 niSi
1821 5470 1962 5524 forte

391 5539 493 5597 vox
519 5541 703 5610 ἔχουσι
742 5541 994 5610 mendosa
1034 5539 1128 5593 sit.

490 5607 584 5677 86}
618 5607 930 5678 Tonitrui...
961 5607 1424 5678 ﬁlius._Vide-Ep.
1448 5607 1466 5662 l
1491 5607 1652 5678 loan.
1689 5607 1855 5674 v,20.

490 5618 584 5677 86)
618 5618 930 5663 Tonanti...
961 5618 1126 5676 ﬁlius.
1166 5618 1411 5678 Vide-Ep.
1448 5618 1560 5662 1J0.

467 5618 581 5752 i8?)
619 5677 738 5752 _Det'_.
761 5678 968 5752 Cedet},
1003 5680 1090 5752 ἐιέ
1115 5673 1194 5732 οῦ.
1225 5677 1369 5752 Lego
1398 5677 1560 5731 Θεοῦ.

467 5748 578 5818 (88)
609 5748 866 5820 Auitum.
919 5749 975 5820 in
1039 5750 1248 5814 Graeco,
1303 5748 1733 5820 εἰσκεκριμένον,
1772 5749 1824 5802 id
1858 5758 1961 5814 est,

403 5833 430 5873 ι
451 5818 838 5877 introductum.
869 5837 889 5873 ι
917 5818 1033 5879 Hoc
1065 5834 1251 5888 sensu,
1284 5829 1340 5876 ut
1370 5818 1524 5892 puto,
1560 5819 1752 5878 Pollux
1777 5819 1870 5880 lib.
1895 5835 1960 5886 ιι,

2067 5274 2188 5329 cap.
2223 5256 2600 5329 4,4Asegmr76,
2641 5255 3108 5329 ait:slcxplvsrat
3157 5253 3300 5309 κατά
3347 5252 3446 5316 τὰς
3495 5254 3647 5329 ῥῖνας

2068 5325 2148 5384 τὸ
2177 5327 2418 5397 πνεῦμα.
2465 5327 2726 5392 Quamvis
2772 5325 2915 5383 enim
2968 5329 3239 5394 interpres
3288 5325 3646 5397 transtulerit,

2077 5415 2216 5467 «per
2253 5395 2414 5451 nares
2445 5397 2776 5451 discernitur
2827 5411 3029 5464 vapor,
3090 5407 3271 5467 tamen
3328 5395 3646 5467 vertendum

2065 5462 2298 5524 censeo:
2335 5486 2354 5518 ‹
2375 5481 2474 5537 per
2501 5481 2661 5521 nares
2690 5462 3058 5522 introducitur
3087 5464 3273 5530 ﬂatus,
3301 5482 3321 5516 ι
3354 5478 3456 5519 seu
3490 5479 3512 5516 ι
3534 5462 3650 5530 spi-

2065 5551 2225 5594 l'llllS.
2247 5555 2268 5588 ι

2138 5607 2250 5715 $89)
2285 5604 2793 5658 Eminentissimam.
2834 5604 3114 5660 Librarius
3146 5605 3439 5673 scripserat
3474 5600 3646 5672 ὑπερ-

2167 5692 2308 5715 vmu-
2341 5685 2451 5715 lnm
2500 5675 2715 5715 indnmn
2757 5675 2932 5715 lilio-Ira
2978 5694 3023 5715 ω
3067 5675 3189 5715 Γροίι
3218 5691 3248 5715 n
3304 5675 3487 5715 Ilnntm.
3525 5672 3646 5715 lego

2064 5672 2452 5746 avéxoivﬁtum
2500 5675 2932 5746 inductaﬂlittera
2978 5694 3023 5728 ω
3051 5675 3194 5746 fecit
3218 5672 3270 5728 οξ
3301 5675 3491 5746 Itaque
3524 5672 3646 5739 lego

2064 5760 2119 5802 ει
2147 5743 2283 5813 ίὶίεθ,
2315 5744 2673 5815 ὑπερανέχον.
2709 5745 2821 5801 Nec
2856 5747 3002 5800 enim
3042 5745 3209 5799 Filius
3236 5759 3450 5815 semper
3470 5743 3643 5815 ὑπερ-

2067 5812 2247 5888 ανεῖχε
2275 5817 2333 5872 ἐν
2361 5812 2654 5886 ἀρχαῖςζὶύ
2683 5829 2786 5885 est,
2817 5832 2923 5872 non
2956 5831 3170 5886 semper
3204 5832 3224 5868 ι
3251 5814 3393 5870 inter
3421 5812 3644 5882 angelos
