4056 6414
317 409 429 466 857

1164 493 1226 525 α.

1383 414 1472 469 DE
1503 413 1880 472 TRINI'I‘ATE
1921 418 2127 476 LIBER
2167 417 2495 477 TERTIUS.

3491 433 3598 489 858

394 526 522 599 Πῶς
555 527 613 587 δὲ
650 551 743 589 και
775 534 1106 608 υπερὺψωσε
1156 533 1250 591 καὶ
1299 543 1598 610 εχαρίσατο
1647 542 1820 613 ὄνομα
1845 543 1896 596 τὲ

2081 548 2150 599 At
2174 559 2408 614 quonam
2441 545 2599 600 modo
2632 545 2773 602 Deus
2796 545 2948 601 illum
2973 546 3255 613 exaltavit,
3280 558 3333 602 et
3373 549 3598 605 donavit

318 627 467 699 ὑπὲρ
500 629 611 681 πᾶν
643 628 851 699 ὅνομα;
907 628 1082 700 Ἐρῶ,
1125 630 1209 683 ὃτι
1243 631 1338 685 καὶ
1382 631 1635 705 δουλικὴν
1677 635 1906 706 περιφέ-

322 735 474 791 ροντι
510 718 660 789 αὐτῷ
709 720 894 773 εἰκόνα
928 721 1081 791 ἐλεγέ
1122 739 1182 775 τε
1203 762 1218 789 ,
1271 739 1290 773 ι
1326 718 1493 786 Οὗτός
1518 726 1666 779 ἐστιν
1699 726 1728 778 ὁ
1772 726 1904 790 Υἱός

322 827 431 883 μου
461 812 490 865 ὁ
531 811 830 882 ἀγαπητὸς,
873 832 893 865 ι
932 814 1027 866 κα)⁵
1057 813 1213 884 ἤθελε
1239 814 1374 868 Θεὸν
1435 814 1531 869 καὶ
1562 816 1685 870 τότε
1720 816 1907 870 καλεῖ-

321 902 452 957 σθαι
490 903 674 966 αὐτὸν.
723 903 810 957 ἵνα
863 905 921 958 ὲν
967 904 1047 975 τῷ
1093 906 1317 976 ὀνόματι
1379 905 1554 977 Ἰησοῦ
1608 908 1718 962 πᾶν
1774 908 1906 977 γόνυ

321 995 539 1067 κάμψῃ,
568 995 643 1059 ὠς
676 996 1014 1067 προείρηται.
1045 997 1159 1069 Πρὸ
1187 999 1288 1068 τῆς
1320 999 1379 1051 ὲν
1417 999 1608 1071 κόσμῳ
1639 1000 1749 1071 γάρ
1779 1001 1905 1053 ἑπι-

320 1087 548 1156 φανείας
578 1086 673 1141 τοῦ
703 1086 855 1153 Υἱοῦ,
885 1088 952 1142 τά
979 1090 1278 1163 ἐπουράνια
1309 1089 1437 1163 [174
1466 1091 1521 1164 a]
1581 1091 1741 1162 μόνον
1773 1091 1902 1159 γόνυ

321 1180 531 1235 ἔκλινεν
564 1179 742 1252 αὐτῷ,
774 1182 870 1235 καὶ
900 1181 1151 1247 ἐδόξαζεν
1180 1183 1366 1246 αὐτὸν,
1398 1183 1577 1237 εἰδότα
1605 1184 1707 1253 τῆς
1741 1183 1905 1253 ἁγίας

321 1268 552 1341 Τριάδος
594 1268 694 1342 τὴν
740 1269 945 1324 ίσόθεον
988 1271 1183 1337 δόξανο
1217 1271 1294 1336 ὡς
1333 1271 1403 1325 τὰ
1447 1274 1689 1344 σεραφὶμ
1723 1272 1905 1343 τρίτον

322 1362 476 1433 βοᾷν,
513 1381 533 1414 ι
573 1362 785 1431 Ἀγιος,
830 1382 849 1414 ι
905 1363 1002 1416 καὶ
1034 1363 1214 1431 ἅπαξ,
1271 1384 1290 1417 ι
1327 1364 1568 1436 Κύριος·
1611 1385 1629 1415 ι
1673 1365 1760 1419 ἵνα
1809 1366 1905 1419 καὶ

319 1456 531 1530 ἑκάστῃ
570 1457 866 1511 ὑποστάσει
902 1457 995 1511 τὸν
1041 1457 1210 1529 ὕμνον
1242 1459 1443 1531 ὁμοίως
1471 1458 1769 1533 ἀναπέμψῃ
1807 1459 1903 1513 καὶ

323 1548 457 1619 μίαν
499 1550 693 1614 αὑταῖς
744 1546 886 1603 εἷναι
939 1551 1236 1621 κυριότητα
1290 1552 1628 1625 καταγγείλῃ
1650 1570 1667 1583 ·
1718 1552 1809 1606 τά
1843 1551 1901 1605 δὲ

320 1639 540 1708 ἐπίγεια
571 1642 669 1693 καὶ
699 1640 769 1695 τά
816 1640 1148 1712 καταχθόνιοι
1186 1642 1287 1695 οὐκ
1337 1642 1455 1714 ⁴ᾔδει
1502 1642 1666 1697 αὐτὸν
1695 1641 1899 1707 οὕτως,

318 1730 397 1795 ὡς
422 1732 479 1785 ὲν
498 1733 563 1802 τῇ
587 1732 870 1803 οἰκονομίᾳ
896 1732 1057 1801 ἔγνω.
1104 1733 1193 1799 Ἐξ
1218 1734 1427 1799 ἐκείνου
1453 1729 1548 1789 οὖν
1575 1733 1779 1805 ἤρξατο
1806 1734 1902 1787 κα)⁸

317 1822 461 1877 αὐτὰ
484 1825 613 1893 γόνυ
640 1823 843 1878 κλίνειν
875 1825 1044 1897 αὐτῷ,
1073 1826 1168 1879 καὶ
1200 1824 1466 1891 δοξάζειν.
1506 1826 1602 1880 καὶ
1633 1827 1767 1879 Θεὸν
1799 1843 1901 1881 κα-

2014 638 2064 692 ei
2094 653 2312 698 nomen.
2337 639 2479 707 quod
2505 647 2592 692 est
2619 654 2784 707 super
2805 652 2970 694 omne
2995 640 3228 694 nomen?
3253 640 3594 710 Responde-0,

2012 728 2352 798 Scripturam
2398 729 2519 782 ideo
2562 728 2642 783 sic
2690 728 2861 799 loqui,
2910 731 3036 799 quia
3086 739 3141 785 et
3190 731 3291 800 ipsi
3343 733 3594 787 servilem

2012 820 2299 890 imaginem
2346 819 2745 874 circumferenti
2797 820 2933 876 dixit
2972 821 3154 887 Pater,
3202 840 3220 873 ι
3254 822 3351 879 llic
3391 835 3476 879 est
3507 824 3595 879 Fi—

2009 912 2114 967 lius
2149 926 2303 966 meus
2344 912 2595 975 dilectus,
2630 930 2649 964 ι
2680 922 2736 967 et
2766 928 2889 967 cum
2929 913 3098 967 voluit
3130 915 3292 968 etiam
3337 926 3465 971 tunc
3500 931 3595 970 vo-

2009 1003 2122 1057 cari
2150 1000 2343 1068 Deum,
2380 1010 2438 1054 ut
2476 1001 2529 1055 in
2558 1003 2779 1057 nomine
2806 1002 2931 1057 Jesu
2967 1019 3129 1060 omne
3152 1021 3290 1074 genu
3318 1005 3590 1074 ﬂectatur,

2009 1094 2151 1151 sicut
2192 1095 2353 1148 modo
2396 1095 2598 1148 dictum
2645 1104 2746 1149 est.
2796 1095 3099 1163 Antequam
3143 1097 3286 1151 enim
3327 1096 3495 1153 Filius
3536 1098 3591 1153 in

2009 1186 2212 1242 mundo
2243 1197 2555 1256 appareret,
2586 1202 2728 1254 genu
2760 1188 2808 1242 ei
2839 1188 3086 1243 caelestia
3124 1198 3333 1243 tantum
3360 1190 3590 1245 inclina-

2006 1277 2159 1343 bant,
2199 1292 2433 1348 eumque
2465 1278 2867 1348 gloriﬁcabant,
2898 1279 3042 1347 quod
3070 1289 3272 1334 sancta:
3305 1278 3591 1336 Trinitatis

2008 1384 2167 1422 unam
2199 1367 2485 1435 Deitatem,
2525 1379 2581 1423 et
2622 1369 2884 1437 aequalem
2935 1369 3163 1439 gloriam
3211 1384 3331 1425 esse
3362 1372 3586 1438 scirent,

2007 1470 2059 1516 et
2097 1460 2322 1528 proinde
2368 1461 2663 1531 seraphinti
2701 1472 2784 1517 ter
2806 1462 3112 1516 clamabant
3147 1481 3165 1514 ι
3201 1461 3450 1528 Sanctus,
3486 1483 3505 1516 ι
3531 1474 3588 1520 et

2007 1552 2174 1608 semel
2228 1570 2248 1603 ι
2284 1552 2573 1620 Dominus;
2609 1571 2629 1605 ι
2667 1562 2725 1607 ιιι
2765 1553 3058 1623 unicuique
3102 1556 3375 1626 bypostasi
3430 1556 3586 1627 hym-

2012 1660 2138 1698 num
2167 1644 2328 1699 simili
2364 1643 2526 1716 365
2570 1647 2732 1701 modo
2771 1646 3052 1710 offerrent,
3092 1657 3147 1702 et
3215 1664 3377 1703 unatu
3418 1649 3585 1704 trium

2004 1737 2427 1792 dominationem
2464 1754 2586 1815 esse
2628 1741 2985 1805 nuntiarent,
3021 1740 3299 1795 terrestria
3345 1756 3494 1804 vero,
3527 1752 3585 1796 et

2004 1828 2214 1883 inferna
2262 1845 2386 1884 eum
2433 1845 2539 1883 non
2572 1829 2643 1882 ita
2687 1840 2970 1896 noverant,
3013 1840 3073 1884 ut
3118 1840 3487 1901 cognoverunt
3531 1831 3583 1883 in

319 1914 435 1968 λείν
458 1931 472 1946 °
512 1916 606 1969 καὶ
634 1917 694 1969 ὲν
724 1916 951 1986 ἀθρόαις
1004 1918 1384 1988 περιστάσεσι,
1420 1920 1485 1989 τῇ
1536 1917 1757 1989 ὀξύτητι
1794 1918 1896 1972 τῶν

2012 1920 2416 1975 lncarnatione.
2451 1919 2605 1975 Tunc
2628 1921 2792 1990 igitur
2818 1930 3102 1989 ca‘perunt
3128 1930 3182 1976 et
3209 1920 3323 1989 ipsa
3364 1937 3505 1990 genu
3532 1923 3581 1977 t-i

322 2005 729 2076 συμϐαινόντων
755 2004 1083 2077 φθανόμενα,
1113 2007 1173 2058 οὐ
1207 2006 1375 2078 πολλῇ
1401 2005 1705 2079 κεχρῆσθαι
1734 2023 1902 2078 προσ-

319 2100 453 2168 ευχῇ
477 2138 493 2161 ,
536 2098 659 2152 οὐδὲ
689 2098 834 2152 κατὰ
880 2097 942 2150 τὸ
975 2097 1203 2168 σύνηθες
1237 2098 1601 2167 βαττολογεῖν,
1633 2098 1745 2154 ἀλλ’
1782 2102 1903 2152 ἐπι-

318 2189 621 2245 καλεῖσθαιο
654 2209 672 2242 ι
698 2190 922 2263 Χριστὲ,
954 2189 1158 2261 βοήθει’
1185 2210 1204 2242 ι
1225 2192 1300 2254 ὡς
1320 2189 1412 2243 τοῦ
1431 2191 1690 2261 ὀνόματος
1710 2191 1901 2244 τούτου

318 2274 472 2346 ὄντος
505 2283 671 2336 πᾶσιν
705 2283 784 2346 εἰς
836 2282 1131 2353 σωτηρίαν.
1179 2280 1268 2352 Τῷ
1301 2282 1357 2336 δὲ
1400 2282 1687 2354 εἰρῆσθαι,
1729 2301 1747 2335 ι
1813 2283 1902 2336 Ἐν

316 2373 627 2446 ὁμοιώματι
671 2371 974 2444 ἀνθρώπων
1023 2373 1117 2427 καὶ
1162 2375 1405 2444 σχήματι
1453 2373 1731 2445 εὑρεθεὶς,
1774 2394 1792 2426 ι
1837 2375 1898 2428 οὐ

319 2468 614 2538 φάντασμα
661 2466 919 2536 ὑποδηλοί
974 2465 1071 2537 τὴν
1131 2462 1543 2537 ὲνανθρώπησιν
1588 2465 1776 2530 αὑτοῦ,
1824 2465 1901 2531 ὡς

320 2557 667 2611 ὑπετόπασάν
711 2572 883 2620 τινες·
937 2556 999 2609 τὸ
1047 2555 1287 2609 ἐναντίον
1334 2555 1433 2625 μὲν
1468 2550 1598 2620 οὖν,
1643 2556 1728 2609 ὃτι
1766 2557 1900 2621 Θεὸς

192 2627 199 2633 ν
313 2648 492 2718 Δόγος
521 2648 816 2721 ὁμοιότητα
854 2648 949 2703 καὶ
992 2649 1184 2718 σχῆμα
1227 2646 1532 2717 ἀνθρώπων
1564 2647 1732 2712 ὅντως
1775 2648 1901 2718 ἔφε-

322 2758 436 2813 ρεν.
483 2742 722 2813 Νοητέον
761 2742 818 2795 δὲ
849 2741 946 2795 καὶ
988 2741 1197 2804 ἄλλως·
1253 2741 1387 2793 Ἀπὸ
1428 2740 1531 2811 τῆς
1559 2740 1768 2810 ὅψεως,
1805 2739 1900 2793 καὶ

319 2832 614 2905 φορέσεως,
653 2834 750 2887 καὶ
777 2832 1125 2904 ἀναστροφῆς
1155 2831 1430 2886 δείκνυται
1458 2832 1690 2896 ἕκαστος
1711 2873 1724 2895 ,
1758 2834 1897 2904 ὅπερ

319 2925 459 2990 ἐστὶ,
493 2926 588 2981 καὶ
645 2925 676 2979 ὃ
724 2926 973 2997 βούλεται
1008 2925 1296 2997 πράττειν.
1337 2923 1458 2978 Κᾶν
1490 2923 1601 2997 γὰρ
1638 2924 1712 2997 μὴ
1759 2924 1899 2996 βοῶν

321 3016 662 3090 περιέρχοιτο
691 3016 871 3083 τοῦτο,
920 3017 1034 3072 ἀλλ’
1064 3019 1214 3089 ὅμως
1253 3018 1560 3089 κατήγορον
1594 3017 1694 3088 τὴν
1735 3016 1897 3088 φύσιν

320 3107 432 3177 ἔχει
455 3107 550 3162 τοῦ
579 3108 927 3180 πράγματος,
957 3107 1061 3162 κᾶν
1093 3108 1168 3179 μὴ
1197 3106 1352 3181 λέγῃ.
1386 3107 1496 3159 Καὶ
1523 3108 1552 3159 ὁ
1582 3108 1776 3179 Σωτὴρ
1803 3104 1898 3161 οὖν

323 3198 602 3272 βουληθεὶς
632 3199 720 3254 διὰ
763 3199 862 3269 τῆς
902 3200 1175 3271 ἀτρέπτου
1214 3196 1681 3271 ὲνανθρωπήσεως
1723 3198 1895 3251 σῶσαι

320 3259 499 3361 ipsi,
527 3259 623 3345 καὶ
654 3259 1118 3360 πάντανὲσχηκὼς
1152 3287 1221 3341 τὰ
1263 3259 1673 3359 ἡμέτερασδίχά
1712 3290 1896 3379 ἀμᾳρ,
1924 3259 1967 3315 C

317 3384 473 3449 τίας,
500 3382 712 3453 ἀνάγκῃ
740 3381 841 3452 τὴν
885 3381 993 3434 ἀπὸ
1025 3379 1251 3452 γνώμης
1295 3379 1391 3432 καὶ
1424 3378 1602 3450 ἔργων
1649 3383 1761 3443 τοῖς
1804 3378 1897 3434 ἀνι

319 3472 557 3545 θρώποις
588 3473 896 3547 προσοῦσαν
931 3473 1207 3545 ἁμαρτίαν
1250 3473 1423 3524 ποιεῖν
1458 3470 1895 3541 ὑπελαμϐάνετο.

330 3567 391 3620 Ὀ
417 3566 529 3638 γὰρ
556 3565 996 3636 τληπαθέστατος
1040 3564 1160 3622 ’1ὼό
1198 3564 1307 3617 ἀπὸ
1351 3565 1570 3619 πάντων
1616 3562 1772 3634 ἡμῶν
1801 3564 1896 3616 κέ-

317 3675 556 3732 κραγεν’
595 3677 615 3712 ι
667 3658 857 3723 Οὐδεὶς
890 3658 1309 3730 ἀναμάρτητος,
1336 3657 1447 3710 οὐδ’
1487 3655 1555 3709 ἂν
1590 3658 1718 3726 μιᾶς
1744 3656 1896 3727 ὥρας

317 3754 347 3805 ὁ
398 3750 511 3822 βίος
553 3751 741 3807 αὖτοῦ.
778 3750 843 3803 Τί
881 3750 991 3824 γάρ
1037 3753 1186 3804 ἐστιν
1215 3748 1543 3821 ἄνθρωπος,
1575 3749 1659 3803 ὅτι
1686 3748 1893 3820 ἐμεγά-

316 3845 480 3908 λυνας
507 3844 692 3908 αὐτὸν,
726 3842 760 3915 ἥ
792 3843 875 3897 ὅτι
905 3843 1195 3915 προσέχεις
1238 3842 1330 3897 τὸν
1365 3841 1491 3896 νοῦν
1519 3844 1600 3907 είς
1636 3842 1821 3907 αὑτὸν,
1858 3842 1892 3914 ἢ

316 3936 619 4007 ἐπισκοπὴν
647 3934 814 3990 αὐτοῦ
846 3938 1020 3999 ποιεῖς
1061 3935 1188 4008 [174
1250 3934 1303 4007 b]
1340 3934 1444 3999 ἕως
1478 3936 1627 4006 πρωϊ
1647 3972 1663 3999 ,
1693 3934 1789 3989 καὶ
1813 3935 1892 3998 είς

315 4032 627 4085 ἀνάπαυσιν
660 4029 824 4082 αὑτὸν
852 4028 1099 4098 κρίνεις;
1132 4048 1151 4080 ι
1184 4029 1358 4092 Αὐτὸς
1391 4028 1471 4095 δὲ,
1506 4026 1653 4081 τοῦτ’
1685 4026 1834 4081 ἔστιν
1864 4029 1893 4081 ὁ

314 4122 643 4193 Δεσπότης,‹
655 4119 950 4191 ἁμαρτίαν,
965 4141 982 4171 ι
1003 4119 1078 4183 ὡς
1091 4120 1463 4192 προείρηται,ι
1491 4119 1591 4172 οὐκ
1608 4117 1886 4190 ἐποίησεν,

315 4209 438 4265 οὐδὲ
495 4210 694 4283 εὑρέθη
735 4209 886 4274 δόλος
932 4210 991 4264 ἐν
1033 4207 1116 4280 τῷ
1163 4210 1392 4282 στόματι
1437 4208 1627 4265 αὐτοῦ.
1675 4227 1695 4261 ι
1735 4209 1809 4263 Τὸ
1834 4208 1891 4263 δὲ

316 4404 384 4446 ac
404 4386 735 4458 principatus
757 4386 1171 4455 supereminuit,
1197 4404 1216 4439 ι
1242 4401 1365 4441 cum
1400 4386 1738 4455 principatus
1774 4399 1878 4440 non

315 4457 428 4517 sint
461 4457 669 4513 aeterni.
718 4458 982 4513 Caeterum
1021 4461 1183 4512 verbo
1226 4457 1440 4527 ἀνέχειν
1494 4459 1683 4527 eodem
1718 4471 1879 4527 sensu

318 4544 450 4608 usus
484 4536 570 4608 est
601 4527 792 4608 Rullus
822 4528 932 4607 _|ib.
972 4543 1035 4608 tt_.
1066 4541 1187 4608 cap.
1218 4526 1275 4588 4.
1311 4526 1482 4608 segni.
1511 4526 1601 4606 59,
1639 4526 1737 4608 ubi
1758 4527 1877 4608 ait:
1915 4554 1960 4608 ο

329 4597 654 4669 Ὀφρύαςίδὲ
685 4597 931 4660 καλοῦσι,
958 4597 1027 4650 τά
1064 4597 1330 4669 ἀνέχοντα
1371 4596 1473 4669 τῆς
1516 4595 1653 4665 γῆς.
1687 4594 1738 4669 id
1776 4605 1880 4660 est,

323 4666 666 4752 isttpercilia.
682 4675 1102 4752 autetivofant,
1126 4666 1483 4752 etutinetttiora
1515 4666 1875 4752 terrainlocaa

316 4735 550 4808 (‘mnjicit
577 4739 794 4807 quidem
827 4735 1289 4808 Flacltenburgius
1337 4735 1624 4808 legendum
1666 4735 1737 4788 ibi
1763 4749 1884 4808 esse

315 4810 389 4864 τά
420 4804 786 4887 ὅπερέχοντα,
814 4821 913 4877 pro
937 4807 1008 4885 τά
1033 4804 1315 4887 ἀνέχοντα,
1342 4804 1436 4860 sed
1458 4804 1658 4861 nullius
1677 4804 1883 4859 codicis

318 4878 637 4959 auctoritate
665 4878 880 4959 fulcitur
906 4878 1385 4959 cjushcoujectura.
1423 4944 1437 4959 .
1484 4943 1543 4959 Ν
1603 4943 1617 4958 .
1674 4943 1687 4956 ⁸

392 4950 503 5020 (90)
560 4946 801 5020 Verbosi_
832 4962 963 5000 esse.
1017 4947 1266 5020 ‘ltespici‘t
1308 4944 1457 5020 illud
1482 4943 1883 5020 Chr_isti_apud

316 5013 509 5097 Matth.
540 5032 616 5078 νι,
653 5017 685 5071 7
712 5013 1186 5097 τνΠροσευχόμενοι
1223 5015 1280 5068 δὲ
1308 5013 1413 5097 μὴ.Δ
1431 5013 1884 5097 βαττολογήσηῖε,

318 5089 376 5144 id
411 5099 513 5152 est,
544 5107 564 5140 ι
588 5084 819 5142 orantes
858 5084 1050 5140 autem
1077 5087 1244 5140 nolite
1287 5084 1513 5139 multum
1551 5084 1717 5153 loqui.
1746 5102 1765 5134 ι
1812 5084 1888 5138 De

318 5175 426 5211 uno
446 5158 679 5211 canitulo
706 5158 923 5211 legenda
955 5167 1085 5211 sunt
1108 5171 1229 5211 dum
1269 5164 1388 5211 post
1414 5155 1549 5208 alios
1577 5154 1886 5211 nuperrime

315 5175 432 5241 «tuo.
446 5169 679 5241 carm
706 5169 923 5239 ιρκοηιεε
955 5169 1085 5241 εφη
1105 5171 1229 5241 μειερ
1246 5169 1850 5241 ,ροδιθψιξξυνιεῖς-Ψ

321 5227 545 5298 scripsit
587 5229 672 5281 vir
714 5227 933 5309 ingenio
980 5236 1036 5280 et
1087 5227 1332 5280 doctrina
1398 5227 1887 5295 praestantissimus

313 5299 583 5355 Xaverius
617 5296 801 5353 Mattet
841 5309 1011 5367 agens
1047 5295 1115 5349 de
1149 5295 1501 5351 Hebraeorum
1544 5292 1887 5350 Graecorum-

313 5385 424 5421 aue
458 5367 629 5421 noesi.
660 5377 792 5421 tom.
828 5366 871 5421 Ι.
911 5380 1031 5421 ιιιηζ.
1053 5365 1143 5420 56.

590 5384 629 5431 t,
660 5382 792 5423 tom.
829 5382 871 5429 ι,
911 5382 1031 5431 pag.
1053 5382 1143 5420 oo.

312 5385 424 5441 que
458 5383 629 5437 poest,
660 5380 792 5423 tom.
829 5380 871 5429 ι,
911 5380 1031 5436 pag.
1053 5380 1143 5420 ou.

388 5438 500 5510 (91)
518 5433 1469 5510 Christe,Aadjuua.‘llanc_precandi
1506 5432 1792 5510 formulam
1831 5433 1885 5488 in

314 5504 619 5588 repentinis
649 5504 1139 5588 maxime-casibus
1180 5505 1585 5588 [grumi-fetam
1623 5504 1885 5584 usitatam

317 5574 828 5655 fu_i'§se,__co_nlirmat
875 5574 1139 5655 Laugiuca
1201 5575 1426 5630 Palladii
1477 5574 1726 5635 historia,
1761 5589 1883 5655 cap.

314 5649 443 5717 150,
466 5647 556 5703 ubi
598 5646 828 5716 legimus
860 5661 874 5698 :
909 5662 928 5695 ι
959 5644 1122 5699 Nobis
1164 5655 1346 5699 autem
1384 5659 1578 5712 magna
1611 5658 1745 5699 voce
1786 5646 1886 5697 Do-

316 5720 522 5770 minum
563 5715 992 5770 nominantibus.
1022 5732 1041 5767 ι
1074 5713 1307 5770 Christe.
1342 5715 1535 5770 adiuva
1565 5730 1686 5770 nos.
1724 5732 1743 5764 ι
1773 5723 1884 5767 sta-

316 5720 522 5773 ntinum
563 5717 992 5781 nominanlibus,
1022 5732 1041 5767 ι
1074 5717 1307 5780 Christe,
1342 5717 1535 5782 adjuva
1565 5730 1686 5776 nos,
1724 5732 1743 5764 ι
1773 5723 1855 5767 sta

317 5790 414 5846 tim
441 5786 698 5842 bellua)...
736 5800 795 5840 se
829 5786 973 5854 ipsas
1003 5784 1054 5837 in
1092 5800 1284 5850 aquam
1310 5783 1729 5854 sunt‘jaculaue.
1756 5804 1775 5834 ι
1812 5853 1816 5854 ί

386 5857 505 5929 (9‘2)
537 5856 623 5913 Ea;
663 5852 893 5925 aspectu.
929 5852 1189 5926 Respicit.
1240 5864 1297 5911 ut
1335 5864 1486 5917 nuto.
1518 5852 1649 5911 illud
1697 5853 1884 5912 Eccle-

2006 2010 2244 2076 ﬂectere,
2272 2011 2537 2080 illumque
2561 2012 2889 2083 gloriﬁcare,
2920 2031 2983 2069 ac
3013 2013 3179 2068 Deum
3204 2029 3420 2078 vocare,
3450 2027 3503 2069 et
3528 2015 3581 2067 in

2004 2105 2301 2173 repentinis
2337 2104 2759 2171 calamitatibus,
2800 2122 2921 2159 cum
2971 2116 3262 2160 eventuum
3303 2106 3582 2161 celeritate

2001 2205 2467 2265 praeoccupautur,
2505 2211 2611 2249 non
2657 2195 2815 2267 longa
2864 2197 2939 2250 uti
2970 2197 3238 2260 oratione,
3271 2212 3370 2250 nec
3400 2195 3580 2250 multi-

2001 2284 2170 2354 loqui,
2202 2296 2262 2339 ut
2301 2285 2500 2350 solent,
2532 2300 2596 2341 ac
2633 2286 2847 2341 verbosi
2895 2301 3016 2341 esse
3040 2286 3176 2358 (90),
3211 2288 3303 2342 sed
3343 2286 3580 2342 breviter

2000 2390 2124 2430 eum
2152 2375 2407 2431 invocare
2454 2376 2759 2440 clamando,
2805 2396 2823 2428 ι
2853 2376 3093 2442 Christe,
3137 2378 3329 2447 adjuva
3360 2375 3473 2446 (9i)
3506 2396 3521 2432 :
3555 2396 3575 2429 ι

2001 2467 2201 2538 quippe
2230 2484 2354 2523 cum
2393 2470 2495 2524 hoc
2526 2484 2723 2524 nomen
2754 2470 2826 2525 sit
2852 2471 3103 2524 omnibus
3134 2472 3392 2527 salutare.
3422 2470 3577 2537 Quod

2000 2574 2134 2617 vero
2159 2563 2373 2618 dictum.
2393 2562 2521 2628 fuit,
2557 2580 2574 2614 ι
2606 2563 2664 2617 In
2695 2563 3051 2618 similitudine
3076 2564 3377 2628 hominum,
3406 2572 3458 2617 et
3489 2562 3584 2616 ha-

2000 2651 2116 2706 bitu
2154 2651 2426 2714 inventus,
2461 2670 2481 2703 ι
2515 2667 2621 2706 non
2668 2653 2962 2723 signiﬁcat,
2996 2655 3315 2723 phantasma
3360 2669 3485 2709 esse
3515 2654 3583 2707 il-

2001 2743 2106 2799 lius
2144 2742 2603 2810 lncarnationem,
2643 2756 2702 2799 ut
2728 2747 2947 2815 quidam
2991 2748 3246 2816 suSpicati
3289 2759 3449 2815 sunt;
3485 2747 3580 2801 sed

2000 2845 2187 2891 contra
2237 2838 2484 2903 denotat,
2535 2845 2799 2907 gestatam
2833 2852 2961 2893 vere
3006 2853 3037 2892 a
3095 2838 3202 2894 Deo
3235 2838 3411 2893 Verbo
3459 2853 3583 2893 esse

1999 2927 2431 2992 similitudinem,
2488 2936 2544 2981 et
2592 2926 2836 2981 habitum
2895 2930 3196 2985 hominum.
3253 2930 3358 2984 Sed
3420 2929 3582 2982 aliter

1998 3021 2162 3073 etiam
2201 3019 2425 3089 intelligi
2461 3028 2657 3086 potest.
2695 3018 2775 3073 Ex
2821 3030 3039 3089 aspectu
3066 3019 3200 3092 (92),
3230 3035 3296 3074 ex
3336 3020 3584 3088 corporis

2000 3111 2239 3166 motione
2272 3125 2340 3165 ac
2380 3118 2554 3181 gestu,
2598 3121 2653 3165 et
2681 3126 2745 3165 ex
2793 3112 3208 3166 conversatione
3233 3111 3582 3181 cognoscitur

2001 3204 2372 3273 unusquisque
2417 3203 2592 3273 qualis
2621 3203 2717 3265 sit,
2767 3214 2821 3259 et
2862 3204 2990 3272 quid
3023 3202 3152 3257 velit
3191 3202 3371 3257 facere
3405 3220 3419 3257 :
3455 3217 3581 3255 nam

2000 3297 2099 3351 etsi
2138 3298 2325 3353 urbem
2354 3284 2467 3365 ipse
2498 3296 2828 3352 circumiens
2860 3297 2963 3349 hoc
2991 3311 3096 3350 non
3120 3296 3358 3362 evulget,
3394 3302 3579 3348 tamen

1998 3403 2065 3442 ex
2102 3390 2218 3457 ipsa
2257 3388 2331 3441 rei
2360 3396 2574 3450 natura,
2606 3402 2673 3440 eo
2698 3385 2781 3439 vel
2827 3395 3067 3450 tacente,
3099 3386 3365 3455 arguitur.
3397 3383 3583 3451 Itaque

2004 3479 2258 3535 Salvator
2284 3480 2449 3535 etiam
2483 3494 2606 3534 CIIII!
2640 3494 2725 3548 pet
2761 3478 3142 3541 oeconomiam,
3184 3492 3287 3547 qua
3318 3478 3434 3530 sine
3475 3476 3583 3529 ulla

2003 3571 2084 3625 sui
2122 3569 2423 3624 mutatione
2455 3569 2767 3623 incarnatus
2798 3577 2903 3634 est,
2943 3582 3043 3622 nos
3079 3568 3290 3622 salvare
3326 3566 3580 3632 voluerit,

2000 3673 2056 3716 et
2082 3662 2287 3728 omnia,
2314 3676 2433 3730 quae
2473 3670 2658 3716 nostra
2689 3670 2836 3725 sunt,
2879 3659 3153 3723 habuerit,
3189 3668 3416 3727 excepto
3456 3673 3583 3726 pec-

2001 3764 2143 3819 cato,
2183 3754 2493 3809 necessario
2532 3753 2819 3807 videbatur
2851 3750 3159 3806 hominibus
3186 3749 3391 3819 peccati
3437 3749 3582 3803 illius

1999 3860 2196 3916 expers
2229 3859 2335 3901 non
2379 3859 2522 3909 esse,
2559 3842 2701 3913 quod
2753 3859 2820 3898 ex
2857 3843 3156 3908 voluntate,
3202 3850 3257 3896 et
3297 3856 3365 3897 ex
3408 3840 3583 3909 operi-

2001 3938 2101 3993 bus
2128 3937 2241 4008 (93)
2290 3937 2430 3991 inest
2477 3935 2654 3991 nobis.
2699 3932 2831 3989 Nam
2885 3935 3312 4004 patientissimus
3357 3932 3459 3989 Joh
3504 3948 3575 3987 ex

2000 4041 2231 4097 persona
2287 4027 2528 4080 onmium
2583 4035 2826 4081 nostrum
2888 4024 3185 4081 clamavit:
3214 4041 3233 4075 ι
3263 4022 3432 4077 Nemo
3460 4022 3576 4093 (94)

1998 4133 2192 4186 expers
2220 4120 2452 4187 peccati,
2504 4133 2572 4174 ne
2607 4119 2651 4174 si
2703 4118 2866 4174 unius
2910 4118 3128 4188 quidem
3173 4116 3319 4171 horae
3360 4114 3430 4169 sit
3466 4115 3573 4167 vita

1998 4211 2187 4267 iusius.
2221 4208 2361 4277 Quid
2389 4210 2531 4266 enim
2563 4208 2675 4283 (95)
2705 4218 2792 4265 est
2820 4210 3004 4275 homo,
3046 4207 3170 4279 quia
3210 4205 3574 4278 magniﬁcasti

1988 4386 2194 4459 siastic.
2242 4402 2367 4459 snt,
2532 4404 2546 4440 :
2600 4385 3041 4459 ’Arrb_6pdcsw;
3101 4381 3572 4459 ὲπιγνωσῼήσεται

1988 4452 2367 4528 ἀνὴρ)..γκαὶ’
2605 4452 2894 4527 ἀνθρώπου
2940 4452 3262 4528 ἀναγγέλλει
3312 4452 3411 4506 τά
3448 4455 3578 4528 περὶ

1988 4524 2178 4589 αὐτοῦ,
2216 4527 2267 4580 id
2301 4524 2416 4590 est,
2444 4524 2548 4581 (ex
2582 4524 3179 4594 aspectucoguoscetur
3208 4526 3362 4578 vir...
3400 4533 3458 4577 et
3489 4524 3573 4577 iu-

1986 4612 2173 4652 cessus
2196 4596 2432 4651 hominis
2449 4600 2700 4651 enuntiat
2723 4598 2791 4648 de
2823 4596 2934 4649 illo.
2964 4612 2984 4645 ι

2058 4666 2171 4736 (93)
2208 4665 2275 4718 Et
2327 4682 2392 4720 ea:
2437 4666 2704 4734 operibus.
2736 4666 2817 4718 Au
2850 4665 2930 4719 sic
2972 4663 3233 4736 loquitur,
3269 4671 3328 4716 ut
3372 4676 3565 4736 pecca-

1986 4732 2120 4799 tum,
2152 4732 2302 4805 quod
2350 4732 2621 4807 designat,
2650 4736 2946 4805 distinguat
2985 4732 3053 4787 ab
3082 4748 3169 4798 eo,
3196 4732 3261 4787 de
3290 4747 3401 4801 quo
3442 4735 3559 4801 agit

1984 4806 2207 4860 Paulus.
2242 4819 2363 4859 cum
2390 4806 2491 4860 ait.
2530 4805 2805 4860 Christum
2842 4822 2861 4855 ι
2889 4802 3089 4856 factum
3117 4818 3238 4858 esse
3273 4812 3560 4860 peccaturo

1984 4816 2207 4871 Paulus,
2242 4819 2363 4859 cum
2390 4816 2491 4867 ait,
2530 4816 2805 4860 tzuristum
2842 4822 2861 4855 ι
2889 4816 3089 4856 tactum
3117 4818 3238 4858 esse
3273 4816 3560 4872 peccatum

1984 4875 2379 4997 pgqe’nobis?»
2422 4874 2506 4929 An
2553 4876 2734 4945 potius
2776 4873 3034 4942 intelligit
3083 4883 3366 4943 peccatum
3398 4872 3570 4943 origi-

1986 4961 2140 4999 nate!

2058 5014 2172 5085 (94)
2211 5011 2401 5069 Nemo.
2437 5014 2554 5085 Duo
2586 5029 2652 5069 ex
2700 5010 2837 5085 Joho
2884 5011 3000 5066 loca
3041 5009 3219 5076 affert,
3258 5010 3561 5085 etsi_un_um

1988 5080 2162 5139 citare
2199 5085 2468 5139 videatur.
2512 5083 2728 5138 Primus
2760 5082 2910 5136 locus
2933 5098 3038 5136 non
3065 5091 3242 5137 exstat
3276 5083 3326 5137 in
3364 5080 3568 5135 Latinis

1989 5153 2201 5219 Bibliis,
2231 5155 2325 5207 sed
2347 5154 2534 5209 Graeca
2562 5169 2685 5206 eum
2715 5154 2915 5206 habent
2939 5150 3040 5205 Job
3084 5167 3194 5215 λιν,
3220 5153 3255 5206 4
3283 5161 3341 5207 et
3382 5151 3439 5211 5.
3479 5152 3571 5204 uhi

1989 5234 2171 5294 tamen
2201 5225 2281 5278 sic
2298 5225 2523 5294 legitur:
2547 5224 2646 5288 Τίς
2660 5222 2769 5294 γὰρ
2791 5221 3034 5294 καθαρὸς
3051 5221 3327 5294 ἔσταιάπδ
3357 5220 3567 5294 ῥύπους

1987 5293 2106 5366 ἀλλ’
2131 5294 2328 5366 οὐδεὶς,
2354 5290 2460 5348 ἒάν
2490 5295 2586 5348 κα)⁹
2617 5290 2715 5366 μία
2739 5290 2986 5366 ’ἡμέραό
3012 5290 3123 5366 βίος
3155 5290 3325 5346 αὑτοῦ
3470 5292 3570 5366 τῆς

1988 5363 2121 5435 γῆς,
2146 5364 2199 5420 id
2237 5377 2343 5429 est,
2384 5383 2403 5416 ι
2429 5369 2551 5434 quis
2582 5363 2727 5419 enim
2771 5363 3007 5435 mundus
3030 5363 3156 5435 erit
3183 5378 3213 5415 a
3245 5363 3447 5417 sorde?
3470 5364 3571 5435 sed

1992 5428 2172 5498 neum,
2221 5428 2335 5490 etsi
2366 5428 2475 5489 una
2517 5436 2590 5490 sit
2641 5435 2758 5488 dies
2808 5431 2918 5486 vita
2945 5433 3112 5501 ipsius
3144 5432 3196 5485 in
3219 5443 3385 5489 terra.
3415 5449 3435 5482 ι
3460 5428 3572 5501 ,νοτ

1993 5505 2329 5560 tustissimus
2373 5520 2503 5558 vero
2554 5508 2748 5567 codex,
2781 5516 2942 5570 quem
2966 5499 3178 5556 ‘Junius
3212 5504 3265 5556 in
3314 5516 3409 5556 sua
3447 5499 3571 5570 Jobi

1988 5575 2228 5653 editione
2254 5577 2541 5653 expressit,
2570 5592 2702 5653 pru,_
2721 5569 2834 5653 μίαΔ
2851 5571 3056 5653 mia-59a.
3100 5571 3260 5653 liabet
3284 5573 3413 5653 μιᾷς
3430 5569 3570 5641 ἠμέ-

1993 5660 2113 5716 ρας,
2149 5644 2200 5716 id
2227 5643 2339 5711 est,
2372 5663 2392 5697 ι
2415 5644 2728 5716 uniusdiei.
2761 5662 2779 5694 ι
2808 5643 3103 5716 Alii_ali_ter_
3126 5643 3388 5716 legerunt.

2061 5715 2177 5786 (95)
2208 5717 2351 5786 Quid
2380 5715 2655 5786 εηὲηιηᾼι)
2684 5713 2975 5786 his_verbis
2999 5713 3187 5786 incipit
3213 5712 3377 5786 alter,
3402 5725 3567 5786 quom

1992 5779 2313 5849 modum,
2341 5786 2511 5839 locus.
2548 5784 2739 5838 Exstat
2765 5780 2867 5836 Job
2896 5796 2997 5842 νιι.
3026 5782 3087 5835 ΓΙ
3114 5779 3180 5835 et
3208 5779 3297 5843 18,
3328 5779 3564 5835 ubicunt

1990 5857 2296 5926 prmcedant
2337 5856 2451 5913 lucc
2490 5855 2674 5923 verba,
2706 5852 2862 5916 κενὸς
2893 5852 3003 5923 γάρ
3026 5867 3129 5921 μου
3164 5854 3193 5905 ὁ
3220 5849 3358 5922 βίος,
3385 5852 3436 5908 id
3462 5860 3568 5916 est,
