4056 6400
321 383 429 438 865
1395 381 1484 436 DE
1521 381 1899 437 TRINITATE
1938 380 2140 434 LIBER
2183 379 2501 436 TERTIUS.
3469 383 3576 438 866

313 504 494 576 ψυχῆς
525 521 641 570 σου,
680 504 772 559 καὶ
799 505 859 571 ἐξ
887 506 1015 578 δλης
1047 505 1146 577 τῆς
1195 504 1376 576 ἰσχύος
1407 521 1523 566 σου,
1558 505 1652 558 καὶ
1684 505 1742 570 ἐξ
1769 503 1895 574 ὅλης

1999 502 2174 570 ceris;
2210 522 2228 554 ι
2255 513 2308 557 et
2331 521 2344 556 :
2380 521 2400 554 ι
2423 500 2597 556 Nolite
2615 499 2730 571 (28)
2757 498 2980 556 reddere
3006 501 3207 556 malum
3229 513 3328 570 pro
3350 499 3524 564 malo;
3550 517 3571 550 ι

313 594 416 663 τῆς
441 593 680 658 διανοίας
709 611 803 650 σου
825 612 838 625 ·
862 594 955 649 καὶ
985 593 1077 648 τὸν
1105 592 1336 663 πλησίον
1369 608 1464 643 σου
1493 590 1568 654 ὡς
1604 589 1884 643 σεαυτόν·›

1994 605 2084 650 et:
2114 613 2133 644 ι
2166 595 2484 662 Quicunque
2510 593 2624 665 (29)
2671 592 2864 648 fecerit
2914 593 3004 646 uni
3042 607 3110 647 ex
3166 593 3251 647 his
3295 589 3575 652 minimis.

315 684 436 748 καὶ,
471 703 490 737 ι
536 685 624 738 Ἐν
662 684 835 757 τούτῳ
858 685 1155 756 γνώσονται
1198 684 1419 749 πάντες,
1449 683 1532 735 ὅτι
1562 681 1686 751 ἐμοὶ
1719 681 1894 751 μαθη-

1994 687 2119 741 mihi
2153 685 2308 748 fecit;
2337 704 2355 736 ›
2387 694 2473 740 et:
2509 703 2528 735 ι
2563 683 2849 754 0mni(5(l)
2873 669 3074 753 petenti
3114 692 3243 745 ate,
3276 682 3378 745 ita;
3415 699 3434 732 ι
3481 691 3574 734 et:

313 775 408 828 ταί
440 778 584 840 ἐστε,
627 775 724 830 ὲάν
761 777 1007 846 ἀγαπᾶτε
1046 775 1324 847 ἀλλήλους.
1357 792 1377 827 ι
1427 774 1536 827 Καὶ
1564 772 1678 836 πῶς
1707 771 1765 825 δὲ
1793 772 1894 825 ούκ

1995 796 2015 829 ‹
2033 777 2228 847 Diliges
2247 775 2358 846 (5|)
2388 776 2669 829 Dominum
2692 776 2857 829 Deum
2887 782 3038 828 tuum
3060 773 3245 845 (52)on
3265 781 3372 827 tota
3399 772 3580 826 anima

318 866 486 932 ἐστιν,
512 861 556 921 ὦ
581 868 844 940 αίρετικὲ,
883 867 1087 937 ἀγαθὸς
1124 869 1217 921 lca
1251 866 1331 937 τῷ
1377 864 1571 919 ἑαυτοῦ
1612 865 1810 936 Πατρὶ,
1833 865 1894 929 ὃς

1994 877 2080 920 tua
2113 877 2170 922 et
2205 882 2272 922 ex
2327 869 2454 922 totis
2493 867 2698 922 viribus
2743 869 2847 921 tuis
2888 877 2943 921 et
2980 881 3047 921 ex
3087 876 3200 920 tota
3250 873 3429 918 mente
3461 875 3578 927 tua,

315 973 384 1026 γε
411 957 584 1014 ταῦτά
613 976 694 1013 σοι
726 959 934 1029 λέγοντι
966 957 1293 1030 συγγνώμην
1321 956 1469 1028 exat;

1994 965 2046 1010 et
2110 958 2415 1027 proximum
2477 969 2625 1012 tuum
2688 959 2828 1014 sicut
2895 968 2948 1012 te
3023 959 3366 1029 ipsumpet
3408 975 3421 1011 :
3463 973 3482 1006 ι
3519 953 3578 1008 In

316 1047 551 1120 hoc(35)
582 1060 905 1119 cognoscent
935 1065 1143 1115 omnes,
1172 1051 1314 1120 quod
1353 1050 1455 1104 mei
1488 1048 1732 1119 discipuli
1765 1048 1918 1114 estis,
1942 1048 1984 1101 si
2015 1049 2235 1118 diligitis
2259 1051 2483 1105 invicem
2521 1050 2688 1122 (54).»
2713 1051 2992 1118 Quomodo
3024 1059 3227 1115 autem,
3247 1067 3278 1104 ο
3299 1047 3576 1111 lueretice,

317 1140 494 1195 bonus
546 1156 652 1196 non
713 1151 800 1197 est
859 1157 1012 1213 teque
1080 1157 1145 1197 ac
1189 1141 1306 1212 ejus
1352 1141 1535 1210 Pater,
1577 1159 1699 1198 cum
1753 1142 1846 1196 tibi
1889 1143 2004 1195 hazc
2033 1142 2234 1197 dicenti
2276 1145 2496 1215 parcat?

947 1234 1104 1287 ΚΕΦ.
1147 1235 1264 1301 ις’.

2517 1237 2681 1307 37o
2719 1236 2874 1292 CAP.
2914 1235 3052 1290 xvr.

389 1319 487 1373 Διά
513 1321 728 1376 πάντων
752 1321 1157 1394 αίρεσιομαχεῖν
1181 1324 1497 1392 ἐγνωκότες,
1516 1326 1608 1380 καὶ
1630 1323 1728 1397 τὴν
1757 1323 1894 1396 πρὸς

2069 1325 2202 1381 Cum
2243 1341 2341 1395 pro
2367 1341 2460 1380 sua
2496 1328 2684 1382 haeresi
2715 1329 2965 1384 omnilms
2992 1328 3164 1381 modis
3187 1326 3302 1398 (55)
3334 1340 3577 1396 pugnare

316 1414 580 1484 Τιμόθεον
609 1415 701 1469 τοῦ
735 1416 945 1469 Παύλου
971 1417 1172 1489 φωνὴν,
1196 1417 1294 1490 τὴν
1330 1417 1594 1488 λέγουσαν
1617 1435 1630 1449 ·
1666 1438 1686 1471 ι
1721 1419 1810 1490 Τῷ
1837 1417 1894 1471 δὲ

1997 1417 2318 1480 statuerint,
2349 1415 2501 1472 Pauli
2533 1433 2747 1488 quoque
2787 1423 2852 1473 ad
2899 1418 3241 1472 Timotheum
3287 1418 3576 1472 scribentis

319 1505 530 1576 βασιλεῖ
551 1507 659 1560 τῶν
687 1507 915 1572 αἰώνων,
955 1509 1238 1580 ἀφθάρτῳ,
1268 1511 1506 1582 ἀοράτῳ,
1542 1511 1689 1582 μόνῳ
1742 1510 1892 1582 σοφῷ

1996 1505 2319 1559 sententiam
2349 1521 2631 1576 perperam
2668 1508 2964 1576 accipiunt,
3008 1523 3127 1577 qua:
3156 1509 3234 1561 sic
3261 1522 3319 1562 se
3359 1507 3522 1561 habet
3554 1524 3572 1564 :

315 1597 437 1668 Θεῷ
466 1599 599 1670 τιμὴ
640 1600 734 1654 καὶ
776 1599 904 1666 δόξα
951 1601 1031 1665 είς
1064 1603 1193 1665 τοὺς
1229 1601 1455 1666 αἰῶνας.
1497 1602 1698 1674 Ἀμήν·
1738 1621 1757 1654 ι
1794 1603 1890 1657 καὶ

2000 1616 2020 1650 ι
2047 1597 2176 1669 Regi
2201 1597 2314 1669 (56)
2345 1608 2523 1653 autem
2555 1600 2874 1655 saeculorum
2913 1597 3328 1668 incorruptibili,
3378 1597 3572 1652 invisi-

314 1691 439 1763 τὴν,
464 1712 482 1743 ι
511 1691 687 1755 Μόνος
710 1690 847 1762 ἔχων
873 1691 1190 1754 ἀθανασίαν,
1218 1693 1334 1762 φῶς
1353 1693 1518 1747 οἰκῶν
1537 1694 1883 1764 ἀπρόσιτονί

1994 1687 2112 1753 bili,
2140 1687 2242 1743 soli
2265 1689 2514 1758 sapienti,
2538 1687 2645 1744 Deo
2671 1689 2848 1744 honor
2873 1700 2927 1744 et
2953 1690 3122 1756 gloria
3144 1689 3197 1743 in
3223 1687 3414 1742 smcula
3433 1688 3571 1758 (57).

315 1784 417 1838 καὶ
445 1783 541 1855 τὴν
569 1787 627 1838 ὲν
671 1784 986 1856 Εύαγγελίῳ
1028 1784 1318 1856 κειμένην·
1358 1805 1377 1838 ι
1417 1787 1534 1839 Ἵνα
1577 1785 1887 1856 γινώσκωσι

1994 1778 2192 1844 Amen;
2233 1797 2253 1830 ι
2295 1789 2347 1834 et
2394 1781 2533 1834 hanc
2590 1780 2750 1834 aliam
2797 1798 2810 1834 :
2866 1799 2884 1832 ι
2927 1781 3028 1847 Qui
3069 1781 3216 1836 solus
3243 1779 3356 1851 (58)
3412 1780 3575 1834 habet

317 1892 405 1936 σε.
437 1875 527 1928 τὸν
559 1875 718 1945 μόνον
751 1874 1002 1946 ἀληθινὸν
1025 1874 1178 1938 Θεὸν,
1208 1874 1303 1928 καὶ
1345 1874 1404 1928 ὃν
1436 1875 1757 1939 ἀπέστειλας
1789 1877 1894 1947 ’ῐηο

317 1963 446 2019 σοῦν
477 1965 738 2036 Χριστόν·
773 1983 792 2017 ι
833 1965 926 2019 κα)⁵
955 1965 1054 2036 τὴν
1079 1965 1497 2036 διαγορεύουσαν
1524 1966 1856 2039 προφητείαν
1875 1983 1888 1996 ·

322 2079 345 2112 ι
383 2056 524 2126 Ἐγὼ
556 2057 796 2122 ἐξέτεινα
831 2056 970 2129 [176
1003 2056 1062 2129 ὁ]
1105 2056 1196 2111 τὸν
1239 2056 1464 2129 ούρανδν
1508 2059 1692 2128 μόνος·
1732 2076 1750 2109 ι
1794 2059 1893 2112 οὐκ

315 2153 400 2215 είς
435 2150 550 2205 δέον
572 2150 908 2220 ἐκδέχονται·
937 2150 1236 2218 φάσκοντες
1263 2149 1362 2219 τὴν
1393 2169 1410 2200 ι
1438 2149 1594 2220 μόνος
1624 2168 1642 2200 ι
1672 2150 1764 2204 καὶ
1793 2151 1892 2221 τὴν

322 2259 345 2292 ι
379 2239 627 2308 ἀληθινὸς
658 2239 789 2304 Θεὸς
823 2257 840 2291 ι
875 2238 1018 2315 λέξιν
1051 2241 1125 2309 μὴ
1161 2239 1506 2309 ἐπιδέχεσθαι
1545 2240 1824 2311 δευτέραν,
1857 2241 1890 2312 ἢ

314 2332 508 2403 τρίτην
545 2332 863 2393 ὑπόστασιν,
893 2331 1039 2402 ἔχειν
1073 2332 1130 2384 δὲ
1171 2331 1270 2402 τὴν
1310 2331 1588 2404 ἀναφορὰν
1617 2335 1696 2397 εἰς
1737 2334 1894 2404 μόνον

315 2423 409 2476 τὸν
453 2423 690 2494 Πατέρα.
735 2423 796 2475 Ἡ
833 2423 889 2476 δὲ
948 2442 967 2475 ι
1003 2423 1162 2492 μόνος
1201 2440 1218 2473 ι
1259 2423 1352 2476 καὶ
1401 2424 1518 2487 ἑνός
1560 2427 1676 2478 ἐστι
1727 2426 1892 2493 λέξις,

315 2511 509 2575 ὁσάκις
538 2512 603 2565 ἂν
639 2512 852 2582 εἴρηται
883 2511 978 2564 ἐπὶ
999 2512 1098 2578 τῆς
1121 2513 1350 2584 Τριάδος
1369 2516 1434 2584 τῇ
1467 2514 1678 2586 Γραφῇ,
1713 2516 1799 2570 διά
1835 2517 1896 2572 τὸ

316 2608 379 2660 ἐν
401 2608 584 2678 μονάδι
611 2607 862 2678 θεότητος
879 2608 1144 2679 ὑπάρχειν
1159 2609 1348 2680 αὐτὴν,
1375 2610 1470 2663 καὶ
1502 2629 1520 2660 ι
1551 2610 1848 2682 μοναρχίαν
1871 2630 1890 2663 ι

316 2700 463 2770 ἔχειν
490 2701 724 2770 εἴρηται.
753 2698 896 2770 Διδή
921 2701 1185 2769 ταυτότης
1220 2719 1238 2751 t
1267 2700 1445 2770 μόνος,
1472 2719 1490 2751 ι
1519 2700 1551 2771 ἢ
1586 2701 1819 2771 ἐκείνης.
1860 2701 1893 2771 ἢ

316 2791 436 2862 ἅμα
463 2791 571 2845 τῶν
611 2791 724 2854 δύο,
771 2790 804 2862 ἢ
848 2791 957 2844 τῶν
997 2791 1163 2862 τριῶν
1211 2792 1494 2861 ἀχράντων
1548 2794 1896 2847 ύποστάσεων

321 2883 665 2953 μνημονεύει,
693 2882 726 2953 ἢ
753 2881 937 2953 χωρίς.
961 2884 1081 2935 Ἔτι
1110 2883 1165 2934 δὲ
1186 2882 1355 2946 οὕτω..
1375 2883 1578 2954 ἐρρήθη
1610 2884 1744 2955 πρὸς
1765 2884 1894 2936 ἀντο

318 2973 408 3037 εξέ
420 2991 564 3027 τασιν
605 2974 712 3026 τῶν
749 2973 1096 3043 καλουμένων
1125 2974 1488 3043 ψευδωνύμων
1519 2974 1676 3036 θεῶν,
1704 2975 1892 3045 ὥσπερ
1919 2998 1961 3054 C

317 3066 407 3120 ἀεὶ
429 3067 527 3136 τὴν
550 3065 823 3135 δαιμόνιον
859 3065 1279 3137 πολυκοιρανίαν
1319 3066 1589 3128 ἐκϐάλλει,
1624 3067 1892 3120 ἀκουσάν-

316 3171 454 3208 των·
493 3174 512 3206 ‹
548 3154 670 3208 Θεοί
702 3157 855 3208 ἐστε·
893 3173 912 3206 ι
951 3154 1034 3207 ἵνα
1083 3156 1279 3225 μηκέτι
1321 3149 1472 3226 ὦμεν
1509 3155 1892 3225 δεδουλωμένοι

316 3244 424 3298 ὑπὸ
449 3244 642 3308 ταλαά,
699 3246 792 3299 καὶ
839 3246 1181 3319 πολύμορφα,
1236 3247 1328 3300 καὶ
1375 3248 1604 3318 τρεπτὰ,
1646 3250 1739 3301 καὶ
1779 3249 1894 3301 ἐτε-

321 3338 574 3408 ρόγνωμα
603 3341 862 3408 στοιχεῖα,
891 3339 984 3391 ἐπὶ
1018 3339 1117 3410 τὴν
1150 3339 1404 3411 πορνείαν
1431 3339 1633 3410 ταύτην
1668 3340 1895 3411 σκορπί-

317 3427 502 3493 ζοντες
521 3430 589 3483 τά
609 3432 859 3502 νοήματα
885 3432 1062 3503 ἡμῶν,
1084 3433 1226 3486 κατὰ
1246 3433 1336 3484 τὸν
1359 3433 1584 3500 λέγοντα
1610 3449 1622 3462 ο
1656 3452 1674 3484 ι
1694 3432 1892 3503 Πρώτη

316 3521 560 3592 πορνεία,
609 3522 820 3576 ἐπίνοια
863 3523 1117 3576 εἰδώλων.
1155 3541 1174 3576 ι
1233 3524 1376 3595 Πρὸς
1410 3523 1642 3587 τούτοις,
1686 3525 1780 3578 καὶ
1811 3525 1894 3577 ὅτι

314 3613 414 3682 ούχ
443 3613 699 3684 ἁρμόττει
733 3614 986 3684 κτίσματι
1013 3614 1216 3686 κυρίως
1239 3618 1334 3668 καὶ
1362 3615 1480 3668 καθ’
1506 3614 1653 3680 ἅπαξ
1685 3617 1717 3686 ἡ
1754 3635 1772 3666 ⁴
1801 3618 1895 3684 μά·

315 3720 408 3768 νος
435 3723 456 3756 ι
487 3705 581 3758 καὶ
636 3705 754 3770 ἑνὸς
797 3705 962 3770 λέξις,
1004 3704 1084 3776 τῷ
1133 3703 1271 3760 εἷναι
1318 3707 1568 3770 πάντων,
1603 3707 1636 3777 ἢ
1685 3705 1894 3759 πολλῶν

317 3794 435 3864 ἅμα
461 3796 637 3849 κοινόν
669 3814 745 3860 τι,
781 3797 868 3849 διὰ
899 3798 961 3851 τδ
1007 3799 1184 3851 πάντα
1235 3797 1379 3869 ἔχειν
1427 3798 1599 3852 πολλά
1635 3799 1894 3869 ὁμοούσια

315 3887 412 3937 καὶ
432 3886 673 3956 ὁμοειδῆ,
701 3887 775 3950 ώς
802 3889 859 3940 ὲν
887 3887 966 3959 τῷ
1005 3889 1584 3960 τεσσαρεσκαιδεκάτῳ
1616 3890 1894 3959 κεφαλαίῳ

312 3975 412 4028 τοῦ
442 3977 654 4047 πρώτου
684 3979 890 4050 ὲρῤήθη
915 3979 1094 4048 λόγου.
1139 3980 1202 4032 Ἦ
1229 3981 1307 4043 δὲ,
1342 3998 1361 4032 ι
1394 3981 1568 4045 Μόνος
1591 3980 1728 4051 ἔχων
1756 3981 1894 4035 ἀθα-

315 4067 527 4132 νασίαν,
561 4087 578 4118 ι
618 4070 711 4122 καὶ
739 4072 794 4140 ἡ,
833 4089 852 4122 ι
894 4071 1136 4142 Ἀοράτῳ
1177 4073 1322 4143 μόνῳ
1351 4071 1499 4143 σοφῷ
1521 4071 1662 4143 Θεῷ,
1695 4091 1712 4122 ι
1743 4072 1894 4143 φωνὴ

315 4157 552 4230 ἐγράφη,
586 4160 674 4213 διὰ
711 4161 772 4213 τὺ
797 4161 930 4233 μηδὲ
952 4161 1010 4214 ἓν
1039 4163 1243 4233 κτίσμα
1277 4163 1422 4234 ἔχειν
1452 4164 1544 4232 ἀφ’
1583 4162 1775 4216 ἑαυτοῦ
1802 4164 1894 4216 καὶ

318 4251 479 4304 παντὶ
525 4252 586 4305 τὸ
634 4251 903 4306 ἀθάνατον
974 4253 1071 4307 καὶ
1119 4254 1371 4327 ἀόρατον,
1411 4254 1506 4308 καὶ
1559 4253 1743 4324 σοφὸν,
1777 4254 1892 4309 ἀλλ’

1993 1869 2472 1935 immortalitatem,
2518 1871 2692 1925 lucem
2747 1872 2997 1926 habitans
3042 1871 3465 1926 inact-essihilem
3495 1886 3508 1935 ;
3544 1889 3565 1921 ι

1991 1967 2046 2016 et
2079 1961 2248 2024 illam,
2276 1976 2398 2030 Qtue
2419 1973 2502 2016 est
2530 1963 2584 2016 in
2617 1963 2905 2033 Evangelio
2930 1983 2941 2018 :
2973 1980 2991 2013 ι
3016 1961 3084 2017 Ut
3114 1963 3570 2034 cognoscaut(59)

1993 2063 2046 2108 te
2111 2054 2282 2110 solum
2337 2069 2524 2108 verum
2576 2055 2765 2120 Deum,
2805 2063 2862 2110 et
2904 2071 3063 2123 quem
3127 2055 3320 2110 misisti
3383 2055 3568 2110 Jcsum

1991 2144 2306 2213 Christum;
2340 2163 2359 2197 ι
2401 2155 2455 2200 et
2481 2147 2752 2216 prophetae
2779 2147 2939 2200 verba
2974 2133 3001 2202 :5
3028 2165 3047 2197 ι
3081 2147 3191 2216 Ego
3215 2145 3327 2218 (40)
3351 2148 3569 2200 extendi

1993 2237 2189 2292 caelum
2229 2238 2438 2292 solus.)
2483 2239 2650 2292 Aiunt
2707 2239 2850 2293 enim
2896 2240 3119 2292 vocilms
3174 2261 3191 2289 ι
3239 2239 3405 2300 solus,
3447 2255 3465 2288 ι
3517 2247 3572 2290 et

2000 2347 2020 2380 ι
2050 2345 2212 2384 verus
2251 2330 2413 2396 Deus,
2448 2350 2467 2383 ι
2508 2331 2822 2396 secundam,
2878 2341 2971 2385 aut
2999 2331 3208 2384 tertiam
3240 2330 3570 2401 hypostasim

1993 2421 2236 2488 excludi;
2299 2423 2497 2478 habere
2543 2433 2721 2478 autem
2786 2439 2880 2479 eas
2922 2440 3082 2478 voces
3139 2424 3450 2478 relationem
3504 2423 3572 2477 ad

1995 2513 2168 2566 solum
2199 2513 2434 2572 Patrem.
2469 2517 2538 2569 At
2568 2531 2697 2571 vero
2731 2533 2828 2570 vox
2863 2535 2881 2568 ι
2905 2517 3050 2570 solus
3082 2537 3100 2568 ι
3146 2518 3574 2586 quotiescunque

1995 2606 2160 2660 etiam
2191 2607 2257 2662 de
2288 2607 2554 2663 Triuitate
2583 2608 2636 2662 in
2667 2608 2963 2678 Scripturis
2994 2610 3211 2671 dicitur,
3249 2609 3314 2662 de
3344 2624 3451 2662 uno
3489 2608 3576 2661 di-

1996 2697 2160 2761 citur,
2203 2713 2267 2755 eo
2302 2700 2444 2768 quod
2490 2701 2604 2754 haec
2659 2702 2729 2755 sit
2764 2705 2817 2754 in
2873 2703 3080 2755 unitate
3135 2701 3352 2755 deitatis
3384 2720 3398 2754 :
3429 2703 3574 2756 unde

1997 2786 2281 2842 Trinitatis
2325 2791 2466 2844 dicta
2499 2799 2580 2844 est
2620 2808 2640 2842 ι
2672 2791 3010 2857 monarcbia,
3040 2811 3059 2844 ι
3099 2794 3238 2860 quod
3277 2803 3382 2854 est,
3415 2794 3574 2846 unius

1998 2894 2248 2950 regnum,
2275 2883 2388 2937 sive
2417 2899 2518 2936 una
2553 2886 2893 2950 regnantium
2927 2885 3198 2950 maiestas.
3241 2884 3426 2952 Itaque
3459 2884 3573 2954 (Η)

1997 2973 2258 3027 vocabulo
2303 2992 2323 3024 ε
2376 2975 2522 3028 solus
2569 2993 2589 3027 ι
2633 2975 2912 3029 Trinitatis
2964 2976 3216 3030 identitas
3263 2978 3570 3043 denotatur,
3663 3016 3670 3023 .

1993 3072 2048 3119 et
2087 3067 2222 3119 hanc
2261 3065 2556 3134 Scriptura:
2589 3067 2938 3135 significant,
2973 3069 3086 3120 sive
3133 3069 3384 3121 deitatem
3421 3083 3571 3122 com-

1995 3163 2314 3215 memorent,
2358 3157 2472 3209 sive
2505 3155 2640 3208 duas
2675 3154 2833 3208 simul
2888 3170 2955 3207 ex
2999 3154 3409 3222 perfectissimis
3465 3153 3574 3208 illis

1995 3245 2401 3314 hypostasibus,
2450 3256 2542 3299 aut
2580 3260 2768 3299 omnes
2801 3257 2929 3308 tres,
2971 3255 3063 3298 aut
3093 3261 3337 3300 seorsum
3377 3246 3568 3316 singu-

1994 3334 2093 3390 las.
2118 3335 2385 3390 Przeterea
2419 3336 2546 3389 dum
2584 3337 2661 3391 sic
2699 3337 2932 3406 loquitur
2962 3337 3013 3390 in
3047 3337 3227 3392 allatis
3257 3337 3388 3392 locis
3423 3337 3572 3392 Scri-

1993 3435 2170 3492 ptura,
2229 3441 2323 3480 eos
2368 3427 2622 3494 respicit,
2672 3427 2763 3495 qui
2807 3425 2944 3480 falso
2992 3427 3248 3480 dicuntur
3293 3427 3412 3481 dii:
3463 3441 3570 3496 qua

1995 3516 2208 3572 ratione
2241 3517 2627 3571 dmmoniacam
2671 3519 2965 3572 multorum
3007 3519 3425 3574 dominationem
3456 3518 3574 3590 (ιῖ)

1993 3620 2208 3676 semper
2243 3608 2498 3673 excludit,
2531 3608 2676 3665 etab
2710 3623 2772 3662 ea
2811 3625 2930 3673 nos,
2989 3611 3184 3679 quibus
3223 3611 3424 3666 dictum
3463 3621 3571 3676 est,

1999 3721 2019 3755 ι
2049 3700 2132 3754 Dii
2158 3700 2444 3772 estis(45),
2493 3721 2514 3754 ι
2548 3703 2776 3768 avertit;
2836 3718 2900 3757 ne
2930 3703 3097 3756 simus
3141 3703 3437 3758 servientes
3460 3703 3577 3773 (4.1)

1993 3798 2094 3850 sub
2155 3795 2368 3848 miseris
2429 3792 2582 3863 (45),
2641 3803 2696 3848 et
2767 3793 3227 3860 multiformibus,
3285 3805 3340 3848 et
3395 3812 3574 3848 tun-a-

1994 3888 2213 3949 bilibus,
2271 3898 2326 3940 et
2365 3887 2706 3940 discordibus
2741 3885 3046 3952 elementis,
3079 3886 3432 3956 cogitationes
3473 3905 3574 3940 no-

1994 3990 2138 4034 stras
2173 3980 2223 4032 iu
2259 3978 2361 4032 hac
2403 3978 2760 4032 fornicatione
2818 3977 3152 4045 dissipando,
3197 3976 3348 4044 juxta
3397 3976 3571 4038 illum,

1994 4070 2085 4142 qui
2125 4071 2238 4124 ait:
2279 4087 2300 4120 ι
2335 4069 2512 4123 Prima
2533 4068 2642 4140 (46)
2676 4067 2962 4122 fornicatio
2989 4077 3075 4121 est
3109 4068 3432 4136 excogitatio
3464 4068 3574 4120 ido-

1995 4163 2192 4217 lorum.
2225 4179 2243 4213 ι
2287 4160 2512 4230 Insuper
2549 4160 2600 4214 in
2649 4159 2874 4224 objectis
2918 4159 3152 4214 textihus
3200 4158 3320 4212 ideo
3365 4159 3444 4212 sic
3491 4158 3574 4210 lo.

1994 4255 2179 4326 quitur
2209 4253 2513 4322 Scriptura,
2545 4246 2673 4310 quia
2697 4267 2797 4306 vox
2845 4268 2866 4302 ι
2899 4249 3069 4317 solus,
3100 4268 3120 4301 ι
3160 4250 3304 4304 illius
3332 4251 3574 4319 prOpria,

392 4469 504 4550 (ἓξ)
545 4470 758 4550 iVolite_._
795 4473 1097 4550 Rom.__x_l_l,
1133 4472 1211 4550 l7_
1253 4493 1265 4528 :
1316 4471 1516 4550 unath
1567 4469 1892 4550 xaxthavzi

2046 4475 2178 4550 ⁸(11)
2211 4474 2638 4550 Ιιαᾳιιεηϐοάει
2672 4475 2775 4528 hoc
2815 4476 2866 4528 in
2903 4473 3044 4537 loco,
3073 4486 3102 4525 a
3142 4485 3270 4525 voce
3293 4470 3374 4524 διό
3403 4487 3572 4539 usque

317 4541 490 4594 κακοῦ
546 4544 908 4606 ἀποδιδόντες.
961 4541 1096 4598 Vide
1143 4544 1307 4598 etiam
1351 4541 1561 4596 l'Petr.
1609 4556 1691 4607 ιιι,
1743 4541 1796 4608 9,
1838 4551 1894 4596 et

319 4611 509 4666 Matth.
543 4629 594 4676 ν,
624 4613 714 4677 59,
745 4615 836 4676 40,
875 4614 967 4672 41.
993 4613 1083 4666 44.

391 4682 506 4752 (29)
545 4682 872 4752 Quicunque.
907 4684 1094 4736 Matth.
1128 4695 1255 4748 xxv,
1282 4681 1372 4736 10.
1400 4679 1631 4736 Sensum
1665 4679 1818 4734 citat.

390 4752 503 4820 (50)
541 4753 716 4806 Omni.
750 4752 882 4810 Luc.
916 4769 988 4818 νι,
1025 4753 1114 4806 50.

393 4823 504 4890 (51)
545 4822 760 4891 Diliges.
799 4824 928 4876 Luc.
962 4838 1021 4885 ι,
1047 4822 1139 4874 27.

390 4887 503 4961 (59.)
549 4887 734 4946 Tuuin.
781 4891 948 4946 Biblia
982 4893 1068 4945 hic
1097 4893 1298 4944 addunt
1332 4906 1346 4942 :
1374 4890 1433 4956 ἐξ
1469 4887 1597 4958 ὅλης
1623 4888 1724 4959 τῆς
1755 4905 1889 4959 καρ-

318 4962 438 5023 δίας
463 4978 578 5023 σου,
613 4964 662 5014 id
690 4972 794 5022 est,
831 4980 850 5012 ‹
897 4978 962 5015 ex
997 4973 1106 5016 toto
1136 4963 1297 5014 corde
1334 4972 1444 5016 tuo.
1485 4977 1505 5010 ι

395 5033 506 5100 (55)
544 5031 608 5084 In
640 5032 755 5084 hoc.
787 5031 943 5084 Joan.
979 5045 1098 5092 xm,
1126 5031 1213 5083 55.

392 5096 504 5171 (54)
549 5101 605 5155 Si
653 5103 878 5170 diligitis
929 5102 1168 5171 invicem.
1235 5099 1419 5171 βαξεῆ
1478 5096 1646 5152 editio
1699 5098 1890 5152 eodem

316 5169 524 5242 sensti:
553 5173 647 5242 saw
670 5169 890 5242 ἀγάπην
925 5169 1084 5240 ἔχητε
1105 5171 1176 5242 γὲν
1209 5169 1474 5242 ἀλλήλοις.

395 5239 505 5309 (55)
546 5235 800 5294 Omnibus
846 5235 1050 5292 'mod‘is.
1104 5241 1163 5292 In
1219 5235 1452 5309 Granico,
1495 5235 1583 5309 διά
1647 5235 1886 5292 πάντων.

317 5309 396 5362 Ita
441 5307 745 5365 Alexander
789 5310 1190 5364 Alexandrinus
1245 5322 1375 5363 tom.
1440 5308 1480 5363 ll
1529 5307 1886 5360 Concdiorunt

319 5393 441 5446 pag.
490 5381 576 5442 16,
607 5379 694 5432 ed.
740 5378 956 5434 Venetae
987 5379 1063 5432 ait
1087 5396 1110 5432 ιε
1138 5377 1226 5430 διὰ
1259 5377 1476 5432 πάντων
1516 5376 1790 5447 ἀνενδεὴς,
1838 5379 1889 5431 id

319 5457 423 5510 est.
452 5466 470 5518 ι
510 5449 705 5518 ιιιιιιὶιιε
732 5450 890 5518 plane
918 5449 995 5502 rei
1037 5449 1300 5518 indigens.
1334 5466 1353 5500 ι

389 5517 503 5586 (56)
541 5517 691 5587 Regi.
728 5517 749 5570 ι
778 5519 918 5573 Tim.
952 5533 992 5582 ι,
1027 5517 1116 5571 ιτ.

388 5588 499 5656 (57)
534 5586 601 5640 In
621 5586 844 5642 ’swcula.
871 5587 1038 5641 Bihlia
1070 5607 1084 5640 :
1117 5605 1136 5638 ε
1173 5587 1225 5640 in
1259 5588 1449 5642 saecula
1483 5590 1819 5646 smculorum.
1864 5609 1883 5642 ι

389 5657 504 5727 (58)
544 5657 648 5727 Qui
680 5660 843 5711 solus.
871 5657 892 5710 1
923 5657 1063 5710 Tim.
1097 5673 1168 5722 vn,
1197 5658 1283 5712 16.

389 5725 504 5797 (59)
543 5725 610 5797 Ψ
639 5737 969 5796 cognoscant.
999 5727 1152 5782 Joau.
1185 5743 1316 5793 xvtt,
1349 5728 1402 5783 5.

390 5794 506 5870 (4οὶ
545 5794 680 5866 Ego.
703 5794 819 5852 ‘lsa.
858 5813 1007 5861 xuv,
1036 5797 1127 5850 24.

1994 4545 2128 4617 ad?!)
2160 4545 2341 4618 χάρις,
2377 4548 2510 4600 adeo
2543 4548 2870 4618 depravatus
2908 4555 3012 4607 est,
3047 4551 3104 4595 ut
3126 4557 3254 4618 Διιοιι
3299 4557 3466 4618 pauca
3505 4549 3572 4596 de

1994 4610 2350 4671 meo'aildere
2409 4627 2501 4669 aut
2542 4617 2826 4670 immutare
2868 4625 3090 4667 coactus
3119 4610 3312 4666 fuerim
3341 4612 3398 4666 in
3437 4627 3565 4666 ver-

1992 4686 2164 4758 είοηε·
2189 4685 2294 4758 Ρῖρ
2327 4687 2362 4758 ὴ
2399 4685 2560 4758 χάρις
2590 4685 2786 4758 ιεεοῆ
2825 4683 3015 4754 χωρίς-

2088 4756 2178 4825 42)
2219 4749 2510 4825 ΜιιΙίοῆιὴι
2583 4749 3013 4825 dominationem.
3083 4749 3575 4825 Codexmendose

1996 4821 2399 4896 πολυκυρανίαν
2454 4841 2550 4896 pro
2596 4824 3039 4894 πολυκοιρανίαν.
3070 4821 3386 4896 ‘Opponilur
3441 4837 3574 4896 vero

1993 4894 2094 4947 ista
2125 4892 2470 4950 monarchiae.
2497 4895 2586 4948 Illa
2623 4892 3022 4948 multitudinem
3051 4892 3298 4956 deorum,
3327 4892 3442 4946 hac
3476 4893 3568 4946 Dei

1993 4965 2253 5034 unitatem
2279 4966 2566 5034 signiﬁcat.

2064 5033 2176 5104 (45)
2219 5034 2305 5104 pit
2329 5033 2474 5088 estis.
2509 5035 2651 5089 Psal.
2689 5051 2873 5097 LXXXI,
2915 5033 2967 5088 6.

2064 5101 2174 5175 (14)
2216 5103 2532 5159 Servientes.
2566 5106 2640 5158 Ex
2663 5123 2750 5175 ep.
2786 5111 2852 5158 ad
2881 5105 3000 5175 G_al.
3032 5118 3103 5175 tv,
3133 5101 3186 5175 5,
3214 5102 3300 5175 ubi
3332 5101 3570 5175 legitur;

2001 5171 2138 5226 Ὑπὸ
2159 5169 2240 5226 ’τά
2257 5178 2508 5246 στοιχεῖα
2539 5176 2632 5228 τοῦ
2666 5169 2871 5246 κόσμου
2905 5172 3047 5246 ἦμεν
3077 5169 3482 5246 δεδουλωμένοι,
3519 5169 3575 5229 ἰ..

1995 5254 2100 5305 est,
2131 5261 2149 5294 ‹
2187 5244 2286 5297 sub
2324 5243 2606 5299 elementis
2645 5243 2828 5299 tnuu‘di
2865 5243 3079 5298 eranms
3113 5243 3430 5296 servientes.
3473 5261 3492 5292 ι

2063 5313 2176 5385 (45)
2219 5313 2449 5385 Miseris.
2486 5315 2689 5380 Codex,
2715 5316 2784 5368 τὰ
2824 5315 2910 5369 λά.
2950 5315 3054 5368 Pro
3087 5312 3154 5365 λά
3189 5329 3294 5366 non
3324 5314 3442 5381 lego
3474 5311 3559 5374 ita,

1993 5380 2182 5444 idest,
2219 5402 2238 5434 ι
2275 5384 2486 5450 lapidis,
2527 5403 2547 5436 ι
2580 5388 2702 5452 quia
2739 5387 2897 5438 nimis
2929 5385 3060 5438 dura
3094 5391 3241 5436 esset
3269 5396 3344 5452 _e:t
3379 5380 3561 5452 lecuo.

1993 5453 2098 5523 Sed
2135 5468 2232 5522 pro
2278 5449 2347 5506 τὰ
2381 5453 2450 5505 λά
2484 5449 2825 5523 Ιοεοταλαά.
2869 5455 3042 5508 Simili
3081 5456 3239 5505 modo
3267 5449 3464 5523 Paulus
3512 5449 3565 5523 in

1992 5522 2091 5589 Ep.
2116 5521 2182 5577 ad
2206 5523 2326 5577 Gal.
2359 5539 2432 5589 ιν,
2461 5525 2518 5587 9,
2539 5521 2838 5590 ltujUSutodi
2863 5526 3150 5584 elctnenta,
3180 5536 3369 5588 nempe
3389 5521 3572 5590 ethui-j

1990 5587 2360 5665 corumideos,
2402 5587 2559 5647 vocat
2597 5587 2798 5665 ἀσθενῆ
2854 5595 2949 5648 καὶ
3000 5591 3191 5660 πτωχά
3225 5587 3483 5659 στοιχεῖα,
3515 5587 3569 5642 id

1990 5673 2094 5732 est,
2127 5680 2146 5711 ι
2184 5664 2396 5716 inﬁrma
2441 5673 2496 5718 et
2526 5678 2692 5732 egena
2721 5664 3008 5718 elementa.
3049 5681 3068 5713 ι

2064 5731 2178 5801 (46)
2224 5733 2426 5788 Prima.
2457 5727 2586 5803 sap:
2619 5748 2729 5792 xw.
2763 5734 2850 5787 12.
2884 5733 3052 5788 Biblia
3081 5745 3178 5803 pro
3205 5727 3396 5802 πρώτη
3427 5743 3574 5801 πορ-

1996 5803 2113 5854 νεία
2143 5805 2340 5858 habent
2369 5802 2509 5874 ἁρχὴ
2541 5803 2815 5872 πορνείας.
