4056 6404
537 331 643 389 867

1776 325 2013 384 ΒΙΒΥΜῙ
2045 325 2520 384 ALEXANDRINI

3690 329 3794 386 868

538 453 633 521 qui
671 465 810 506 unus
836 450 929 518 sit,
952 457 1219 508 creaturae
1255 451 1474 524 proprie
1507 459 1565 506 et
1587 448 1839 505 absolute
1866 464 1972 503 non
1994 463 2123 504 con-

2231 450 2510 521 είληφέναι
2545 450 2695 522 παρὰ
2732 448 2827 503 τοῦ
2858 448 3358 520 δημιουργήσαντος
3398 446 3555 513 Υἶοῧν
3585 448 3679 501 τοῦ
3716 448 3813 519 μ⁶’

534 538 688 596 venit
722 559 740 597 :
772 552 860 598 est
898 544 1046 600 enim
1079 555 1330 601 creatura
1367 545 1499 614 quid
1528 545 1770 600 omnium
1799 545 1996 613 simul,
2033 552 2128 598 aut

537 631 831 687 multorum
884 648 1208 702 commune;
1248 635 1408 705 371
1448 635 1591 690 nulla
1644 644 1730 690 est
1767 636 1950 702 enim,
2005 651 2127 706 quae

540 726 737 779 multas
778 737 884 779 non
921 725 1122 781 habeat
1156 726 1404 795 ejusdem
1454 742 1578 782 cum
1611 726 1727 796 ipsa
1779 726 2123 792 subStantiae,

537 822 595 867 et
622 813 831 885 formas,
860 818 1002 873 sicut
1028 817 1085 873 in
1136 834 1231 872 xtv
1275 818 1453 889 capite
1497 818 1657 888 primi
1703 819 1972 873 sermonis
2012 817 2127 889 (aut

539 902 688 973 libri)
723 904 924 960 dictum
962 906 1083 961 fuit.
1133 905 1305 961 Verba
1346 922 1475 962 vero
1514 907 1628 971 illa,
1674 925 1694 958 ι
1724 905 1887 961 Solus
1918 907 2125 962 habens

542 993 1020 1064 immortalitatem,
1047 1018 1068 1051 ι
1093 1007 1149 1053 et
1170 998 1259 1053 illa
1288 1017 1307 1050 ι
1330 997 1725 1064 lnvisihili,soli
1749 997 1981 1068 sapienti
2010 997 2122 1069 (47)

544 1086 671 1155 Deo,
700 1107 720 1140 ι
766 1088 886 1145 ideo
947 1091 1000 1145 in
1063 1089 1348 1161 Scriptura
1397 1091 1540 1147 dicta
1593 1099 1759 1157 sunt,
1797 1089 1928 1160 quia
1977 1090 2125 1144 nulla

538 1186 786 1232 creatura
831 1179 996 1235 habet
1031 1196 1098 1235 ex
1138 1182 1317 1250 seipsa
1378 1191 1434 1236 et
1473 1180 1934 1253 omnimode(48),
1964 1191 2026 1236 ut
2055 1182 2129 1237 sit

540 1266 880 1337 immortalis,
899 1281 956 1326 et
987 1271 1295 1337 invisibilis,
1322 1283 1377 1327 et
1398 1273 1650 1342 sapiens;
1680 1273 1776 1327 sed
1808 1288 1837 1325 a
1876 1282 2124 1328 creatore

537 1356 697 1423 Filio,
727 1362 818 1432 qui
856 1362 1003 1418 solus
1044 1364 1204 1419 modo
1237 1365 1472 1433 quodam
1504 1367 1665 1421 unico
1696 1378 1821 1419 cum
1854 1364 2039 1431 Patre,
2068 1376 2126 1422 et

2232 560 2339 605 νως
2383 544 2479 595 σὺν
2534 543 2711 614 Πατρὶ
2752 541 2846 594 καὶ
2897 540 3176 611 Πνεύματι
3230 540 3570 612 ὑπάρχοντος
3627 539 3815 600 ταῦτα,

2233 632 2469 705 ὓπαρξιν
2503 634 2807 697 ἀθανασίας
2854 635 2949 686 καὶ
2991 631 3257 704 ἀορασίας
3277 647 3295 664 ο
3336 631 3411 695 ὡς
3439 630 3654 685 Παῦλον
3683 631 3814 702 γρά·

2234 740 2355 793 φειν
2384 724 2694 795 Κορινθίοις
2732 723 2796 778 τὸ
2836 723 3054 795 πρῶτον
3077 740 3091 755 ο
3133 743 3152 776 ι
3180 724 3247 776 Τί
3282 722 3341 776 δὲ
3369 720 3493 794 [ΓΠ
3539 722 3596 792 ιι]
3653 721 3812 791 ἔχεις,

2229 815 2260 869 ὃ
2286 816 2387 869 οὐκ
2420 815 2648 882 ἐλαόεςς
2679 817 2744 869 El
2777 817 2836 870 δὲ
2875 815 3090 882 ἔλαϐες,
3129 815 3183 868 τί
3215 815 3489 885 καυχᾶσαι
3517 813 3593 876 ὡς
3621 813 3697 882 μὴ
3720 811 3814 864 λα-

2231 907 2375 975 ϐώνς
2410 928 2430 960 ι
2460 910 2570 963 Καὶ
2603 908 2693 963 διὰ
2711 908 2871 962 τοῦτο
2900 907 3037 980 μηδέ
3059 908 3162 969 τὰς
3186 906 3363 973 λέξεις
3386 903 3590 967 ταύτας
3617 900 3818 974 κυρίως

2232 1001 2466 1073 πρέπειν
2510 1003 2796 1073 ποιήματι.
2832 1002 2990 1054 Ἐστι
3028 1000 3142 1071 γὰρ
3186 999 3380 1071 θνητὸν
3460 997 3716 1068 δυνάμει,
3756 996 3817 1047 τὸ

2235 1094 2310 1165 μὴ
2340 1093 2462 1164 έχον
2489 1093 2703 1149 οίκοθεν
2737 1094 2797 1147 τὸ
2821 1093 3111 1157 ἀθάνατον,
3138 1092 3276 1146 ἀλλά
3305 1091 3400 1145 καὶ
3423 1089 3737 1159 δυνάμενον,
3767 1088 3817 1139 εἰ

2233 1184 2449 1257 θελήσοι
2477 1186 2641 1257 τυχὸν
2673 1187 2703 1240 ό
2729 1186 2984 1257 ποιήσας,
3018 1183 3115 1238 καὶ
3133 1184 3197 1237 τὸ
3223 1180 3647 1250 ἀποσϐεσθῆναι,
3676 1177 3817 1232 καθά

2231 1277 2289 1329 ἐν
2330 1278 2652 1350 Εύαγγελίῳ
2679 1272 2866 1331 εἶπενο
2918 1296 2936 1329 ι
2964 1275 3242 1347 Φοϐήθητε
3279 1274 3340 1328 δὲ
3381 1271 3582 1344 μᾶλλον
3613 1270 3704 1324 τὸν
3734 1269 3816 1323 δυ-

2229 1370 2461 1441 νάμενον
2492 1371 2671 1443 ψυχὴν
2706 1370 2798 1424 καὶ
2823 1367 2985 1440 σῶμα
3006 1366 3270 1422 ἀπολέσαι
3291 1368 3350 1420 ἐν
3378 1363 3591 1436 γεέννῃ.
3620 1380 3642 1413 ι

539 1449 744 1520 Spiritu
786 1462 873 1508 est
902 1454 1040 1521 haec,
1066 1456 1275 1524 accepit
1302 1467 1363 1511 ut
1416 1456 1706 1513 exsisteret
1746 1454 2070 1514 immortalis
2096 1468 2153 1513 et
2187 1460 2510 1519 invisibilis:
2547 1465 2685 1519 adeo
2722 1471 2782 1516 ut
2822 1459 3025 1515 Paulus
3064 1459 3119 1513 in
3184 1458 3357 1528 prima
3398 1456 3466 1511 ad
3511 1454 3817 1511 Corinthios

535 1547 784 1602 scribat:
836 1564 856 1599 ι
883 1546 1020 1611 Quid
1055 1556 1235 1602 autem
1265 1546 1379 1619 (49)
1419 1549 1589 1605 babes
1645 1547 1795 1618 quod
1835 1564 1940 1603 non
1984 1550 2277 1620 accepisti?
2341 1552 2400 1608 Si
2444 1563 2624 1610 autem
2665 1550 2947 1621 accepisti,
2989 1548 3121 1620 quid
3180 1549 3431 1620 gloriaris
3495 1548 3651 1618 quasi
3706 1561 3812 1601 non

536 1638 911 1710 acceperis?»
962 1639 1139 1709 Atque
1178 1640 1250 1696 ob
1303 1641 1445 1697 hanc
1501 1643 1766 1696 rationem
1817 1641 1901 1696 hae
1949 1656 2111 1697 voces
2148 1645 2366 1715 proprie
2394 1660 2461 1702 ne
2485 1645 2815 1702 conveniunt
2838 1641 3055 1713 quidem
3085 1650 3370 1695 creatum.
3449 1638 3600 1707 Quod
3664 1639 3809 1692 enim

536 1734 605 1789 de
639 1748 740 1789 suo
770 1749 875 1789 non
903 1733 1067 1790 habet
1122 1731 1610 1797 immortalitatem,
1647 1733 1887 1802 potentia
1953 1735 2181 1789 mortale
2216 1745 2335 1804 est;
2372 1738 2502 1807 quin
2547 1737 2713 1792 etiam
2745 1742 2943 1807 potest,
2974 1732 3019 1788 si
3071 1731 3213 1787 forte
3250 1729 3482 1785 voluerit
3532 1729 3811 1791 Conditor,

530 1830 829 1900 exstingui,
866 1828 1019 1899 juxta
1082 1829 1157 1896 id,
1189 1829 1335 1900 quod
1381 1828 1434 1883 in
1466 1828 1760 1902 Evangelia
1820 1830 2013 1903 legitur
2046 1850 2060 1887 :
2090 1852 2110 1886 ι
2135 1834 2347 1891 Timete
2368 1835 2481 1908 (50)
2543 1846 2726 1892 autem
2767 1835 2941 1906 magis
2996 1850 3146 1902 eum,
3185 1832 3280 1902 qui
3323 1840 3501 1903 potest
3536 1847 3731 1903 corpus
3759 1838 3815 1887 et

535 1923 774 1978 animam
807 1926 1035 1994 perdere
1070 1923 1125 1979 in
1159 1923 1431 1994 gehenna.
1458 1940 1479 1975 ι

605 2012 743 2071 Cum
780 2016 896 2071 hac
930 2017 1005 2071 ita
1036 2030 1096 2072 se
1136 2016 1391 2081 habeant,
1424 2014 1562 2070 nihil
1597 2014 1871 2084 prohibet,
1910 2018 2121 2087 quomi-

2293 2016 2513 2070 Τούτων
2531 2013 2705 2079 οὕτως
2730 2013 2983 2085 ἐχόντων,
3001 2012 3153 2067 ούδέν
3171 2009 3407 2066 κωλύσει
3429 2009 3567 2082 πρὸς
3589 2009 3812 2063 πλείονα

534 2120 638 2159 nus
697 2104 765 2159 ad
817 2104 1079 2173 majorem
1140 2104 1404 2159 doctrina:
1442 2104 1883 2174 perspicuitatem
1935 2121 2123 2161 unum-

2233 2107 2504 2181 εύμαθίαν
2551 2107 2782 2161 ἕκαστον
2835 2104 3148 2170 ἰδιαζόντως
3191 2102 3590 2173 ἐξεργάσασθαι
3630 2102 3809 2172 ῥητόν.

534 2195 789 2266 quodque
818 2194 1115 2264 capitulum
1156 2194 1508 2263 peculiariter
1543 2209 1957 2265 persequamur.
1990 2194 2123 2253 lllud

2232 2198 2308 2251 Τὸ
2358 2198 2457 2269 μὲν
2483 2192 2608 2260 οῦν,
2647 2215 2667 2249 ι
2719 2194 2811 2267 Τῷ
2844 2195 3057 2266 βασιλεῖ
3088 2193 3199 2248 τῶν
3236 2192 3484 2254 αἰώνων,
3524 2190 3808 2261 ἀφθάρτῳ,

535 2303 708 2359 ergo,
748 2306 768 2340 ι
794 2287 927 2359 Regi
980 2286 1298 2344 saeculorum
1343 2287 1782 2356 incorruptibili,
1830 2287 2131 2354 invisibili,

543 2379 646 2433 soli
705 2378 962 2449 sapienti,
1025 2379 1160 2443 Deo,
1192 2396 1211 2431 ι
1271 2378 1493 2448 scripsit
1555 2377 1779 2443 Paulus,
1840 2388 2132 2449 postquam

537 2470 709 2526 multa
751 2473 903 2542 prius
935 2471 1205 2526 mundana
1248 2482 1602 2528 enarraverat
1646 2473 1699 2527 in
1750 2471 2027 2542 Epistola;
2072 2481 2131 2528 et

537 2563 629 2618 illa
665 2564 846 2618 omnia
878 2563 1193 2634 respiciens,
1230 2579 1352 2635 quae
1378 2565 1676 2629 enarravit,
1710 2580 1775 2619 ea
1809 2565 1971 2620 verba
2004 2566 2133 2620 sub—-

530 2654 750 2724 iunxit,
811 2665 871 2710 ut
945 2654 1294 2710 manifestum
1368 2656 1474 2710 erit
1533 2656 1825 2726 unicuique
1882 2656 2134 2725 Epistolas

536 2762 756 2802 sensum
791 2746 1113 2802 attendenti.
1161 2744 1298 2800 Illud
1342 2761 1491 2812 vero,
1527 2765 1546 2798 ι
1582 2746 1742 2802 Solus
1786 2748 1993 2804 habens
2028 2748 2132 2802 im-

536 2838 920 2893 mortalitatem
941 2876 957 2901 ,
986 2837 1157 2893 lucem
1202 2837 1452 2891 habitans
1488 2838 1918 2894 inaccessibilem
1945 2879 1961 2905 ,
1993 2858 2012 2891 ι
2049 2855 2132 2894 re-

537 2930 650 2986 late
693 2932 760 2986 ad
796 2939 1099 2985 creaturam
1124 2930 1362 3000 scripsit,
1397 2939 1457 2986 ut
1486 2931 1686 2985 dictum
1717 2943 1830 2997 est;
1870 2949 1992 2986 nam
2024 2933 2130 2987 vita

535 3033 765 3086 aeterna,
814 3032 871 3078 et
916 3023 1423 3092 incorruptibilitas,
1466 3032 1549 3078 est
1598 3023 2001 3081 immortalitas.
2054 3026 2133 3081 Ac

536 3115 823 3182 vocabula,
874 3134 895 3167 ι
922 3116 1142 3181 veritas,
1177 3133 1196 3166 ι
1255 3125 1312 3169 et
1364 3116 1696 3186 «sapientia,
1723 3137 1744 3169 ι
1804 3117 2135 3187 ωιιιιίνοιοηι

534 3207 812 3264 vocabulis
847 3226 866 3258 ι
895 3223 1072 3273 verus,
1105 3227 1124 3259 ι
1161 3217 1216 3264 et
1250 3227 1270 3261 ι
1301 3207 1547 3279 sapiens;
1584 3227 1605 3262 ι
1656 3210 1773 3264 haec
1816 3221 1996 3265 autem
2032 3210 2131 3264 ab-

535 3303 711 3356 solute
761 3315 825 3354 ac
861 3300 1183 3369 simpliciter
1224 3310 1352 3354 sunt
1378 3300 1548 3356 solius
1575 3302 1705 3367 Dei;
1743 3299 1941 3356 Filium
1975 3316 2130 3363 vero,

2232 2289 2485 2361 ἀοράτῳ,
2532 2287 2682 2359 μόνῳ
2732 2285 2883 2357 σοφῷ
2929 2284 3049 2356 Θεῷ
3083 2304 3103 2337 ι
3141 2282 3371 2355 ἔγραψε,
3416 2280 3585 2335 πολλά
3624 2280 3812 2351 προδι-

2231 2382 2590 2453 ηγησάμενος
2642 2377 2882 2450 κοσμικά
2926 2379 2985 2430 ἐν
3039 2379 3105 2448 τῇ
3158 2376 3477 2449 Ἐπιστολῇ,
3527 2374 3624 2427 καὶ
3675 2373 3819 2425 κατά

2232 2475 2417 2545 πάσης
2447 2476 2556 2545 τῆς
2604 2473 2909 2544 διηγήσεως
2945 2469 3243 2540 ἐπαγαγὼν
3291 2469 3485 2531 τοῦτο,
3534 2468 3610 2532 ὡς
3659 2466 3812 2520 ἔσται

2234 2568 2405 2637 σαφὲς
2436 2567 2600 2621 παντὶ
2636 2565 2714 2636 τῷ
2743 2566 3066 2635 προσέχοντι
3096 2566 3161 2635 τῆ
3204 2563 3383 2634 ἐννοίᾳ
3421 2562 3521 2633 τῆς
3564 2561 3809 2615 Ἐπιστο-

2233 2659 2351 2730 λῆς.
2385 2659 2461 2712 Τὸ
2500 2659 2579 2725 δὲ,
2631 2677 2651 2712 ι
2705 2657 2884 2721 Μόνος
2926 2656 3067 2727 έχων
3116 2655 3440 2719 ἀθανασίαν,
3481 2652 3597 2723 φῶς
3647 2652 3812 2706 οἰκῶν

2231 2752 2556 2824 ἀπρόσιτον,
2595 2768 2615 2802 ι
2657 2750 2734 2814 ὡς
2769 2749 2908 2821 πρὸς
2936 2750 3036 2819 τὴν
3071 2749 3251 2802 κτίσιν
3294 2747 3609 2811 ἐπέστειλε,
3667 2744 3810 2798 καθά

2181 2906 2184 2912 ι
2232 2842 2470 2915 εἴρηται.
2509 2844 2574 2896 Ἠ
2601 2842 2711 2914 γὰρ
2740 2841 2961 2904 αἰώνιος
2991 2840 3127 2912 ζωὴ,
3161 2840 3257 2893 καὶ
3288 2841 3323 2910 ἡ
3353 2838 3654 2909 ἀφθαρσία,
3683 2837 3814 2890 ἀθα-

2236 2935 2399 2990 νασία
2454 2933 2571 2987 ἐστί
2596 2951 2611 2965 ι
2640 2933 2736 2988 καὶ
2765 2934 2799 3004 ἡ
2836 2952 2855 2984 ι
2886 2931 3133 3003 ἀλήθεια,
3170 2950 3190 2983 ι
3228 2931 3324 2985 καὶ
3359 2948 3380 2982 ι
3419 2929 3582 2999 σοφία
3618 2947 3636 2978 ι
3669 2927 3814 2992 λέξις

2238 3027 2555 3095 ίσοδυναμεῖ
2585 3024 2662 3096 τῷ
2703 3043 2723 3077 ι
2766 3022 3010 3096 ἀληθινῷ
3049 3042 3069 3076 ι
3104 3023 3201 3077 καὶ
3238 3040 3259 3074 ι
3308 3021 3459 3092 σοφῷ
3498 3041 3517 3074 ι
3571 3021 3812 3092 ρήματι’

2233 3117 2489 3185 καθάπαξ
2537 3118 2594 3170 δὲ
2618 3116 2794 3171 ταῦτά
2821 3118 2940 3170 ἐστι
2975 3115 3137 3187 μόνου
3198 3112 3336 3167 Θεοῦ
3356 3130 3369 3143 ·
3401 3113 3811 3184 μεμαρτύρηται

2231 3211 2291 3265 δὲ
2326 3210 2501 3264 ταῦτα
2536 3205 2677 3263 εἶναι
2705 3210 2733 3263 ὁ
2768 3208 2899 3272 Υἱὸς
2930 3208 3026 3273 καὶ
3049 3208 3110 3261 τὸ
3141 3206 3296 3275 ἆγιον
3327 3205 3575 3276 Πνεῦμα.
3607 3202 3711 3257 Καὶ
3738 3205 3809 3269 εί,

2235 3301 2425 3373 ὥσπερ
2473 3302 2504 3354 ὁ
2542 3300 2735 3373 Πατὴρ
2778 3300 3131 3371 δημιουργεῖ,
3172 3296 3407 3367 ἁγιάζει,
3455 3296 3656 3349 δικαιοῖ
3719 3312 3813 3348 και

532 3404 588 3449 et
620 3393 880 3463 Spiritum
912 3402 1159 3446 sanctum
1200 3391 1319 3446 haec
1346 3406 1488 3457 esse,
1525 3393 1851 3461 sapientiam
1904 3407 2123 3463 nempe,

2234 3395 2474 3449 θεοποιεϊ
2513 3395 2644 3460 τοὺς
2673 3394 2815 3467 πρὸς
2843 3392 2938 3457 οὓς
2969 3393 3201 3462 γίνεται,
3233 3391 3322 3444 τὸν
3355 3390 3469 3443 ἴσον
3493 3389 3692 3460 τρόπον
3716 3388 3812 3441 καὶ

532 3503 597 3540 ac
616 3486 925 3549 veritatem,
949 3492 1216 3537 testantur
1246 3482 1566 3553 Scriptum.
1585 3484 1664 3538 Ac
1687 3485 1756 3547 si,
1778 3486 2135 3554 quemadmo-

533 3580 661 3631 dum
715 3574 875 3628 Pater
914 3583 1086 3636 creat,
1141 3572 1471 3639 sanctiﬁcat,
1509 3572 1772 3642 justiﬁcat
1818 3583 1875 3626 et
1916 3574 2134 3628 dcilicat

533 3682 628 3721 eos
692 3666 760 3720 ad
794 3680 932 3733 quos
966 3666 1134 3727 venit,
1169 3663 1361 3718 eodem
1402 3666 1561 3720 modo
1589 3664 1756 3719 etiam
1786 3662 2129 3738 Unigenitus,

532 3770 588 3815 et
625 3757 861 3827 Spiritus
902 3755 995 3809 Dei
1029 3758 1142 3809 haec
1188 3753 1354 3819 facit;
1395 3755 1613 3825 proprie
1643 3770 1776 3826 ergo
1816 3770 1937 3811 cum
1966 3754 2130 3820 Filio,

533 3860 646 3905 tum
679 3851 903 3920 Spiritui
935 3848 1028 3904 Dei
1073 3848 1400 3903 convenient
1444 3848 1668 3902 nomina
1696 3848 1811 3914 illa,
1846 3865 1867 3900 ι
1901 3848 2071 3917 solus,
2103 3868 2124 3902 ι

531 3956 589 4001 et
624 3966 643 3996 ι
669 3962 850 4008 verus,
876 3963 895 3995 ι
930 3954 985 3997 et
1028 3962 1048 3994 ι
1072 3942 1314 4011 sapiens,
1348 3960 1368 3993 ι
1421 3954 1478 3997 et
1522 3961 1542 3995 ι
1568 3942 1859 3998 invisibilis
1900 3942 2067 4009 Deus,
2103 3962 2124 3996 ι

531 4050 588 4094 et
621 4058 640 4089 ι
664 4038 813 4093 solus
842 4037 1047 4091 habens
1086 4034 1573 4101 immortalitatem,
1610 4053 1629 4087 ι
1674 4037 1944 4106 quomodo
1990 4052 2118 4092 con-

535 4130 765 4185 veniunt
795 4126 946 4183 Patri
973 4144 988 4180 :
1025 4125 1304 4195 similique
1344 4126 1557 4180 ratione
1589 4127 1691 4196 ipsi
1720 4128 2009 4182 conveniet
2041 4128 2126 4182 lo-

531 4235 629 4277 eus
684 4222 847 4291 etiam
896 4221 1227 4290 Scriptum,
1283 4218 1335 4272 in
1391 4233 1503 4290 quo
1536 4218 1701 4290 372
1742 4219 1808 4274 de
1835 4217 2127 4289 Uuigenito

530 4314 771 4367 dicitur:
812 4329 831 4363 ι
871 4309 971 4365 llic
1017 4318 1100 4364 est
1131 4307 1244 4379 (51)
1278 4308 1423 4365 Deus
1461 4319 1667 4373 noster,
1707 4324 1813 4363 non
1846 4312 2125 4381 reputabi-

531 4414 621 4459 tur
654 4404 795 4457 alter
826 4402 878 4456 iu
920 4402 1333 4472 comparatione
1364 4402 1529 4458 illius.
1566 4421 1586 4454 ι
1623 4401 1833 4469 Quibus
1862 4403 2006 4457 enim
2038 4420 2125 4459 re-

534 4495 658 4559 bus,
678 4501 736 4546 ut
760 4492 831 4546 ita
860 4491 1072 4560 loquar,
1087 4491 1252 4546 Pater
1282 4490 1465 4545 diﬂ'ert
1491 4506 1520 4544 a
1555 4500 1828 4556 creatura,
1859 4491 1926 4547 iis
1947 4495 2124 4547 omni-

531 4585 631 4638 bus
672 4584 836 4638 etiam
882 4583 1082 4652 Filius,
1129 4590 1187 4640 et
1238 4581 1474 4652 Spiritus
1512 4582 1608 4637 Dei
1653 4582 1909 4638 similiter
1945 4583 2015 4639 ab
2058 4598 2120 4638 ea

530 4674 732 4729 differt.
776 4675 913 4731 Nam
954 4674 1227 4746 quomodo
1256 4674 1406 4730 solus
1427 4673 1592 4728 Pater
1619 4688 1681 4727 ea
1713 4689 1834 4743 quae
1859 4674 2115 4738 diximus,

527 4767 735 4821 habere
759 4767 981 4836 potest?
1009 4768 1058 4822 si
1084 4782 1212 4823 vera
1239 4773 1511 4835 suntquae
1537 4764 1606 4820 de
1641 4764 1803 4828 Filio,
1836 4776 1890 4820 et
1912 4764 2117 4835 Spiritu

532 4866 722 4910 sant-to
753 4858 831 4910 ait
862 4857 1167 4926 Scriptura,
1197 4871 1262 4911 ac
1288 4856 1332 4912 si
1363 4870 1551 4912 verum
1593 4864 1679 4911 est
1706 4854 1839 4910 illud
1869 4873 1883 4910 :
1919 4874 1939 4908 ι
1970 4857 2123 4912 Sicut

532 4943 697 4998 Pater
724 4945 889 4999 vitam
930 4946 1114 5012 habet,
1162 4946 1243 5001 sic
1280 4946 1430 5002 dedit
1462 4946 1603 5001 Filio
1631 4946 1799 5001 vitam
1839 4948 2059 5012 habere,
2093 4967 2113 5000 ι

533 5044 591 5088 ιιι
619 5035 854 5105 capitulo
897 5036 1064 5091 etiam
1105 5039 1355 5105 proxime
1399 5037 1645 5105 sequenti
1678 5038 1939 5093 dicemus.
1986 5039 2119 5096 Illud

532 5140 681 5189 vero,
732 5144 753 5178 ι
788 5125 856 5181 Ut
892 5138 1220 5198 cognoscant
1268 5138 1322 5183 te
1365 5127 1541 5184 solum
1587 5142 1778 5183 verum
1825 5131 2017 5194 Deum,
2060 5139 2116 5185 et

529 5229 689 5284 quem
748 5215 940 5270 misisti
997 5214 1181 5271 Iesum
1235 5216 1551 5284 Christum,
1609 5237 1629 5270 ι
1693 5219 1888 5274 Filium
1949 5221 2111 5276 simul

527 5306 956 5378 comprehendit,
982 5316 1038 5363 et
1073 5308 1338 5377 aequalem
1374 5309 1614 5366 ostendit
1639 5309 1808 5376 Patri,
1840 5324 1964 5366 cum
2002 5326 2111 5380 quo

2232 3487 2262 3543 ὁ
2298 3481 2636 3558 Μονογενὴς,
2681 3486 2778 3539 καὶ
2820 3485 2887 3538 τὸ
2911 3482 3138 3556 Πνεῦμα
3178 3483 3275 3537 τοῦ
3308 3480 3444 3535 Θεοῦ
3491 3482 3667 3534 ποιεῖ·
3713 3496 3812 3533 κυ-

2236 3579 2368 3652 ρίως
2406 3579 2515 3650 ἀρα
2544 3576 2622 3650 τῷ
2652 3595 2713 3631 τε
2747 3576 2882 3648 Υίῷ,
2928 3575 3007 3648 τῷ
3035 3591 3099 3629 τε
3128 3572 3406 3645 Πνεύματι
3433 3571 3528 3625 τοῦ
3565 3569 3700 3624 Θεοῦ
3728 3569 3809 3635 τὸ,

2236 3687 2257 3721 ι
2298 3667 2480 3738 μόνος,
2523 3685 2541 3718 ι
2594 3668 2689 3720 καὶ
2738 3685 2758 3719 ι
2814 3666 3088 3737 ἀληθινὸς,
3150 3683 3170 3717 ι
3219 3665 3317 3717 καὶ
3368 3682 3390 3715 ι
3441 3661 3624 3730 σοφὸς,
3662 3679 3681 3711 ι
3715 3661 3811 3714 καὶ

2237 3779 2258 3813 ‹
2292 3762 2526 3831 ἀόρατος
2561 3760 2733 3826 Θεὸς,
2773 3777 2793 3812 ι
2838 3759 2935 3812 καὶ
2977 3777 2996 3810 ι
3036 3757 3195 3828 μόνος
3236 3755 3376 3827 ἔχων
3418 3752 3745 3815 ἀθανασίαν,
3781 3770 3803 3803 ι

2228 3853 2305 3916 ὡς
2339 3850 2418 3922 τῷ
2455 3852 2631 3923 Πατρὶ
2657 3849 2993 3922 ἐφαρμόσει·
3026 3846 3277 3919 καθάπερ
3304 3845 3399 3899 καὶ
3424 3844 3572 3915 αὐτῷ
3610 3842 3809 3917 πρέψει

2230 3946 2264 4015 ή
2304 3945 2437 4016 περὶ
2468 3942 2564 3996 τοῦ
2603 3942 2943 4011 Μονογενοῦς
2987 3940 3222 4010 λέγουσα
3249 3938 3473 4010 Γραφή·
3509 3956 3528 3988 ι
3578 3929 3746 3997 (lino;
3777 3937 3806 3988 ό

2240 4038 2374 4102 Θεὸς
2434 4037 2623 4109 ήμῶν
2667 4038 2728 4090 ού
2768 4035 3155 4107 λογισθήσεται
3190 4034 3374 4104 ἐτερος
3415 4031 3552 4105 πρὸς
3588 4029 3713 4102 [177
3751 4028 3806 4101 b]

2226 4131 2409 4184 αὐτόν.
2447 4148 2466 4181 ι
2507 4131 2680 4183 Πᾶσιν
2708 4129 2841 4200 γὰρ,
2874 4128 2941 4182 ἵν’
2984 4126 3160 4190 οὕτως
3191 4125 3408 4197 φράσω,
3439 4120 3520 4186 οἷς
3544 4123 3574 4175 ό
3616 4122 3804 4192 Πατὴρ

2225 4224 2325 4294 τῆς
2353 4222 2584 4286 κτίσεως
2626 4221 2897 4293 διαφέρει,
2936 4219 3033 4274 καὶ
3063 4221 3093 4273 ὁ
3130 4218 3281 4283 Υἱὸς,
3326 4216 3423 4271 καὶ
3453 4215 3516 4269 τὸ
3580 4213 3805 4284 Πνεῦμα

2224 4313 2319 4368 τοῦ
2360 4313 2498 4368 Θεοῦ
2537 4314 2740 4385 ὁμοίως
2784 4312 3049 4384 διαφέρει.
3095 4310 3222 4374 Πῶς
3260 4309 3372 4380 γὰρ
3418 4305 3602 4360 λοιπὸν
3648 4305 3805 4376 μόνος

2227 4405 2342 4476 ἔχει
2371 4404 2442 4459 τά
2480 4403 2848 4476 προλεχθέντα
2881 4405 2910 4457 ὁ
2950 4402 3163 4473 Πατὴρ,
3204 4401 3255 4453 εί
3296 4397 3551 4467 ἀληθεύει
3574 4396 3642 4450 τὰ
3676 4396 3804 4467 περὶ

2223 4496 2318 4550 τοῦ
2348 4495 2482 4549 Υίοῦ
2507 4497 2604 4549 καὶ
2627 4494 2720 4549 τοῦ
2764 4495 2922 4564 ἀγίου
2947 4492 3266 4563 Πνεύματος
3288 4487 3672 4561 γεγραμμένα,
3708 4487 3805 4540 καὶ

2220 4588 2304 4652 τὸ,
2337 4607 2357 4641 ι
2397 4590 2607 4660 Ὥσπερ
2651 4590 2681 4642 ό
2721 4587 2912 4658 Πατὴρ
2945 4584 3091 4657 ζωὴν
3119 4584 3255 4655 ἔχει,
3320 4583 3493 4646 οὕτως
3531 4581 3697 4635 ἔδωκε
3723 4578 3803 4651 τῷ

2229 4679 2347 4751 Υἱῷ
2376 4678 2523 4750 ζωὴν
2554 4680 2723 4751 ἔχειν,
2755 4698 2775 4732 ι
2806 4678 2882 4742 ὡς
2913 4677 3010 4732 καὶ
3034 4676 3097 4730 τὸ
3128 4674 3397 4746 προσεχὲς
3421 4672 3599 4743 τούτῳ
3631 4671 3804 4740 κεφά-

2220 4773 2370 4828 λαιον
2405 4772 2699 4838 ἐπιδείξεις
2730 4772 2806 4826 Τὸ
2848 4770 2929 4838 δὲ,
2999 4787 3019 4822 ι
3068 4769 3191 4824 Ἵνα
3232 4766 3543 4837 γινώσκωσί
3580 4782 3661 4832 σε,
3708 4763 3806 4817 τὸν

2221 4865 2383 4935 μόνον
2434 4863 2687 4935 ἀληθινὸν
2740 4862 2897 4927 Θεὸν,
2940 4861 3037 4914 κα)⁸
3088 4859 3148 4913 ὃν
3209 4857 3536 4921 ἀπέστειλας
3591 4852 3803 4926 Ἰησοῦν

2215 4953 2474 5025 Χριστὸν,
2514 4973 2533 5004 ι
2571 4950 2931 5024 ωμπεριέχει
2959 4949 3175 5004 καὶτὸν
3211 4948 3360 5011 Υἱὸν,
3399 4948 3496 5001 καὶ
3527 4946 3801 4999 δείκνυσιν

2219 5045 2333 5098 ἴσον
2378 5043 2456 5116 τῷ
2503 5045 2715 5116 Πατρὶ,
2764 5043 2882 5114 μεθ’
2932 5036 2993 5096 οὗ
3053 5044 3255 5095 νοεῖται
3300 5038 3397 5092 καὶ
3446 5038 3509 5092 τὺ
3570 5036 3798 5108 Πνεῦμα

2215 5135 2401 5190 αὐτοῦ.
2456 5137 2521 5190 Ἥ
2566 5136 2625 5189 δὲ
2672 5135 2946 5206 ἀποστολὴ
2987 5133 3085 5204 τὴν
3135 5132 3449 5203 οἰκονομίαν
3509 5129 3678 5202 δηλοῖ.
3730 5129 3794 5182 Ἡ

2215 5229 2294 5294 δὲ,
2343 5249 2362 5281 ι
2408 5227 2549 5298 Ἐγὼ
2570 5226 2813 5293 ἐξέτεινα
2849 5227 2941 5280 τὸν
2965 5226 3194 5298 οὐρανὸν
3225 5225 3404 5297 μόνος,
3445 5242 3465 5275 ›
3493 5223 3666 5294 φωνὴ,
3695 5222 3792 5274 οὐκ

2216 5320 2334 5374 ἐστι
2372 5320 2467 5374 τοῦ
2530 5320 2764 5392 Πατρός.
2805 5320 2960 5373 Ἐπεὶ
3009 5318 3129 5382 πῶς
3158 5317 3353 5388 άληθες
3386 5314 3448 5369 τὸ
3485 5315 3662 5370 πάντα
3704 5312 3791 5367 διὰ

598 5439 867 5520 (47)-βοιί
914 5440 1296 5520 ξαριεηιίκιη-
1338 5441 1478 5520 libro
1529 5440 1606 5520 De
1659 5440 1864 5520 Spiritu
1921 5454 2101 5520 sancto
2212 5462 2505 5520 sapientes.

527 5526 654 5567 num
705 5512 798 5577 21,
835 5513 1025 5566 eodem
1081 5514 1241 5567 modo
1284 5514 1399 5566 haec
1432 5512 1583 5566 Pauli
1622 5514 1784 5565 verba
1816 5514 2050 5580 explicat
2080 5531 2097 5570 :

528 5584 606 5635 ait
637 5582 781 5652 enim
819 5595 835 5635 :
870 5582 1010 5637 Deus
1041 5596 1173 5637 vero
1207 5598 1315 5636 non
1353 5583 1575 5637 alterius
1613 5583 1891 5652 sapientia:
1930 5585 2102 5652 parti-

524 5651 814 5722 cipatione,
870 5666 1048 5722 neque
1102 5653 1317 5707 aliunde
1357 5653 1574 5720 sapiens
1621 5651 1880 5715 effectus,
1925 5651 2104 5708 dictus

525 5732 608 5775 est
633 5739 665 5794 Δι
701 5720 1135 5794 Solussapiens,
1170 5742 1189 5775 ι
1225 5732 1281 5789 et
1317 5722 1548 5794 (rectius
1577 5724 1743 5775 codex
1765 5730 1962 5794 noster
1989 5739 2101 5794 pro

526 5802 584 5846 et
622 5789 771 5846 habet
804 5792 898 5850 sed
922 5793 942 5864 )
967 5789 1233 5864 generans
1259 5789 1601 5865 sapientiam,
1642 5804 1694 5850 et
1726 5792 1858 5849 alios
1893 5789 2099 5850 iaciens

2280 5516 2393 5587 (48)
2435 5520 2766 5576 Omnimode.
2804 5519 2982 5574 Codex
3004 5561 3019 5582 ,
3048 5520 3233 5574 παντί.
3270 5517 3480 5583 Malim,
3507 5516 3723 5588 nam.

2280 5591 2394 5659 (49)
2436 5590 2575 5654 Quid
2610 5601 2806 5643 autem.
2841 5591 2856 5643 Ι
2889 5590 3013 5644 Cor.
3044 5606 3120 5657 ιν,
3147 5590 3202 5645 7.

2304 5661 2393 5727 50)
2434 5660 2651 5713 Timete.
2690 5660 2880 5714 Matth.
2913 5676 2966 5723 ι,
2996 5662 3089 5715 28.

2304 5668 2393 5727 50)
2434 5668 2651 5713 Timete.
2690 5668 2880 5714 Matth.
2913 5676 2966 5723 ι,
2996 5668 3089 5715 28.

2280 5668 2395 5801 ὶῦι)
2436 5728 2541 5785 Hic
2572 5741 2670 5786 est.
2701 5731 2934 5797 Baruclt,
2967 5746 3050 5797 ιιι,
3079 5729 3169 5785 36.
