4056 6400
374 360 482 417 869

1445 360 1532 414 DE
1572 360 1950 416 TRININATE
1991 359 2194 414 LIBER
2236 360 2558 421 TERTIUS.

3535 373 3643 429 870

373 481 473 534 τοῦ
513 478 647 533 Υίοῦ
702 479 1061 550 γεγενῆσθαι;
1096 479 1168 532 "lI
1201 478 1497 548 γνώτωσαν
1541 483 1635 534 καὶ
1684 483 1813 554 περὶ
1864 481 1952 534 τοῦ

2064 481 2489 551 subintelligitur
2534 491 2699 539 etiam
2740 486 2906 554 ipsius
2947 487 3199 556 Spiritus.
3238 489 3424 544 Missio
3458 505 3638 547 autem

379 571 512 625 Υίοῦ
541 572 899 642 ὁμοιότροπον
917 571 981 625 ἐν
1005 570 1083 641 τῷ
1123 571 1244 624 Ἰὼϐ
1285 573 1636 642 προφητικῶς
1669 574 1952 644 εἰρῆσθαι·

383 681 406 713 ι
463 663 522 714 Ὅ
567 662 809 726 τανύσας
835 661 941 715 ’τὸν
987 661 1217 732 οὐρανὸν
1265 663 1456 733 μόνος,
1498 664 1591 716 καὶ
1642 664 1960 734 περιπατῶν

376 751 455 816 ὡς
499 753 592 806 ἐπὶ
642 753 872 822 ἐδάφους
923 753 1018 806 ἐπὶ
1062 752 1358 821 Θαλάσσης.
1411 771 1431 805 ι
1485 753 1658 816 Αὐτὸς
1703 754 1834 824 γὰρ,
1886 757 1962 817 ὠς

381 845 549 896 πᾶσιν
599 842 942 914 καταφανὲς,
987 843 1074 896 ἀεὶ
1107 842 1243 913 μὲν,
1285 843 1383 914 οὐχ
1434 843 1636 913 ἥκιστα
1679 843 1736 896 δὲ
1785 846 1843 897 ἐν
1894 846 1961 916 τῇ

380 936 793 1007 ὲνανθρωπήσει
841 933 1380 1006 έθαυματούργησεν,
1426 935 1521 987 κα)⁹
1559 934 1636 998 ὡς
1686 935 1745 986 ἐν
1794 935 1962 988 πεδίω

380 1026 631 1079 ὲϐάδισεν
659 1026 754 1078 ὲπὶ
785 1025 884 1096 τῆς
909 1025 1104 1094 ὑγρᾶς.

2067 574 2498 630 Incarnationem
2547 577 2836 647 signiticat.
2873 580 3100 635 Demum
3132 585 3294 636 verba
3325 584 3434 648 illa,
3471 603 3488 633 ι
3531 585 3640 652 Ego

2060 666 2276 718 extendi
2323 658 2518 721 coelum
2565 669 2732 734 solus,
2762 689 2782 721 ι
2817 685 2920 724 non
2960 683 3088 726 sunt
3136 672 3356 728 Patris:
3401 677 3641 745 alioquin

2061 758 2329 823 quomodo
2352 759 2674 830 verum(52)
2705 762 2826 823 erit,
2863 779 2882 812 ι
2913 763 3096 817 omnia
3132 779 3227 832 per
3270 763 3464 818 Filium
3501 767 3644 820 facta

2060 845 2216 900 esse?
2237 865 2255 898 ι
2291 849 2396 901 Aut
2416 848 2525 918 (55)
2542 850 2702 904 etiam
2728 853 2793 906 de
2821 850 2962 907 Filio
2989 853 3242 909 similiter
3273 855 3324 908 in
3350 853 3487 909 Jobo
3517 869 3646 924 pro-

2062 939 2274 1008 plietice
2297 938 2497 993 dictum
2532 955 2655 995 esse
2680 943 2859 997 norint
2885 960 2899 997 :
2934 961 2954 994 ‹
2984 943 3087 1010 Qui
3119 947 3493 1018 extendit(54)
3531 961 3647 1006 cce--

2065 1028 2175 1080 lum
2211 1029 2379 1096 solus,
2410 1040 2463 1084 et
2492 1031 2731 1086 ambulat
2765 1033 2817 1086 in
2849 1035 2986 1088 mari
3013 1036 3161 1091 velut
3187 1037 3238 1091 in
3269 1039 3606 1106 pavimento.
3627 1055 3639 1070 π

382 1120 500 1188 Ipse
527 1119 693 1184 enim,
729 1128 787 1174 ut
813 1119 1067 1172 omnibus
1098 1116 1444 1173 manifestum
1507 1125 1613 1182 est,
1675 1131 1892 1188 semper
1954 1121 2194 1190 quidem,
2226 1125 2321 1181 sed
2363 1126 2598 1182 maxime
2636 1128 2689 1182 in
2723 1125 3096 1186 lncarnatione
3145 1131 3413 1188 mirabilia
3450 1147 3614 1204 Opera

385 1223 470 1268 tus
496 1223 598 1278 est,
629 1222 683 1268 et
711 1213 765 1267 in
804 1225 943 1281 aqua
975 1210 1119 1265 velut
1152 1212 1205 1265 in
1245 1210 1470 1281 planitie
1504 1211 1820 1268 ambulavit.

452 1332 829 1403 Μαρτυρεῖται
846 1330 904 1384 δὲ
928 1331 1024 1384 καὶ
1044 1329 1138 1383 ἐπὶ
1161 1333 1277 1393 τοῖς
1301 1329 1483 1393 ἄλλοις
1505 1332 1620 1394 τοῖς
1651 1347 1958 1401 μνημονευ-

381 1419 554 1474 θεῖσιν
583 1420 612 1472 6
634 1419 790 1484 .Υίὸς,
814 1419 908 1471 καὶ
934 1418 995 1471 τὸ
1019 1418 1173 1486 ἅγιον
1203 1418 1430 1488 Πνεῦμα
1456 1417 1652 1482 οὕτως.
1695 1419 1832 1489 Περὶ
1860 1418 1959 1490 μό-

381 1529 476 1565 νου
511 1512 609 1582 μὲν
643 1509 897 1582 ἀληθινοῦ
930 1510 1088 1575 Θεοῦ,
1123 1510 1199 1574 ὡς
1234 1510 1399 1582 ⁴ἡνίκα
1426 1510 1557 1580 περὶ
1582 1510 1680 1580 μὲν
1706 1509 1800 1564 τοῦ
1827 1509 1960 1564 Υἱοῦ

2129 1331 2238 1388 Sed
2268 1342 2466 1402 przeter
2500 1348 2562 1389 ea
2613 1349 2734 1403 qua:
2775 1346 3198 1390 commemorata
3237 1346 3388 1403 sunt,
3428 1338 3533 1392 alia
3575 1339 3645 1395 de

2057 1422 2195 1478 Filio
2245 1432 2301 1479 et
2346 1424 2548 1493 Spiritu
2588 1435 2781 1481 sancto
2817 1427 3123 1483 testimonia
3163 1429 3286 1484 addi
3332 1444 3558 1499 possunt
3588 1434 3641 1488 in

2057 1515 2206 1569 hunc
2242 1519 2486 1569 modum.
2521 1517 2596 1572 De
2640 1517 2755 1572 solo
2796 1517 3013 1586 quidem
3067 1533 3200 1573 vero
3247 1519 3379 1583 Deo,
3416 1531 3476 1575 ut
3514 1538 3636 1578 cum

395 1603 648 1672 Ἰωάννης
679 1603 815 1672 αὐτῇ
847 1601 990 1668 λέξει
1021 1599 1273 1670 ἀληθινὸν
1304 1601 1437 1653 Θεὸν
1475 1600 1636 1655 αὑτὸν
1661 1595 1821 1663 εἶναι,
1863 1601 1952 1654 καὶ

2059 1605 2254 1661 Filium
2280 1606 2517 1662 Joannes
2542 1623 2663 1663 esse
2690 1609 3002 1679 pronuntiat
3030 1611 3118 1665 his
3155 1611 3288 1680 ipsis
3330 1611 3511 1667 verbis
3546 1628 3639 1668 ve-

385 1695 646 1765 μονογενῆ
682 1693 814 1747 Θεὸν
849 1692 1251 1762 άναφθέγγεται
1271 1708 1287 1722 ο
1337 1691 1538 1755 Ἰούδας
1569 1691 1728 1762 μόνον
1754 1692 1958 1745 Δεσπό-

379 1801 480 1855 την
505 1783 692 1843 καλεῖ’
739 1784 834 1838 καὶ
858 1785 887 1838 6
914 1783 1205 1854 προφήτης
1251 1781 1402 1850 λέγει
1424 1799 1438 1812 ο
1482 1801 1500 1835 ι
1533 1783 1606 1836 Σὺ
1633 1779 1684 1835 εἶ
1713 1784 1742 1836 6
1773 1783 1905 1848 Θεὸς
1928 1784 1958 1838 6

383 1875 555 1930 ποιῶν
595 1875 906 1946 θαυμάσια,
948 1876 1014 1928 σὺ
1053 1869 1105 1927 εἶ
1149 1874 1309 1946 μόνος
1351 1873 1486 1938 Θεὸς
1530 1875 1707 1946 μέγας
1731 1893 1745 1906 ”
1795 1895 1814 1929 ι
1860 1876 1958 1929 καὶ¹

381 1965 612 2038 ἑτέρωθι
631 1981 645 1995 α
684 1983 704 2016 ι
738 1961 832 2028 Εἷς
858 1965 1033 2033 άγιος,
1061 1958 1142 2027 εἷς
1166 1963 1372 2033 Κύριος
1408 1963 1618 2036 Ἰησοῦς
1644 1965 1898 2035 Χριστός.
1930 1984 1950 2018 ι

383 2057 516 2128 Περὶ
547 2056 603 2109 δὲ
629 2055 723 2110 τοῦ
742 2055 896 2125 ἁγίου
925 2056 1264 2128 Πνεύματος,
1287 2056 1362 2118 ὡς
1381 2055 1508 2110 ὅταν
1535 2055 1766 2122 Παῦλος,
1782 2058 1810 2108 6
1836 2073 1960 2110 συν-

379 2149 550 2210 ἐσεως
571 2147 808 2219 πλήρης,
852 2147 1080 2219 Πνεῦμα
1106 2148 1202 2201 τοῦ
1234 2148 1369 2202 Θεοῦ
1411 2149 1508 2203 καὶ
1535 2149 1770 2220 Πατρὸς,
1815 2148 1958 2203 καθά

387 2241 514 2312 ἡμῖν
537 2238 599 2293 τὸ
624 2238 781 2310 ἡμῶν
812 2239 1054 2310 πνεῦμα,
1080 2235 1219 2294 εἶναι
1242 2239 1371 2312 [178
1403 2239 1460 2312 a]
1504 2240 1637 2294 αὐτὸ
1667 2244 1952 2311 μαρτυρεῖ.

380 2332 491 2384 Kal.
535 2331 696 2385 πάλιν
736 2331 972 2402 γράφειο
1017 2349 1036 2384 ι
1085 2331 1271 2385 Ταῦτα
1319 2332 1496 2386 πάντα
1543 2333 1755 2403 ἐνεργεῖ
1795 2331 1857 2383 τὸ
1899 2331 1957 2384 ἒν

379 2424 476 2476 καὶ
514 2423 576 2476 τὸ
622 2423 754 2476 αὐτὸ
797 2421 1043 2493 Πνεῦμα,
1082 2422 1324 2494 διαιροῦν
1361 2424 1466 2494 ίδίςξ⁴
1497 2423 1734 2495 ἑκάστῳ,
1772 2423 1957 2488 καθὼς

380 2516 653 2586 βούλεται.
690 2535 709 2568 ι
738 2517 875 2587 Περὶ
907 2517 1002 2586 μὲν
1027 2516 1238 2586 σοφίας,
1274 2517 1350 2580 ὡς
1375 2515 1541 2588 ἡνίκα
1575 2515 1705 2587 περὶ
1733 2515 1832 2584 μὲν
1855 2516 1949 2568 τοῦ

381 2607 513 2660 Υίοῦ
558 2608 587 2659 6
629 2607 1020 2677 μνημονευθεὶς
1071 2607 1399 2679 σεμνότατος
1444 2606 1649 2678 γράφει
1703 2606 1951 2670 Παῦλοςο

385 2716 405 2750 ι
452 2699 687 2768 Χριστὸν
724 2697 856 2751 Θεὸν
897 2698 1150 2768 δύναμιν,
1193 2699 1288 2752 καὶ
1315 2696 1449 2753 Θεοῦ
1501 2697 1721 2767 σοφίαν·
1771 2717 1789 2750 ι
1833 2699 1952 2764 καὶ,

390 2793 480 2847 Ἐν
529 2812 574 2863 ῳ
620 2796 726 2847 είσι
769 2794 970 2859 πάντες
1017 2797 1067 2849 οἱ
1117 2793 1381 2865 θησαυροὶ
1441 2792 1540 2863 τῆς
1596 2793 1788 2859 σοφίας
1857 2794 1952 2846 καὶ

377 2883 632 2952 γνώσεως
710 2886 1036 2957 ἀπόκρυφοι.
1063 2903 1082 2937 ι
1146 2885 1256 2938 Καὶ
1314 2882 1476 2936 Δαυῒδ
1537 2882 1757 2952 ψάλλειο
1805 2900 1824 2934 ι
1864 2884 1952 2947 Ὠς

2059 1712 2178 1750 rum
2249 1697 2417 1751 Deum
2463 1697 2578 1769 (55)
2635 1707 2691 1753 et
2761 1699 3095 1768 unigenitum
3147 1699 3314 1754 Deum
3373 1700 3519 1771 (56);
3571 1717 3638 1757 ac

2056 1785 2224 1842 Judas
2269 1787 2386 1860 (5'7)
2437 1804 2558 1842 eum
2609 1801 2768 1846 vocat
2825 1793 2994 1846 solum
3035 1791 3356 1859 Dominum;
3409 1803 3466 1848 et
3499 1792 3634 1849 Pro-

2057 1881 2219 1948 pheta
2248 1877 2460 1947 inquit:
2502 1896 2520 1930 ι
2556 1878 2635 1932 Tu
2685 1893 2743 1934 es
2766 1879 2878 1949 (58)
2923 1878 3064 1934 Deus
3097 1879 3306 1937 faciens
3347 1883 3637 1942 mirabilia.

2057 1964 2134 2018 Tu
2165 1979 2224 2020 es
2255 1965 2400 2020 solus
2440 1963 2584 2020 Deus
2633 1981 2896 2036 magnus;
2933 1985 2952 2018 ›
2985 1977 3041 2022 ει
3068 1968 3195 2023 alibi
3227 1987 3240 2023 :
3287 1987 3306 2020 ι
3342 1967 3495 2026 Unus
3519 1970 3636 2042 (59)

2056 2067 2302 2121 sanctus,
2329 2072 2469 2112 unus
2500 2057 2758 2113 Dominus
2782 2057 2938 2114 Jesus
2966 2060 3237 2116 Christus.
3280 2079 3299 2112 ι
3330 2062 3404 2117 De
3429 2061 3636 2132 Spiritu

2056 2159 2233 2202 autem
2258 2159 2448 2203 saneto
2482 2167 2494 2202 :
2525 2159 2581 2204 ut
2628 2165 2752 2204 cum
2803 2149 2999 2204 Paulus
3038 2151 3409 2220 intelligentia).
3445 2153 3637 2222 plenus

2059 2238 2321 2308 Spiritum
2352 2239 2447 2293 Dei
2477 2249 2530 2292 et
2562 2239 2741 2294 Patris
2775 2243 2847 2293 ita
2890 2241 3064 2294 eidem
3086 2240 3195 2311 (60)
3220 2257 3340 2297 esse
3382 2252 3635 2307 testatur,

2055 2332 2196 2385 sicut
2230 2331 2387 2385 nobis
2422 2343 2609 2386 noster
2632 2342 2714 2386 est
2744 2331 3010 2401 spiritus;
3047 2344 3243 2394 etcum
3281 2351 3468 2391 rursus
3500 2339 3636 2392 seri-

2055 2423 2164 2477 bit:
2193 2441 2212 2472 ι
2243 2422 2367 2478 Haec
2390 2425 2567 2476 omnia
2588 2423 2698 2493 (61)
2719 2435 3127 2492 operaturunus
3150 2435 3206 2480 et
3225 2427 3360 2480 idem
3382 2428 3635 2498 Spiritus,

2055 2515 2297 2569 dividens
2323 2529 2567 2569 seorsum
2606 2516 2913 2584 unicuique,
2952 2525 3110 2585 prout
3142 2518 3272 2573 vult.
3301 2538 3320 2571 ›
3357 2519 3421 2574 Ει
3452 2521 3517 2576 ι1ε
3532 2522 3641 2573 Sa-

2054 2605 2253 2674 pientia
2280 2605 2497 2674 quidem
2519 2624 2531 2659 :
2556 2614 2612 2658 ut
2629 2621 2747 2658 cum
2767 2605 2832 2658 de
2850 2605 2986 2659 Filio
3002 2607 3216 2675 quidem
3241 2624 3639 2666 commemora-

2056 2707 2140 2750 tus
2171 2697 2524 2766 gravissimus
2563 2696 2646 2750 vir
2670 2696 2864 2751 Paulus
2902 2699 3090 2752 scribit
3119 2717 3131 2752 :
3164 2717 3180 2750 ι
3222 2700 3494 2756 Christum
3521 2704 3635 2773 (6‘2)

2051 2788 2144 2842 Dei
2166 2787 2275 2858 (63)
2296 2787 2564 2845 virtutem.
2583 2797 2637 2839 et
2657 2787 2744 2840 Dei
2763 2789 3116 2856 sapientiam;
3144 2809 3162 2840 ι
3186 2801 3266 2844 et:
3289 2809 3307 2842 ι
3326 2791 3381 2844 lu
3398 2809 3502 2861 quo
3519 2793 3636 2862 (64)

2050 2877 2211 2948 373
2246 2889 2370 2932 sunt
2416 2891 2604 2931 omnes
2666 2877 2905 2930 thesauri
2962 2877 3266 2944 sapientiae,
3297 2887 3352 2932 et
3395 2878 3637 2933 scientiae

377 2976 721 3046 ὲμεγαλύνθη
768 2977 838 3032 τὰ
880 2977 1018 3048 ἔργα
1056 2993 1170 3041 σου,
1222 2975 1432 3048 Κύριεί
1474 2976 1659 3029 Πάντα
1700 2976 1757 3028 ὲν
1797 2975 1952 3044 σοφίᾳ

2062 2970 2384 3022 abscOnditi.
2414 2987 2433 3019 ι
2501 2967 2570 3021 Ει
2610 2966 2778 3021 David
2826 2967 3004 3036 psallit
3053 2986 3067 3022 :
3107 2985 3124 3018 ι
3161 2967 3335 3034 Quam
3390 2973 3637 3038 magnili-

377 3069 659 3140 ἐποίησας.
690 3088 709 3121 ›
762 3067 874 3123 Καὶ
935 3069 1012 3132 ὼς
1065 3069 1292 3131 Ἦσαῖας
1366 3066 1733 3138 προφητεύειο
1789 3083 1808 3116 ι
1847 3067 1955 3119 Καὶ

377 3159 538 3223 αὐτὸς
574 3158 740 3228 σοφὸς
771 3154 906 3230 ἦγεν
948 3160 1032 3211 ἐπ’
1065 3158 1261 3222 αὐτοὺς
1313 3158 1514 3212 κακά.ι
1567 3158 1704 3229 Περὶ
1752 3157 1808 3210 δὲ
1858 3157 1952 3211 τοῦ

375 3249 531 3317 ἁγίου
584 3249 934 3319 Πνεύματος,
985 3247 1061 3310 ὡς
1121 3249 1250 3301 ὅταν
1314 3248 1538 3310 Ἡσαΐας
1592 3247 1950 3320 προφητεύῃο

385 3359 402 3388 ι
437 3337 658 3407 Πνεῦμα
697 3338 790 3390 τοῦ
833 3337 990 3401 Θεοῦ,
1027 3337 1252 3408 Πνεῦμα
1299 3337 1491 3405 σοφίας
1527 3350 1620 3390 και
1656 3339 1949 3400 συνέσεως,

376 3429 600 3498 Πνεῦμα
656 3429 848 3499 βουλῆς
897 3429 992 3481 καὶ
1039 3428 1242 3498 ἰσχύος,
1293 3428 1516 3498 Πνεῦμα
1566 3428 1821 3498 γνώσεως
1858 3430 1952 3482 καὶ

376 3519 718 3584 εὐσεϐείας.»
779 3521 912 3590 Περὶ
965 3519 1023 3572 δὲ
1081 3519 1389 3591 ἀφθαρσίας
1460 3520 1553 3572 καὶ
1613 3519 1948 3587 ἀθανασίας,

373 3610 696 3682 πρθείρηται
742 3607 838 3678 μὲν
885 3608 1016 3678 ἤδη,
1066 3609 1128 3660 ού
1179 3607 1362 3678 μέντοι
1422 3607 1622 3660 ἄτοπον
1671 3609 1767 3661 καὶ
1815 3608 1950 3662 ἄλλα

375 3697 749 3769 παραθέσθαιο
805 3697 879 3761 ὡς
929 3697 1119 3768 ἡνίκα,
1170 3697 1300 3767 περὶ
1354 3697 1453 3768 μὲν
1509 3695 1603 3749 τοῦ
1654 3697 1948 3768 ψυχοδότου

373 3788 733 3858 Μονογενοῦς,
775 3781 836 3840 οὗ
871 3789 931 3840 τὸ
960 3788 1133 3859 ὄμμα,
1171 3789 1264 3842 καὶ
1298 3791 1330 3860 ὴ
1382 3789 1542 3860 ἀκοὴ,
1588 3791 1682 3842 καὶ
1721 3792 1753 3860 ἡ
1801 3791 1946 3861 δίκη,

372 3883 470 3935 καὶ
523 3881 557 3952 ἡ
614 3880 994 3951 φιλανθρωπία
1080 3879 1357 3951 πανταχοῦ
1424 3882 1725 3955 ἐφέστηκε,
1787 3883 1950 3936 Δαυῒδ

375 3972 628 4043 μελῳδεῖ·
664 3991 682 4024 ι
706 3972 780 4024 Σὺ
813 3974 842 4025 6
879 3972 1038 4035 αὐτὸς
1067 3967 1135 4038 εἶ,
1171 3975 1266 4026 καὶ
1297 3973 1366 4026 τά
1397 3973 1489 4044 ἔτη
1522 3991 1614 4026 σου
1643 3976 1742 4028 οὐκ
1774 3975 1949 4028 ἐκλεί-

370 4063 592 4132 ψουσινο
616 4083 634 4116 ι
673 4064 788 4126 καὶ,
829 4081 846 4114 ι
875 4065 972 4126 Εἰς
1013 4065 1104 4117 τὸν
1147 4065 1341 4127 αίῶνα,
1368 4065 1562 4136 Κύριε,
1597 4068 1626 4119 6
1661 4065 1818 4135 λόγος
1851 4083 1946 4119 σου

371 4156 616 4220 διαμένει
663 4157 721 4207 ὲν
761 4153 838 4226 τῷ
871 4154 1103 4226 οὐρανῷ.
1133 4175 1151 4208 ι
1203 4158 1339 4228 Περὶ
1368 4157 1425 4210 δὲ
1456 4157 1549 4210 τοῦ
1582 4157 1735 4226 ἁγίου
1779 4157 1948 4210 Πνεύ-

375 4265 564 4320 ματος,
591 4246 684 4302 τοῦ
721 4247 789 4300 τά
821 4246 1109 4318 σύμπαντα
1138 4248 1448 4318 τρέφοντος,
1479 4251 1572 4302 καὶ
1607 4249 1780 4311 θείαις
1804 4249 1949 4301 ἀκτῖ-

2056 3068 2174 3114 cata
2206 3057 2318 3129 (65)
2356 3068 2480 3114 sunt
2501 3073 2664 3127 opera
2692 3068 2802 3123 tua,
2833 3059 3084 3113 Domine!
3107 3060 3298 3115 Omnia
3323 3063 3374 3115 in
3409 3060 3638 3132 Sapien-

2058 3152 2127 3206 tia
2189 3152 2401 3216 fecisti;
2442 3168 2459 3201 ι
2519 3160 2575 3205 ει
2629 3161 2688 3206 ιιι
2735 3150 2901 3204 Isaias
2951 3151 3212 3220 pr0pheta
3271 3153 3479 3222 inquit:
3524 3173 3542 3205 ι
3572 3155 3636 3208 Ει

2055 3243 2167 3310 ipse
2203 3240 2314 3310 (66)
2346 3240 2563 3309 sapiens
2591 3241 2812 3294 adduxit
2843 3255 3006 3308 super
3036 3255 3130 3295 eos
3161 3241 3323 3298 mala.
3354 3261 3373 3294 ι
3414 3243 3489 3298 De
3507 3243 3633 3310 Spi-

2056 3335 2160 3388 ritu
2197 3345 2376 3387 autem
2434 3343 2660 3388 sancto:
2697 3343 2756 3388 ut
2788 3349 2908 3388 cum
2930 3331 3095 3388 Isaias
3121 3334 3439 3404 prophetat:
3469 3354 3489 3388 ι
3515 3338 3635 3406 Spi-

2054 3426 2195 3479 ritus
2227 3425 2317 3479 Dei
2349 3424 2484 3494 (67),
2524 3424 2760 3493 Spiritus
2822 3423 3099 3490 sapientia:
3132 3433 3184 3476 et
3242 3423 3630 3494 intelligentiae.

2053 3517 2290 3587 Spiritus
2325 3515 2536 3570 consilii
2568 3525 2623 3570 et
2655 3514 3016 3576 fortitudinis,
3052 3513 3287 3583 Spiritus
3321 3517 3560 3570 sclentia:
3577 3527 3632 3570 ct

2051 3609 2288 3676 pietatis.
2319 3626 2337 3658 ι
2382 3606 2458 3661 De
2487 3607 2998 3671 incorruptibilitate
3042 3624 3188 3670 vero,
3243 3618 3298 3662 et
3349 3610 3630 3662 immorta-

2052 3697 2206 3752 litate
2239 3708 2398 3750 antea
2455 3696 2674 3764 quidem
2733 3697 2936 3749 dictum
2992 3697 3104 3763 jam
3149 3697 3274 3759 fuit,
3308 3712 3412 3749 non
3451 3706 3632 3750 tamen

2055 3789 2355 3842 absurdum
2387 3791 2489 3842 erit
2521 3787 2623 3841 alia
2660 3787 2823 3840 etiam
2851 3802 3162 3856 apponere:
3201 3798 3260 3841 ut
3285 3803 3407 3841 cum
3455 3787 3520 3840 de
3552 3790 3630 3840 vi-

2052 3882 2299 3934 vilicante
2337 3878 2626 3947 Unigenito
2656 3877 2788 3949 (68),
2810 3879 2964 3946 cujus
2995 3879 3205 3940 oculus,
3236 3888 3289 3932 et
3319 3879 3554 3944 auditus,
3573 3889 3630 3933 et

2045 3972 2280 4041 justitia,
2307 3981 2361 4025 et
2387 3973 2693 4040 benignitas
2740 3973 2938 4041 ubique
2980 3971 3157 4024 elucet
3195 3985 3258 4024 ac
3289 3982 3486 4034 manet,
3522 3972 3628 4024 Da-

2051 4064 2137 4116 vid
2169 4063 2318 4116 canit
2347 4080 2360 4116 :
2401 4081 2419 4113 ι
2460 4061 2539 4116 Tu
2573 4063 2714 4116 idem
2746 4063 2856 4133 (69)
2887 4078 2964 4127 es,
2999 4071 3054 4114 et
3086 4063 3210 4114 anni
3241 4063 3318 4113 tui
3348 4079 3453 4115 non
3487 4063 3624 4115 deli-

2047 4157 2218 4221 cient;
2241 4173 2260 4205 ι
2283 4163 2365 4208 et:
2390 4172 2408 4205 ι
2433 4153 2490 4208 lu
2514 4155 2765 4209 smculum
2794 4155 2928 4226 (70),
2958 4155 3201 4215 Domine,
3223 4155 3454 4207 Verbum
3478 4165 3626 4207 tuum

2051 4257 2336 4316 permanet
2365 4247 2416 4300 in
2449 4247 2609 4302 caelo.
2637 4265 2656 4298 ι
2689 4246 2762 4300 De
2799 4248 3002 4314 Spiritu
3057 4256 3237 4298 autem
3273 4256 3483 4308 sancto,
3533 4247 3625 4312 qui

373 4357 429 4391 σι
462 4340 928 4410 καταλάμποντος,
959 4340 1054 4392 καὶ
1083 4339 1187 4403 ἕως
1219 4341 1314 4393 καὶ
1362 4342 1455 4393 ἐπὶ
1493 4341 1620 4405 τοὺς
1657 4339 1947 4394 ἀπολειπο-

2053 4339 2230 4394 omnia
2284 4339 2406 4407 alit,
2459 4348 2514 4394 ct
2567 4339 2768 4394 divinis
2818 4341 2982 4394 radiis
3029 4339 3264 4392 illustrat
3343 4354 3406 4392 ac
3447 4339 3529 4393 vel
3571 4341 3623 4393 iu

443 4586 579 4657 (5‘2),
599 4584 810 4640 Verum.
839 4587 1043 4653 Codex,
1072 4585 1292 4656 ἄληθες,
1321 4595 1773 4657 pr0paroxytone.
1809 4585 1944 4642 Vide

371 4671 492 4726 pag.
522 4656 642 4720 161,
678 4667 786 4709 not.
829 4657 918 4710 15.
1599 4656 1604 4657 ⁷

444 4725 556 4794 (55)
598 4728 720 4781 Aut.
758 4724 964 4787 Codex,
1015 4726 1074 4795 ἡ.
1133 4724 1575 4799 Legentluni_vel
1629 4718 1685 4799 ᾖ,
1737 4725 1788 4778 id
1838 4733 1941 4789 est,

375 4815 395 4846 ι
433 4811 534 4861 qua
569 4802 796 4860 ratione,
822 4794 1106 4865 quomodo
1132 4813 1145 4848 :
1174 4814 1192 4848 ι
1228 4794 1310 4849 vel
1341 4795 1398 4864 ἡ,
1430 4794 1482 4848 id
1514 4794 1672 4862 est,"r
1695 4805 1806 4860 aut,
1834 4814 1852 4846 ι
1885 4806 1944 4850 ιιι

367 4875 426 4918 et
458 4866 596 4928 lego.

444 4934 554 5003 (54)
592 4935 696 4998 Qui
726 4934 975 4988 extendit.
1010 4931 1112 4986 Job
1143 4933 1305 5003 Ix,_8.

441 5001 556 5068 (55)
605 5004 787 5058 Verum
827 5006 1012 5057 Deum.
1050 5004 1199 5072 Epal
1224 5001 1378 5056 Joan.
1409 5017 1463 5072 ν,
1496 5002 1588 5058 20.

441 5071 1300 5144 (ὕϋλυηίθεηὶιιιηιῦεαηὶ.Ιοιιη.
1335 5088 1372 5136 I,
1409 5071 1496 5128 18.
1535 5073 1664 5128 Vide
1701 5081 1813 5128 not.
1853 5075 1941 5140 15,

366 5157 490 5212 pag.
522 5142 610 5196 '76.
699 5142 711 5144 ⁷

441 5213 552 5278 (57)
579 5210 772 5266 ludas.
810 5211 966 5266 Vers.
999 5211 1056 5265 4.

441 5213 529 5278 (57
579 5213 772 5266 ludas.
810 5213 966 5266 Vers.
999 5213 1056 5265 4.

587 5280 671 5362 In
710 5299 784 5337 ea.
835 5279 978 5337 Psal.
1020 5295 1220 5346 uxxv,
1255 5281 1289 5337 9
1317 5282 1432 5351 (seu
1469 5280 1580 5353 10).
1624 5280 1729 5337 Sed
1772 5279 1940 5337 Biblia

365 5355 524 5421 paulo
551 5351 726 5404 aliter.

437 5419 551 5490 (5.9)
587 5418 756 5490 (Inus.
790 5417 927 5490 Vide
957 5427 1069 5472 not.
1111 5419 1201 5481 10,
1231 5435 1354 5490 pag.
1386 5421 1511 5474 567.

436 5488 548 5557 (60)
588 5488 792 5542 Eidem.
819 5489 1020 5551 Codex,
1049 5490 1204 5544 αὑτό.
1234 5488 1560 5544 Coinrinnior
1581 5491 1789 5546 videtur
1815 5505 1940 5544 scn-

363 5560 553 5624 tentia,
579 5561 621 5627 si
651 5558 892 5626 legamus
913 5557 1081 5627 αὐτῷ.

433 5628 547 5697 (61)
588 5626 717 5681 Haec
745 5631 942 5682 omnia.
968 5627 995 5697 Al
1034 5626 1166 5681 Cor.
1206 5643 1301 5692 κιι,
1347 5628 1408 5683 11

432 5695 543 5766 (62)
577 5698 861 5751 Christum.
899 5697 914 5750 I
945 5695 1070 5750 Cor.
1099 5713 1138 5760 I,
1172 5698 1262 5751 24.

436 5768 548 5838 (65)
590 5767 705 5822 Dei.
756 5768 966 5834 Codex,
1016 5767 1180 5835 Θεόν,
1227 5768 1278 5824 id
1309 5778 1427 5834 est,
1478 5787 1495 5820 ι
1541 5768 1725 5824 Deum.
1763 5787 1781 5820 ι
1826 5767 1930 5823 Sed

2049 4588 2328 4649 memlose,
2377 4600 2498 4638 nam
2531 4596 2585 4639 ει
2627 4585 2792 4639 Biblia
2818 4593 2871 4636 et
2902 4582 3158 4653 Didymus
3188 4583 3299 4651 ipse
3329 4599 3468 4653 saepe
3493 4586 3621 4642 alibi

2049 4659 2252 4710 habent
2290 4655 2448 4718 Θεοῦ,
2482 4655 2532 4708 id
2561 4667 2663 4717 est,
2699 4674 2716 4705 (
2758 4655 2870 4707 Dei.
2902 4673 2920 4704 ι

2121 4726 2234 4796 (61)
2272 4725 2338 4778 In
2377 4742 2497 4792 quo.
2549 4725 2758 4779 Coloss.
2800 4740 2870 4796 II,_
2906 4724 2958 4775 5.

2120 4792 2229 4866 (65)
2266 4796 2437 4866 Quam
2467 4797 2825 4866 magni/irata.
2855 4792 2995 4866 i’sal.
3035 4807 3153 4856 CIII,
3180 4793 3250 4847 25
3287 4795 3400 4864 (seu
3431 4795 3546 4866 24).

2120 4864 2230 4934 (66)
2268 4864 2334 4916 Et
2365 4865 2816 4934 ipse.glsa.7xxm,
2849 4865 2904 4919 2.

2117 4931 2229 5058 (67)
2248 4934 2474 5016 Spiritus
2490 4932 2604 5012 Dei.
2643 4933 2744 4987 lsa.
2775 4934 2921 5013 “,2:
2942 4931 3127 5011 Graeca
3154 4932 3320 4988 editio
3353 4949 3452 5004 pro
3483 4935 3620 4990 Θεοῦ

2139 5015 2208 5056 )et
2237 5007 2467 5058 Κυρίου.
2503 5007 2552 5054 Id
2579 5014 2680 5058 est.
2715 5022 2733 5053 ι
2767 5005 2995 5055 Domini.
3019 5021 3038 5052 ι

2047 5003 2208 5058 habet
2237 5003 2467 5074 Κυρίου,
2503 5007 2552 5054 id
2579 5014 2680 5074 est,
2715 5022 2733 5053 ι
2767 5004 2995 5074 Domini.
3019 5021 3038 5052 ι

2119 5075 2233 5144 (68)
2275 5070 2579 5144 γίυὶβςαιιίε
2624 5073 2918 5140 Unigenito.
2971 5071 3026 5124 In
3058 5070 3268 5133 Crzeco,
3301 5072 3617 5144 ψυχοδότου,

2046 5141 2097 5196 id
2129 5141 2246 5204 Vest,
2280 5141 2666 5212 ψυχοδοτῆρος,
2701 5158 2911 5210 nempe.
2949 5159 2967 5191 ι
2992 5143 3292 5212 animarum
3324 5141 3526 5198 daturis
3560 5141 3613 5200 τε

2045 5223 2104 5265 ιιι
2131 5214 2184 5267 in
2223 5213 2420 5280 Orphei
2467 5211 2664 5281 hymno
2695 5228 2842 5274 LXVI,
2882 5211 3168 5281 ὀλϐοδότης
3197 5223 3280 5264 est
3314 5232 3331 5263 ι
3361 5217 3618 5280 pet-unia-

2045 5298 2162 5334 rum
2216 5285 2371 5353 dator
2404 5295 2417 5331 :
2448 5298 2468 5330 ›
2504 5280 2556 5334 ει
2599 5283 2799 5353 hymno
2841 5295 3004 5353 XVII:
3036 5280 3395 5353 πλουτοδότης
3433 5302 3451 5334 ι
3477 5287 3616 5337 divi-

2044 5353 2237 5404 tiarum
2282 5351 2478 5404 dator:
2513 5369 2531 5400 ι
2570 5363 2624 5404 ει
2670 5352 2926 5418 Didymus
2962 5352 3102 5419 ip~e,
3149 5367 3272 5420 pag.
3331 5351 3453 5416 1⁷05,
3487 5357 3608 5410 alt:

2042 5421 2361 5492 παντοδότῃ.
2415 5420 2581 5492 Porro
2615 5423 2869 5492 eumdem
2908 5421 3122 5474 Christo
3164 5422 3378 5492 titulum
3424 5426 3610 5476 tribuit

2042 5489 2458 5544 l’rudcntiusin
2509 5489 2930 5557 llamartigeuia,
2960 5506 3116 5542 versu
3155 5489 3278 5553 951,
3314 5493 3404 5558 qui
3439 5508 3516 5544 sic
3552 5508 3612 5543 se

2043 5562 2203 5613 habet
2236 5575 2250 5612 :
2291 5579 2309 5611 ι
2330 5560 2372 5614 Ο
2401 5560 2504 5613 Dee
2547 5562 2952 5626 cunctiparens,
2997 5559 3192 5613 anima:
3237 5565 3414 5624 dator,
3441 5578 3471 5613 υ
3501 5563 3610 5616 Dee

2038 5630 2269 5682 Christe.
2307 5649 2325 5680 ι
2356 5630 2594 5697 Respicit
2627 5639 2804 5681 autem
2843 5629 2980 5681 Gen.
3011 5643 3076 5690 II,
3113 5629 3164 5681 7.

2109 5699 2219 5766 (69)
2251 5699 2326 5750 Tu
2355 5701 2514 5752 idem.
2550 5699 2688 5753 l’sal.
2717 5715 2792 5760 CI,
2824 5700 2914 5751 ‘28.

2108 5764 2220 5838 (70)
2253 5769 2315 5820 In
2345 5771 2616 5823 arculum.
2653 5769 2794 5823 Psal.
2838 5781 3027 5834 smn,
3054 5764 3141 5820 89.
