4056 6408
521 348 617 400 ετι

1767 342 1999 398 DIDYMI
2046 343 2510 400 ALEXANDRINI

3678 346 3774 400 87?.

519 483 616 518 eos
645 464 784 532 (7|),
814 463 906 532 qui
941 479 968 515 a
1005 461 1184 516 divina
1228 475 1344 530 tege
1388 460 1668 522 uelicinnt,
1703 461 2018 516 misericors
2047 475 2088 513 el

2212 463 2408 533 μένους
2435 463 2530 517 τοῦ
2575 464 2719 517 θείου
2765 463 2930 533 νόμου
2975 459 3475 533 μακροθυμοὼτος,
3508 461 3574 514 ἶν’
3601 461 3635 532 ἢ
3665 466 3774 517 ὲπι-

517 552 734 619 patiens
765 561 872 616 est,
901 558 960 603 ut
983 558 1078 601 aut
1110 557 1498 600 convertamur
1528 545 1640 615 (72)
1664 584 1681 610 ,
1736 555 1830 599 aut
1862 547 2010 613 justo
2043 549 2094 600 in

518 641 693 694 altera
744 639 856 692 vita
915 637 1182 706 supplicio
1228 638 1558 705 puniantur:
1593 645 1651 690 ut
1685 651 1808 690 cum
1837 636 1914 690 ait
1944 636 2094 691 Seri-

517 739 708 799 ptura:
766 744 786 778 ι
825 727 892 780 Et
933 727 1282 793 incorruptus
1329 724 1444 794 (7'5)
1501 733 1621 777 tuus
1650 724 1890 793 Spiritus
1918 733 2002 778 est
2043 725 2094 776 in

518 821 794 876 omnibus.
821 837 842 870 ι
885 816 957 872 lis
981 827 1162 872 autern
1191 817 1279 884 qui
1331 817 1484 869 aiunt
1511 833 1525 870 :
1553 813 1807 884 Nunquid
1836 829 1966 884 ergo
1988 817 2098 866 aui-

517 926 646 976 ma:,
678 920 734 964 et
757 909 934 978 angeli
984 909 1318 964 immortales
1363 923 1467 962 non
1498 915 1644 972 sunt,
1677 915 1732 960 et
1767 905 2098 962 invisibiles?

521 1003 599 1058 ita
623 1001 1023 1056 occurrendum
1063 1010 1190 1054 est:
1232 999 1386 1066 Quod
1415 1008 1627 1066 spectat
1671 996 1738 1050 ad
1780 997 2097 1052 immortali-

521 1103 708 1161 tatem,
742 1094 977 1164 primum
1037 1091 1252 1161 quidem
1287 1091 1388 1144 hoc
1430 1092 1588 1142 modo
1627 1106 1640 1142 :
1675 1102 1869 1158 nempe
1904 1089 2094 1142 horum

521 1186 900 1240 immortalitas
931 1183 1044 1255 (74)
1073 1184 1263 1238 eadem
1317 1195 1660 1250 nequaquam
1694 1189 1777 1234 est
1831 1194 1953 1234 eum
1986 1181 2098 1248 pri-

521 1275 706 1329 mitiva
749 1285 804 1328 et
839 1273 1045 1328 inﬁnita
1088 1270 1516 1335 immortalitate,
1550 1270 1642 1325 sed
1672 1268 1826 1338 longe
1848 1266 2095 1330 inferior,

521 1375 743 1434 tamque
775 1365 1013 1429 diversa,
1069 1377 1234 1431 quam
1271 1371 1524 1416 creatura
1553 1376 1584 1415 a
1615 1359 1908 1414 Creatore:
1937 1369 2097 1428 atque

521 1452 627 1506 hac
660 1451 726 1506 de
786 1466 953 1506 causa
1009 1449 1159 1504 solus
1196 1449 1397 1504 habere
1449 1448 1913 1503 immortalitatem
1957 1449 2096 1504 Deus

519 1546 740 1612 dicitur,
774 1555 832 1598 ut
860 1560 1191 1615 cognoscere
1217 1544 1373 1598 facile
1417 1559 1726 1614 possumus,
1760 1544 1805 1600 si
1845 1545 2096 1600 conside-

517 1653 720 1701 remus,
748 1636 951 1691 nullum
985 1651 1052 1691 ex
1083 1637 1168 1690 his
1199 1650 1373 1705 neque
1427 1651 1641 1701 creare,
1678 1650 1777 1690 nec
1817 1635 2100 1690 immorta-

518 1729 728 1783 litatem
753 1728 936 1800 largiri
974 1743 1154 1799 posse,
1193 1729 1339 1783 sicut
1364 1727 1513 1783 solus
1538 1726 1846 1792 invisibilis,
1865 1738 1919 1783 et
1939 1738 2099 1783 aeter-

517 1837 620 1875 nus
658 1821 1000 1890 Unigenitus,
1034 1829 1089 1876 et
1139 1819 1380 1892 Spiritus
1429 1829 1654 1876 sanctus
1683 1830 1859 1885 creat,
1907 1831 1961 1875 et
1995 1821 2095 1875 im-
2125 1847 2169 1904 Β

517 1910 773 1966 mortales
803 1911 1003 1965 reddit.

588 2002 711 2056 Alio
737 2011 918 2056 autem
951 1999 1110 2054 modo
1133 1999 1213 2056 sic
1245 2017 1258 2054 :
1287 1999 1497 2055 Anima:
1527 2007 1582 2054 et
1613 1999 1788 2070 angeli
1819 2009 1945 2056 sunt
1973 2015 2096 2056 cum

518 2093 851 2149 immortales
877 2095 1054 2161 quoad
1103 2093 1500 2148 immunitatem
1537 2108 1568 2146 a
1606 2104 1780 2156 morte
1823 2097 2101 2151 essentia:-

518 2201 625 2256 que
678 2184 1285 2254 incorruptibilitatem,
1345 2194 1458 2238 ttnu
1519 2187 1796 2250 mortales,
1834 2197 2101 2256 quatenus

518 2287 699 2332 mente
729 2278 1022 2345 aliquando
1049 2287 1474 2346 corrumpuntur
1507 2293 1523 2342 ;
1557 2291 1677 2329 nam
1712 2293 1774 2330 ex
1805 2277 2101 2333 mutatione

516 2381 623 2436 cst,
657 2369 822 2441 374
845 2371 1063 2439 quando
1090 2369 1343 2423 labuntur
1366 2369 1416 2422 in
1451 2377 1753 2437 peccatum,
1785 2384 1850 2424 ex
1878 2384 1984 2438 quo
2008 2385 2101 2423 su-

517 2465 764 2530 pervenit
796 2478 978 2516 mors:
1029 2477 1138 2529 quo
1179 2476 1340 2515 sensu
1397 2460 1594 2514 Paulus
1639 2461 1859 2516 scribit:
1892 2479 1911 2512 ι
1952 2461 2015 2515 Et
2047 2461 2098 2514 in

517 2551 859 2620 deliciis(75)
888 2551 1074 2606 vivens
1101 2552 1280 2611 vidua,
1315 2559 1525 2603 mortua
1555 2559 1666 2616 est;
1702 2567 1719 2600 ι
1760 2550 1856 2604 etsi
1885 2565 1946 2604 ea
1967 2566 2104 2605 non-

516 2643 646 2694 dum
682 2658 746 2694 ex
782 2643 882 2695 hac
915 2641 1026 2694 vita
1081 2640 1419 2710 migraverit,
1452 2639 1593 2693 sicut
1635 2637 1745 2706 jam
1774 2641 2098 2710 explicatum

515 2743 600 2788 est
619 2730 734 2803 (76)
768 2732 818 2785 in
850 2732 988 2785 libro
1019 2729 1156 2802 (77),
1195 2738 1289 2783 aut
1323 2727 1470 2799 λόγῳ
1495 2727 1608 2798 (78)
1647 2729 1714 2782 de
1737 2728 1941 2800 Spiritu
1972 2745 2094 2786 san-

588 2916 703 2987 (7l)
731 2914 807 2971 Ac
836 2916 911 2970 vel
940 2916 996 2969 in
1036 2933 1142 2971 eos.
1165 2915 1391 2987 Codex,
1423 2914 1518 2968 καὶ
1551 2912 1660 2987 ἕως
1696 2912 2093 2987 καὶέπὶ-τούς,

514 2996 570 3040 et
603 2984 831 3055 reliqua.
862 2987 967 3041 Sed
997 2996 1118 3053 post
1149 2986 1256 3049 ἕως
1291 2986 1739 3055 videturdeesse
1775 2984 2000 3053 aliquid,
2028 3000 2094 3040 ac

514 3053 776 3127 praueréa
809 3057 1112 3124 legendum,
1147 3057 1242 3108 ἐπὶ
1265 3057 1378 3114 τοῖς
1397 3053 1882 3127 ἀπολειπομέναις.

586 3128 699 3199 (72)
735 3127 1137 3199 Convertuntur.
1161 3128 1363 3199 Codex,
1391 3124 1809 3199 ἐπιστρέψωμεν
1837 3127 1889 3178 in
1915 3124 2085 3199 prima

515 3193 767 3264 persona,
795 3206 905 3250 tum
938 3196 1249 3265 ὑπόσχωσιν
1285 3196 1337 3250 in
1377 3193 1569 3250 tertia.
1599 3193 1934 3250 Alterutrum
1977 3193 2090 3249 for-

517 3277 664 3322 tasse
689 3270 1004 3319 tiietttltisum
1036 3280 1138 3319 est.

587 3337 698 3408 (75)
726 3336 794 3408 Et
829 3339 1180 3402 incorruptus.
1217 3334 1346 3408 sap.
1385 3350 1484 3396 xu,
1517 3333 1570 3387 1.

587 3402 700 3477 (74)
750 3406 957 3477 ﬂorum
1009 3405 1399 3477 immortalitas,
1455 3415 1564 3477 et_c.
1624 3404 1838 3477 Similia
1899 3402 2089 3459 scribit

513 3474 944 3532 Atulirtisiiislib.
981 3491 1041 3529 ιιι
1072 3475 1145 3528 De
1168 3474 1291 3542 ﬁde,
1323 3489 1444 3541 cap.
1491 3475 1546 3536 5.
1575 3491 1727 3529 ιιιιιιι.
1752 3475 1819 3529 19
1845 3483 1901 3530 et
1928 3488 2083 3542 seqq.

514 3548 849 3616 Augustinus
872 3546 1120 3616 veroilib.
1146 3543 1260 3616 iDe
1285 3542 1574 3616 rTrinitale,
1608 3560 1757 3599 num.
1794 3545 1831 3598 2
1863 3559 1877 3597 :
1910 3543 2085 3596 «Vera

518 3615 922 3680 immortalitas,
943 3633 962 3665 ι
1011 3615 1205 3682 inquit,
1242 3633 1258 3664 ι
1277 3615 1802 3682 incommutabilitas
1820 3623 1974 3682 est.)

588 3686 701 3755 (75)
742 3685 806 3755 Et
859 3688 920 3755 iit
947 3681 1189 3755 _deliciis.
1226 3682 1240 3735 I
1272 3681 1414 3755 Tim.
1466 3698 1520 3745 v,
1562 3686 1612 3738 ti.
1666 3683 1834 3738 Biblia
1871 3699 1884 3734 :
1929 3681 1994 3735 Ἦ
2028 3681 2085 3735 δὲ

519 3752 874 3816 σπαταλῶσα,
903 3752 1054 3816 ζῶσα
1085 3752 1337 3824 τέθνηκε,
1368 3752 1419 3806 id
1453 3763 1557 3815 est,
1609 3771 1627 3804 ι
1652 3756 1782 3820 Qua:
1815 3762 1994 3806 autem
2033 3755 2084 3806 in

519 3825 726 3880 deliciis
775 3825 927 3886 vivit,
978 3824 1164 3876 vivens
1203 3831 1412 3875 mortua
1463 3829 1565 3876 est.
1598 3843 1616 3874 ι
1654 3824 1710 3877 In
1741 3825 2087 3876 enarratione

517 3897 571 3948 in
603 3911 684 3960 ep.
717 3892 1010 3955 IJoannis,
1047 3908 1166 3961 cap.
1209 3907 1290 3955 III,
1318 3893 1432 3946 hac
1465 3893 1760 3946 dictaverat
1788 3892 2081 3961 Didymus:

522 3983 542 4014 ε
565 3965 664 4031 Qui
686 3980 789 4018 non
805 3964 1114 4017 babethanc
1130 3964 1472 4024 cliaritatem,
1490 3971 1768 4029 permanet
1793 3961 1845 4015 in
1872 3972 2080 4014 morte:

515 4036 657 4087 sicut
688 4044 806 4088 erat
838 4042 1051 4085 mortua
1093 4032 1273 4102 vidua,
1316 4045 1437 4098 qua:
1482 4032 1535 4084 in
1587 4031 1796 4087 deliciis
1835 4031 2083 4102 degebat,

516 4103 641 4158 licet
667 4117 1005 4156 communem
1040 4101 1258 4155 haberet
1283 4103 1467 4153 vitam.
1498 4118 1518 4151 ι

587 4174 696 4244 (76)
740 4171 1073 4244 [implicatum
1113 4181 1208 4224 est.
1254 4169 1309 4223 In
1363 4170 1502 4244 _libro
1529 4169 1606 4224 De
1651 4169 1854 4244 Spiritu
1881 4179 2083 4244 sancto,

515 4239 795 4307 num.'39,
844 4243 958 4294 haec
1014 4241 1307 4294 dictaverat
1363 4239 1665 4309 Didymus:
1707 4240 1856 4293 (Sed
1900 4241 2084 4294 carnis

515 4315 779 4383 sapientia
826 4311 990 4373 illico,
1033 4321 1223 4383 morte
1249 4311 1347 4365 sibi
1390 4309 1935 4383 sociatapinterl’icit
1966 4325 2080 4383 eos,

514 4378 607 4452 qui
629 4382 783 4451 juxta
813 4396 1030 4452 carnem
1075 4379 1412 4452 gradiuntur,
1449 4391 1503 4433 et
1539 4380 1824 4452 sapiunt...
1857 4378 2086 4452 sapien-

516 4449 588 4506 tia
625 4449 753 4522 ergo
790 4451 995 4510 carnis,
1026 4450 1345 4522 cum_niorti
1395 4451 1578 4522 juncta
1615 4454 1705 4510 sit.
1750 4449 1971 4522 inimica
1998 4455 2084 4502 est

2204 553 2546 626 στρέψωμεν,
2586 555 2619 624 ἦ
2659 556 2836 607 ἐκεῖσε
2884 553 3154 623 τιμωρίαν
3189 552 3500 622 ὑπόσχωσιν
3532 553 3596 604 οὐ
3641 570 3775 623 μεμ-

2197 647 2368 715 πτήν·
2397 646 2472 708 ὡς
2498 646 2627 699 ὅταν
2656 645 2820 718 λέγῃ·
2851 662 2873 695 r
2893 644 3002 697 Καὶ
3033 645 3095 697 τὸ
3125 643 3401 716 ἀφθαρτόν
3427 661 3521 696 σου
3553 645 3777 715 Πνεῦμά

2197 739 2343 789 ἐστιν
2372 737 2430 789 ὲν
2465 739 2650 792 πᾶσιν.
2705 756 2723 789 ι
2770 737 2894 800 Τοῖς
2935 734 2993 789 δὲ
3038 735 3309 802 λέγουσιν,
3360 734 3475 788 Οὐκ
3513 732 3654 788 εἰσὶν
3687 730 3776 787 οὖν

2198 829 2254 882 αἱ
2315 829 2484 899 ψυχαὶ
2536 829 2632 882 καὶ
2676 827 2728 881 οἱ
2785 826 3009 894 ἄγγελοι
3057 825 3318 880 ἀθάνατοι
3376 825 3472 878 καὶ
3524 825 3777 894 ἀόρατοι;

2197 921 2535 992 ἀπαντητέον
2567 921 2771 984 οὕτως’
2809 919 2954 991 Πρὸς
2998 919 3058 973 τὸ
3089 917 3357 972 ἀθάνατὸν
3405 917 3622 988 πρῶτον
3656 917 3775 969 καθ’

2196 1013 2293 1066 ἕνα
2345 1014 2446 1084 μὲν
2495 1013 2734 1084 τρόπον,
2779 1012 2860 1065 ὅτι
2912 1013 2978 1082 τῇ
3039 1009 3376 1082 πρωτουργῷ
3423 1010 3518 1063 καὶ
3567 1009 3776 1079 ἀπείρῳ

2199 1103 2327 1174 [178
2351 1102 2402 1174 b]
2440 1102 2711 1173 ἀθανασίᾳ
2743 1104 2778 1172 ἡ
2805 1103 3012 1155 τούτων
3047 1101 3300 1172 οὐδαμῶς
3341 1102 3608 1159 κοινωνεῖ.
3649 1101 3754 1154 ὑπο

2197 1194 2463 1266 ϐεϐηκυῖα
2509 1195 2605 1248 καὶ
2658 1193 2990 1265 διωρισμένη
3042 1193 3285 1262 ἐκείνης.
3337 1191 3461 1245 ὅσον
3513 1191 3775 1264 δημιούρ-

2197 1301 2354 1354 γημα
2393 1282 2755 1354 Δημιουργοῦ.
2793 1283 2901 1335 Καὶ
2937 1280 3023 1334 διὰ
3062 1280 3220 1334 τοῦτο
3254 1279 3413 1350 μόνος
3453 1279 3598 1350 ἔχειν
3646 1280 3778 1334 ἀθα-

2197 1377 2388 1431 νασίαν
2415 1377 2443 1428 ὁ
2471 1375 2602 1438 Θεὸς
2631 1374 2843 1444 ἐλέχθη,
2871 1373 2946 1437 ὡς
2991 1372 3106 1426 εστι
3151 1371 3352 1440 γνῶναι
3385 1370 3586 1442 ῥᾴδιον,
3617 1372 3778 1441 ειπερ

2198 1471 2278 1533 εἰς
2312 1467 2436 1522 νοῦν
2465 1466 2780 1538 βαλοέμεθα,
2812 1467 2895 1518 ὅτι
2927 1463 3132 1517 τούτων
3160 1463 3333 1522 οὐδὲν,
3359 1461 3484 1515 οὔτε
3515 1461 3778 1532 δημιουρ-

2197 1561 2336 1628 γεῖν,
2371 1557 2494 1612 οὕτε
2537 1555 2836 1611 ἀθανασίαν
2874 1555 3131 1626 χορηγεῖν
3160 1551 3404 1614 δύναται,
3443 1551 3520 1614 ὡς
3547 1551 3576 1602 ὁ
3617 1550 3777 1620 μόνος

2197 1651 2430 1722 ἀόρατος
2453 1648 2546 1702 καὶ
2573 1646 2785 1710 αἰώνιος
2809 1645 3140 1715 Μονογενὴς.
3162 1643 3258 1696 καλ⁵
3280 1643 3343 1695 τὸ
3371 1642 3528 1710 ἀγιον
3549 1640 3777 1713 Πνεῦμα.

2197 1740 2542 1812 δημιουργεῖ,
2572 1737 2668 1792 καὶ⁵
2695 1736 2995 1798 ἀθανάτους
3030 1731 3455 1796 κατασκευάζει.

2265 2003 2401 2058 Καθ’
2422 2004 2607 2074 ἓτερον
2645 2002 2729 2064 δὲ,
2761 2002 2844 2056 ὅτι
2875 2002 2930 2054 αἱ
2963 1998 3135 2071 ψυχαὶ
3188 1999 3281 2053 καὶ
3312 1999 3362 2052 οἱ
3413 1998 3633 2068 ἄγγελοι
3667 1999 3776 2053 εἰσι

2194 2095 2290 2148 καὶ
2325 2093 2585 2148 ἀθάνατοι
2627 2093 2772 2147 κατά
2803 2091 2866 2145 τὸ
2899 2090 3202 2162 ἀνώλεθρον
3233 2092 3330 2145 καὶ
3367 2089 3645 2161 ἄφθαρτον
3674 2091 3778 2160 τῆς

2193 2187 2414 2250 οὐσίας,
2462 2186 2556 2240 καὶ
2619 2183 2806 2255 θνητοὶ
2846 2183 2990 2236 κατά
3045 2183 3108 2236 τὸ
3153 2181 3472 2254 φθείρεσθαι
3525 2199 3654 2234 ποτε
3703 2183 3774 2253 τῇ

2194 2275 2408 2350 γνώμῃ.
2448 2274 2580 2328 Ἀπὸ
2620 2273 2730 2345 γὰρ
2775 2269 2982 2345 τροπῆς
3024 2273 3170 2325 ἔστιν
3217 2273 3307 2325 ὅτε
3358 2271 3650 2325 πίπτουσιν
3692 2275 3775 2334 εξς

2195 2368 2492 2438 ἁμαρτίαν,
2537 2366 2598 2430 ἐξ
2646 2361 2712 2439 ἦς
2765 2365 3058 2436 ἐπέρχεται
3106 2367 3135 2418 ὁ
3168 2365 3430 2428 θάνατος·
3465 2363 3586 2417 καθ’
3633 2363 3695 2417 ὃν
3745 2365 3774 2418 ὁ

2196 2457 2409 2520 Παῦλος
2456 2457 2699 2527 γράφει·
2749 2473 2768 2506 ι
2797 2455 2909 2508 Καὶ
2943 2457 2978 2525 ὴ
3019 2453 3346 2508 σπαταλῶσα
3396 2453 3539 2524 χήρα
3575 2452 3774 2523 τέθνηο

2196 2567 2319 2603 κεν·
2353 2567 2372 2600 i
2421 2548 2625 2619 καίπερ
2671 2548 2842 2618 μήπω
2892 2547 2985 2600 τὸν
3037 2547 3166 2617 τῇδε
3226 2544 3583 2609 ὑπαλλάξασα
3633 2545 3772 2616 βίον,

2196 2638 2340 2693 καθά
2371 2639 2475 2709 ἥδη
2506 2639 2562 2690 ὲν
2596 2636 2675 2707 τῷ
2716 2635 2848 2708 περὶ
2880 2635 2976 2689 τοῦ
3005 2637 3160 2704 ἁγίου
3187 2636 3501 2706 Πνεύματος
3529 2635 3770 2708 ὲξηγήθη

2195 2729 2358 2801 λόγῳ.
2399 2728 2838 2798 ’Δντιδιαιρεῖται
2885 2727 2996 2800 γὰρ
3036 2727 3116 2798 τῷ
3160 2726 3416 2797 ἀθανάτῳ
3445 2725 3507 2779 τὸ
3552 2725 3770 2798 θνητὸν,

2203 2926 2324 2969 sunt
2358 2932 2500 2969 voces
2537 2933 2555 2967 ι
2579 2929 2723 2988 cum,
2755 2935 2773 2967 ι
2804 2925 2856 2970 et
2917 2917 3124 2988 «_luerit
3153 2914 3223 2988 i],
3264 2929 3485 2986 generat
3517 2929 3769 2983 mnt‘lmlt,

2205 3002 2224 3035 ι
2253 2988 2545 3057 secundum
2590 2985 2873 3057 Jacobmn.
2931 2986 3035 3042 Sed
3085 2999 3137 3042 et
3178 2985 3421 3042 Ezechiel
3453 2998 3767 3057 peccantem

2200 3055 2435 3128 animam
2479 3056 2612 3128 mori
2655 3056 3192 3128 scribit:separalur
3230 3059 3374 3112 enim
3410 3055 3525 3128 jam
3563 3075 3590 3113 a
3635 3062 3766 3128 vita,

2191 3140 2310 3192 qua:
2352 3125 2405 3178 in
2455 3125 2716 3198 sapientia
2749 3125 2984 3194 Spiritus
3006 3127 3262 3182 collocata
3282 3125 3476 3198 esthi
3507 3132 3628 3198 quis
3672 3125 3768 3184 aul

2195 3206 2301 3248 tem
2327 3195 2734 3272 _transcendcrit
2754 3198 2929 3272 _vitam
2962 3198 3141 3251 carnis
3163 3198 3235 3272 _i_n
3275 3196 3498 3272 Spiritu,
3519 3195 3575 3254 et
3603 3216 3766 3272 opera

2189 3264 2398 3339 carnis_
2424 3279 2519 3339 per
2556 3279 2728 3339 opera
2751 3265 2987 3339 Spiritus
3016 3264 3422 3320 mortilicaverit
3451 3264 3766 3339 [codex'uo-

2191 3345 2318 3416 (iter,
2349 3333 2751 3416 vivililcaver‘it],
2775 3333 2932 3416 vivet.
2962 3337 3117 3390 beata
3154 3333 3471 3416 _azternaqné
3515 3341 3638 3400 vita.
3672 3358 3765 3394 re-

2189 3403 2328 3458 latus
2343 3405 2430 3480 _in_
2451 3403 2590 3480 lilios
2639 3403 2753 3470 Dei,
2787 3418 2840 3461 et
2881 3407 3119 3480 directus
3132 3407 3219 3480 _in_
3242 3403 3396 3480 [iam
3412 3417 3608 3461 rectam
3641 3427 3769 3480 pm-

2189 3485 2309 3542 pter
2341 3473 2601 3548 Spiritum
2629 3486 2901 3548 sanctum,
2923 3477 3014 3545 qui
3039 3486 3100 3548 et
3131 3476 3220 3530 Dei
3257 3476 3491 3538 Spiritus
3520 3473 3766 3548 appélla-

2191 3554 2350 3615 tur.)
2388 3545 2444 3615 Si
2482 3544 2658 3615 enim,
2711 3544 2952 3615 «inquit,
2981 3563 2999 3596 ι
3030 3545 3187 3615 juxta
3227 3561 3445 3600 carnem
3489 3544 3757 3609 viieritis,

2189 3611 2492 3680 moriemini
2526 3628 2540 3664 :
2573 3615 2714 3679 quod
2745 3616 2789 3668 si
2821 3611 3045 3680 Spiritu'
3069 3616 3206 3670 facta
3248 3617 3424 3670 carnis
3473 3619 3768 3671 mortilica-

2187 3683 2375 3758 venritis
2426 3679 2673 3758 [codex_
2707 3679 2902 3758 noster,
2935 3753 2947 3758 _
2983 3684 3384 3758 vivilicaveritis
3405 3684 3443 3758 Ι,
3504 3687 3710 3758 vivotis.
3739 3707 3760 3740 ι

2186 3749 2596 3872 ΑΠίηἱειῗορυὶι
2631 3749 2892 3808 Tatianus
2934 3753 2987 3808 in
3021 3756 3280 3810 Oratione
3310 3749 3496 3810 contra
3526 3756 3763 3824 Graecus,

2188 3837 2334 3872 ΙΙΙΙΙΙΙ.
2447 3858 2462 3872 ι

2188 3837 2334 3874 ΙΙΙΙΙΙΙ.
2376 3837 2462 3872 14.

2262 3888 2472 3962 (77⁷)Λιιι
2499 3888 2656 3945 libro.
2701 3891 2910 3962 Didymi
2946 3907 3083 3960 opus
3123 3893 3199 3946 De
3239 3894 3446 3962 Spiritu
3487 3905 3674 3949 sancto
3706 3896 3762 3952 in

2187 3960 2299 4014 tres
2348 3960 2514 4012 libros
2558 3963 2628 4014 ab
2667 3960 2965 4016 editoribus
3003 3965 3202 4016 dudum
3263 3960 3442 4018 sectus
3491 3963 3633 4018 fuit:
3666 3969 3763 4021 sed

2186 4043 2492 4098 perperam,
2524 4039 2579 4082 ut
2615 4033 2822 4084 moauit
2857 4031 3250 4098 Tillemoutius,
3292 4046 3422 4087 tom.
3474 4033 3540 4097 Χ,
3571 4034 3624 4087 in
3667 4035 3760 4090 ιιι-

2186 4102 2346 4167 dymo
2379 4114 2578 4152 :unum
2605 4100 2749 4153 enim
2783 4103 3040 4155 duntaxat
3077 4103 3267 4156 librum
3301 4120 3422 4157 esse
3453 4115 3666 4158 constat
3691 4121 3758 4158 rx

2187 4171 2810 4245 vetustisscriptoribus
2851 4173 2919 4245 ad
2960 4188 3126 4245 unum
3168 4175 3436 4245 omnibus.
3493 4171 3760 4245 [_iierony-

2187 4254 2308 4292 nius
2332 4241 2382 4312 in
2411 4237 2548 4292 libro
2579 4238 2658 4292 De
2682 4241 2807 4292 viris
2844 4241 3164 4312 illustribus,
3189 4259 3308 4311 cap.
3337 4243 3459 4306 109,
3499 4237 3756 4312 Theolrigi

2187 4309 2356 4361 nostri
2399 4322 2562 4376 opera
2606 4323 2898 4363 recensens
2962 4311 3046 4364 his
3067 4313 3232 4365 utitur
3256 4309 3444 4366 verbis
3474 4329 3486 4366 :
3522 4309 3762 4370 «Contra

2185 4377 2620 4431 Arianos'libros
2667 4381 2826 4450 duos,
2854 4387 2932 4450 _et
2986 4383 3052 4435 de
3098 4380 3302 4450 Spiritu
3342 4392 3532 4436 sancto
3555 4381 3754 4437 librum

2189 4462 2378 4514 unum,
2410 4461 2576 4523 quem
2599 4461 2699 4517 ego
2747 4449 2798 4523 in
2854 4447 3102 4523 Latinum
3141 4447 3362 4523 '_verti.i
3417 4453 3757 4523 Hieronymo

514 4505 657 4587 Deo;
687 4505 957 4590 sapientia
982 4505 1446 4590 veroﬁSpiritus;
1481 4521 1643 4573 vitam
1675 4505 1998 4590 nubentibus
2022 4533 2081 4572 se
2110 4505 2156 4566 υ
2189 4505 2534 4590 consentiunt
2550 4505 2898 4590 Augustinus,
2917 4517 3123 4574 Encas
3140 4505 3482 4586 Parisiensis,
3509 4505 3759 4576 Ratrain;

515 4593 739 4661 largitur
762 4587 1040 4644 aeternam.
1065 4609 1084 4641 ο
1122 4587 1360 4642 Ειίιιιιιι.
1390 4588 1454 4642 41
1484 4607 1496 4642 :
1528 4607 1546 4638 ι
1571 4590 1700 4642 Sum
1746 4603 1878 4656 ergo
1906 4587 1982 4640 ait
2012 4603 2028 4642 :
2053 4606 2070 4638 i

515 4662 572 4716 Si
603 4663 848 4715 Christus
896 4661 948 4712 in
991 4661 1140 4712 vobis
1171 4669 1273 4723 est,
1302 4674 1498 4728 corpus
1539 4661 1754 4728 quidem
1805 4663 2078 4728 mortuum

516 4739 733 4800 propter
771 4739 1072 4796 peccatum,
1108 4727 1490 4800 «nequaquam
1523 4729 1672 4782 vitiis
1734 4727 2079 4794 lasciviaeque

514 4799 844 4862 deserviens,
876 4801 970 4852 sed
1001 4799 1379 4852 mortilicatum
1421 4808 1660 4866 peccato,
1695 4812 1799 4850 non
1833 4811 2078 4851 commo-

515 4882 671 4922 vetur
699 4873 764 4922 ad
795 4871 922 4921 vitia
958 4884 973 4922 :
999 4878 1053 4920 et
1087 4881 1424 4936 nequaquam
1455 4870 1558 4922 erit
1593 4869 1753 4922 vitale
1783 4876 2025 4936 peccato.
2052 4884 2071 4917 ι

515 4939 721 5006 (Minus
756 4939 988 4992 fortasse
1029 4935 1282 4990 mendosa
1318 4949 1399 4992 est
1433 4939 1601 4991 nostri
1644 4935 1848 4992 codicis
1892 4935 2075 5000 lectio,

513 5024 635 5076 qua:
660 5017 742 5060 est
774 5009 1072 5073 hujusmodi
1107 5023 1120 5060 :
1160 5023 1180 5056 ‹
1203 5018 1257 5061 et
1285 5010 1668 5061 mortilicatum
1698 5018 1942 5076 peccato,
1969 5022 2074 5058 non

514 5078 948 5130 commovebitur
991 5079 1057 5130 ad
1103 5076 1254 5138 vitia,
1295 5087 1350 5131 et
1391 5092 1726 5146 nequaquam
1773 5077 1880 5130 erit
1916 5077 2078 5129 vitale

514 5146 778 5214 peccato).
814 5146 1101 5215 Postquam
1132 5157 1307 5200 autem
1331 5163 1526 5215 corpus
1556 5155 1776 5215 peccato
1805 5156 2075 5200 mortuum

514 5218 700 5276 luerit,
735 5216 982 5269 Christus
1013 5217 1064 5268 in
1096 5217 1179 5270 his
1205 5219 1294 5283 qui
1330 5233 1425 5270 sua
1459 5231 1684 5284 corpora
1714 5215 2077 5269 mortiﬁcave-

516 5290 644 5348 rint,
676 5300 909 5353 praesens
937 5287 1196 5354 Spiritqu
1234 5287 1354 5339 vita:
1385 5289 1624 5340 ostendit
1662 5300 1755 5353 per
1784 5285 2074 5354 justitiam,

513 5357 629 5424 sive
669 5357 1062 5409 correctionem
1126 5371 1347 5424 operum
1378 5357 1636 5410 virtutum
1691 5355 2073 5408 immortalium

515 5423 702 5496 [codex
753 5436 927 5496 noster
953 5437 972 5476 :
1001 5440 1094 5492 per
1126 5423 1392 5496 justitiam
1433 5439 1681 5495 Operuin,
1725 5426 1842 5496 sive
1888 5438 2075 5496 corre-

514 5492 747 5563 ptionem
779 5495 1032 5546 virtutum
1071 5493 1403 5565 moralium],
1437 5492 1553 5548 sive
1585 5496 1742 5546 lidem
1773 5492 1896 5548 Jesu
1919 5493 2078 5548 Chri.

512 5566 603 5628 sti,
643 5566 694 5617 iu
745 5565 828 5617 his
866 5566 957 5631 qui
991 5568 1146 5634 juxta
1193 5568 1350 5618 lidem
1385 5565 1527 5618 illius
1567 5574 2072 5618 conversantur.....

511 5636 788 5703 Siquidem
835 5637 923 5702 qui
964 5637 1114 5703 juxta
1155 5650 1376 5689 carnem
1429 5636 1640 5696 vixerit,
1686 5635 1943 5686 morietur
1987 5637 2074 5685 illa

509 5715 702 5768 morte,
742 5719 863 5772 qua:
893 5718 1170 5772 peccatum
1214 5705 1478 5772 sequitur.
1512 5722 1530 5754 ι
1570 5704 1852 5758 I’CCCatuui
1887 5721 1904 5753 ι
1926 5705 2076 5771 quip-

512 5787 598 5841 pe,
627 5791 645 5824 ι
675 5789 798 5829 cum
832 5786 1260 5831 consummatum
1293 5775 1452 5830 luerit
1483 5773 1560 5846 [in
1580 5785 1758 5829 nostra
1781 5776 1954 5828 codice
1979 5773 2072 5826 de-

2185 4601 2306 4650 mts,
2325 4587 2613 4658 Auselmus
2645 4587 3112 4658 llavelbergeusis,
3141 4592 3198 4644 S.
3219 4590 3475 4653 Thomas,
3502 4590 3758 4645 Pastren.

2181 4671 2304 4724 gus,
2344 4655 2520 4728 liuida
2549 4657 2864 4728 Qarmelita,
2906 4655 3144 4728 synodus
3175 4659 3506 4724 Florentina,
3553 4661 3753 4728 aliique

2177 4742 2316 4794 opus
2346 4727 2474 4779 illud
2521 4727 2838 4794 allegantes,
2875 4727 2945 4783 ac
2985 4741 3246 4796 praeterea
3294 4745 3483 4785 omnes
3537 4727 3752 4785 veteres

2178 4798 2418 4850 codices.
2452 4797 2543 4850 aui
2594 4797 2734 4850 idem
2773 4811 2910 4850 onus
2966 4799 3112 4850 velut
3163 4815 3327 4850 unum
3367 4800 3562 4850 librum
3601 4802 3752 4850 exhi-

2178 4800 2418 4858 codices,
2452 4800 2543 4864 qui
2594 4800 2734 4850 idem
2773 4811 2910 4864 Opus
2966 4800 3112 4852 velut
3163 4815 3327 4853 unum
3367 4800 3562 4854 librum
3601 4802 3754 4854 exhi-

2177 4864 2308 4918 bent
2341 4864 2632 4940 ,AYailasio
2681 4875 2834 4931 teste,
2881 4877 3012 4922 tom.
3058 4869 3098 4922 ll
3137 4869 3370 4936 Operam
3417 4870 3751 4940 Hieronymi,

2177 4949 2300 5054 υθέ.
2336 4934 2476 5017 195..
2498 4937 2550 4988 ln
2588 4946 2771 5015 nostro
2799 4951 2930 4991 sane
2943 4952 3056 5017 .mos.
3084 4934 3269 4993 codice
3291 4941 3370 4993 sic
3397 4934 3710 4994 inscribitur
3733 4957 3747 4992 :

2182 5023 2201 5054 ‹
2277 5016 2378 5056 cati
2418 5005 2625 5056 Dtdvmt
2665 5005 3013 5056 Alexandrini
3041 5009 3174 5056 liber
3203 5009 3278 5056 De
3305 5009 3516 5056 Sniritu
3541 5020 3746 5056 sancto-

2182 5023 2201 5054 ‹
2233 5009 2378 5058 Beati
2418 5009 2625 5074 Didymi
2665 5009 3013 5059 Alexandrini
3041 5009 3174 5063 liber
3203 5009 3278 5062 De
3305 5009 3516 5078 Spiritu
3541 5020 3746 5075 sancto,

2177 5074 2240 5128 Ι).
2275 5075 2598 5144 Hieronymo
2634 5074 2942 5142 interprete.
2983 5093 3003 5126 ι

2248 5144 2360 5213 (78)
2398 5145 2504 5196 Aut
2535 5145 2717 5213 λόγῳ.
2772 5145 2991 5200 Graecus
3023 5145 3144 5201 libri
3198 5145 3275 5201 De
3326 5147 3533 5214 Spiritu
3571 5159 3749 5201 sancto

2179 5214 2388 5286 titulus,
2439 5230 2556 5286 mea
2605 5215 2830 5286 quidem
2860 5217 3146 5279 sententia,
3179 5219 3264 5271 hic
3300 5218 3399 5270 fuit
3435 5236 3446 5270 :
3476 5217 3617 5286 Περὶ
3643 5217 3748 5270 τοῦ

2175 5284 2349 5356 ἁγίου
2384 5284 2728 5352 Πνεύματος
2754 5285 2959 5353 λόγος,
2989 5301 3093 5340 non
3116 5301 3265 5351 vero,
3287 5287 3426 5356 Περὶ
3452 5284 3747 5356 τοῦήάγίου

2175 5355 2520 5423 Ιινεύματος
2557 5355 2823 5417 βιϐλίον.
2863 5356 2915 5407 Id
2947 5357 3209 5409 conlirmo
3255 5372 3324 5411 ex
3364 5355 3530 5411 veteri
3580 5355 3744 5411 inter-

2177 5435 2348 5494 prete,
2389 5427 2478 5494 qui
2515 5424 2822 5493 Hieronymi
2865 5424 3057 5494 librum
3095 5425 3167 5478 De
3199 5428 3322 5481 viris
3352 5427 3652 5480 illustribus
3693 5425 3741 5478 in

2175 5493 2421 5548 Gmcam
2449 5495 2700 5565 linguam
2728 5493 3004 5547 transtulit
3031 5511 3046 5555 ;
3073 5496 3163 5549 ubi
3193 5501 3337 5550 enim
3390 5496 3744 5565 Hieronymus

2176 5566 2394 5632 scripsit
2419 5580 2431 5614 :
2469 5579 2487 5612 ι
2519 5563 2591 5614 De
2613 5564 2816 5630 Spiritu
2843 5574 3030 5617 saneto
3058 5565 3256 5619 librum
3289 5582 3477 5630 unum,
3506 5585 3524 5617 ι
3559 5563 3645 5618 ille
3672 5580 3743 5616 sic

2174 5643 2335 5686 vertit
2367 5652 2378 5685 :
2418 5632 2558 5699 Περὶ
2585 5633 2930 5704 Πνεύμᾳτος
2955 5633 3128 5700 ἁγίου
3157 5637 3341 5704 λόγον
3373 5635 3500 5688 ἕνα.
3527 5638 3591 5687 At
3619 5647 3736 5694 tres,

2175 5719 2313 5769 quos
2342 5720 2482 5773 nunc
2507 5705 2737 5773 edimus,
2766 5702 2843 5754 De.
2879 5702 3139 5758 'l'rmitate
3179 5702 3367 5769 libros,
3398 5722 3504 5758 non
3532 5704 3739 5773 λόγους,

2176 5775 2270 5828 sed
2305 5771 2488 5844 βιϐλία
2520 5772 2730 5828 vocavit
2763 5773 3045 5841 Didymus.
3077 5784 3137 5830 ut
3166 5783 3386 5845 apoaret
3430 5789 3553 5830 cum
3591 5771 3655 5830 ex
3685 5782 3739 5826 ti-
