4056 6404
450 333 553 392 875

1505 329 1592 382 DE
1630 325 2006 382 TRINITATE
2046 325 2250 380 LIBER
2289 325 2596 381 TERTIUS

3607 327 3710 381 871

445 452 541 504 καὶ
569 447 922 518 ἀντιστοίχως
949 447 1028 517 τῷ
1062 446 1244 517 θνητῳ
1276 445 1337 498 τὸ
1367 445 1656 510 ἀθάνατον,
1697 448 1792 500 καὶ
1830 448 2028 500 νοεῖται

2143 457 2242 501 cto.
2277 445 2410 499 Nam
2445 445 2673 499 mortale
2707 445 2776 497 ab
2813 445 3105 500 immortali
3143 445 3254 516 (79)
3284 461 3379 515 per
3415 447 3708 516 oppositio-

447 542 540 596 ἐπὶ
589 540 780 610 ψυχῶν
823 540 919 593 καὶ
972 539 1242 607 ἀγγέλων,
1316 537 1375 589 τὸ
1429 538 1526 608 μὲν
1577 537 1868 598 ἀθάνατον,
1897 539 2026 591 ὅταν

447 633 584 702 πρὸς
628 632 707 701 τῷ
757 631 985 685 θάνατον
1021 631 1097 700 μὴ
1134 628 1498 699 ἐπιδέχεσθαι,
1533 629 1562 680 ὃ
1599 630 1745 682 ἐστιν
1787 629 1861 700 μὴ
1911 631 2027 682 δια-

447 721 691 784 λύεσθαι,
724 721 819 774 ἆτε
872 720 1199 784 ἀσυνθέτους
1245 721 1403 782 δντας
1434 719 1528 771 καὶ
1567 719 1904 790 ἀνωλέθρους
1932 719 2030 790 τὴν

450 813 707 884 ὓπαρξιν,
755 814 850 866 ὲάν
889 815 985 866 καὶ
1038 812 1214 882 φθορᾷ
1261 810 1488 881 γνώμης
1529 812 1604 882 μὴ
1663 812 2028 873 ὑποπέσωσιν,

447 905 593 960 τοῦτ’
620 905 787 968 ἔστιν,
814 906 861 957 εί
912 906 1172 975 ἀτρεπτοι
1205 902 1584 972 διαμείνωσινο
1625 902 1686 955 τὸ
1723 903 1779 956 δὲ
1815 902 2029 972 θνητὸν,

447 996 837 1066 ἀντικειμένως
867 995 1062 1065 τούτῳ.
1106 993 1353 1048 Καθόλου
1387 994 1443 1047 δὲ
1485 994 1730 1047 ἐοίκασιν
1775 995 1825 1046 οἱ
1858 994 2032 1046 τοιοῦ-

450 1107 531 1143 τοι
577 1089 652 1160 μὴ
683 1087 974 1156 γινώσκειν
1001 1087 1070 1140 τὰ
1110 1087 1480 1156 ἀντιστρόφως
1514 1085 1801 1156 λεγόμενα,
1837 1088 1930 1139 καὶ
1958 1086 2032 1150 ὡς

449 1183 513 1235 οὐ
557 1182 734 1235 πάντα
764 1182 832 1234 τὰ
883 1180 1188 1252 ὁμωνύμως
1235 1179 1377 1235 κατά
1435 1197 1596 1232 τινων
1633 1179 1899 1249 λεγόμενα
1933 1181 2032 1232 πέ-

453 1291 624 1344 φυκεν
677 1274 1074 1345 ἀντιστρέφειν.
1129 1272 1187 1325 '0
1241 1271 1340 1341 μὲν
1399 1271 1510 1342 γὰρ
1561 1271 1692 1334 Θεὸς
1763 1271 2035 1334 παντοίως

452 1365 738 1428 ἀθάνατος,
765 1365 827 1418 οὐ
859 1364 963 1434 μὴν
993 1363 1054 1416 τὸ
1079 1361 1346 1415 ἀθάνατον
1372 1362 1494 1432 ἥδη.
1524 1361 1667 1432 Πρὸς
1694 1361 1751 1414 δὲ
1782 1362 1843 1414 τὸ
1876 1361 2036 1433 ἀόρα-

453 1475 566 1521 τον,
597 1457 704 1509 εἰσὶ
773 1453 1032 1526 μέν’[ιῗθ
1060 1452 1114 1524 ιι]
1149 1453 1242 1506 καὶ
1277 1453 1334 1506 αί
1367 1452 1538 1521 ψυχαὶ
1578 1453 1672 1504 καὶ
1703 1453 1752 1504 oi
1779 1450 2033 1520 ἄγγελοι,

453 1548 675 1617 ἀόρατοι
715 1545 815 1616 μὲν
845 1545 924 1615 τῷ
951 1542 1216 1612 ὀφθαλμῷ
1238 1542 1330 1595 τοῦ
1372 1541 1624 1612 σώματος
1655 1541 1836 1612 ἡμῶν,
1870 1543 1928 1594 ἐν
1959 1540 2036 1612 τῷ

455 1635 596 1691 εἶναι
621 1637 779 1699 ἐκτὸς
808 1635 917 1688 τῶν
946 1635 1157 1706 ὁρατῶν
1189 1633 1493 1702 ἰδιωμάτων
1528 1635 1694 1703 (φημὶ
1725 1631 2034 1704 χρώματος,

459 1734 767 1803 σχήματος,
826 1728 1160 1800 μεγέθους),
1211 1728 1400 1797 ὁρατο).
1448 1725 1504 1778 δὲ
1553 1725 1630 1795 τῷ
1679 1725 1777 1796 νῷ,
1821 1726 1849 1778 ὅ
1890 1727 2037 1778 ἐστιν

2131 552 2253 591 ηειη
2307 535 2586 599 dividitur,
2646 545 2700 589 et
2736 536 2945 588 mortali
3007 537 3311 590 immortale
3360 551 3425 590 ex
3464 537 3712 606 oppositu

2133 629 2462 697 respondet:
2493 637 2547 681 et
2581 627 2906 696 intelligitur
2936 628 2991 681 in
3035 629 3321 682 animabus
3364 637 3525 696 atque
3547 643 3712 697 ange-

2133 719 2199 774 lis
2234 718 2634 784 immortalitas,
2669 719 2713 772 si
2773 735 2876 772 non
2937 721 3094 772 modo
3145 720 3302 773 morti
3354 719 3572 774 obnoxii
3605 733 3714 772 non

2133 811 2262 874 sint,
2288 810 2431 878 quod
2462 818 2564 874 est,
2591 826 2698 864 non
2719 810 3105 873 dissolvantur,
3136 819 3322 878 utpote
3349 807 3712 876 incompositi,

2135 915 2190 958 et
2224 920 2318 972 per
2351 917 2540 956 eorum
2593 902 2970 956 eXsistentiam
3028 900 3298 956 immunes
3325 915 3353 953 a
3383 911 3593 963 morte;
3620 901 3715 953 sed

2135 1008 2202 1046 ne
2233 992 2562 1062 corruptioni
2593 992 2810 1058 quidem
2848 991 3044 1045 mentis
3105 990 3482 1053 succumbant,
3532 991 3581 1043 id
3610 1000 3714 1055 est,

2136 1090 2180 1141 si
2215 1085 2516 1140 immobiles
2538 1092 2932 1154 permaneant:
2977 1083 3283 1138 mortalitas
3313 1099 3443 1137 vero
3467 1083 3720 1153 intelligi-

2136 1187 2245 1241 tur,
2277 1177 2320 1230 si
2349 1191 2434 1230 rcs
2468 1184 2656 1229 contra
2685 1188 2744 1228 se
2778 1174 2990 1228 habeat.
3025 1173 3132 1228 Sed
3182 1175 3431 1227 videntur
3472 1174 3715 1229 haeretici

2139 1269 2228 1324 isti
2251 1283 2314 1322 ea
2339 1267 2562 1321 omnino
2585 1267 2856 1335 ignorare,
2873 1279 2992 1333 quae
3014 1265 3268 1318 dicuntur
3292 1266 3565 1334 reciproce
3579 1264 3716 1335 (80),

2139 1376 2242 1416 nec
2270 1360 2430 1424 scire,
2461 1359 2602 1428 quod
2633 1371 2738 1411 non
2770 1357 2950 1411 omnia
2980 1371 3098 1426 qua:
3139 1357 3487 1426 homonyme,
3521 1356 3572 1408 id
3612 1369 3717 1419 e5t,

2139 1453 2332 1508 iisdem
2391 1450 2667 1506 vocabulis
2716 1451 2997 1520 aequivoce
3029 1451 3095 1504 de
3125 1449 3393 1518 aliquibus
3443 1451 3716 1515 dicuntur,

2142 1544 2266 1598 talia
2306 1554 2429 1596 sunt
2458 1553 2517 1596 ut
2552 1543 2830 1610 reciproce
2856 1541 2960 1597 dici
3013 1551 3070 1595 et
3099 1541 3291 1595 inverti
3322 1542 3552 1610 possint.
3582 1541 3716 1595 Nam

2139 1635 2304 1706 375
2331 1637 2470 1690 Deus
2494 1637 2712 1705 quidem
2745 1645 2828 1690 est
2854 1640 3077 1689 omnino
3119 1649 3183 1688 ac
3231 1634 3470 1702 perfecte
3497 1635 3720 1690 inunor-

2141 1729 2264 1783 talis
2288 1747 2302 1781 :
2331 1743 2435 1782 non
2469 1738 2647 1782 tamen
2681 1727 2822 1796 quod
2850 1726 3152 1781 immortale
3178 1736 3282 1792 est,
3305 1726 3560 1780 continuo
3577 1725 3720 1780 Deus

456 1798 612 1896 δῇιζα
647 1823 748 1893 τῆς
776 1798 986 1892 ψυχῆς·
1023 1821 1208 1890 ἐπειδὴ
1245 1819 1318 1890 μὴ
1359 1818 1660 1885 ἀνέφικτοι,
1695 1816 1789 1869 ἆτε
1831 1817 2039 1869 κτιστοὶ

2143 1829 2224 1874 εει
2254 1818 2387 1890 (81).
2425 1816 2576 1884 Quod
2601 1833 2729 1872 vero
2758 1827 2964 1886 spectat
2993 1818 3060 1870 ad
3102 1817 3558 1881 iuvisibilitatem,
3593 1829 3722 1872 sunt

455 1917 556 1986 τὴν
594 1913 828 1987 ὓπαρξίν
879 1915 1040 1978 εἰσιν,
1069 1913 1182 1966 ἁλλ’
1214 1911 1360 1965 ἐστιν
1392 1911 1525 1980 ἡμῖν
1554 1909 1739 1980 νόησις
1782 1911 1909 1980 περὶ
1942 1910 2038 1961 αὑ-

457 2001 583 2055 τῶν.
627 2002 824 2067 Ὥστε,
878 2001 926 2052 εί
991 2001 1084 2053 καὶ
1145 1999 1283 2054 κατά
1355 1997 1662 2071 προσϐολὴν
1730 1999 2036 2068 αἰσθήσεως

457 2092 733 2164 ὀφθαλμοῦ
764 2091 1010 2163 ὄμματος
1041 2093 1282 2164 ἀόρατοι,
1307 2091 1419 2145 ἀλλ’
1449 2086 1541 2143 οὖν
1577 2090 1716 2142 κατὰ
1753 2091 2038 2160 ἀντίληψιν

459 2185 692 2258 θεωρίας
751 2185 1182 2256 ἐπιστημονικῆς
1232 2183 1416 2255 ὁρατοί
1480 2186 1638 2236 εἰσιν.
1683 2183 1740 2235 '0
1789 2182 1846 2235 δὲ
1898 2183 2038 2247 Θεὸς

462 2272 602 2343 ὑπὲρ
634 2273 696 2326 τὸ
732 2275 982 2346 ἀόρατον,
1013 2277 1107 2330 καὶ
1138 2276 1530 2345 ἀφανέστατον,
1561 2276 1656 2328 καὶ
1690 2275 1830 2346 ὑπὲρ
1862 2276 2041 2329 πάντα

461 2362 586 2416 νοῦν
625 2365 906 2437 ὑπάρχων,
953 2367 1014 2419 οὐ
1057 2366 1217 2437 μόνον
1256 2366 1396 2435 ὄψει,
1441 2367 1535 2419 καὶ
1579 2365 1815 2428 συνόλως
1854 2365 2045 2435 αίσθή-

464 2472 566 2520 σει,
607 2458 682 2528 μὴ
717 2459 1068 2524 ὑποπίπτειν,
1099 2458 1238 2512 ἀλλά
1279 2459 1418 2530 μήτε
1456 2458 1532 2529 νῷ
1578 2457 1757 2510 αὐτῶν
1795 2457 2043 2526 ἀγγέλων

462 2547 766 2618 ἐνορᾶσθαι.
803 2549 894 2602 διὰ
932 2548 994 2602 τὸ
1034 2549 1422 2620 ἀκατάληπτον
1460 2549 1553 2603 καὶ
1592 2549 1907 2621 ἀπρόσιτον,
1949 2549 2047 2602 πέ-

464 2657 652 2708 φυκεν.
681 2642 803 2696 Ὅτι
848 2643 947 2714 μὲν
975 2643 1084 2715 γὰρ
1126 2642 1242 2696 ἔστι
1289 2643 1444 2707 Θεὸς,
1473 2646 1609 2697 πᾶσι
1648 2642 1954 2714 γνώριμονο
1990 2641 2044 2694 τί

461 2729 538 2793 δὲ,
566 2731 599 2800 ἢ
632 2731 748 2795 πῶς
774 2733 1008 2804 ὑπάρχει
1042 2733 1336 2806 θεωρῆσαι,
1379 2735 1598 2788 πάντων
1635 2733 1744 2786 τῶν
1793 2731 2042 2802 φυσικῶν

463 2820 896 2878 δυσαλωτότατον
931 2825 1288 2896 καθέστηκεν.
1326 2825 1501 2897 ’ορθῷ
1545 2824 1639 2877 οὖν
1683 2823 2036 2898 προσερῤήθη

461 2914 648 2985 τρόπῳ
689 2915 767 2986 τῷ
820 2917 1098 2988 εἰρημένῳ
1152 2937 1170 2968 ι
1203 2918 1361 2988 μόνος
1420 2917 1710 2980 ἀθάνατος,
1765 2917 1930 2984 σοφός
1976 2933 2038 2968 τε

463 3004 615 3069 Θεὸς,
643 3007 736 3059 καὶ
765 3008 1016 3080 ἀόρατος.
1041 3027 1060 3060 ›

2145 1914 2362 1982 quidem
2394 1926 2515 1965 cum
2571 1912 2788 1974 animm,
2840 1923 2950 1964 tum
3001 1910 3174 1980 angeli
3214 1909 3510 1965 invisibiles
3565 1910 3721 1964 oculo

2146 2006 2387 2073 corporis
2413 2005 2604 2069 nostri,
2636 2006 2760 2073 quia
2796 2015 2980 2058 carent
3038 2004 3343 2058 visibilibus
3382 2005 3722 2074 proprietati-

2146 2099 2271 2163 bus,
2297 2099 2480 2152 colore
2511 2098 2972 2163 scilicel,habltu,
3000 2098 3368 2166 magnitudine
3395 2096 3510 2168 (82)
3546 2111 3561 2148 :
3595 2098 3724 2149 visi-

2149 2192 2282 2244 biles
2307 2200 2483 2245 autem
2523 2201 2648 2244 sunt
2678 2192 2864 2253 menti,
2898 2191 2986 2257 qui
3018 2201 3100 2244 εει
3119 2191 3307 2245 oculus
3331 2191 3558 2244 animae:
3591 2205 3724 2258 quo-

2145 2284 2290 2337 niam
2344 2283 2922 2352 incomprehensibilcs
3000 2298 3105 2336 non
3168 2283 3485 2348 exsistunt,
3539 2291 3724 2352 utpote

2150 2374 2344 2439 creati,
2370 2376 2464 2428 sed
2492 2389 2587 2428 eos
2615 2383 2793 2427 mente
2828 2374 3113 2443 complecti
3163 2384 3216 2428 et
3239 2373 3561 2443 cogitatione
3577 2388 3726 2427 asse-

2149 2464 2238 2532 qui
2264 2477 2574 2532 possumus.
2645 2462 2830 2530 Itaque
2887 2463 2988 2518 etsi
3047 2473 3290 2532 spectato
3339 2463 3585 2533 corporei
3612 2461 3723 2533 (85)

2149 2556 2288 2610 oculi
2319 2557 2546 2625 appulsu
2617 2572 2680 2610 ac
2715 2571 2876 2612 sensu
2933 2558 3041 2612 sint
3095 2556 3396 2611 invisibiles
3427 2596 3442 2622 ,
3486 2567 3724 2626 spectata

2153 2656 2332 2700 tamen
2357 2647 2830 2716 contemplatione,
2880 2665 2943 2704 ac
2987 2649 3236 2714 scientia,
3273 2667 3374 2718 qua
3429 2664 3524 2704 eos
3551 2651 3729 2720 percl-

2151 2753 2281 2806 pere
2311 2739 2553 2792 valemus
2605 2753 2660 2794 et
2694 2741 3176 2809 comprehendere,
3216 2739 3457 2794 visibiles
3487 2749 3632 2794 sunt.
3657 2741 3730 2793 At

2157 2845 2286 2883 vero
2310 2829 2451 2884 Deus
2478 2846 2599 2884 cum
2658 2848 2818 2902 supra
2875 2832 3166 2896 invisibile,
3207 2842 3264 2887 et
3296 2848 3459 2902 supra
3507 2831 3556 2885 id
3582 2832 3729 2902 quod

2152 2919 2389 2974 maxime
2427 2920 2698 2974 occultum
2738 2930 2839 2986 est,
2870 2933 2921 2975 et
2947 2938 3109 2991 supra
3141 2937 3356 2978 omnem
3379 2932 3616 2976 mentem
3639 2937 3730 2976 ex-

2068 3008 2108 3064 C
2144 3013 2322 3077 sistat,
2356 3028 2459 3066 non
2507 3013 2664 3066 modo
2719 3013 2819 3068 sub
2869 3014 3152 3078 visionem,
3202 3021 3296 3066 aut
3344 3013 3568 3066 omnino
3625 3016 3728 3067 sub

467 3112 684 3152 sensum
742 3100 936 3154 cadere
969 3115 1073 3154 non
1145 3109 1342 3169 potest.
1394 3099 1488 3156 sed
1533 3113 1600 3154 ne
1649 3108 1830 3155 mente
1895 3102 2112 3169 quidem
2157 3104 2394 3172 ipsorum
2421 3103 2734 3171 angelorum
2760 3102 2972 3171 inspici,
3013 3104 3155 3170 quod
3197 3105 3268 3158 sit
3313 3103 3730 3173 incomprehen-

464 3188 638 3244 sibilis
665 3201 721 3245 et
770 3190 1179 3246 inaccessibilis.
1239 3192 1392 3258 Quod
1447 3191 1590 3246 enim
1623 3190 1764 3246 Deus
1791 3192 2042 3257 exsistat,
2082 3195 2333 3249 omnibus
2377 3204 2561 3250 notum
2583 3206 2709 3249 est:
2749 3195 2876 3263 quid
2941 3207 3144 3259 autem,
3203 3205 3296 3250 aut
3326 3199 3598 3267 quomodo
3629 3196 3722 3261 sit,

471 3291 667 3336 creatae
716 3285 914 3337 mentis
958 3282 1255 3352 speculatio
1303 3283 1517 3351 assequi
1578 3297 1683 3336 nou
1743 3283 1884 3338 valet
1933 3301 2432 3356 :quarumcunque
2465 3287 2608 3340 enim
2697 3287 3024 3342 naturalium
3090 3303 3270 3342 rermn
3342 3289 3704 3359 cognitionem

465 3372 704 3443 cognitio
737 3374 839 3426 ista
893 3374 1352 3446 praetergreditur.
1401 3373 1570 3428 Recte
1615 3371 1728 3444 (84)
1761 3389 1891 3445 ergo
1917 3377 2180 3444 przedicto
2239 3379 2401 3432 modo
2425 3379 2602 3432 dictus
2627 3379 2726 3431 l'uit
2753 3397 2771 3428 ι
2811 3378 2958 3432 εοΙυε
2990 3377 3334 3445 immortalis,
3393 3390 3448 3434 et
3507 3382 3731 3449 sapiens

465 3465 628 3532 Deus,
657 3477 713 3522 et
741 3467 1044 3524 invisibilis.
1071 3485 1090 3518 ι

1109 3560 1267 3613 ΚΕΦ.
1297 3555 1392 3612 lZ'.

534 3649 646 3702 Καὶ
696 3647 801 3720 μὴν
871 3648 967 3703 καὶ
1032 3647 1100 3702 τὰ
1151 3649 1301 3721 παρά
1339 3649 1557 3723 Ἰωάννῃ
1623 3649 1900 3723 ἀμώμητοι
1947 3654 2042 3706 κα)⁸

461 3742 805 3815 ἀνεπίληπτα
847 3742 942 3797 τοῦ
983 3744 1198 3798 πάντων
1257 3744 1464 3815 Κυρίου
1534 3746 1788 3815 ῥήματα,
1829 3745 1900 3798 τὰ
1947 3745 2038 3799 λέ-

467 3849 657 3900 γοντα·
697 3850 720 3884 ι
744 3833 953 3904 ’Ὠσπερ
992 3835 1022 3886 ὁ
1055 3834 1244 3905 Πατὴρ
1290 3835 1434 3904 ζωὴν
1482 3834 1597 3906 ἔχει
1633 3837 1690 3888 ὲν
1724 3835 1920 3907 ἐαυτῷ,
1951 3835 2044 3889 οὖ-

464 3942 575 3987 τως
637 3923 806 3978 ἔδωκε
846 3926 940 3979 καὶ
987 3925 1066 3996 τῷ
1097 3925 1210 3996 req,
1243 3925 1386 3998 ζωὴν
1421 3927 1565 3997 ἔχειν
1594 3928 1652 3980 ὲν
1700 3927 1909 3998 ἐαυτῷ·
1949 3930 2044 3982 καὶ

466 4015 714 4082 ἐξουσίαν
753 4018 952 4071 ἔδωκεν
989 4017 1141 4088 αὐτῷ
1190 4017 1373 4090 κρίσιν
1423 4021 1617 4083 ποιεῖν,
1660 4020 1741 4072 ὅτι
1781 4020 1908 4083 Υἱὸς
1954 4021 2048 4075 ἀν-

467 4106 684 4179 θρώπου
721 4109 899 4162 ἐστίν’
932 4127 953 4162 ι
988 4110 1083 4164 καὶ
1121 4109 1310 4164 πάλιν·
1351 4127 1371 4162 ι
1395 4111 1502 4173 Οὓς
1546 4109 1753 4175 ἔδωκάς
1807 4129 1924 4182 μοι,
1966 4114 2049 4166 σοὶ

466 4195 624 4270 ἦσαν,
652 4201 746 4254 καί
772 4201 895 4272 ἐμοὶ
922 4201 1120 4264 αὐτοὺς
1144 4201 1382 4264 ἔδωκαςο
1411 4221 1430 4253 ι
1459 4205 1552 4255 καὶ
1583 4202 1748 4256 πάλιν
1770 4219 1785 4234 ο
1816 4223 1834 4254 ι
1863 4204 2048 4258 Πάντα

471 4307 561 4362 μοι
594 4292 866 4364 παρεδόθη
903 4291 1054 4364 παρά
1097 4292 1190 4346 τοῦ
1223 4294 1435 4366 Πατρός
1479 4309 1610 4364 μου·
1639 4313 1656 4346 ι
1707 4295 1802 4348 καὶ
1849 4295 2010 4349 πάλιν
2033 4313 2046 4324 ·

473 4513 598 4567 tulis
622 4518 841 4571 secundi
885 4534 948 4574 ac
994 4520 1136 4574 tertii
1184 4520 1304 4575 libri
1343 4535 1374 4576 e
1421 4519 1809 4575 Passroneiano
1856 4521 2041 4574 codice
2079 4513 2122 4568 D

471 4585 720 4659 superius
744 4589 973 4659 lideliter
1002 4590 1290 4658 exscriptis
1309 4634 1323 4656 ,
1367 4601 1478 4644 tmn
1507 4607 1571 4646 ex
1606 4605 1726 4659 pag.
1761 4591 1884 4654 146,
1913 4591 2038 4656 175,

472 4653 578 4707 185
617 4665 671 4727 ει
698 4657 836 4723 219ς
871 4668 992 4713 tum-
1026 4653 1242 4714 demu'm
1292 4653 1358 4714 ex
1400 4653 1640 4725 Socrate,
1670 4653 1757 4727 qui
1801 4653 1937 4713 libro
1965 4653 2039 4722 ιν,

470 4723 702 4799 σειρῇ,
722 4742 856 4799 opus
886 4730 1048 4784 hocce
1073 4730 1338 4799 appellat:
1371 4730 1446 4784 Τὰ
1473 4731 1606 4798 περὶ
1630 4723 1884 4796 ’Τριτίδος
1911 4731 2045 4798 τρία

469 4793 696 4856 βιϐλία.
735 4797 890 4852 Parvi
927 4793 1157 4854 forsitan
1184 4803 1440 4855 momenti
1467 4793 1736 4856 videbitur
1780 4793 1893 4854 haec
1936 4793 2034 4854 ad-

469 4867 678 4939 notatio
703 4905 718 4931 ,
746 4869 839 4939 sed
871 4870 1047 4936 reipsa
1085 4884 1189 4924 non
1221 4881 1305 4923 est
1347 4870 1655 4939 hujusmodi
1683 4888 1698 4935 ;
1727 4871 1871 4924 valet
1897 4871 2043 4924 enim

471 4934 618 5008 adid
644 4934 1073 5008 conﬁrmandum
1109 4941 1252 5007 quod
1277 4934 1436 5006 volui
1469 4941 1622 4994 citari
1660 4934 1854 5008 nempe
1888 4943 1978 4994 hic
2013 4956 2042 4993 a

473 5002 697 5078 Didyme
722 5022 856 5075 opus
878 5007 954 5062 De
975 5002 1180 5078 Spiritu
1199 5021 1376 5063 sancto
1411 5002 1478 5064 ab
1510 5002 1836 5078 llieronyuio
1864 5024 2043 5064 trans-

471 5071 659 5141 latu'in,
703 5071 806 5130 utin
852 5093 978 5131 vero
1016 5071 1320 5133 "secundum
1371 5095 1437 5134 ex
1486 5083 1657 5132 tribus
1710 5071 1857 5134 hisce
1891 5079 2043 5134 libris

471 5141 546 5217 l_)e
588 5142 870 5217 Trinitate,
905 5150 1154 5217 quamvis
1191 5151 1333 5203 hunc
1367 5149 1622 5203 librarius
1661 5150 1996 5217 inscripserit
2027 5166 2040 5201 ε

471 5213 607 5280 Περὶ
637 5215 743 5268 τοῦ
771 5213 944 5286 ἀγ*ίού
973 5220 1340 5288 Πνεύματος,
1369 5220 1420 5272 id
1451 5231 1555 5283 est,
1581 5218 1653 5273 De
1689 5213 1892 5287 Spiritu
1919 5237 2044 5272 san-

471 5291 573 5346 cto,
606 5297 886 5358 propterea
917 5291 1058 5358 quod
1091 5293 1158 5343 de
1181 5291 1380 5357 Spiritu
1412 5302 1597 5343 sancto
1625 5290 1695 5343 ibi
1741 5303 1920 5343 sermo
1952 5291 2042 5355 sit,

469 5364 624 5426 Sicut
637 5356 703 5409 de
730 5355 867 5410 Filio
890 5355 1070 5412 sermo
1095 5369 1180 5413 est
1207 5355 1256 5414 in
1288 5359 1462 5426 primo
1493 5359 1648 5412 libru.

541 5422 655 5492 (79)
689 5425 764 5477 Ab
798 5426 1110 5483 immortali.
1141 5422 1343 5493 Codex,
1377 5428 1454 5500 τῷ
1489 5429 1724 5500 θανάτῳ.
1771 5428 1936 5498 LegO.
1967 5428 2046 5500 τῷ

468 5490 740 5544 ἀθανάτω.

539 5509 740 5548 ανατω.

541 5563 653 5631 (80)
673 5547 746 5619 ἀὲ

470 5633 736 5702 στρόφως.

530 5707 649 5772 «(81)
683 5704 823 5758 Deus
848 5715 957 5779 est.
1005 5705 1128 5779 H_:ec
1169 5707 1346 5760 addidi
1389 5725 1454 5762 ex
1487 5709 1796 5779 conjectura
1829 5725 1843 5773 ;
1881 5709 2039 5765 deest

471 5785 611 5826 enim
643 5776 952 5828 vocabulum
987 5777 1201 5844 aliquod
1230 5779 1279 5828 in
1308 5781 1513 5833 codice.
1547 5776 1634 5835 es.
1664 5797 1743 5849 gr.
1782 5779 1932 5842 Θεὸς.

707 5866 978 5926 ΡΑΤιιοι..
1017 5867 1135 5928 Gn.
1172 5867 1473 5928 XXXIX.

747 5568 971 5636 ciproce.
1026 5566 1228 5633 Codex,
1276 5568 1669 5640 ἀντιστρόπως.
1701 5569 1864 5637 Lego,
1893 5569 2043 5622 ἀντι-

2756 3558 2908 3614 CAP.
2953 3559 3111 3614 XVII.

2221 3651 2386 3722 Atqui
2414 3653 2578 3708 verba
2607 3651 2772 3706 etiam
2815 3651 3315 3720 irreprebensibllia
3364 3652 3729 3723 etinculpata,

2150 3758 2270 3812 qua:
2295 3744 2364 3798 ab
2387 3745 2628 3799 omnium
2661 3743 2892 3800 Domino
2925 3745 3066 3809 apud
3095 3741 3359 3798 Joannem
3397 3745 3540 3799 dicta
3569 3755 3729 3801 sunt:

2156 3837 2349 3891 «Sicut
2379 3835 2492 3909 (85)
2543 3836 2704 3891 Pater
2764 3837 2932 3890 vitam
2991 3837 3154 3892 habet
3195 3837 3247 3891 in
3308 3837 3620 3906 semetipso,
3648 3837 3731 3892 sic

2151 3928 2301 3984 dedit
2328 3939 2382 3982 et
2418 3929 2556 3984 Filio
2591 3930 2758 3984 vitam
2824 3930 3026 3984 habere
3064 3930 3117 3984 in
3152 3931 3476 3998 semetipso;
3499 3939 3552 3985 et
3578 3939 3732 4001 pote-

2147 4028 2341 4074 statem
2360 4021 2507 4075 dedit
2525 4021 2622 4090 ipsi
2645 4019 2908 4088 judicium
2938 4019 3140 4086 facere,
3166 4021 3291 4089 quia
3314 4020 3484 4076 Filius
3497 4021 3732 4076 hominis

2147 4121 2265 4176 est;
2298 4130 2317 4163 ι
2347 4121 2401 4166 et
2432 4127 2660 4166 rursus:
2701 4131 2720 4164 ‹
2757 4111 2904 4179 Quos
2961 4113 3153 4168 dedisti
3186 4111 3296 4184 (86)
3326 4113 3457 4167 mihi
3488 4112 3622 4182 (87),
3651 4114 3729 4167 tui

2149 4215 2328 4269 erant,
2352 4216 2407 4260 et
2433 4207 2560 4261 mihi
2594 4221 2688 4261 eos
2708 4207 2902 4262 dedisti
2926 4224 2942 4274 ;
2969 4226 2988 4259 ι
3017 4218 3274 4261 etrursus
3298 4223 3314 4261 :
3352 4224 3370 4256 ι
3403 4203 3596 4260 Omnia
3616 4204 3728 4276 (88)

2152 4296 2284 4350 mihi
2320 4297 2513 4350 tradita
2543 4305 2670 4350 sunt
2697 4313 2727 4349 a
2755 4295 2917 4351 Patre
2950 4313 3106 4364 meo;
3154 4315 3173 4349 ι
3207 4306 3262 4351 ει
3301 4310 3524 4350 rursus:
3551 4313 3572 4348 ε
3597 4295 3730 4351 Data

2224 4520 2335 4592 (82)
2371 4521 2757 4590 Magnitudine.
2798 4519 2878 4592 En
2932 4517 3164 4589 μέγεθος
3224 4519 3373 4592 illud,
3425 4519 3476 4571 id
3528 4527 3727 4592 esl_,__e:t

2152 4609 2171 4642 r
2200 4589 2575 4658 magnitudo,»
2639 4607 2800 4658 quam
2850 4589 2960 4644 Deo
3005 4594 3229 4657 denegat
3257 4591 3545 4658 Didymus.
3597 4589 3730 4642 Vide

2145 4663 2341 4717 similia
2381 4661 2632 4730 Origeuis
2658 4663 2816 4730 verba
2857 4676 2980 4728 pag.
3013 4660 3115 4730 115
3143 4674 3176 4730 a
3206 4675 3288 4730 me
3313 4660 3496 4730 allata.

2218 4732 2329 4803 (85)
2366 4727 2634 4797 Cor-porci.
2667 4729 2720 4783 In
2751 4727 2960 4803 (ἐτίθει),
2999 4727 3278 4799 ὀφθαλμοῦ
3313 4729 3581 4803 δμματος.
3619 4729 3727 4783 Ita-

2186 4799 2252 4856 ne
2281 4799 2371 4854 aut
2406 4803 2684 4870 legendum
2715 4799 2988 4869 σώματος,
3021 4803 3071 4853 id
3101 4809 3206 4862 est,
3237 4818 3255 4849 ι
3284 4799 3556 4869 corporis,
3583 4818 3602 4850 ι
3631 4815 3729 4870 pro

2186 4819 2252 4856 ne
2281 4819 2371 4854 alll
2406 4819 2684 4870 tegcnaum
2715 4819 2988 4869 σωματος,
3022 4819 3071 4853 ια
3101 4819 3206 4862 (εει,
3237 4819 3255 4849 ί
3284 4819 3556 4869 COI'pOl'IS,
3583 4819 3602 4850 ι
3631 4819 3729 4870 pro

2145 4819 2414 4942 gppazog,
2467 4881 2524 4923 ut
2569 4871 2682 4940 ipse
2729 4872 2997 4942 legi;raut
3046 4874 3364 4942 alterutrum
3397 4884 3470 4942 ex
3517 4871 3730 4924 duobus

2146 4940 2422 4997 vocabulis
2471 4956 2538 4994 ex
2598 4941 2840 5009 margine
2877 4941 2927 4992 in
2961 4950 3162 4993 textum
3221 4940 3502 5008 irrepsisse
3539 4951 3730 5009 putan-

2147 5015 2274 5065 dum
2309 5024 2421 5074 est;
2463 5020 2556 5064 aut
2585 5012 2800 5066 demum
2828 5009 2984 5080 ὄμμα
3019 5027 3126 5064 non
3167 5011 3404 5072 oculum,
3439 5011 3531 5066 sed
3566 5009 3729 5064 visio—

2146 5097 2268 5137 nem
2293 5083 2533 5135 denotat.

2217 5151 2329 5222 (84)
2358 5151 2532 5206 Recte.
2564 5149 2742 5205 Codex
2785 5149 3048 5222 ὀρθῷ.....
3082 5149 3270 5222 τρόπῳ
3320 5149 3399 5222 τῷ
3431 5149 3726 5221 εἰρημένῳ,

2146 5223 2200 5279 id
2229 5233 2331 5285 est,
2383 5242 2401 5274 ι
2427 5231 2574 5275 recto
2619 5237 2783 5274 sensu
2821 5237 2980 5290 quem
3029 5222 3166 5276 dixi.
3195 5241 3214 5272 ι
3250 5222 3356 5275 Sed
3406 5222 3727 5277 concmnior

2144 5295 2359 5347 videtur
2384 5291 2782 5363 Ιεοιίο,όρθῶς.
2979 5362 2986 5363 ί
3785 5289 3790 5296 ι

2217 5363 2331 5434 (85)
2366 5363 2536 5434 Sicut.
2566 5361 2731 5434 Joan.
2763 5376 2817 5434 V_,
2845 5361 2939 5423 26,
2967 5362 3060 5418 27.

2218 5431 2332 5504 (86)
2371 5433 2514 5499 Quos
2540 5433 2751 5504 dedisti.
2783 5431 2936 5486 JOan.
2965 5449 3102 5496 xvtl,
3141 5433 3193 5488 6.

2220 5497 2331 5573 (87)
2364 5497 2519 5556 Mihi.
2569 5503 2758 5556 Graeca
2807 5505 2974 5557 editio
3034 5505 3121 5558 hic
3179 5504 3350 5566 addit,
3391 5505 3456 5556 ὲκ
3507 5498 3601 5552 τοῦ

2149 5568 2321 5646 om;
2347 5577 2396 5628 id
2423 5587 2530 5636 εει,
2569 5592 2592 5646 «Α
2615 5588 2679 5646 ex
2717 5575 2937 5646 mundo.
2967 5593 2984 5624 ι
3024 5576 3155 5640 Quae
3185 5575 3345 5626 verba
3372 5573 3424 5625 iu
3459 5568 3733 5625 nonnullis

2149 5644 2443 5700 BlilllOl‘lllll
2477 5644 2756 5697 codicibus
2796 5644 3013 5697 desunt.

2219 5716 2328 5788 (88)
2369 5714 2579 5769 Omnia.
2616 5711 2798 5767 Matth.
2837 5730 2911 5776 χι,
2943 5714 3030 5767 ‘27.

3329 5870 3406 5928 23
