4056 6392
417 327 522 383 875

1653 328 1890 385 manu
1927 308 2393 386 ALEXANDRTNI

3558 325 3665 382 87B

413 442 624 517 est(89)
654 444 784 500 mihi
810 444 985 500 omnis
1005 452 1243 515 potestas
1261 444 1315 499 in
1339 447 1498 511 coelo,
1520 457 1575 503 et
1603 449 1656 503 in
1686 459 1859 515 terra;
1900 465 1921 501 ι
1942 462 1970 504 e

2105 468 2123 500 ι
2163 449 2347 520 Ἐδόθη
2387 466 2477 520 μοι
2508 451 2655 503 πᾶσα
2672 450 2887 515 ἐξουσία
2904 452 2962 503 ἐν
2994 447 3209 521 οὐρανῷ
3244 448 3339 503 καὶ
3368 448 3461 501 ἐπὶ
3475 447 3606 519 γῆς·
3640 466 3658 498 ι

413 536 581 591 verba
631 535 889 591 Davidis:
919 534 1186 592 «Postula
1240 526 1352 607 (90)
1389 554 1417 592 a
1464 553 1575 604 me,
1630 549 1686 594 et
1732 540 1871 595 dabo
1895 539 1988 594 tibi

414 638 602 696 gentes
637 627 1005 681 haereditatem
1035 636 1207 691 tuam,
1256 638 1310 682 et
1335 637 1653 697 potestatem
1699 638 1845 683 tuam
1885 636 1992 683 ter-

416 719 592 772 minos
628 726 822 784 terrae;
862 735 881 768 ι
912 726 967 771 et
995 717 1100 772 alia
1131 718 1213 774 bis
1260 719 1478 786 similia,
1532 718 1854 774 ineﬂ‘abilem
1905 718 1991 774 ln-

414 808 789 865 carnationem
816 808 981 880 376
1006 810 1283 865 denotant.
1317 811 1448 865 Rem
1489 821 1670 866 autem
1719 812 1793 867 ita
1818 826 1878 866 se
1898 812 1991 865 ha-

414 899 545 955 bere
574 910 781 955 certum
819 910 923 965 est,
960 901 1124 970 idque
1155 910 1307 955 extra
1328 902 1752 956 controversiam
1784 909 1989 970 ponunt

411 992 576 1047 verba
603 992 738 1055 haec,
771 1006 890 1060 quae
943 992 1125 1046 statim
1151 991 1517 1062 adiunguntur
1550 1009 1564 1045 :
1607 1010 1625 1043 ι
1652 991 1787 1058 Quia
1813 990 1986 1047 Filius

411 1082 649 1137 hominis
705 1090 828 1148 est;
860 1100 878 1133 ι
923 1090 984 1136 ut
1044 1081 1271 1152 proinde
1338 1096 1549 1147 omnes,
1599 1084 1690 1150 qui
1719 1082 1894 1136 anima
1921 1097 1985 1137 ac

411 1186 574 1227 sensu
607 1171 765 1241 plane
792 1172 1036 1226 destituti
1068 1185 1171 1224 non
1200 1170 1327 1235 sint,
1354 1172 1510 1226 nobis
1527 1181 1787 1241 cogantur
1803 1185 1985 1227 assen-

410 1262 526 1316 tiri.
559 1260 693 1316 Nam
751 1277 871 1316 cum
926 1260 1217 1316 benevolus
1261 1270 1409 1315 esset
1456 1271 1643 1316 nostro
1689 1263 1894 1332 generi,
1927 1273 1983 1317 et

407 1353 709 1408 voluntarie
728 1351 905 1408 factus
921 1362 1065 1408 esset
1089 1367 1294 1423 pauper
1314 1367 1500 1417 carne,
1524 1353 1979 1422 quemadmodum

409 1445 600 1501 scribit
629 1444 827 1500 Paulus
859 1443 995 1517 (9i),
1023 1454 1081 1499 ut
1100 1460 1224 1510 nos,
1253 1445 1343 1515 qui
1375 1445 1700 1500 omnimodis
1753 1444 1981 1514 iacturis

408 1546 464 1592 et
496 1537 885 1591 mutationibus
918 1550 1041 1590 cum
1067 1546 1291 1607 propter
1340 1547 1497 1592 vetus
1524 1547 1826 1606 peccatum,
1866 1547 1976 1592 tum

405 1640 629 1700 propter
662 1628 906 1684 recentia
936 1628 1157 1683 obnoxii
1209 1642 1449 1693 eramus,
1496 1627 1615 1698 ejus
1665 1637 1979 1696 paupertate

405 1720 821 1783 ditesceremus,
856 1732 1088 1787 cumque
1123 1718 1282 1773 modo
1314 1718 1566 1773 omnibus
1606 1718 1724 1772 utili
1753 1733 1813 1772 se
1835 1733 1978 1789 gere-

2091 541 2185 593 καὶ
2216 541 2310 594 τοῦ
2348 541 2511 594 Δαυτδ
2532 558 2545 571 υ
2586 561 2604 592 ι
2631 542 2860 611 Αἴτησαι
2904 542 3034 609 παρ’
3064 539 3221 609 ἐμοῦ,
3266 538 3363 592 καὶ
3393 535 3550 591 δώσω
3582 553 3665 590 σοι

2087 632 2218 703 ἔθνη
2250 634 2347 704 τὴν
2392 632 2757 704 κληρονομίαν
2797 650 2892 688 σου
2921 632 3048 704 [179
3071 630 3124 703 b]
3164 672 3179 695 ,
3203 630 3299 683 καὶ
3345 628 3447 701 τὴν
3496 627 3663 680 κατὰ·

2090 724 2272 795 σχεσίν
2307 741 2398 777 σου
2423 724 2491 776 τὰ
2532 723 2743 794 πέρατα
2797 723 2895 794 τῆς
2919 723 3051 793 γῆς·
3080 741 3100 774 ι
3152 721 3246 775 καὶ
3278 721 3378 773 ὅσα
3415 718 3657 783 τοιαῦτα,

2086 816 2185 888 τὴν
2225 817 2504 887 ἄφραστον
2541 816 2849 886 οἰκονομίαν
2891 815 3057 886 δηλοῖ.
3101 814 3212 868 Καὶ
3258 812 3471 883 ἄμαχον
3502 808 3658 863 τοῦτο

2086 909 2245 961 πλέον
2276 910 2437 970 ποιεῖ,
2473 905 2568 961 καὶ
2612 908 2817 970 πάντας
2849 907 3166 975 ἀναγκάζει,
3204 903 3331 967 τούς
3363 920 3427 971 γε
3469 902 3541 973 μὴ
3572 918 3654 954 τε»-

2084 998 2221 1062 λέως
2246 998 2505 1067 ἀψύχους,
2558 997 2901 1050 συντίθεσθαι
2936 999 3069 1067 ἡμῖν
3109 996 3169 1049 τὸ
3201 996 3363 1058 εὐθὺς
3400 995 3654 1065 προσκεϊι

2086 1090 2240 1143 σθαι’
2281 1109 2299 1141 ι
2326 1091 2448 1143 Ὅτι
2484 1090 2612 1153 Υἱὸς
2650 1088 2940 1160 ἀνθρώπου
2987 1089 3153 1143 ἐστίν.
3179 1106 3197 1137 ι
3250 1085 3510 1156 Εὐμενῶς
3546 1083 3652 1155 γὰρ

2083 1178 2220 1249 ἔχων
2274 1178 2409 1249 πρὸς
2459 1179 2520 1231 τὸ
2571 1179 2727 1247 γένος
2764 1179 2952 1248 ἡμῶν,
2998 1177 3094 1230 καὶ
3139 1176 3281 1230 ἑκὼν
3334 1174 3653 1245 πτωχεύσεις

2084 1270 2268 1339 σαρκὶ,
2296 1270 2373 1332 ὡς
2416 1270 2619 1341 γράφει
2649 1270 2678 1321 ὁ
2715 1269 2945 1333 Παῦλος,
2982 1269 3049 1322 ἵν’
3085 1270 3265 1340 ἡμεῖς,
3291 1269 3339 1321 oi
3371 1266 3651 1328 παντοίαις

2083 1359 2306 1430 βλάϐαις
2339 1362 2430 1414 καὶ
2466 1359 2807 1431 μεταϐολαῖς,
2830 1360 2918 1413 διά
2947 1376 3007 1412 τε
3036 1360 3138 1430 τὴν
3166 1359 3400 1431 ἀρχαίαν
3433 1358 3529 1410 καὶ
3553 1355 3650 1419 τάς

2082 1452 2429 1522 προσφάτους
2494 1452 2802 1523 ἁμαρτίας,
2863 1452 3248 1522 ὑποκείμενοι,
3309 1452 3376 1519 τῇ
3443 1449 3647 1504 ἐκείνου

2079 1541 2322 1612 πτωχείᾳ
2356 1541 2777 1612 πλουτήσωμενο
2813 1541 2907 1595 καὶ
2934 1542 3098 1595 πᾶσιν
3128 1540 3449 1612 προσφόρως
3484 1554 3650 1609 προσ-

2080 1632 2408 1704 φερόμενος,
2465 1635 2531 1703 τῇ
2592 1634 2723 1704 ἡμῖν
2776 1633 3056 1703 συντρόφῳ
3111 1632 3310 1702 ἐχρῆτο
3363 1630 3645 1700 διαλέκτῳ,

2077 1724 2226 1788 ὅπως
2271 1723 2369 1795 τὴν
2413 1723 2725 1794 οἰκονομίαν
2776 1723 3065 1794 συνιῶμεν,
3113 1724 3188 1794 μὴ
3227 1722 3305 1791 τῷ
3351 1721 3499 1791 ὄγκῳ
3550 1720 3647 1790 τῆς

403 1820 509 1877 ret,
543 1810 774 1866 dialecto
833 1810 991 1865 nobis
1047 1808 1116 1864 ab
1156 1809 1486 1865 incunabilis
1524 1808 1773 1863 familiari
1797 1810 1970 1865 uteba-

2080 1815 2230 1878 θείας
2281 1790 2759 1885 ἀποθαμὸούτμενοι
2810 1790 3083 1885 φράσεως.
3115 1790 3326 1884 ’Ἶίρκει
3390 1790 3498 1883 γὰρ
3555 1812 3647 1865 καὶ

405 1912 516 1970 tur,
545 1912 605 1957 ut
630 1902 1062 1958 lncarnationem
1092 1901 1542 1972 intelligeremus,
1582 1915 1756 1970 neque
1777 1916 1877 1956 nos
1895 1902 1979 1956 di-o

401 1993 544 2048 vina:
577 1993 864 2050 locutionis
890 1992 1196 2048 sublimitas
1225 1992 1698 2061 obstupefaceret;
1740 1992 1823 2047 vel
1866 1993 1978 2047 sola

401 2085 547 2141 enim
571 2084 828 2139 miracula
857 2083 992 2138 satis
1048 2083 1412 2137 ostendebant
1457 2082 1631 2150 ipsum
1659 2097 1781 2137 esse
1808 2082 1976 2137 Deum

400 2178 539 2233 initii
570 2188 868 2248 expertem,
931 2192 996 2233 ac
1052 2177 1255 2232 nullius
1300 2186 1583 2246 egentem:
1614 2178 1750 2232 adeo
1778 2187 1837 2231 ut
1870 2193 1979 2231 mo-

399 2269 553 2325 deste
580 2267 804 2336 loquens
830 2268 995 2322 etiam
1025 2266 1142 2321 haec
1162 2266 1364 2321 dixerit
1396 2284 1410 2320 :
1448 2284 1468 2316 ι
1501 2263 1696 2334 Vulpes
1721 2267 1834 2335 agri
1862 2266 1974 2335 (92)

398 2358 584 2414 foveas
612 2357 833 2423 habent,
876 2365 934 2411 et
980 2355 1352 2425 volucres(95)
1389 2353 1512 2409 caali
1575 2355 1762 2421 nidos;
1805 2355 1975 2411 Filius

399 2461 578 2506 autem
604 2450 845 2505 hominis
871 2464 977 2503 non
1008 2449 1172 2503 habet
1208 2448 1297 2501 ubi
1323 2456 1487 2517 caput
1527 2446 1750 2502 inclinet
1780 2447 1894 2518 (94)
1922 2465 1967 2501 ι)

398 2557 503 2597 nec
521 2542 664 2597 enim
699 2538 815 2612 (95)
833 2541 1252 2596 decebatrerum
1282 2540 1527 2594 omnium
1563 2539 1838 2595 dominum
1858 2539 1971 2611 (96)

399 2634 603 2703 aliquid
640 2634 693 2689 in
726 2644 870 2688 terra
924 2632 1228 2704 possidere,
1284 2633 1426 2702 quod
1472 2630 1588 2700 ejus
1610 2631 1771 2687 veluti
1805 2648 1969 2703 pecu-

398 2725 612 2779 liariter
666 2724 946 2794 proprium
999 2732 1161 2779 esset.
1202 2721 1473 2777 Praeterea
1527 2736 1657 2777 vero
1694 2738 1816 2778 eum
1848 2724 1971 2793 qui-

398 2820 543 2881 dem,
575 2817 666 2888 qui
694 2817 837 2871 Deus
866 2825 1007 2879 erat,
1035 2827 1091 2871 et
1124 2816 1209 2870 cui
1255 2815 1400 2870 nulla
1459 2829 1694 2883 unquam
1724 2829 1847 2869 cum
1874 2816 1971 2869 ho-

394 2909 630 2965 minibus
686 2908 905 2979 querela
938 2917 1031 2963 aut
1059 2908 1333 2963 contentio
1359 2906 1477 2973 fuit,
1517 2906 1802 2976 Oportebat
1830 2919 1969 2976 quo-

394 3001 682 3055 dammodo
711 3016 773 3055 ea
808 3000 975 3070 loqui,
1003 3015 1121 3068 qua:
1146 3000 1395 3054 humana:
1441 2998 1736 3053 conditioni
1765 3010 1966 3053 conve-

393 3092 597 3146 nientia
635 3090 812 3146 forent
862 3106 926 3145 ac
957 3092 1235 3146 modesta:
1262 3092 1402 3161 quod
1426 3090 1827 3145 serenissimam
1847 3090 1966 3158 qui-

393 3183 514 3237 dem
549 3182 739 3251 ipsius,
777 3183 1121 3250 maximeque
1176 3181 1389 3235 beatam
1414 3223 1429 3246 ,
1479 3188 1533 3234 et
1556 3178 1735 3232 omnia
1778 3179 1963 3233 conti-

391 3283 607 3329 nentem
629 3283 873 3327 naturam
907 3273 1039 3327 nihil
1068 3272 1314 3333 laedebat,
1340 3271 1492 3326 nobis
1515 3284 1641 3325 vero
1662 3270 1914 3339 proderat
1944 3292 1958 3325 :

391 3379 607 3435 semper
643 3365 789 3420 enim
821 3365 936 3433 ipse
988 3364 1209 3434 reSpicit
1241 3378 1348 3417 non
1382 3362 1653 3431 propriam
1680 3363 1763 3417 sui
1787 3362 1960 3432 ipsius

391 3458 750 3522 altitudinem,
785 3457 875 3510 sed
909 3457 1184 3509 hominum
1231 3453 1606 3524 abjectionem.
1668 3454 1959 3523 lpsummet

387 3562 518 3602 vero
544 3546 672 3600 mihi
727 3544 1136 3614 suffragatorem
1171 3543 1366 3598 faciam
1416 3544 1529 3598 bazc
1562 3544 1827 3598 dicentem
1855 3542 1957 3598 Pe-

392 3649 510 3694 tro:
542 3638 645 3694 «Ut
661 3637 977 3706 autem(97),
996 3637 1192 3705 inquit,
1216 3651 1319 3689 non
1343 3635 1952 3706 scandalizemusipsos,

392 3733 524 3787 vade
558 3734 608 3785 in
650 3745 819 3795 mare,
850 3729 1086 3798 etjacito
1115 3731 1354 3791 hamum,
1384 3736 1439 3781 et
1460 3742 1581 3781 eum
1613 3728 1836 3797 piscem,
1860 3728 1952 3798 qui

387 3823 592 3892 primus
616 3823 937 3886 ascenderit,
966 3820 1114 3884 tolle,
1138 3828 1193 3875 et
1222 3829 1409 3888 aperto
1428 3833 1523 3873 ore
1549 3819 1684 3887 ejus,
1712 3820 1955 3875 invenies

387 3926 642 3971 staterem
670 3936 683 3971 :
715 3926 769 3969 et
801 3913 912 3984 (98)
949 3914 1092 3967 illum
1136 3926 1377 3977 sumens,
1437 3914 1504 3965 da
1539 3913 1619 3966 eis
1642 3928 1740 3981 pro
1765 3927 1871 3977 me,
1899 3920 1954 3966 et

388 4018 461 4064 te.
485 4027 504 4060 ι
540 4005 822 4061 Hominem
880 4021 1006 4060 vero
1040 4004 1152 4076 (99)
1189 4019 1263 4076 ea
1312 4005 1472 4059 verba
1504 3996 1794 4073 usurpare,
1831 4017 1949 4073 qua:

2080 1905 2217 1977 μόνα
2242 1906 2312 1960 τὰ
2342 1905 2596 1975 θαύματα
2624 1905 2900 1973 ἐκφαίνειν
2932 1905 3032 1974 τὴν
3060 1903 3294 1975 ἄναρχον
3323 1903 3419 1957 καὶ
3443 1905 3647 1973 ἀπροσ-

2074 1997 2168 2068 δεῆ
2211 1996 2374 2051 αὐτοῦ
2414 1996 2676 2068 θεότηταο
2715 1996 2790 2060 ὼς
2836 1994 3193 2068 μετριάζοντα
3229 1995 3323 2048 καὶ
3361 1993 3520 2048 τοῦτο
3560 1994 3643 2047 λέ-

2074 2105 2221 2157 γειν·
2259 2106 2279 2140 ι
2304 2089 2368 2141 Αἱ
2423 2087 2705 2151 ἀλώπεκες
2749 2086 2843 2140 τοῦ
2909 2086 3080 2159 ἀγροῦ
3119 2086 3359 2155 φωλεοὺς
3409 2086 3641 2157 ἔχουσιν,

2074 2182 2170 2235 καὶ
2202 2181 2269 2234 τὰ
2324 2181 2537 2251 πετηνὰ
2581 2179 2675 2233 τοῦ
2727 2180 2960 2249 οὐρανοῦ
3008 2177 3481 2250 κατασκηνώσεις⁹
3512 2179 3541 2231 ό
3585 2176 3643 2233 δὲ

2074 2273 2203 2337 Υἱὸς
2232 2271 2327 2326 τοῦ
2356 2270 2641 2343 ἀνθρώπου
2684 2272 2784 2324 οὐκ
2818 2270 2930 2341 ἔχει
2960 2270 3063 2323 ποῦ
3108 2270 3206 2341 τὴν
3245 2268 3485 2339 κεφαλὴν
3530 2268 3643 2323 xl!-

2072 2381 2222 2420 ναι.»
2256 2365 2331 2419 tib
2378 2365 2488 2436 γὰρ
2536 2364 2642 2418 ἔδει
2686 2363 2779 2417 τὸν
2834 2364 3112 2434 Δεσπότην
3159 2361 3357 2426 ἰδιάζον
3402 2377 3521 2423 πως
3549 2359 3642 2413 ἐπὶ

2071 2453 2176 2520 γῆς
2202 2470 2253 2505 τι
2288 2451 2607 2522 κεκτῆσθαι.
2636 2453 2748 2506 Καὶ
2772 2452 2947 2516 ἄλλως
2973 2452 3032 2505 δέ
3070 2469 3188 2516 πως
3224 2449 3315 2505 τὸν
3347 2450 3477 2504 Θεὸν
3520 2448 3637 2520 μὲν,

2070 2538 2114 2612 ᾧ
2150 2544 2371 2611 ἔνδειξις
2402 2546 2497 2598 κα).
2529 2544 2643 2616 ἔρις
2684 2546 2822 2617 πρὸς
2861 2542 3181 2615 ἀνθρώπους
3206 2544 3466 2598 οὐδέποτε
3495 2540 3641 2596 οὐδε-

2074 2637 2192 2708 μία,
2239 2636 2683 2709 ἀνθρωποπρεπῆ
2734 2637 2828 2691 καὶ
2887 2636 3249 2708 μετριόφρονα
3308 2631 3638 2703 φθέγξασθαι

2070 2727 2324 2799 χρειῶδες
2357 2723 2448 2798 ἦν,
2493 2728 2588 2781 κα).
2616 2727 2767 2780 οὐδὲν
2804 2727 2900 2797 μὲν
2941 2726 3037 2797 τὴν
3074 2725 3445 2797 γαληνοτάτην
3473 2721 3636 2775 αὐτοῦ

2070 2820 2164 2872 καὶ
2210 2820 2387 2873 πάντα
2437 2820 2796 2890 περιέχουσαν
2845 2817 3005 2887 φύσιν
3050 2816 3448 2881 καταϐλάπτον,
3491 2818 3637 2887 ἡμᾶς

2066 2908 2122 2962 δὲ
2176 2909 2519 2982 εὐεργετοῦν.
2563 2910 2696 2981 Ὁρᾷ
2744 2909 2851 2980 γὰρ
2896 2908 2983 2962 ἀεὶ
3033 2909 3094 2962 οὐ
3151 2908 3289 2980 πρὸς
3338 2908 3400 2960 τὸ
3442 2909 3657 2991 οἰκεῖον.

2069 3000 2222 3069 ὕψος,
2259 3001 2394 3073 πρὸς
2427 3000 2483 3054 δὲ
2512 3001 2573 3054 τὸ
2599 2999 2899 3072 ἀνθρώπων
2926 2999 3201 3053 ταπεινόν.
3229 2998 3400 3052 Αὐτὸν
3428 2998 3484 3051 δὲ
3512 2997 3637 3051 συλ-

2066 3091 2312 3163 λήπτορα
2373 3094 2703 3161 ποιήσομαι,
2749 3089 2973 3158 λέγοντα
3024 3089 3242 3159 Πέτρῳο
3286 3106 3308 3140 ι
3337 3089 3452 3141 Ἵνα
3503 3087 3628 3151 δὲ,ῖ

2066 3183 2221 3253 φησὶ,
2262 3199 2292 3232 ν(
2321 3180 2396 3252 μὴ
2440 3180 2889 3250 σκανδαλίσωμεν
2940 3179 3170 3244 αὐτοὺς,
3219 3178 3500 3250 πορευθεὶς
3553 3179 3633 3241 είς

2066 3273 2360 3334 θάλασσαν,
2406 3271 2533 3342 βάλε
2578 3272 2895 3341 ἄγκιστρον,
2944 3271 3039 3323 καὶ
3093 3269 3219 3342 [180
3255 3268 3310 3342 a]
3353 3268 3446 3323 τὸν
3497 3269 3629 3322 ἀνα-

2062 3364 2233 3417 ϐάντα
2282 3363 2494 3431 πρῶτον
2551 3362 2700 3432 ἰχθὺν
2753 3358 2916 3434 ἆρον·
2962 3362 3057 3415 καὶ
3104 3359 3320 3426 ἀνοίξας
3357 3361 3417 3414 τὸ
3459 3360 3630 3429 στόμα

2060 3452 2246 3515 αὐτοῦ,
2287 3453 2541 3523 εὑρήσεις
2582 3451 2854 3522 στατῆρα·
2894 3451 2987 3504 καὶ
3037 3452 3243 3504 ἐκεῖνον
3296 3448 3495 3514 λαϐὼν,
3542 3448 3630 3512 δὺς

2059 3544 2242 3606 αὐτοῖς
2272 3543 2393 3595 ἀντ).
2424 3541 2558 3611 ἐμοῦ
2601 3541 2695 3593 καὶ
2725 3539 2842 3593 σοῦ.
2864 3558 2885 3592 ι
2930 3538 3249 3611 Ἄνθρωπον
3284 3538 3340 3591 δὲ
3375 3537 3494 3608 Θεῷ
3531 3539 3631 3609 ἀρ-

2065 3637 2297 3707 μόζοντα
2342 3637 2563 3707 ῥήματα
2602 3633 2854 3703 ἀφιέναι,
2894 3633 2955 3686 οὐ
3004 3632 3190 3703 θέμις’
3224 3632 3345 3685 ἐπεὶ
3388 3630 3482 3684 καὶ
3532 3630 3628 3701 βα-

2063 3728 2198 3780 σιλεί
2260 3728 2341 3780 ὅτι
2396 3725 2631 3797 μάλιστα
2693 3726 2893 3796 πρέπει
2954 3723 3349 3795 μετριολογεῖνο
3409 3720 3628 3793 μείζονά

2058 3819 2166 3889 γὰρ
2192 3819 2257 3871 ἐκ
2281 3817 2467 3870 τούτου
2498 3817 2804 3889 καρποῦται
2843 3817 3021 3883 δόξαν,
3052 3816 3147 3870 καὶ
3176 3818 3256 3879 είς
3284 3816 3456 3887 αὐτὴν
3498 3816 3628 3868 ἀνα-

2059 3912 2283 3981 φέρεται
2314 3910 2411 3980 τῆς
2454 3911 2616 3980 τιμῆς
2658 3910 2757 3976 τὴν
2793 3909 3075 3980 κορυφήνο
3113 3908 3339 3979 ὑπηκόῳ
3377 3907 3433 3960 δὲ
3476 3905 3628 3976 βασιο

2055 4002 2211 4065 λικάς
2247 4003 2430 4071 φωνὰς
2465 4002 2742 4073 ἐκφέρειν,
2783 4000 3122 4070 ἀσύμφορον.

385 4107 497 4162 Deo
543 4104 887 4165 conveniunt,
944 4101 1093 4156 nefas
1141 4111 1259 4155 est:
1302 4115 1427 4154 nam
1492 4115 1697 4171 regem,
1728 4113 1949 4170 quoque
1988 4113 2149 4168 quam
2194 4100 2427 4153 maxime
2460 4099 2613 4152 decet
2650 4097 2892 4150 modeste
2940 4094 3126 4165 loqui;
3192 4096 3454 4164 majorem
3481 4092 3622 4147 enim

383 4216 452 4255 ex
483 4200 583 4253 hoc
607 4197 831 4268 percipit
856 4195 1102 4265 gloriam,
1145 4208 1304 4263 atque
1328 4195 1429 4248 hac
1457 4193 1664 4248 ratione
1689 4193 1956 4264 adjpsum
1979 4191 2142 4263 377
2176 4193 2396 4247 honoris
2420 4192 2627 4259 apicem
2657 4188 2973 4245 extollitur:
3011 4195 3098 4242 ast
3161 4187 3237 4252 ei,
3303 4187 3393 4255 qui
3434 4187 3623 4241 subdi-

386 4299 471 4345 tus
502 4291 590 4354 sit,
623 4302 807 4358 regum
842 4301 990 4340 more
1020 4285 1162 4354 loqui
1202 4284 1601 4338 inconducibile
1627 4292 1732 4337 est.

452 4378 638 4449 Itaque
663 4376 1119 4443 cumAltissimns
1144 4374 1301 4439 foret,
1324 4390 1388 4429 ac
1415 4373 1505 4427 Dei
1528 4370 1759 4427 Verbum
1783 4370 1949 4426 verba
1983 4373 2027 4428 D

2018 4504 2023 4511 .
2056 4458 2257 4521 παντὸς
2313 4456 2471 4524 λόγου
2520 4454 2782 4525 κρείττων
2803 4492 2817 4516 ,
2853 4450 3036 4522 χώραν
3068 4446 3214 4521 εἶχεν
3263 4450 3331 4504 τὰ
3368 4451 3620 4523 χθαμαλά

383 4474 564 4527 omnia
626 4470 1041 4540 supergrediens
1109 4467 1378 4530 Christus,
1429 4466 1606 4520 locum
1675 4463 1952 4520 habebant

385 4563 604 4617 humilia
641 4563 811 4629 ipsius
845 4559 1011 4614 dicta.
1043 4560 1111 4613 At
1144 4567 1352 4625 contra,
1385 4559 1431 4613 si
1466 4562 1715 4610 creatura
1745 4555 1790 4609 is
1816 4552 1950 4608 fuis-

384 4664 495 4716 set,
536 4652 707 4707 locum
738 4668 844 4707 non
875 4653 1192 4706 habuissent
1239 4665 1359 4721 quae
1388 4650 1708 4716 loquebatur
1734 4644 1949 4700 excelsa

387 4755 548 4813 atque
590 4745 863 4798 sublimia.
918 4742 1197 4808 Quomodo
1239 4742 1380 4796 enim
1431 4740 1547 4795 fieri
1598 4745 1831 4806 poterat,
1890 4743 1950 4789 ut

383 4835 550 4890 vitam
591 4835 860 4905 acciperet
901 4834 1032 4899 vita,
1066 4841 1160 4887 aut
1210 4841 1534 4903 potestatem
1564 4827 1837 4897 acciperet
1858 4825 1947 4880 ille

454 5031 565 5105 (89)
595 5033 730 5105 pata
767 5032 1076 5105 estthlatth.
1106 5029 1410 5105 xxvm,_18.

454 5102 567 5175 (90)
596 5102 837 5175 Bostnla.
859 5103 1003 5175 Psal.
1031 5119 1093 5167 ιι,
1119 5118 1260 5175 vers:
1285 5102 1340 5156 8.

456 5170 570 5242 (9|)
599 5172 822 5242 Rutilus.
854 5170 897 5226 ll
932 5174 1056 5242 Cor.
1083 5188 1199 5236 νιιι,
1231 5171 1284 5226 9.

451 5234 563 5314 (92)
611 5241 799 5314 Vulpes
830 5243 966 5311 agri.
1008 5234 1195 5314 Μίίιιιιζ
1223 5254 1340 5314 vni,
1365 5236 1806 5314 20,_etLuc._-1x,

378 5307 518 5377 ναξ,
544 5307 837 5383 ἀγροῦ,ᾲί(1
865 5307 985 5375 'est,
1017 5331 1036 5363 α
1063 5312 1198 5381 agri,
1220 5329 1238 5362 ι
1275 5313 1427 5365 deest
1471 5311 1527 5363 in
1562 5308 1814 5364 omnibus
1853 5307 1945 5360 Bi-

377 5385 610 5437 bliomm
629 5381 986 5436 'etlitionibus.

449 5473 560 5546 (95)
599 5473 866 5529 Volneret.
895 5475 1093 5540 Codex,
1122 5472 1330 5544 πετηνά
1356 5487 1450 5541 pro
1479 5467 1718 5524 πετεινά.
1826 5468 1845 5489 '

450 5567 564 5637 (9i)
597 5565 841 5620 Inclinat.
869 5564 1049 5620 Gratca
1084 5566 1269 5629 editio,
1298 5564 1456 5638 κλίνῃ
1492 5577 1592 5633 pro
1645 5561 1841 5615 κλῖναι.

449 5657 563 5728 (95)
592 5656 703 5728 Nec
757 5658 912 5711 enim.
943 5657 1167 5728 (Codex,
1217 5655 1320 5710 ποῦ
1370 5656 1519 5728 γάρ,
1556 5653 1608 5706 id
1641 5659 1768 5728 _est,
1796 5670 1833 5728 _t
1854 5649 1945 5728 ubi

377 5722 554 5782 enim;
576 5745 594 5779 ›
624 5727 787 5797 Lego,
812 5729 872 5781 οὐ
889 5727 1017 5799 γάρ.
1056 5729 1275 5785 Videtur
1296 5722 1723 5781 enim—librarius
1761 5723 1828 5779 ab
1853 5722 1947 5777 illo

2128 4368 2284 4421 Ὥστε
2331 4362 2517 4433 ἐπειδὴ
2561 4362 2824 4431 ’Υψιστος
2872 4356 2940 4431 ἦν
2962 4400 2977 4426 ,
3022 4359 3115 4413 καὶ
3148 4359 3319 4428 Λόγος
3350 4357 3443 4412 τοῦ
3487 4358 3620 4412 Θεοῦ

2058 4550 2224 4606 αὐτοῦ
2272 4550 2494 4620 ῥήματα
2516 4563 2529 4576 ⁸
2559 4547 2611 4598 εἰ
2647 4544 2703 4597 δὲ
2736 4544 2941 4614 κτίσμα
2984 4540 3273 4613 ἐτύγχανε,
3330 4544 3489 4597 πάλιν
3521 4545 3619 4597 οὐκ

2052 4637 2196 4710 εἶχεν
2227 4638 2432 4709 χώραν,
2481 4636 2517 4689 ἃ
2545 4635 2842 4705 ἐφθέγγετο
2870 4634 3068 4704 ὑψηλά.
3105 4634 3230 4697 Πῶς
3263 4634 3371 4705 γὰρ
3406 4634 3472 4688 ἂν
3500 4635 3621 4687 ἔλα-

2054 4733 2145 4784 εεν
2174 4730 2318 4799 ζωὴν
2340 4731 2373 4799 ὴ
2397 4726 2530 4795 ζωὴ,
2562 4727 2596 4795 ἢ
2619 4725 2865 4790 ἐξουσίαν
2900 4726 2929 4778 ὁ
2962 4726 3104 4779 κατά
3148 4725 3373 4779 Ἡσαΐαν
3405 4725 3619 4798 ἰσχυρὸς

2052 4825 2147 4879 καὶ
2177 4820 2526 4892 ὲξουσιαστὴς
2554 4820 2706 4884 Θεὸς.
2730 4822 2763 4874 ό
2794 4819 2890 4872 κα).
2919 4821 3031 4883 τοῖς
3065 4820 3355 4875 ἀποθανεῖν
3385 4820 3618 4892 δυναμέ-

2054 5042 2180 5111 που,
2216 5024 2358 5105 quod
2384 5021 2799 5111 antegreditur,
2829 5021 3086 5092 deceptus
3118 5020 3214 5091 (hic
3241 5035 3455 5091 quoque
3481 5023 3618 5085 seri-.-

2048 5097 2222 5165 psisse
2236 5094 2351 5165 ποῦ
2382 5110 2477 5164 pro
2502 5094 2586 5147 οὐ.

2123 5164 2233 5235 (96)
2269 5159 2462 5218 Rei-itm
2491 5164 2723 5235 omnium
2761 5162 3052 5235 dominum.
3099 5159 3374 5216 ln‘codice
3396 5161 3617 5235 postdi-

2052 5231 2283 5289 ctionem
2328 5233 2607 5303 Δεσπότην
2645 5233 2985 5286 intervallum
3011 5238 3103 5303 est
3118 5244 3368 5303 vacuum,
3403 5231 3614 5285 duobus

2060 5316 2152 5357 aut
2184 5305 2354 5358 tribus
2382 5298 2658 5357 vocabulis
2685 5304 2960 5369 capiendis
2990 5298 3279 5354 sulliciens.
3308 5303 3491 5368 Quare
3516 5316 3614 5355 vo-

2059 5389 2173 5438 ces,
2216 5393 2235 5425 ι
2260 5389 2436 5427 rerum
2459 5372 2719 5436 omnium,
2742 5390 2760 5422 ι
2784 5371 2848 5423 de
2884 5385 3002 5424 meo
3028 5370 3224 5438 addidi.

2130 5437 2243 5515 (97)
2270 5440 2542 5515 Qtantent.
2568 5441 2917 5515 Mallll.__x_\'ll,
2941 5441 3030 5492 27.
3055 5437 3185 5515 Vide
3223 5445 3333 5493 not.
3357 5437 3449 5506 29,
3479 5455 3533 5509 p.
3556 5439 3610 5493 4.

2126 5509 2240 5583 (⁷98)
2273 5512 2359 5583 Et.
2399 5512 2556 5575 Deest
2579 5511 2632 5564 in
2661 5510 2849 5583 Biblijs
2877 5509 3221 5583 “$635090”.

2127 5577 2562 5654 (99lA‘Hominent
2592 5596 2729 5633 vero.
2770 5578 2964 5654 Yocnla
2989 5577 3047 5630 δέ
3078 5578 3162 5631 blc
3201 5579 3489 5654 opponitur
3523 5593 3610 5631 vo-

2052 5650 2185 5707 cula:
2210 5650 2284 5705 illi
2318 5651 2437 5720 μέν,
2465 5651 2563 5720 etsi
2598 5650 2798 5720 procul
2824 5650 3029 5720 positae,
3060 5660 3178 5720 (ρεαδ
3204 5650 3400 5720 legitur
3453 5664 3612 5715 supe-

2050 5724 2163 5778 rius
2185 5722 2237 5777 in
2268 5712 2352 5778 his
2381 5712 2558 5777 verbis
2591 5712 2611 5770 Ξ
2637 5718 2741 5772 Τὸν
2769 5712 2901 5771 Θεὸν
2924 5719 3042 5788 μὲν,
3071 5712 3116 5788 ᾧ
3145 5712 3388 5781 ἔνδεὶξις,
3419 5712 3526 5774 ctc;
