4056 6406
518 361 622 416 87ἶ

1579 354 1668 409 DE
1708 354 2079 410 TBlNlTATE
2117 354 2317 412 LIBER
2358 356 2685 415 TERTIUS.

3661 361 3767 418 878

517 494 630 541 νοις
661 475 721 529 τδ
754 472 854 545 ζῇν
893 473 989 528 καὶ
1030 467 1173 526 εἶναι
1206 472 1327 524 κατ’
1364 468 1614 535 ἐξουσίαν
1651 468 1788 523 ἰδίαν
1824 471 2099 540 παρέχων,

2208 471 2295 541 qui
2324 471 2476 540 juxta
2499 471 2693 527 Isaiam
2728 471 2805 544 (Ι)
2836 480 2919 528 est
2945 471 3123 541 fortis,
3163 484 3216 530 et
3263 476 3567 534 dominator
3588 477 3768 536 Deus’

517 571 547 623 ὁ
587 568 780 639 Πέτρῳ
811 566 912 629 τὰς
955 564 1103 627 κλεῖς
1134 565 1233 634 τῆς
1277 562 1528 632 οὐρανίου
1565 561 1712 631 ζωῆς
1754 561 2095 632 sumpta“;

531 658 729 730 Ἕκϐοᾷ
760 657 869 729 γὰρ
905 658 1000 710 κα)⁸
1031 659 1060 710 ό
1104 654 1449 718 Ἀπόστολος,
1485 653 1562 717 ὡς
1602 672 1620 704 ι
1662 654 1774 723 Οὐχ
1804 653 2099 723 ἁρπαγμὲν

518 752 762 824 ἡγήσατο
784 750 846 803 τὸ
874 745 1014 802 εἶναι
1046 747 1138 802 ἴσα
1167 746 1285 817 Θεῷ
1305 764 1318 775 ο
1352 765 1371 798 ι
1402 746 1524 799 ἀντὶ
1544 744 1661 805 τοῦ,
1687 746 1799 814 Οὐχ
1826 745 2098 815 ἥρπασεν,

520 844 619 897 οὐκ
658 842 815 895 ἔλαϐε
879 840 942 894 τὸ
976 838 1113 892 εἶναι
1157 838 1271 900 ἴσος
1302 836 1379 906 τῷ
1428 835 1550 906 Θεῷ
1587 836 1681 889 καὶ
1710 834 1903 906 Πατρί.
1946 835 2009 887 Ei
2042 833 2101 886 δὲ

520 934 630 1004 ἄρα
652 932 748 985 καὶ
774 931 852 994 είς
883 929 984 1000 τὴν
1013 929 1244 997 Θεὸτητα
1270 929 1456 997 εἴρητο
1488 927 1581 980 τοῦ
1618 926 1774 985 Υίοῦ,
1804 926 1971 996 ἐχρῆν
2000 925 2100 978 αὑ-

520 1024 647 1086 τοὺς
680 1021 822 1075 οὕτω
850 1024 1012 1085 νοεῖν,
1057 1021 1251 1090 ὅτιπερ
1277 1060 1289 1075 .
1328 1019 1386 1072 ὃν
1425 1018 1624 1089 τρόπον
1653 1016 1734 1083 τὸ,
1779 1015 1923 1086 ἔχειν
1956 1016 2100 1087 ζωὴν

519 1115 611 1165 τὸν
643 1112 797 1174 Θεὸν,
834 1112 895 1164 οὐ
935 1111 996 1163 τὸ
1048 1108 1349 1178 κεκτῆσθαί
1398 1126 1452 1161 τι
1496 1107 1625 1161 ἄλλο
1663 1106 1887 1167 ἑαυτοῦ,
1918 1106 1993 1168 ὡς
2025 1105 2128 1181 μὴό

525 1204 777 1274 ἁνάρχως
811 1202 1103 1272 ἐσχηκότα,
1141 1200 1276 1253 ἀλλὰ
1304 1200 1362 1253 τὸ
1392 1200 1553 1253 αὑτὸν
1579 1195 1720 1252 εἶναι
1756 1199 1934 1258 τοῦτο,
1964 1199 2100 1266 ὅπερ

524 1293 668 1365 ἐχειν
702 1294 939 1361 λέγεται,
968 1292 1146 1362 δηλοῖ·
1175 1291 1266 1342 τὸν
1294 1290 1456 1342 αὑτὸν
1482 1290 1705 1361 τρόπον,
1733 1290 1794 1342 τὸ
1826 1289 1970 1360 ἔχειν
2001 1288 2099 1341 λα-

524 1384 685 1438 ϐόντα
716 1384 859 1454 ζωὴν
902 1384 993 1436 τὸν
1037 1383 1185 1443 Υἱὸν,
1218 1382 1316 1451 οὐχ
1351 1381 1427 1445 ὡς
1461 1381 1536 1453 μὴ
1576 1382 1768 1451 ἔχοντα
1809 1382 1967 1450 φύσει
2006 1399 2103 1451 ση-

527 1476 726 1545 μαίνει.
774 1476 836 1527 Ἡ
867 1474 975 1545 γὰρ
1006 1473 1152 1537 λέξις
1192 1476 1224 1543 ἡ
1268 1491 1286 1523 ι
1324 1472 1512 1543 ῶσπερ
1538 1472 1669 1544 ἔχει.
1706 1493 1725 1525 ι
1765 1474 1911 1545 καὶὴ
1954 1493 1971 1523 α
2008 1473 2101 1526 οῦ-

521 1584 630 1629 τως
690 1566 880 1628 ἔδωκε,
922 1584 939 1616 ι
975 1565 1130 1618 τοῦτο
1158 1566 1402 1635 παριστᾷ
1422 1579 1434 1592 ’
1463 1565 1544 1617 ὅτι
1579 1563 1752 1628 οὕτως
1776 1564 1889 1633 ἔχει
1916 1566 1944 1616 ὁ
1972 1565 2101 1628 Υἱὸς

521 1660 621 1730 τὴν
654 1658 819 1729 ζωὴν,
867 1658 1055 1730 ὥσπερ
1099 1657 1211 1729 ἔχει
1257 1658 1429 1727 αὐτὴν
1473 1658 1535 1709 οὐ
1571 1656 1752 1710 λαϐὼν
1804 1660 1832 1710 ὀ
1879 1659 2096 1728 Πατήρ·

522 1751 617 1805 καὶ
649 1750 756 1823 χρὴ
806 1748 1128 1821 θεοπρεπῶς
1179 1748 1271 1801 ἐπί
1315 1766 1376 1801 τε
1410 1747 1505 1801 τοῦ
1564 1749 1777 1821 Πατρὸς
1822 1749 1901 1811 τὸ,
1954 1749 2100 1820 ἔχειν

523 1815 812 1914 καὶ
841 1841 905 1896 τὸ
996 1843 1054 1894 ἐν
1084 1840 1283 1912 ἐαυτῷ,
1323 1861 1343 1893 ι
1373 1838 1467 1893 ἐπί
1498 1858 1558 1894 τε
1584 1815 1839 1895 τοῦ-Υἰοῦ
1862 1842 1924 1895 τὸ
1958 1815 2097 1896 (δέ-
2132 1815 2173 1869 Β

522 1934 695 1989 δωκεν
726 1933 894 2005 αὐτῷ,
928 1953 947 1986 ι
983 1934 1080 1988 καὶ
1119 1934 1199 1998 τὸ,
1230 1934 1372 2005 ἔχειν
1404 1937 1460 1988 ἐν
1480 1934 1676 2006 ἐαυτῷ,
1696 1935 2057 2005 ἐκλαμϐάνειν
2081 1951 2096 1967 ⁸

526 2021 653 2095 [180
685 2024 737 2097 b]
793 2025 885 2078 καὶ
916 2023 1113 2095 μᾶλλον
1146 2025 1209 2076 ἐκ
1237 2022 1332 2075 τοῦ
1366 2024 1668 2089 ἀναγκαίου
1706 2022 1799 2075 τοῦ
1836 2023 2101 2095 πράγμα-

521 2132 614 2179 τος
643 2116 739 2187 τὴν
766 2114 953 2185 Θεῖκὴν
980 2114 1227 2179 ἐξουσίαν
1258 2113 1352 2166 τοῦ
1377 2114 1530 2176 Υίοῦ,
1568 2114 1662 2167 καὶ
1695 2113 1755 2167 τὸ
1785 2116 1871 2167 ἐπ’
1898 2115 2102 2184 ἀμφοῖν

524 2205 582 2259 ἓν
633 2204 846 2276 Θέλημα
895 2205 1100 2275 ἀθρεῖν.
1149 2206 1251 2258 Ἦν
1285 2204 1394 2276 γὰρ
1444 2204 1593 2273 λέγει
1643 2204 1788 2275 ἔχειν
1845 2206 1990 2277 ζωὴν
2045 2208 2103 2260 ἐν

526 2297 702 2368 ἐαυτῷ
741 2297 833 2350 τὸν
870 2296 1090 2368 Πατέρα
1129 2297 1339 2350 καὶτὸν
1372 2297 1521 2359 Υίὸν,
1554 2299 1587 2368 ἡ
1637 2296 1763 2360 ὲνὰς
1804 2298 1897 2350 καὶ
1929 2298 2102 2369 ὑπερ-

528 2387 706 2451 υύσιος
759 2388 918 2441 οὐσία
981 2388 1120 2451 ἐστὶ,
1150 2388 1246 2442 καὶ
1269 2389 1367 2458 οὐχ
1396 2388 1581 2459 ἐτερόν
1607 2405 1659 2441 τι
1692 2390 1750 2440 ἐν
1774 2388 1944 2459 ἑτέρῳ
1971 2406 2104 2457 τυγ-

529 2480 718 2549 χάνονο
748 2478 870 2532 ὅθεν
896 2475 1049 2532 εἶπεν
1068 2496 1082 2510 ·
1117 2497 1137 2530 ι
1188 2477 1327 2547 Ἐγώ
1351 2481 1464 2550 εἰμι
1490 2481 1523 2549 ή
1550 2478 1661 2548 ζωή
1688 2494 1702 2508 °
1743 2499 1760 2529 ι
1789 2479 1865 2543 ὡς
1894 2482 1989 2533 καὶ
2021 2483 2106 2534 ἐν·

529 2571 715 2625 τεῦοεν
731 2570 1145 2640 ἀναφαίνεσθαι,
1165 2572 1240 2642 μὴ
1266 2570 1430 2642 ἄλλην
1450 2571 1551 2640 τῆς
1565 2572 1659 2624 τοῦ
1678 2572 1888 2642 Πατρός
1918 2573 2106 2637 οὐσίας

528 2660 666 2717 εἶναι
689 2664 787 2734 τὴν
814 2664 1000 2717 οὐσίαν
1034 2663 1129 2716 τοῦ
1159 2662 1309 2716 Υίοῦ.
1336 2664 1398 2716 Εἰ
1425 2664 1533 2734 γὰρ
1555 2664 1717 2727 αὑτός
1746 2665 1944 2735 ἐστινὴ
1968 2665 2103 2737 ζωὴ,

528 2756 626 2827 τὴν
644 2756 700 2808 δὲ
725 2756 893 2827 αὐτὴν
914 2754 1028 2825 ἔχει
1057 2755 1085 2807 ὀ
1103 2755 1315 2826 Πατὴρ,
1339 2756 1390 2806 τί
1412 2754 1541 2807 ἄλλο
1562 2755 1894 2826 εὑρίσκεται,
1925 2756 1958 2825 ἦ
1979 2758 2107 2825 ὀμο-

529 2847 736 2913 ούσιος;
762 2850 855 2900 καὶ
887 2848 936 2900 εί
965 2846 1127 2909 αὑτός
1150 2848 1296 2899 ἐστιν
1317 2848 1349 2917 ὴ
1368 2845 1503 2917 ζωὴ,
1534 2847 1673 2910 πῶς,
1704 2847 1733 2899 ὅ
1779 2849 1950 2911 ἐστιν,
1990 2844 2105 2920 εἶχε

528 2939 748 3005 λαϐεῖν;
792 2940 932 2993 Ἀλλ’
987 2938 1145 3010 εἴπερ
1207 2934 1342 3009 εἶχε,
1380 2940 1542 3009 φησι,
1584 2939 1702 3002 πῶς
1739 2939 1960 3004 ἔλαϐεν;
1995 2942 2108 2994 Καὶ

527 3031 699 3087 ταῦτα
712 3032 776 3101 λη
787 3032 851 3102 ρή
861 3048 1026 3101 ματα.
1044 3032 1155 3083 Καὶ
1175 3031 1360 3100 ὅμοιος
1388 3031 1495 3103 γὰρ
1513 3031 1664 3101 παρὰ
1690 3031 1875 3102 ὁμοίου
1895 3031 2108 3103 λαμϐά-

530 3138 631 3186 νει,
649 3122 735 3176 ῖνα
754 3122 827 3194 μὴ
843 3121 1105 3193 εἴπωμεν,
1131 3123 1212 3175 ὅτι
1234 3124 1327 3176 καὶ
1345 3123 1543 3193 μείζων
1559 3124 1671 3177 ἔσθ’
1691 3125 1779 3177 ὅτε
1795 3128 1924 3195 παρ’
1951 3126 2107 3179 ἐλάτ-
2133 3147 2174 3204 C

530 3231 700 3277 τονος,
725 3215 820 3267 καὶ
850 3216 883 3283 ἡ
909 3213 1059 3278 δεξιὰ
1086 3214 1238 3284 παρὰ
1267 3214 1366 3285 τῆς
1399 3217 1721 3286 ἀριστερᾶς·
1747 3215 1904 3285 ἴσμεν
1920 3213 1994 3279 δὲ,
2023 3218 2105 3270 ὅτι

531 3305 624 3359 καί
643 3323 785 3368 τινες
806 3305 864 3369 ἐξ
884 3304 1004 3376 ἴσης
1022 3305 1080 3358 τὸ
1098 3308 1279 3375 κρῖναι
1308 3304 1584 3374 λαχόντες,
1606 3305 2009 3378 παρεχώρησαν
2029 3308 2106 3379 τῷ

532 3395 612 3447 ἐνὶ
631 3393 743 3447 ἐσθ’
765 3396 853 3448 ὅτε
875 3395 969 3448 καὶ
998 3394 1206 3465 μείζονι
1228 3394 1410 3450 αὐτῶν
1439 3394 1766 3448 καθεστῶτν
1821 3398 1917 3450 καὶ
1946 3396 2105 3450 εἴωθε

532 3484 818 3553 λέγεσθαι·
860 3486 1109 3539 Ἐδωκαν
1142 3486 1279 3557 τῷδε
1311 3486 1375 3539 τὸ
1420 3488 1653 3557 πρᾶγμα
1686 3487 1830 3558 μόνῳ
1865 3488 2104 3552 δικάσαι,

532 3579 709 3631 καίτοι
739 3578 912 3649 ἔχοντι
954 3577 1125 3648 αὐτῷ,
1155 3580 1250 3632 καὶ
1297 3578 1558 3642 πλειόνως
1595 3580 1775 3643 εἰκὸς,
1813 3580 1914 3650 τὴν
1960 3581 2107 3647 ἐξου-

536 3671 675 3723 σίαν.
713 3670 1015 3742 Τοιγαροῦν
1043 3673 1144 3724 οὐκ
1181 3668 1354 3735 εἶπεν,
1390 3672 1471 3725 ὅτι
1516 3673 1581 3724 Ὃ
1612 3672 1685 3742 μὴ
1713 3672 1847 3742 ἔχει,
1893 3672 2104 3735 ἐλαϐεν,

533 3761 669 3815 ἀλλὰ
693 3761 787 3815 καὶ
818 3764 847 3815 ό
874 3762 1037 3824 αὐτὸς
1069 3762 1457 3832 εὐαγγελιστὴς
1488 3762 1636 3831 λέγει
1656 3780 1669 3792 ⁸
1708 3782 1726 3813 ι
1766 3764 1861 3825 Εἰς
1889 3763 1958 3815 τὰ
2001 3764 2107 3816 ἴδια

533 3847 686 3922 ἦλθε,
740 3852 835 3903 καὶ
873 3852 923 3903 οἱ
965 3850 1085 3903 ἴδιοι
1111 3852 1273 3904 αὐτὸν
1300 3852 1398 3903 οὐκ
1432 3852 1652 3904 ἔλαϐονσ
1689 3852 1802 3905 ὅσοι
1830 3853 1885 3905 δὲ
1917 3853 2108 3906 ἔλαϐον

536 3943 715 4000 αὑτὸν.
737 3942 934 3995 ἔδωκεν
956 3942 1140 4006 αὐτοῖς
1163 3941 1411 4007 ἐξουσίαν
1434 3944 1599 3997 τέκνα
1624 3943 1758 3997 Θεοῦ
1783 3945 2054 4013 γενέσθαι.
2082 3964 2102 3998 ι

536 4031 635 4085 Διὰ
680 4031 786 4084 τῶν
848 4031 1108 4085 τοιούτων
1162 4033 1424 4103 ῥημάτων
1477 4034 1538 4087 οὐ
1581 4034 1739 4104 μόνον
1790 4035 1969 4099 δείξας
2012 4035 2106 4088 τοῦ

538 4121 667 4176 Υίοῦ
714 4123 848 4176 ίδίαν
879 4122 976 4193 τὴν
1007 4125 1205 4188 κτίσιν,
1246 4125 1361 4178 ἀλλ’
1400 4126 1482 4179 ὅτι
1522 4125 1616 4179 καὶ
1646 4124 1721 4195 τῷ
1750 4127 1925 4197 Πατρὶ
1954 4127 2108 4179 δίδω-

538 4231 621 4268 σιν
643 4216 672 4267 ὁ
693 4215 820 4278 Υἱὸς
842 4218 966 4279 τοὺς
996 4214 1375 4286 λαμϐάνοντας
1415 4217 1596 4280 αὐτὸν,
1637 4216 1780 4271 τοῦτ’
1815 4217 1928 4269 ἔστι
1982 4219 2109 4280 τοὺς

539 4306 922 4371 πιστεύοντας.
951 4308 1228 4379 πανταχοῦ
1256 4309 1560 4381 εὐεργετῶν
1589 4309 1803 4370 αὐτοὺς,
1842 4309 1936 4360 καὶ
1966 4308 2108 4379 λαμ-

538 4397 800 4461 ϐάνοντας
849 4398 1042 4461 αὐτὸν,
1091 4402 1184 4452 καὶ
1216 4400 1622 4470 παρεχομένους
1669 4401 1797 4471 παρ’
1840 4398 1990 4469 αὐτῷ
2030 4399 2108 4471 τῷ

2201 562 2294 631 qui
2324 562 2486 617 etiam
2519 562 2609 626 iis,
2658 564 2748 630 qui
2800 564 2935 618 mori
2976 574 3224 632 possunt,
3266 568 3492 636 propria
3531 571 3741 626 auctori

2211 660 2325 705 tate
2347 650 2576 721 largitur
2598 662 2657 705 ut
2679 654 2865 706 vivant
2890 662 2947 707 et
2972 655 3080 708 sint
3099 655 3123 708 ?
3145 656 3235 724 qui
3259 654 3419 711 Petro
3443 658 3623 714 claves
3652 674 3769 716 cm-

2202 737 2352 792 lestis
2398 738 2520 792 vitae
2581 740 2636 795 in
2682 755 2873 793 manus
2933 742 3187 796 tradidit?
3230 742 3365 796 Nam
3397 756 3452 799 et
3479 745 3768 815 Apostolus

2203 830 2522 885 exclamat:
2572 851 2591 883 ι
2628 832 2728 898 Qui
2782 847 2888 886 non
2946 834 3187 903 rapinam
3210 835 3286 905 (2)
3320 834 3617 893 arbitr’atus
3682 848 3768 894 est

2201 936 2260 975 se
2285 920 2377 974 ἴσα
2404 921 2544 993 Θεῷ,
2574 940 2593 972 ι
2630 924 2681 977 id
2726 932 2829 988 est,
2859 923 3119 992 aequalem
3146 925 3277 979 Deo.
3315 925 3465 993 Quod
3494 938 3608 982 est:
3651 928 3766 984 Non

2203 1014 2405 1080 rapuit,
2435 1028 2541 1067 non
2570 1014 2779 1082 accepit
2801 1025 2860 1067 ut
2881 1025 3025 1069 esset
3057 1016 3169 1080 ῐσος
3197 1016 3333 1087 Θεῷ.
3366 1018 3468 1072 hoc
3493 1028 3574 1072 est
3591 1034 3769 1087 aequa-

2202 1103 2269 1158 lis
2297 1104 2409 1158 Deo
2441 1117 2496 1158 et
2515 1104 2681 1158 Patri.
2718 1104 2872 1171 Quod
2898 1107 2942 1160 si
2976 1107 3139 1160 etiam
3169 1109 3236 1163 de
3273 1109 3394 1163 Filii
3439 1112 3636 1166 deitate
3668 1112 3769 1167 ob-
3880 1088 3889 1099 ’

2196 1197 2339 1264 jecta
2391 1198 2552 1251 verba
2605 1198 2751 1253 dicta
2816 1210 3024 1261 essent,
3073 1210 3348 1269 oporteret
3398 1203 3476 1273 (5)
3526 1204 3769 1272 ipsosita

2202 1286 2390 1340 eadem
2422 1287 2744 1357 intelligere,
2790 1299 2849 1343 ut
2881 1292 3330 1359 quemadmodum
3360 1293 3529 1347 Deum
3571 1296 3769 1351 habere

2180 1379 2366 1432 vitam
2424 1394 2529 1434 non
2588 1380 2880 1448 signiﬁcat,
2931 1396 3054 1435 eum
3088 1382 3289 1451 aliquid
3321 1383 3467 1438 aliud
3498 1399 3527 1438 a
3562 1400 3620 1440 se
3653 1386 3770 1454 ipso

2203 1469 2520 1524 distinctum
2555 1472 2933 1540 acquisivisse,
2972 1475 3124 1541 quasi
3169 1474 3297 1530 illud
3332 1476 3402 1530 ab
3432 1486 3635 1531 aeterno
3662 1494 3768 1533 non

2204 1562 2474 1626 habuerit,
2519 1564 2611 1618 sed
2657 1563 2948 1632 signiﬁcat,
2996 1581 3120 1619 eum
3169 1566 3247 1637 (ει)
3298 1582 3421 1623 esse
3463 1568 3566 1623 hoc
3593 1572 3770 1639 ipsum

2201 1653 2342 1720 quod
2372 1652 2574 1708 habere
2600 1652 2833 1709 dicitur:
2860 1656 2931 1709 ita
2968 1665 3021 1710 et
3043 1658 3230 1711 eodem
3263 1657 3422 1712 modo
3454 1658 3648 1713 Filium
3674 1661 3772 1715 ha-

2204 1744 2332 1798 bere
2370 1744 2534 1798 vitam
2559 1759 2723 1814 quam
2759 1748 3053 1816 acceperit,
3101 1763 3208 1803 non
3237 1750 3525 1819 signiﬁcat,
3558 1767 3680 1807 eum
3703 1768 3771 1808 ex

2202 1846 2395 1889 natura
2447 1849 2543 1889 sua
2596 1836 2743 1889 illam
2792 1852 2896 1891 non
2937 1838 3172 1906 habere;
3207 1856 3327 1894 nam
3358 1844 3546 1909 verba,
3583 1862 3603 1895 ‹
3630 1844 3771 1898 sicut

2200 1928 2382 1994 habet,
2412 1936 2524 1993 DCI,
2543 1948 2563 1980 ‹
2592 1929 2672 1983 sic
2690 1929 2889 1993 dedit,»
2918 1933 3225 1995 ostendunt,
3259 1933 3329 1987 ita
3349 1934 3546 1990 habere
3575 1935 3768 1990 Filium

2202 2021 2393 2082 vitam,
2425 2021 2568 2074 sicut
2599 2021 2743 2075 illam
2772 2022 2931 2077 habet
2958 2022 3137 2087 Pater,
3191 2025 3280 2092 qui
3317 2040 3435 2080 eam
3460 2046 3463 2051 ν
3491 2043 3594 2081 non
3624 2043 3772 2086 acce-

2202 2112 2300 2181 pit.
2331 2111 2407 2166 Ac
2446 2126 2630 2176 sensu,
2663 2114 2753 2181 qui
2785 2114 3020 2168 divinam
3050 2115 3380 2182 maiestatem
3404 2119 3610 2184 deceat,
3629 2121 3772 2174 acci-

2203 2202 2394 2270 pienda
2453 2212 2577 2257 sunt
2609 2218 2730 2257 cum
2768 2206 2953 2271 verba,
2990 2225 3009 2256 ι
3036 2206 3205 2260 Habet
3251 2208 3440 2275 vitam,
3473 2228 3492 2260 ι
3537 2219 3611 2276 et,
3652 2229 3672 2263 ι
3716 2211 3770 2265 in

2204 2293 2517 2361 semetipso,
2568 2310 2587 2342 ι
2613 2294 2681 2347 de
2724 2292 2884 2347 Patre
2904 2296 3067 2358 diota,
3099 2306 3211 2350 tum
3241 2312 3360 2366 quae
3397 2300 3664 2354 adduntur
3705 2302 3772 2356 de

2204 2381 2363 2448 Filio,
2385 2402 2403 2433 ι
2422 2383 2576 2437 Dedit
2594 2384 2669 2448 ei,
2694 2401 2713 2434 ι
2743 2394 2818 2450 et,
2838 2404 2857 2437 ι
2878 2385 3078 2441 habere
3101 2386 3154 2440 in
3178 2389 3503 2458 semetipso:
3541 2410 3560 2442 ι
3593 2406 3657 2446 ac
3676 2407 3775 2460 po-

2205 2472 2316 2527 tius
2354 2488 2418 2527 ει
2452 2473 2528 2528 rei
2557 2476 2880 2532 necessitate
2914 2478 3093 2532 divina
3136 2479 3255 2534 Filii
3301 2491 3559 2550 potestas,
3584 2494 3637 2539 et
3665 2502 3772 2541 una

2207 2566 2262 2620 in
2322 2567 2585 2622 ambobus
2628 2568 2877 2625 voluntas
2927 2571 3273 2642 intelligenda
3322 2586 3440 2643 est;
3482 2592 3606 2629 nam
3640 2579 3772 2642 vita,

2208 2671 2377 2726 quam
2427 2660 2623 2713 dicitur
2674 2659 2875 2716 habere
2925 2661 2978 2716 in
3040 2665 3218 2729 seipso
3274 2663 3456 2731 Pater,
3497 2678 3550 2722 et
3585 2669 3771 2732 Filius,

2207 2752 2386 2805 unitas
2417 2762 2527 2815 est,
2569 2762 2625 2806 et
2678 2754 3211 2821 supersubstantialis
3234 2762 3491 2825 essentia,
3511 2777 3615 2814 non
3643 2777 3775 2816 vero

2209 2842 2435 2896 alterum
2462 2843 2590 2913 quid
2625 2843 2676 2896 in
2704 2844 2874 2900 altero
2913 2847 3182 2901 exsistens
3222 2865 3236 2900 :
3264 2864 3366 2916 qua
3413 2852 3478 2905 de
3509 2866 3672 2906 causa
3698 2854 3777 2906 ait

2209 2934 2322 3002 ipse
2350 2934 2558 2988 Filius:
2595 2953 2613 2985 ι
2642 2934 2753 3002 Ego
2786 2952 2903 2989 sum
2943 2938 3051 2991 vita
3088 2958 3101 2991 :
3140 2957 3159 2989 ι
3201 2942 3337 2995 adeo
3368 2945 3527 2997 utvel
3571 2960 3638 3001 ex
3671 2946 3776 3002 hoc

2209 3032 2485 3091 appareat.
2517 3039 2621 3077 non
2652 3025 2811 3078 aliam
2866 3042 2894 3077 a
2932 3024 3111 3081 Patris
3161 3031 3394 3083 essentia
3443 3046 3564 3087 esse
3588 3048 3774 3089 essen-

2211 3117 2340 3168 tiam
2372 3115 2515 3168 Filii.
2544 3113 2678 3168 Nam
2712 3119 2756 3169 si
2793 3115 2962 3170 Filius
2991 3128 3077 3171 est
3099 3120 3226 3181 vita,
3258 3131 3311 3175 et
3336 3122 3577 3177 eamdem
3608 3125 3773 3179 vitam

2212 3206 2374 3261 habet
2401 3206 2583 3270 Pater,
2611 3207 2738 3273 quid
2780 3208 3044 3275 reliquum
3076 3218 3180 3275 est,
3218 3212 3319 3265 nisi
3349 3222 3408 3266 ut.
3436 3214 3523 3268 ille
3550 3216 3622 3268 sit
3650 3215 3777 3271 huic

2210 3297 2717 3351 consubstantialis?
2754 3313 2816 3352 ac
2845 3300 2888 3353 si
2930 3298 3098 3354 Filius
3158 3313 3241 3354 est
3266 3303 3396 3367 vita,
3427 3306 3694 3372 quomodo
3723 3307 3776 3359 id

2209 3394 2383 3462 potuit
2421 3394 2689 3461 accipere,
2717 3394 2858 3462 quod
2893 3394 3007 3461 ipse
3032 3394 3158 3448 est?
3205 3397 3273 3449 At
3300 3397 3342 3450 si
3371 3413 3489 3452 eam
3520 3399 3774 3462 habebat,

2210 3481 2482 3550 inquiunt,
2508 3483 2776 3551 quomodo
2807 3484 3054 3550 accepit?
3084 3483 3189 3537 Sed
3216 3494 3271 3538 et
3300 3486 3416 3538 ista:
3452 3501 3613 3540 mera:
3646 3499 3777 3541 sunt

2208 3588 2396 3637 nugae:
2421 3587 2541 3626 nam
2574 3574 2736 3626 etiam
2784 3574 2979 3627 similis
3024 3576 3093 3629 ab
3134 3575 3295 3629 simili
3329 3577 3558 3644 accipit:
3592 3593 3659 3631 ne
3693 3578 3776 3632 di—

2211 3679 2359 3727 cam,
2392 3664 2648 3732 majorem
2685 3679 2901 3734 quoque
2931 3665 3198 3721 interdum
3214 3668 3461 3734 accipere
3506 3684 3535 3721 a
3559 3670 3777 3730 minori,

2208 3766 2263 3810 et
2289 3757 2567 3810 dexteram
2622 3773 2649 3809 a
2684 3758 2904 3811 sinistra
2951 3774 2966 3811 :
3009 3759 3256 3813 novimus
3287 3768 3490 3825 autem,
3515 3762 3776 3829 quosdam

2209 3849 2372 3902 etiam
2406 3848 2593 3916 :rquali
2621 3848 2895 3916 judicandi
2937 3849 3103 3920 378
3143 3852 3465 3907 auctoritate
3498 3854 3775 3923 prteditos,

2208 3952 2329 3992 eam
2368 3938 2655 4006 aliquando
2680 3939 2838 3992 alteri
2867 3943 3186 4007 concedere,
3212 3944 3301 4011 qui
3334 3944 3462 4013 ipsis
3480 3943 3654 4011 major
3674 3944 3775 3997 sit:

2209 4040 2263 4084 et
2292 4030 2473 4085 dicere
2503 4030 2775 4084 solemus:
2808 4033 3083 4085 Dederunt
3128 4033 3254 4087 huic
3278 4034 3374 4088 soli
3408 4046 3466 4089 ut
3488 4042 3609 4090 'rem
3639 4036 3781 4090 hant

2210 4122 2497 4190 dijudicet:
2534 4122 2633 4176 etsi
2661 4123 2705 4175 is
2732 4123 2928 4176 haheat
2963 4121 3062 4193 (3).
3120 4134 3175 4177 et
3218 4122 3444 4180 fortasse
3479 4126 3647 4193 magis
3678 4127 3780 4180 ha-

2211 4214 2352 4278 beat,
2379 4212 2650 4281 judicandi
2683 4222 3025 4281 potestatem.
3056 4214 3238 4284 Itaque
3265 4231 3368 4269 non
3392 4216 3467 4268 ait
3500 4215 3780 4283 Scriptura

2210 4303 2405 4357 Filium
2440 4305 2489 4358 id
2517 4305 2813 4373 accepisse,
2836 4304 2979 4372 quod
3020 4320 3123 4357 non
3167 4305 3404 4370 haberet,
3434 4307 3526 4361 sed
3557 4307 3640 4359 vel
3667 4309 3780 4377 ipse

2210 4395 2534 4464 evangelista
2572 4396 2747 4465 inquit
2777 4418 2790 4450 ;
2826 4414 2845 4446 ι
2877 4394 2929 4449 lu
2983 4397 3198 4464 propria
3255 4395 3332 4467 (6)
3401 4398 3567 4459 venit,
3608 4408 3662 4452 et
3694 4399 3780 4452 sui

538 4486 711 4556 Πατρι
730 4502 743 4515 ο
773 4488 839 4539 ἐκ
869 4486 963 4539 τοῦ
994 4487 1201 4557 κόσμου
1233 4488 1342 4556 γὰρ
1369 4488 1547 4551 ὄντας,
1575 4490 1642 4558 τῇ
1685 4488 1875 4540 ἐαυτοῦ
1903 4490 2107 4541 οἰκονο-

2211 4500 2333 4542 eum
2366 4503 2470 4540 non
2498 4498 2816 4555 receperunt
2835 4486 2912 4559 (7)
2945 4506 2960 4542 :
3022 4498 3282 4556 quotquot
3346 4497 3523 4543 autem
3563 4506 3782 4560 recepe-

542 4574 640 4645 piq.
667 4577 809 4628 ποιεῖ
829 4575 1272 4646 οὐρανοπολίτας.
1302 4576 1422 4648 (181
1458 4576 1514 4648 a]
1549 4577 1674 4639 Πῶς
1718 4577 1774 4629 δὲ
1805 4578 1897 4630 καὶ
1949 4579 2108 4647 ἡμεῖς

538 4664 607 4717 τά
635 4664 729 4717 τοῦ
749 4664 883 4719 Θεοῦ
916 4667 1075 4720 πάλιν
1106 4667 1253 4737 αὐτῷ
1274 4668 1689 4739 προσφέρομενς
1726 4669 1796 4720 Ἢ
1820 4668 1937 4729 πῶς
1953 4668 2110 4732 δόξαν

540 4752 687 4823 αὑτῷ
713 4753 1141 4826 άναπέμπομενς
1171 4755 1261 4826 Μὴ
1286 4751 1395 4824 ἆρα
1412 4754 1440 4807 ὃ
1466 4754 1539 4825 μὴ
1566 4753 1700 4824 ἔχει,
1728 4754 1761 4825 ἢ
1793 4754 1820 4806 ὃ
1850 4753 1923 4823 μὴ
1944 4752 2112 4817 ἐστιν,

540 4847 686 4918 αὐτῷ
701 4848 1013 4919 παρέχομεν
1032 4865 1047 4913 ;
1086 4850 1270 4920 Ἀρκεῖ
1289 4843 1383 4902 οῦν
1403 4848 1585 4911 αὐτοῖς
1605 4846 2015 4918 ἀποκρίνεσθαι.
2031 4848 2114 4899 ὃτι

539 4933 710 5000 οὕτως
746 4936 966 5002 ἐλαϐεν,
993 4940 1069 5002 ὡς
1098 4937 1441 5009 ἐπτώχευσεν
1479 4935 1650 4999 ἑκὼν,
1680 4938 1776 4989 καὶ
1797 4937 1872 4999 ὡς
1897 4937 2115 5004 ἐγένετο

540 5025 772 5096 κατάρα.
808 5028 873 5079 Τί
905 5028 1016 5099 γὰρ
1049 5028 1117 5082 ἂν
1158 5030 1390 5101 φήσαιεν
1418 5025 1761 5099 ἐρωτώμενοι
1793 5026 1851 5091 ἐξ
1880 5024 2111 5079 ἀνθυπο-

608 5161 686 5297 gl)
720 5162 889 5218 Juxta
924 5164 1145 5219 Isaiam.
1180 5164 1310 5219 Vide
1338 5165 1441 5219 lsa.
1476 5178 1594 5231 cap.
1622 5179 1699 5219 ix.
1734 5178 1876 5219 vers.
1912 5163 1968 5217 6.

634 5237 689 5297 2)
731 5235 835 5297 Qui
868 5251 968 5287 non
1005 5236 1265 5297 rapinam.
1302 5234 1529 5297 Philipp.
1563 5248 1622 5293 Il,
1646 5232 1698 5286 6.

634 5237 689 5302 2)
731 5235 835 5297 Qui
868 5251 968 5287 non
1005 5236 1265 5302 rapinam.
1302 5234 1529 5302 Philipp.
1563 5248 1622 5293 Il,
1646 5232 1698 5286 6.

612 5242 667 5297 (‘2
731 5242 835 5297 Qui
868 5251 968 5287 non
1005 5242 1265 5302 rapinam.
1302 5242 1529 5302 Philipp.
1563 5248 1622 5293 II,
1646 5242 1698 5286 6.

612 5242 689 5376 (εἶ
728 5302 1022 5376 Oporteret.
1056 5307 1259 5376 codex,
1286 5305 1475 5376 ὲχρήν.
1505 5302 1607 5356 Alii
1637 5304 1880 5359 scribere
1909 5302 2115 5355 malunt

541 5369 862 5446 ἐχρῇψ-ιιιίἰ
887 5374 1048 5446 etiam
1085 5374 1271 5446 Equv.

596 5438 884 5563 ’ζέζόξιηω
916 5438 1294 5508 ϐοάει,”ἀύ’τό.
1329 5441 1492 5513 Lego,
1527 5441 1711 5507 αὐτόν,
1742 5442 1904 5512 idque
1935 5440 2113 5496 refero

541 5524 607 5561 au
632 5524 783 5563 δεον.

612 5579 689 5649 (5)
729 5581 843 5653 Etsi
859 5582 936 5653 _is
978 5582 1184 5653 habent.
1231 5584 1441 5651 Codex,
1474 5584 1703 5640 καίτοι
1738 5583 1912 5653 ἔχοντι
1956 5580 2108 5637 αὑτό.

543 5644 705 5720 Lego.
741 5650 894 5720 αὑτῷ
923 5666 1018 5719 pro
1049 5651 1201 5707 αὑτό.

612 5718 688 5784 (6)
725 5719 790 5773 In
818 5718 1055 5788 propria.
1091 5720 1246 5774 Joan.
1284 5738 1323 5781 ι.
1358 5723 1443 5782 Η,
1471 5724 1565 5777 12.

621 5788 698 5859 (Ἰ)
731 5789 854 5844 Non
875 5800 1194 5852 receperunt.
1224 5791 1422 5847 Biblia:
1448 5794 1510 5846 οὐ
1542 5792 1847 5865 παρέλαϐον
1871 5806 1967 5859 pro
2007 5790 2108 5845 οὐκ

2222 4587 2348 4632 runt
2369 4593 2512 4642 eum,
2538 4578 2688 4632 dedit
2717 4580 2798 4632 eis
2830 4586 3148 4647 potestatem
3177 4579 3316 4634 ﬁlios
3340 4580 3428 4633 Dei
3465 4581 3632 4634 ﬁeri.»
3655 4581 3783 4648 Qui-

2219 4667 2318 4721 bus
2355 4668 2533 4721 verbis
2568 4683 2672 4721 non
2701 4670 2857 4721 modo
2901 4670 3159 4732 ostendit,
3188 4671 3460 4738 propriam
3500 4672 3616 4725 Filii
3660 4688 3783 4727 esse

2217 4763 2520 4810 creaturam
2556 4755 2669 4827 (aut
2699 4755 3174 4827 creationem),sed
3210 4762 3371 4813 etiam
3416 4761 3560 4815 Patri
3606 4765 3717 4817 dari
3750 4779 3783 4818 a

2218 4846 2356 4901 Filio
2387 4849 2599 4915 eos,qui
2631 4848 2805 4917 ipsum
2834 4847 3031 4902 Filium
3058 4851 3400 4918 rccipiunt,id
3419 4862 3522 4918 est,
3546 4853 3664 4909 illos
3690 4857 3784 4923 qui

2214 4936 2352 4991 Filio
2385 4939 2614 4991 credunt
2634 4938 2733 5006 (8),
2761 4950 2816 4993 et
2848 4940 2932 4992 his
2963 4954 3085 4993 eum
3126 4956 3340 5011 semper
3386 4943 3705 4999 benefacere
3727 4954 3784 5003 et

2216 5043 2335 5081 cum
2365 5028 2539 5098 ipsum
2570 5029 2859 5101 recipiunt,
2888 5039 3086 5086 etcum
3117 5032 3185 5087 ab
3214 5031 3332 5101 ipso
3356 5032 3432 5104 (9)
3460 5034 3786 5089 exhibentur

2218 5162 2409 5219 ἔλαϐον

2291 5235 2368 5303 (δ)
2412 5234 2815 5308 ρηξῄερειιηιη,
2839 5238 3110 5306 recipiunt,
3151 5239 3208 5292 id
3249 5248 3325 5295 cu
3361 5240 3480 5295 illos
3519 5242 3608 5308 qui
3640 5238 3785 5295 Filio

2221 5304 2664 5378 credunt._Simili
2699 5307 2857 5361 modo
2874 5304 3221 5362 enarratione
3267 5313 3319 5363 in
3352 5310 3369 5364 I
3413 5304 3584 5378 Epist.
3619 5308 3782 5363 Joan.

2217 5388 2431 5442 cap.m
2475 5375 2685 5428 locutus
2729 5386 2851 5440 est,
2883 5394 3003 5433 cum
3047 5381 3158 5433 haec
3205 5375 3468 5434 dictaviti
3508 5379 3599 5432 Ait
3638 5381 3782 5433 enim

2220 5441 2308 5516 hic
2331 5441 2521 5516 doctor
2559 5445 2611 5498 in
2642 5444 2930 5516 Evangelio
2954 5462 3075 5509 suo.
3103 5468 3121 5499 ι
3146 5451 3501 5516 suscipientes
3520 5448 3727 5505 Jesmn.
3754 5466 3775 5499 ι

2219 5514 2329 5589 huc
2353 5523 2456 5576 est.
2482 5515 2609 5589 dum
2632 5514 2869 5589 rredu'nt
2903 5519 2953 5570 in
2990 5521 3205 5573 nomine
3231 5514 3369 5587 ejus,
3411 5536 3431 5569 ι
3462 5528 3781 5589 potestatein

2218 5584 2465 5649 accipere
2494 5585 2582 5638 Dei
2625 5584 2764 5637 ﬁlius
2789 5588 2920 5641 ﬁeri.
2951 5606 2970 5639 ι

2289 5652 2366 5719 (9)
2389 5652 2485 5729 .ᾼὸ
2513 5663 2657 5729 ipso;
2677 5655 2854 5709 Codex
2887 5670 2903 5708 :
2935 5656 3249 5729 παρ’ίαύτῷγ
3269 5656 3347 5727 τῷ
3378 5655 3585 5729 ῌατρί,
3619 5655 3669 5708 id
3698 5664 3784 5729 est

2221 5739 2240 5770 ε
2261 5722 2402 5799 apud
2431 5724 2601 5799 ipsum
2628 5724 2859 5799 Patrem.
2889 5745 2909 5778 ι
2937 5722 3041 5783 Sed
3066 5722 3346 5798 legendum
3371 5722 3625 5790 fortasse,
3648 5726 3780 5799 mp’

2212 5790 2379 5847 αὑτοῦ
2410 5791 2487 5861 τῷ
2513 5793 2707 5861 Πατρί.
