4056 6432
375 349 478 404 879
1607 343 1842 400 ΒΙΒΥΜΙ
1882 346 1927 400 Δ

2027 346 2351 403 XANDRINI
3508 357 3612 412 83‘0

367 466 512 520 Patri
551 479 716 520 :nam
769 467 1016 536 quamvis
1081 481 1147 522 ex
1201 464 1400 519 mundo
1447 464 1576 530 sint,
1631 479 1727 518 sua
1757 475 1927 518 tamet

2044 467 2247 536 φορᾶς·
2287 467 2346 520 Ὀ
2388 466 2520 531 Θεὸς
2555 469 2650 522 καὶ
2693 468 2895 540 Κύριος
2934 471 3240 544 πάντων,ή
3277 473 3446 539 ἀΐδιος
3478 475 3614 548 ζωὴ,

365 555 740 610 Incarnatione
764 555 884 611 coeli
918 556 1066 610 cives
1115 570 1210 610 eos
1252 554 1402 608 facit.
1447 553 1726 620 Quomodo
1759 563 1927 608 autem

2048 556 2141 609 καὶ
2167 557 2228 610 τὸ
2263 559 2376 627 φῶς
2404 559 2464 612 τὸ
2491 559 2761 630 ἀληθινὸν,
2796 563 2890 614 καὶ
2917 565 2950 632 ἡ
2977 563 3266 626 ἀθανασία,
3297 566 3413 630 πῶς
3439 568 3615 621 ἐπτώ-

368 661 468 701 nos
493 661 707 717 quoque
741 661 828 709 ea,
864 662 984 716 qua:
1013 648 1102 700 Dei
1137 657 1283 713 sunt,
1327 661 1513 700 rursus
1547 646 1643 714 ipsi
1681 645 1788 698 Deo
1806 645 1927 698 offe-

2043 664 2269 716 χευσεν;
2314 649 2346 720 ἢ
2383 649 2497 713 πῶς
2537 653 2569 722 ἠ
2598 652 2818 720 εὐλογία
2844 653 2912 706 δι’
2942 655 3086 725 ἡμᾶς
3117 657 3334 725 ἐγένετο
3364 658 3612 728 κατάρας

369 739 577 794 rimus?
613 741 998 808 autquomodo
1030 740 1254 810 gloriam
1279 741 1328 794 ei
1349 741 1652 795 reddimus?
1679 739 1927 809 Nunquid
1966 744 2108 810 quod
2174 760 2278 798 non
2309 745 2487 808 habet,
2553 759 2645 799 aut
2679 748 2820 815 quod
2880 764 2982 802 non
3034 758 3136 811 est,
3187 751 3236 805 ei
3274 754 3616 821 pracbemus?

367 835 577 891 Sullicit
617 849 746 905 ergo
797 835 868 887 ita
920 836 1184 890 haereticis
1239 835 1612 904 respondere:
1659 835 1826 889 Filius
1853 849 1918 888 eo
1956 850 2114 890 sensu
2149 841 2373 908 accepit,
2410 854 2518 909 quo
2573 855 2732 895 sensu
2795 842 3098 896 voluntarie
3169 859 3374 913 pauper
3442 845 3614 902 factus

367 937 472 990 est,
509 936 562 981 et
599 942 706 996 quo
743 941 902 981 sensu
938 925 1111 980 factus
1177 935 1259 981 est
1334 927 1675 980 maledictum
1703 924 1836 996 (l0).
1872 925 2008 992 Quid
2047 928 2190 982 enim
2251 932 2577 1000 respondere
2631 943 2873 1000 possent,
2927 935 2971 987 si
3029 950 3125 988 nos
3156 937 3470 1006 exceptione
3503 941 3618 1007 (aut

366 1021 718 1092 subjectione)
785 1031 1081 1084 uteremur,
1139 1036 1203 1076 ac
1255 1035 1348 1076 eos
1389 1020 1624 1076 vicissim
1700 1023 1777 1076 sic
1850 1021 2342 1090 interrogaremus:
2378 1024 2425 1079 Is
2456 1025 2546 1094 qui
2577 1036 2660 1080 est
2689 1026 2846 1089 Deus,
2879 1036 2932 1080 et
2977 1027 3234 1082 Dominus
3262 1031 3525 1097 omnium,
3565 1042 3616 1086 et

366 1126 568 1170 aeterna
602 1115 730 1180 vita,
756 1124 811 1169 et
837 1115 926 1168 lux
961 1130 1109 1177 vera,
1141 1124 1194 1169 et
1229 1115 1624 1178 immortalitas,
1662 1115 1934 1184 quomodo
1971 1130 2173 1186 pauper
2235 1119 2407 1173 factus
2437 1118 2557 1174 est?
2591 1129 2686 1172 aut
2751 1121 3020 1188 quomodo
3075 1119 3138 1186 is,
3196 1120 3289 1190 qui
3327 1133 3412 1176 est
3457 1123 3616 1176 bene-

367 1209 554 1273 dictio,
591 1216 810 1277 propter
842 1221 940 1262 nos
979 1206 1154 1261 factns
1188 1215 1272 1260 est
1306 1206 1648 1262 maledictio?

965 1299 1116 1354 CAP.
1157 1300 1341 1356 XVIII.

2677 1297 2835 1350 ΚΕΦ.
2873 1297 2980 1350 III'.

439 1390 610 1448 Simili
656 1392 815 1447 modo
860 1391 1276 1463 [intelligendum
1331 1403 1414 1445 est
1459 1391 1620 1446 etiam
1678 1391 1820 1461 quod
1883 1391 1927 1446 in

2114 1388 2298 1452 Οὕτως
2331 1389 2397 1442 ἂν
2424 1389 2640 1458 νοηθείη
2671 1389 2764 1441 καὶ
2796 1387 2854 1440 τὸ
2893 1390 2949 1441 ὲν
2995 1388 3212 1460 Ἰωάννῃ
3245 1393 3356 1452 τοῖς
3386 1391 3614 1446 ἀποστό-

366 1484 574 1541 Joaune
595 1485 850 1554 apostolis
875 1484 1071 1540 dictum
1100 1483 1199 1538 fuit
1229 1501 1241 1535 :
1265 1503 1284 1535 ι
1308 1483 1363 1538 Si
1386 1485 1683 1554 diligeretis
1703 1483 1927 1554 me(lI),

2041 1482 2152 1544 λοις
2185 1481 2348 1552 ῥηθέν
2373 1497 2385 1508 ·
2425 1500 2442 1531 ι
2487 1481 2549 1532 Εἰ
2593 1479 2845 1550 ἠγαπᾶτὲ
2882 1497 2984 1548 με,
3021 1481 3256 1550 ἐχάρητε
3285 1480 3371 1545 ἂν,
3405 1482 3486 1535 ὅτι
3517 1501 3614 1536 πο-

365 1580 535 1648 gavisi
569 1581 779 1641 essetis,
808 1579 934 1648 quia
970 1578 1082 1649 (l2)
1114 1578 1251 1632 vado
1305 1578 1370 1632 ad
1399 1577 1614 1632 Patrem
1641 1597 1655 1632 :
1691 1579 1814 1648 quia
1845 1579 1927 1647 qni

2043 1573 2270 1645 ρεύομαι
2298 1571 2432 1642 πρὸς
2462 1571 2553 1623 τὸν
2589 1570 2840 1656 Πατέρα·
2883 1571 2964 1623 ὅτι
2995 1572 3022 1623 6
3051 1571 3278 1640 πέμψας
3320 1590 3387 1642 με
3430 1575 3614 1645 Πατὴρ

367 1673 512 1724 misit
543 1687 628 1726 me
653 1671 764 1739 (15)
790 1669 969 1733 Pater,
1002 1672 1174 1739 major
1201 1685 1286 1723 me
1316 1678 1420 1723 est.
1449 1688 1467 1721 ι
1499 1669 1776 1734 Quomodo
1792 1670 1927 1723 enim

2040 1664 2242 1736 μείζων
2271 1681 2371 1734 μου
2397 1664 2564 1716 ἐστίν.
2601 1682 2617 1714 ι
2657 1662 2780 1723 Πῶς
2812 1663 2919 1734 γὰρ
2953 1663 3266 1734 πορεύεται,
3297 1665 3330 1734 ἦ
3363 1665 3612 1738 ἐπέμφθη

365 1762 532 1826 vadit,
585 1771 678 1814 aut
711 1761 908 1815 missus
952 1770 1034 1814 est
1079 1762 1371 1814 secundum
1421 1761 1674 1815 deitatem
1733 1761 1818 1815 ille
1844 1763 1927 1831 qui

2036 1756 2178 1810 κατὰ
2207 1755 2306 1826 τὴν
2345 1754 2575 1825 θεότητα
2621 1755 2649 1806 6
2697 1753 2894 1806 εἰπών’
2948 1772 2965 1804 ι
3023 1753 3257 1822 Ἐγὼ-ὲν
3294 1755 3372 1826 τῷ
3417 1757 3610 1826 Πατρὶ,

366 1854 531 1908 dixit:
558 1872 576 1904 ι
614 1851 725 1922 Ego
760 1853 811 1906 in
861 1851 1022 1906 Patre
1051 1851 1185 1920 (14),
1231 1862 1284 1905 et
1336 1850 1497 1906 Pater
1526 1854 1576 1906 in
1619 1867 1742 1919 me;
1787 1872 1805 1904 ι
1840 1863 1927 1908 et:

2034 1853 2128 1902 atat
2165 1849 2194 1901 6
2228 1847 2415 1918 Πατὴρ
2447 1849 2502 1899 ἐν
2533 1847 2690 1915 ἐμοί⁹
2732 1866 2750 1898 ι
2790 1847 2905 1911 καὶ,
2954 1864 2974 1898 ι
3023 1847 3082 1900 ὐ
3116 1848 3304 1918 Πατὴρ
3328 1851 3356 1901 6
3387 1851 3444 1902 ὲν
3493 1851 3614 1920 ἐμοὶ

369 1945 560 2000 «Pater
583 1945 720 2014 (15),
753 1945 842 2014 qui
873 1945 923 1997 in
945 1959 1029 1998 me
1056 1953 1255 2008 manet,
1275 1943 1404 1998 facit
1424 1959 1584 2014 opera
1611 1959 1626 2010 ;
1653 1963 1671 1995 ι
1699 1949 1772 1998 et:
1803 1943 1927 2011 «Qui

2037 1938 2212 2007 μένων
2248 1940 2388 1990 ποιεί
2417 1936 2485 1990 τὰ
2525 1935 2692 2005 ἔργα·
2741 1955 2760 1987 ι
2793 1938 2906 1998 καὶ,
2942 1955 2960 1988 ι
3002 1936 3059 1990 Ὀ
3098 1937 3320 2006 πέμψας
3365 1955 3454 2008 με,
3497 1940 3612 2010 μετ’

363 2039 508 2092 misit
541 2051 626 2092 me
677 2036 811 2106 (16),
856 2051 1064 2090 mecum
1107 2037 1268 2089 est?»
1324 2036 1491 2106 379
1522 2034 1587 2088 Et
1638 2035 1704 2098 is,
1735 2036 1800 2092 de
1830 2052 1936 2105 quo

363 2127 622 2195 scriptum
647 2134 752 2187 est,
804 2124 946 2192 quod
1004 2142 1023 2174 ι
1074 2125 1310 2192 seipsum
1363 2123 1658 2178 exinanivit
1706 2125 1932 2180 formam

363 2222 508 2274 servi
537 2219 849 2287 accipiens;
875 2237 893 2268 ›
917 2225 971 2271 et
993 2221 1132 2286 quod
1165 2236 1183 2268 ι
1218 2217 1269 2270 in
1298 2216 1501 2271 mundo
1529 2227 1664 2281 erat,
1691 2229 1744 2272 et
1775 2235 1933 2274 tuttu-

362 2312 464 2364 dus
494 2324 588 2377 per
619 2309 793 2377 ipsum
827 2309 999 2362 factus
1028 2309 1150 2363 est?
1173 2327 1192 2360 ι
1242 2309 1344 2376 Qui
1376 2309 1520 2363 enim
1573 2310 1760 2376 mittit,
1805 2311 1934 2366 illuc

364 2401 552 2465 mittit,
585 2403 672 2456 ubi
695 2417 800 2454 non
825 2410 905 2455 est
929 2400 1020 2469 qui
1052 2400 1238 2463 mittit,
1261 2415 1360 2454 nec
1383 2400 1473 2469 qui
1507 2401 1755 2455 mittitur.
1783 2403 1934 2468 Quod

362 2493 406 2548 si
442 2493 583 2548 Deus
615 2494 814 2560 ubique
847 2494 1021 2556 adest,
1071 2493 1249 2546 omnia
1295 2493 1460 2545 etiam
1489 2493 1749 2561 continet,
1778 2510 1930 2549 crea-

365 2591 516 2636 turas
548 2581 1017 2648 circumplecteus,
1076 2595 1251 2648 neque
1301 2595 1434 2635 vero
1465 2580 1674 2646 abiens,
1709 2593 1820 2636 tum
1847 2597 1918 2637 re-

363 2674 537 2736 diens,
564 2688 661 2727 nec
693 2672 809 2726 loca
836 2687 904 2726 ex
963 2672 1094 2726 locis
1149 2671 1444 2726 alternans.
1478 2671 1567 2726 Ait
1605 2674 1747 2726 enim
1777 2689 1934 2729 sacer

364 2763 571 2819 Psaltes
597 2783 609 2818 :
645 2781 662 2814 ι
690 2761 866 2831 Prope
892 2762 1006 2833 (17)
1025 2772 1109 2817 est
1128 2763 1387 2816 Dominus
1415 2764 1728 2819 timentibus
1751 2780 1926 2828 eumn

361 2864 418 2910 et
445 2867 672 2908 rursus:
713 2872 732 2904 ι
764 2852 822 2908 Si
869 2854 1163 2907 ascendero
1192 2852 1304 2922 (18)
1339 2852 1392 2906 in
1454 2852 1670 2918 emtum,
1724 2861 1778 2907 tu
1825 2853 1932 2908 illic

2033 2030 2168 2101 ἐμοῦ
2209 2031 2399 2094 ὲστιν;
2437 2048 2454 2079 ι
2501 2029 2560 2081 '0
2599 2029 3064 2101 μαρτυρούμενος,
3085 2030 3167 2082 ὅτι
3205 2031 3465 2084 «Ἑαυτὸν
3493 2032 3612 2085 ὲκέο

2032 2140 2208 2188 νωσε,
2266 2121 2480 2193 μορφὴν
2522 2121 2708 2174 δούλου
2741 2119 2955 2175 λαϐώνε
3003 2142 3020 2173 ι
3065 2123 3160 2176 καὶ
3189 2125 3270 2176 ὅτι
3313 2141 3332 2174 ι
3407 2125 3494 2177 Ἐν
3536 2125 3615 2195 τῷ

2033 2217 2222 2285 κόσμῳ
2243 2210 2332 2286 ἦν,
2361 2215 2456 2268 καὶ
2481 2215 2508 2266 6
2538 2215 2740 2284 κόσμος
2768 2213 2834 2266 δι’
2866 2212 3032 2266 αὑτοῦ
3062 2213 3314 2282 ὲγένετος
3351 2235 3368 2267 ι
3417 2216 3477 2269 '0
3506 2218 3613 2289 γὰρ

2033 2307 2268 2377 πέμπων
2312 2309 2427 2359 ἐκεῖ
2457 2306 2698 2376 πέμπει,
2730 2304 2857 2359 ἔνθα
2887 2307 2988 2358 οὐκ
3020 2306 3166 2359 ἔστιν
3195 2307 3223 2358 6
3258 2307 3490 2377 πέμπων
3521 2309 3614 2362 καὶ

2031 2398 2060 2449 6
2095 2397 2462 2466 πεμπόμενος.
2505 2397 2564 2448 Εἰ
2595 2395 2652 2448 δὲ
2685 2397 2713 2447 6
2736 2394 2868 2458 Θεὸς
2901 2395 3173 2466 πανταχοῦ
3205 2397 3458 2468 πάρεστι,
3523 2400 3614 2452 καὶ

2033 2489 2208 2542 πάντα
2243 2489 2476 2558 συνέχει,
2521 2486 2984 2558 περιδραξάμενος
3016 2487 3114 2558 τὴν
3146 2488 3346 2550 κτίσιν,
3383 2490 3478 2542 καὶ
3510 2491 3610 2544 οὐκ

2031 2579 2230 2644 ἀπιὼν,
2256 2581 2347 2634 καὶ
2371 2580 2527 2634 πάλιν
2557 2579 2933 2640 ὲπανιὼν,οὑδ’
2967 2581 3029 2632 ὲκ
3049 2579 3229 2633 τόπων
3247 2581 3613 2652 τόπυςᾶμει-

2031 2671 2160 2725 ϐων.
2208 2672 2367 2738 Λέγει
2391 2671 2500 2742 γὰρ
2539 2672 2568 2722 ὁ
2601 2671 2696 2741 μὲν
2732 2670 3100 2742 Ἱεροψάλτηψ
3127 2691 3146 2723 ι
3196 2673 3392 2740 Ἐγγὺς
3413 2673 3613 2745 Κύριος

2032 2768 2145 2827 τοῖς
2169 2763 2520 2834 φοϐουμένοις
2549 2763 2742 2816 αὐτόν·
2783 2782 2801 2814 ι
2841 2765 2936 2816 καὶ
2975 2764 3168 2818 πάλιν·
3206 2782 3224 2814 t
3271 2766 3395 2819 Ἐὰν
3429 2767 3613 2821 ἀνασῶ

2031 2859 2111 2920 εἰς
2141 2857 2230 2910 τὸν
2262 2857 2509 2928 οὺρανδν.
2546 2857 2610 2908 σὺ
2643 2857 2758 2908 ἐκεῖ
2781 2851 2848 2908 εἷο
2867 2857 2962 2908 ἐὰν
2988 2856 3214 2910 καταϐῶ
3239 2858 3318 2921 εἰς
3339 2858 3431 2911 τὸν
3456 2859 3610 2930 ᾅδην,

362 2962 449 3010 es;
485 2945 529 2999 si
562 2943 895 2998 descendero
931 2943 982 2995 in
1013 2941 1470 3008 infernum,ades.
1498 2942 1556 2998 Si
1592 2961 1927 3014 assumpscrn

2038 2950 2224 3022 πάρει·
2246 2946 2342 3002 ἐὰν
2371 2949 2695 3019 ἀναλάίοιμι
2722 2948 2997 3018 πτέρυγάς
3023 2966 3122 3018 μου
3142 2950 3262 3002 κατ’
3286 2949 3501 3022 ὄρθρον,
3518 2952 3612 3004 καὶ

361 3051 567 3107 pennas
595 3049 744 3089 meas
769 3033 1022 3100 diluculo,
1046 3045 1101 3087 et
1128 3033 1447 3089 babitavero
1467 3035 1517 3088 in
1537 3036 1794 3090 extremis
1821 3051 1934 3089 ma-

359 3127 469 3181 ris:
497 3126 694 3180 etenim
724 3123 852 3178 illuc
885 3139 1076 3180 manus
1115 3133 1203 3177 tua
1237 3124 1468 3178 deducet
1508 3139 1615 3190 me,
1647 3133 1700 3178 et
1730 3127 1932 3180 tenebit

360 3233 448 3274 me
469 3219 688 3272 dextera
721 3229 829 3272 tua.
856 3235 875 3266 ι
908 3215 1170 3271 Jeremias
1199 3225 1376 3269 autem
1412 3233 1426 3269 :
1463 3235 1482 3267 ι
1509 3215 1715 3270 Caelum
1745 3216 1856 3288 (t9)
1877 3227 1930 3273 et

360 3318 558 3365 terram
587 3324 688 3378 ego
750 3308 968 3377 impleo,
1019 3308 1151 3362 dicit
1192 3308 1471 3362 Dominus.
1511 3325 1531 3358 ι
1591 3309 1726 3362 Acta
1763 3323 1925 3364 vero:

362 3403 666 3471 «Quamvis
723 3401 836 3471 (20)
893 3416 996 3454 non
1051 3399 1209 3468 longe
1257 3399 1326 3452 sit
1364 3398 1432 3452 ab
1475 3414 1798 3469 unoquoque
1835 3417 1932 3456 no-

2035 3043 2440 3112 κατασκηνώσω
2465 3043 2544 3105 εἰς
2566 3041 2634 3094 τὰ
2675 3040 2882 3112 ἔσχατα
2910 3042 3010 3111 τῆς
3038 3041 3343 3114 θαλάσσης·
3373 3045 3465 3097 καὶ
3503 3044 3612 3115 γὰρ

2033 3137 2147 3188 ἐκεῖ
2191 3133 2308 3206 [181
2362 3131 2413 3205 li]
2472 3136 2505 3204 ἡ
2545 3134 2666 3205 χείρ
2701 3151 2793 3186 σου
2832 3134 3093 3204 ὁδηγήσει
3137 3153 3226 3205 με,
3259 3136 3352 3189 καὶ
3395 3137 3609 3201 καθέξει

2037 3241 2104 3293 με
2133 3226 2166 3294 ἡ
2210 3223 2359 3290 δεξιά
2400 3240 2514 3276 σου.
2574 3243 2592 3274 ι
2644 3224 2702 3276 '0
2741 3222 2798 3274 δὲ
2839 3222 3142 3294 Ἱερεμίας·
3181 3243 3198 3275 ι
3253 3224 3355 3277 Τὸν
3385 3225 3611 3296 οὐρανὸν

2033 3317 2127 3370 καὶ
2165 3316 2264 3385 τὴν
2307 3315 2410 3386 γῆν
2465 3315 2577 3384 ἐγὼ
2625 3315 2848 3388 πληρῶ,
2897 3315 3048 3384 λέγει
3092 3317 3319 3387 Κύριος.
3375 3335 3394 3369 ι
3444 3319 3510 3371 Al
3553 3317 3610 3371 δι

2035 3406 2302 3479 Πράξειςο
2359 3425 2378 3458 ι
2439 3405 2550 3460 Καί
2589 3423 2654 3474 γε
2704 3407 2764 3458 οὐ
2811 3405 3028 3477 μακρὰν
3078 3406 3186 3459 ἀπὸ
3224 3407 3341 3470 ἐνὸς
3380 3407 3608 3460 ἑκάστου

354 3505 562 3552 strum:
597 3498 650 3550 in
677 3496 794 3566 ipso
839 3495 950 3566 (21)
998 3491 1359 3564 380—382
1391 3492 1533 3546 enim
1585 3494 1836 3560 vivimus,
1877 3504 1927 3550 el

2035 3499 2192 3571 ἡμῶν
2235 3497 2552 3570 ὑπάρχοντα
2574 3513 2588 3527 ·
2630 3501 2687 3552 ἐν
2715 3497 2864 3568 αὐτῷ
2900 3497 3009 3568 γὰρ
3049 3496 3263 3566 ζῶμεν.
3309 3498 3403 3552 καὶ
3431 3500 3612 3552 κινούο

359 3605 659 3653 movemur,
708 3599 762 3644 et
819 3604 1004 3643 sumus
1049 3604 1064 3640 :
1115 3585 1564 3656 quemadmodum
1602 3587 1762 3640 etiam
1792 3602 1932 3641 non-

358 3681 489 3736 nulli
523 3690 830 3735 nostrorum
864 3688 1143 3750 poetarum
1175 3673 1284 3748 (22)
1319 3675 1598 3730 dixerunt:

429 3792 542 3862 (10)
577 3791 776 3846 Factus
805 3799 879 3846 est
900 3790 1256 3862 maledictum.
1283 3787 1461 3862 Galat.
1497 3805 1580 3853 ιιι,
1615 3791 1703 3846 15.

453 3858 540 3930 ll)
579 3862 637 3933 Si
662 3863 968 3933 diligentis.
998 3859 1153 3933 Joan.
1192 3874 1302 3933 xiv,
1335 3858 1424 3933 28.

456 3923 542 3998 Ii)
580 3932 738 3998 Quia.
761 3923 962 3986 'Grzeca
1023 3929 1188 3984 editio
1225 3929 1309 3998 hic
1339 3928 1483 3982 addit
1536 3923 1712 3992 εἶπον,
1748 3930 1802 3986 id
1837 3940 1924 3987 est

362 4023 383 4057 ι
591 3997 952 4084 :Sedﬁfulg.
983 4000 1251 4084 interpres
1281 3997 1490 4084 legi-tut
1516 3999 1792 4084 Did_y'tuufs‘.

428 4073 556 4198 Q5).
587 4071 688 4138 Qui
712 4067 956 4152 misitme
993 4069 1172 4122 Pater.
1209 4067 1316 4120 Pro
1383 4067 1464 4121 his
1509 4067 1689 4149 verbis
1733 4069 1920 4125 Graeca

355 4153 410 4198 et
488 4156 630 4196 atina
668 4143 833 4196 Btblta
869 4141 1067 4194 habent
1097 4155 1112 4192 :
1141 4140 1171 4190 6
1197 4137 1389 4208 Πατήρ
1423 4154 1549 4206 μου,
1579 4140 1630 4192 td
1653 4150 1738 4194 est
1767 4159 1784 4192 ι
1815 4139 1921 4194 Pa-

357 4225 442 4270 ter
470 4228 642 4267 meus.
671 4231 690 4264 ι

427 4283 541 4354 (14)
581 4283 689 4354 {Ego
711 4284 764 4336 in
790 4278 967 4354 Patre.
999 4277 1303 4354 Joaugxw,
1342 4277 1430 4331 11.

425 4347 540 4428 (1ξ)
570 4347 752 4428 Pater.
773 4349 940 4428 _Joan.
973 4365 1084 4428 XI-V,
1116 4347 1202 4402 10.

423 4415 536 4493 (16)
575 4421 681 4493 Qui
713 4422 854 4493 misit
887 4436 986 4493 me.
1015 4417 1171 4472 Joan.
1197 4432 1314 4481 vm,
1337 4415 1426 4493 29_.

424 4484 538 4565 (171
558 4484 952 4565 _Pr0pe.__P_sal.
991 4503 1171 4565 cxptv,
1204 4502 1352 4565 vers.
1397 4484 1464 4540 19
1503 4487 1630 4565 .(scu
1655 4487 1754 4565 _I8)
1785 4487 1918 4565 legi-

355 4547 488 4618 tur:
525 4547 974 4633 ’Ἔγγῧς-Κύριος
1014 4547 1167 4633 attici
1186 4560 1301 4633 τοῖς
1335 4547 1782 4633 ἐπικαλουμένοις
1821 4547 1918 4611 ἆὺ-
1951 4547 1995 4601 D

353 4634 466 4696 τόν,
492 4634 544 4688 id
569 4628 658 4686 est
681 4651 700 4684 ι
740 4628 910 4700 Prope
936 4639 1021 4685 est
1050 4630 1306 4700 Dominus
1348 4628 1609 4680 omnibus
1636 4632 1731 4700 qui
1768 4630 1923 4681 invo-

355 4712 484 4756 cant
521 4703 715 4771 ipsum.
749 4720 767 4754 ι
800 4697 953 4754 Hunc
987 4699 1310 4771 versiculum
1357 4697 1924 4764 pertuiscuitfortasse

353 4769 611 4837 Didymus
637 4787 758 4825 cum
785 4785 924 4823 vers.
969 4769 1031 4823 10
1061 4769 1250 4837 psalmi
1282 4779 1502 4820 Lunv.

426 4835 668 4962 (1δέ
725 4841 1026 4895 ascendero.
1063 4835 1242 4892 ‘Psal.
1305 4850 1546 4891 cxxxvut
1573 4878 1588 4904 ,
1640 4851 1784 4892 vers.
1825 4835 1924 4892 7-9

427 4927 489 4962 ve
549 4939 572 4949 -
677 4949 690 4962 .

373 4912 489 4967 sive
511 4911 690 4967 8-10).

353 4911 489 4983 (sive
511 4911 690 4980 8-10).

423 4980 536 5042 (19)
571 4979 791 5035 Caelum.
824 4977 1023 5033 Jerem.
1059 4992 1192 5031 mn
1219 5017 1232 5039 ,
1260 4972 1354 5032 24.

445 5050 536 5115 ΩΟ)
582 5049 852 5115 Quamvis.
886 5050 1006 5104 Act.
1040 5063 1174 5107 xvu,
1196 5046 1266 5100 27
1298 5057 1353 5101 et
1389 5048 1482 5104 28.

447 5120 538 5185 21)
580 5120 648 5173 In
677 5119 810 5185 ipso,
849 5130 954 5172 etc.
989 5119 1112 5172 llaec
1149 5116 1294 5170 Pauli
1330 5122 1491 5172 verba
1537 5119 1714 5174 citans
1750 5119 1918 5173 multa

352 5185 544 5258 peccat
592 5199 779 5258 auctor
801 5190 978 5256 operis
1012 5202 1156 5240 anno
1193 5185 1331 5258 t765
1373 5189 1627 5258 evulgati,
1663 5191 1804 5256 quod
1837 5190 1920 5242 in-

353 5256 611 5315 scribitur
641 5257 716 5310 La
738 5259 1060 5328 piiilosuphie
1085 5258 1148 5328 de
1183 5256 1457 5328 l’liistoire.
1497 5256 1630 5312 Nam
1662 5274 1781 5328 cap.
1848 5259 1920 5313 43

356 5334 468 5385 haec
499 5329 686 5383 scribit
717 5324 990 5397 :Lorsque
1039 5327 1176 5380 saiut
1221 5324 1359 5380 Paul
1413 5330 1510 5382 cite
1537 5345 1616 5381 σεε
1646 5324 1756 5381 vers
1791 5330 1919 5381 d’un

352 5404 500 5467 poe'te
536 5415 689 5470 grec,
721 5401 913 5470 Aratus
945 5411 963 5449 :
1017 5397 1157 5470 Τριιι
1200 5397 1276 5470 vit
1342 5401 1482 5470 dans
1517 5399 1644 5470 Dieu
1667 5439 1682 5462 ,
1720 5407 1832 5450 tout
1861 5413 1919 5470 se

353 5465 681 5534 ineutftout
717 5469 923 5534 respire
953 5482 1020 5520 en
1049 5465 1200 5530 Diett,
1233 5467 1274 5519 il
1315 5469 1486 5521 donne
1531 5468 1565 5520 ὰ
1606 5484 1663 5520 ce
1697 5471 1843 5533 poéte
1871 5467 1916 5519 le

353 5555 474 5592 nam
529 5539 593 5592 de
633 5537 872 5606 propheta
914 5536 1087 5606 (Actes
1135 5538 1225 5607 des
1271 5539 1512 5607 apdtres,
1560 5540 1712 5603 chap.
1757 5536 1914 5607 xvtt).

352 5609 524 5677 Quam
555 5607 720 5661 tuulta
757 5607 948 5677 paucis
983 5607 1034 5660 in
1077 5606 1260 5677 verbis
1280 5606 1486 5662 falsitas
1531 5617 1690 5677 atque
1751 5606 1916 5660 insci-

354 5676 459 5730 tia!
505 5677 718 5732 Falsum
761 5675 847 5731 est
874 5676 1082 5745 primo,
1111 5675 1426 5744 prophetam
1473 5692 1500 5728 a
1545 5675 1708 5729 Paulo
1734 5677 1916 5728 vocari

351 5760 514 5817 eum,
547 5762 706 5817 quem
735 5748 977 5817 allegat:
1022 5747 1292 5814 pr0phetae
1335 5761 1526 5800 nomen
1577 5747 1666 5817 hic
1710 5745 1913 5800 nullum

355 5826 458 5871 est.
479 5816 691 5872 Falsum
708 5826 792 5874 est
817 5816 1072 5884 secundo,
1093 5817 1253 5872 verba
1274 5817 1410 5883 tunc,
1439 5835 1457 5868 ι
1485 5817 1536 5872 ln
1571 5816 1708 5885 ipso,
1735 5835 1755 5870 ι
1780 5824 1912 5882 etc.,

2038 3590 2198 3662 μεθα.
2237 3592 2332 3644 καὶ
2353 3589 2519 3660 ἐσμέν
2540 3608 2552 3619 ·
2579 3589 2656 3652 ὡς
2695 3589 2788 3648 καί
2815 3607 2958 3653 τινες
2984 3589 3091 3643 τῶν
3118 3590 3241 3643 καθ’
3269 3591 3417 3666 ἡμᾶς
3447 3609 3607 3662 ποιη-

2033 3682 2143 3738 τῶν
2174 3684 2462 3754 εἰρήκασιν
2487 3698 2499 3710 ·

2021 3811 2141 3851 esse
2177 3795 2349 3850 Arati.
2395 3795 2606 3850 Falsum
2651 3803 2736 3849 est
2776 3795 2974 3857 tertio,
3026 3809 3088 3850 ea
3130 3795 3183 3848 in
3221 3796 3411 3850 Graeco
3459 3795 3606 3852 fonte

2024 3881 2148 3920 esse
2183 3881 2404 3920 versum
2432 3905 2447 3931 ,
2487 3877 2582 3918 aut
2630 3865 2810 3931 plures
2842 3879 3032 3919 versus
3080 3882 3094 3919 :
3140 3881 3311 3932 neque
3350 3880 3476 3920 vero
3509 3883 3606 3934 pro

2024 3947 2223 3995 versu',
2257 3944 2345 3987 aut
2379 3935 2623 3990 versibus
2659 3935 2845 3987 haberi
2877 3944 3107 4001 possunt
3141 3936 3238 3988 nisi
3278 3935 3344 3988 ab
3373 3951 3436 3990 ρο
3459 3975 3475 4000 ,
3507 3939 3596 4003 qui

2023 4005 2227 4060 Graeca:
2275 4019 2500 4072 poeseos
2557 4004 2780 4057 omnino
2838 4004 3056 4072 ignarus
3112 4005 3200 4059 sit.
3249 4004 3464 4058 Falsum
3521 4017 3605 4061 est

2023 4073 2216 4142 quarto
2235 4075 2426 4129 eadem
2450 4074 2605 4130 citari
2629 4088 2659 4128 a
2687 4072 2880 4142 Paulo;
2909 4085 3033 4127 sunt
3057 4077 3200 4126 enim
3226 4075 3394 4142 ipsius
3417 4075 3600 4130 Pauli:

2023 4141 2114 4211 Qui
2154 4145 2253 4198 etsi
2307 4144 2596 4212 subjuugat
2629 4161 2642 4196 :
2689 4161 2708 4195 ι
2749 4141 2902 4197 Sicut
2933 4154 2988 4198 et
3032 4141 3256 4212 quidam
3293 4155 3598 4199 vestrorum

2024 4225 2304 4283 poetarum
2339 4213 2627 4270 dixerunt:
2663 4233 2683 4266 ι
2719 4228 2826 4266 non
2860 4213 2944 4266 illa
2982 4223 3159 4267 tamen
3203 4214 3442 4282 respicit.
3481 4231 3602 4282 quae

2025 4285 2382 4344 antecedunt,
2414 4293 2471 4336 ut
2507 4285 2698 4337 inscite
2737 4291 2890 4351 putat
2920 4284 3019 4354 iste
3049 4294 3328 4354 nugator,
3358 4285 3450 4337 sed
3482 4301 3601 4354 qut!

2029 4363 2348 4422 sequuntur.
2387 4355 2456 4405 At
2479 4355 2622 4407 enim
2658 4362 2764 4406 tam
2799 4353 3014 4422 acerbe,
3046 4353 3281 4421 inquies,
3319 4353 3592 4407 insectan-

2022 4421 2121 4478 dus
2147 4438 2250 4475 non
2290 4423 2489 4490 estqui
2537 4424 2934 4476 inconsiderate
2977 4421 3202 4477 forsitan
3240 4423 3454 4479 locutus
3487 4425 3594 4488 sit;

2026 4493 2319 4544 humanum
2353 4503 2436 4545 est
2465 4491 2608 4544 enim
2638 4507 2860 4546 errare:

2023 4559 2250 4624 Scimus,
2266 4571 2314 4614 et
2341 4561 2476 4615 hanc
2491 4561 2688 4632 veniam
2713 4563 3032 4632 petimusque
3052 4562 3336 4632 damusque
3351 4561 3596 4618 vicissim.

2594 4631 2855 4701 (Horum,
2894 4630 2968 4683 De
2988 4643 3099 4704 arte
3123 4630 3280 4704 ροβε..
3316 4647 3457 4704 vers.
3488 4633 3595 4704 11.)

2027 4700 2224 4754 Verum
2242 4716 2347 4755 non
2384 4701 2451 4754 de
2483 4700 2749 4769 scriptore
2772 4716 2912 4753 nunc
2939 4703 3138 4766 agitur,
3159 4703 3248 4768 qui
3269 4701 3476 4754 labatur
3499 4700 3599 4755 iur-

2024 4772 2280 4839 prudens,
2310 4771 2400 4823 sed
2439 4771 2505 4824 de
2541 4785 2605 4823 eo
2642 4771 2879 4835 homine,
2922 4770 3010 4836 qui
3044 4773 3143 4824 etsi
3177 4787 3422 4840 magnam
3457 4787 3598 4838 s-cpe

2027 4855 2240 4902 rerum,
2273 4841 2338 4894 de
2375 4841 2572 4908 quibus
2591 4840 2800 4901 scribit,
2821 4841 3388 4908 inscienti:mt,s:cpius
3414 4851 3592 4896 tamen

2025 4910 2300 4978 subdolam
2320 4925 2383 4963 ac
2402 4925 2704 4978 perversam
2724 4909 2900 4978 prodit
2927 4909 3277 4976 voluntatem,
3302 4912 3500 4978 ubique
3524 4912 3592 4965 ad

2024 4976 2288 5032 fallendos
2301 4976 2544 5034 incautos
2562 4976 2910 5046 imperitosve
2926 4978 3152 5034 lectores
3165 4979 3339 5033 divina
3355 4976 3592 5044 oracula,

2023 5063 2088 5118 ac
2140 5047 2359 5102 Patrum
2408 5048 2744 5117 aliorumque
2788 5050 3113 5118 scriptorum
3172 5049 3286 5104 loca
3350 5051 3594 5104 consulto
3691 5110 3694 5114 ,

2024 5117 2319 5187 immutat,
2365 5128 2425 5172 ut
2467 5118 2700 5174 ludibrio
2740 5117 3041 5172 habeantur
3090 5127 3249 5187 atque
3295 5121 3591 5186 despectui.

2024 5186 2509 5241 lunutnerabilibus
2533 5188 2646 5242 fere
2669 5187 2932 5256 exemplis
2962 5186 3285 5242 couiirtuare
3319 5191 3431 5244 haec
3461 5204 3592 5256 pos-

2021 5271 2157 5327 sem,
2189 5257 2289 5311 nisi
2319 5257 2529 5324 longius
2552 5274 2580 5310 a
2609 5258 2882 5327 proposito
2910 5257 3267 5311 aberrandum
3298 5258 3453 5312 foret.
3483 5258 3586 5311 Sed

2023 5325 2193 5379 fusius
2225 5342 2288 5380 ea
2317 5325 2630 5396 persecutus
2652 5325 2767 5381 sum
2789 5327 2844 5396 in
2877 5329 3156 5396 oratione,
3185 5343 3346 5395 quam
3380 5330 3464 5382 hic
3488 5328 3590 5378 Bo—

2021 5397 2196 5468 nonia:
2225 5394 2506 5468 superiore
2534 5411 2675 5448 anno
2710 5394 2848 5468 1766
2881 5395 2930 5468 in
2955 5397 3168 5468 publico
3196 5394 3593 5468 Archigymua-

2022 5466 2106 5519 sio
2133 5467 2199 5518 ad
2239 5466 2793 5536 studiaiiustauranda
2826 5465 3012 5531 habui,
3049 5486 3068 5517 ι
3107 5467 3181 5520 De
3205 5465 3594 5536 malis‘i'mpio-

2021 5550 2139 5587 rum
2171 5535 2530 5603 quorumdam
2575 5539 2753 5590 aetatis
2784 5546 2980 5589 nostra:
3027 5538 3350 5606 scriptorum
3379 5535 3590 5589 artibus

2020 5619 2084 5658 ac
2109 5606 2261 5658 dolis.
2299 5624 2318 5655 ι

2091 5672 2204 5739 (22)
2245 5673 2560 5727 Nostrorum
2591 5682 2880 5736 poetarum.
2905 5673 3098 5728 Cilices
3125 5683 3422 5729 erantcum
3452 5675 3590 5727 Ara-

2022 5753 2128 5806 tus,
2160 5753 2268 5795 tutu
2305 5743 2519 5796 Paulus.
2555 5741 2726 5799 Biblia
2758 5753 2934 5800 tamen
2975 5746 3176 5801 habent
3196 5763 3214 5797 t
3241 5753 3538 5800 vestrorum
3561 5761 3581 5794 ι

2019 5829 2118 5883 pro
2145 5830 2164 5864 ι
2191 5821 2518 5870 nostrorum.
2545 5830 2565 5866 ι
