4056 6414
533 397 634 458 881

1603 402 1691 456 DE
1734 401 2110 458 TlilNlTATE
2149 401 2348 458 LIBER
2382 401 2702 458 TERTIUS.

3679 399 3785 453 88%

607 513 726 568 Τοῦ
754 532 866 584 γαρ
898 514 994 570 καὶ
1030 515 1206 586 γένος
1227 513 1416 586 ἐσμεν
1437 530 1452 550 ο
1481 532 1500 568 ι
1546 517 1582 570 ό
1611 514 1664 568 δ’
1685 515 1862 591 ἧςςιος
1889 519 2111 584 ἀνθρω-

2238 516 2390 586 ’ρειιιε
2413 517 2550 570 enim
2573 525 2618 570 et
2665 529 2822 586 genus
2861 529 3042 591 sumus
3062 512 3181 591 (23)
3210 529 3228 567 :
3259 513 3522 591 ipse-vero
3547 510 3660 591 (2d)
3696 515 3787 565 be-

1748 584 2002 656 [ποισιν.

537 673 642 728 Καὶ
668 676 716 728 εί
735 676 763 728 ὁ
791 676 1066 746 Δεσπότης
1095 675 1257 740 αὐτὸς
1274 675 1580 746 ἐξηγεῖται,
1615 676 1691 740 ὡς
1716 676 1971 729 οὐδέποτε
1991 675 2116 738 τοὺς

536 767 800 838 οὐρανοὺς
839 767 939 839 τῆς
970 766 1164 820 ἐαυτοῦ
1205 767 1506 838 παρουσίας
1551 767 1889 837 ἐγύμνωσεν,
1925 767 2116 837 ὥσπερ

537 857 656 910 οἰοδέ
695 855 792 910 νῦν
833 857 970 929 μετά
1017 857 1114 929 τὴν
1158 858 1425 930 ἀνάληψιν
1469 857 1571 928 τῆς
1606 860 1710 930 γῆς
1747 858 2119 929 ἀπολιμπάνε-

540 964 661 1000 ται⁸
701 966 721 999 ι
789 948 919 1002 Ἰδοὺ
960 967 979 1000 ι
1024 949 1162 1020 γὰρ,
1214 951 1398 1019 φησιν,
1441 967 1460 1001 ι
1499 947 1610 1017 ἐγὼ
1645 949 1766 1020 μεθ’
1809 949 1964 1020 ὑμῶν
2003 950 2117 1017 εἰμι

543 1040 722 1102 πάσας
743 1040 842 1103 τὰς
865 1041 1079 1112 ἡμέρας
1104 1041 1209 1104 ’ἐως
1237 1041 1336 1111 τῆς
1369 1041 1676 1106 συντελείας
1707 1041 1803 1095 τοῦ
1833 1041 2056 1104 αἰῶνοςο
2092 1057 2113 1092 ι

546 1129 777 1198 βεϐαιῶν
829 1132 900 1184 τὰ
957 1131 1108 1203 παρά
1159 1132 1252 1186 τοῦ
1316 1134 1672 1204 ἱεροκήρυκος
1725 1134 1784 1186 ἐν
1838 1139 1867 1186 ι’
1919 1130 2120 1202 ψαλμῷ

539 1220 804 1291 -ᾲσθέντα,
832 1223 896 1276 δι’
929 1217 1004 1277 ὧν
1040 1225 1132 1278 καὶ
1173 1225 1265 1278 ἐπὶ
1299 1227 1402 1296 γῆς
1446 1227 1625 1292 αὐτὸν,
1669 1227 1763 1280 καὶ
1802 1227 1860 1278 ἐν
1907 1223 2121 1296 οὐρανῷ

545 1313 639 1366 ἐπὶ
665 1313 758 1367 τοῦ
790 1314 936 1368 θείου
977 1315 1402 1381 ἐπικαθέζεσθαι
1434 1317 1624 1388 θρόνου
1657 1317 2115 1387 προσεκήρυττεν·

547 1407 710 1477 φησιν
756 1408 898 1480 γάρ’
933 1427 954 1460 ι
1001 1409 1204 1481 Κύριος
1239 1411 1296 1463 ἐν
1345 1409 1459 1480 ναῷ
1481 1409 1621 1481 ἀγίῳ
1655 1409 1820 1462 αὑτοῦ
1844 1450 1858 1474 ,
1893 1407 2117 1478 Κύριος,

547 1498 606 1549 ἐν
636 1497 848 1570 οὐρανῷ
891 1499 918 1550 ὁ
964 1498 1148 1569 θρόνος
1178 1498 1363 1552 αὐτοῦ.
1405 1518 1423 1551 ι

618 1589 680 1641 Ei
723 1589 896 1642 ταῦτα
941 1589 1112 1654 οὕτως
1148 1591 1280 1661 ἔχει,
1313 1591 1541 1661 ἀμάχως
1583 1591 1645 1644 τὸ
1684 1609 1702 1643 ι
1749 1591 2050 1662 πορεύομαι
2096 1609 2114 1642 ι

547 1681 643 1733 καὶ
671 1701 689 1731 ι
728 1684 757 1735 ὁ
785 1681 1030 1752 πέμψας,
1079 1702 1096 1734 ι
1132 1683 1206 1747 ὡς
1245 1683 1456 1754 μορφὴν
1483 1683 1672 1736 δούλου
1707 1683 1908 1749 λαϐὼν,
1972 1679 2116 1743 εἷπε,

548 1769 644 1821 καὶ
665 1770 750 1824 διὰ
766 1772 827 1824 τὸ
861 1773 1146 1836 Ἰουδαίους
1169 1774 1416 1827 ἀπιστεῖν
1438 1775 1506 1843 τῇ
1529 1773 1828 1844 οἰκονομίᾳ,
1845 1772 1937 1825 καὶ
1956 1773 2037 1824 ὃτι
2057 1775 2123 1842 τῇ

3024 582 3235 656 [nignus
3263 592 3338 637 est
3378 583 3430 636 in
3458 583 3714 638 homines.

2215 678 2293 731 Ac
2321 677 2364 732 si
2401 677 2660 732 Dominus
2717 677 2835 746 ipse
2873 683 3125 742 testatur,
3179 689 3238 729 se
3298 688 3570 742 nunquam
3617 673 3786 728 ccelos

2217 784 2313 822 sua
2347 767 2630 836 praesentia
2671 761 2935 838 privasse‘,
2969 766 3108 821 sicut
3137 780 3206 820 ne
3249 779 3392 820 nunc
3420 763 3636 833 quidem
3669 772 3789 832 post

2217 860 2598 914 Ascensionem
2618 861 2770 914 abest
2793 875 2822 913 a
2857 869 3020 915 terra.
3049 857 3378 927 «Ecce(25)i
3407 857 3573 920 enim,
3592 856 3785 924 inquit,

2225 967 2244 1001 ι
2280 964 2379 1019 ego
2418 951 2693 1005 vobiscum
2725 965 2843 1004 sum
2883 949 3135 1004 omnibus
3166 949 3354 1004 diebus
3377 961 3547 1016 usque
3575 947 3640 1000 ad
3662 961 3789 1000 con-

2219 1041 2634 1095 summationem
2685 1041 2890 1105 saeculi,
2923 1059 2942 1093 ι
2993 1055 3056 1094 ea
3093 1040 3421 1094 conﬁrmans
3476 1053 3595 1107 quae
3638 1051 3790 1092 sacer

2218 1145 2396 1200 praeco
2430 1131 2481 1184 in
2515 1146 2546 1185 ι
2579 1131 2791 1201 psalmo
2813 1131 3034 1196 cecinit,
3058 1132 3150 1186 ubi
3173 1140 3230 1186 et
3260 1131 3313 1184 in
3341 1139 3486 1184 terra
3521 1128 3792 1196 ipsum,et

2222 1223 2274 1275 in
2302 1221 2438 1276 coelo
2466 1237 2628 1292 super
2649 1221 2888 1276 divinum
2925 1223 3174 1276 thronum
3225 1223 3413 1275 sedere
3449 1216 3790 1288 praedicavit;

2220 1311 2297 1364 ait
2327 1312 2470 1364 enim
2516 1327 2532 1366 :
2601 1329 2620 1362 ι
2651 1309 2909 1364 Dominus
2937 1310 3050 1379 (26)
3102 1309 3156 1364 in
3195 1309 3392 1378 templo
3443 1317 3631 1362 sancto
3671 1319 3791 1372 suo,

2225 1401 2500 1466 Dominus,
2533 1402 2584 1456 in
2621 1401 2758 1456 caelo
2794 1402 3017 1456 ti'tronus
3044 1401 3226 1472 ejus.)

2295 1584 2351 1640 Si
2379 1585 2516 1651 haec,
2571 1586 2812 1655 inquam,
2839 1584 2912 1640 ita
2962 1600 3022 1640 se
3073 1585 3294 1647 habent,
3337 1583 3578 1653 profecto
3636 1596 3797 1637 voces

2230 1696 2250 1729 «
2275 1680 2436 1745 vado,
2471 1696 2490 1730 ι
2517 1690 2570 1733 et
2607 1698 2626 1730 ι
2650 1678 2741 1748 qui
2775 1677 2945 1741 misit,
2996 1696 3014 1729 ι
3064 1676 3198 1730 dixit
3227 1676 3486 1728 Dominus
3527 1665 3796 1743 quatenus

2227 1771 2369 1825 servi
2389 1770 2617 1824 formam
2649 1770 2875 1833 habens,
2906 1777 2958 1824 et
2987 1769 3112 1840 quia
3145 1766 3506 1822 lncarnationi
3535 1781 3642 1818 non
3675 1779 3796 1819 cre-

551 1863 840 1935 συμφωνίᾳ
868 1863 962 1917 τοῦ
990 1864 1124 1917 Θεοῦ
1156 1865 1250 1918 καὶ
1283 1865 1496 1933 Πατρὸς
1516 1865 1761 1934 ἐπεφάνη
1791 1879 1805 1894 ·
1837 1865 1930 1916 καὶ
1956 1864 2016 1916 οὐ
2041 1863 2130 1916 διὰ

2238 1860 2427 1915 debant
2459 1859 2650 1924 Judaei,
2676 1869 2730 1912 et
2778 1859 2902 1929 quia
2937 1860 3298 1913 consensione
3329 1859 3424 1913 Dei
3459 1867 3514 1910 et
3538 1855 3716 1909 Patris
3745 1854 3797 1906 in

548 1953 708 2007 τοῦτο
739 1954 918 2024 μόνον,
951 1955 1063 2008 ἀλλ’
1089 1955 1226 2008 ὥστε
1257 1957 1349 2009 καὶ
1375 1957 1500 2020 τοὺς
1531 1959 1725 2026 παχεῖς
1754 1955 1844 2009 τὸν
1875 1955 1999 2009 νοῦν
2033 1957 2129 2009 καὶ

499 2089 506 2094 .
549 2043 838 2115 χερσὼδεις
867 2047 1237 2110 Μοντανιστὰς
1274 2047 1660 2118 ἐντρέπεσθαι,
1686 2048 1776 2099 τὸν
1817 2047 1978 2099 αὑτὸν
2005 2047 2129 2100 Υίο-

551 2133 765 2204 πατέρα
795 2134 930 2205 ὁμοῦ
963 2137 1058 2188 καὶ
1104 2135 1460 2207 Παράκλητον
1498 2136 1771 2199 νοοῦνταςο
1821 2136 1916 2188 σὺν
1950 2136 2132 2198 αὐτοῖς

550 2223 608 2278 δέ
635 2226 728 2279 καὶ
758 2227 1075 2298 Μανιχαῖον,
1113 2227 1186 2298 μὴ
1218 2227 1570 2299 προσιέμενον
1599 2227 1698 2296 τὴν
1731 2226 1971 2280 Παλαιὰν
2008 2227 2133 2279 Δια-

552 2313 745 2386 θήκην·
776 2316 890 2370 ἀλλ’
932 2315 1308 2370 ἀποκαλοῦντα
1336 2317 1427 2370 τὸν
1464 2317 1562 2388 μὲν
1594 2317 1812 2388 Πατέρα
1842 2317 2132 2387 ἀπάνθρω-

557 2423 678 2468 πον,
725 2407 800 2470 ὡς
859 2409 1157 2462 ἐκϐαλόντα
1189 2409 1280 2461 τὸν
1327 2409 1496 2480 Ἀδὰμ
1524 2409 1632 2462 ἀπὸ
1659 2409 1751 2462 τοῦ
1783 2408 2131 2479 παραδείσου,

553 2497 644 2550 τὸν
681 2498 736 2552 δὲ
765 2499 890 2554 Υἱὸν
927 2501 1086 2571 μόνον
1106 2501 1506 2573 φιλάνθρωπον,
1531 2500 1606 2563 ὡς
1636 2501 1703 2554 δι’
1733 2501 1927 2554 ἑαυτοῦ
1959 2518 2137 2571 παρα-

555 2589 846 2658 γενόμενον
875 2591 970 2644 καὶ
1011 2591 1280 2646 σώσαντα.
1337 2591 1458 2654 Πῶς
1490 2591 1599 2662 γὰρ
1657 2592 1804 2662 μόνῳ
1830 2593 1929 2662 τὴν
1976 2593 2136 2664 χάριν

555 2680 830 2751 είσὼμεθα
885 2683 964 2753 τῷ
1019 2682 1259 2756 Χριστῷ,
1300 2683 1426 2755 [182
1461 2683 1514 2755 a]
1567 2685 1648 2736 ὅτι
1687 2684 1931 2755 ἐπεμψεν
1976 2685 2137 2737 αὐτὸν

558 2771 651 2823 καὶ
681 2771 710 2823 ὁ
745 2773 968 2844 Πατήρς
1017 2773 1189 2826 Εἵωθε
1259 2773 1316 2827 δὲ
1368 2775 1400 2845 ἡ
1451 2775 1642 2846 Γραιρὴ
1663 2778 1724 2845 τῇ
1754 2773 1896 2839 λέξει
1931 2773 2024 2827 τοῦ
2065 2793 2082 2825 ι
2110 2777 2138 2829 ὁ

558 2860 802 2930 πέμψας,
839 2881 857 2913 ι
902 2862 996 2915 καὶ
1041 2862 1134 2915 τοῦ
1186 2881 1204 2913 ι
1251 2863 1529 2934 ἀπεστάλη
1575 2884 1593 2915 ι
1640 2866 1732 2917 ἐπὶ
1765 2864 1863 2933 τῆς
1899 2865 2138 2935 ἀρρήτου

559 2951 1016 3017 συγκαταϐάσεως
1045 2953 1439 3024 προσχρῆσθαι·
1473 2954 1564 3006 καὶ
1587 2953 1662 3016 ὡς
1692 2953 1869 3024 θνητῷ
1895 2954 1973 3024 τῷ
2000 2953 2141 3025 λόγῳ

559 3041 873 3111 περιλαϐεῖν
902 3043 1161 3096 ἀδύνατον
1190 3040 1256 3115 ἧν
1288 3045 1380 3096 τὸν
1411 3043 1712 3114 ἀχώρητον,
1755 3043 1926 3107 οὕτως
1953 3045 2046 3097 καὶ
2073 3047 2139 3115 τῇ

560 3130 668 3184 τῶν
723 3134 981 3202 ῥημάτων
1013 3134 1314 3204 ὀἰκονομίᾳ
1370 3134 1469 3205 τὴν
1524 3134 1776 3203 διήγησιν
1837 3133 2139 3198 ποιεῖσθαι,

564 3222 651 3276 ἵνα
690 3225 765 3296 μή
812 3242 895 3288 τις
923 3227 1195 3289 ἀντιθεϊας
1231 3227 1487 3280 ὑπόνοιαν
1519 3226 1693 3296 σχοίη·
1735 3225 2010 3294 ἐπείτοιγε

2230 1951 2485 2006 mundum
2519 1951 2682 2017 venit,
2717 1966 2888 2020 neque
2935 1967 3064 2006 vero
3101 1955 3170 2006 ob
3212 1951 3351 2004 hanc
3400 1958 3604 2004 tantum
3636 1947 3800 2002 ratio-

2230 2056 2376 2104 nem,
2437 2039 2532 2094 sed
2567 2039 2732 2093 etiam
2771 2051 2827 2093 ιιι
2865 2050 3045 2094 mente
3091 2039 3286 2103 crassi,
3338 2053 3401 2092 ac
3461 2039 3624 2091 rudes
3651 2033 3801 2088 Μοιι-

2233 2132 2447 2186 ιοιιὶειω
2524 2129 2637 2202 (27)
2725 2131 2930 2200 pudore
2993 2130 3346 2195 aﬂiciantur,
3435 2128 3525 2198 qui
3610 2135 3802 2196 putant

2231 2222 2475 2278 eumdem
2525 2236 2646 2276 esse
2680 2221 3026 2291 Filiopatrem
3058 2221 3168 2292 (28)
3229 2221 3387 2276 simul
3447 2230 3500 2274 et
3556 2217 3803 2272 Paracle-

2234 2323 2383 2379 tum;
2431 2311 2593 2383 383
2655 2329 2758 2366 una
2805 2329 2926 2366 cum
2965 2313 3096 2381 ipsis
3131 2327 3258 2366 vero
3308 2312 3592 2366 erubescat
3637 2307 3801 2362 etiam

2233 2402 2596 2469 Manichacus,
2633 2404 2723 2473 qui
2751 2403 2917 2458 Vetus
2951 2403 3354 2458 Testamentqu
3387 2418 3490 2455 non
3527 2399 3764 2454 admittit
3787 2437 3801 2458 .

2235 2497 2329 2552 sed
2365 2495 2579 2550 Patrem
2605 2497 2821 2564 quidem
2855 2497 3387 2550 vocatinhumanum
3425 2491 3566 2563 (‘29),
3609 2491 3806 2560 quippe

2235 2587 2326 2656 qui
2377 2587 2643 2640 Adamum
2679 2585 2838 2654 ejccit
2879 2600 2945 2639 ex
2993 2586 3266 2656 paradiso,
3316 2583 3511 2637 Filium
3545 2595 3674 2636 vero
3720 2595 3806 2635 so-

2237 2677 2345 2732 lum
2409 2679 2724 2742 humanum,
2779 2677 2831 2732 id
2884 2687 2987 2742 est,
3051 2677 3337 2748 benignum
3401 2677 3455 2729 in
3523 2673 3804 2737 homines,

2238 2771 2437 2840 quippe
2465 2770 2555 2840 qui
2593 2784 2688 2838 per
2713 2771 3064 2839 semetipsum
3112 2769 3282 2833 venit,
3325 2783 3387 2822 ac
3409 2766 3637 2822 salvavit
3685 2778 3806 2818 nos.

2239 2864 2518 2932 Quomodo
2551 2863 2696 2918 enim
2741 2861 2840 2916 soli
2881 2862 3098 2916 Christo
3119 2861 3322 2930 gratias
3352 2860 3645 2914 habeamus
3667 2855 3808 2925 (50),

2241 2969 2362 3010 cutn
2414 2953 2627 3007 miserit
2657 2969 2778 3006 eum
2817 2953 2982 3006 etiam
3025 2951 3223 3006 Pater?
3256 2949 3404 3005 Solet
3439 2959 3619 3004 autem
3662 2948 3813 3002 Scri-

2240 3057 2396 3117 ptura
2439 3046 2640 3110 verbis,
2680 3063 2699 3095 ι
2735 3045 2825 3114 qui
2860 3044 3027 3109 misit,
3068 3063 3085 3096 ι
3115 3054 3170 3098 et
3203 3062 3221 3095 ι
3256 3043 3457 3098 missus
3498 3049 3600 3106 est,
3635 3059 3654 3091 ι
3701 3039 3808 3100 uti,

2242 3151 2364 3191 cum
2420 3135 2485 3189 de
2550 3133 2804 3188 ineffabili
2852 3134 3313 3188 condescensione
3357 3146 3662 3186 sermonem
3713 3130 3812 3183 ba-

2165 3212 2207 3268 C
2242 3226 2331 3281 bet
2371 3236 2466 3282 :et
2508 3227 2648 3281 sicut
2698 3225 2912 3280 mortali
2973 3238 3221 3279 sermone
3267 3221 3649 3292 comprehendi
3705 3235 3814 3275 non

566 3327 775 3384 poterat
812 3317 902 3383 qui
931 3325 1013 3371 est
1042 3317 1638 3386 incomprehensibilis,
1679 3317 1750 3371 ita
1779 3334 1846 3371 ne
1885 3333 1981 3384 per
2019 3319 2308 3372 verborum
2350 3319 2564 3388 quidem
2603 3318 2960 3373 (economiam
2996 3317 3108 3371 ﬁeri
3161 3326 3370 3386 poterat
3409 3317 3706 3382 enarratio,
3745 3329 3816 3367 ne

565 3406 685 3473 quis
736 3405 1062 3460 antitheismi
1107 3405 1466 3477 suspicionem
1508 3416 1730 3475 caperet
1766 3416 1816 3461 et
1851 3407 2148 3462 semideum
2181 3407 2455 3477 aliquem,
2481 3419 2572 3462 aut
2605 3407 2714 3461 Deo
2741 3408 3070 3461 contrarium
3115 3407 3279 3461 Deum
3311 3409 3595 3475 cogitaret.
3631 3407 3818 3473 Quan-

565 3501 850 3571 doquidem

780 3590 983 3645 Πάντα
1004 3593 1152 3647 Θεοῦ
1178 3592 1402 3660 πλήρη,

568 3678 711 3733 καθά
739 3679 970 3752 εἴρηται.
1007 3683 1293 3754 Μαρτυρεῖ
1316 3681 1371 3734 δέ
1403 3680 1577 3753 τούτῳ
1611 3681 1644 3752 ἡ
1675 3681 1762 3734 ἀεὶ
1795 3680 1947 3746 ζῶσα
1973 3683 2148 3754 φωνὴ,

568 3769 816 3840 λέγουσα’
844 3791 862 3822 ι
907 3772 1110 3842 Πάτερ,
1146 3772 1454 3843 εὐχαριστῶ
1482 3791 1584 3837 σοι,
1612 3773 1692 3841 ὅτι
1727 3773 1968 3844 ἡκουσάς
2021 3793 2145 3845 μουο

571 3864 679 3934 ἐγὼ
711 3865 766 3918 δὲ
798 3866 966 3937 ᾔδειν,
994 3867 1076 3918 ὅτι
1109 3867 1339 3920 πάντοτέ
1364 3885 1464 3938 μου
1499 3866 1737 3930 ἀκούεις,
1775 3867 1910 3920 ἀλλά
1941 3867 2028 3920 διά
2059 3868 2150 3922 τὸν

571 3957 724 4028 ὄχλον
757 3957 846 4012 τὸν
878 3959 1221 4030 περιεστῶτα
1246 3955 1416 4027 εἷπον,
1445 3960 1531 4012 ⁶ιῖνα
1554 3959 1935 4024 πιστεύσωσιν,
1976 3961 2057 4013 ὃτι
2085 3960 2148 4012 σύ

575 4067 640 4124 με
671 4052 1013 4116 ἀπέστειλας
1053 4071 1071 4104 ι
1099 4053 1239 4106 τοῦτ’
1257 4053 1422 4108 ἐστιν·
1462 4052 1643 4124 ’ᾙδειν
1675 4054 1756 4106 ὅτι
1784 4053 2012 4108 πάντοτέ
2047 4071 2150 4125 μου

647 4215 758 4287 (23)
799 4216 1039 4286 Ipsius...
1077 4212 1469 4287 sumus._Lege_
1491 4228 1609 4287 qua:
1634 4213 1706 4287 de
1736 4214 2016 4287 hocAratj
2045 4217 2142 4268 he-

578 4283 846 4342 misticltio
898 4289 1087 4341 scribit
1137 4285 1218 4338 Jo.
1269 4284 1387 4336 Alb.
1433 4283 1716 4336 Fabricius
1772 4284 1910 4337 Bibl.
1969 4283 2142 4337 erc.

578 4356 680 4411 vol.
712 4357 772 4422 ll,
805 4373 923 4425 pag.
953 4357 1078 4420 455,
1114 4355 1263 4424 Hugo
1287 4354 1516 4425 iGrotius
1537 4393 1551 4415 ,
1584 4354 1858 4425 Calmetus
1883 4393 1897 4418 ,
1926 4354 2144 4425 aliique.

2457 3593 2649 3649 Omnia
2679 3592 2789 3665 (51)
2828 3591 2937 3647 Deo
2967 3593 3118 3663 plena
3142 3605 3282 3658 sunt,
3375 3645 3397 3656 _,

2247 3696 2304 3741 ιιι
2332 3686 2536 3740 dictum
2572 3685 2692 3742 fuit.
2741 3685 2895 3752 Quod
2949 3694 3133 3739 autem
3187 3685 3318 3748 dixi,
3373 3685 3684 3742 testimonio
3715 3701 3814 3742 suo

2247 3779 2539 3834 conﬁrmat
2575 3793 2677 3832 vox
2718 3791 2931 3846 semper
2959 3778 3100 3841 viva,
3134 3792 3254 3846 qua:
3282 3778 3357 3830 ait
3391 3795 3406 3830 :
3445 3796 3464 3829 ι
3492 3776 3654 3833 Pater
3681 3778 3816 3848 (52),

2247 3872 2450 3943 gratias
2475 3885 2576 3940 ago
2607 3871 2724 3934 tibi,
2754 3869 3006 3940 quoniam
3047 3869 3241 3923 audisti
3275 3884 3380 3924 me.
3458 3870 3570 3940 Ego
3627 3879 3815 3925 autem

2247 3962 2510 4024 sciebam,
2540 3963 2683 4030 quod
2717 3973 2933 4028 semper
2966 3972 3052 4013 me
3083 3959 3236 4012 audis
3256 3999 3273 4026 ,
3305 3959 3396 4014 sed
3427 3970 3649 4031 propter
3701 3968 3819 4016 tur-

2247 4055 2394 4120 bam,
2447 4069 2567 4122 qua:
2614 4053 2951 4119 circumstat,
2991 4051 3124 4118 dixi,
3167 4059 3227 4105 ut
3280 4053 3538 4118 credant,
3573 4055 3712 4123 quod
3767 4064 3823 4107 tu

2252 4229 2352 4269 nec
2383 4214 2722 4271 Montanistaa
2747 4231 2936 4274 omnes
2964 4218 3036 4272 ita
3069 4227 3375 4284 senserunt,
3407 4217 3502 4273 sed
3525 4231 3592 4271 ex
3617 4212 3822 4266 Monta-

2255 4288 2409 4357 nistis
2471 4287 2536 4349 ii,
2590 4288 2680 4357 qui
2739 4289 3031 4344 secundum
3091 4287 3402 4344 Eschinem
3465 4286 3819 4357 vocabantur.

2261 4373 2280 4406 ι
2316 4356 2588 4427 Privatam
2608 4353 2795 4412 autem
2830 4359 3217 4424 blasphemiam
3243 4353 3823 4427 (inquitTertullianus

648 4421 766 4493 (24)
802 4421 923 4494 Ipse
945 4444 1097 4483 vero.
1131 4421 1233 4478 etc.
1285 4424 1616 4476 Desunthwc
1650 4426 1809 4476 verba
1843 4424 1894 4476 in
1927 4423 2130 4476 Bnhliis.
2171 4430 2209 4484 D
2241 4426 2291 4478 in
2333 4426 2423 4480 lib.
2472 4433 2544 4480 Ue
2592 4421 3072 4494 prwscrimimiibus
3120 4421 3480 4483 haereticorum
3505 4466 3521 4492 ,
3557 4439 3675 4492 cap.
3703 4421 3816 4544 52),

648 4497 872 4544 ιΙνιιιιις.-
910 4507 1092 4544 ntnote
1135 4496 1187 4544 in
1226 4493 1396 4544 noctis
1427 4503 1699 4544 versatus.
1736 4508 1797 4544 ea
1840 4493 2045 4544 addidit
2070 4507 2138 4544 ex
2252 4495 2324 4544 illi
2356 4499 2445 4544 nni
2475 4511 2599 4544 sunt
2631 4497 2750 4544 knla
2785 4496 3119 4544 Aistzhinmn-
3161 4501 3296 4544 hanc
3337 4498 3555 4544 habent.
3590 4509 3693 4544 nua
3728 4510 3775 4544 at
3799 4519 3816 4531 -

581 4493 839 4567 Didymus
859 4538 874 4560 ,
910 4507 1092 4564 utpote
1116 4496 1187 4567 ‘in
1226 4493 1396 4567 poetis
1427 4503 1797 4567 versatus,_ea
1840 4493 2138 4567 addiditex

579 4562 763 4628 Ara'to,
803 4562 1014 4622 versum
1043 4582 1070 4618 ιι
1114 4565 1276 4618 Paulo
1301 4565 1525 4616 citatum
1570 4564 1874 4618 absolvens.
1915 4562 1984 4617 Μ.
2017 4562 2148 4616 Tul-

579 4634 682 4689 lius
725 4637 914 4690 Cicero
954 4637 1115 4689 vertit
1141 4649 1155 4687 :

686 4706 798 4774 Nos
832 4724 994 4774 genus
1027 4706 1149 4757 illus
1173 4719 1190 4754 :
1220 4702 1366 4756 nobis
1395 4701 1483 4755 ille
1509 4702 1677 4756 omine
1703 4701 1826 4756 lwto

689 4773 911 4828 Dextera
943 4775 1244 4844 prmsignat.

581 4841 843 4898 Nimirum
864 4839 983 4913 post
1001 4839 1184 4896 vocem
1228 4839 1560 4912 ἀνθρώποισι
1587 4840 2031 4911 interpunctionis
2053 4854 2152 4896 no-

583 4924 690 4967 tam
731 4931 835 4967 non
873 4915 1139 4984 apposuit.
1170 4913 1262 4984 sed
1294 4913 1420 4984 legit
1453 4931 1464 4964 :

657 4985 766 5038 Τοῦ
789 4979 1020 5054 γὰρκαὶ
1040 4983 1214 5054 γένος
1236 4979 1442 5051 ἐσμὲνο
1465 4985 1498 5036 ό
1524 4981 1574 5036 δ’
1594 4981 1773 5051 ἤπιος
1788 4979 2152 5050 ἀνθρώποισι

661 5055 831 5119 Δεξιέι
862 5056 1142 5124 σημαίνει
1165 5095 1180 5117 ,

582 5132 643 5178 ιιι
672 5138 754 5178 est
782 5128 918 5178 anud
953 5127 1198 5178 Aratum.

655 5194 766 5261 (25)
802 5192 954 5248 Ecce.
992 5193 1183 5247 Matth.
1221 5207 1414 5259 xxvttt,
1437 5192 1529 5249 20.

655 5267 764 5334 (26)
805 5265 1075 5318 Dominus.
1118 5262 1256 5334 Psa_l_.
1289 5279 1344 5324 κ,
1371 5279 1513 5317 vers.
1548 5263 1582 5317 4
1613 5262 1727 5333 (seu
1751 5261 1829 5331 5).

656 5327 768 5405 (Π)
807 5334 1165 5388 Montanista’.
1205 5327 1651 5405 Montanistarum
1692 5327 1893 5405 seciam
1940 5327 2152 5398 Didymi

588 5400 829 5472 tempere
854 5406 1172 5458 exstinctam
1223 5417 1327 5454 non
1366 5404 1531 5457 fuisse
1569 5412 1678 5472 tum
1708 5400 1925 5472 exraliirs
1959 5415 2156 5472 monug

589 5467 785 5527 mentis
815 5482 1052 5536 constat,
1079 5483 1190 5525 tum
1217 5473 1377 5525 etiam
1402 5487 1466 5525 ex
1491 5471 1714 5540 cpistola
1737 5471 1801 5524 41
1840 5467 2156 5538 Hiemnymi

590 5544 654 5596 ad
688 5542 1015 5596 Marcellam.

662 5613 774 5683 (28)
819 5611 1183 5683 Eiiiopatrem.
1215 5611 1368 5665 Hunc
1395 5627 1644 5683 errorem
1670 5608 2008 5663 Montanistis
2032 5606 2156 5683 _tri_-

592 5677 707 5735 buit
735 5677 789 5735 et
841 5677 1199 5750 Hieronymus
1232 5686 1282 5735 in
1317 5682 1541 5750 epismla
1587 5681 1692 5743 41,
1736 5695 1896 5747 quam
1939 5677 2159 5743 scripsit

594 5765 734 5804 anno
776 5750 1000 5821 Domini
1031 5750 1135 5821 3384
1155 5789 1170 5813 ,
1201 5766 1394 5821 nempe
1434 5766 1497 5804 eo
1534 5751 1752 5805 circiter
1781 5761 2022 5821 tempore
2049 5760 2159 5814 quo

597 5821 710 5876 lucc
756 5818 994 5878 dictabat
1041 5817 1621 5888 Didymustaaterum
1682 5835 1786 5876 non
1835 5817 2155 5880 Montanus,

2252 4495 2324 4549 illi
2356 4499 2445 4564 qui
2475 4511 2599 4550 sunt
2631 4497 2750 4550 knla
2783 4496 3120 4562 Eschinem,
3160 4501 3296 4551 hanc
3337 4498 3555 4556 habent,
3590 4509 3693 4562 qua
3728 4510 3775 4544 at

2247 4569 2439 4630 jiciunt
2468 4570 2630 4620 etiam
2665 4571 2804 4631 hoc,
2841 4579 2898 4620 ut
2938 4570 3120 4621 dicant
3168 4568 3441 4621 Christum
3488 4567 3662 4633 ipsum
3705 4575 3825 4633 esse

2251 4636 2442 4690 Filium
2472 4648 2527 4691 et
2555 4638 2792 4708 Patrem.
2817 4656 2836 4689 ι
2870 4636 3018 4708 Hanc
3038 4637 3412 4708 υἱοπατορίαν,
3450 4632 3611 4689 idest
3637 4651 3655 4682 ι
3689 4632 3826 4684 lilio-

2252 4708 2632 4776 paternitatent
2673 4727 2691 4758 ι
2756 4707 2809 4760 in
2874 4706 3195 4761 Sabellianis
3251 4706 3466 4776 quoque
3509 4713 3827 4759 exsecratur

2252 4777 2543 4830 sccundum
2577 4777 2862 4830 concilium
2903 4779 3294 4832 (ecumeuicum
3323 4791 3530 4830 canone
3552 4790 3644 4837 vn,
3673 4787 3826 4824 eant-

2251 4860 2357 4914 que
2385 4845 2577 4900 rel'ollit
2620 4847 2902 4909 tlteol0gns
2933 4855 3114 4901 noster
3143 4849 3304 4900 etiam
3337 4848 3386 4899 in
3417 4847 3553 4898 libro
3591 4843 3664 4896 De
3695 4841 3823 4914 Spi—

2254 4913 2359 4968 ritu
2388 4930 2570 4987 sancto
2599 4933 2745 4970 num.
2775 4917 2864 4973 58.
2903 4918 3024 4971 Alio
3067 4933 3228 4971 sensu
3244 4915 3613 4987 _uior:atopiav
3646 4913 3822 4965 nunti-

2254 4997 2348 5038 nat
2393 4986 2620 5040 All-alius
2648 4989 3037 5041 exercitatione
3073 5003 3102 5039 ι
3135 4988 3187 5039 in
3218 4985 3663 5056 Chreyghtonum,
3700 4996 3825 5056 pag.

2255 5056 2357 5109 180
2381 5095 2395 5119 ,
2431 5057 2499 5107 ita
2537 5057 2742 5110 scilicet
2779 5068 2834 5109 ut
2874 5073 2994 5110 eam
3030 5057 3276 5112 haeresim
3310 5050 3560 5121 denotet,
3591 5071 3708 5122 qua:
3739 5050 3832 5105 Fi-

2255 5124 2383 5195 lium
2414 5127 2644 5195 Spiritus
2677 5129 2848 5180 sancti
2872 5126 3174 5195 genitorem
3201 5142 3325 5181 esse
3363 5126 3610 5180 afﬁrmet.

2347 5195 2436 5261 ι29)
2476 5194 2854 5252 Inhumanum.
2878 5194 3052 5251 ’Hanc
3105 5197 3494 5264 blasphemiam
3529 5197 3706 5250 obiter
3739 5205 3826 5264 re-

2256 5261 2386 5318 fellit
2421 5266 2673 5332 Didymus
2695 5268 2855 5319 etiam
2875 5269 2928 5320 in
2959 5267 3094 5320 libro
3109 5265 3184 5320 De
3200 5261 3342 5335 Spir.
3367 5261 3830 5335 sanctonum._45,

2257 5345 2311 5388 et
2349 5336 2665 5406 brevissime
2700 5335 2751 5388 in
2787 5337 3132 5391 enarratione
3179 5331 3487 5406 iit-primam
3519 5334 3663 5406 Petri
3695 5331 3831 5406 Epi-

2256 5404 2462 5475 stolam
2477 5407 2541 5458 ad
2575 5416 2733 5473 caput
2763 5408 3014 5475 primunt,
3059 5416 3115 5460 et
3159 5407 3212 5460 iu
3243 5404 3588 5462 enarratione
3619 5405 3672 5456 in
3714 5405 3831 5472 pri-

2259 5490 2408 5545 mam
2431 5473 2656 5545 Joannis
2695 5473 2775 5529 ad
2789 5487 2950 5544 caput
2983 5485 3260 5545 quartum.

2331 5543 2440 5614 (50)
2485 5544 2806 5615 Himeram“.
2852 5543 3056 5608 Codeit,
3096 5546 3361 5615 ίσώμεθα.
3409 5544 3714 5615 Legendum
3747 5543 3833 5596 vi-

2259 5611 2436 5734 detugr',
2487 5613 2791 5752 siftbpsea'
2823 5627 2879 5672 et
2926 5617 3083 5685 paulo
3125 5611 3263 5686 p051,
3309 5617 3398 5669 ὅτε
3439 5611 3704 5682 ἐπεμψεν,
3737 5628 3835 5683 pro

2259 5701 2341 5736 οτι
2410 5702 2521 5752 πεμ
2564 5701 2641 5736 εν.

2258 5701 2341 5736 οτι
2379 5701 2641 5736 επεμψεν.

2330 5702 2341 5736 ι
2379 5702 2641 5753 επεμψεν.

2330 5753 2439 5826 (ξεί)
2485 5753 2865 5826 ρηιιιὶαηνίιιθ
2897 5765 3010 5810 nol.
3047 5755 3139 5817 61,
3163 5770 3298 5826 pag.
3333 5754 3473 5810 327..

2335 5823 2446 5895 (⁸52)
2492 5821 2667 5880 Pater.
2700 5823 2851 5880 Joau.
2891 5841 2965 5891 tu,
2995 5826 3084 5891 41,
3117 5821 3205 5882 49..
