4056 6404
341 397 446 453 885

1568 400 1802 456 DIDYMI
1841 400 2310 458 ALEXANDBINI

3470 404 3575 466 88$

328 530 416 568 me
446 512 663 581 misisti,
705 532 724 566 ι
763 514 814 569 id
854 522 936 569 est
972 532 986 568 :
1026 514 1272 570 Sciebam
1296 555 1312 581 ,
1371 516 1512 584 quod
1561 532 1775 585 semper
1821 533 1888 571 tm

2005 518 2247 584 ἀκούεις,
2316 520 2445 589 μιᾶς
2495 518 2766 590 θελήσεως
2802 516 3005 591 οῠσης’
3046 517 3181 573 ἀλλὰ
3229 516 3316 573 διὰ
3345 519 3438 573 τὸν
3480 536 3579 573 πε-

328 603 519 671 audis,
571 620 697 660 cum
744 621 852 660 una
900 607 971 660 sit
1032 617 1215 661 nostra
1246 607 1516 672 voluntas,
1563 610 1654 661 sed
1688 618 1888 677 proptel

2005 613 2270 683 ριεστῶτα
2299 612 2473 682 ὄχλον,
2522 612 2610 665 ἵνα
2651 611 3035 676 πιστεύσωσιν,
3063 608 3215 666 εἶπον
3260 612 3343 676 τὸ,
3375 612 3575 684 Πάτερ,

327 695 771 751 circumstantem
812 696 1020 750 turbam
1049 739 1065 761 ,
1123 707 1182 752 ut
1220 699 1491 775 crederet,
1515 699 1623 753 dixi
1659 717 1673 752 :
1703 699 1899 767 Pater,

322 788 529 857 gratias
572 788 666 842 tibi
699 804 840 857 ago,
880 790 1005 858 quia
1051 800 1106 842 tu
1166 805 1251 842 me
1294 790 1506 845 misisti.
1572 791 1746 844 Verba
1776 806 1901 845 vero

320 889 653 947 praepostero
704 879 896 933 ordine
942 881 1199 948 protulit,
1248 893 1404 936 caute
1459 898 1623 954 agens
1679 896 1901 954 prapter

328 972 607 1026 auditores
642 1012 658 1037 ,
713 974 805 1041 qui
852 983 906 1028 et
938 974 1151 1042 litigiosi
1186 985 1361 1041 erant,
1397 986 1451 1031 et
1487 977 1895 1032 inimicitiarum

321 1073 588 1117 amantes.
650 1062 741 1118 Sic
774 1063 937 1118 etiam
979 1066 1043 1119 de
1088 1080 1421 1134 praecursore
1467 1066 1895 1122 lncarnationem

319 1155 648 1222 praedicante
690 1155 766 1209 ait
809 1156 1075 1224 scriptura
1115 1175 1129 1210 :
1195 1176 1215 1208 ι
1268 1157 1390 1211 Fuit
1420 1157 1530 1228 (55)
1575 1160 1735 1213 homo
1764 1159 1894 1212 mis-

322 1260 417 1299 sus
449 1261 478 1298 a
520 1245 627 1301 Deo
667 1263 682 1301 :
729 1265 748 1299 ι
783 1257 1017 1301 attamen
1045 1262 1109 1302 ex
1146 1249 1298 1303 caelis
1342 1250 1535 1304 missus
1561 1266 1663 1303 non
1699 1250 1891 1305 fuerat.

392 1337 646 1408 Legimus
698 1340 753 1394 in
790 1340 1087 1409 Scripturis
1124 1341 1294 1396 Deum
1338 1344 1502 1396 etiam
1556 1343 1624 1397 ab
1679 1344 1895 1398 homine

320 1431 505 1496 mitti,
570 1442 625 1486 et
664 1433 935 1487 hominem
969 1434 1186 1496 vocari,
1222 1435 1349 1503 quin
1403 1435 1565 1487 ullum
1600 1437 1778 1489 divina
1839 1446 1893 1491 et

320 1540 448 1580 vera
475 1525 641 1591 gloria
669 1526 1050 1582 detrimentum
1096 1528 1298 1594 capiat.
1346 1526 1422 1580 Ita
1455 1527 1667 1598 Moyses
1697 1530 1748 1584 in
1782 1529 1891 1586 Ge-

318 1618 433 1671 nesi
464 1619 673 1687 inquit:
706 1638 725 1671 ι
768 1618 834 1674 Et
868 1622 1117 1675 transivit
1148 1620 1264 1691 (3i)
1305 1631 1624 1688 torrentem,
1677 1633 1731 1677 et
1772 1632 1888 1677 tra-

313 1707 443 1776 jecit
481 1711 662 1764 omnia
696 1727 814 1766 sua.
874 1712 1116 1768 Relictus
1144 1721 1227 1768 est
1259 1723 1437 1768 autem
1496 1715 1662 1768 Jacob
1719 1714 1884 1787 solus,

316 1813 373 1854 et
420 1800 724 1857 luctabatur
754 1803 916 1857 homo
963 1819 1083 1857 cum
1121 1819 1187 1858 eo
1226 1819 1398 1873 usque
1426 1804 1492 1857 ad
1533 1821 1710 1858 mane.
1740 1804 1887 1859 Vidit

318 1902 536 1954 autem,
565 1894 706 1963 quod
756 1910 860 1949 non
912 1905 1086 1964 potest
1119 1896 1232 1967 (55)
1285 1895 1451 1951 Iacob
1497 1897 1551 1951 in
1588 1897 1883 1952 luctando:

318 1991 372 2037 et
399 1985 476 2038 ait
508 1985 584 2038 illi
622 2002 637 2040 :
676 1987 829 2040 mitte
882 2002 1007 2054 me;
1046 2003 1173 2043 nam
1224 1991 1467 2043 ascendit
1522 2005 1735 2042 aurora.
1796 1989 1888 2045 Ille

320 2090 452 2129 vero
492 2076 629 2130 dixit
659 2096 672 2132 :
701 2092 804 2131 non
836 2086 889 2132 te
928 2079 1219 2142 dimittam,
1255 2080 1357 2135 nisi
1400 2095 1484 2134 me
1528 2081 1883 2136 benedixeris.

321 2165 469 2221 Dixit
502 2177 679 2221 autem
715 2169 788 2221 illi
820 2188 835 2223 :
874 2170 1147 2238 quodnam
1192 2179 1275 2224 est
1305 2186 1499 2225 nomen
1555 2171 1749 2225 tuum?
1794 2172 1887 2226 Ille

316 2275 446 2313 vero
475 2259 610 2313 dixit
641 2257 857 2315 :Jacoh.
889 2259 955 2313 Et
976 2262 1110 2315 dixit
1139 2263 1189 2315 ei
1224 2279 1237 2315 :
1273 2260 1386 2315 Non
1419 2263 1693 2317 vocabitur
1720 2263 1887 2336 385

317 2351 549 2421 amplius
576 2365 770 2405 nomen
805 2361 957 2406 tuum
1001 2350 1188 2417 Jacoh,
1223 2353 1315 2406 sed
1353 2352 1518 2408 Israel
1548 2355 1653 2408 erit
1692 2372 1884 2409 nmnen

320 2452 492 2505 tuum,
521 2442 645 2510 quia
681 2442 836 2496 fortis
869 2442 1016 2496 I'uisti
1046 2457 1167 2496 cum
1210 2443 1337 2505 Deo,
1367 2453 1420 2497 et
1442 2459 1563 2499 cum
1580 2444 1887 2500 hominibus

318 2544 509 2602 potens
560 2534 668 2588 eris
719 2533 853 2605 (56).
918 2532 1273 2603 Interrogavit
1328 2546 1506 2589 autem
1560 2535 1768 2601 Jacob,
1830 2548 1886 2592 et

318 2624 451 2677 dixit
492 2639 508 2678 :
544 2624 635 2679 Dic
667 2626 797 2679 mihi
834 2641 1027 2681 nomen
1069 2636 1238 2680 tuum.
1284 2626 1351 2679 Et
1391 2628 1526 2681 dixit
1558 2644 1573 2683 :
1621 2628 1799 2695 Quare
1831 2638 1885 2683 tu

318 2726 618 2786 Interrogas
668 2716 861 2772 nomen
913 2701 1134 2773 meum?
1201 2719 1265 2772 Et
1318 2720 1590 2773 benedixit
1627 2736 1747 2774 eum
1789 2720 1884 2775 ibi.

318 2807 381 2863 Et
418 2809 629 2864 vocavit
660 2807 826 2864 Jacob
864 2825 1058 2864 nomen
1090 2811 1190 2864 loci
1226 2811 1405 2875 illius,
1451 2810 1671 2879 Species
1722 2809 1816 2865 Dei
1867 2832 1881 2866 ι

320 2898 435 2954 Vidi
484 2902 625 2956 enim
677 2899 844 2955 Deum
891 2901 1027 2957 facie
1065 2902 1131 2956 ad
1178 2901 1390 2967 faciem,
1446 2913 1500 2956 et
1542 2902 1687 2956 salva
1746 2903 1884 2957 facta

318 3000 398 3045 est
430 2992 609 3045 anima
654 3007 791 3047 mea.
825 3010 845 3044 ι
897 2991 1050 3059 Quod
1080 3003 1261 3046 autem
1293 2991 1435 3045 Deus
1470 2993 1543 3047 sit
1583 2994 1629 3048 is
1668 2993 1759 3060 qui
1806 2996 1886 3046 Iu-

316 3093 492 3139 ctatus
543 3085 658 3148 est,
692 3085 891 3153 quique
922 3098 1115 3139 nomen
1171 3099 1326 3138 suum
1369 3086 1555 3149 tacuit,
1608 3086 1883 3155 prophetia

315 3190 525 3244 quoque
560 3176 887 3266 conﬁrmat:
921 3194 941 3228 ι
981 3177 1215 3244 Apparui
1251 3176 1362 3245 (57)
1399 3176 1464 3229 ad
1506 3176 1799 3232 Abraham.
1829 3187 1884 3233 et
1911 3206 1956 3266 ο

314 3267 462 3321 Isaac
508 3276 564 3321 et
608 3262 774 3322 Jacob
809 3277 990 3337 patres
1040 3278 1248 3322 vestros
1289 3268 1400 3337 (58)
1427 3284 1547 3322 cum
1594 3269 1695 3323 sim
1746 3268 1885 3324 Deus

313 3374 525 3425 eorum,
547 3367 603 3413 et
633 3373 826 3412 nomen
853 3374 1030 3412 meum
1062 3359 1172 3429 ('59)
1210 3373 1315 3411 non
1345 3359 1679 3413 manifestavi
1718 3361 1817 3413 eis.
1858 3379 1878 3411 ι

315 3448 597 3516 Quomodo
631 3459 808 3504 autem
847 3449 1022 3520 major
1048 3449 1150 3504 dici
1182 3459 1363 3518 potest
1394 3449 1555 3502 Pater
1587 3452 1882 3504 secundum

312 3539 567 3594 deitatem
628 3537 757 3600 illo,
809 3539 901 3607 qui
953 3554 1012 3593 se
1053 3540 1314 3609 aequalem
1358 3538 1470 3611 (40)
1522 3539 1653 3595 facit
1698 3539 1885 3594 Patri?

311 3629 512 3699 quique
533 3630 610 3683 ait
634 3650 646 3685 :
677 3648 696 3681 ι
724 3629 833 3699 Ego
853 3637 908 3683 et
922 3628 1082 3683 Pater
1108 3645 1275 3684 unum
1308 3645 1532 3696 sumus;
1569 3649 1587 3682 ι
1612 3641 1667 3686 et
1692 3631 1759 3686 de
1779 3647 1886 3701 quo

312 3721 509 3776 dicitur
535 3721 588 3775 in
616 3720 1085 3790 Scripturis,quod
1112 3722 1183 3777 sit
1210 3736 1372 3777 verus
1388 3720 1562 3786 Deus,
1588 3732 1644 3779 et
1671 3722 1839 3777 Filius
1866 3764 1884 3790 ,

312 3824 370 3871 et
397 3814 715 3884 Unigenitus
756 3832 772 3883 ;
802 3833 822 3867 ι
860 3814 919 3869 ln
950 3830 1057 3885 quo
1092 3815 1359 3871 inhabitat
1384 3815 1561 3872 omnis
1605 3816 1886 3891 plenitudo

313 3906 653 3971 divinitatis;
694 3924 714 3959 ι
780 3915 869 3973 et,
909 3925 930 3959 ι
972 3906 1113 3963 Deus
1147 3921 1414 3974 magnus;
1460 3922 1571 3977 prae
1611 3923 1718 3977 quo
1778 3924 1884 3963 non

311 3997 657 4068 reputabitur
697 3998 868 4065 alter;
918 4016 937 4049 ι
984 4005 1040 4052 et
1085 3999 1228 4067 quod
1265 4013 1296 4052 a
1344 3997 1547 4052 dextris
1605 3999 1887 4054 considet?

311 4093 513 4147 Verum
574 4091 627 4145 in
671 4090 920 4146 confesso
979 4098 1066 4144 est
1116 4088 1664 4153 etiam,vocabulum
1718 4090 1885 4156 illud,

318 4206 339 4240 ι
382 4184 579 4252 major,
614 4202 635 4236 ι
673 4182 741 4239 ad
774 4183 1202 4239 Inrarnationem
1240 4179 1455 4248 referri,
1478 4193 1695 4251 propter
1721 4196 1883 4251 quam

312 4282 361 4335 is
415 4280 504 4348 qui
551 4276 838 4346 cujuslibet
893 4273 1205 4328 mutationis
1249 4271 1469 4328 omnino
1516 4286 1709 4340 expers
1760 4279 1884 4339 est,

312 4370 490 4425 minor
526 4369 688 4422 etiam
719 4365 944 4437 angelis,
968 4366 1013 4419 si
1048 4365 1121 4418 ita
1150 4364 1296 4433 loqui
1332 4361 1412 4417 fas
1440 4371 1543 4429 est,
1574 4361 1745 4418 factus
1767 4379 1888 4419 esse

313 4462 512 4517 dicitur
564 4460 632 4515 ab
658 4459 917 4530 Apostolo
957 4458 1038 4512 his
1064 4457 1243 4512 verbis
1274 4475 1287 4511 :
1322 4475 1342 4508 ι
1371 4456 1504 4510 Eum
1545 4466 1720 4512 autem
1772 4454 1884 4527 (41)

2002 702 2307 773 εὐχαριστῶ
2343 720 2443 767 σοι,
2475 703 2555 755 ὅτι
2579 702 2643 755 σύ
2683 721 2751 773 με
2788 702 3135 766 ἀπέστειλας⁸
3161 701 3575 775 πρωθυστέρουπ

2000 794 2058 847 δὲ
2093 795 2193 856 τὰς
2221 794 2394 858 λέξεις
2437 793 2758 862 ἐφθέγξατο,
2782 794 3204 864 ἡσφαλισμένως
3249 793 3440 858 ποιῶν,
3486 794 3574 851 διίι

1998 885 2125 947 τοὺς
2159 884 2541 956 ἀκροωμένους
2602 884 2904 952 φιλαιτίους
2942 885 3037 938 καὶ
3071 885 3567 956 φιλαπεχθήμονας

1997 978 2072 1041 ὡς
2102 978 2194 1031 καὶ
2220 978 2347 1048 περὶ
2368 977 2460 1030 τοῦ
2494 978 2807 1049 Προδρόμου
2827 979 2925 1049 τὴν
2949 979 3254 1049 οἰκονομίαν
3282 979 3570 1049 κηρύττον-

1997 1086 2088 1133 τος
2120 1065 2290 1121 εἶπεν·
2338 1088 2356 1119 ι
2407 1070 2651 1137 Ἐγένετο
2676 1068 2959 1139 ἄνθρωπος
2986 1069 3395 1140 ἀπεσταλμένος
3423 1068 3571 1141 παρὶ

1996 1163 2153 1216 Θεοῦ·
2186 1184 2206 1214 ι
2244 1164 2338 1217 καὶ
2361 1164 2512 1235 ὅμως
2541 1164 2640 1216 οὐκ
2671 1163 2729 1230 ἐξ
2760 1163 3003 1233 οὐρανῶν
3054 1164 3382 1228 ἀποσταλεὶς
3416 1163 3570 1233 ὲτύγ-

1996 1272 2177 1325 χανεν.

2066 1347 2380 1417 Γέγραπται
2407 1348 2435 1400 6
2453 1346 2584 1409 Θεὸς
2610 1345 2703 1398 καὶ
2733 1344 2837 1397 ὑπὸ
2859 1342 3146 1412 ἀνθρώπου
3172 1346 3561 1418 ἀποστελλόμε-

1994 1456 2103 1501 νος.
2149 1438 2242 1491 καὶ
2274 1437 2558 1507 ἅνθρωπος
2606 1433 3022 1505 ὀνομαζόμενος,
3072 1435 3168 1487 καὶ
3202 1434 3398 1505 βλάϐος
3442 1438 3565 1508 περὶ

1992 1531 2090 1601 τὴν
2116 1530 2266 1583 θείαν
2294 1530 2387 1582 καὶ
2417 1528 2591 1599 ἀληθῆ
2616 1528 2774 1593 δόξαν
2809 1526 3025 1590 πάντως
3049 1528 3147 1597 οὐχ
3173 1529 3475 1599 ὑπομένων·
3494 1531 3568 1594 ὡς

1991 1620 2229 1701 Μωῦσῆς
2262 1622 2319 1672 ὲν
2350 1623 2415 1689 τῇ
2438 1618 2649 1687 γενέσει
2672 1618 2842 1687 λέγει·
2875 1637 2893 1669 ι
2919 1618 3028 1671 Kal
3051 1618 3200 1685 διέϐη
3232 1620 3323 1673 τὸν
3344 1622 3568 1693 χειμάρ-

1993 1712 2142 1781 ῥουν,
2182 1710 2276 1762 καὶ
2312 1709 2588 1762 διεϐίϐασε
2646 1708 2824 1761 πάντα
2850 1708 2920 1761 τά
2948 1706 3133 1761 αὑτοῦ.
3170 1709 3495 1780 ’Υπελείφθη
3510 1711 3566 1765 δὲ

2004 1801 2194 1854 Ἰακὼϐ
2231 1802 2409 1871 μόνος,
2433 1801 2525 1853 καὶ
2546 1799 2805 1852 ὲπάλαιεν
2830 1797 2925 1853 ἀνθ
2935 1815 3115 1869 ρωπος
3138 1801 3253 1870 μετ’
3274 1800 3438 1855 αὐτοῦ
3465 1802 3567 1865 ἓως

1987 1891 2152 1962 πρωί.
2189 1892 2323 1944 Ἰδεν
2350 1893 2429 1955 δὲ,
2456 1892 2612 1944 ὅτιού
2636 1890 2855 1945 δύναται
2886 1890 3078 1944 Ἰακὼϐ
3114 1894 3171 1945 ὲν
3194 1890 3271 1961 τῷ
3299 1892 3564 1955 παλαίειν,

1989 1985 2083 2037 καὶ
2112 1979 2264 2035 εἶπεν
2286 1982 2455 2052 αὐτῶν
2488 1982 2831 2035 Ἀπόστειλον
2868 1999 2954 2052 με·
2977 1983 3141 2052 ἀνέϐη
3164 1983 3271 2054 γάρ
3302 1985 3331 2036 6
3354 1982 3562 2054 ὄρθρος.

1999 2074 2058 2128 '0
2080 2074 2136 2127 δὲ
2164 2070 2335 2127 εἶπεν·
2367 2074 2441 2127 Οὐ
2467 2076 2539 2145 μή
2577 2090 2635 2126 σε
2669 2073 2997 2137 ἀποστείλω,
3032 2076 3081 2126 εἰ
3131 2075 3204 2145 μή
3240 2091 3307 2144 με
3346 2074 3567 2145 εὐλογή-

1991 2185 2109 2238 σῃς.
2132 2163 2267 2219 Εἷπε
2320 2166 2378 2218 δὲ
2408 2165 2577 2236 αὐτῷ·
2619 2165 2684 2217 Τί
2706 2166 2766 2218 τὸ
2797 2165 2969 2235 ὄνομά
3002 2183 3097 2219 σου
3129 2164 3259 2236 [182
3301 2164 3355 2238 b]
3387 2166 3564 2232 ἑστίν;

1998 2259 2057 2312 'U
2082 2260 2138 2312 δὲ
2160 2254 2333 2312 εἶπεν·
2377 2257 2588 2312 Ἰακώϐ.
2616 2258 2726 2310 Kal
2752 2253 2904 2309 εἶπεν
2932 2257 3102 2329 αὐτῷ·
3130 2256 3209 2311 Οὐ
3240 2257 3567 2329 κληθήσεται

1988 2349 2069 2402 ἔτι
2106 2348 2278 2419 ὄνομά
2306 2365 2398 2401 σου
2449 2346 2665 2412 Ἰακὼϐ,
2695 2346 2811 2400 ἀλλ’
2857 2348 3073 2420 Ἰσραὴλ
3112 2348 3263 2403 ἔσται
3303 2348 3363 2401 τὸ
3400 2348 3567 2418 δνομά

1991 2458 2105 2502 σου,
2134 2441 2217 2493 ὅτι
2238 2440 2523 2509 ἐνίσχυσας
2554 2438 2691 2509 μετά
2729 2438 2823 2492 τοῦ
2857 2437 3017 2504 Θεοῦ,
3056 2439 3150 2492 καὶ
3183 2439 3321 2509 μετά
3356 2437 3564 2509 ἀνθρώ-

1989 2549 2107 2585 πων
2134 2530 2356 2593 δυνατὸς
2387 2530 2505 2603 ἔσῃ.
2551 2528 2831 2601 ἸΙρώτησε
2879 2530 2937 2583 δὲ
3008 2529 3222 2592 Ἰακὼϐ,
3263 2532 3357 2585 καὶ
3392 2528 3564 2584 εἶπενο

2000 2619 2346 2688 Ἀνάγγειλόν
2386 2636 2475 2690 μοι
2503 2619 2564 2672 τὸ
2594 2619 2767 2690 ὄνομά
2805 2636 2919 2672 σου.
2954 2620 3063 2672 Kal
3090 2615 3263 2672 εἶπενο
3285 2620 3399 2674 Ἵνα
3420 2620 3471 2673 τί
3498 2621 3564 2675 σὺ

1989 2712 2199 2781 ἐρωτᾷς
2228 2710 2289 2763 τὸ
2355 2710 2528 2780 ὄνομά
2586 2727 2724 2780 μους
2759 2710 2869 2761 Καὶ
2909 2709 3201 2778 εὐλόγησεν
3240 2710 3398 2763 αὐτὸν
3426 2712 3562 2764 ἐκεῖ.

1989 2803 2095 2856 Καὶ
2128 2802 2385 2855 ἐκάλεσεν
2451 2801 2647 2855 Ἰακὼϐ
2688 2801 2750 2854 τὸ
2796 2802 2969 2871 ὄνομα
3011 2801 3105 2855 τοῦ
3151 2802 3315 2855 τόπου
3357 2802 3562 2856 ἐκείνου

1988 2889 2141 2957 Εἶδος
2171 2892 2327 2946 Θεοῦο
2369 2893 2506 2946 ’Ἰδον
2556 2892 2666 2966 γάρ
2698 2893 2828 2948 Θεὸν
2872 2894 3163 2965 πρόσωπον
3210 2895 3347 2966 πρὸς
3398 2895 3567 2967 πρόσι-

1987 3004 2156 3051 ωπον,
2189 2986 2283 3039 καὶ
2337 2984 2513 3056 ἐσώθη
2557 3002 2659 3056 μου
2686 2988 2720 3056 ή
2756 2986 2923 3057 ψυχή.
2962 3004 2982 3039 ι
3017 2986 3139 3039 Ὅτι
3164 2986 3222 3039 δὲ
3245 2986 3376 3050 Θεός
3417 2989 3564 3040 ἐστιν

1988 3082 2016 3134 6
2043 3079 2314 3144 παλαίσας
2337 3080 2432 3133 καὶ
2466 3078 2541 3151 μὴ
2573 3078 2742 3133 εἰπὼν
2774 3077 2937 3131 αὐτοῦ
2972 3077 3033 3130 τὸ
3054 3078 3244 3148 ὄνομα,
3273 3078 3566 3149 καὶήπρο-

1993 3170 2185 3242 φητεία
2226 3171 2399 3239 λέγει’
2445 3190 2464 3224 ι
2497 3171 2706 3243 Ὠφθην
2734 3171 2871 3242 πρὸς
2918 3169 3187 3242 Ἀϐραὰμ.
3227 3170 3320 3223 καὶ
3359 3169 3562 3238 Ἰσαάκ,

1986 3265 2081 3318 καὶ
2131 3264 2345 3325 Ἰακὼϐ,
2377 3266 2503 3329 τοὺς
2547 3265 2790 3336 πατέρας
2839 3264 3013 3336 ὑμῶν,
3062 3263 3193 3327 Θεὸς
3239 3262 3315 3316 ὢν
3364 3263 3562 3326 αὐτῶν,

1984 3354 2078 3407 καὶ
2110 3354 2171 3407 τὸ
2198 3353 2372 3423 ὄνομά
2408 3372 2509 3425 μου
2541 3356 2641 3409 οὐκ
2669 3356 2915 3426 ἐδήλωσα
2947 3357 3151 3419 αὐτοῖς.
3190 3376 3209 3408 ι
3234 3354 3358 3418 Πῶς
3388 3354 3444 3408 δὲ
3470 3356 3564 3408 καὶ

1988 3445 2188 3515 μείζων
2233 3445 2373 3498 κατά
2424 3445 2523 3516 τὴν
2552 3445 2779 3515 θεότητα
2812 3446 3045 3517 ὑπάρχει
3073 3445 3167 3498 τοῦ
3203 3447 3315 3498 ἴσον
3374 3444 3565 3498 ἑαυτὸν

1986 3534 2264 3600 ποιοῦντος
2294 3536 2374 3606 τῷ
2406 3537 2602 3609 Πατρὶ,
2629 3537 2723 3590 τοῦ
2749 3538 3017 3605 λέγοντοςσ
3055 3557 3074 3588 ι
3112 3536 3253 3606 Ἐγὼ
3284 3538 3378 3591 καὶ
3402 3540 3430 3590 6
3455 3538 3567 3589 Πα-

1984 3628 2089 3698 τὴρ
2113 3627 2172 3680 ἓν
2203 3629 2388 3697 ὲσμενο
2438 3646 2459 3679 ι
2513 3629 2608 3681 καὶ
2659 3629 3131 3700 μαρτυρουμένου,
3180 3629 3257 3693 ὡς
3312 3627 3564 3697 ἀληθινὸς

1984 3719 2134 3782 Θεὸς.
2173 3719 2267 3773 καὶ
2292 3720 2441 3783 Υἱὸς,
2479 3721 2573 3773 καὶ
2606 3722 2919 3792 Μονογενής
2951 3723 3119 3785 ἐστιν,
3155 3739 3175 3772 ι
3218 3721 3308 3773 Ἐν
3349 3712 3395 3788 ᾧ
3430 3737 3564 3774 κατ-

1985 3814 2125 3864 οικεῖ
2160 3812 2271 3865 πᾶν
2305 3810 2366 3864 τὸ
2386 3811 2661 3885 πλήρωμα
2689 3813 2791 3885 τῆς
2829 3813 3104 3885 θεότητος⁶
3146 3832 3165 3865 ι
3192 3812 3308 3877 καὶ,
3349 3830 3369 3864 ι
3431 3812 3563 3876 Θεὸς

1989 3905 2183 3975 μέγας,
2212 3906 2348 3977 πρὸς
2371 3905 2431 3960 ὃν
2457 3907 2518 3960 οὐ
2540 3907 2920 3978 λογισθήσεται
2948 3906 3153 3978 ἔτερος·
3195 3924 3215 3957 ι
3264 3904 3358 3958 καὶ
3389 3904 3465 3968 ὡς
3499 3906 3564 3958 ὲκ

1985 3995 2177 4064 δεξιῶν
2231 3999 2662 4069 συγκαθέζεταις
2710 3999 2849 4052 Ἀλλ’
2882 3999 3330 4069 ὁμολογουμένως
3362 3998 3456 4052 καὶ
3500 3998 3564 4051 τὸ

1993 4106 2013 4140 ι
2044 4089 2245 4160 μείζων
2279 4109 2298 4141 ι
2338 4092 2418 4153 είς
2445 4089 2543 4161 τὴν
2573 4090 2988 4162 ένανθρώπησιν
3016 4090 3379 4154 ἀποτείνεται,
3405 4089 3470 4142 δι’
3496 4089 3563 4160 ἣν

1987 4182 2016 4233 6
2041 4178 2342 4252 μεταϐολῆς
2368 4181 2457 4235 διά
2483 4182 2685 4245 παντὸς
2712 4182 2940 4253 ἀμοιρος
2971 4181 3067 4246 ὢν,
3093 4179 3435 4251 ἡλαττῶσθαι
3468 4180 3563 4234 καὶ

1985 4268 2092 4322 τῶν
2116 4270 2382 4339 ἀγγέλων,
2411 4273 2459 4325 εί
2483 4271 2641 4343 θέμις
2668 4271 2825 4326 τοῦτο
2859 4273 3044 4343 φάναι,
3079 4273 3390 4343 γέγραπται
3413 4273 3561 4346 παρὰ

1986 4361 2065 4432 τῷ
2080 4363 2381 4435 Ἀποστόλῳ
2407 4364 2598 4427 οὑτως·
2622 4386 2638 4416 ι
2667 4366 2770 4417 Τὸν
2798 4365 2854 4418 δὲ
2877 4365 3048 4437 βραχύ
3070 4383 3122 4418 τι
3155 4366 3281 4438 παρ’
3299 4366 3562 4435 ἀγγέλους

1988 4454 2373 4526 ἠλαττωμένον
2403 4455 2674 4527 βλέπομεν
2721 4455 2927 4529 Ἰησοῦν
2980 4456 3068 4511 διὰ
3107 4460 3169 4510 τὸ
3203 4457 3432 4529 πάθημα
3467 4457 3560 4511 τοῦ

319 4549 412 4619 qui
468 4546 680 4631 modico
730 4563 893 4617 quam
933 4547 1107 4615 angeli
1156 4548 1454 4601 minoratus
1499 4548 1886 4612 est,videmus

1991 4541 2242 4596 θανάτου.
2283 4561 2303 4594 ι
2354 4543 2572 4614 Ἀμέλει
2610 4545 2711 4596 οὐκ
2753 4546 2811 4596 ὲν
2843 4546 3023 4616 μορφῇ
3053 4543 3187 4597 Θεοῦ
3216 4545 3473 4616 ὑπάρχων
3503 4547 3561 4598 ἐν

316 4638 531 4703 Jesum,
567 4649 788 4708 propter
815 4638 1120 4707 passionem
1177 4639 1387 4691 mortis.
1425 4657 1443 4688 ι
1480 4637 1741 4692 Nimirum
1778 4655 1885 4693 non

315 4738 376 4781 ut
405 4728 652 4782 informa
680 4727 775 4782 Dei
813 4726 1082 4783 exsistens
1108 4727 1159 4780 in
1192 4726 1371 4789 caelis,
1407 4728 1502 4781 sed
1529 4738 1586 4780 ut
1619 4728 1671 4780 in
1712 4726 1883 4782 forma

313 4816 453 4869 servi
484 4816 539 4869 in
577 4825 718 4869 terra
745 4856 761 4880 ,
804 4817 1021 4885 quando
1049 4831 1117 4869 ex
1150 4814 1372 4886 Virgine
1406 4817 1544 4870 citra
1591 4817 1752 4870 ullam
1798 4819 1881 4872 sui

314 4907 667 4961 mutationem
693 4908 913 4975 prodiit,
949 4906 1129 4962 aiebat
1166 4924 1181 4961 :
1217 4925 1235 4958 ι
1263 4908 1364 4974 Qui
1398 4909 1545 4961 misit
1576 4925 1661 4962 me
1690 4907 1885 4976 Pater,

315 4996 491 5068 major
539 5013 626 5052 me
658 5008 741 5053 est
778 5016 793 5053 :
830 5017 849 5050 ι
882 4999 1039 5069 quasi
1090 4998 1300 5054 diceret
1334 5016 1348 5053 :
1388 5001 1458 5054 Ea
1486 5040 1502 5065 ,
1547 5016 1669 5070 quae
1704 5003 1882 5067 vobis,

312 5096 369 5139 et
406 5083 629 5140 cuilibet
672 5085 837 5139 tuenti
886 5085 1171 5141 invisibilis
1215 5094 1333 5151 est,
1373 5085 1556 5142 Deitas
1599 5086 1772 5157 major
1808 5099 1890 5143 est

314 5175 629 5247 aspectabili
655 5179 757 5232 hac
778 5191 897 5232 mea
927 5178 1402 5234 condescensione.
1429 5178 1562 5234 Nam
1598 5181 1688 5249 qui
1712 5181 1886 5252 reipsa

407 5355 498 5416 55)
538 5352 685 5409 Fuit.
725 5355 877 5410 Joau.
920 5371 958 5420 I,
987 5352 1041 5409 6.

407 5357 498 5416 55)
538 5357 685 5409 Fuit.
725 5357 877 5410 Joau.
920 5371 958 5420 I,
987 5357 1041 5409 6.

383 5357 504 5497 (54)
546 5426 611 5479 Et
643 5429 906 5480 transivit.
939 5426 1076 5481 Gen.
1104 5440 1277 5497 xxxii,
1305 5444 1333 5481 a
1361 5442 1504 5482 vers.
1529 5428 1600 5482 23
1642 5430 1708 5483 ad
1744 5444 1888 5485 vers.

314 5494 637 5570 ACodex
695 5499 994 5570 mendose:
1028 5494 1224 5565 Διέϐην
1277 5498 1369 5551 τὸν
1418 5499 1737 5569 χειμάρουν,
1793 5515 1891 5570 pro

315 5566 478 5639 Διέξιι
509 5565 599 5639 τὴν
636 5568 989 5639 χειμάρεεφιιν-

390 5584 480 5691 ειὲἓ
509 5584 599 5620 τον
636 5584 989 5639 χειμαρρουν.

390 5637 409 5757 ξ
450 5634 860 5759 Ιῶἔῗέιυξοιεει.
880 5638 1041 5693 Plura
1069 5638 1226 5693 verba
1257 5637 1345 5693 hic
1376 5636 1578 5691 omittit
1609 5637 1886 5709 Didymus,

320 5716 409 5758 aut
450 5716 722 5759 lIDl'al'IlIS.

411 5773 501 5851 ξιξ)
541 5774 682 5851 Erit.
707 5776 876 5851 Dic‘tio
910 5777 1047 5851 haec,
1072 5775 1191 5851 ἔσῃ,
1223 5777 1273 5851 id
1290 5787 1381 5851 est
1404 5795 1421 5828 ι
1446 5777 1576 5843 eris,
1603 5796 1622 5828 ι
1652 5778 1801 5833 deest
1828 5779 1884 5833 in

322 5841 521 5900 Ilibliis.
551 5845 700 5902 Alias
737 5848 960 5921 minimi
981 5841 1237 5905 momenti
1274 5841 1569 5905 varietates
1601 5858 1884 5919 praetereo.

1991 4636 2262 4707 οὐρανοῖς,
2313 4634 2427 4688 ἀλλ’
2465 4637 2521 4687 ὲν
2555 4637 2735 4705 μορφῇ
2768 4635 2954 4689 δούλου
2986 4637 3079 4689 ἐπὶ
3115 4636 3237 4705 γῆς,
3263 4636 3352 4689 ὅτε
3378 4638 3440 4689 ἐκ
3464 4635 3561 4706 τῆς

1991 4724 2269 4797 Παρθένου
2298 4725 2582 4796 ἀτρέπτως
2611 4726 2903 4797 προῆλθεν,
2948 4726 3075 4799 [185
3111 4726 3166 4799 a]
3197 4727 3403 4795 ἔλεγεν·
3440 4748 3457 4775 ι
3502 4728 3560 4781 '0

1989 4816 2211 4887 πέμψας
2248 4816 2525 4888 μεΠατὴρ
2555 4816 2755 4888 μείζων
2791 4834 2892 4889 μου
2923 4819 3088 4871 ἐστίν·
3124 4839 3142 4870 ι
3176 4818 3309 4872 ὡσεὶ
3326 4820 3421 4873 καὶ
3450 4819 3563 4871 ἔλε-

1988 4927 2104 4979 γεν.
2146 4911 2210 4962 'ﬂ
2238 4910 2366 4980 ὑμῖν
2396 4910 2491 4964 καὶ
2519 4910 2667 4982 πάσῃ
2694 4910 2901 4983 διανοίᾳ
2940 4911 3170 4976 ἀθέατος
3198 4911 3409 4983 θεότης,
3444 4911 3561 4983 μεί-

1990 5000 2100 5064 ζων
2130 5003 2230 5073 τῆς
2256 5001 2540 5073 ὀρωμένης
2586 5001 3048 5071 συγκαταϐάσεώς
3075 5021 3174 5074 μου
3204 5003 3457 5076 ὑπάρχει.
3503 5004 3561 5055 '0

1990 5092 2102 5162 γὰρ
2127 5091 2204 5162 τῷ
2255 5092 2539 5163 πράγματι
2598 5094 2969 5161 συγκαταϐὰς,
3006 5095 3101 5148 καὶ
3141 5093 3423 5159 διακονῶν,
3468 5093 3563 5147 καὶ

1996 5183 2070 5254 μὴ
2102 5182 2539 5253 διακονούμενος,
2570 5185 2666 5237 καὶ
2715 5184 2903 5239 δούλου
2935 5186 3117 5257 φέρων
3160 5184 3396 5257 μορφὴν,
3432 5188 3458 5240 6
3502 5188 3561 5239 ὲν

2069 5361 2180 5432 (57)
2224 5364 2476 5429 Apparui.
2516 5361 2682 5417 Exod.
2722 5378 2797 5424 vn,
2826 5362 2860 5416 5

2065 5429 2178 5506 (58)
2220 5433 2653 5506 Ραςνειινεεινοε.
2699 5434 2886 5495 Voces,
2933 5432 3059 5495 τοὺς
3092 5431 3334 5503 πατέρας
3381 5429 3559 5500 ὑμῶν,

1990 5502 2182 5558 desunt
2218 5504 2272 5558 in
2303 5504 2504 5556 Bibliis.

2060 5572 2173 5644 (59)
2201 5573 2403 5644 Nomen
2426 5588 2616 5625 meum.
2640 5570 2826 5627 Graeca
2847 5571 3013 5628 editio
3035 5570 3123 5628 hic
3145 5571 3316 5640 addit,
3333 5568 3558 5643 Κύριος,

1987 5640 2040 5696 id
2070 5640 2162 5696 est
2184 5662 2201 5694 ι
2225 5643 2500 5696 Dominus.
2523 5662 2543 5694 ι

2057 5711 2170 5782 (l0)
2204 5712 2275 5782 se
2301 5710 2574 5782 aqualem.
2602 5709 2760 5782 Joan.
2784 5726 2838 5776 v,
2872 5711 2958 5766 18.

2057 5717 2149 5780 (ιυ
2204 5717 2275 5767 Se
2301 5717 2574 5782 aqualem.
2602 5717 2760 5765 Joan.
2784 5726 2838 5776 v,
2872 5717 2958 5766 18.

2057 5717 2170 5853 (Η)
2207 5780 2347 5837 Eum
2385 5791 2580 5839 autem.
2618 5781 2781 5837 Ilcbr.
2814 5798 2873 5851 ιι,
2904 5782 2959 5838 9.
