4056 6416
454 384 559 457 ass

1541 392 1628 447 DE
1671 383 2046 447 'l'RINlTATE
2084 390 2288 445 LIBER
2327 382 2650 447 TERTIUS.

3589 384 3696 441 886

458 501 636 569 μορφῇ
676 498 810 554 Θεοῦ
868 478 1149 574 ὑπάρχων,
1188 522 1304 569 πως
1356 507 1479 577 οὑχ).
1516 510 1613 563 κα)⁵
1661 512 1775 574 τοῖς
1824 513 2032 582 ῥήμασι

2141 510 2544 576 coudescendit,
2589 508 2680 578 qui
2728 506 3019 571 ministrat,
3052 519 3157 559 non
3188 516 3318 557 vero
3337 500 3694 565 ministratur,

458 590 907 656 συγκαταϐαίνειν
957 594 1201 664 ἔμελλεν,
1242 597 1271 649 6
1299 598 1498 661 παντὸς
1530 599 1690 667 λόγου
1726 600 2027 671 άνώτερος;

453 679 625 743 οὑτως
654 681 793 736 ὥστε
827 685 922 738 καὶ
953 685 1202 773 ὀνειδίζει
1251 689 1382 759 παρ’
1422 690 1643 762 Ἰωάννῃ
1682 693 1794 753 τοῖς
1823 691 1916 742 ἐπὶ
1942 707 2032 760 μι-

455 773 793 844 κροπρεπείᾳ
813 775 1190 847 ἐκδεχομένοις
1222 778 1324 848 τῆς
1352 780 1661 849 οἰκονομίας
1690 779 1757 832 τὰ
1788 781 2029 849 ῥήματα,

455 860 697 928 φάσκων·
727 882 745 915 ι
789 864 931 934 Ἐγὼ
970 867 1116 937 τιμῶ
1166 867 1259 921 τὸν
1294 869 1514 941 Πατέρα
1560 888 1683 941 μου,
1738 873 1832 924 καὶ
1877 873 2034 942 ὑμεῖς

455 950 751 1022 ἀτιμάζετέ
782 973 873 1026 με.
904 976 922 1007 ι
957 958 1107 1029 Τιμᾷ
1134 959 1191 1012 δὲ
1217 960 1312 1013 καὶ
1348 963 1376 1013 6
1412 961 1604 1031 Πατὴρ
1629 962 1719 1015 τὸν
1750 962 1900 1026 Υἰὸν,
1948 963 2035 1015 λέ-

456 1058 587 1109 γων·
618 1061 637 1095 ι
668 1045 850 1100 Κάθου
868 1050 931 1101 ἐκ
957 1048 1143 1116 δεξιῶν
1168 1068 1289 1120 μου·
1328 1070 1347 1101 ι
1372 1053 1465 1105 καὶ
1491 1052 1672 1121 μέντοι
1694 1053 1866 1106 ἕλκων
1897 1053 2033 1124 πρὸς

457 1133 617 1188 αὑτὸν
642 1138 767 1201 τοὺς
794 1138 999 1203 ἀξίους.
1021 1141 1133 1193 Καὶ
1155 1142 1287 1196 αὑτὸ
1304 1142 1360 1195 δὲ
1380 1143 1536 1196 τοῦτο
1558 1144 1620 1196 τὺ
1648 1146 1821 1199 εἰπεῖν
1846 1162 2030 1198 πεποι-

2126 603 2216 669 qui
2251 602 2391 657 servi
2426 601 2655 656 formam
2697 600 2856 671 gerit,
2884 614 3007 654 cum
3030 598 3102 653 sit
3133 597 3186 651 in
3216 597 3386 651 forma
3417 594 3697 665 Deirquo-

2126 694 2286 748 modo
2334 708 2440 747 non
2481 694 2642 747 etiam
2694 692 2873 746 verbis
2908 686 3396 746 condescendere”
3434 687 3579 756 ipse,
3613 685 3698 739 in-

2129 798 2308 850 quam,
2346 784 2435 851 qui
2470 783 2615 838 oumi
2646 797 2894 837 sermone
2921 780 3196 836 sublimior
3239 788 3338 840 est,
3390 788 3550 846 atque
3598 792 3697 829 ex-

2135 875 2355 939 celsior,
2388 877 2523 930 adeo
2554 885 2612 929 ut
2640 875 2779 944 apud
2815 873 3075 928 Joannem
3112 886 3202 925 eos
3236 870 3400 925 etiam
3426 867 3696 937 objurget,

2138 965 2230 1035 qui
2262 965 2421 1019 verba
2447 967 2516 1019 ob
2545 966 2929 1028 meonomiam,
2957 965 3007 1017 id
3032 973 3113 1017 est
3140 964 3208 1017 ob
3237 960 3693 1020 lucarnationem,

2129 1056 2199 1111 ab
2232 1057 2347 1126 ipso
2387 1057 2594 1126 prolata
2650 1070 2816 1111 sensu
2874 1053 3165 1109 humiliore
3216 1049 3573 1120 accipiebant,
3618 1048 3702 1100 in-

2126 1148 2358 1217 quiens:
2404 1167 2422 1199 ι
2459 1148 2568 1217 Ego
2615 1147 2727 1219 (42)
2774 1149 2980 1202 honoro
3019 1144 3232 1202 Patrem
3265 1157 3465 1204 meum,
3511 1150 3564 1193 et
3606 1152 3702 1192 vos

458 1222 611 1294 θήσει
645 1228 862 1299 Πατέρα
894 1230 984 1282 τὸν
1009 1230 1162 1295 Θεὸν,
1193 1231 1483 1297 δείκνυσιν,
1506 1234 1581 1296 ὡς
1602 1233 1664 1286 τὸ
1702 1253 1722 1285 ι
1766 1234 1964 1305 μείζων
1996 1254 2016 1288 ι

2145 1240 2463 1293 nhonoratis
2504 1255 2609 1294 me.
2657 1257 2676 1290 ι
2714 1238 2956 1294 llonorat
2985 1249 3170 1291 autem
3217 1235 3381 1291 etiam
3417 1232 3576 1287 Pater
3610 1231 3703 1286 Fi-

458 1318 598 1371 κατὰ
625 1317 722 1391 τὴν
750 1320 1157 1391 ὲνανθρὼπησίν
1189 1325 1354 1378 ἐστιν.

2117 1331 2245 1385 lium
2278 1333 2481 1397 dicens,
2512 1349 2531 1383 ι
2568 1330 2708 1385 Sede
2732 1345 2761 1383 a
2786 1328 2994 1384 dextris
3030 1327 3185 1389 meis,
3216 1343 3235 1377 ι
3264 1333 3319 1379 et
3344 1324 3563 1391 insuper
3583 1335 3699 1387 eos,

458 1412 549 1479 qui
590 1411 735 1480 digni
779 1412 1014 1477 fuerint,
1061 1416 1129 1468 ad
1172 1414 1319 1469 illum
1359 1416 1601 1473 trahens.
1643 1416 1722 1472 Ex
1770 1417 1871 1472 hoc
1905 1418 2021 1486 ipso
2059 1430 2269 1487 autem,
2314 1420 2477 1492 385
2544 1420 2689 1489 quod
2756 1418 2926 1473 Deum
2983 1415 3317 1472 conﬁdenter
3353 1413 3553 1469 dixerit
3604 1410 3679 1465 Pa

463 1509 621 1563 trem,
648 1502 968 1567 ostenditur,
1001 1518 1185 1557 vocem
1214 1503 1396 1568 illam,
1416 1522 1435 1556 ι
1478 1504 1670 1573 major,
1720 1524 1739 1557 ι
1776 1516 2022 1575 respectu
2060 1508 2449 1565 incarnationis
2480 1508 2606 1564 dici.

528 1635 640 1689 Καὶ
681 1634 739 1701 ἐξ
774 1635 1168 1706 ὑποδείγματος
1210 1637 1267 1691 δὲ
1313 1639 1441 1709 ῥᾷον
1488 1639 1785 1710 ὑποστῆναι
1828 1640 1920 1693 τοῦ
1952 1641 2025 1712 μὴ

2196 1642 2301 1699 Sed
2345 1645 2414 1700 ab
2470 1643 2715 1715 exemplo
2758 1642 3043 1699 ostendere
3098 1639 3309 1696 facilius
3356 1647 3473 1701 est,
3516 1650 3700 1691 vocem

459 1725 601 1778 κατά
627 1726 724 1797 τὴν
774 1725 1004 1795 θεότητα
1040 1727 1291 1799 εἰρῆσθαι
1322 1729 1383 1781 τὸ
1433 1747 1452 1780 ι
1496 1730 1714 1800 μείζων.
1756 1751 1774 1783 ι
1814 1732 1872 1784 ὐ
1921 1732 2030 1803 γὰρ

459 1814 661 1885 Κύριος
684 1814 868 1886 φησίν·
917 1834 935 1867 ι
977 1816 1146 1887 Ἀμὴν
1174 1817 1317 1887 λέγω
1338 1819 1485 1887 ὑμῖν·
1514 1820 1613 1871 οὑκ
1646 1821 1944 1892 ἐγήγερται
1973 1824 2031 1874 ὲν

458 1907 734 1977 γεννητοῖς
758 1907 1032 1975 γυναικῶν
1064 1907 1265 1978 μείζων
1280 1910 1527 1963 Ἰωάννου
1556 1910 1650 1962 τοὺ
1671 1912 1988 1965 Βαπτιστοῦ.
2005 1933 2026 1964 ι

470 1996 607 2049 Ἀλλ’
634 1999 730 2068 οὐχ
749 1999 824 2063 ὡς
851 1998 909 2063 ἐξ
937 1999 1131 2071 ἑτέρας
1162 2000 1407 2071 μείζονος
1437 2001 1651 2069 φύσεως
1679 2003 1830 2065 ὄντα,
1852 2003 1884 2073 ἢ
1910 2005 2031 2056 κατ’

459 2089 797 2162 ἀνθρώπους,
825 2091 980 2160 ἔλεγε
1041 2091 1261 2162 μείζονα
1293 2088 1435 2145 εἶναι
1480 2094 1665 2147 αὐτόν’
1692 2095 1894 2159 πάντες
1924 2094 2031 2167 γάρ

458 2183 508 2234 οἰ
555 2182 756 2252 άρετῆς
812 2183 1286 2254 μεταποιούμενοι,
1325 2184 1356 2255 ἢ
1390 2181 1667 2247 ὲξισοῦντο
1702 2184 1869 2257 αὑτῷ,
1903 2187 1937 2257 ἧ
1982 2204 2033 2241 τι

461 2272 835 2326 ἀπελείποντο·
891 2274 1012 2327 οὑδὲ
1043 2274 1119 2337 ὼς
1148 2274 1375 2345 δυνάμει
1415 2276 1741 2347 κρείττονος,
1791 2275 1825 2347 ἢ
1860 2277 2035 2349 χρόνῳ

461 2363 664 2417 πλείονι
691 2363 971 2437 εἰληφότος
1007 2365 1106 2436 τὴν
1136 2366 1371 2434 γένεσιν·
1411 2367 1575 2430 αὐτὸς
1612 2368 1710 2439 μὲν
1730 2367 1838 2439 γὰρ
1863 2372 1928 2440 τῇ
1976 2371 2036 2423 ὲν

461 2454 651 2525 κόσμῳ
680 2452 791 2526 ζωῇ
840 2454 1106 2525 διέμεινεν
1141 2455 1237 2525 ἔτη
1272 2455 1339 2509 λη
1377 2452 1517 2527 ἦσαν
1545 2456 1601 2509 δὲ
1634 2458 1684 2509 oi
1715 2460 1781 2528 τῇ
1811 2457 1905 2510 τοὺ
1933 2456 2038 2514 σώ-

464 2561 631 2615 ματος
666 2543 822 2615 ῥώμῃ
860 2544 955 2597 καὶ
979 2543 1056 2613 τῷ
1089 2544 1283 2616 πλήθει
1310 2546 1417 2606 τῶν
1448 2546 1585 2600 ἐτῶν
1612 2546 2039 2618 ὑπερϐάλλοντες

462 2636 640 2690 αὑτόν.
687 2636 824 2688 Ἀλλ’
846 2637 907 2689 οὑ
944 2636 1117 2708 ταύτῃ
1151 2638 1435 2709 κρείττονα
1467 2639 1576 2692 τῶν
1599 2640 1901 2713 ἀνθρώπων
1924 2642 2039 2695 ἕλεο

462 2741 580 2793 γεν.
614 2725 749 2779 ἀλλὰ
773 2729 838 2799 τῇ
875 2730 1210 2800 προφητείᾳ,
1247 2731 1316 2801 ἢν
1348 2731 1583 2802 μάλιστα
1635 2733 1817 2786 ἔνθεον
1877 2734 2041 2800 αὐτὸς

464 2816 700 2881 ἐδέξατο.
732 2819 840 2871 Καὶ
872 2819 1053 2874 πάλινο
1105 2840 1123 2873 ι
1160 2822 1219 2875 Ὀ
1251 2821 1309 2874 δὲ
1367 2825 1425 2876 ὲν
1452 2827 1517 2895 τῇ
1550 2823 1679 2895 [185
1716 2825 1769 2897 b]
1797 2825 2041 2898 βασιλείᾳ

462 2909 571 2962 τῶν
591 2911 834 2983 οὐρανῶν
858 2913 1205 2985 μικρότερος,
1233 2915 1434 2985 μείζων
1451 2917 1615 2972 αὑτοῦ
1642 2918 1808 2971 ἐστιν.
1840 2938 1858 2969 ι
1889 2918 2042 2972 Ἐλε-

2129 1733 2299 1804 ipsam
2343 1751 2364 1785 ι
2420 1734 2590 1803 major
2651 1752 2670 1785 ι
2741 1735 2807 1788 ad
2874 1731 3140 1785 Deitatem
3200 1728 3543 1783 referendam
3592 1740 3700 1778 non

2129 1838 2254 1877 esse
2306 1822 2440 1895 (45).
2497 1821 2632 1877 Nam
2682 1823 2939 1877 Dominus
2990 1822 3116 1874 ait:
3167 1838 3186 1872 ι
3219 1821 3390 1874 Amen
3429 1817 3544 1888 (44)
3583 1817 3704 1871 dico

2129 1913 2281 1969 vobis
2316 1934 2329 1968 :
2361 1929 2467 1968 non
2518 1913 2754 1969 surrexit
2798 1914 2940 1968 inter
2993 1919 3152 1966 natos
3198 1909 3480 1964 mulierum
3529 1905 3704 1975 major

2129 2003 2333 2059 Joanne
2375 2004 2632 2073 Baptista.
2699 2022 2720 2058 ι
2768 2002 2875 2058 Sed
2921 2003 3066 2057 hunc
3123 1999 3382 2067 majorem
3425 2011 3548 2053 esse
3596 2010 3703 2055 non

2132 2097 2256 2152 ideo
2282 2097 2416 2152 dixit
2437 2097 2709 2161 Christus,
2743 2096 2886 2165 quod
2928 2093 3150 2148 alterius
3188 2100 3392 2146 natura:
3426 2097 3571 2145 esset
3605 2088 3701 2142 hu-

2133 2206 2289 2245 mana
2340 2191 2589 2257 majoris;
2623 2204 2811 2245 onmes
2849 2188 3017 2248 enim.
3046 2187 3135 2256 qui
3174 2185 3358 2239 virtuti
3396 2181 3700 2241 studebant,

2134 2291 2227 2335 aut
2254 2282 2488 2348 aequales
2511 2282 2610 2349 ipsi
2646 2287 2835 2343 erant,
2869 2287 2962 2331 aut
2988 2277 3145 2345 paulo
3180 2274 3481 2330 inferiores.
3516 2272 3593 2326 Ac
3634 2285 3706 2323 ne

2135 2389 2198 2428 ex
2231 2387 2295 2426 eo
2336 2372 2553 2440 quidem
2594 2371 2766 2440 major
2792 2370 2968 2424 dictus
3006 2377 3089 2423 est
3123 2366 3357 2421 Joannes
3379 2407 3394 2430 ,
3430 2363 3571 2433 quod
3607 2376 3703 2431 po-

2139 2466 2303 2520 tentia
2345 2465 2614 2533 superior,
2674 2472 2770 2517 aut
2813 2460 3164 2530 generatione
3217 2457 3486 2527 antiquior
3525 2454 3705 2518 foret;

2138 2557 2352 2627 triginta
2402 2555 2545 2610 enim
2572 2569 2745 2609 annos
2771 2555 2823 2608 in
2861 2553 3061 2609 mundo
3091 2552 3337 2617 vixerat;
3379 2555 3535 2603 erant
3579 2560 3708 2598 vero

2138 2652 2229 2718 qui
2285 2647 2532 2715 corporis
2586 2645 2781 2700 robore
2813 2653 2870 2700 et
2905 2658 3167 2698 annorum
3211 2654 3435 2696 numero
3464 2651 3586 2693 eum
3612 2650 3703 2689 su-

2140 2748 2409 2810 perarent.
2438 2738 2633 2792 Verum
2670 2751 2775 2793 non
2796 2737 2897 2791 hac
2936 2736 3144 2791 ratione
3174 2733 3429 2802 majorem
3473 2727 3710 2784 homini.

2140 2829 2242 2884 bus
2278 2843 2405 2883 eum
2443 2828 2599 2892 dixit,
2631 2827 2724 2883 sed
2767 2835 2989 2896 propter
3017 2824 3357 2895 prophetiam
3400 2820 3513 2892 (45)
3560 2835 3709 2876 sum-

2144 2935 2366 2991 mopere
2394 2920 2653 2986 divinam,
2694 2934 2858 2988 quam
2893 2919 3007 2987 ipse
3045 2924 3346 2986 acceperat.
3374 2914 3442 2969 Et
3474 2925 3701 2966 rursus:

448 3017 529 3075 ,γε
576 3002 633 3056 δὲ
675 3002 803 3074 περὶ
848 3004 1094 3058 Ἰωάννου
1158 3004 1254 3058 τοὺ
1310 3006 1633 3071 ἀποστόλου,
1689 3007 1782 3060 τοῦ
1828 3008 2042 3079 χρόνοις

2150 3030 2169 3064 ι
2211 2987 2316 3077 Qui
2375 3020 2554 3065 autem
2613 2987 2727 3078 (46)
2774 3008 2826 3062 in
2869 3022 3036 3077 regno
3074 3006 3335 3063 cmlorum
3393 3002 3570 3056 minor
3600 3009 3706 3063 est,

470 3095 570 3164 μὲν
601 3094 923 3167 μικροτέρου
975 3097 1223 3151 Ἰωάννου
1248 3096 1340 3151 τοῦ
1367 3099 1702 3170 Προδρόμου,
1734 3102 1799 3171 τῇ
1830 3099 1888 3153 δὲ
1914 3099 2043 3170 ἀξίᾳ

466 3185 567 3254 τῆς
590 3186 894 3258 ἀποστολῆς
923 3189 1186 3259 μείζονος.
1231 3208 1251 3240 ι
1294 3190 1484 3243 Ἔθετο
1516 3190 1625 3262 γὰρ
1646 3191 1674 3243 6
1705 3190 1836 3254 Θεὸς
1886 3192 1943 3242 ὲν
1974 3193 2041 3262 τῇ

478 3277 796 3350 Ἐκκλησία,
823 3297 843 3330 ι
887 3279 965 3342 ὡς
994 3278 1209 3344 Παύλος
1243 3281 1468 3352 γράφει,
1506 3300 1524 3331 ι
1562 3280 1778 3351 πρῶτον
1818 3280 2045 3333 ἀποστό-

468 3368 827 3433 λουςρέπειτα
875 3373 1180 3442 προφήτας.
1220 3389 1238 3421 ι
1295 3366 1432 3423 Εἵπε
1470 3370 1547 3434 δὲ,
1586 3388 1606 3421 ι
1657 3370 1745 3422 Ἐν
1778 3372 1844 3441 τῇ
1891 3369 2041 3442 βασιτ

469 3459 588 3532 λείᾳ
616 3460 722 3514 τῶν
753 3439 1001 3534 οὑρανῶν
1032 3439 1372 3534 μικρότερος,
1404 3480 1423 3514 ι
1455 3461 1619 3516 διὰτὸ
1643 3464 1700 3515 ὲν
1734 3439 2049 3534 βίϐλῳζώνξ

470 3569 576 3608 των
601 3552 819 3606 πάντων
861 3551 930 3605 τά
958 3554 1200 3624 ὀνόματα
1228 3552 1554 3625 γράφεσθαι,
1583 3554 1679 3607 καὶ
1698 3555 1775 3617 ὼς
1810 3571 2045 3624 μεταγε-

471 3642 728 3714 νεστέρου
761 3643 986 3707 εἰκότως
1016 3643 1244 3715 ὓστερον
1268 3643 1527 3715 τετάχθαι
1582 3644 1643 3697 τὺ
1664 3644 1825 3698 αὑτοῦ
1854 3646 2042 3715 ὄνομα.

473 3734 629 3798 τινὲς
676 3735 734 3787 δὲ
760 3735 822 3788 τὸ
854 3734 1020 3806 μέρος
1050 3735 1229 3800 τοῦτο,
1270 3737 1397 3809 περὶ
1442 3734 1536 3789 τοὺ
1589 3737 1858 3791 Δεστεότου
1889 3737 2048 3809 ἐνόη-

476 3840 601 3887 σαν,
630 3825 952 3896 μικρότερον
997 3825 1094 3897 μὲν
1128 3824 1271 3879 κατὰ
1304 3825 1402 3898 τὴν
1446 3825 1540 3878 τοὺ
1582 3824 1769 3879 δούλου
1808 3825 2046 3898 μορφὴν,
2099 3835 2104 3841 ’

480 3915 599 3976 καθ’
632 3915 698 3987 ἣν
732 3918 914 3988 ἥσσων
963 3916 1256 3989 προφητῶν
1300 3917 1397 3969 καὶ
1453 3917 1645 3988 ἱερέων
1697 3917 2049 3972 ὑπωπτεύετο

479 4007 786 4077 τυγχάνειν,
832 4007 1051 4079 μείζονα
1075 4008 1132 4060 δὲ
1158 4007 1298 4061 κατὰ
1335 4007 1433 4077 τὴν
1468 4007 1717 4079 θεότητα.
1749 4008 1912 4062 ’Ὥστε
1956 4009 2050 4061 καί⁵

480 4099 618 4153 κατὰ
636 4098 806 4153 ταῦτα
830 4099 892 4152 τὸ
920 4119 938 4151 ι
980 4100 1177 4169 μείζων
1202 4119 1222 4152 ι
1246 4098 1419 4153 καὶτὸ
1462 4117 1480 4150 ι
1515 4098 1734 4168 πέμψας
1778 4117 1797 4149 ι
1817 4098 1895 4169 τῷ
1916 4098 2051 4169 πρὸς

480 4188 569 4241 τὸν
600 4188 821 4260 Πατέρα
856 4189 1127 4260 ὀμοουσίῳ
1173 4189 1398 4260 μείωσιν
1440 4189 1501 4243 οὑ
1547 4192 1709 4242 ποιεῖ.
1764 4190 1871 4241 Καὶ
1914 4190 2050 4260 ὅπερ

2146 3101 2320 3169 major
2343 3099 2461 3168 ipso
2491 3106 2597 3152 est.
2637 3117 2654 3150 ι
2718 3096 2945 3152 Dicebat
2991 3106 3167 3151 autem
3204 3096 3306 3148 ista
3351 3092 3601 3148 Christus
3644 3090 3710 3144 de

2141 3191 2349 3250 Joanne
2415 3191 2694 3261 apostolo,
2775 3189 2865 3258 qui
2906 3197 3064 3243 aetate
3110 3187 3322 3258 quidem
3381 3182 3557 3239 minor
3593 3191 3711 3237 erat

2144 3282 2347 3339 Joanne
2364 3295 2719 3353 praecursore,
2745 3281 3004 3350 dignitate
3021 3289 3201 3334 autem
3236 3274 3567 3347 apostolatus
3592 3288 3709 3328 ma-

2138 3377 2245 3444 jor.
2277 3394 2295 3427 ι
2318 3374 2499 3430 Posuit
2528 3374 2640 3445 (47)
2662 3372 2805 3427 enim
2828 3370 2972 3451 Deus
3002 3371 3055 3426 in
3087 3370 3348 3433 Ecclesia,
3383 3388 3404 3421 ι
3427 3376 3485 3421 ιιι
3511 3365 3711 3419 Paulus

2145 3466 2372 3529 scribit,
2413 3485 2431 3517 ι
2480 3466 2712 3535 primum
2753 3462 3050 3532 apostolos,
3095 3461 3287 3516 deinde
3329 3458 3442 3531 (48)
3484 3456 3713 3527 prophe-

2150 3570 2254 3614 tas.
2286 3576 2305 3610 ι
2334 3556 2478 3611 Dixit
2504 3565 2682 3609 autem
2712 3594 2726 3616 ,
2764 3572 2783 3605 ς
2818 3553 2874 3608 ἰη
2907 3566 3072 3621 regno
3126 3551 3388 3607 caelorum
3445 3549 3647 3614 minor,
3688 3567 3706 3598 υ

2146 3650 2271 3720 quia
2301 3650 2355 3703 in
2386 3649 2521 3703 libro
2549 3646 2838 3700 viventium
2855 3644 3070 3698 nomina
3098 3643 3339 3698 omnium
3371 3640 3703 3702 scribuntur,

2149 3751 2205 3797 et
2249 3740 2418 3811 ipsius
2454 3748 2643 3808 utpote
2682 3736 2915 3807 junioris
2970 3748 3166 3791 nomen
3214 3733 3411 3789 merito
3447 3732 3716 3802 posterius

2147 3833 2381 3903 positum
2429 3840 2531 3887 est.
2566 3830 2795 3898 Quidam
2830 3843 2960 3883 vero
2986 3828 3130 3882 hunc
3169 3827 3363 3882 locum-
3387 3826 3453 3880 de
3486 3823 3715 3878 Domino

2151 3922 2546 3989 intellexerunt,
2599 3920 2940 3989 iuquientes,
2987 3931 3111 3971 eum
3175 3917 3441 3970 minorem
3498 3913 3713 3982 quidem

2149 4027 2267 4068 esse
2299 4012 2592 4067 secundum
2616 4009 2842 4065 formam
2873 4008 3036 4071 servi,
3060 4006 3111 4060 in
3139 4021 3243 4075 qua
3274 4005 3451 4060 minor
3479 4001 3715 4074 prophe-

2152 4103 2220 4158 tis
2268 4112 2321 4158 et
2363 4101 2733 4156 sacerdotibus
2772 4098 3091 4168 putabatur;
3152 4095 3409 4165 majorem
3451 4109 3578 4150 vero
3625 4110 3715 4149 se.

2150 4194 2383 4250 cundum
2430 4192 2703 4247 deitatem.
2757 4190 2941 4259 Itaque
2990 4188 3284 4244 secundum
3317 4188 3455 4242 hanc
3499 4199 3716 4255 quoque

475 4278 532 4331 δὲ
565 4280 777 4350 εἴρηται
823 4280 930 4350 πρὸ
970 4279 1220 4351 βραχέος,
1250 4280 1396 4333 δοκεῖ
1436 4298 1552 4343 πως
1585 4281 1612 4333 6
1638 4279 1844 4351 κομψίᾳ
1872 4280 2042 4348 λόγων

2153 4281 2574 4349 explicationem
2626 4282 2792 4335 verba
2852 4298 2872 4333 ι
2903 4279 3100 4348 major,
3161 4296 3181 4329 ι
3220 4285 3272 4331 et
3300 4294 3320 4327 ι
3360 4276 3452 4346 qui
3485 4275 3653 4340 misit,
3691 4293 3710 4327 ι

480 4368 774 4439 χρώμενος,
793 4370 929 4423 καὶὸ
954 4370 1133 4441 ἐαυτῷ
1158 4371 1244 4424 ἀεὶ
1269 4370 1555 4441 ἀπονέμων
1587 4370 1655 4424 τὰ
1677 4374 1918 4442 πρωτεῖα
1950 4373 2042 4426 καὶ

2150 4372 2765 4431 consubstantialitatem
2798 4370 2917 4440 ejus
2948 4385 3070 4425 cum
3104 4368 3267 4425 Patre
3306 4381 3411 4422 non
3442 4368 3715 4423 minuunt.

483 4458 645 4530 τιμὴν
666 4458 927 4523 ἀπαιτῶν,
957 4460 1131 4532 οἴησιν
1157 4459 1318 4529 ἔχειν’
1348 4459 1453 4530 ἡδὲ
1480 4459 1676 4530 οἴησις,
1707 4460 2053 4531 ὑπερηφανία

483 4550 567 4614 τίς
621 4553 786 4605 ἐστιν.
844 4552 1006 4606 Οὐδὲν
1064 4552 1122 4606 δὲ
1180 4552 1286 4624 πρὸ
1341 4551 1441 4621 τῆς
1505 4552 1884 4624 ὑπερηφανίας
1929 4555 2051 4625 ὴτί-

485 4656 672 4711 μασεν·
726 4640 848 4693 οὑδὲ
876 4640 984 4711 γὰρ
1039 4640 1281 4710 μείζονος
1346 4640 1543 4710 μᾶλλον
1585 4640 1735 4709 μέλει
1780 4640 1858 4712 τῷ
1907 4643 2049 4714 Θεῷ,

480 4733 513 4803 ἢ
552 4734 762 4804 μήποτε
800 4733 958 4786 πλέον
1008 4733 1102 4785 τοὺ
1148 4732 1491 4803 μικροτέρου.
1530 4732 1681 4801 Ἔχει
1728 4732 1836 4804 γὰρ
1883 4732 2048 4800 ἅπαξ,

481 4825 582 4878 κᾶν
615 4823 774 4888 αὑτὸς
804 4824 876 4894 μὴ
897 4823 1053 4895 λέγῃ,
1090 4821 1368 4891 σύμφυτον
1408 4821 1468 4874 τὸ
1513 4819 1715 4891 μεῖζον·
1762 4822 1855 4875 καὶ
1878 4823 2050 4886 οὐδεὶς

482 4915 588 4969 τῶν
629 4915 983 4984 εὐγνωμόνων
1028 4913 1157 4984 περὶ
1190 4912 1376 4965 τούτου
1425 4910 1778 4982 ἀμφισϐητεῖ.
1814 4914 1888 4963 Δι’
1916 4911 1951 4965 ἃ
1982 4912 2046 4982 δή

484 5024 663 5079 φησιν⁸
701 5027 719 5059 ι
766 5005 891 5060 Ἐὰν
911 5004 1021 5075 ἐγὼ
1035 5003 1257 5076 ἐμαυτῷ
1290 5003 1625 5076 μαρτυρῶ,ή
1654 5004 1925 5075 μαρτυρία
1949 5021 2051 5074 μου

558 5250 668 5320 (49.)
712 5248 840 5320 Ego.
873 5248 1028 5320 Joan.
1058 5265 1177 5320 vni,
1209 5249 1297 5305 49.
1333 5250 1476 5320 Lege
1521 5257 1767 5303 catenam
1796 5247 1851 5302 in
1883 5247 2053 5303 Joan-

487 5318 599 5373 nem
629 5318 773 5383 xvtt,
798 5321 847 5381 l,
884 5319 970 5372 ubi
1010 5319 1185 5373 aliiuia
1226 5321 1382 5374 docet
1414 5318 1696 5389 Didymus.

561 5390 669 5461 (45)
684 5389 1035 5461 Βρίεηηάαηι
1057 5405 1157 5461 non
1174 5406 1301 5443 esse.
1324 5386 1638 5461 Codex,'toi5
1663 5389 1739 5461 μὴ
1762 5387 2039 5453 κατά,εισ.

487 5457 790 5528 Legendnm
819 5460 1029 5511 videtur
1056 5457 1118 5511 τό
1146 5475 1242 5526 pro
1266 5458 1382 5513 τοῦ.

560 5528 671 5650 (44)
710 5527 892 5581 Amen.
923 5528 1108 5581 Matth.
1153 5544 1225 5610 XI,
1256 5529 1340 5581 ll.

583 5598 672 5650 45)
720 5596 938 5650 Propter
984 5604 1323 5650 nrovhenam.

720 5596 938 5670 Propter
983 5600 1323 5670 prophetiam.
1389 5598 1552 5670 Recte
1599 5611 1955 5670 ateronyttttts
1992 5598 2045 5651 in

494 5666 628 5719 libro
654 5666 843 5719 contra
888 5666 1249 5728 Lucifer-ianos
1278 5682 1426 5721 num.
1476 5668 1526 5720 7.
1570 5685 1588 5717 ι
1612 5666 1814 5729 Αιιιίὶ,ἰ
1851 5669 2041 5735 inquit,

501 5735 819 5790 (Dominum
860 5735 1199 5803 loquentem:
1234 5734 1390 5789 «Non
1438 5746 1521 5790 est
1565 5738 1616 5790 in
1666 5738 1808 5792 natis
1861 5734 2048 5791 mulie-

499 5819 614 5861 rum
665 5803 831 5876 major
874 5802 1082 5862 Joanne
1123 5804 1422 5875 Baptista.)
1460 5805 1603 5863 Nulli
1636 5808 1779 5866 enim
1828 5807 2049 5873 contigit

2153 4465 2224 4522 Ut
2253 4475 2433 4520 autem
2461 4463 2617 4534 paulo
2645 4472 2771 4517 ante
2792 4460 2906 4529 jam
2934 4461 3136 4517 dictum
3161 4467 3275 4523 est,
3309 4458 3400 4528 qui
3434 4457 3576 4512 fastu
3595 4455 3717 4528 (ιθ)

2152 4558 2440 4612 verborum
2475 4555 2645 4610 utitur
2669 4568 2733 4610 ac
2764 4553 2968 4622 primas
2998 4549 3319 4620 sibimetipsi
3356 4558 3714 4618 partessem-

2154 4663 2253 4719 per
2273 4647 2542 4711 attribuit,
2579 4655 2742 4714 atque
2769 4643 3029 4698 honorem
3052 4642 3261 4719 exigit;
3315 4640 3363 4695 is
3399 4640 3565 4693 animi
3602 4638 3719 4698 clas.

2163 4714 2364 4791 tionem
2417 4734 2815 4804 quodammodo
2847 4732 3048 4787 habere
3077 4714 3335 4787 videtur:
3384 4728 3552 4784 animi
3610 4744 3716 4784 au-

2155 4834 2263 4880 tem
2292 4824 2456 4880 elatio
2488 4834 2570 4880 est
2587 4823 2857 4892 quoddam
2898 4821 3162 4890 superbiae
3183 4834 3355 4889 genus
3382 4837 3395 4873 :
3423 4817 3555 4874 nihil
3586 4831 3717 4872 vero

2157 4914 2349 4983 magis,
2399 4929 2562 4983 quam
2600 4914 2944 4984 superbiam,
2976 4910 3250 4982 despectui
3284 4910 3468 4965 haberi
3505 4909 3716 4964 voluit:

2158 5020 2331 5075 neque
2374 5006 2519 5060 enim
2543 5003 2683 5075 ejus,
2735 5004 2828 5073 qui
2874 5002 3049 5073 major
3077 5001 3187 5067 sit,
3233 5000 3488 5069 majorem
3532 5012 3718 5054 curam

2155 5246 2538 5315 prophetarum
2572 5254 2626 5300 et
2656 5244 2978 5299 annuntiare
3002 5242 3296 5309 Christum,
3339 5250 3395 5300 et
3422 5243 3590 5313 digito
3627 5244 3721 5300 dea

2157 5324 2479 5371 monstrare.
2504 5334 2523 5368 ι

2228 5385 2341 5455 (ιϐ)
2383 5385 2485 5455 Qui
2512 5392 2711 5455 autem.
2741 5383 2930 5438 Matth.
2956 5397 3033 5455 ξι,
3063 5381 3150 5437 ll.

2242 5451 2332 5523 47)
2369 5454 2621 5508 Posuit.l
2676 5454 2798 5508 Cor.
2831 5468 2928 5515 xu,
2952 5451 3041 5523 28.

2242 5519 2333 5595 48)
2373 5524 2589 5578 Deinde.
2618 5523 2806 5579 Graeca
2833 5526 2943 5586 ed.,
2976 5520 3252 5593 δεύτερον,
3278 5519 3332 5575 id
3356 5528 3441 5576 est
3470 5537 3491 5573 ι
3521 5534 3718 5575 secun-

2152 5594 2566 5735 doi;9)_Fauu.
2601 5662 2808 5724 Codex,
2851 5658 3285 5735 xopakiaugego,
3317 5658 3574 5735 κομψείᾳ.
3608 5656 3722 5718 Hoc

2152 5727 2531 5859 sensn'ﬁ'ollrx
2570 5735 2664 5790 lib.
2708 5747 2783 5801 vr,
2835 5727 3006 5807 seg'm'.
3033 5727 3166 5797 125,
3198 5727 3407 5793 κομψόν
3443 5727 3723 5789 ιίιιςιιιιυ-

2155 5819 2267 5861 rem
2292 5822 2311 5856 ι
2379 5819 2452 5859 txt
2481 5840 2497 5859 .
