4056 6402
323 365 427 420 887

1553 365 1787 422 DlDYMl
1830 366 2304 423 ALEXANDBINI

3468 359 3572 421 888

324 480 490 536 habet
526 479 701 548 Deus;
739 490 836 534 aut
868 480 1097 536 fortasse
1133 482 1245 553 (50)
1304 483 1478 553 major
1509 485 1607 553 ipsi
1644 500 1774 540 cura
1807 498 1893 542 est

2007 488 2096 542 hinc
2158 487 2307 541 ἐστιν
2366 485 2606 558 ἀληθής·
2674 486 2824 542 ἔστιν
2869 489 2898 542 ὁ
2949 486 3140 557 Πατήρ
3337 484 3367 538 ὁ
3433 499 3573 554 μαρ-

315 571 384 623 tle
411 583 477 623 eo
497 570 588 639 qui
606 570 784 625 minor
810 570 980 641 386
995 572 1085 625 sit.
1115 572 1288 628 liabet
1322 574 1467 628 enim
1497 576 1611 645 ipse
1640 579 1886 643 omnino,

316 662 416 715 e-tsi
466 662 519 716 id
558 676 663 715 non
710 662 874 727 dicat,
928 677 991 717 ex
1056 675 1244 718 natura
1305 681 1427 729 sua,
1469 677 1525 720 ut
1571 668 1744 739 major
1778 674 1886 737 sit;

1985 579 2166 650 τυρῶν
2199 596 2309 650 μοι.
2346 597 2365 630 ι
2386 578 2522 631 Ἀλλ’
2545 578 2632 632 ἵνα
2665 580 2741 652 μὴ
2753 581 2850 633 καὶ
2873 578 3033 633 τοῦτο
3055 577 3193 649 πρὸς
3213 576 3573 648 σμικρόιητος

1985 668 2149 723 αὐτοῦ
2177 668 2480 739 νομισθείη,
2503 667 2730 739 ἑτέρωθι
2766 667 2933 734 λέγει·
2966 688 2984 722 ι
3025 667 3145 722 Κᾶν
3166 664 3277 736 ἐγὼ
3317 662 3573 736 μαρτυρῶ

316 767 417 806 nec
465 766 653 806 eorum
704 752 795 822 qui
835 760 981 808 recte
1028 754 1305 818 sentiunt,
1355 755 1641 825 quisquam
1685 760 1750 812 de
1785 758 1889 814 hoc

2007 758 2228 830 ιμαυτῷ,
2266 760 2299 830 ἡ
2344 757 2616 830 μαρτυρία
2655 775 2758 829 μου
2806 758 3015 829 ἀληθής
3049 758 3216 811 ἐστιν.
3286 774 3303 808 t
3345 757 3458 809 Kal
3515 758 3572 809 ὲν

316 841 544 896 dubitat.
567 839 739 905 Quam
761 843 831 898 ob
844 858 1058 897 causam
1090 846 1167 900 ait
1197 863 1211 900 :
1236 865 1255 897 ι
1279 846 1333 901 Si
1359 865 1458 919 ego
1482 850 1594 922 (51)
1614 851 1889 907 mihimet-

1984 850 2063 922 τῷ
2099 848 2300 922 πρώτῳ
2342 849 2400 903 δὲ
2447 849 2593 921 λόγῳ
2641 850 2843 914 ἱκανῶς
2893 849 3107 921 ἐδείχθη
3153 849 3284 920 περὶ
3343 846 3472 919 [186
3515 845 3571 921 αξ

317 933 420 1000 ipsi
455 934 819 990 testimonium
854 936 1134 1003 perbibco,
1170 939 1537 995 testimonium
1568 956 1747 996 meum
1775 958 1882 997 non

2007 941 2084 995 ιοῦ
2103 960 2123 993 ι
2146 942 2366 1012 μείζων,
2388 961 2408 994 ι
2428 942 2563 1012 μήτε
2581 941 2702 994 κατ’
2714 940 2921 1004 οὐσίαν,
2940 941 2973 1011 ἢ
2996 940 3247 1011 δύναμιν.
3263 937 3577 1010 ἦδόξαντὴν

318 1035 402 1078 est
435 1040 663 1092 verum;
704 1035 788 1080 est
820 1026 981 1083 Pater
1013 1045 1184 1095 meus,
1225 1033 1316 1100 qui
1356 1033 1721 1089 testimonium
1762 1049 1886 1104 per-

1994 1035 2108 1090 άνω
2136 1033 2407 1108 εἰρῆσθαι.
2440 1035 2608 1088 Φασὶν
2630 1032 2689 1087 δὲ
2719 1033 2811 1087 καὶ
2831 1034 2879 1087 οἱ
2895 1031 3025 1104 παρ’
3056 1031 3313 1101 Ἕλλησιν
3340 1029 3573 1100 δόκιμοι·

319 1115 466 1170 bibet
527 1119 680 1173 mibi.
727 1139 747 1172 ι
791 1119 899 1176 Sed
947 1137 1015 1177 ue
1046 1123 1170 1194 quis
1231 1125 1332 1181 boc
1398 1128 1561 1182 etiam
1624 1127 1696 1183 ob
1757 1129 1876 1198 ejus
1922 1130 2244 1199 parvitatem
2281 1131 2350 1186 ab
2382 1130 2498 1199 ipso
2530 1129 2731 1184 dictum
2765 1137 2951 1197 putet,
3012 1127 3140 1181 alibi
3179 1127 3255 1180 ait
3300 1143 3314 1180 :
3356 1143 3375 1177 ι
3412 1125 3478 1179 Et
3528 1129 3571 1184 si

318 1224 419 1276 ego
456 1210 568 1284 (52)
594 1213 957 1269 testimonium
1006 1218 1267 1287 perbibeo
1299 1220 1683 1290 mihimetipsi,
1719 1222 2088 1278 testimonium
2114 1238 2291 1278 meum
2313 1237 2502 1278 verum
2520 1224 2757 1277 estaAst
2782 1222 2834 1275 in
2860 1221 3033 1290 primo
3048 1219 3210 1273 etiam
3266 1217 3411 1288 λόγῳ
3464 1217 3573 1290 (55)

319 1302 454 1357 satis
495 1314 773 1359 ostensum
844 1314 963 1372 est,
1017 1309 1307 1365 dictionem
1371 1312 1514 1366 hanc
1572 1330 1591 1364 ι
1626 1312 1798 1381 major
1831 1331 1852 1366 ι
1908 1329 2084 1384 neque
2106 1327 2349 1383 respectu
2375 1314 2659 1380 essentia,
2699 1329 2798 1368 nec
2831 1322 3078 1383 respectu
3127 1311 3413 1382 potentiae,
3481 1327 3575 1368 nec

321 1389 567 1463 l'espectu
596 1395 779 1460 gloria:
812 1400 1049 1457 caelestis
1073 1402 1269 1458 dictam
1302 1402 1488 1461 fuisse.
1535 1405 1673 1473 Quin
1708 1408 1870 1462 etiam
1910 1408 2014 1463 viri
2050 1408 2190 1477 apud
2217 1407 2437 1463 Graecos
2475 1407 2684 1476 probati
2712 1407 2864 1460 aiunt
2897 1421 2914 1461 :
3556 1409 3566 1421 ⁴

324 1482 650 1543 Immortalis
682 1506 804 1545 vero
860 1490 1026 1557 Deus,
1084 1510 1357 1567 supremus
1393 1500 1445 1552 in
1513 1500 1702 1553 aethere
1748 1502 1898 1555 habi-

326 1622 691 1698 Incorrupttts,
741 1634 1106 1699 inconcussus,
1148 1646 1405 1703 aeternus,
1455 1568 1893 1709 scmperlls‘ii’mis.

937 1725 1091 1782 CAP.
1141 1726 1286 1786 XIX.

394 1810 514 1866 Aiia
555 1828 768 1885 quoque
821 1829 949 1873 sunt
1010 1819 1063 1874 in
1133 1818 1432 1892 Scripturis
1481 1823 1737 1888 oracula,
1780 1836 1902 1895 quae

327 1903 564 1962 haeretici
591 1924 699 1964 non
720 1923 787 1965 eo
811 1925 973 1966 sensu
1007 1922 1352 1982 acceperunt,
1383 1916 1476 1985 qui
1518 1916 1791 1985 supremis
1845 1928 1904 1973 et

328 1993 962 2064 incomprehensibilibus
1036 1999 1418 2072 bypostasibus
1476 2003 1673 2075 dignus
1731 2015 1897 2061 esset.

331 2082 650 2154 Huiusmodi
689 2096 774 2144 est
798 2088 967 2144 illud:
1004 2107 1025 2142 ι
1055 2088 1217 2147 Pater
1240 2091 1355 2164 (54)
1395 2094 1713 2149 mandatum
1745 2094 1897 2150 dedit

331 2176 489 2245 mibi,
516 2177 647 2248 quid
685 2179 882 2244 dicam,
910 2182 1109 2250 etquid
1136 2181 1344 2253 loquar.
1398 2202 1417 2237 ι
1449 2183 1581 2241 Tale
1617 2195 1702 2241 est
1729 2187 1893 2242 etiam

332 2270 475 2338 quod
496 2270 564 2325 de
591 2267 796 2339 Spiritu
837 2283 1029 2327 sancto
1068 2273 1269 2329 dicitur
1300 2298 1311 2330 :
1341 2293 1360 2326 ι
1395 2279 1435 2329 A
1458 2277 1749 2348 semetipso
1788 2278 1900 2350 (55)

336 2374 443 2419 non
474 2359 745 2430 loquetur,
781 2363 878 2418 sed
922 2364 991 2417 de
1021 2379 1141 2419 meo
1174 2366 1434 2436 accipiet,
1476 2378 1527 2423 et
1562 2370 1903 2425 annuntiabit

333 2450 558 2519 vobisp
591 2460 647 2509 et
673 2454 817 2524 quod
850 2454 977 2510 alibi
1010 2455 1206 2527 legitur
1235 2476 1249 2512 :
1281 2476 1301 2509 ι
1344 2458 1456 2529 Ego
1480 2475 1509 2514 a
1544 2475 1628 2516 me
1654 2463 1766 2531 ipso
1789 2462 1902 2533 (56)

333 2544 545 2601 locutus
604 2560 710 2601 non
770 2562 940 2615 sum;
999 2568 1018 2602 ι
1081 2562 1137 2606 et
1186 2566 1454 2606 rursum:
1506 2570 1526 2603 ι
1576 2551 1728 2608 Sicut
1788 2554 1901 2627 (57)

334 2637 612 2693 mandavit
638 2638 769 2695 mihi
786 2638 965 2706 Pater,
999 2643 1073 2695 ita
1106 2641 1279 2709 facio;
1320 2661 1339 2695 ι
1368 2652 1420 2698 et
1452 2659 1682 2700 rursus:
1722 2665 1740 2695 ι
1778 2647 1906 2702 Ser-

335 2747 425 2788 mo
454 2730 589 2805 (58),
624 2738 783 2805 quem
821 2736 1042 2803 auditis,
1069 2751 1175 2791 non
1202 2745 1288 2792 est
1311 2752 1496 2801 meus,
1528 2738 1623 2791 Sed
1657 2737 1774 2807 ejus
1811 2737 1903 2807 qui

344 2822 499 2877 misit
542 2840 647 2879 me.
703 2843 723 2877 ι
755 2825 822 2879 Et
845 2841 965 2895 qua:
1013 2827 1057 2882 is
1104 2826 1282 2881 aﬂinia
1319 2837 1462 2881 sunt.
1506 2826 1727 2884 Talibus
1759 2829 1903 2883 enim

336 2911 700 2971 locutionibus
725 2931 854 2972 usus
871 2927 955 2971 est
982 2916 1264 2982 Dominus,
1284 2929 1553 2988 quatenus
1570 2918 1800 2973 Verbum
1822 2929 1905 2975 est

334 3001 554 3073 Patris;
595 3008 739 3077 quod
788 3010 1083 3064 ostendere
1116 3008 1273 3065 nobis
1304 3009 1466 3064 vellet
1508 3010 1771 3064 unitatem
1802 3025 1904 3065 na-

2013 1500 2332 1568 Ἀθάνατος
2370 1500 2441 1555 δὲ
2477 1501 2624 1567 Θεὸς
2671 1497 3125 1568 παηπέρτατος
3160 1496 3348 1566 αἰθέρι
3372 1497 3573 1562 ναίων,

2005 1640 2305 1708 Ἀερθιτος,
2334 1638 2793 1710 ἀστυφέλικτος,
2831 1636 3040 1704 ἀΐδιος,
3068 1636 3198 1691 αίὲν
3222 1636 3441 1707 ὅμοιος.

2646 1732 2803 1784 ΚΕΦ.
2833 1731 2935 1786 ιϐ’.

2075 1821 2188 1876 Οὐκ
2226 1820 2479 1891 ἐνόησαν,
2538 1820 2612 1883 ὡς
2664 1820 2810 1873 ἐστιν
2849 1820 2940 1873 ἐπὶ
2975 1819 3084 1872 τῶν
3128 1816 3442 1889 ἀκροτάτων
3487 1814 3577 1868 καὶ

2001 1913 2374 1984 ἀπερινοήτων
2413 1912 2763 1966 ὑποστάσεων
2801 1911 2979 1983 θέμις,
3020 1910 3222 1973 καὶτὸ,
3255 1930 3274 1962 ι
3314 1910 3371 1963 '0
3395 1910 3578 1979 Πατὴρ

2003 2003 2222 2075 ἐντολήν
2248 2020 2337 2074 μοι
2377 2003 2628 2065 δέδωκεν,
2668 2002 2723 2056 τί
2751 2003 2908 2062 εῐπω,
2939 2002 3100 2055 καὶτί
3135 2000 3371 2072 λαλήσω.
3402 2021 3420 2054 ι
3450 2000 3582 2071 Περὶ

2002 2093 2061 2149 δὲ
2089 2095 2185 2149 τοῦ
2227 2095 2381 2164 ἁγίου
2418 2093 2758 2165 Πνεύματος·
2805 2112 2825 2143 ι
2868 2095 2987 2164 Ἀφ’
3017 2092 3212 2147 ἑαυτοῦ
3238 2094 3297 2146 οὐ
3338 2092 3579 2164 λαλήσει,

2002 2185 2118 2241 ἀλλ’
2158 2189 2223 2240 ὲκ
2255 2186 2347 2241 τοῦ
2390 2186 2525 2257 ἐμοῦ
2546 2186 2797 2258 λήψεται,
2822 2187 2914 2240 καὶ
2940 2186 3231 2255 ἀναγγελεῖ
3261 2186 3408 2258 ὑμῖν·
3435 2204 3453 2236 ι
3490 2184 3581 2238 καὶ

2004 2278 2247 2350 ἑτέρωθι·
2280 2299 2299 2330 ι
2342 2277 2484 2347 Ἐγὼ
2520 2278 2617 2333 ἀπ’
2655 2277 2893 2349 ἐμαυτοῦ
2913 2278 3013 2332 οὐκ
3038 2278 3293 2349 ἐλάλησα·
3329 2297 3348 2330 ι
3369 2278 3462 2331 καὶ
3478 2276 3584 2330 πά-

2002 2370 2107 2423 λιν·
2142 2389 2161 2421 ι
2202 2368 2397 2434 Καθὼς
2430 2369 2731 2423 ἐνετείλατό
2754 2371 2887 2438 μοιό
2924 2368 3132 2441 Πατὴρ.
3168 2367 3340 2431 οὕτως
3372 2366 3529 2421 ποιῶ·
3559 2386 3577 2419 ι

2004 2462 2100 2515 καὶ
2129 2460 2310 2516 πάλιν·
2345 2479 2365 2511 ι
2424 2460 2482 2515 '0
2529 2460 2687 2529 λόγος
2724 2461 2783 2515 ὃν
2813 2460 3063 2525 ἀκούετε,
3104 2461 3204 2514 οὐκ
3246 2460 3392 2513 ἐστιν
3429 2458 3579 2529 ἐμὸς,

2004 2554 2140 2608 ἀλλά
2168 2553 2262 2608 τοῦ
2287 2554 2603 2626 πέμψαντός
2627 2571 2714 2625 με·
2747 2573 2764 2607 ι
2794 2554 2889 2607 καὶ
2910 2555 3012 2608 ὅσα
3042 2552 3287 2606 τοιαῦτα.
3315 2550 3584 2614 Τοιούτοις

2004 2645 2115 2717 γὰρ
2145 2648 2414 2717 ἐχρήσατο
2438 2646 2673 2716 ῥήμασιν
2709 2646 2739 2697 ὁ
2775 2645 3072 2713 Δεσπότης.
3104 2644 3180 2705 ὡς
3217 2643 3373 2711 λόγος
3391 2642 3465 2695 ῶν
3492 2641 3584 2695 τοῦ

2005 2735 2236 2808 Πατρδς,
2262 2737 2595 2803 ἐνδείξασθαι
2634 2739 2763 2808 ἡμῖν
2789 2735 3114 2808 βουλόμενος
3152 2735 3250 2805 τὴν
3282 2735 3472 2788 ἕνωσιν
3488 2732 3586 2804 τῆς

2006 2828 2240 2898 φύσεως,
2274 2829 2367 2882 καὶ
2388 2829 2487 2900 τὴν
2524 2829 2762 2900 ἄρρητον
2779 2827 3098 2899 συμφωνίαν
3117 2830 3214 2899 τῆς
3246 2826 3407 2893 ἁγίας
3424 2824 3587 2894 Τριά-

2004 2918 2113 2982 δος,
2147 2918 2240 2971 καὶ
2268 2917 2344 2981 ὡς
2380 2918 2538 2971 κοινὰ
2574 2919 2742 2988 αὐτῆς
2776 2919 2895 2970 ἐστι
2946 2917 3017 2971 τὰ
3040 2917 3365 2989 διδάγματα,
3398 2916 3491 2969 καὶ
3524 2913 3585 2969 οῦ

2006 3008 2288 3063 διεστῶτα.
2334 3010 2448 3063 Πᾶν
2470 3009 2580 3082 γὰρ
2609 3009 2835 3079 κτίσμα,
2877 3008 2973 3061 ἐὰν
3076 3008 3314 3078 λογικὸν,
3356 3007 3469 3079 ἔχει
3501 3007 3589 3060 θέ-

339 3106 495 3163 turre,
523 3098 918 3156 etinell‘abilem
945 3103 1293 3157 concordiam
1327 3117 1758 3173 consensumque
1780 3118 1905 3159 san-

2007 3102 2159 3173 λημα
2187 3101 2337 3155 ἴδιον·
2360 3101 2409 3168 ὃ,
2443 3102 2519 3166 ὡς
2543 3101 2853 3174 γέγραπται
2874 3140 2889 3160 .
2915 3098 3293 3169 κατασιγάζει.
3311 3099 3399 3153 ἴνα
3412 3099 3473 3152 τὸ
3492 3097 3585 3152 τοῦ

344 3204 448 3248 cla
470 3189 782 3259 Trinitatis;
820 3204 877 3250 et
896 3196 1039 3263 quod
1066 3195 1240 3265 ipsius
1262 3194 1548 3251 Trinitatis
1586 3197 1907 3251 documenta

338 3285 502 3339 trium
532 3298 885 3354 personarum
907 3289 1216 3341 communia
1244 3289 1373 3355 sint,
1397 3303 1502 3343 non
1520 3303 1651 3343 vero
1671 3288 1906 3346 diversa.

336 3374 474 3430 Nam
503 3375 681 3431 omnis
700 3386 973 3441 creatura,
1005 3376 1052 3432 si
1085 3376 1249 3433 fuerit
1280 3379 1591 3442 rationalis,
1624 3380 1900 3448 propriam

339 3466 505 3522 habet
550 3467 910 3532 voluntatem,
961 3470 1080 3533 cui,
1134 3478 1193 3524 ut
1239 3472 1494 3539 scriptum
1535 3481 1620 3524 est
1650 3470 1798 3541 (59).
1847 3471 1915 3524 si-

2008 3193 2143 3247 Θεοῦ
2166 3192 2375 3264 θέλημα
2401 3192 2552 3264 εἴπῃ.
2594 3192 2685 3246 Διὸ
2709 3192 2839 3245 ποτὲ
2863 3193 2961 3263 μὲν
2986 3193 3055 3247 τά
3097 3191 3288 3246 ἑαυτοῦ
3319 3190 3471 3245 λαλεῖ
3494 3191 3588 3244 καὶ

2011 3289 2172 3353 ποιεῖ,
2196 3287 2324 3341 ποτὲ
2340 3287 2396 3340 δὲ
2409 3285 2477 3339 τὰ
2498 3285 2589 3339 τοῦ
2608 3286 2763 3339 Θεοῦ·
2784 3287 2877 3339 καὶ
2892 3286 2972 3349 είς
2985 3285 3103 3339 ἔνια
3121 3285 3219 3355 μὲν
3236 3283 3495 3356 συμπνέει
3514 3282 3590 3354 τῷ

2009 3379 2180 3450 ὁμοίῳ
2200 3376 2503 3448 ἀνθρώπῳ·
2533 3378 2612 3441 είς
2642 3376 2757 3431 ἔνια
2791 3377 2870 3443 δὲ,
2891 3376 3057 3448 ἔτερα
3088 3375 3358 3448 βούλεται.
3398 3374 3455 3429 '0
3480 3374 3590 3446 γὰρ

2011 3468 2146 3531 Θεὸς
2193 3468 2367 3538 Λόγος
2401 3467 2756 3539 ἑξουσιαστὴς
2788 3466 2865 3521 ὢν
2902 3468 2995 3520 καὶ
3027 3468 3212 3537 σοφία,
3250 3466 3328 3520 ἔτι
3363 3465 3469 3539 μὴν
3498 3466 3591 3519 καὶ

340 3559 565 3613 lentium
610 3558 829 3625 indicit,
860 3568 923 3614 ut
948 3575 1017 3615 ex
1050 3559 1144 3615 Dei
1173 3560 1448 3617 voluntate
1478 3560 1753 3629 loquatur.
1790 3561 1905 3616 ldeu

2011 3559 2073 3613 τὸ
2114 3558 2270 3628 άγιον
2302 3557 2533 3628 Πνεῦμα
2564 3557 2661 3611 τοῦ
2691 3556 2826 3611 Θεοῦ
2861 3558 3295 3630 ἐκπορευόμενον
3329 3558 3459 3629 παρ’
3490 3556 3588 3609 αὐ-

344 3659 638 3727 aliquando
666 3657 885 3729 quidem
915 3672 1037 3728 quae
1077 3674 1171 3714 sua
1216 3667 1379 3723 sunt,
1402 3658 1642 3728 loquitur
1666 3667 1722 3713 et
1748 3657 1910 3711 facit:

2014 3649 2142 3714 τοῦ,
2178 3650 2273 3703 καὶ
2322 3649 2466 3703 κατὰ
2507 3649 2601 3703 τὸν
2646 3649 2994 3712 Ἀπόστολον,
3051 3649 3286 3722 ἐρευνῶν
3329 3647 3401 3702 τὰ
3449 3647 3589 3721 βάθη

347 3745 644 3813 aliquando
696 3760 827 3802 vero
889 3761 1009 3815 quae
1055 3756 1180 3802 sunt
1232 3746 1368 3813 Dei;
1430 3757 1485 3801 et
1548 3747 1601 3801 in
1645 3746 1905 3817 aliquibus

2015 3742 2204 3810 αὑτοῦ,
2247 3743 2342 3797 καλ⁵
2390 3742 2551 3814 μόνον
2581 3742 2720 3806 είδός
2751 3743 2821 3795 τὰ
2851 3742 2947 3795 τοῦ
2978 3739 3138 3804 Θεοῦ,
3175 3741 3296 3796 κατ’
3344 3741 3593 3808 ἐξουσίαν

341 3834 507 3905 387
538 3835 754 3905 quidem
783 3838 945 3892 rebus
974 3838 1253 3907 conspirat
1282 3853 1405 3893 cum
1443 3840 1661 3895 homine
1703 3839 1804 3894 sibi
1843 3839 1918 3893 si-

345 3925 480 3992 mili,
510 3926 563 3980 in
599 3926 872 3996 aliquibus
901 3943 1048 3995 vero,
1081 3930 1183 3983 alia
1215 3930 1346 3984 vult.
1401 3929 1537 3985 Nam
1586 3928 1726 3985 Deus
1780 3929 1912 3985 Ver-

2022 3835 2263 3907 παρέχον
2304 3834 2403 3898 τὰς
2441 3833 2595 3899 θείας
2647 3834 2880 3906 δωρεὰς,
2928 3835 3030 3888 οὐκ
3074 3832 3202 3906 1184
3236 3831 3290 3906 b]
3332 3831 3592 3904 ἀναμένει

2017 3927 2274 3993 ἀκοῦσαι,
2316 3927 2411 3980 καὶ
2458 3926 2632 3989 οὕτως
2681 3928 2878 3990 εἰπεῖν,
2915 3924 2949 3997 ἢ
2988 3926 3237 3995 ποιῆσαι.
3275 3925 3351 3988 ὡς
3380 3924 3448 3978 τὰ
3477 3921 3593 3977 κτί-

346 4016 475 4069 bum
505 4030 627 4070 cum
654 4018 727 4072 sit
772 4011 1091 4074 Dominator
1116 4029 1172 4073 et
1203 4016 1500 4088 Sapientia,
1533 4029 1751 4074 sanctus
1787 4034 1905 4073 verc

2019 4033 2202 4089 σματα
2223 4034 2236 4047 ·
2268 4016 2411 4088 ἅπερ
2441 4015 2687 4084 πέφυκεν
2715 4016 2777 4068 οὐ
2810 4015 2973 4086 μόνον
3004 4014 3097 4069 τοῦ
3124 4013 3260 4068 Θεοῦ
3291 4015 3353 4067 τὸ
3382 4013 3595 4088 θέλημα

345 4104 443 4159 Dei
475 4105 710 4176 Spiritus
738 4122 863 4163 cum
890 4123 954 4161 ex
982 4109 1101 4179 ipso
1129 4108 1406 4179 procedat,
1431 4117 1485 4163 et
1515 4106 1668 4176 juxta
1693 4108 1919 4178 Aposto-

2019 4112 2254 4179 ἀγνοεῖν,
2286 4108 2400 4161 ἀλλ’
2430 4108 2542 4161 ἐσθ’
2572 4110 2660 4163 ὅτε
2690 4108 2786 4161 καὶ
2812 4108 2889 4179 μὴ
2914 4109 3090 4161 ποιεῖν
3111 4125 3126 4139 ·
3151 4108 3227 4172 ὡς
3248 4108 3412 4179 ἡνίκα
3434 4106 3590 4178 λέγῃ,

348 4199 456 4252 lum
488 4208 763 4254 scrutetur
794 4200 1059 4270 profunda
1077 4202 1214 4271 ejus,
1237 4210 1293 4256 et
1320 4200 1465 4256 solus
1486 4201 1621 4256 sciat
1648 4216 1767 4270 qum
1794 4211 1905 4254 sum

2018 4204 2047 4255 ὁ
2096 4201 2196 4272 μὲν
2255 4200 2509 4271 Ἀδραὰμ
2562 4200 2887 4264 ἐνδοιάζων·
2936 4217 2956 4251 ι
2994 4200 3085 4270 Μή
3125 4217 3199 4263 τι,
3237 4198 3448 4271 Κύριε.
3497 4198 3591 4250 ἐὰν

346 4287 464 4354 Dei,
495 4299 547 4344 et
577 4290 756 4345 divina
787 4292 929 4345 dona
958 4306 1024 4345 ex
1076 4291 1291 4362 propria
1336 4297 1603 4362 potestate
1640 4290 1918 4359 largiatur,

348 4382 551 4437 idcirco
586 4391 876 4453 antequam
910 4384 1164 4454 loquatur
1215 4395 1309 4439 aut
1358 4395 1635 4455 operetur,
1682 4398 1790 4438 non
1821 4398 1917 4437 ex-

2020 4293 2269 4366 λαλήσω;
2312 4312 2330 4345 ι
2379 4293 2439 4346 '0
2467 4292 2523 4345 δὲ
2553 4294 2797 4364 Μωῦσῆς
2828 4291 3265 4364 παραιτούμενος
3286 4309 3299 4323 ·
3340 4310 3359 4342 ι
3405 4289 3593 4361 ’ἰσχνό-

2023 4402 2202 4452 φωνος
2230 4385 2324 4439 καὶ
2351 4383 2770 4455 βραδύγλωσσός
2801 4385 2917 4454 εἰμι
2940 4380 3080 4452 ἐγώ·
3114 4401 3135 4433 ι
3167 4382 3283 4447 καὶ,
3320 4399 3339 4433 ι
3367 4379 3590 4450 Δέομαι,

349 4483 556 4544 spectat
579 4476 705 4531 dum
732 4452 936 4544 audiat,
969 4452 1111 4533 sicut
1140 4477 1348 4534 faciunt
1372 4452 1655 4544 creaturae,
1679 4490 1798 4545 quae
1823 4474 1905 4529 Dei

2021 4479 2223 4550 Κύριε·
2258 4477 2321 4531 οὐ
2354 4452 2591 4548 δῦναμαι
2629 4476 2791 4548 μόνος
2818 4452 3008 4547 φερειν
3040 4475 3105 4528 τὸ
3142 4473 3308 4545 βάρος
3333 4471 3428 4526 τοῦ
3461 4469 3591 4524 λαοῦ

348 4564 676 4622 voluntatem
700 4580 806 4622 non
831 4568 992 4622 modo
1016 4568 1269 4638 ignorare
1291 4577 1537 4638 possunt,
1559 4581 1745 4620 verum
1761 4564 1905 4619 etian

2022 4567 2211 4622 τούτου
2234 4584 2248 4599 ο
2286 4566 2634 4638 προχείρισαι
2673 4565 2833 4619 ἄλλον
2875 4562 3111 4635 σεαυτῷ.
3160 4582 3180 4616 ›
3216 4562 3327 4617 Καὶ
3385 4559 3593 4632 ’Δαρὼν

351 4656 639 4724 aliquando
693 4673 801 4713 non
832 4657 1012 4715 facere
1047 4668 1144 4714 :ut
1181 4675 1300 4714 cum
1328 4660 1669 4715 Abrahamus
1707 4656 1905 4724 quideu

2023 4658 2117 4713 xui.
2138 4657 2375 4729 Μαριὰμ
2399 4658 2580 4728 οἰκείᾳ
2601 4657 2814 4729 κινήσει
2841 4657 2899 4710 ιο
2909 4654 3255 4728 ρασύνθησαν
3270 4652 3416 4707 κατὰ
3432 4655 3593 4706 Μωῦο

354 4749 605 4806 haesitans
639 4750 716 4805 ait
742 4771 757 4805 :
785 4768 805 4803 ι
840 4751 1092 4823 Nunquid
1123 4751 1257 4823 (60),
1291 4750 1542 4814 Domine,
1570 4748 1616 4803 si
1647 4746 1872 4817 loquar?
1901 4763 1905 4797 π

2025 4750 2184 4814 σέως,
2225 4750 2313 4803 ὅτε
2362 4750 2458 4803 καὶ
2490 4748 2816 4821 ὲλεπρίασεν
2850 4749 2885 4820 ἡ
2916 4746 3181 4820 Μαριὰμ,
3222 4745 3318 4799 καὶ
3349 4743 3592 4815 ὠργίσθη

354 4838 527 4893 Moses
554 4853 684 4893 vero
715 4840 1014 4907 deprecans
1035 4856 1101 4896 ac
1152 4856 1411 4897 recusans
1440 4856 1458 4896 :
1498 4858 1518 4892 ι
1553 4837 1784 4894 Gracilis
1813 4836 1895 4909 (61

2024 4841 2182 4913 θυμῷ
2214 4840 2441 4913 Κύριος.
2493 4840 2654 4894 Ἀλλὰ
2696 4842 2793 4894 καὶ
2835 4839 3020 4905 Δαυῒδ,
3054 4840 3116 4893 τὸ
3157 4837 3351 4892 ἑαυτοῦ
3382 4836 3595 4905 θέλημα

354 4944 505 4996 voce,
533 4941 585 4985 et
614 4931 805 4987 tardus
834 4931 1015 5004 lingua
1041 4948 1162 4990 sum
1212 4948 1348 5005 ego;
1388 4953 1407 4986 ι
1450 4942 1503 4989 et
1538 4949 1552 4986 :
1592 4950 1611 4983 ι
1662 4929 1923 4995 Obsecro,

428 5148 539 5227 (56)
579 5149 943 5227 Aenianes“.
970 5153 1177 5227 Graece,
1203 5155 1239 5227 ᾗ
1274 5155 1482 5227 μήποτε
1499 5171 1522 5227 ﬁ
1547 5153 1923 5227 quatiormula

361 5220 502 5295 apud
522 5220 825 5295 scriptores
855 5223 1101 5295 maxime
1116 5220 1588 5295 Didymi'aquales
1613 5224 1773 5291 valet,
1804 5236 1928 5280 «aut

364 5282 614 5360 fortasse,
632 5282 660 5341 ι’
694 5297 752 5343 ιιι
781 5282 892 5360 ipse
922 5291 1144 5346 reddidi.

433 5359 546 5430 (51)
582 5358 646 5414 Si
693 5358 813 5429 ego.
848 5359 1021 5433 _.loan.
1071 5377 1123 5424 ν,
1183 5363 1286 5426 31,
1333 5364 1422 5418 52.
1467 5363 1696 5418 Sensum
1744 5364 1927 5433 potius

363 5429 726 5512 citaJngam.
755 5430 940 5512 verba:
967 5431 1217 5500 idemque
1250 5435 1378 5512 facit
1399 5448 1571 5504 segm.
1594 5433 1700 5489 206
1733 5429 1785 5489 6.

456 5498 524 5554 52
586 5497 726 5554 Etsi
762 5515 875 5569 ego.
907 5500 1062 5556 Joan.
1092 5497 1212 5566 vin,
1246 5502 1331 5557 14.

432 5497 548 5641 E55;
586 5567 655 5623 In
694 5572 929 5641 primo...
973 5569 1152 5640 λόγῳ.
1204 5573 1260 5626 Si
1295 5588 1331 5624 vi

409 5706 738 5778 ic_Dic11mus
767 5706 927 5776 caput
953 5710 1020 5765 16
1052 5709 1289 5778 ejusdem
1328 5712 1472 5768 llDri.

439 5775 556 5837 (54)
583 5775 771 5833 Pater.
800 5775 954 5836 Joan.
989 5775 1092 5850 alt,
1115 5780 1203 5835 49.

2026 4932 2229 5000 ποιῶν,
2276 4933 2374 4986 καὶ
2423 4932 2674 5005 ἀριθμῶν
2722 4932 2813 4986 τὸν
2860 4930 3027 4996 λαὸν,
3085 4930 3425 5000 ἐπιτιμᾶται.
3483 4923 3593 4979 Καὶ

2118 5151 2207 5222 55)
2246 5153 2290 5206 Α
2324 5154 2613 5219 senmipso.
2646 5149 2799 5205 Joau.
2833 5169 2942 5213 XVI.
2998 5154 3084 5211 13,
3120 5153 3204 5207 14.

2095 5153 2208 5293 iss)
2249 5221 2363 5293 {Ego
2391 5241 2423 5275 a
2451 5240 2532 5293 nte
2559 5223 2690 5289 ipso.
2715 5222 2873 5277 Jom.
2908 5239 3003 5288 xu,
3038 5224 3126 5277 19.

2249 5221 2363 5303 Ego
2391 5241 2423 5275 a
2451 5240 2532 5303 nte
2559 5223 2690 5289 ipso.
2715 5222 2873 5303 lugu.
2908 5239 3003 5288 xu,
3038 5224 3126 5277 19.

2096 5290 2210 5360 (57)
2249 5290 2418 5346 Sicut.
2451 5292 2604 5346 Joan.
2637 5308 2749 5356 xlv,
2779 5293 2868 5347 51.

2108 5361 2208 5427 ’58)
2248 5362 2453 5414 Sermo.
2485 5361 2616 5415 Ibid.
2643 5361 2732 5416 24.

2095 5369 2209 5499 ί59)
2250 5431 2318 5485 Ut
2345 5433 2601 5499 scriptum
2629 5445 2724 5484 est.

2122 5430 2220 5504 59),
2250 5431 2318 5485 Ut
2345 5433 2601 5504 scriptum
2629 5445 2724 5504 est.
2759 5431 3060 5504 Quemnam
3091 5431 3386 5504 Scriptura;
3420 5432 3593 5487 locum

2031 5500 2305 5575 respiciat,
2348 5500 2534 5555 ne~cio
2562 5517 2577 5554 :
2610 5500 2713 5554 nisi
2761 5503 2898 5575 forte
2952 5504 3175 5575 respicit
3202 5502 3549 5575 illudChristi
3573 5540 3607 5575 ._

1204 5573 1260 5626 Si
1295 5587 1393 5644 vox
1438 5571 1642 5644 istbmc,
1668 5571 1832 5644 λόγῳ,
1866 5576 1933 5629 ad
2036 5584 2057 5619 ο
2093 5569 2473 5644 Verumtamen
2501 5585 2610 5644 non
2639 5585 2755 5623 mea
2788 5569 3054 5644 voliiiuas,
3084 5573 3178 5627 sed
3208 5582 3297 5627 tua
3329 5574 3441 5630 bat.
3463 5589 3486 5627 ι

368 5638 597 5760 Brimum
632 5638 789 5706 bujus
812 5641 994 5708 operis
1035 5638 1231 5720 librum
1274 5642 1556 5723 referenda
1602 5651 1705 5710 est,
1736 5638 1931 5716 allegat

409 5721 456 5760 Ic
481 5706 738 5760 Dtdvmus
767 5721 927 5760 canut
953 5710 1020 5760 16
1052 5712 1289 5760 eiusdem
1328 5717 1472 5760 Ilill'l.

2100 5638 2217 5773 (60)
2258 5638 2530 5720 Nunquid.
2572 5638 2710 5694 Gen.
2747 5655 2901 5701 xvm.
2936 5639 3024 5700 30.

2126 5709 2187 5764 61
2255 5705 2503 5763 Gracilis.
2556 5708 2726 5763 Exod.
2757 5723 2828 5773 Iv,
2863 5708 2949 5763 l0.

2126 5705 2217 5764 61)
2255 5705 2503 5763 Gracilis.
2556 5708 2726 5763 Exod.
2757 5723 2828 5775 Iv,
2863 5708 2949 5763 l0.
