4056 6412
291 402 404 459 839

1401 403 1489 459 DE
1523 403 1898 461 TRINITATE
1938 405 2138 460 LIBER
2177 405 2503 463 TERTIUS.

3453 406 3558 463 890

305 515 579 589 Ἱερεμίας
613 516 691 582 δέ,
727 516 879 588 παρά
921 515 1125 571 σκοπὸν
1153 517 1251 570 τοῦ
1279 516 1602 584 ἀνεξικάκου
1637 521 1734 575 καὶ
1768 523 1868 592 ἀμ-

1977 521 2200 576 Domine
2228 520 2339 592 (62)
2373 539 2386 574 :
2418 537 2523 575 non
2577 535 2794 590 possum
2815 519 2962 576 solus
2990 519 3130 575 ferre
3154 521 3359 591 pondus
3381 522 3557 592 populi

293 610 602 678 νησικάκου
635 607 772 661 Θεοῦ
803 605 1009 660 εἰπών·
1048 626 1067 660 ι
1122 609 1406 681 Νεώτερός
1449 613 1567 681 εἰμι
1605 609 1734 679 ἐγὼ,
1778 612 1873 664 καὶ

290 700 364 752 οὐ
396 697 632 767 δύναμαι
674 697 1058 768 προφητεύειν,
1093 717 1112 749 ι
1157 699 1376 752 ἀκούει·
1419 719 1438 752 ι
1477 701 1569 772 Μὴ
1599 701 1747 770 λέγε,
1790 702 1873 754 ὃτι

292 786 584 858 Νεώτερός
613 788 731 858 εἰμι
761 786 892 855 ἐγώ.
933 807 951 839 ι
987 790 1097 842 Καὶ
1126 791 1154 842 ὁ
1188 790 1374 854 Ἰωνᾶς
1397 791 1475 853 δὲ,
1507 793 1655 857 ῖδιον,
1687 793 1783 847 καὶ⁵
1811 794 1871 846 οὐ

296 878 401 933 τοῦ
433 879 570 932 Θεοῦ
618 880 789 933 ποιῶν
827 879 1062 951 θέλημα,
1100 881 1268 952 πλοίῳ
1298 883 1514 948 ἐπιϐὰς,
1559 885 1751 954 φεύγει
1793 887 1874 950 εἰς

293 973 534 1044 Θαρσεῖς
567 974 631 1025 ἐκ
661 971 953 1043 προσώπου
989 973 1085 1026 τοῦ
1132 976 1413 1046 πανταχοῦ
1448 976 1602 1040 ὃντος
1642 977 1870 1049 Κυρίου.

293 1062 414 1114 Καὶ
460 1060 674 1124 Παῦλος
707 1061 837 1132 περὶ
878 1061 990 1114 τῶν
1024 1062 1341 1117 ἀποστόλων
1373 1065 1645 1130 Γαλάταις
1677 1067 1870 1136 φησίνο

302 1171 325 1202 σ
375 1152 516 1206 Ἀλλ’
563 1153 652 1206 ὅτε
690 1153 823 1217 ἴδον,
867 1153 948 1206 ὅτι
1005 1154 1104 1208 οὐκ
1157 1154 1544 1226 ὀρθοποδοῦσιν
1593 1159 1732 1230 πρὸς
1776 1159 1874 1230 τὴν

292 1245 557 1316 ἀλήθειαν
575 1243 672 1298 τοῦ
701 1245 1060 1314 Εὑαγγελίου,
1088 1242 1243 1301 εἷπον
1275 1247 1352 1318 τῷ
1373 1249 1540 1319 Κηφᾷ
1565 1249 1875 1320 ἔμπροσθεν

295 1336 522 1390 πάντων
559 1356 577 1388 ι
608 1337 755 1391 τάδε.
793 1337 912 1391 ’Ἰνα
942 1337 999 1390 δὲ
1035 1339 1142 1409 πλη
1153 1329 1532 1410 ροφορῆθῶσιν
1555 1341 1606 1394 οί
1632 1343 1870 1406 ἄπιστοι,

295 1428 415 1496 εἴγε
453 1426 518 1498 δὴ
543 1428 652 1499 ἄρα
681 1428 775 1480 καὶ
805 1429 1324 1500 πληροφορηθῶσιν,
1353 1432 1574 1502 ἀνάγκη
1596 1432 1873 1503 μακρῦναι

292 1518 392 1570 τὸν
435 1517 614 1586 λόγον.
657 1517 772 1588 Πρὸ
820 1519 920 1590 τῆς
957 1520 1016 1572 ἐν
1046 1521 1240 1591 κόσμῳ
1286 1523 1589 1592 παρουσίας
1617 1522 1709 1576 τοῦ
1741 1523 1872 1576 Υίοῦ

295 1615 393 1669 τοῦ
419 1615 580 1682 Θεοῦ,
624 1615 902 1686 ἐφάνησαν
938 1616 1322 1687 ψευδόχριστοι
1357 1618 1453 1672 καὶ
1490 1618 1873 1690 ψευδοπροφῆ-

293 1726 412 1772 ται,
443 1707 520 1772 ὼς
564 1706 767 1770 Ἰούδας
791 1708 820 1759 ὁ
844 1707 1152 1770 Γαλιλαῖος,
1182 1707 1366 1772 καθὼς
1400 1709 1614 1779 ἔχουσιν
1641 1711 1698 1763 αἱ
1728 1710 1874 1780 Πρά-

1974 614 2130 684 hujus
2157 631 2172 667 :
2195 614 2333 684 elige
2359 613 2454 668 tibi
2471 613 2657 667 alium.
2695 633 2722 664 ι
2739 613 2803 668 Ει
2820 613 2999 666 Aaron
3019 613 3153 683 (63),
3176 628 3240 667 ac
3263 612 3423 667 Maria
3442 630 3558 682 pro.

1973 708 2101 774 pria:
2127 707 2421 761 voluntatis
2442 707 2679 760 motione
2699 714 2884 760 contra
2910 704 3146 776 Moysen:
3179 707 3436 762 audacter
3484 709 3557 760 in.

1973 797 2570 866 surrexerunt,quando
2590 797 3046 865 ethlarialeprosa
3062 797 3200 851 facta
3220 798 3335 860 fuit,
3365 808 3419 853 et
3457 799 3560 853 Do-

1976 889 2151 942 minus
2174 889 2342 942 iratus
2353 900 2457 944 est.
2472 889 2609 955 Quin
2628 889 2786 942 etiam
2801 887 2966 942 David
2981 905 3130 942 suam
3147 890 3351 944 faciens
3373 891 3558 944 volun-

1977 985 2160 1043 tatem,
2187 989 2242 1030 et
2269 978 2520 1047 populum
2549 994 2840 1033 numerans
2863 980 3271 1047 reprehenditur
3301 980 3434 1052 (64).
3463 979 3558 1036 Je-

1975 1071 2172 1124 remias
2207 1085 2354 1136 vero,
2381 1087 2500 1124 cum
2532 1080 2728 1138 praeter
2754 1080 2986 1126 mentem
3015 1074 3289 1141 patientis,
3325 1083 3380 1127 et
3409 1073 3556 1141 inju-

1975 1161 2175 1214 riarum
2201 1160 2566 1215 obliviscentis
2600 1160 2694 1216 Dei
2725 1160 2968 1227 dixisset,
3002 1182 3020 1213 ι
3055 1161 3247 1219 Junior
3281 1164 3396 1236 (65)
3426 1182 3550 1219 sum

1973 1268 2093 1324 ego,
2135 1265 2189 1308 et
2212 1269 2317 1308 non
2357 1270 2574 1324 possum
2610 1256 2935 1324 prophetare
2967 1255 3100 1326 (66),
3134 1277 3154 1310 ι
3186 1259 3397 1313 audiit:
3429 1277 3448 1310 ι
3476 1257 3556 1313 Ne

1975 1347 2124 1400 dicas
2151 1343 2378 1401 :Jttnior
2407 1362 2526 1400 sum
2559 1360 2679 1414 ego.
2715 1365 2733 1398 ι
2757 1345 2920 1402 Jonas
2951 1358 3132 1404 autem
3159 1351 3428 1420 propriam
3459 1367 3554 1404 vo-

1974 1434 2234 1490 luntatem
2270 1437 2492 1501 faciens,
2526 1452 2631 1490 non
2665 1436 2783 1504 Dei,
2827 1454 2951 1493 cum
2983 1441 3258 1510 navigium
3293 1457 3554 1496 conscen-

1974 1528 2158 1593 disset,
2182 1545 2200 1576 ι
2215 1526 2348 1594 fugit
2363 1527 2475 1598 (67)
2495 1528 2544 1582 in
2568 1529 2792 1584 Tharsis
2807 1545 2870 1583 ex
2891 1528 3024 1584 facie
3041 1529 3166 1586 Dei»
3195 1532 3392 1601 ubique
3411 1535 3555 1587 exsi-

1975 1620 2193 1673 stentis.
2223 1617 2290 1672 Et
2317 1617 2518 1675 Paulus
2560 1621 2626 1674 de
2655 1620 2915 1690 apostolis
2969 1621 3194 1692 loquens
3237 1622 3303 1676 ad
3334 1622 3552 1680 Galatas

1973 1711 2090 1766 haec
2116 1710 2372 1780 scripsit:
2425 1729 2444 1763 ι
2483 1713 2591 1767 Sed
2618 1728 2742 1768 cum
2784 1713 2896 1784 (68)
2927 1715 3032 1768 vidi
3087 1715 3228 1784 quod
3265 1730 3371 1769 non
3407 1727 3551 1772 recte

297 1799 414 1865 ξεις
438 1799 548 1853 τῶν
581 1798 921 1862 ἀποστόλων,
946 1799 1280 1863 πλανῶντες,
1305 1801 1400 1853 καὶ
1425 1802 1487 1852 οὺ
1511 1802 1577 1855 τὰ
1605 1801 1698 1854 τοῦ
1735 1801 1868 1868 Θεοῦ

1976 1803 2257 1856 ambulant
2286 1803 2352 1856 ad
2391 1803 2674 1858 veritatem
2731 1803 3028 1875 Evangelii,
3060 1805 3170 1859 dixi
3205 1805 3396 1874 Ceplue
3437 1806 3551 1878 (69)

299 1891 506 1947 καὶτοῦ
538 1891 667 1964 [185
693 1891 749 1964 a]
770 1892 936 1962 νόμου
957 1893 1123 1945 αὐτοῦ
1141 1893 1485 1958 διδάσκοντες
1505 1910 1517 1922 ·
1542 1895 1670 1966 περὶ
1687 1888 1762 1949 ὧν
1779 1895 1868 1949 καὶ

1974 1908 2156 1947 coram
2189 1892 2440 1946 omnibus
2476 1911 2494 1944 ι
2530 1894 2668 1950 haec.
2706 1892 2902 1948 Verum
2935 1904 2994 1949 ut
3035 1895 3119 1960 iis,
3169 1897 3259 1966 qui
3292 1876 3550 1951 increduli

310 1981 573 2053 Ἰεζεκιὴλ
629 1981 1002 2053 προφητεύει’
1055 2001 1072 2033 ι
1106 1982 1191 2036 Ζῶ
1252 1983 1393 2051 ἐγὼ,
1448 1984 1597 2052 λέγει
1635 1984 1869 2056 Κύριος’

302 2073 403 2126 ἐπὶ
450 2075 576 2136 τοὺς
619 2074 926 2144 προφήτας,
968 2075 1096 2138 τοὺς
1118 2075 1438 2140 πλανῶντας
1473 2076 1562 2129 τὸν
1580 2076 1709 2131 λαόν
1745 2095 1870 2148 μου,

295 2163 399 2216 οὐκ
425 2162 722 2217 ἀπέστειλα
749 2163 974 2226 αὐτούς·
1005 2163 1097 2233 ἀφ’
1129 2165 1338 2217 ἑαυτῶν
1362 2165 1654 2236 ἐλάλησαν.
1687 2186 1707 2218 ›

1971 1990 2118 2052 sunt,
2146 1981 2323 2037 omnis
2355 1981 2636 2038 dubitandi
2678 1982 2829 2038 locus
2865 1983 3226 2053 praecludatur
3267 1986 3332 2056 (si
3371 1997 3548 2039 tamen

1969 2075 2022 2130 id
2070 2073 2184 2128 lierl
2214 2075 2433 2146 potest),
2495 2091 2800 2132 sermonem
2848 2078 2901 2131 in
2961 2077 3177 2147 longum
3233 2081 3551 2149 protrahere

1969 2184 2191 2224 necesse
2220 2177 2324 2223 est.
2368 2169 2676 2238 Antequam
2730 2171 2942 2224 veniret
2990 2170 3046 2224 in
3078 2170 3335 2224 mundum
3383 2169 3551 2224 Filius

296 2249 420 2316 Dei,
457 2253 846 2321 pseudochristi
914 2263 969 2306 et
1013 2245 1509 2323 pseudoprophetm,
1559 2257 1864 2327 cujusmodi
1907 2258 2010 2313 fuit
2037 2257 2204 2313 Judas
2233 2258 2502 2324 Galilzetts,
2531 2269 2914 2329 apparuerant,
2941 2260 3082 2315 sicut
3145 2263 3278 2314 Acta
3341 2269 3551 2329 aposto-

294 2345 471 2399 lorum
502 2355 812 2401 testantur:
852 2347 886 2401 ii
919 2363 1044 2402 vero
1079 2348 1397 2418 deceptores
1423 2358 1599 2415 erant,
1653 2367 1754 2406 nec
1803 2368 1867 2406 ea
1938 2351 2222 2416 docebant,
2260 2367 2382 2421 quae
2441 2359 2566 2406 sunt
2641 2351 2735 2405 Dei
2787 2364 2842 2406 et
2896 2352 3028 2422 legis
3078 2352 3266 2422 ipsius.
3325 2353 3397 2406 De
3447 2351 3550 2406 illis

297 2436 768 2506 prophetatetiam
803 2435 1099 2491 Ezechiel:
1141 2456 1159 2489 ι
1225 2437 1355 2494 Vivo
1415 2439 1526 2511 (70)
1575 2441 1744 2512 388
1801 2458 1921 2514 ego,
1962 2444 2096 2498 dicit
2152 2442 2468 2497 Dominus:
2526 2442 2593 2496 ad
2647 2444 2938 2513 prophetas
2993 2443 3087 2513 qui
3139 2444 3405 2499 seducunt
3464 2452 3549 2515 po'

297 2530 478 2600 pulum
523 2546 722 2596 meum,
768 2548 874 2587 non
935 2533 1058 2587 misi
1112 2548 1205 2586 eos

381 2622 581 2676 Ἐλθὼν
634 2623 814 2676 τοίνυν
866 2625 895 2677 ὁ
943 2623 1198 2695 ἀληθινὸς
1257 2625 1532 2695 Χριστὸς,
1589 2625 1864 2696 ὑπενοήθη

295 2714 517 2778 πλάνος.
558 2716 713 2786 Ἔχει
755 2716 864 2788 γὰρ
906 2716 967 2769 τὸ
1007 2716 1364 2784 Εὑαγγέλιον,
1399 2717 1474 2780 ὡς
1499 2719 1558 2768 ἐν
1597 2721 1662 2788 τῇ
1703 2719 1865 2790 ἑορτῇ

295 2807 409 2860 τῶν
449 2807 842 2878 Σκηνοπηγίων
880 2807 1106 2878 ἐζήτουν
1130 2808 1221 2860 τὸν
1261 2808 1468 2877 Ἰησοῦν
1495 2811 1544 2862 οἱ
1572 2809 1741 2880 όχλοι,
1777 2810 1868 2863 λέ-

296 2915 514 2968 γοντες·
553 2918 570 2951 ι
609 2899 722 2954 Ποῦ
760 2898 944 2964 ἔστιν;
1003 2899 1115 2953 Καὶ
1172 2895 1241 2971 ἦν
1275 2902 1405 2971 περὶ
1440 2901 1605 2953 αὐτοῦ
1649 2903 1870 2970 διαφω-

1251 2551 1264 2587 :
1309 2549 1338 2585 ιι
1397 2548 1456 2587 se
1509 2533 1640 2604 ipsis
1707 2537 1870 2590 locuti
1911 2545 2055 2591 sunt.
2097 2555 2116 2588 ι

2048 2625 2182 2682 Cum
2238 2626 2417 2693 itaque
2442 2625 2682 2680 venisset
2732 2641 2897 2681 verus
2945 2627 3220 2696 Christus,
3271 2642 3552 2700 suspectus

1969 2718 2068 2772 fuit
2092 2718 2247 2787 quasi
2279 2716 2537 2772 seductor
2572 2733 2586 2782 ;
2621 2725 2857 2771 testatur
2881 2719 3022 2772 enim
3056 2719 3403 2790 Evangelium
3436 2733 3552 2776 tur-

1967 2807 2063 2861 bas
2120 2808 2173 2860 in
2219 2806 2513 2860 festivitate
2564 2805 2678 2877 (7|)
2727 2807 3185 2877 Scenopegiorum
3235 2813 3554 2881 quaesivisse

1965 2896 2151 2952 Jesum
2191 2897 2433 2951 dicentes
2472 2913 2485 2949 :
2525 2915 2544 2947 ι
2580 2895 2678 2950 Ubi
2714 2898 2838 2952 est?
2871 2899 2937 2953 Et
2967 2911 3085 2953 erat
3115 2902 3182 2955 de
3212 2903 3326 2970 ipso
3349 2904 3555 2959 discor-

295 2991 413 3045 νία·
459 2994 506 3044 οἱ
555 2991 651 3063 μὲν
697 2991 917 3060 ἔλεγον·
975 2993 1202 3060 Ἀγαθός
1240 2994 1423 3045 ἐστιν·
1471 2993 1621 3047 ἄλλοι
1646 2993 1867 3062 ἔλεγον·

1975 2992 2060 3044 dia
2093 3004 2110 3043 :
2145 2990 2234 3043 alii
2272 2990 2489 3058 quidem
2547 2990 2798 3044 dicebant
2831 3009 2844 3044 :
2885 2991 3065 3046 Bonus
3127 3003 3240 3060 est;
3283 2994 3370 3048 alii
3406 2995 3553 3048 dice-

295 3083 458 3152 Οὐχί·
493 3082 670 3153 πλανᾷ
698 3083 789 3137 τὸν
817 3082 993 3153 ὄχλον.
1028 3103 1046 3134 ι
1075 3085 1184 3136 Καὶ
1209 3084 1370 3138 πάλιν
1397 3084 1447 3137 οἱ
1475 3087 1750 3156 ἀρχιερεῖς
1781 3086 1866 3140 λέ-

296 3191 453 3243 γουσι
521 3173 599 3245 τῷ
640 3174 891 3246 Πιλάτῳ·
929 3193 946 3224 ι
981 3174 1254 3244 Οἴδαμεν,
1303 3175 1497 3245 Κύριε,
1533 3177 1616 3228 ὃτι
1656 3171 1810 3229 εἶπεν
1841 3177 1870 3230 ὁ

297 3265 496 3328 πλάνος
519 3268 727 3330 ἐκεῖνος
760 3265 838 3319 ἔτι
864 3264 973 3331 ζῶν
996 3283 1008 3295 ·
1040 3267 1197 3322 Μετά
1227 3270 1374 3337 τρεῖς
1401 3267 1611 3338 ἡμέρας
1654 3267 1869 3338 ἐγείρο-

297 3374 421 3427 μαι.
461 3375 479 3408 ι
509 3354 680 3410 Εἶπεν
707 3353 799 3426 οῦν
824 3358 852 3410 ὁ
875 3355 1085 3427 Σωτὴρ,
1115 3358 1244 3426 περὶ
1269 3358 1365 3428 μὲν
1401 3358 1624 3410 ἐκείνων
1660 3356 1866 3423 οὓτως-⁸

301 3466 324 3497 α
366 3449 518 3502 Ὅσοι
544 3444 706 3519 ἦλθον
745 3448 852 3519 πρὸ
881 3447 1038 3518 ἐμοῦ,
1073 3447 1305 3501 κλέπται
1332 3445 1473 3520 ἦσαν
1505 3450 1598 3502 καὶ
1643 3448 1866 3520 λῃσταί*

296 3539 413 3593 ἀλλ’
445 3541 546 3593 οὐκ
589 3541 822 3611 ἤκουσεν
857 3540 1038 3594 αὐτῶν
1067 3540 1136 3593 τὰ
1166 3541 1434 3610 πρόϐατα.
1469 3541 1550 3594 Τὰ
1591 3540 1700 3611 ἐμὰ
1738 3541 1870 3611 πρό-

295 3629 436 3683 ϐατα
481 3631 583 3701 τῆς
613 3631 751 3701 ἐμῆς
790 3631 977 3700 φωνῆς
1012 3630 1324 3693 ἀκούουσιν,
1371 3630 1466 3683 καὶ
1491 3629 1747 3700 γνωρίζει
1772 3629 1869 3700 τὴν

298 3723 482 3794 φωνήν
534 3741 659 3794 μου,
703 3722 800 3777 καὶ
834 3722 1120 3776 ἀκολουθεῖ
1161 3737 1286 3792 μοι⁶
1325 3742 1343 3774 ι
1388 3722 1517 3793 περὶ
1555 3721 1611 3774 δὲ
1639 3721 1866 3774 ἐαυτοῦ⁹

302 3834 322 3866 ι
369 3813 507 3883 Ἐγὼ
547 3816 642 3868 ἀπ’
685 3814 927 3886 ἐμαυτοῦ
970 3815 1031 3867 οὐ
1079 3813 1256 3867 λαλῶ·
1311 3834 1330 3867 ι
1374 3813 1449 3877 ὡς
1481 3816 1680 3867 ἐκεῖνοι
1711 3813 1869 3884 δῆλον

296 3905 400 3958 ὅτι.
444 3904 714 3977 Προειδὼς
753 3905 810 3958 δὲ
839 3905 934 3959 καὶ
967 3905 1037 3958 τὰ
1068 3904 1352 3976 μέλλοντα,
1383 3904 1459 3968 ὡς
1489 3904 1642 3968 Θεὸς,
1672 3905 1766 3957 καὶ
1788 3906 1869 3958 ὅτι

301 3997 438 4069 μετὰ
483 3997 581 4070 τὴν
627 3999 684 4052 ἐν
730 3998 981 4070 οὐρανοῖς
1022 3999 1208 4053 ἄνοδον
1253 3997 1453 4063 αὐτοῦ,
1494 3998 1588 4050 καὶ
1634 3997 1732 4068 τὴν
1774 3996 1868 4050 τοῦ

301 4090 456 4159 ἁγίου
482 4089 806 4160 Πνεύματος
842 4090 1160 4161 ἐπιδημίαν,
1199 4089 1416 4143 ἔσονται
1457 4090 1618 4143 πάλιν
1656 4089 1867 4155 πλάνοι,

295 4179 374 4243 ὡς
408 4179 609 4250 Σίμων,
651 4179 726 4242 ὡς
763 4179 1065 4243 Μοντανὸς,
1104 4179 1181 4244 ὡς
1221 4181 1542 4250 Μανιχαῖος,
1587 4197 1873 4251 προησφα-

301 4270 483 4324 λίσατο
537 4270 745 4326 εἰπών’
801 4291 819 4322 ι
877 4272 1046 4325 Ὅταν
1103 4270 1231 4343 ἔλθῃ
1285 4273 1314 4324 ὁ
1366 4269 1757 4342 Παράκλητος,
1810 4271 1872 4324 τὸ

1976 3083 2106 3136 bant
2137 3099 2150 3136 :
2188 3080 2340 3148 Non;
2402 3081 2611 3136 seducit
2645 3083 2911 3137 turbam.)
2965 3083 3032 3137 Et
3065 3099 3253 3138 rursus
3281 3086 3553 3153 principes

1976 3173 2321 3228 sacerdowm
2374 3173 2526 3226 aiunt
2579 3172 2751 3226 Pilato
2794 3187 2810 3226 :
2848 3192 2864 3224 ι
2896 3172 3130 3238 Scimus,
3158 3175 3374 3229 domine
3413 3176 3550 3246 (72),

1977 3266 2122 3334 quod
2149 3265 2288 3320 dixit
2337 3266 2592 3320 seductor
2623 3265 2712 3320 ille
2763 3266 2937 3320 adhuc
2997 3267 3227 3321 vivens:
3265 3266 3392 3320 Post
3442 3277 3554 3322 tres

1976 3357 2092 3410 dies
2121 3369 2367 3424 resurgo.
2405 3372 2425 3406 ι
2467 3355 2543 3409 De
2578 3355 2683 3410 illis
2721 3355 2834 3429 (75)
2870 3371 2999 3426 ergo
3031 3356 3282 3412 Salvator
3314 3357 3430 3412 haec
3473 3360 3554 3413 di-

1978 3446 2096 3501 xit:
2137 3464 2157 3497 ι
2207 3446 2525 3515 Quicunque
2581 3446 2692 3518 (74)
2740 3457 3007 3502 venerunt
3065 3458 3188 3503 ante
3238 3463 3342 3514 me,
3403 3450 3554 3505 fures

1975 3548 2130 3590 erant
2160 3538 2274 3608 (75)
2318 3548 2372 3592 et
2415 3539 2649 3593 latrones
2683 3560 2696 3594 :
2733 3542 2825 3593 sed
2855 3555 2963 3594 non
2995 3541 3281 3595 audierunt
3313 3542 3427 3612 (76)
3462 3557 3556 3597 eos

1973 3644 2123 3684 Oves.
2157 3630 2299 3684 Oves
2336 3645 2470 3684 mea:
2500 3629 2611 3701 (77)
2651 3646 2825 3685 meam
2861 3647 3048 3686 vocem
3091 3633 3334 3698 audiunt,
3366 3644 3422 3688 et
3465 3650 3556 3689 co-

1977 3731 2244 3789 gnoscunt
2273 3737 2460 3776 vocem
2509 3739 2705 3790 meam,
2738 3733 2794 3777 et
2835 3733 3135 3794 sequuntur
3170 3740 3275 3780 me.
3312 3743 3331 3778 ι
3371 3727 3447 3780 De
3498 3740 3557 3780 se

1978 3813 2094 3881 ipso
2133 3825 2314 3868 autem
2363 3815 2440 3869 ait
2476 3836 2487 3870 :
2529 3831 2548 3866 ι
2593 3815 2702 3885 Ego
2739 3830 2770 3869 a
2831 3831 2916 3869 me
2978 3817 3093 3886 ipso
3138 3815 3252 3886 (78)
3312 3833 3418 3871 non
3483 3818 3556 3870 lo-

1976 3923 2158 3978 quor:
2201 3928 2221 3961 ι
2274 3924 2469 3979 nempe
2525 3928 2538 3964 :
2596 3912 2739 3965 sicut
2789 3911 2861 3965 illi
2921 3911 3213 3966 faciebant.
3263 3911 3397 3968 Cum
3431 3927 3557 3967 vero

1977 4003 2155 4068 etiam,
2186 4001 2366 4055 futura
2400 4003 2684 4072 pra‘sciret
2733 4013 2791 4056 ut
2825 4003 2981 4069 Deus,
3033 4015 3083 4058 et
3145 4013 3267 4073 post
3311 4020 3463 4058 suam
3501 4006 3554 4059 in

1976 4091 2173 4145 ccelnm
2213 4092 2612 4156 ascensionem,
2645 4092 2928 4162 sanctique
2977 4093 3213 4161 Spirittts
3265 4096 3554 4149 adventum

1977 4198 2170 4237 rursus
2204 4184 2320 4237 fore
2369 4193 2558 4238 neaset
2588 4185 2926 4248 seductores,
2978 4196 3036 4238 ut
3068 4185 3273 4249 Simon,
3319 4195 3375 4240 ut
3414 4185 3552 4239 Mon-

1981 4284 2162 4341 tanus,
2196 4284 2252 4330 ιιι
2285 4275 2612 4331 Manichaeus
2668 4277 2905 4343 fuerunt,
2948 4293 3046 4332 nos
3093 4276 3434 4347 praemunivit
3479 4277 3554 4330 in-

369 4382 768 4459 (62)_0_bse£ro,
798 4383 1037 4459 Domine.
1062 4384 1139 4437 Ex
1163 4385 1368 4459 duobus
1396 4382 1697 4459 Scriptura:
1718 4383 1862 4459 locis
1899 4391 1942 4448 ί)
1970 4389 2098 4459 dicit
2130 4373 2388 4443 Dominus
2416 4405 2594 4459 super
2639 4391 2926 4457 prophetas
2971 4390 3061 4459 qni
3090 4390 3349 4445 seducunt
3380 4403 3553 4458 p0pu-

300 4467 460 4506 unum
486 4453 632 4506 facit.
656 4454 866 4506 Primus
888 4455 1034 4508 locus
1063 4465 1237 4507 exstat
1260 4455 1430 4507 Exod.
1458 4469 1531 4515 tv,
1560 4454 1642 4516 15,
1679 4454 1766 4507 ubi
1799 4456 1866 4508 le-

301 4525 440 4590 gitur
458 4522 708 4595 εᾼέομαι,
727 4523 919 4595 Κύριε,
940 4524 1285 4595 προχείρισαι
1302 4524 1457 4576 ἄλλον
1475 4523 1792 4594 δυνάμενον,
1815 4526 1863 4579 id

301 4601 402 4656 est,
421 4610 441 4643 ι
469 4592 725 4656 Obsecro,
750 4592 995 4658 Domine,
1013 4592 1151 4662 elige
1166 4594 1327 4647 alium
1345 4596 1434 4662 qui
1460 4592 1642 4660 possit.
1673 4613 1690 4644 ι
1713 4595 1864 4646 Alter

301 4663 702 4734 veroiexstatin
730 4663 976 4718 Numeris
1005 4680 1126 4730 cap.
1157 4681 1206 4716 XI
1238 4681 1380 4734 vers.
1406 4665 1472 4716 14
1499 4681 1510 4715 :
1543 4664 1618 4716 Οὐ
1641 4663 1865 4734 δυνήσο-

301 4749 400 4802 μαι
423 4731 532 4801 ἐγὼ
569 4733 728 4804 μόνος
765 4734 952 4804 φέρειν
977 4734 1066 4787 τὸν
1094 4734 1220 4786 λαὸν
1245 4733 1452 4799 τοῦτον,
1498 4735 1549 4786 id
1581 4746 1663 4788 est
1707 4753 1724 4784 ι
1753 4731 1859 4788 non

300 4812 483 4872 potero
516 4803 613 4872 ego
646 4803 790 4857 solus
825 4803 966 4858 ferre
997 4806 1139 4858 hunc
1175 4805 1448 4872 populum.
1486 4822 1502 4852 ι

370 4871 480 4944 (63)
520 4871 715 4944 Aaron.
756 4873 896 4944 Lege
928 4871 1274 4944 Numenxtt,
1309 4876 1358 4938 1,
1389 4873 1441 4938 9,
1482 4872 1563 4924 10.

369 4941 478 5014 (61)
520 4941 950 5014 ῌερτεΙιειιάὶὶιιν.
983 4942 1103 5014 Lib.
1134 4943 1173 4996 ll
1206 4943 1335 5014 Reg.
1372 4957 1519 5007 xxtv,
1558 4942 1640 4996 12.

370 5011 478 5077 (65)
516 5011 728 5066 Iunior.
769 5014 965 5068 Jerem.
1005 5028 1044 5075 ι,
1078 5012 1132 5077 6,
1170 5015 1221 5068 7.

369 5082 480 5150 (66)
523 5082 590 5135 Et
642 5097 746 5137 non
786 5099 995 5152 possunt
1033 5085 1360 5152 prophetare.
1413 5083 1639 5136 Sensum
1679 5083 1859 5148 citat;

301 5165 424 5225 nam
453 5152 621 5225 Biblia
659 5155 737 5207 sic
768 5156 964 5207 habent
993 5173 1004 5206 :
1052 5154 1183 5206 Ἰδοὺ
1218 5154 1318 5207 οὐκ
1339 5154 1638 5225 ἐπίσταμαι
1663 5153 1863 5217 λαλεῖν,

302 5221 352 5275 id
387 5231 484 5292 est,
523 5241 558 5292 ι
580 5223 718 5278 Ecce
747 5225 928 5278 neScio
962 5225 1130 5292 loqui.
1168 5243 1188 5276 ι

368 5291 476 5362 (67)
510 5291 692 5362 Fugit.
726 5292 881 5346 Joan.
919 5311 957 5356 ι,
989 5291 1043 5350 5.

373 5363 483 5436 (66)
532 5363 824 5436 ξεά-ειιηιῃ.
862 5363 1056 5436 Galat._
1080 5378 1142 5436 tt,
1173 5363 1261 5436 l4.

371 5430 482 5501 (69)
519 5432 726 5504 Cap/tte.
750 5433 943 5504 Graeca
977 5434 1185 5488 editio:
1223 5433 1449 5504 Πέτρῳ,
1487 5432 1538 5487 id
1589 5441 1667 5487 est
1706 5451 1724 5484 ι
1765 5430 1868 5486 Pe-

304 5511 404 5555 tro.
436 5520 456 5554 ι
487 5503 609 5573 Sed
661 5503 923 5572 Vulgatus
974 5504 1242 5571 interpres
1295 5503 1422 5572 legit
1474 5513 1533 5556 ιιι
1589 5504 1864 5573 Didymus,

301 5573 456 5636 cuius
483 5571 782 5628 lectionem
801 5574 1020 5627 exhibet
1049 5573 1208 5626 etiam
1239 5571 1406 5627 codex
1445 5571 1862 5627 Alexandrinus.

373 5640 484 5712 (70)
533 5641 674 5696 Vivo.
708 5641 936 5712 Sensum
963 5644 1114 5712 citat,
1142 5659 1205 5695 ac
1235 5645 1461 5712 duorum
1489 5646 1866 5712 prophetarum

303 5710 420 5767 loca
455 5711 596 5766 inter
633 5727 692 5767 se
724 5710 1026 5782 couftuidit.
1056 5710 1268 5782 (Nempe
1299 5715 1350 5765 in
1380 5710 1600 5767 Michzea
1629 5729 1750 5782 cap.
1783 5726 1866 5774 Ill,

304 5795 446 5853 vers.
479 5782 530 5839 5.
560 5783 758 5853 legitur
787 5800 803 5834 :
836 5780 978 5853 Τάδε
1006 5781 1155 5853 λέγει
1180 5781 1385 5853 Κύριος
1433 5783 1528 5836 ἐπὶ
1557 5780 1707 5845 τοὺς
1739 5799 1872 5853 προ·

311 5851 480 5924 θήτας
512 5850 640 5919 τοὺς
680 5850 999 5912 πλανῶντας
1027 5851 1118 5905 τὸν
1144 5850 1285 5906 λαόν
1302 5870 1426 5923 μου,
1458 5854 1508 5909 id
1537 5863 1640 5918 est,
1690 5871 1708 5904 ι
1746 5851 1871 5908 llaec

1976 4458 2320 4529 lumgtneum.
2359 4478 2378 4511 ι
2414 4457 2469 4510 In
2500 4457 2787 4513 Ezechiele
2815 4457 2999 4514 autent
3024 4477 3145 4529 cap.
3178 4475 3299 4524 xui,
3329 4457 3550 4513 vers’6:

1987 4526 2129 4600 Ἐγὼ
2161 4530 2259 4581 οὑκ
2285 4529 2603 4584 ἀπέσταλκα
2634 4530 2849 4593 αὐτούς,
2899 4533 2948 4584 id
2982 4542 3062 4583 est
3094 4526 3112 4580 ἆ
3153 4546 3251 4600 ego
3289 4545 3394 4582 non
3427 4531 3550 4600 misi

1974 4597 2110 4651 illos.
2147 4618 2165 4648 ι
2201 4600 2262 4651 Et
2312 4614 2452 4670 vers.
2495 4602 2736 4666 sequenti
2771 4619 2784 4653 :
2835 4601 2942 4652 Καὶ
2971 4597 3229 4666 ἐλέγετε,
3257 4600 3400 4670 Φησὶ
3432 4598 3551 4652 Κύ-

1973 4685 2117 4740 ριοςξ
2136 4670 2246 4722 Καὶ
2286 4666 2396 4736 ἐγὼ
2413 4670 2512 4722 οὐκ
2557 4669 2818 4740 ἐλάλησα,
2857 4673 2906 4722 id
2937 4683 3058 4740 est:
3093 4689 3112 4721 ι
3151 4671 3215 4723 Ει
3242 4666 3503 4725 dicebatis
3534 4687 3553 4726 :

1963 4741 2052 4791 Ait
2092 4738 2348 4792 Dominus
2378 4755 2392 4791 :
2423 4751 2477 4792 et
2515 4757 2615 4808 ego
2651 4738 2862 4793 loeutus
2893 4755 2999 4792 non
3036 4739 3134 4792 fni.
3173 4759 3191 4791 ι

2038 4808 2150 4876 (71)
2176 4811 2238 4861 1η
2282 4809 2582 4876 festivitate.
2628 4809 2784 4863 Joan.
2832 4824 2930 4873 vit,
2960 4809 3046 4873 11,
3079 4809 3394 4866 l9...Citatur
3421 4824 3551 4864 sen-

1965 4890 2058 4932 8us
2089 4881 2285 4944 potius,
2320 4893 2480 4947 quant
2510 4881 2693 4933 verba.

2039 4947 2161 5018 (Τί)
2185 4947 2412 5009 Scimus,
2443 4948 2681 5003 Domine.
2714 4947 2903 5002 Matth.
2932 4964 3105 5012 xxv",
3133 4949 3219 5004 65.
3249 4947 3374 5014 Pro,
3410 4949 3555 5004 οῖδα-

1970 5017 2096 5099 μεν,
2124 5017 2309 5072 Graeca
2339 5018 2505 5072 editio
2529 5020 2692 5073 habet
2721 5037 2734 5074 :
2765 5019 3145 5090 ἐμνήσθημεν,
3176 5022 3226 5074 id
3253 5029 3357 5086 est,
3390 5039 3408 5071 ι
3443 5037 3553 5074 tne-

1969 5104 2243 5141 IlllllllllllS.
2288 5108 2307 5139 ι

2040 5157 2262 5230 l75_)_De
2296 5159 2424 5213 illis.
2474 5157 2726 5213 Clemens
2756 5173 2971 5227 quoque
3005 5159 3057 5212 in
3112 5160 3288 5226 primo
3328 5159 3556 5230 Strom.,

1963 5237 2089 5296 ‘pag.
2117 5227 2242 5292 568,
2275 5231 2340 5283 :le
2365 5230 2840 5299 pseudoprophetis
2864 5230 3110 5298 intelligit
3134 5231 3342 5284 Domini
3368 5227 3552 5297 verba,

1972 5301 2333 5369 qtneallegat
2379 5300 2655 5369 Didymus.

2037 5367 2148 5438 (74)
2195 5367 2525 5438 Quicunque.
2565 5367 2723 5422 Joan.
2763 5386 2818 5433 x,
2853 5369 2907 5423 8.

2040 5437 2152 5508 (75)
2201 5437 2392 5492 Erant.
2425 5438 2611 5491 Graeca
2645 5442 2830 5502 editio,
2865 5439 2991 5503 εἰσί,
3021 5440 3071 5491 id
3107 5449 3189 5492 est
3227 5458 3246 5490 ι
3277 5449 3421 5493 sunt.
3459 5458 3478 5490 ο

1967 5576 2002 5646 ἦ
2040 5507 2153 5577 (76)
2195 5510 2506 5562 Audierant.
2543 5508 2710 5562 Biblia
2744 5513 2931 5563 eodem
2961 5527 3144 5574 sensu,
3176 5511 3416 5580 ἥκουσαν
3453 5525 3552 5577 pro

2009 5594 2219 5630 κουσεν.

2009 5594 2219 5630 κουσεν.

2042 5647 2156 5718 (77)
2192 5647 2324 5703 Ores
2353 5666 2499 5705 mete.
2537 5648 2672 5705 Joan
2724 5664 2781 5713 x,
2817 5648 2906 5703 27.
2942 5649 3149 5704 Sensus
3181 5657 3360 5703 tamen
3388 5643 3550 5701 affer-

1979 5725 2088 5779 tur,
2129 5735 2231 5772 non
2258 5721 2444 5774 verba.
3529 5759 3536 5762 ·

2041 5789 2154 5858 (78)
2205 5789 2317 5857 Ego
2364 5809 2394 5843 a
2433 5805 2511 5844 me
2547 5791 2682 5860 ipso.
2730 5789 2888 5844 Joan.
2930 5803 3042 5857 xtv,
3076 5786 3165 5843 10.
