4056 6438
487 425 587 484 891

1728 433 1963 488 DIDYMI
2003 435 2480 491 ALEXANDRINI

3647 441 3742 498 B93

491 546 710 612 quiens:
731 565 749 599 ι
773 547 906 604 Cum
925 557 1104 603 autem
1123 549 1456 620 (79)venerit
1475 548 1810 611 Paracletus,
1838 548 2072 617 Spiritus

2185 551 2404 622 Πνεῦμα
2443 553 2542 622 τῆς
2581 550 2874 621 ἀληθείας,
2917 553 3138 626 ὃπαρὰ
3185 553 3280 608 τοῦ
3328 553 3542 626 Πατρός
3593 557 3746 610 ἐκπο-

493 641 757 706 veritatis,
795 643 951 711 quia
999 643 1162 698 Patre
1201 646 1464 713 procedit,
1504 645 1592 698 ille
1654 646 1804 698 vobis
1860 645 1912 697 itt
1963 662 2069 698 tne—

493 733 720 786 moriam
767 737 1045 790 revocabit
1079 737 1242 790 verba
1285 752 1426 800 mea,
1465 745 1520 790 et
1574 737 1801 792 deducet
1853 753 1950 791 vos
2001 737 2067 789 ad

492 839 708 878 omnem
743 826 1025 880 veritatem
1056 851 1068 882 ;
1105 844 1133 882 a
1165 829 1456 897 semetipso
1485 845 1588 882 non
1650 829 1918 896 loquetur.
1953 847 1972 880 ι
2015 829 2067 882 ld

493 925 622 970 est:
666 918 891 986 Spiritui
944 930 1133 974 sancto
1176 922 1333 974 [idem
1375 936 1440 974 ne
1494 920 1788 990 denegetis,
1839 921 1928 987 qui
1983 935 2071 975 ea-

497 1010 618 1062 dem
655 1009 804 1074 dit‘:it,
859 1021 912 1064 et
947 1012 1106 1064 docet
1149 1028 1269 1080 qua:
1300 1026 1400 1080 ego
1438 1029 1450 1064 :
1493 1027 1592 1065 nec
1633 1013 1777 1064 enittt
1814 1021 1898 1065 est
1947 1012 2073 1066 alte-

498 1103 616 1154 rius
646 1102 939 1156 voluntatis
987 1103 1120 1172 (80),
1158 1119 1258 1158 nec
1288 1104 1512 1158 alterius
1540 1105 1791 1158 essentiae
1824 1122 1838 1159 :
1881 1105 1946 1159 iis
1973 1120 2071 1158 au-

498 1201 603 1245 tem
635 1193 724 1260 qui
759 1193 1018 1261 Spiritum
1053 1205 1301 1248 sanctum
1326 1210 1388 1250 se
1409 1195 1611 1249 habere
1639 1195 1807 1259 aiunt,
1843 1196 1937 1250 sed
1966 1211 2070 1251 non

498 1280 796 1351 loquuntur
828 1298 949 1352 qua:
987 1297 1104 1354 mea
1157 1295 1301 1350 sunt,
1339 1296 1393 1339 et
1425 1285 1832 1354 pr0p|ietarum,
1869 1302 1933 1338 ne
1963 1301 2075 1340 cre-

498 1371 660 1425 datis.
715 1372 1068 1427 Manicltmutn
1119 1389 1248 1428 vero
1279 1389 1347 1427 ne
1409 1375 1672 1438 toleretis,
1724 1377 1867 1442 quod
1912 1373 2074 1430 Vetus

503 1461 910 1518 Testamentum
955 1480 1058 1518 non
1087 1465 1360 1531 admittat,
1387 1467 1480 1521 sed
1513 1467 1919 1521 iubumanitatis
1947 1483 2076 1521 con-

498 1554 714 1608 demnet
748 1557 942 1609 bonum
974 1555 1211 1621 Patrem,
1253 1559 1345 1626 qui
1383 1573 1594 1610 mecum
1632 1557 1888 1625 loquitur,
1923 1573 1985 1612 ac
2010 1573 2073 1611 ea

499 1645 651 1709 facit,
689 1663 809 1713 qua:
849 1647 1018 1716 ipsius
1056 1663 1181 1718 erga
1232 1649 1481 1703 homines
1540 1650 1925 1717 benignitatem
1975 1650 2063 1704 de-

497 1739 726 1793 clarant.
768 1741 850 1793 Ad
907 1742 1022 1794 haec
1056 1759 1068 1794 :
1107 1757 1228 1795 cum
1263 1740 1496 1795 Verbum
1545 1741 1636 1794 Dei
1690 1741 1742 1793 in
1805 1742 1919 1810 ipso
1967 1741 2076 1794 Deo

498 1833 800 1886 subsistens
830 1832 900 1886 sit
930 1832 1116 1898 Filius,
1159 1848 1392 1902 cumque
1421 1843 1475 1886 et
1503 1834 1616 1898 ipse
1671 1833 1738 1884 sit
1791 1833 1842 1884 in
1890 1831 2071 1894 Patre,

497 1930 554 1977 et
587 1923 799 1977 Patrem
834 1923 1033 1978 habeat
1073 1926 1124 1978 in
1165 1923 1479 1991 semetipso.
1522 1924 1715 1976 merito
1745 1925 1941 1977 dicitur
1970 1940 2072 1976 non
2109 1909 2147 1963 Β

498 2011 646 2078 loqui
683 2029 712 2064 a
760 2026 820 2065 se
852 2013 990 2079 ipso,
1026 2013 1142 2075 sed,
1183 2021 1242 2064 tit
1271 2021 1430 2064 antea
1469 2012 1728 2076 scriptum
1776 2019 1878 2069 est,
1907 2024 1967 2062 ea
2002 2009 2080 2061 lo-

499 2104 690 2171 quitur
718 2117 837 2169 quae
872 2112 1000 2156 sunt
1032 2104 1147 2166 Dei,
1174 2103 1374 2172 quippe
1405 2102 1494 2169 qui
1538 2103 1678 2154 Deus
1717 2111 1797 2154 est
1832 2099 2076 2153 iueﬂabi-

501 2195 570 2249 lis
607 2196 951 2250 iuell'abiliter
987 2197 1178 2249 videns
1208 2195 1534 2248 voluntatem
1565 2193 1731 2262 389
1759 2193 1952 2249 Patris.
1981 2194 2080 2246 At-

503 2303 611 2358 que
645 2289 694 2341 id
724 2289 898 2358 ipsum
931 2288 1184 2342 similiter
1213 2287 1279 2340 de
1311 2286 1512 2355 Spiritu
1554 2300 1744 2339 sancto
1793 2287 2078 2338 dicendum

503 2389 608 2443 est,
640 2380 838 2449 quippe
870 2379 961 2447 qui
998 2389 1082 2433 est
1115 2378 1328 2431 divinus
1355 2376 1610 2446 Spiritus.
1651 2377 1753 2430 Sed
1788 2377 1888 2428 alia
1917 2377 2078 2429 etiam

505 2471 796 2538 explicatio
828 2470 1010 2524 all'erri
1065 2477 1264 2538 potest.
1319 2468 1452 2522 Cum
1486 2467 1721 2522 Verbum
1770 2466 1948 2520 Patris
1985 2467 2077 2527 ait,

513 2581 532 2614 σ
573 2563 808 2631 Spiritus
843 2561 955 2631 (81)
986 2577 1015 2613 a
1043 2575 1103 2614 se
1127 2560 1244 2627 ipso
1269 2573 1370 2612 non
1417 2557 1689 2626 loquetur,
1725 2559 1818 2611 sed
1851 2560 1916 2613 de
1963 2572 2084 2612 meo

509 2655 764 2723 accipiet,
796 2671 813 2704 ι
851 2653 1012 2706 unius
1045 2653 1320 2713 essentim,
1346 2651 1615 2718 uniusque
1632 2650 1928 2704 voluntatis
1961 2650 2081 2702 vin-

509 2745 691 2800 culum
724 2745 778 2798 itt
816 2744 1088 2798 Trinitate
1116 2743 1440 2796 ostenditur.
1485 2741 1620 2795 Cum
1657 2756 1786 2795 vero
1834 2743 1948 2809 ipse
1979 2757 2082 2795 non

509 2839 728 2902 dixerit,
776 2856 794 2888 ι
829 2838 1188 2905 Asemetipso
1233 2851 1338 2888 nou
1380 2834 1638 2903 loquitur,
1678 2853 1697 2885 ι
1747 2834 1864 2896 sed,
1904 2852 1922 2884 ‹
1979 2851 2083 2887 ttutt

511 2931 782 3000 loquetur,
809 2947 827 2980 ι
889 2935 1135 2996 apparet,
1166 2926 1328 2978 verba
1375 2923 1486 2988 illa,
1545 2941 1563 2974 ι
1605 2939 1709 2976 non
1756 2922 2024 2992 loquetur,
2062 2941 2080 2974 ι

509 3021 576 3073 ad
611 3027 819 3073 certum
851 3017 1120 3086 quoddam
1185 3024 1397 3082 tempus
1441 3028 1503 3066 ac
1545 3028 1659 3068 rem
1695 3029 1814 3068 esse
1845 3013 2088 3067 referen-

513 3113 600 3165 da.
638 3105 1083 3175 Quandoquidem
1134 3104 1453 3159 detrectanti
1496 3103 1685 3175 Moysi,
1727 3115 1782 3156 ut
1825 3113 1983 3157 antea
2011 3104 2092 3158 di-

511 3212 657 3253 ctuut
692 3208 795 3262 est,
831 3198 908 3252 ait
956 3195 1098 3251 Deus
1132 3215 1145 3250 :
1185 3215 1204 3247 ι
1243 3195 1390 3264 Elige
1447 3195 1560 3266 (8‘2)
1616 3196 1954 3265 septuaginta
1999 3210 2090 3251 se-

2174 643 2409 715 petierat,
2435 645 2642 706 ἐκεῖνος
2664 644 2808 712 ὑμᾶς
2831 645 3135 716 ἀναμνήσει
3160 646 3228 699 τὰ
3256 647 3476 718 ῥήματά
3505 665 3628 718 μου,
3651 651 3744 702 καὶ

2171 733 2424 803 ὢηγὴσει
2447 733 2590 803 ὑμᾶς
2616 733 2755 804 πρὸς
2782 735 2959 787 πᾶσαν
2982 735 3082 805 τὴν
3110 735 3371 806 ἀλήθειαν
3391 755 3404 766 ·
3431 737 3526 804 ἀφ’
3551 734 3742 791 ἑαυτοῦ

2171 825 2231 878 οὐ
2275 823 2534 894 λαλήσειο
2591 843 2608 876 ι
2658 825 2778 877 ἀντὶ
2829 825 2960 890 τοῦ,
3010 825 3100 896 Τῷ
3153 826 3294 897 ἁγίῳ
3339 827 3615 898 Πνεῦμα-’.τι
3669 828 3742 901 μὴ

2172 917 2534 986 ἀπιστήσητε,
2576 916 2644 969 τὰ
2683 915 2822 969 αὐτὰ
2865 916 3076 985 λέγοντι
3108 918 3204 971 καὶ
3249 918 3572 981 διδάσκοντι,
3602 919 3743 990 ᾇπερ

2174 1007 2285 1074 ἐγώ
2312 1025 2324 1036 ’
2354 1007 2428 1059 Οὐ
2474 1007 2584 1078 γὰρ
2634 1007 3008 1075 ἐτερὸὅουλον,
3059 1008 3168 1062 οὐδ’
3220 1011 3587 1080 ἐτεροούσιονο
3632 1014 3744 1074 τοῖς

2172 1098 2230 1150 δὲ
2273 1097 2498 1169 Πνεῦμα
2548 1099 2704 1166 ἆγιον
2750 1098 3003 1166 λέγουσιν
3057 1099 3226 1169 ἔχειν,
3280 1103 3372 1154 καὶ
3409 1103 3484 1173 μὴ
3527 1102 3652 1174 [185
3689 1101 3744 1174 b]

2173 1187 2396 1242 λαλοῦσι
2455 1187 2526 1242 τὰ
2567 1189 2678 1260 ἐμὰ
2751 1191 2844 1243 καὶ
2888 1190 2959 1244 τὰ
3002 1191 3112 1244 τῶν
3164 1193 3482 1264 προφητῶν,
3536 1194 3611 1264 μὴ
3657 1211 3746 1246 πι-

2177 1282 2469 1352 στεύσητε·
2520 1285 2594 1354 μή
2655 1299 2715 1335 τε
2765 1283 2872 1354 μὴν
2929 1284 3244 1354 ἀνάσχησθε
3295 1286 3620 1355 Μανιχαίου,
3671 1288 3746 1358 μὴ

2176 1375 2538 1444 προσιεμένου
2575 1375 2674 1445 τὴν
2700 1375 2943 1430 Παλαιὰν
2973 1377 3273 1447 Διαθήκην,
3299 1377 3412 1430 ἀλλ’
3456 1378 3748 1449 ἀπανθρω-

2175 1463 2306 1516 πίαν
2335 1465 2855 1535 καταψηφιςομένου
2889 1466 2984 1518 τοῦ
3023 1466 3230 1535 ἀγαθοῦ
3261 1468 3496 1538 Πατρδς,
3526 1468 3618 1520 τοῦ
3653 1469 3748 1521 σὺν

2177 1556 2301 1623 ἐμοὶ
2329 1554 2616 1617 λαλοῦντος
2657 1556 2752 1607 καὶ
2789 1556 3072 1622 ποιοῦντος
3095 1558 3166 1611 τὰ
3196 1558 3573 1630 φιλάνθρωπα.
3605 1558 3750 1630 Πρὸς

2175 1645 2406 1708 τούτοις,
2456 1647 2625 1714 Λόγος
2670 1646 2744 1698 ὣν
2781 1648 2877 1700 τοῦ
2925 1648 3060 1701 Θεοῦ
3117 1651 3480 1714 ἐνυπόστατος
3528 1653 3555 1703 6
3598 1652 3748 1715 Υἱὸς,

2177 1738 2272 1790 καὶ
2293 1738 2368 1790 ὢν
2392 1741 2450 1790 ἐν
2480 1738 2556 1807 τῷ
2587 1739 2780 1809 Πατρὶ,
2813 1741 2908 1792 καὶ
2931 1739 3023 1792 τὸν
3055 1741 3276 1812 Πατέρα
3307 1741 3444 1810 ἔχων
3468 1744 3525 1795 ἐν
3547 1742 3746 1812 ἐαυτῷ,

2179 1830 2404 1893 εἰκότως
2438 1831 2529 1898 ἀφ’
2570 1830 2764 1882 ἐαυτοῦ
2805 1831 2867 1882 οῦ
2907 1831 3097 1884 λαλεῖ·
3149 1832 3288 1897 ἀλλ’,
3320 1834 3397 1896 ὠς
3441 1836 3752 1904 προγέγραι

2180 1939 2332 1986 πται,
2366 1921 2431 1974 τὰ
2466 1922 2559 1974 τοῦ
2589 1921 2724 1974 Θεοῦ
2751 1922 2922 1985 λαλεῖ,
2964 1925 3060 1977 ἆτε
3095 1923 3159 1994 δὴ
3199 1925 3330 1988 Θεὸς
3369 1925 3604 1996 ἄρρητος
3631 1927 3753 1996 βλέ-

2181 2025 2298 2058 πων
2363 2010 2442 2070 είς
2509 2009 2570 2060 τὸ
2624 2010 2838 2080 Οέλημα
2883 2011 2978 2064 τοῦ
3033 2013 3274 2084 Πατρός⁶
3336 2015 3430 2066 καὶ
3489 2016 3551 2068 τὸ
3600 2017 3754 2080 ἆγιον

2182 2098 2406 2168 Πνεῦμα
2458 2099 2693 2169 ὁμοίως,
2743 2101 2838 2154 ἆτε
2885 2102 3027 2155 θεῖον
3077 2104 3320 2175 Πνεῦμα.
3365 2106 3603 2177 Νοητέον
3655 2111 3753 2161 καὶ

2181 2187 2394 2249 ἄλλωςο
2445 2189 2550 2241 Τοῦ
2591 2192 2764 2257 Λόγου
2825 2191 2918 2244 τοῦ
2976 2193 3192 2263 Πατρὸς
3243 2195 3580 2264 φάσκοντος·
3621 2217 3639 2249 ι
3683 2200 3757 2252 Τὸ

2182 2276 2407 2346 Πνεῦμα
2452 2279 2543 2346 ἀφ’
2591 2280 2785 2332 ἑαυτοῦ
2820 2282 2880 2333 οὐ
2934 2282 3180 2353 λαλήσει,
3227 2285 3340 2337 ἀλλ’
3387 2287 3450 2338 ἐκ
3482 2286 3572 2340 τοῦ
3619 2288 3756 2358 ἐμοῦ

2182 2367 2452 2438 λήψεται·
2499 2390 2518 2422 ι
2554 2374 2746 2441 ὁρᾶται
2780 2375 2808 2425 6
2843 2375 3137 2445 σύνδεσμος
3169 2377 3269 2446 τῆς
3301 2378 3510 2442 οὐσίας,
3539 2381 3631 2432 καὶ
3659 2381 3757 2433 τοῦ

2183 2461 2302 2523 ἐνὸς
2329 2461 2454 2532 Θελή
2467 2481 2634 2532 ματος
2658 2465 2757 2534 τῆς
2785 2466 3034 2536 Τριὰδος.
3073 2469 3186 2522 Οὐκ
3213 2470 3458 2534 εἰπόντος
3481 2473 3538 2524 δὲ
3566 2472 3755 2537 αὐτοῦ,

2197 2550 2312 2617 Ἀφ’
2353 2552 2547 2604 ἐαυτοῦ
2576 2555 2636 2606 οὐ
2672 2553 2838 2616 λαλεῖ,
2870 2556 3006 2620 ἀλλ’,
3045 2576 3064 2608 ι
3106 2559 3166 2611 οῦ
3203 2558 3446 2630 λαλήσει,
3486 2581 3503 2613 ι
3543 2561 3759 2614 δείκνυ-

2182 2659 2294 2707 ται,
2343 2645 2418 2706 ὡς
2456 2646 2546 2698 ἐπί
2584 2665 2688 2699 τινι
2735 2649 2915 2719 καιρῷ
2955 2651 3050 2702 καὶ
3109 2652 3396 2722 πράγματι
3432 2652 3628 2722 ἐλέχθη
3671 2654 3758 2718 τὸ,

2192 2754 2210 2785 ι
2241 2737 2300 2788 οὐ
2332 2735 2575 2808 λαλήσει.
2610 2757 2628 2788 ι
2675 2740 2910 2792 Ἐπείτοι
2941 2741 3016 2811 τῷ
3047 2743 3292 2806 Μωῦσεῖ,
3315 2745 3390 2807 ὡς
3413 2747 3758 2816 προείρηται,

2188 2829 2607 2899 παραιτουμένῳ
2649 2830 2798 2898 λέγει
2833 2835 2859 2884 6
2908 2834 3071 2896 Θεός·
3128 2854 3146 2886 ι
3201 2836 3474 2902 Ἐπίλεξαι
3529 2837 3761 2909 ἐϐδομή-

2188 2935 2351 2972 κοντα
2382 2919 2807 2991 πρεσὸυτέρους,
2845 2923 2940 2976 καὶ
2971 2924 3214 2996 λήψομαι
3255 2927 3362 2980 ἀπὸ
3385 2927 3478 2979 τοῦ
3513 2927 3762 2999 Πνεῦμα-

2187 3028 2276 3073 τος
2320 3012 2413 3064 τοῦ
2450 3014 2506 3065 ἐν
2537 3015 2640 3077 σοὶ,
2681 3015 2776 3066 καὶ
2805 3015 2962 3068 δώσω
3007 3019 3094 3069 ἐπ’
3143 3019 3373 3082 αὐτούς⁸
3413 3038 3430 3069 ι
3482 3021 3575 3072 καὶ
3611 3021 3762 3090 ὅμως

2187 3103 2286 3172 οὺχ
2333 3103 2408 3166 ὼς
2438 3103 2624 3174 ἐνδεὴς
2672 3105 2978 3175 ἐλάμϐανεν
3015 3108 3124 3161 ἀπὸ
3169 3108 3262 3162 τοῦ
3313 3108 3629 3179 Πνεύματος
3665 3109 3760 3162 τοῦ

2190 3195 2343 3258 ὄντος
2378 3197 2434 3248 ἐν
2465 3195 2542 3265 τῷ
2570 3198 2812 3251 Μωῦσεῖ.
2848 3198 3020 3251 Πάλιν
3051 3199 3180 3268 γοῦν
3209 3200 3396 3254 ἄλλοτε
3427 3201 3760 3265 ὲξουσιαστι-

513 3292 722 3356 niores,
755 3300 810 3346 et
850 3289 1116 3358 accipiam
1173 3289 1239 3344 de
1275 3287 1503 3358 Spiritu,
1545 3288 1637 3357 qui
1684 3299 1768 3342 est
1824 3289 1876 3342 in
1913 3298 1984 3352 te,
2032 3299 2087 3343 et

2191 3287 2300 3350 κῶς
2321 3288 2413 3340 καὶ
2429 3287 2762 3352 δεσποτικῶς
2788 3293 2962 3342 ποιεῖν
2991 3293 3084 3344 καὶ
3111 3292 3446 3360 φθέγγεσθαι
3471 3292 3564 3345 τὸν
3593 3295 3763 3346 Mavo-

513 3382 652 3437 dabo
685 3396 847 3450 super
879 3381 1019 3435 illos.
1060 3399 1080 3433 ι
1127 3379 1384 3434 Attamen
1423 3395 1529 3433 non
1599 3390 1849 3448 tanquam
1882 3381 2094 3450 indigus

514 3477 724 3543 accepit
747 3473 888 3528 Deus
915 3474 981 3528 de
1009 3472 1238 3541 Spirittt,
1267 3473 1355 3540 qui
1393 3481 1515 3525 erat
1552 3472 1602 3524 itt
1641 3471 1843 3542 Moyse.
1894 3471 2094 3541 Unige-

517 3567 686 3620 nilum
717 3581 902 3635 porro,
933 3581 998 3618 ac
1030 3565 1294 3632 Spiritum
1347 3562 1468 3627 Dei,
1501 3573 1755 3632 tanquam
1807 3578 1952 3626 eum,
2000 3562 2092 3630 qui

519 3657 736 3726 propria
773 3656 1099 3708 auctoritate
1125 3655 1382 3723 praeditus
1417 3653 1507 3718 sit,
1541 3665 1597 3707 et
1627 3663 1880 3722 tauquam
1918 3651 2095 3705 Domi-

519 3759 670 3808 ιιιιιιι,
695 3743 907 3811 operari
948 3753 1004 3798 et
1033 3743 1205 3811 loqui,
1255 3741 1381 3795 alibi
1436 3758 1628 3797 rursus
1670 3753 1899 3797 testatur
1941 3741 2093 3796 Scri-

521 3845 678 3903 ptura
713 3835 764 3887 itt
796 3834 940 3888 bttuc
994 3837 1209 3887 modum
1243 3849 1256 3885 :
1314 3832 1394 3886 De
1437 3832 1571 3887 Filio
1613 3833 1852 3900 quidem,
1909 3849 2095 3888 εχυιιι-

521 3926 593 3996 pli
631 3927 828 3994 gratia,
863 3927 939 3978 ait
973 3925 1138 3978 David
1176 3943 1188 3977 :
1231 3943 1250 3975 ι
1292 3926 1429 3980 Deus
1488 3933 1670 3979 auster
1705 3927 1816 3994 (85)
1859 3927 1909 3979 ίιι
1958 3925 2097 3978 ωεΙο

519 4029 574 4073 et
607 4019 657 4071 iu
692 4027 834 4072 terra
869 4019 1049 4072 omnia
1083 4035 1424 4088 quaecunque
1469 4019 1657 4080 voluit,
1693 4020 1840 4073 fecit.
1879 4038 1897 4070 ι
1933 4019 2097 4072 Isaias

519 4126 649 4165 vero
681 4129 696 4164 :
733 4129 751 4161 ι
808 4109 987 4164 Fortis
1039 4109 1187 4180 (84),
1245 4111 1578 4164 Dominator.
1633 4127 1652 4160 ι
1709 4107 1786 4161 Ac
1835 4119 2097 4178 praeterea

521 4205 738 4272 prppria
836 4213 1104 4272 potestate
1179 4203 1419 4256 divinam
1495 4203 1746 4256 virtutem
1834 4201 2099 4268 uperaba-

523 4307 609 4346 tur
634 4294 766 4364 (85),
803 4305 857 4347 et
888 4295 1142 4347 miracula
1178 4294 1508 4363 perﬁciebat,
1542 4302 1599 4346 ut
1644 4302 1802 4346 antea
1854 4291 1969 4361 (86)
2019 4291 2101 4344 di-

2189 3380 2324 3450 γενῆ
2365 3380 2460 3432 καὶ
2503 3381 2564 3433 τὸ
2603 3380 2828 3451 Πνεῦμα
2862 3381 2953 3434 τοῦ
3002 3382 3138 3436 Θεοῦ
3187 3385 3520 3455 μαρτυρεῖή
3574 3385 3762 3455 Γραφὴ

2189 3471 2422 3522 οὑτωσίο
2459 3472 2588 3541 περὶ
2620 3473 2719 3541 μὲν
2751 3471 2846 3524 τοῦ
2893 3473 3047 3536 Υίοῦ,
3084 3473 3160 3537 ὡς
3198 3475 3362 3545 ἡνίκα
3393 3473 3528 3546 λέγῃ
3565 3474 3760 3527 Δαυῒδ·

2195 3579 2212 3610 ι
2265 3559 2322 3614 '0
2354 3559 2486 3622 Θεὸς
2518 3560 2677 3630 ἡμῶν
2706 3563 2764 3614 ἐν
2792 3561 2869 3632 τῷ
2900 3562 3116 3632 οὐρανῷ
3145 3565 3239 3616 καὶ
3268 3565 3325 3615 ἐν
3357 3565 3423 3634 τῇ
3458 3567 3528 3634 γῇ
3565 3563 3763 3626 πάντα,

2188 3654 2288 3706 ὅσα
2323 3651 2610 3722 ἠθέλησεν,
2640 3653 2926 3724 ἐποίησενο
2969 3674 2985 3706 ι
3031 3654 3258 3718 Ἡσαΐας
3304 3655 3393 3708 δέ’
3448 3674 3466 3707 ι
3521 3657 3765 3725 Ἰσχνρδς

2190 3743 2574 3814 ἐξουσιαστής·
2631 3765 2650 3797 ι
2694 3748 2787 3798 καὶ
2835 3747 2910 3810 ὡς
2955 3749 3044 3800 ὅτε
3089 3749 3206 3801 κατ’
3263 3747 3509 3812 ἐξουσίαν
3557 3749 3768 3819 ἐνεργεί

2190 3834 2341 3886 Θείαν
2361 3834 2611 3905 δύναμιν,
2641 3839 2734 3888 καὶ
2763 3837 3015 3908 θαύματα
3043 3839 3309 3902 ἐπετέλει,
3337 3839 3412 3902 ὼς
3439 3839 3764 3910 προελέχοη.

2197 3926 2324 3998 [186
2349 3926 2402 3999 α]
2452 3929 2588 3998 Περὶ
2621 3929 2677 3980 δὲ
2714 3929 2810 3981 τοῦ
2853 3931 3008 3998 ἁγίου
3055 3930 3400 3996 Πνεῦματος,
3435 3930 3511 3992 ὡς
3540 3930 3699 4000 ἡνίκα
3740 3931 3770 3982 ὁ

2196 4016 2401 4088 Κύριος
2445 4017 2710 4090 διδάσκῃ·
2751 4037 2770 4070 ι
2811 4019 2884 4072 Τὸ
2932 4019 3160 4090 Πνεῦμᾶ
3200 4022 3333 4073 ὅπου
3365 4021 3509 4072 ϐέλει
3548 4017 3704 4072 πνείο
3742 4037 3764 4071 ι

2197 4109 2408 4172 Παῦλος
2437 4109 2493 4160 δέ
2517 4127 2530 4140 ·
2579 4127 2595 4160 ι
2636 4111 2820 4164 Πάντα
2861 4111 2917 4164 δὲ
2956 4113 3129 4165 ταῦτα
3165 4114 3378 4185 ἐνεργεῖ
3409 4113 3468 4164 τὸ
3501 4111 3559 4164 ἓν
3587 4112 3681 4166 καὶ
3707 4112 3770 4164 τὸ

2196 4199 2326 4252 αὐτὸ
2361 4199 2619 4270 Πνεῦμα,
2651 4200 2896 4272 διαιροῦν
2942 4203 3048 4274 ἰδίᾳ
3081 4203 3329 4272 ἑκάστῳ,
3372 4201 3552 4266 καθὼς
3585 4200 3770 4271 βούλεαι

2196 4307 2307 4343 ται.
2351 4308 2371 4342 ι

520 4399 666 4441 «tum
718 4389 840 4442 l'uit.
878 4387 953 4442 De
992 4387 1197 4457 Spiritu
1268 4397 1448 4442 autem
1502 4394 1714 4452 sancto,
1781 4385 2011 4455 exempli
2048 4386 2240 4454 gratia,
2284 4388 2540 4442 Domtnus
2595 4387 2708 4441 bace
2753 4390 2954 4441 docet:
2997 4405 3014 4437 ι
3053 4387 3290 4456 Spiritus
3351 4388 3462 4460 (87)
3498 4389 3584 4442 tibi
3636 4389 3769 4454 vult,

523 4483 711 4548 spirat.
764 4498 782 4531 ι
828 4478 1022 4532 Paulus
1063 4494 1233 4533 vero:
1273 4498 1291 4530 ι
1369 4470 1495 4533 1Ιὲεο
1542 4488 1722 4531 autem
1771 4476 1884 4547 (88)
1944 4478 2123 4531 omnia
2165 4487 2421 4546 operatur
2485 4494 2623 4532 unus
2662 4488 2716 4532 et
2757 4479 2895 4532 idem
2954 4479 3189 4547 Spiritus
3233 4478 3478 4534 dividens
3517 4494 3763 4533 seorsum

523 4575 750 4644 singulis
783 4584 940 4645 prout
973 4572 1105 4626 vult.
1155 4589 1174 4622 ι

602 4806 715 4876 (79)
752 4804 881 4858 Cum
909 4815 1103 4862 autem.
1133 4801 1288 4858 Joatt.
1334 4818 1424 4876 xv,
1477 4801 1568 4865 26,
1627 4816 1740 4865 xvr,
1797 4801 1885 4863 1⁵5,
1913 4809 1964 4876 et
1985 4814 2096 4863 XIV,
2133 4785 2175 4838 θ

530 4872 620 4930 ’ὶδξ
654 4872 782 4940 Quae
817 4876 931 4929 loca
983 4877 1121 4927 inter
1161 4890 1219 4926 se
1259 4875 1580 4942 permiscet.
1613 4886 1828 4924 sensum
1889 4872 2084 4942 cit-aus.

534 4939 718 4999 Simile
749 4945 875 5012 quid
909 4942 1034 4997 facit
1064 4945 1118 4996 itt
1150 4943 1240 4996 lib.
1260 4939 1347 4995 'De
1371 4942 1572 5009 Spiritu
1608 4939 2094 5012 aflnClOVlttltll._50-,

534 5017 622 5069 tibi
663 5016 740 5067 sic
769 5007 902 5066 citat
929 5032 942 5065 :
978 5031 996 5064 ι
1026 5013 1158 5066 Cum
1191 5021 1365 5064 autem
1397 5007 1603 5063 venerit
1630 5009 1938 5062 Parui-littus
1980 5007 2102 5074 Spi-

539 5089 670 5137 ritus
702 5093 954 5147 sanctus,
993 5098 1149 5148 quem
1207 5083 1385 5134 mittet
1421 5079 1580 5133 Pater
1615 5080 1666 5131 itt
1712 5079 1923 5130 nntttiue
1951 5095 2100 5141 meo,

542 5154 625 5206 ille
681 5169 774 5205 vos
825 5153 1036 5206 docebit
1085 5153 1288 5204 omnia.
1332 5169 1350 5201 ι
1401 5152 1529 5216 Quas
1577 5149 1771 5214 pat‘tittt
1819 5151 2100 5215 ιΙιξ-ιιιιιριει

538 5233 754 5276 suntex
787 5219 942 5274 Juan.
981 5236 1072 5287 xv,
1105 5221 1196 5288 26,
1245 5233 1337 5273 aut
1375 5237 1494 5284 xw,
1527 5219 1613 5285 15,
1652 5220 1845 5286 partim
1889 5232 1955 5271 ex
1991 5232 2101 5279 11v,

611 5359 722 5433 (80)
767 5357 1099 5433 _Vo_l_untati_s.
1141 5359 1351 5433 _Eod_etn
1398 5357 1557 5412 modo
1607 5355 1882 5433 Evangelii
1940 5355 2102 5433 verba

543 5426 737 5498 accipit
767 5430 820 5498 in
859 5430 994 5482 libro
1027 5429 1102 5482 De
1132 5428 1334 5496 Spiritu
1372 5437 1552 5482 sancto
1592 5443 1742 5480 num.
1783 5427 1852 5480 54
1882 5436 1934 5479 et
1963 5426 2053 5479 56.

617 5500 728 5572 (81)
768 5497 1035 5572 Spiritus.
1092 5499 1195 5572 lli_c_
1228 5513 1442 5572 quoque
1483 5499 1616 5572 duos
1664 5498 2112 5572 inter_se_textus

545 5564 844 5623 confundit.
896 5568 1026 5621 Nam
1054 5564 1367 5635 capite'xvt'
1410 5565 1652 5627 Joannis,
1689 5565 1954 5635 versiculo
1985 5564 2113 5632 qui-

547 5643 667 5695 dem
702 5639 768 5693 15
795 5638 984 5708 legitur
1013 5655 1025 5690 :
1057 5633 1132 5691 Οὔ
1160 5637 1267 5708 γὰρ
1305 5635 1530 5706 λαλήσει.
1561 5637 1652 5706 ἀφ’
1687 5633 1882 5708 ἐαυτοῦ
1905 5635 2000 5708 ,_id
2032 5643 2117 5687 est

556 5729 575 5761 ι
615 5724 716 5761 non
748 5704 890 5761 enim
933 5704 1180 5776 loquetur
1209 5704 1558 5774 a'sentet'ipso
1585 5704 1620 5770 ;⁷
1651 5725 1669 5756 ι
1711 5704 2116 5776 versiculoau-

549 5789 660 5832 tem
691 5777 756 5831 M
784 5779 952 5858 ξςᾩτι
982 5773 1045 5831 ἐκ
1073 5777 1166 5833 τοῦ
1194 5777 1327 5850 ἐμοῦ
1357 5773 1606 5849 λήψεται,
1631 5777 1681 5833 id
1712 5784 1813 5843 est,
1851 5793 1869 5826 ι
1910 5774 2034 5844 quia
2049 5773 2114 5828 de

553 5864 675 5902 uit-0
708 5850 951 5918 accipiet.
984 5869 1004 5901 ι

2277 4797 2385 4867 (82)
2426 4795 2596 4864 Elige.
2632 4794 2768 4848 Num
2838 4811 2923 4851 XI.
2964 4793 3050 4856 16,
3226 4793 3476 4867 Δὃίὲιιιξιιιιι
3518 4793 3774 4867 duntaxat

2196 4862 2366 4930 citat;
2395 4862 2532 4918 nm
2557 4870 2713 4918 verba
2752 4868 2862 4918 lucc
2903 4876 3028 4916 sunt
3058 4882 3069 4914 :
3103 4862 3380 4930 Συνάγαγὲ
3418 4880 3506 4932 μοι
3542 4863 3770 4932 suam}:

2202 4953 2365 4989 κοντα
2392 4936 2608 5006 ἄνδρας.
2643 4979 2654 4990 .
2678 4976 2705 5006 7.
2748 4935 2840 4986 καὶ
2872 4933 3054 5006 ἀφελῷ
3085 4933 3192 5006 ἀπὸ
3218 4933 3311 5006 τοῦ
3344 4930 3655 5003 Πνεῦματος
3670 4930 3771 4982 τοῦ

2201 5007 2293 5060 ἐπὶ
2329 5008 2434 5069 σοὶ,
2471 5003 2820 5076 καὶέπιθήσω
2858 5006 2942 5056 ἐπ’
2979 5003 3408 5076 autouguidest,
3450 5020 3468 5051 ι
3509 5017 3774 5076 congrege

2205 5077 2333 5129 mibi
2362 5091 2469 5129 Lxx
2513 5072 2735 5128 viros";
2759 5086 2809 5127 et
2842 5077 3082 5126 auferam
3113 5075 3176 5127 de
3209 5072 3411 5142 Spirittt
3435 5113 3450 5139 ,
3485 5073 3574 5141 qui
3612 5081 3693 5125 est
3719 5074 3772 5124 ιιι

2204 5153 2278 5210 te,
2305 5158 2354 5197 et
2391 5149 2660 5213 imponam
2702 5160 2864 5213 super
2902 5146 3062 5210 ipsiis.
3100 5164 3116 5193 ι

2275 5215 2387 5285 (85)
2426 5207 2559 5267 Deus
2587 5207 2784 5285 noster:
2805 5207 2947 5285 l’sai.
2971 5229 3122 5285 csttt,
3156 5227 3295 5266 vers.
3313 5212 3388 5285 11
3417 5209 3593 5281 (apud
3623 5207 3771 5278 Vulg.

2205 5282 2344 5354 part.
2371 5282 2607 5354 'tttvers.
2637 5285 2688 5354 '5.
2722 5283 2849 5336 Vide
2879 5293 2988 5337 not.
3022 5282 3112 5347 79,
3149 5298 3268 5352 pag.
3304 5283 3393 5335 11.

2303 5354 2392 5423 84)
2429 5352 2629 5423 Hortis.
2676 5353 2778 5406 Isa.
2817 5369 2892 5413 Ix,
2927 5354 2980 5406 6.

2309 5416 2399 5490 85)
2449 5421 2708 5476 Virtutem
2743 5423 3075 5488 operabatur.
3114 5420 3338 5475 Locutio
3390 5418 3613 5473 Biblica.
3653 5416 3781 5472 Vide

2212 5489 2349 5562 psa'l.
2379 5489 2556 5555 exvtt,
2593 5509 2735 5547 vers.
2774 5493 2877 5557 16;
2926 5491 3090 5546 Marc.
3135 5508 3222 5554 ιχ,
3262 5491 3369 5557 59;
3405 5489 3592 5560 Matth.
3653 5502 3782 5551 xui.

2211 5564 2303 5624 58,
2340 5573 2445 5618 etc.

2285 5632 2398 5702 (86)
2438 5633 2624 5702 ᾼηιεα.
2667 5630 2809 5702 Lege
2843 5645 2962 5700 cap.
2989 5630 3059 5702 27
3088 5629 3208 5684 libri
3247 5629 3406 5700 primi

2284 5700 2394 5767 (‘87)
2426 5700 2676 5767 Spiritus.
2711 5701 2869 5755 Joatt.
2904 5717 2991 5766 ιιι,
3021 5701 3074 5754 8.

2284 5705 2372 5764 (87
2426 5705 2676 5767 Spiritus.
2711 5705 2869 5755 Joatt.
2904 5717 2991 5766 ιιι,
3021 5705 3074 5754 8.

2284 5705 2397 5844 (88;
2439 5769 2567 5827 llwc
2593 5782 2789 5827 autent.
2831 5771 2850 5826 l
2903 5772 3028 5828 Cor.
3063 5785 3139 5826 xu
3199 5771 3282 5828 11.
