4056 6406
238 416 341 477 893
1337 410 1427 467 DE
1464 408 1842 466 TRINITATE
1878 406 2083 463 LIBER
2123 405 2453 463 TERTIUS.

889 533 1050 588 ΚΕΦ.
1099 533 1184 585 K'.

889 533 1050 588 ΚΕΦ.
1099 533 1184 585 K'.

330 626 720 683 ’Δποτίθεσθαι
745 626 837 680 τὸν
862 624 1140 695 Μονογενῆ
1166 624 1265 695 τὴν
1298 622 1595 693 βασιλείαν,
1625 620 1721 675 καὶ
1754 574 1857 690 μὴ⁴

2601 523 2639 575 A
2691 558 2708 575 .
2810 564 2826 573 .
2858 560 2874 574 .

2005 618 2246 684 ttegnum
2294 612 2362 666 ab
2414 519 2696 680 Uuigfnitfo
2722 518 2939 679 diioui,
2973 620 3205 675 curruque
3244 617 3504 662 aeternum

258 718 397 775 εἶναι
428 719 656 791 βασιλέα
685 718 924 785 αἰώνιον,
956 716 1357 772 ὑποτάσσεσθαί
1381 733 1443 768 τε
1478 714 1557 785 τῷ
1589 714 1727 785 Θεῷ,
1755 712 1831 776 ὥς

1960 707 2128 775 legem
2161 720 2267 758 non
2302 718 2447 768 esse,
2487 702 2581 755 sed
2635 700 2825 767 subjici
2872 700 2979 753 Deo
3026 698 3181 767 quasi
3214 699 3503 767 quemdam

261 829 383 866 τινα
409 789 657 866 άντίθεον
698 810 876 882 (ἵλεως
901 810 959 863 δὲ
989 812 1123 880 ήμῖν
1149 807 1336 876 ἔστω),
1373 807 1468 861 κα)⁵
1500 802 1639 860 εἶναι
1675 804 1833 875 μόνον

1964 798 2227 852 emideum
2258 794 2438 865 (nobis
2478 801 2657 847 autem
2686 791 2950 860 pr0pitins
2977 790 3090 859 ipse
3138 789 3424 859 ignoscat),
3445 806 3510 844 ac

3397 406 3499 462 894

268 925 287 957 ι
314 907 388 957 τά
414 904 595 958 πάντα
620 906 678 957 ὲν
705 904 838 956 πᾶσι
870 920 889 952 ι
916 901 1007 955 τὸν
1022 899 1244 971 Πατέρα
1261 887 1835 969 φαντάζονται,άφ’ὧν

262 995 572 1067 Κορινθίοις
592 992 803 1057 Παῦλος
820 992 1025 1064 ἔγραψε
1077 990 1256 1044 τοιάδε
1276 1005 1290 1019 °
1323 1009 1341 1041 ι
1367 989 1537 1043 Ὅταν
1560 984 1837 1058 παραδιδῷ

262 1086 370 1156 τὴν
402 1084 675 1154 βασιλείαν
705 1082 784 1153 τῷ
817 1081 936 1152 Θεῷ
979 1081 1074 1135 καὶ
1105 1080 1315 1153 Πατρὶ,
1348 1080 1477 1133 ὅταν
1514 1077 1839 1149 καταργήσῃ

264 1176 452 1229 πᾶσαν
485 1173 681 1246 ἀρχὴν,
722 1172 816 1226 καὶ
850 1170 1122 1235 ἐξουσίαν,
1168 1171 1264 1224 καὶ
1302 1168 1531 1239 δύναμιν
1553 1185 1567 1197 θ
1604 1167 1685 1221 δεῖ
1729 1166 1840 1237 γὰρ

265 1268 432 1321 αὑτὸν
451 1265 773 1338 βασιλεύειν,
795 1264 953 1336 ἄχρις
973 1258 1035 1316 οῦ
1061 1264 1126 1318 ἂν
1150 1262 1216 1333 θῇ
1242 1261 1448 1323 πάντας
1469 1259 1595 1321 τοὺς
1616 1257 1843 1329 ἐχθροὺς

267 1358 438 1413 αὑτοῦ
466 1358 570 1412 ὑπὸ
590 1358 716 1421 τοὺς
751 1356 917 1418 πόδας
945 1353 1133 1409 αὑτοῦ.
1157 1354 1422 1423 Ἔσχατος
1440 1349 1629 1421 ἐχθρὸς
1649 1364 1847 1418 καταρ-

267 1455 451 1521 γεῖται
473 1453 502 1503 ὁ
529 1450 789 1512 θάνατος’
823 1449 1000 1502 πάντα
1023 1446 1132 1517 γὰρ
1160 1442 1428 1507 ὑπέταξεν
1459 1441 1566 1494 ὑπὸ
1592 1439 1718 1502 τοὺς
1750 1438 1847 1492 πό-

270 1545 373 1606 δας
416 1541 602 1597 αὑτοῦ.
631 1543 798 1595 Ὅταν
823 1541 880 1593 δὲ
914 1540 1078 1612 εἴπῃ·
1111 1537 1193 1591 Τά
1235 1536 1415 1589 πάντα
1456 1533 1844 1595 ὑποτέτακται,

272 1636 457 1706 δῆλον,
498 1634 579 1686 ὅτι
613 1633 771 1696 ἐκτὸς
815 1630 910 1684 τοῦ
945 1628 1312 1694 ὑποτάξαντος
1358 1625 1506 1696 αὑτῷ
1534 1623 1604 1677 τὰ
1636 1624 1846 1677 πάντα’

272 1730 405 1782 ὅταν
432 1727 488 1779 δὲ
523 1726 769 1796 ὑποταγῇ
800 1722 951 1794 αὑτῷ
982 1722 1053 1775 τά
1091 1722 1283 1786 πάντα,
1319 1719 1442 1773 τότε
1468 1716 1630 1780 αὑτὸς
1665 1717 1694 1767 ὁ
1723 1713 1851 1777 Υἱὸς

273 1820 682 1891 ὑποταγήσεται
714 1816 793 1887 τῷ
823 1815 1153 1880 ὑποτάξαντι
1182 1811 1331 1882 αὑτῷ
1361 1810 1430 1864 τὰ
1460 1810 1656 1875 πάντα,
1696 1806 1784 1861 ἵνα

273 1911 305 1962 ὁ
339 1907 471 1970 Θεὸς
500 1906 572 1959 τὰ
596 1905 773 1960 πάντα
803 1905 863 1959 ὲν
902 1905 1089 1957 πᾶσιν.
1131 1923 1149 1954 ι
1188 1901 1299 1956 Καὶ
1331 1902 1411 1964 εἰς
1454 1898 1613 1953 τοῦτο
1652 1897 1732 1960 δὲ,
1765 1897 1847 1949 ὅτι

275 2000 408 2071 περὶ
435 1997 534 2069 τήν
558 1995 654 2050 τοῦ
684 1995 872 2049 δούλου
919 1995 1131 2066 μορφὴν
1166 1990 1405 2068 ἑλεῖσθαι
1439 1989 1723 2060 ὀφείλομεν
1758 1986 1850 2039 τὸν

278 2090 406 2144 νοῦν
432 2088 673 2160 ἀκριϐῶς
694 2104 709 2118 α
739 2088 792 2140 εί
819 2087 884 2156 γέ
917 2104 1000 2151 τις
1033 2082 1484 2155 ἀναλογιζόμενος
1509 2083 1644 2154 ὅπερ
1670 2082 1718 2133 εἰ
1745 2078 1855 2132 θεῖ-

280 2182 398 2245 κῶς
442 2180 841 2245 ὑποτάσσεται,
885 2179 980 2232 ἀπ’
1025 2178 1200 2248 ἀρχῆς
1234 2176 1300 2229 ἂν
1337 2174 1689 2228 ὑπετέτακτο.
1731 2173 1855 2226 Ἔτι

276 2276 338 2329 δὲ
364 2274 457 2328 καὶ
486 2275 551 2326 ὲκ
587 2274 686 2344 τῆς
715 2271 1056 2344 προφητείας
1084 2269 1305 2341 Δανιὴλ,
1336 2266 1566 2337 ἐχούσης
1597 2258 1700 2319 ὧδέ
1741 2281 1857 2328 πως

278 2365 426 2420 κατὰ
465 2363 644 2429 λέξιν·
681 2381 701 2415 ι
760 2361 1060 2433 Ἐθεώρουν
1102 2362 1160 2413 ὲν
1204 2359 1443 2430 ὁράματι
1494 2358 1593 2429 τῆς
1639 2356 1855 2421 νυκτὸς,

281 2457 381 2510 καὶ
420 2455 528 2509 ἰδοὺ
580 2453 719 2526 μετὰ
750 2452 857 2507 τῶν
892 2451 1129 2522 νεφελῶν
1177 2450 1273 2504 τοῦ
1318 2449 1568 2521 οὐρανοῦ,
1615 2448 1692 2513 ὡς
1729 2448 1857 2513 Υἱὸς

281 2544 570 2617 ἀνθρώπου
597 2545 910 2616 ἐρχόμενος,
940 2544 1036 2597 καὶ
1064 2543 1170 2606 ἕως
1196 2542 1291 2596 τοῦ
1317 2541 1552 2594 Παλαιοῦ
1586 2541 1693 2595 τῶν
1726 2543 1861 2612 ήμε-

289 2637 400 2706 ρῶν
450 2635 715 2705 ἔφθασεν
767 2635 862 2689 καὶ
915 2633 1200 2706 προσήχθη
1231 2632 1399 2704 αὑτῷ,
1457 2632 1583 2704 [186
1630 2632 1705 2704 b],
1765 2634 1860 2687 καὶ

285 2726 440 2798 αὑτῷ
472 2726 625 2798 ἐδόθη
659 2727 693 2797 ή
746 2727 926 2797 ἁρχὴ,
959 2726 1054 2779 καὶ
1092 2726 1125 2796 ή
1165 2724 1335 2796 τιμὴ,
1380 2724 1534 2795 καὶή
1580 2724 1856 2794 βασιλεία·

285 2818 385 2873 καὶ
442 2818 641 2881 πάντες
690 2819 739 2870 οἱ
771 2817 915 2881 λαοὶ,
956 2816 1143 2886 φυλαὶ,
1190 2816 1434 2885 γλῶσσαι
1478 2815 1859 2869 δουλεύσουσιν

285 2910 473 2982 αὑτῷο
525 2913 559 2981 ή
606 2909 826 2976 ἐξουσία
867 2906 1030 2963 αὑτοῦ
1070 2907 1286 2973 ἐξουσία
1334 2906 1581 2971 αἰώνιος,
1623 2908 1746 2978 ἥτις
1798 2907 1861 2959 οὑ

287 3000 717 3074 παρελεύσεται·
751 3000 845 3053 καὶ
894 3002 928 3069 ή
978 2998 1225 3069 βασιλεία
1271 2999 1437 3054 αὑτοῦ
1466 3000 1526 3054 οὑ
1558 2998 1862 3069 διαφθαρή-

290 3111 467 3148 σεται.
510 3112 529 3146 ›
569 3091 804 3147 Παλαιὸν
847 3090 957 3162 γὰρ
1000 3091 1226 3163 ἡμερῶν
1257 3092 1349 3145 τὸν
1397 3092 1618 3163 Πατέρα
1681 3090 1861 3157 λέγει’

1935 890 2108 946 solum
2141 886 2354 940 Patrem
2397 907 2415 935 ι
2445 883 2630 937 omnia
2660 882 2714 936 in
2746 880 2997 934 omnibus
3022 897 3041 929 ›
3070 894 3191 933 esse
3229 878 3512 931 commini-

1937 992 2162 1037 scuntur
2191 993 2256 1031 ex
2306 977 2394 1042 iis,
2436 989 2556 1044 quae
2604 969 2686 1026 ad‘
2708 970 3021 1025 Corinthios
3068 968 3266 1024 Paulus
3297 969 3515 1036 scripsit

1939 1074 2090 1128 hisce
2119 1071 2342 1125 verbis:
2389 1087 2408 1119 ι
2443 1067 2577 1122 Cum
2640 1063 2930 1119 tradiderit
2975 1060 3086 1133 (89)
3122 1075 3346 1129 regnum
3400 1057 3514 1114 Deo

1940 1175 1996 1219 et
2039 1163 2206 1227 Patri,
2239 1175 2362 1215 cum
2400 1155 2751 1212 evacuaverit
2802 1167 3020 1207 omnem
3065 1151 3423 1218 principatum
3459 1156 3517 1202 et

1942 1266 2262 1329 potestatem
2314 1264 2371 1308 et
2434 1251 2685 1304 virtutem
2721 1264 2735 1300 :
2769 1253 2987 1314 oportet
3038 1245 3181 1299 enim
3234 1242 3382 1295 illum
3432 1256 3520 1295 re-

1944 1327 2131 1417 gnare,
2174 1346 2345 1398 donec
2400 1337 2644 1409 posuerit
2679 1349 2871 1390 omnes
2911 1330 3159 1386 inimicos
3200 1329 3368 1398 ipsius
3402 1327 3516 1399 (90)

1946 1439 2045 1495 sub
2093 1435 2319 1506 pedibus
2372 1430 2537 1501 390
2584 1426 2700 1496 ejus
2746 1443 2761 1479 :
2810 1423 3100 1479 novissima
3148 1419 3366 1474 inimica
3427 1419 3521 1472 de-

1948 1528 2175 1585 struitur
2209 1540 2354 1581 mors
2389 1540 2403 1575 :
2447 1520 2628 1576 omnia
2661 1517 2809 1573 enim
2866 1513 3100 1584 subjecit
3136 1510 3238 1566 sub
3295 1507 3520 1579 pedibus

1950 1622 2086 1692 ejus.
2121 1618 2256 1675 Cum
2291 1626 2476 1670 autem
2510 1612 2647 1668 dixit
2675 1627 2689 1665 :
2715 1606 2910 1664 Omnia
2945 1604 3056 1677 (9t)
3087 1601 3327 1671 subjecta
3357 1608 3520 1664 sunt,

1951 1691 2070 1768 sine
2096 1711 2263 1766 dubio
2293 1717 2493 1777 praeter
2525 1719 2648 1758 eum
2681 1702 2772 1770 qui
2807 1697 3037 1767 subjecit
3066 1698 3115 1750 ei
3145 1692 3347 1748 omnia.
3385 1691 3520 1755 Cum

1953 1815 2132 1859 autem
2165 1800 2410 1869 subjecta
2444 1795 2647 1850 fuerint
2691 1791 2767 1846 illi
2813 1789 3021 1848 omnia.
3050 1797 3177 1841 tunc
3209 1785 3325 1855 ipse
3351 1780 3523 1843 Filius

1952 1896 2269 1965 subjicietur
2303 1892 2376 1954 ei,
2409 1889 2500 1957 qui
2528 1884 2759 1953 subjecit
2785 1882 2891 1953 ipsi
2932 1880 3145 1943 ornuia,
3178 1886 3237 1930 ut
3276 1875 3348 1930 sit
3377 1873 3523 1927 Deus

1953 1964 2133 2045 omnia
2181 1987 2235 2040 in
2291 1981 2608 2038 omnibus.»
2651 1974 3062 2045 Respondemus
3112 1968 3248 2041 (92),
3299 1966 3417 2021 haec
3454 1964 3525 2019 ab

1952 2097 2038 2140 eo.
2066 2078 2158 2148 qui
2192 2082 2454 2131 accurate
2516 2071 2607 2125 illa
2654 2066 2990 2137 expenderit,
3043 2064 3110 2117 de
3160 2059 3302 2115 servi
3349 2056 3523 2112 forma

1955 2147 2126 2241 accipi
2163 2170 2391 2231 debere;
2433 2180 2554 2219 nam
2584 2162 2628 2217 si
2676 2160 3036 2228 subjiceretur
3061 2168 3164 2223 qua
3198 2152 3360 2215 Deus,
3397 2147 3520 2203 sub-

1949 2265 2127 2336 jectus
2162 2259 2352 2315 fuisset
2393 2257 2462 2311 ab
2491 2254 2673 2309 initio.
2706 2251 2932 2307 Constat
2957 2247 3006 2300 id
3031 2254 3293 2314 praeterea
3323 2254 3389 2295 ex
3421 2240 3520 2293 Da-

1959 2330 2113 2412 nielis
2143 2351 2448 2424 prophetia,
2474 2362 2594 2417 quae
2644 2345 2707 2398 ad
2743 2341 2965 2397 verbum
2996 2340 3075 2394 sic
3110 2335 3307 2391 habet:
3341 2351 3361 2383 ι
3383 2330 3527 2386 Con-

1958 2446 2254 2517 templabar
2277 2441 2389 2513 (95)
2425 2441 2478 2493 in
2516 2437 2726 2490 visione
2777 2432 2972 2494 noctis,
3001 2438 3055 2484 et
3101 2441 3226 2482 ecce
3257 2438 3379 2479 cum
3426 2438 3527 2475 uu-

1959 2508 2119 2595 bibos
2172 2508 2297 2589 casu
2344 2508 2499 2598 quasi
2550 2523 2720 2580 Filius
2759 2517 2995 2575 hominis
3058 2513 3281 2566 veniens
3303 2508 3437 2577 (9t),
3474 2515 3530 2560 et

1960 2643 2131 2698 usque
2178 2626 2247 2679 ad
2291 2619 2585 2688 Antiquom
2633 2614 2840 2669 dierum
2890 2604 3155 2679 pervenit,
3183 2615 3237 2657 et
3269 2600 3533 2654 adductus

1959 2692 2176 2791 est-(95)
2207 2717 2280 2779 ei,
2310 2723 2368 2768 et
2410 2710 2512 2781 ipsi
2544 2711 2702 2762 datus
2740 2712 2825 2758 est
2852 2700 3209 2770 principatus,
3246 2702 3301 2747 et
3333 2692 3530 2752 honor,

1962 2823 2018 2870 et
2059 2785 2321 2882 regnum;
2363 2812 2419 2859 et
2446 2813 2636 2856 omnes
2689 2792 2892 2867 populi,
2940 2790 3131 2856 tribus,
3176 2785 3372 2853 linguae
3416 2796 3535 2836 ser-

1962 2906 2110 2959 vient
2137 2902 2185 2957 ei
2217 2917 2230 2953 :
2265 2905 2503 2967 potestas
2542 2890 2662 2959 ejus
2712 2892 2950 2956 potestas
2993 2889 3229 2941 aeterna,
3263 2889 3382 2945 qua:
3428 2887 3533 2926 non

1965 2964 2283 3068 przeteribit,
2308 2998 2364 3044 et
2397 2999 2622 3054 regnum
2649 2980 2766 3051 ejus
2796 2993 2901 3032 non
2936 2978 3329 3040 corrumpetur.
3355 2985 3375 3018 ι
3396 2964 3534 3019 Nam

1972 3054 2310 3153 ItAntiquum
2363 3079 2615 3134 dierum:
2675 3068 2805 3126 dicit
2861 3066 3077 3121 Patrem
3111 3079 3124 3115 :
3154 3059 3255 3127 Qui
3304 3070 3434 3111 vero
3484 3054 3534 3108 ci

288 3187 367 3250 ὡς
420 3185 545 3238 Υίὸν
596 3184 653 3238 δὲ
697 3151 987 3253 άνθρῶπου
1022 3151 1427 3255 ’προσαχθέντα
1479 3151 1661 3251 αὑτῷ,
1716 3151 1857 3249 ᾧτινι

1973 3201 1992 3233 r
2018 3151 2279 3234 adductus
2308 3181 2391 3227 est
2421 3167 2578 3239 quasi
2611 3164 2782 3219 Filius
2811 3157 3069 3220 hominis,
3091 3174 3111 3207 ›
3148 3153 3236 3208 cui
3265 3151 3421 3203 datus
3452 3156 3536 3201 est

291 3276 449 3348 ἐδόθη
501 3278 534 3347 ή
577 3275 751 3347 ἀρχὴ,
801 3275 896 3328 καὶ
943 3275 977 3345 ή
1018 3275 1174 3344 τιμὴ,
1222 3275 1317 3328 καὶ
1362 3276 1395 3346 ή
1445 3274 1722 3345 βασιλεία,
1769 3273 1860 3327 τὸν

254 3414 261 3421 .
290 3369 618 3440 σύμμορφον
652 3366 753 3436 τῆς
784 3364 1168 3430 ταπεινώσεως
1200 3365 1358 3438 ήμῶν
1396 3365 1562 3436 δηλοῖ.
1606 3367 1731 3420 Ἐὰν
1769 3363 1862 3419 οὖν

294 3459 374 3531 μή
405 3457 642 3520 δώσωσι,
695 3456 787 3509 διὰ
822 3455 981 3509 τοῦτο
1023 3456 1274 3527 εἰρῆσθαι
1309 3456 1389 3527 τῷ
1425 3456 1729 3528 Ἀποστόλῳ
1769 3458 1864 3511 καὶ

291 3549 373 3621 τῷ
408 3550 660 3621 προφήτῃ
706 3547 775 3602 τὰ
820 3548 1178 3619 προκείμενα,
1223 3547 1466 3602 λείπεται
1513 3550 1711 3612 αὐτοὺς
1752 3566 1862 3605 πα-

295 3641 677 3715 ραγράψασθαι
716 3641 808 3694 τὸν
849 3640 1056 3711 ἕτερον.
1118 3640 1248 3693 Ἀπὸ
1292 3641 1401 3712 γὰρ
1438 3640 1533 3695 τοῦ
1576 3642 1864 3696 ἀποστολι-

293 3735 394 3790 κοῦ
428 3734 613 3807 ῥητοῦ,
646 3732 741 3787 νῦν
777 3732 875 3803 μὲν
920 3731 1193 3802 βασιλεύει
1228 3733 1257 3785 ό
1295 3730 1443 3797 Υἱὸς,
1491 3732 1630 3802 μετὰ
1667 3733 1724 3787 δὲ
1764 3735 1865 3806 τὴν

293 3828 589 3884 ἀνάστασιν
614 3826 952 3888 ἀποτίθεται,
974 3825 1095 3878 κατ’
1118 3822 1335 3887 αὑτούς.
1376 3824 1507 3878 Ἀπὸ
1529 3824 1585 3878 δὲ
1606 3824 1706 3896 τῆς
1732 3842 1867 3896 προ-

295 3918 549 3991 φητείας,
595 3917 689 3972 νῦν
726 3917 824 3988 μὲν
863 3914 1017 3970 ούπω
1056 3915 1329 3986 βασιλεύει
1370 3917 1400 3969 ὁ
1439 3916 1704 3980 Βασιλεὺς
1756 3916 1866 3972 τῶν

298 4010 690 4081 βασιλευόντων
725 4010 819 4063 καὶ
847 4008 1053 4080 Κύριος
1092 4007 1205 4061 τῶν
1237 4008 1624 4079 κυριευόντων,
1656 4008 1778 4061 τότε
1809 4009 1866 4061 δὲ

295 4102 558 4173 ἄρχεται,
606 4100 746 4172 μετὰ
798 4099 959 4154 τοῦτο
1010 4098 1246 4170 ἔμπαλιν
1303 4098 1589 4168 φαίνεσθαι
1635 4099 1727 4152 ἐπὶ
1772 4097 1866 4153 τοῦ

296 4192 434 4246 Θεοῦ
477 4193 570 4247 καὶ
621 4190 855 4263 Πατρός.
904 4188 1270 4261 Εὑρίσκεσθαι
1324 4188 1381 4241 δὲ
1442 4188 1578 4261 πρὸς
1621 4187 1865 4254 τούτοις,

297 4284 381 4337 ὅτι
426 4287 490 4354 τῇ
540 4284 637 4354 μὲν
678 4281 938 4352 Παρθένῳ
976 4281 1161 4350 Μητρὶ
1210 4277 1375 4333 αὑτοῦ
1421 4280 1517 4333 καὶ
1555 4279 1633 4350 τῷ
1674 4280 1868 4351 Ἰωσὴφ

298 4374 545 4443 ὑπετάγη
576 4374 656 4435 εἰς
690 4373 788 4443 τὴν
814 4371 1148 4439 οἰκονομίαν,
1196 4368 1336 4423 ἑκὼν
1363 4369 1422 4423 δὲ
1449 4371 1608 4440 δῆλον
1638 4372 1866 4443 ὅτι,ᾼκαὶ

297 4466 401 4519 οὑκ
423 4465 654 4536 ἀνάγκῃ,
672 4465 794 4518 οὑδὲ
813 4460 1168 4517 καταϐάλλων
1186 4478 1236 4514 τι
1258 4460 1352 4514 τοῦ
1373 4461 1651 4532 βασιλικοῦ
1670 4441 1868 4534 γέρως,

1962 3270 2311 3343 principatus,
2339 3274 2395 3318 et
2423 3264 2616 3323 honor,
2650 3266 2704 3310 ct
2743 3266 2991 3323 regnum,
3042 3248 3191 3301 illum
3239 3242 3532 3314 signiﬁcat,

1962 3336 2052 3435 qui
2093 3336 2290 3416 nostra:
2325 3352 2615 3424 abiectioni
2662 3345 2961 3404 conformis
3005 3341 3181 3396 factus
3207 3347 3313 3392 est.
3351 3336 3537 3405 Itaque

1964 3431 2065 3516 nisi
2110 3456 2296 3516 verba,
2340 3464 2462 3519 qua:
2509 3446 2740 3513 allegata
2783 3447 2929 3501 sunt,
2978 3438 3045 3489 ab
3096 3431 3380 3502 Apostolo,
3419 3439 3536 3482 eta

1966 3551 2224 3625 propheta
2260 3548 2362 3600 hac
2387 3543 2454 3596 de
2480 3554 2644 3594 causa
2685 3536 2829 3589 dicta
2873 3544 2996 3587 esse
3025 3525 3418 3587 concesserint,
3450 3536 3538 3576 re-

1964 3615 2080 3701 stat
2108 3651 2166 3695 ut
2190 3634 2502 3693 alterutrius
2522 3628 2889 3686 testimonium
2923 3620 3078 3691 quasi
3133 3615 3539 3689 prmscriptione

1965 3744 2127 3801 atque
2166 3727 2484 3797 exceptione
2522 3730 2734 3776 utentes
2762 3713 2875 3789 (96)
2912 3710 3182 3783 rejiciant.
3224 3706 3355 3761 Nam
3384 3706 3539 3774 juxta

1966 3798 2259 3893 apostolica
2303 3814 2466 3870 verba
2515 3824 2663 3866 nunc
2701 3806 2919 3877 quidem
2971 3811 3160 3871 regnat
3201 3798 3390 3862 Filius,
3422 3803 3541 3893 post

1966 3910 2424 3970 resurrectionem
2469 3918 2598 3959 vero
2652 3913 2878 3971 regnum
2922 3893 3166 3963 deponit,
3198 3900 3256 3943 ut
3288 3887 3387 3958 ipsi
3419 3876 3541 3954 opi-

1968 4014 2185 4060 nantur.
2228 3999 2390 4055 Juxta
2442 3992 2786 4065 prophetiam
2833 4003 2964 4043 vero
2995 4000 3136 4042 nunc
3163 3983 3381 4052 quidem
3414 3993 3544 4031 non-

1969 4097 2095 4153 dum
2127 4099 2315 4160 regnat
2344 4089 2456 4142 Rex
2492 4082 2860 4155 regnantium,
2892 4089 2946 4132 et
2973 4076 3229 4130 Dominus
3263 4067 3551 4125 dominan-

1952 4189 2138 4250 tium;
2173 4195 2299 4239 tunc
2334 4188 2514 4234 autem
2569 4188 2795 4245 regnare
2836 4170 3059 4240 incipiet
3096 4164 3231 4236 (97),
3259 4179 3322 4217 ac
3355 4173 3541 4214 rursus

1971 4289 2156 4350 postea
2180 4286 2442 4344 apparere
2466 4270 2517 4323 in
2552 4266 2661 4321 Deo
2690 4273 2745 4319 et
2776 4265 2954 4318 Patre.
2990 4259 3210 4327 Insuper
3236 4267 3362 4307 vero
3393 4266 3542 4304 com-

1972 4349 2182 4440 pertum
2216 4374 2299 4419 est
2317 4362 2451 4433 (98),
2484 4374 2606 4413 eum
2630 4355 2834 4424 Virgini
2869 4352 3087 4422 quidem
3120 4349 3275 4401 matri
3305 4357 3437 4402 sum,
3478 4353 3543 4390 ac

1971 4456 2208 4524 Josepho
2237 4452 2537 4516 subjectum
2560 4445 2725 4498 fuisse
2742 4443 2796 4495 in
2822 4439 3226 4495 lucarnatione:
3247 4428 3544 4486 voluntarie

302 4553 500 4626 μᾶλλον
536 4527 717 4624 ἰδὲ-’τῇ
761 4551 1169 4621 συγκαταϐάσει
1201 4527 1416 4614 δεικνὺς
1458 4551 1520 4604 τὸ
1566 4527 1857 4623 ὑπέρογκοι

1973 4548 2178 4605 scilicet
2218 4543 2284 4597 iis
2329 4536 2731 4605 subjiciebatur,
2773 4547 2879 4585 non
2928 4527 3252 4583 necessitate
3298 4531 3539 4584 coactus,

296 4647 399 4717 τῆς
440 4645 710 4716 θεότητος,
743 4644 930 4698 καὶτὸ
974 4645 1144 4714 πρᾶον
1179 4645 1279 4713 τῆς
1323 4642 1668 4714 Δημιουργοῦ
1710 4643 1871 4698 δυνά-

303 4754 470 4808 μεως,
496 4739 590 4790 καὶ
611 4735 907 4807 οἰκονομῶν
932 4735 993 4788 τὸ
1012 4735 1161 4804 ἡμᾶς
1186 4733 1423 4804 πατράσι
1451 4731 1731 4786 πείθεσθαι
1747 4748 1760 4761 ⁶
1788 4729 1870 4799 οἷς

375 4869 484 4939 (89)
532 4869 958 4925 Cumtradideriz
1008 4868 1028 4919 Ι
1080 4867 1204 4939 Cor.
1250 4881 1372 4939 cap.
1428 4881 1517 4939 xv,
1575 4881 1602 4918 a
1633 4882 1770 4921 vers.
1799 4870 1871 4925 24

302 4942 370 4994 ad
513 4939 699 4994 Graeca
721 4938 1203 5019 erlitio‘itfapaﬁtp.
1241 4938 1418 4992 Codex
1447 4937 1865 5005 Alexandrinos,

302 5021 356 5065 et
391 5009 687 5081 Didymus:
724 5007 1021 5081 παραδιδῷ.

330 5149 342 5162 _
376 5073 721 5162 (90)'Ip_siru.
768 5073 899 5162 γοδς,
929 5073 1120 5162 αὑτοῦ,
1153 5077 1303 5162 tleest
1326 5075 1415 5162 hic
1445 5075 1498 5156 in
1524 5073 1709 5130 (ἔνεστι
1745 5078 1862 5131 edi-

306 5146 475 5211 tione,
509 5152 745 5203 sedeam
787 5148 945 5201 habet
974 5149 1140 5201 codex
1175 5146 1588 5200 Alexandrinus.

304 5218 729 5342 πέὲἐέοοηιηία.
760 5216 949 5272 Graaca
998 5218 1200 5272 editio:
1254 5216 1378 5268 Ὅτι
1428 5215 1607 5269 πάντα
1649 5231 1748 5285 pro
1796 5218 1866 5271 τὰ

378 5357 490 5438 (92)
527 5356 941 5438 Respondemus,
981 5364 1088 5436 etc.
1129 5352 1361 5438 Aliquod
1400 5354 1647 5438 mendum
1683 5357 1738 5438 in
1782 5358 1867 5413 his

303 5424 741 5550 cnbfrervidetur
766 5443 782 5493 ;
813 5426 975 5480 nimis
1001 5425 1146 5480 enim
1174 5424 1427 5494 perplexa
1456 5434 1542 5479 est
1590 5426 1643 5479 in
1677 5425 1867 5482 Graeco

305 5515 401 5553 seu
433 5513 495 5549 en
527 5513 595 5555 Ia.

379 5565 491 5634 (με)
526 5564 948 5634 ϐοηιεπιρίαραν.
982 5564 1117 5618 Dan.
1149 5577 1245 5629 vn,
1267 5563 1370 5634 ιδ,
1403 5562 1490 5616 u.

312 5670 353 5758 ‘.
534 5628 774 5758 Yeniem'.
819 5633 1005 5691 Graeca
1051 5628 1236 5688 editio
1261 5633 1352 5687 hic
1389 5632 1540 5689 addit
1575 5628 1664 5706 ἦν,
1703 5634 1755 5689 id
1787 5642 1873 5690 est

383 5774 494 5842 (95)
530 5773 797 5859 adductus
842 5782 939 5859 est.
984 5771 1153 5859 biblia
1189 5786 1289 5859 pro
1316 5772 1600 5846 προσήχθη
1621 5812 1638 5841 ,
1671 5773 1872 5831 habent

310 5844 676 5916 προσηνέχθη,
711 5845 763 5900 id
796 5854 878 5901 est
906 5863 924 5897 ι
954 5844 1163 5899 oblatus
1185 5852 1286 5899 est.
1318 5862 1339 5895 ›

1970 4652 2141 4707 neque
2154 4634 2442 4704 quidquam
2463 4629 2528 4682 de
2552 4625 2691 4696 regia
2714 4624 2975 4693 dignitate
2992 4618 3271 4687 abjiciens;
3291 4611 3382 4667 sed
3407 4625 3543 4665 con-

1977 4703 2323 4790 descensione
2359 4722 2534 4790 potius
2571 4718 2861 4771 ostendens
2891 4712 3271 4769 sublimitatem
3303 4703 3543 4767 deitatis,

2047 4863 2158 4936 (96)
2199 4856 2508 4936 Exceptione
2539 4862 2759 4936 ulerttes.
2808 4865 2865 4936 tn
2915 4861 3134 4936 Graeco,
3171 4843 3538 4936 ειταραγράιῖμαἰ

1979 4915 2126 4998 σθὲιίζ
2142 4915 2293 4999 ’ίιιιυιι
2320 4915 2718 4999 ίιιιείεροηειιιιὶε
2743 4930 2826 4999 est
2853 4919 3365 4999 prwscribegc,l.:rut,
3396 4915 3539 4999 quod

1974 4985 2122 5061 ideo;
2150 4985 2231 5054 cl~t
2253 5039 2269 5062 ,
2296 4985 2611 5062 exceptione
2637 4993 2730 5044 uti.
2770 4985 2947 5056 Quare
2974 4987 3109 5062 apud
3138 4985 3406 5062 Pollucem
3448 4985 3540 5036 lib.

1974 5055 2302 5137 villlasegm.
2342 5055 2563 5137 60,'_ubi
2598 5055 2820 5137 legitur,
2857 5056 3008 5137 παρά
3037 5055 3348 5137 διαιτηταζί
3366 5070 3545 5137 παρα-

1972 5124 2355 5216 γραψάμενος,
2383 5124 2479 5216 καὶ
2502 5124 2917 5216 ὑπομόσάμενος
2941 5124 3114 5188 νόσον,
3149 5125 3183 5197 ἢ
3215 5124 3542 5216 ἀποδημίαν,

1974 5196 2532 5274 ἶιῖίτὸια’ίιιιειῖρι·ειειιι
2572 5196 2652 5257 sic
2710 5196 2940 5255 vertisse
2988 5215 3002 5252 :
3070 5213 3088 5246 ι
3135 5196 3271 5262 apud
3311 5196 3546 5274 arbitros

1972 5265 2105 5336 reus
2127 5265 2372 5338 vocatus,
2402 5280 2457 5326 et
2488 5274 2732 5325 morbum
2776 5280 3080 5339 praetexens
3112 5277 3204 5318 aut
3231 5265 3541 5339 peregrina-

1975 5335 2195 5407 tionem.
2232 5365 2251 5398 ι
2313 5335 2638 5399 vertendum
2671 5335 2815 5395 enim
2847 5348 3014 5406 puto:
3065 5354 3085 5387 ι
3127 5335 3268 5406 apud
3311 5336 3545 5388 arbitros

1973 5420 2295 5485 exceptione
2326 5428 2485 5485 usus,
2516 5430 2536 5463 ι
2561 5421 2626 5485 et
2656 5410 2891 5485 reliqnaa

2047 5468 2437 5560 (δ’ῖίίζερηανε
2461 5468 2674 5551 incipiet
2694 5520 2710 5548 ,
2739 5468 2845 5535 etc.
2884 5475 3107 5532 Videtur
3144 5476 3197 5529 in
3223 5473 3413 5529 Graeco
3443 5468 3544 5525 ali-

1975 5553 2458 5631 quiddegidcrari.

2045 5607 2673 5699 (§8)'Compertum__est.
2715 5619 2787 5699 In:
2819 5618 3043 5699 Graeco,
3077 5610 3449 5699 εὑρίσκεσθαι,

1973 5678 2399 5779 εεξ⁷‹’ῗίιινθιι.ἰίι·ἰ.
2448 5710 2467 5744 ι
2506 5691 2729 5749 Videtur
2769 5678 3051 5761 legendum
3096 5678 3435 5756 εὑρίσκεται,
3485 5678 3542 5733 ω

1974 5777 2057 5827 est
2091 5788 2108 5822 ι
2143 5770 2432 5823 invenitur.
2462 5781 2483 5814 ι
2907 5809 2913 5816 .
3108 5770 3109 5773 ‘
