4056 6396
615 420 717 482 895
1852 408 2086 465 DIDYMI
2127 407 2598 464 ALEXANDRINI
3755 411 3840 468 893

614 549 669 594 et
691 543 1156 592 mansuetudinem
1183 533 1467 589 creatricis
1488 529 1726 593 virtutis,
1761 543 1825 582 ac
1857 545 1956 583 nos
1991 531 2190 583 docens

2294 528 2354 580 τὸ
2382 527 2644 598 τιμᾶσθαι
2676 524 2896 590 δικαίως
2924 526 3154 581 δέδωκεν
3187 524 3380 589 αὑτὸς,
3412 525 3491 590 ὼς
3522 542 3667 596 παρα
3692 528 3842 600 Aona;

615 627 888 697 quomodo
905 625 1216 695 parentibus
1232 623 1452 680 obedire
1469 623 1756 676 debeamus
1778 636 1790 670 :
1814 620 2006 688 quibus
2030 618 2188 688 391

2297 613 2478 672 εἶπεν·
2531 636 2550 668 ι
2588 616 2653 669 Τί
2691 617 2772 670 ὅτι
2807 617 3046 688 ἐζητεῖτέ
3079 634 3176 687 με;
3223 617 3344 670 Οὑκ
3377 617 3558 687 ᾔδειτε
3587 620 3665 672 ὅτι
3706 622 3756 672 ἐν
3783 623 3842 691 τῷ

618 720 811 772 merito
831 718 944 788 ipse
961 718 1230 772 concessit
1245 725 1301 769 ut
1316 715 1668 775 honorentnr,
1686 711 1822 766 sicut
1841 710 2190 779 aputlLucam

619 810 845 876 ipsemet
869 809 1004 861 dixit
1031 823 1085 862 τι
1111 806 1248 873 Quid
1267 803 1378 874 (99)
1405 803 1732 874 quaerebatis
1753 801 1875 855 me?
1895 816 1961 853 an
1986 801 2188 854 nescie-

619 898 782 962 batis,
810 899 950 968 quod
979 897 1030 951 in
1059 897 1220 952 domo
1252 896 1426 952 Patris
1459 897 1563 951 mei
1591 894 1667 967 (l)
1691 903 1905 965 Oportet
1926 910 2012 950 me
2030 897 2195 950 esse?

621 988 687 1040 Et
704 988 981 1042 descendit
1008 985 1108 1057 (ἓ),
1147 1006 1165 1038 ι
1187 986 1384 1056 inquit,
1404 1002 1423 1038 ι
1449 987 1502 1041 in
1525 985 1790 1040 Nazarelh
1820 1004 1834 1039 :
1864 996 1917 1040 et
1933 985 2196 1042 eratsub-

621 1077 764 1132 ditus
781 1075 906 1132 illis.
922 1096 940 1130 ι
961 1077 1066 1131 Sed
1089 1077 1234 1131 Patri
1266 1092 1329 1132 ac
1360 1076 1467 1132 Deo
1491 1076 1892 1144 nondumjusta
1914 1076 2196 1132 haereticos

622 1168 893 1238 subjectus
919 1169 1059 1223 fuit:
1090 1185 1154 1224 ac
1185 1169 1415 1223 mendax
1449 1168 1547 1222 fuit
1571 1168 1790 1232 Paulus,
1825 1183 1946 1222 cum
1983 1169 2049 1222 ad
2071 1168 2196 1222 Phi-

620 1257 895 1328 lippenses
943 1259 1164 1328 scripsit
1193 1278 1206 1313 :
1267 1278 1286 1311 ι
1313 1259 1509 1314 Factus
1541 1257 1617 1328 (5)
1644 1257 1900 1312 obediens
1933 1271 2102 1324 usque
2129 1255 2195 1310 ad

621 1360 874 1413 mortem,
934 1360 1162 1403 mortem
1203 1359 1380 1404 autem
1434 1349 1630 1402 crucis.
1661 1365 1682 1400 ι
1724 1345 1877 1402 Sicut
1916 1363 2044 1415 ergo
2071 1363 2194 1402 cum

620 1451 762 1495 esset
793 1441 1014 1509 aequalis
1047 1441 1174 1505 Deo,
1208 1451 1260 1494 et
1294 1441 1346 1493 in
1376 1437 1546 1494 forma
1588 1437 1706 1502 Dei,
1729 1455 1832 1494 non
1861 1449 2078 1509 prapter
2106 1453 2198 1493 se-

620 1530 816 1598 ipsum,
844 1529 938 1584 sed
963 1544 1059 1598 pro
1086 1528 1240 1583 nobis
1266 1528 1440 1583 factus
1469 1539 1552 1583 est
1569 1537 1864 1596 peccatum,
1895 1540 1948 1583 et
1977 1529 2198 1584 maledi-

620 1621 748 1684 ctio,
779 1622 860 1676 sic
889 1636 994 1676 non
1019 1633 1239 1690 propter
1267 1621 1524 1691 seipsum,
1544 1622 1636 1675 sed
1661 1631 1880 1692 propter
1905 1638 2002 1676 nos
2021 1623 2196 1678 dictus

618 1719 702 1765 est
725 1710 1088 1781 inScripturis
1115 1727 1336 1780 regnum
1360 1712 1676 1775 traditurus,
1713 1719 1769 1765 et
1800 1711 2191 1779 subjiciendus.

2295 1713 2590 1784 ἁμαρτίας,
2641 1715 2831 1783 μείνας
2861 1709 2942 1778 εἷς
2977 1715 3068 1766 καὶ
3099 1716 3127 1767 ὁ
3167 1715 3354 1777 αὑτός.
3391 1715 3518 1778 Πῶς
3547 1717 3650 1788 γάρ
3679 1719 3704 1770 ὁ
3732 1718 3844 1770 πάν-

619 1802 882 1868 Quoniam
913 1813 1131 1872 propter
1164 1803 1542 1874 benignitatem
1573 1803 1626 1856 in
1657 1803 1901 1859 homines
1931 1819 2081 1858 suam
2112 1804 2191 1858 fa-

2294 1821 2401 1858 των
2429 1805 2654 1876 ποιητὴς
2686 1805 2782 1859 καὶ
2810 1806 3027 1858 πάντων
3060 1805 3308 1876 κρατῶν·
3359 1805 3458 1877 (ἐν
3485 1813 3596 1871 τοῖς
3626 1811 3749 1862 πᾶσι
3801 1809 3845 1860 δὲ

617 1902 739 1946 ctus
767 1902 850 1947 est
877 1893 991 1948 sine
1018 1893 1122 1946 ulla
1147 1903 1458 1948 naturarum
1474 1894 1788 1948 confusione
1806 1894 1944 1963 quod
1977 1912 2075 1950 nos
2104 1912 2191 1950 su-

2300 1894 2534 1948 τίθενται
2579 1895 2674 1948 καὶ
2708 1897 2758 1948 οἰ
2808 1895 3064 1967 αἰῶνες),
3115 1898 3143 1949 ὁ
3198 1900 3601 1971 srmone-subet;
3642 1900 3842 1971 πρῶτος.

618 1998 760 2049 mus,
801 1994 1028 2054 excepto
1063 1995 1304 2054 peccato,
1351 1999 1415 2040 ac
1455 1985 1654 2039 mansit
1677 2001 1815 2041 unus
1838 1995 1892 2039 et
1913 1987 2070 2040 idem.
2105 1987 2191 2042 Ille

2301 1985 2395 2038 καὶ
2438 1987 2516 2048 εἰς
2549 1985 2616 2038 τὰ
2654 1985 2871 2055 ἐφεξῆς,
2914 1987 3009 2038 καὶ
3055 1988 3500 2060 Παντοκράτωρ,
3537 1990 3744 2042 δύναται
3782 1991 3846 2050 είς

615 2075 782 2139 enim,
803 2076 894 2145 qui
925 2087 1010 2130 est
1036 2091 1213 2130 rerum
1237 2076 1476 2131 omnium
1507 2076 1784 2140 Conditor,
1806 2077 2003 2146 quique
2025 2079 2191 2131 omni-

2299 2075 2425 2138 τοὺς
2454 2076 2650 2146 ἐφεξῆς
2695 2074 2898 2138 αἰῶνας
2947 2076 3021 2148 μὴ
3057 2080 3275 2148 κρατεῖν
3313 2081 3410 2131 καὶ
3455 2079 3743 2149 βασιλεύειν
3769 2080 3844 2130 σὺν

617 2166 719 2221 bus
760 2166 988 2236 imperat
1023 2169 1187 2236 (inter
1225 2169 1406 2222 omnia
1443 2182 1570 2222 vero
1597 2176 1867 2236 ponuntur
1896 2168 2060 2221 etiam
2091 2183 2191 2222 8:2-

2300 2169 2474 2236 Πατρῖ
2504 2167 2600 2220 καὶ
2634 2166 2930 2236 Πνεύματι,
2967 2169 3108 2222 καθά
3140 2171 3234 2223 καὶ
3257 2169 3376 2234 νῦν,
3405 2173 3500 2224 καὶ
3527 2171 3630 2224 ἀεί.

617 2258 781 2329 cuia),
811 2260 900 2327 qui
939 2261 1152 2314 demum
1187 2275 1216 2314 a
1245 2261 1524 2330 prophetis
1549 2261 1722 2315 dictus
1755 2273 1839 2318 est
1883 2263 2087 2332 primus
2127 2271 2181 2318 et
2217 2260 2473 2330 deinceps
2505 2261 2605 2331 (εί),
2663 2270 2717 2314 et
2767 2261 3134 2329 Omnipotens,
3207 2265 3484 2331 (ιιιιιιιιοιίο
3542 2271 3710 2331 potest
3763 2274 3843 2314 sat-

618 2351 758 2407 culis
778 2353 1037 2422 deinceps
1059 2356 1253 2412 futuris
1279 2373 1383 2412 non
1408 2358 1696 2428 imperare,
1721 2374 1786 2415 ac
1814 2375 2043 2431 regnare
2070 2377 2192 2416 cum
2235 2359 2396 2413 Patre
2423 2369 2478 2413 et
2509 2359 2712 2426 Spiritu
2744 2358 2881 2412 sicut
2919 2373 3083 2416 ntmc.
3125 2357 3196 2410 ita
3233 2369 3288 2412 et
3323 2358 3580 2428 semper?

689 2444 844 2509 Quod
873 2457 1052 2500 autem
1076 2447 1484 2503 interniinatum
1513 2451 1584 2504 sit
1605 2451 1724 2519 ejus
1753 2467 1975 2522 regnum
2002 2455 2190 2523 (unum

2366 2451 2488 2503 ’Ὁτι
2521 2450 2578 2502 δὲ
2625 2448 2977 2520 ἀτελεύτητος
3027 2449 3190 2502 αὑτοῦ
3242 2451 3274 2521 ἡ
3345 2450 3594 2522 βασιλεία
3633 2449 3832 2519 ὑπάρχει

617 2546 703 2590 est
763 2540 907 2592 enim
937 2539 1228 2593 indivisum
1277 2541 1564 2596 Trinitatis
1610 2547 1879 2612 regnum),
1909 2546 1961 2598 in
2019 2548 2191 2616 primo

2294 2544 2418 2616 (μία
2439 2545 2549 2618 γάρ
2569 2548 2716 2598 ἐστιν
2738 2545 3042 2614 ἀδιαίρετος
3062 2545 3162 2614 τῆς
3193 2545 3471 2616 Τριάδος),
3499 2547 3558 2598 ἐν
3577 2544 3652 2614 τῷ
3675 2541 3843 2613 πρώτῳ

617 2626 764 2700 λόγῳ
823 2629 899 2700 (5)
963 2629 1258 2700 Scriptura:
1304 2635 1630 2688 testimoniis
1681 2637 1987 2691 accuratius
2034 2646 2191 2706 atque

2299 2630 2444 2702 λόγῳ
2478 2631 2833 2702 ἐμαρτυρήθη
2869 2631 3425 2704 ὲξεργαστικὼτερον,
3454 2637 3511 2687 ἐν
3538 2627 3616 2695 οἷς
3642 2633 3678 2684 Γ
3678 2629 3841 2702 αϐριὴλ

2294 709 2428 776 οἴκῳ
2458 707 2554 760 τοῦ
2583 706 2794 778 Πατρός
2824 723 2925 776 μου
2964 707 3045 759 δεῖ
3079 723 3144 776 με
3176 703 3362 772 εἷναι;
3400 709 3511 761 Καὶ
3541 709 3778 780 κατῆλθε,
3826 731 3841 763 ι

2296 799 2482 868 φησιν,
2519 819 2538 850 ‹
2590 800 2670 862 εἰς
2718 797 3004 869 Ναζαρὲθ,
3047 799 3141 852 καὶ
3184 795 3256 869 ἧν
3295 799 3728 870 ὑποτασσόμενος
3770 805 3845 856 αὑ-

2294 890 2425 950 τοῖς.
2473 905 2491 938 »
2528 886 2617 956 Τῷ
2649 887 2704 939 δὲ
2745 887 2920 959 Πατρὶ
2961 887 3054 940 καὶ
3098 887 3176 958 τῷ
3230 887 3359 959 Θεῷ
3395 889 3627 951 οὐδέπω,
3667 890 3778 962 [187
3801 891 3844 964 τι]

2295 980 2412 1032 κατ’
2456 979 2671 1042 αὐτοὺς,
2703 978 2979 1048 ὑπετάγη·
3008 979 3102 1031 καὶ
3136 979 3384 1050 ἐψεύσθη
3424 982 3522 1051 μὲν
3563 986 3705 1054 παρὰ
3730 986 3848 1038 Παύ-

2295 1071 2409 1135 λου,
2443 1069 2823 1141 Φιλιππησίοις
2859 1070 3262 1134 ἐπιστέλλοντος
3285 1087 3298 1100 ·
3351 1091 3370 1124 s
3414 1073 3699 1143 Γενόμενος
3729 1077 3846 1145 ὑπή-

2296 1180 2419 1225 κοος
2454 1161 2613 1233 μέχρι
2645 1161 2900 1226 θανάτου,
2945 1160 3174 1214 θανάτου
3214 1161 3273 1214 δὲ
3311 1164 3552 1234 σταυροῦ
3616 1184 3633 1214 ι
3671 1167 3846 1236 Ὠσπερ

2295 1249 2388 1306 οὖν
2433 1256 2521 1305 ἶσα
2566 1253 2686 1322 Θεῴ
2724 1254 2818 1306 καὶ
2857 1255 2916 1305 ἐν
2963 1257 3145 1325 μορφῇ
3198 1254 3340 1307 Θεοῦ
3385 1255 3664 1325 ὑπάρχων,
3705 1258 3758 1308 οὐ
3794 1258 3845 1308 δι’

2297 1344 2508 1410 ἐαυτὸν,
2542 1345 2654 1397 ἀλλ’
2698 1345 2838 1416 ὑπὲρ
2877 1345 3056 1416 ἡμῶν,
3099 1347 3347 1416 ἁμαρτία
3383 1348 3576 1416 γέγονε
3645 1350 3730 1402 καὶ
3764 1367 3846 1400 κα-

2295 1438 2464 1508 τάρα·
2493 1436 2687 1501 οὕτως,
2712 1438 2772 1490 ού
2793 1437 2860 1492 δι’
2896 1437 3108 1505 ἐαυτὸν,
3133 1439 3271 1492 ἀλλὰ
3302 1439 3371 1492 δι’
3401 1441 3552 1510 ἡμεῖς
3573 1440 3846 1511 γέγραπται

2297 1520 2636 1600 παραδώσων
2667 1531 2762 1584 καὶ
2791 1529 3274 1600 ὑποταγησόμενος
3299 1547 3314 1560 ο
3352 1531 3544 1602 ἐπειδὴ
3576 1531 3660 1585 διὰ
3690 1532 3846 1600 φιλαν-

2297 1620 2545 1692 θρωπίαν
2600 1621 2824 1689 γέγονεν
2879 1621 3230 1691 ἀσυγχύτως,
3287 1624 3432 1694 ὅπερ
3490 1625 3682 1694 ἐσμὲν,
3719 1627 3846 1688 ἐκτὸς

617 2723 903 2789 operosius
948 2723 1320 2778 conlirmatnm
1363 2735 1466 2778 est.
1508 2724 1672 2780 Recte
1705 2727 1848 2780 enim
1882 2727 2190 2784 Gabrielem

619 2812 823 2869 dixisse
844 2824 1096 2870 constat:
1130 2815 1428 2885 «Regnabit
1450 2819 1526 2889 (6)
1547 2833 1710 2886 super
1747 2819 1966 2873 domum
2018 2820 2183 2876 Israel

619 2902 676 2957 in
707 2906 902 2959 srecula
933 2947 949 2974 ,
985 2917 1042 2961 et
1077 2907 1225 2973 regni
1271 2906 1388 2975 ejus
1429 2923 1534 2963 non
1573 2909 1678 2963 erit
1713 2909 1870 2974 linis;
1897 2929 1916 2962 ι
1949 2919 2003 2963 et
2030 2911 2190 2963 Davi—

617 2995 740 3052 dem
767 3015 782 3051 :
810 3013 829 3049 ι
849 2996 1098 3053 Thronus
1123 2999 1200 3068 (7)
1225 3010 1370 3063 tuus,
1401 2999 1562 3064 Deus,
1600 3000 1655 3054 in
1687 3000 1944 3055 saeculum
1972 3001 2188 3057 seaculi:

616 3088 768 3158 virga
795 3091 1132 3144 rectitudinis
1155 3091 1302 3159 virga
1331 3091 1478 3161 regni
1505 3091 1618 3156 tui;
1641 3091 1877 3146 dilexisti
1899 3091 2188 3160 justitiam,

2295 2720 2424 2793 εὖγε
2469 2724 2718 2793 φαίνεται
2751 2724 3018 2795 εἰρηκώς·
3068 2743 3086 2775 ι
3125 2724 3449 2778 Βασιλεύσει
3498 2727 3588 2778 ἐπὶ
3615 2725 3698 2777 τὸν
3721 2718 3840 2775 οἷκον

2310 2815 2524 2886 Ἰσραὴλ
2569 2817 2649 2878 εἰς
2679 2815 2804 2879 τοὺς
2838 2815 3071 2880 αἰῶνας,
3105 2816 3200 2868 καὶ
3246 2816 3350 2887 τῆς
3401 2815 3672 2886 βασιλείας
3702 2811 3837 2866 αὑτοῦ

2295 2907 2396 2960 οὑκ
2429 2906 2581 2960 ἐσται
2618 2906 2808 2970 τέλος·
2851 2925 2868 2956 ι
2915 2907 3007 2960 καὶ
3046 2907 3244 2960 Δαυῖδ·
3283 2925 3301 2958 ι
3361 2909 3421 2960 '0
3469 2907 3649 2978 θρόνος
3681 2903 3838 2965 σου,ὁ

2296 2997 2461 3060 Θεὸς,
2493 2999 2575 3059 εἰς
2604 2997 2696 3051 τὸν
2729 2996 2901 3049 αἰῶνα
2931 2995 3025 3049 τοῦ
3063 2997 3255 3061 αἰῶνος
3276 3013 3289 3026 °
3324 2998 3522 3068 ῥάϐδος
3565 2996 3834 3062 εὐθύτητος,

2295 3090 2328 3158 ἡ
2367 3088 2559 3157 ῥάϐδος
2590 3087 2690 3157 τῆς
2721 3087 2995 3158 βασιλείας
3026 3104 3118 3139 σου
3141 3105 3154 3116 ·
3187 3088 3484 3159 ἠγάπησας
3509 3084 3834 3151 δικαιοσύνην,

616 3189 672 3234 et
729 3181 890 3236 odisti
941 3181 1323 3252 iniquitatem;
1360 3191 1644 3251 propterea
1674 3183 1828 3236 unxit
1887 3191 1972 3248 te,
2025 3182 2183 3248 Deus,

2294 3181 2384 3232 καὶ
2416 3179 2684 3250 ἐμίσησας
2714 3179 2955 3233 ἀδικίαν·
2990 3179 3078 3230 διὰ
3108 3178 3262 3231 τοῦτο
3295 3179 3484 3252 ἔχρισε
3529 3195 3607 3237 σε,
3673 3174 3776 3236 Θεὲ,
3812 3171 3834 3220 ὁ

617 3271 762 3327 Dens
793 3281 935 3336 tuus,
950 3272 1068 3326 oleo
1092 3272 1291 3326 laetitia:
1311 3289 1418 3340 pra‘
1437 3273 1789 3342 participibus
1829 3274 1956 3328 tuis.
1983 3292 2003 3326 ι
2039 3273 2191 3339 Quod

615 3375 747 3416 vero
784 3363 977 3416 attinet
1019 3364 1085 3416 ad
1136 3363 1224 3415 illa
1264 3362 1416 3416 Pauli
1462 3364 1624 3418 verba
1647 3363 1724 3433 (8)
1755 3381 1768 3417 :
1802 3381 1820 3416 ι
1849 3363 1918 3418 Ut
1951 3363 2023 3416 sit
2053 3362 2193 3418 Deus

616 3456 798 3508 omnia
825 3454 878 3508 in
911 3456 1186 3518 omnibus,
1223 3473 1244 3508 ι
1275 3471 1337 3508 ea
1371 3457 1534 3508 Deum
1584 3456 1802 3525 quidem
1857 3456 1934 3526 (9)
1960 3457 2194 3510 maxime

617 3545 896 3613 denotant,
924 3561 1021 3602 nec
1032 3561 1314 3616 personam
1327 3546 1490 3616 392
1513 3562 1542 3600 a
1567 3562 1795 3616 persona
1818 3547 2191 3616 distinguunt:

618 3637 689 3692 iis
735 3647 912 3693 tamen
960 3638 1160 3692 similia
1193 3640 1334 3692 idem
1376 3639 1665 3708 Apostolus
1712 3639 1904 3693 scribit
1937 3640 2002 3692 de
2029 3638 2187 3695 Filio.

623 3729 880 3786 Romanis
915 3731 1129 3800 quidem
1155 3743 1170 3784 :
1202 3749 1220 3782 ‹
1250 3730 1326 3785 Ex
1359 3732 1556 3801 quibus
1587 3730 1699 3802 (l0)
1725 3730 2074 3786 estChristns
2106 3747 2191 3786 se-

621 3821 855 3875 cundum
897 3836 1145 3888 carnem,
1202 3825 1292 3891 qui
1325 3832 1410 3878 est
1436 3823 1488 3877 in
1515 3823 1768 3878 omnibus
1806 3823 1945 3878 Deus
1973 3839 1989 3888 ;
2021 3841 2040 3874 ι
2083 3823 2189 3879 Co-

620 3911 958 3968 lossensibns
1011 3928 1140 3968 vero
1184 3913 1252 3968 de
1302 3913 1488 3968 futuro
1539 3913 1738 3969 saecqu
1800 3913 2030 3984 loquens
2074 3914 2190 3968 ait:

625 4003 776 4062 «Ubi
824 4005 934 4075 (ll)
979 4021 1082 4060 non
1126 4014 1213 4060 est
1257 4005 1511 4072 Graecus,
1560 4015 1615 4059 et
1654 4003 1906 4072 .Iudzcus,
1953 4004 2193 4077 Scytha,

2297 3272 2428 3334 Θεός
2481 3287 2574 3324 σου
2617 3271 2793 3324 ἔλαιον
2837 3270 3212 3339 ἀγαλλιάσεως
3258 3273 3414 3343 παρὰ
3450 3273 3574 3333 τοὺς
3615 3266 3834 3338 μετόχους

2300 3380 2415 3416 σου.
2474 3382 2493 3416 ι
2549 3364 2684 3435 Περὶ
2725 3363 2780 3416 δέ
2822 3364 2917 3415 τοὺ
2951 3364 3203 3433 γράφειν,
3254 3383 3272 3416 ι
3316 3365 3436 3418 ’Ὶνα
3555 3365 3582 3415 ὀ
3626 3358 3744 3419 Θεὸς
3783 3353 3835 3404 τὰ

2301 3456 2477 3510 πάντα
2522 3457 2579 3508 ἐν
2635 3457 2824 3520 πᾶσιν,
2874 3475 2892 3507 ι
2951 3456 3185 3527 μάλιστα
3235 3457 3336 3528 μὲν
3396 3455 3710 3526 άδιακρίτως
3743 3446 3834 3515 ἔχει

2297 3550 2451 3612 Θεὸν,
2483 3551 2630 3620 ὅμως
2678 3550 3033 3621 παραπλήσια
3060 3549 3248 3604 τούτου
3284 3551 3313 3603 ὁ
3357 3549 3522 3614 αὑτὸς
3560 3537 3834 3599 Ἀπόστολος

2296 3642 2496 3712 γράφει
2525 3643 2652 3713 περὶ
2693 3641 2786 3696 τοῦ
2820 3643 2972 3709 Υῐοῦ,
3029 3643 3317 3714 Ῥωμαίοις
3355 3645 3488 3715 μέν’
3525 3659 3543 3693 ι
3596 3637 3678 3701 Ἐξ
3719 3627 3834 3686 ὧνό

2296 3730 2533 3802 Χριστὸς
2560 3731 2621 3784 τὸ
2660 3730 2786 3802 [187
2831 3731 2884 3804 b]
2914 3732 3054 3787 κατὰ
3107 3735 3304 3805 σάρκα,
3351 3739 3380 3789 ὁ
3417 3736 3493 3788 ὢν
3528 3733 3616 3786 ἐπὶ
3651 3727 3834 3781 πάντων

2292 3823 2423 3887 Θεὸς
2445 3840 2460 3855 ·
2504 3842 2523 3874 ι
2562 3823 2929 3877 Κολοσσαεῦσι
2966 3825 3022 3877 δὲ
3049 3827 3180 3902 περὶ
3219 3826 3314 3880 τοῦ
3353 3827 3629 3898 μέλλοντος
3672 3815 3834 3874 αἰῶνος

2292 3913 2701 3985 διαλεγόμενος,
2737 3916 2933 3984 φησιν’
2972 3935 2992 3967 ι
3047 3917 3222 3971 Ὅπου
3270 3919 3372 3972 οὑκ
3417 3919 3498 3972 ἔνι
3529 3914 3716 3982 Ἕλλην
3759 3903 3833 3959 καὶ

2308 4006 2577 4070 Ἰουδαῖος,
2607 4007 2842 4078 Σκύθης,
2875 4007 3078 4071 δοῦλος,
3110 4009 3418 4082 ἐλεύθερος,
3441 4009 3573 4064 ἀλλὰ
3599 4004 3664 4058 τὰ
3687 3999 3832 4053 πάντα

618 4111 835 4162 servus,
860 4097 1018 4163 liber,
1058 4099 1152 4153 sed
1185 4098 1368 4154 omnia
1406 4099 1458 4151 in
1489 4097 1742 4152 omnibus
1773 4096 2058 4161 Christus;
2091 4116 2110 4149 ι
2143 4106 2191 4154 et

2297 4097 2355 4149 ἐν
2384 4097 2517 4150 πᾶσι
2549 4097 2814 4167 Χριστόςο
2859 4117 2877 4148 ι
2910 4099 3004 4151 καὶ
3045 4099 3206 4153 πάλιν
3242 4102 3372 4172 περὶ
3413 4102 3510 4173 τῆς
3551 4087 3832 4160 Ἐκκλησίας

622 4205 818 4245 rursus
840 4192 906 4245 de
937 4189 1180 4246 Ecclesia
1208 4191 1458 4246 scribens
1483 4190 1560 4244 ait
1587 4207 1602 4244 :
1637 4207 1656 4242 ι
1684 4189 1815 4256 Quae
1839 4200 1924 4244 est
1945 4189 2056 4260 (ιε)
2077 4203 2191 4244 cor-

2299 4187 2546 4259 γράφων,
2573 4188 2754 4260 φησίν·
2788 4208 2807 4240 ι
2843 4190 2999 4254 Ἤτις
3025 4192 3171 4244 ἐστὶν
3200 4191 3263 4245 τὸ
3290 4192 3449 4254 σῶμα
3476 4189 3568 4244 τοῦ
3593 4187 3657 4240 τά
3685 4180 3830 4233 πάντα

713 4368 803 4440 99)
834 4369 1002 4440 Quid.
1029 4369 1162 4427 Luc.
1195 4386 1272 4437 ιι,
1299 4371 1389 4427 ιθ.

2305 4368 2642 4428 daemones...
2676 4372 2910 4425 humana
2946 4385 3111 4425 carne
3134 4373 3341 4436 vestiri,
3368 4382 3428 4426 nt
3464 4380 3579 4424 acta
3613 4362 3830 4436 deint‘Pl’s

721 4433 892 4512 ῃίιὶι
938 4441 1091 4512 domo
1140 4433 1318 4496 Patris
1359 4442 1480 4496 mei.
1528 4440 1635 4496 Pro
1672 4439 1760 4495 his
1797 4439 1980 4512 verbis
2009 4438 2196 4512 Grmca
2306 4440 2620 4512 ptenitentia
2659 4453 2781 4512 post
2811 4443 3260 4497 resurrectionem
3308 4433 3492 4496 eodem
3540 4433 3830 4512 circtlloﬂ‘i'f’

618 4496 907 4566 ac‘L'atina
952 4511 1122 4567 Biblia
1160 4514 1359 4568 habent
1389 4531 1403 4567 :
1440 4530 1460 4565 ι
1491 4512 1546 4566 In
1583 4512 1670 4567 his
1713 4525 1833 4580 quin
1878 4510 2058 4566 Patris
2093 4507 2195 4562 mei
2230 4555 2273 4580 ἢ
2305 4496 2358 4580 in
2397 4524 2614 4562 carnem
2654 4496 2932 4574 (venerant,
2970 4496 3312 4566 revertantur
3359 4515 3425 4566 ad
3460 4508 3696 4564 viciniam
3732 4496 3828 4580 Dei:

617 4591 768 4637 sunt.
797 4599 816 4633 ι

693 4649 772 4717 (2)
811 4651 875 4705 Et
905 4652 1192 4707 descendit.
1235 4652 1366 4706 an.
1401 4667 1459 4717 ιι,
1491 4651 1578 4705 5i.
1607 4651 1796 4706 Graeca
1834 4650 2000 4705 editio
2030 4648 2192 4702 habet

617 4720 823 4793 κατέ6η
854 4739 950 4792 pro
1000 4722 1263 4792 κατῆλθεν
1299 4740 1314 4777 :
1353 4732 1409 4779 et
1457 4719 1713 4793 Ναζαρέτ
1751 4736 1849 4792 pro
1894 4717 2149 4789 Ναζαρέθ
2173 4733 2188 4750 ο

620 4805 686 4845 ac
715 4793 966 4846 nonnulla
996 4793 1163 4846 addit.

716 4860 770 4930 5)
811 4861 1031 4916 Factus.
1059 4862 1290 4930 Philipp.
1323 4876 1388 4926 Il,
1418 4861 1471 4916 8.

718 4932 773 5014 εξ)
809 4930 1038 5014 Primus
1088 4941 1136 5013 ει
1185 4929 1444 5014 deinceps:
1493 4931 1597 5014 ls‘a.‘
1649 4947 1780 5014 xu”
1819 4929 1875 4995 4,
1929 4929 2125 5014 legitur
2171 4945 2186 4983 :

799 5005 826 5056 ὁ
848 5001 1236 5086 Θεὺςιπρῶπξος,
1271 4999 1468 5083 καὶχείς
1493 5004 1562 5055 τὰ
1582 5000 1944 5086 ἐπερχόμενα.
1973 4999 2188 5079 Et_cap.

623 5084 767 5142 xyw,
801 5087 942 5126 vers.
979 5073 1012 5124 6
1036 5069 1233 5142 τί-Ἐγὼ
1275 5071 1512 5142 πρῶτος,
1545 5073 1638 5125 κα)⁷
1665 5069 1939 5142 ἐγὼμετά
1965 5069 2138 5123 ταῦτα
2175 5087 2189 5123 :

621 5140 953 5210 Alterutrum
980 5157 1047 5196 ex
1071 5140 1156 5194 liis
1181 5140 1576 5209 locist-aspicit,
1613 5142 1664 5194 ni
1699 5141 1876 5203 fallor,
1913 5141 2189 5210 Didymus.

623 5208 870 5332 “bi-59,11:
905 5214 1073 5278 primo
1108 5211 1290 5280 λόγῳ.
1331 5208 1678 5282 Λιιι-οεριοίι
1718 5220 1880 5281 caput
1918 5211 1982 5265 51
2016 5208 2192 5280 ’ριίιιιί

646 5295 745 5330 lDl‘l

716 5348 770 5418 6)
807 5349 1080 5418 Regnabit.
1113 5349 1246 5404 Luc.
1281 5366 1332 5417 ι,
1364 5350 1454 5405 52.

722 5420 774 5489 7)
809 5419 1072 5474 Thronus.
1119 5419 1259 5475 Psal.
1315 5435 1462 5486 xuv,
1495 5419 1530 5475 8
1584 5429 1639 5476 et
1673 5418 1727 5475 9.
1777 5418 1911 5476 Vide
1954 5427 2066 5476 not.
2098 5418 2189 5484 45,

907 5559 975 5614 sit
1003 5558 1142 5614 Deus
1163 5561 1339 5613 omnia
1362 5560 1417 5640 in
1450 5558 1712 5640 amnibus.
1743 5559 2019 5640 Celebrem
2032 5558 2195 5640 “hunc

623 5626 772 5700 Pauli
805 5629 978 5700 locum
1018 5645 1299 5700 perperam
1359 5631 1426 5700 ab
1455 5628 1686 5698 Origene
1714 5639 1992 5700 acceptum
2029 5628 2195 5700 fuisse

624 5697 829 5754 indicat
865 5694 1230 5771 Hieronymus
1267 5701 1330 5771 in
1364 5699 1502 5755 libro
1527 5694 1776 5771 aduersus
1811 5694 2072 5771 Joannem
2098 5694 2195 5751 Je-

625 5768 1239 5836 rosolymitanum—num.
1270 5768 1336 5823 l6
1367 5771 1449 5824 his
1479 5769 1661 5823 verbis
1687 5785 1700 5820 :
1763 5786 1782 5820 ι
1823 5768 2189 5833 ρυαιτὶιιιιιε...

625 5852 693 5890 an
743 5836 991 5898 Orittenis
1032 5841 1298 5898 sententia
1339 5840 1411 5895 sit
1459 5854 1619 5904 vera,
1667 5839 1759 5906 qui
1809 5838 2011 5896 dixit...
2050 5837 2195 5907 ipsos

2229 4555 2274 4611 Β
2301 4579 2510 4632 liberali
2541 4581 2701 4634 etiam
2733 4555 3291 4647 aereis’aélliereisque
3322 4574 3829 4647 corporibus,cliti"c

2293 4649 2477 4720 Omnia
2502 4665 2673 4719 genua
2709 4661 2932 4705 curvent
2973 4649 3104 4712 Deo,
3141 4653 3474 4714 caelestium,
3507 4647 3826 4720 terrestrium,

2293 4727 2346 4773 et
2397 4715 2765 4783 inici-norum,
2811 4731 2868 4774 et
2915 4722 2985 4774 sit
3018 4721 3157 4775 Dens
3205 4724 3384 4775 omnia
3427 4723 3478 4774 in
3528 4715 3822 4787 οιιιηιιιιιε.ι

2292 4791 2362 4843 At
2421 4788 2677 4858 Didymus
2725 4780 2972 4845 eumdem
3021 4791 3172 4846 Pauli
3219 4792 3396 4846 locum
3447 4791 3535 4844 hic
3584 4780 3826 4850 eXpIicans

2293 4859 2424 4912 nihil
2457 4859 2562 4912 tale
2592 4860 2768 4916 docet.
3737 4913 3748 4924 .

2365 4928 2440 4997 (9)
2479 4928 2558 4981 Ea
2611 4928 2773 5008 Deum
2809 4932 3194 5009 quidem,__etc.
3227 4931 3469 5009 Similem
3537 4920 3823 5009 εεςιιξῐξξίθέξ

2294 4989 2388 5071 aut
2408 4989 2832 5071 Διιιεροιιειοιιθιιι
2861 4989 3409 5071 ΙιιιιιθιῚΙίθιοιιγιιιιιε
3452 5001 3502 5052 in
3531 4989 3824 5071 epistola-~23

2295 5069 2361 5120 ad
2383 5064 2705 5140 Amandum,
2738 5087 2965 5138 eamque
2991 5071 3215 5124 fortasse
3243 5064 3309 5140 ex,
3342 5068 3546 5140 Didymi
3581 5064 3824 5140 commftt'

2297 5147 2344 5190 ta
2357 5141 2467 5208 riis_
2495 5131 2892 5208 iitWEpistolam'
2915 5141 3139 5207 primum
3179 5145 3246 5191 ad
3272 5131 3564 5208 Corinthios
3591 5131 3810 5208 ιιξιηξξίλξῗς

2295 5220 2398 5262 est.
2430 5206 2506 5280 En
2540 5193 2846 5280 Hieronymi
2883 5193 3081 5262 verba:
3133 5227 3151 5261 ι
3183 5209 3297 5262 Non
3333 5211 3426 5272 ait,
3465 5225 3482 5256 ι
3523 5204 3588 5259 Ut
3607 5197 3671 5254 sil

2301 5296 2319 5328 ι
2349 5279 2526 5330 omnia
2575 5280 2626 5331 in
2665 5267 2934 5341 ouiuihns,
2970 5298 2988 5330 ι
3044 5281 3138 5333 sed
3193 5298 3210 5329 ι
3242 5289 3300 5332 ιιι
3328 5267 3567 5331 sit-Deus
3600 5285 3662 5341 ξ’
3709 5267 3813 5326 (μ’οί

2295 5349 2802 5420 prOprium_noutcn
2835 5339 2928 5403 est
2950 5349 3233 5420 Trinitatis
3254 5391 3267 5412 ,
3294 5359 3348 5401 et
3381 5360 3485 5400 tam
3510 5345 3569 5396 ad
3585 5339 3818 5420 "Palici";

2295 5409 2457 5485 quain
2492 5420 2558 5472 ad
2587 5415 2778 5472 Filium
2806 5458 2821 5483 ,
2849 5429 2903 5472 et
2934 5419 3192 5488 Spiritum
3239 5409 3483 5474 sanctum
3523 5409 3698 5467 referri
3742 5409 3820 5465 νο·

2296 5495 2420 5540 test.
2453 5505 2471 5538 ι

2367 5557 2479 5628 (10)
2523 5556 2614 5628 Ea:
2640 5557 2846 5628 quibus.
2887 5557 3042 5612 Rom.
3080 5557 3235 5628 unus.

2367 5558 2459 5624 (lO
2529 5558 2614 5611 Ea:
2640 5558 2846 5628 quibus.
2887 5558 3042 5612 Rom.
3080 5573 3154 5618 ιι.
3183 5558 3235 5611 5.

2297 5628 2305 5631 ’
2521 5626 2646 5704 (ibi.
2685 5627 2901 5704 Colo_s_s._
2926 5642 3009 5692 ιιι,
3039 5625 3304 5704 H._Yide_
3320 5637 3431 5681 not.
3457 5623 3680 5704 12.1138:

2369 5676 2487 5767 δεῖ
2515 5676 2646 5762 ῥιὶῶ
2674 5676 3009 5762 armis;
3044 5676 3680 5767 ἱξεσΪὸί-ἒὲέὲίξιὶιίὶίοξε
3712 5676 3820 5767 figi

2297 5749 2498 5838 ισξιῖει
2519 5749 2688 5838 es...
2717 5749 2907 5838 αιέδδ,
2929 5749 3294 5838 eadem.
3316 5749 3410 5838 eo;
3427 5749 3610 5821 πάντα
3635 5753 3688 5804 ὲν
3710 5749 3820 5797 πᾶσι

2298 5837 2696 5908 πληρουμένου.
2736 5837 2862 5896 Vide
2895 5846 3008 5894 not.
3047 5836 3138 5904 10,
3163 5836 3282 5908 pag.
3309 5836 3401 5892 29.
