4056 6400
243 333 362 390 897
1318 331 1407 386 DE
1446 330 1823 388 TRINITATE
1860 330 2064 387 LIBER
2107 330 2432 391 TERTIUS.
3401 344 3508 397 898

246 452 312 503 ἓν
349 450 514 503 πᾶσιν
543 449 874 522 πληροῦντος
886 449 1122 522 Χριστοῦ
1149 468 1163 484 ·
1194 471 1213 506 ο
1240 455 1335 506 καὶ
1359 453 1589 524 ἀλλαχοῦ
1612 473 1624 486 ο
1654 471 1672 504 ι
1697 453 1834 524 Χρι-

1902 498 1906 512 _
1938 467 2036 519 pus
2076 451 2277 507 Clu-isti
2303 453 2552 508 omniain
2585 455 2836 510 omnibus
2866 457 3172 526 implentis;
3214 477 3234 512 ι
3264 470 3318 514 et
3341 459 3504 517 alibi:

247 540 383 605 στδς
416 542 542 611 χθὲς
573 543 664 594 καὶ
695 543 933 615 σήμερον
971 545 1000 596 6
1048 545 1211 608 αὐτὸς
1231 585 1246 608 ,
1279 545 1372 599 καὶ
1423 548 1502 609 είς
1545 547 1671 609 τοὺς
1699 546 1834 598 αίῶ-

1942 563 1959 594 ‹
1982 543 2227 597 Christus
2263 545 2377 616 (13)
2421 546 2533 599 heri
2564 557 2617 600 et
2653 548 2810 602 hodie
2841 549 3006 614 idem,
3041 559 3097 603 et
3127 551 3180 604 in
3213 553 3442 617 sarcula;
3479 573 3500 606 ι

242 648 356 696 νας
429 653 446 684 ι
477 634 572 686 καὶ
609 635 771 687 πάλιν
793 653 806 665 ·
851 655 870 686 ι
913 637 1030 690 Ἵνα
1061 639 1117 689 ἐν
1142 636 1220 708 τῷ
1254 639 1478 709 ὀνόματι
1524 638 1698 709 Ἰησοῦ
1725 640 1834 692 πᾶν

1934 634 1998 688 Et
2039 651 2260 689 rursus:
2293 655 2310 686 ι
2348 635 2417 689 llt
2463 638 2514 691 iu
2571 639 2784 692 nomine
2820 639 2931 711 (l6)
2973 639 3098 695 Jesu
3153 659 3314 697 omne
3366 661 3503 715 genu

241 726 384 794 γόνυ
413 727 606 799 κάμψῃ
631 729 984 800 ἐπουρανίων,
1013 730 1108 783 καὶ
1137 729 1416 798 ἐπιγείων,
1447 733 1540 785 καὶ
1566 731 1835 802 καταχθο-

1934 723 2184 777 flectatur
2231 725 2560 790 caelestium,
2586 738 2639 782 et
2676 730 3037 795 terrestrium,
3066 741 3118 784 et
3145 730 3503 798 infernarum,

242 819 413 872 νίων·
457 821 551 872 καὶ
595 821 744 872 πᾶσα
784 821 1004 889 γλῶσσα
1055 822 1532 894 ἐξομολογήσεται,
1579 819 1674 887 Εἷς
1721 825 1834 878 Κύ-

1933 825 1987 868 et
2008 816 2186 870 onmis
2234 816 2412 884 lingua
2451 819 2826 874 iconfitebitur
2858 821 2967 890 (l5)
3005 840 3017 875 :
3073 823 3220 878 Unus
3253 825 3507 880 Dominus

247 929 374 982 ριος
415 911 623 982 Ἰησοῦς
652 913 901 984 Χριστός.
954 934 971 966 2
1009 916 1117 968 Kal.
1164 915 1272 987 γὰρ
1306 918 1354 969 εί
1399 916 1473 987 μὴ
1517 916 1832 985 διέσφαλται

1932 904 2087 959 Jesus
2131 905 2399 962 C'arisuts.
2437 928 2455 960 ι
2488 909 2694 984 Etenim
2728 911 2830 966 nisi
2866 913 3056 966 falsum
3087 925 3167 968 est
3198 915 3326 970 illud
3356 936 3369 971 :
3403 937 3420 968 ι
3451 916 3505 971 1η

243 1002 336 1065 τὸ,
374 1021 391 1054 ι
443 1005 529 1056 Ἐν
558 1005 704 1075 αὐτῷ
730 1009 972 1058 κατοικεῖ
1001 1008 1106 1060 πᾶν
1131 1007 1191 1060 τὸ
1216 1008 1488 1080 πλήρωμα
1519 1008 1616 1078 τῆς
1648 1007 1834 1077 θεότη-

1937 997 2051 1063 ipsu
2081 997 2194 1068 (16)
2228 999 2433 1051 habitat
2480 1003 2658 1055 omnis
2711 1002 2988 1070 plenitudo
3033 1005 3374 1074 divinitatis;
3403 1028 3420 1059 ι
3452 1021 3507 1062 et

244 1111 372 1158 τος-⁸
404 1115 424 1147 ι
450 1097 543 1149 καὶ
569 1097 648 1161 τὸ,
683 1117 702 1148 ε
750 1099 838 1150 Ἐν
864 1098 1008 1169 αὐτῷ
1026 1100 1228 1171 κόσμον
1247 1099 1632 1154 καταλλάσσων
1649 1117 1663 1129 ·
1686 1120 1704 1151 ι
1738 1100 1832 1152 καὶ

1935 1090 2059 1141 illud
2092 1108 2104 1143 :
2137 1108 2154 1140 ι
2186 1090 2240 1142 lu
2301 1091 2416 1157 ipso
2478 1096 2735 1146 mundum
2785 1095 2897 1165 (17)
2950 1099 3348 1163 reconcilians;
3380 1119 3399 1151 θ
3453 1110 3506 1154 ct

245 1186 338 1250 τὸ,
375 1205 394 1238 ι
460 1188 546 1240 Ἐν
581 1187 728 1258 αὑτῷ
779 1190 1036 1260 εὐδόκησε
1100 1193 1207 1244 πᾶν
1239 1192 1300 1244 τὸ
1344 1192 1615 1263 πλήρωμα
1652 1208 1832 1245 κατοι-

1934 1178 2061 1232 illud
2095 1195 2110 1233 :
2151 1199 2169 1230 ί
2204 1181 2256 1232 ln
2285 1181 2400 1250 ipso
2451 1183 2782 1250 complacuit
2844 1184 2955 1254 (l8)
2996 1189 3171 1240 omnis
3229 1188 3505 1256 plenitudo

246 1277 457 1347 κῆσαι,
488 1280 584 1332 καὶ
624 1278 691 1332 δι’
724 1279 886 1332 αὐτοῦ
935 1281 1374 1346 ἀποκαταλλάξαι
1426 1282 1496 1335 τὰ
1533 1282 1711 1336 πάντα
1751 1284 1832 1342 είς

1932 1269 2196 1334 habitare,
2231 1281 2284 1324 et
2313 1287 2408 1339 per
2437 1287 2557 1324 eum
2597 1276 3141 1331 reconciliareomnia
3173 1278 3224 1332 in
3264 1280 3498 1348 ipsum,»

246 1367 452 1430 αὐτὸν,
500 1388 518 1418 ι
554 1368 674 1439 οὐχ).
707 1370 766 1423 δὲ
812 1373 891 1434 εἰς
923 1370 1115 1424 ἄλλον·
1161 1374 1226 1442 τῇ
1262 1371 1475 1442 θεότητι
1510 1373 1828 1444 αἱρεσιομά-

1932 1377 2037 1414 non
2076 1375 2204 1414 vero
2231 1362 2280 1415 in
2317 1363 2515 1430 alium;
2555 1364 2600 1420 si
2637 1364 2771 1431 hac,
2809 1367 3046 1435 inquam,
3077 1384 3202 1423 vera
3230 1381 3376 1434 sunt,
3413 1389 3505 1440 ap-

246 1477 339 1530 χοι
368 1461 732 1532 διεσάφησαν·
766 1463 826 1516 οὐ
861 1463 1020 1533 μόνον
1051 1462 1126 1526 ὡς
1158 1463 1272 1534 Υἱῷ
1304 1464 1438 1537 πρὸς
1471 1464 1689 1535 Πατέρα
1715 1481 1829 1517 κοι-

1932 1464 2081 1518 paret
2110 1454 2219 1524 (19)
2269 1455 2389 1509 illos
2433 1473 2528 1526 pro
2585 1473 2680 1511 sua
2737 1457 2927 1513 haeresi
2977 1471 3275 1530 pugnantes
3315 1465 3502 1518 deitati

245 1553 471 1614 νωνίαν,
504 1553 618 1605 ἀλλ’
653 1555 772 1607 οὐδὲ
811 1556 886 1619 ὡς
913 1555 1051 1627 φίλῳ
1085 1557 1220 1627 πρὸς
1258 1556 1409 1627 φίλον
1443 1556 1660 1626 ἰσότητα
1698 1571 1828 1624 συγ-

1931 1545 2128 1599 bellum
2187 1541 2408 1614 inferre,
2457 1550 2654 1618 quippe
2685 1554 2774 1619 qui
2803 1551 3020 1628 Christo
3052 1570 3156 1607 nou
3199 1557 3360 1609 modo
3387 1566 3505 1610 tan-

245 1643 545 1716 κτητορίας
585 1646 1039 1717 παραχωροῦντες
1079 1647 1248 1718 αὐτῷ.
1299 1646 1565 1715 Ἰωσαφὰτ
1592 1646 1700 1717 γὰρ
1730 1644 1828 1714 βαι

1932 1655 2092 1708 quatn
2140 1640 2277 1718 Filio
2309 1643 2750 1697 communionem
2795 1661 2918 1698 cum
2967 1644 3124 1699 Patre
3162 1655 3380 1717 negant,
3412 1664 3503 1702 ve-

247 1736 436 1801 σιλεὺς
475 1736 647 1791 Ἰούδα
670 1716 833 1808 πρὸς
862 1738 1067 1808 Ἀχαὰϐ
1097 1716 1320 1808 βασιλέα
1364 1737 1577 1810 Ἰσραὴλ
1609 1716 1707 1808 τῆς
1736 1753 1826 1804 φι-

1933 1746 2049 1783 rum
2085 1746 2152 1784 ne
2185 1716 2360 1799 ipsum
2392 1733 2610 1802 quidem
2649 1745 2899 1803 tanquam
2929 1737 3185 1802 amicum,
3239 1738 3501 1807 aequalem

246 1827 373 1891 λίας
409 1793 506 1898 τὴν
539 1793 824 1883 κοινωνίαν
858 1793 1283 1900 ὲνὲεικνύμενος,
1326 1793 1543 1897 ἔλεγενῖ
1576 1847 1595 1880 ι
1628 1793 1827 1892 Ιέαθιῦς

1899 1830 2049 1874 ‘cnm
2090 1823 2265 1874 amico
2303 1837 2668 1891 possessorem
2719 1841 2778 1880 ac
2823 1825 3101 1880 dominum
3137 1842 3258 1882 esse
3305 1843 3501 1883 conce-

245 1920 344 1984 σὺ,
377 1939 394 1970 ι
429 1919 614 1991 φησὶν,
652 1938 670 1972 ι
709 1919 883 1984 οὕτως
928 1919 1084 1990 κὰγὼ
1107 1938 1120 1952 ·
1159 1922 1252 1974 mi.
1293 1919 1477 1984 καθὼς
1504 1921 1532 1974 6
1557 1919 1680 1984 λαός
1709 1936 1826 1985 σου,

1929 1913 2082 1966 dunt.
2114 1911 2243 1965 Nam
2277 1911 2531 1982 losaphat
2566 1929 2657 1967 rex
2692 1913 2824 1969 Juda
2853 1927 2910 1968 ut
2940 1931 3090 1970 snam
3123 1933 3249 1987 erga
3284 1919 3495 1970 Achaa-

244 2009 423 2075 οὕτως
451 2011 546 2065 καὶ
576 2014 604 2065 6
639 2011 766 2076 λαός
801 2029 899 2083 μου
921 2029 935 2042 ·
979 2013 1075 2067 καὶ
1103 2011 1286 2076 καθὼς
1311 2015 1360 2066 oi
1397 2014 1551 2066 ἵπποι
1589 2031 1702 2076 σου,
1737 2012 1828 2067 οὖ-

1929 2004 2056 2056 bum
2093 2003 2205 2075 (20)
2231 2020 2408 2070 regem
2444 2005 2658 2059 lsraelis
2690 2007 2944 2061 amicitifc
2971 2009 3285 2062 societatem
3318 2020 3503 2064 Osteu-

244 2119 358 2166 τως
399 2103 493 2156 καὶ
531 2104 582 2157 οἱ
634 2105 788 2157 ἵπποι
843 2121 945 2174 μου
974 2121 987 2136 ·
1043 2123 1062 2156 ι
1116 2106 1210 2158 καὶ
1249 2104 1330 2176 τῷ
1370 2108 1496 2177 παρ’
1545 2105 1708 2160 αὑτοῦ
1753 2105 1827 2178 μὴ

1932 2105 2090 2160 taret,
2142 2095 2456 2163 inquiebat:
2493 2115 2510 2146 ι
2540 2096 2690 2150 Sicut
2739 2107 2792 2151 tu
2839 2097 2972 2168 (21),
3033 2097 3114 2152 sic
3151 2107 3205 2151 et
3246 2113 3381 2169 ego;
3449 2108 3503 2152 et

243 2193 525 2264 τεχθέντι,
571 2195 670 2265 τῆς
700 2195 836 2258 ίδίας
877 2195 1152 2266 προετίθει
1201 2195 1479 2266 βασιλείας
1517 2196 1822 2268 ὁμοτιμίαν.

1928 2187 2068 2240 sicut
2103 2188 2330 2256 populus
2356 2196 2502 2249 tuus,
2543 2188 2615 2240 ita
2662 2197 2716 2242 et
2758 2189 2989 2258 populus
3027 2205 3215 2256 meus;
3265 2201 3321 2246 et
3363 2193 3503 2244 sicut

256 2280 492 2350 Ὁμοίως
520 2281 575 2334 δὲ
610 2282 703 2334 καὶ
731 2285 844 2344 τοῖς
887 2283 1156 2356 μαθηταῖς
1191 2279 1260 2354 ἦν
1281 2324 1296 2345 ,
1329 2285 1495 2355 φησι,
1550 2285 1691 2338 κατὰ
1729 2286 1828 2357 τὴν

1929 2279 2050 2347 equi
2094 2281 2192 2341 tui,
2222 2279 2300 2332 sic
2341 2287 2396 2333 et
2426 2279 2549 2348 equi
2580 2282 2710 2345 mei;
2741 2300 2760 2331 ι
2798 2297 2861 2334 ac
2885 2281 2956 2345 ci,
2988 2282 3076 2350 qui
3104 2283 3172 2336 ab
3209 2283 3324 2351 ipso
3353 2285 3505 2352 geni-

248 2371 289 2424 Γ
298 2371 473 2443 ραφὴν
520 2371 610 2425 διὰ
660 2373 751 2426 τὸν
795 2373 1030 2444 Χριστὸν
1080 2374 1296 2429 ἅπαντα
1349 2375 1502 2429 κοινὰ
1548 2377 1640 2430 καὶ
1688 2378 1824 2447 ἀμέ-

1933 2377 2016 2423 tus
2053 2386 2158 2422 non
2191 2370 2386 2436 fuerat,
2421 2370 2680 2439 aequalem
2716 2373 2932 2442 pmprio
2960 2373 3010 2426 in
3052 2388 3218 2442 regno
3245 2375 3502 2428 honorent

250 2479 430 2534 ριστα.
496 2463 874 2535 Ἀναιδέστερα
921 2465 1100 2518 τοίνυν
1149 2466 1217 2518 τὰ
1270 2465 1565 2534 αἱρετικῶν
1609 2468 1826 2538 ῥήματα

1929 2460 2208 2516 afferebat.
2273 2461 2542 2519 Similiter
2601 2479 2729 2518 vero
2786 2466 2952 2518 etiam
3015 2465 3299 2535 discipulis
3348 2477 3505 2521 erant

245 2555 376 2610 τῶν.⁷
393 2555 486 2608 τοῦ
541 2555 810 2610 διαϐόλου.
851 2556 1090 2620 Ἐκεῖνος
1125 2557 1258 2627 [188
1298 2557 1352 2629 η]
1387 2559 1484 2628 μὲν
1511 2558 1620 2629 γὰρ
1643 2561 1669 2611 6
1694 2559 1826 2613 Θεο-

1930 2565 2150 2624 pmpter
2191 2553 2469 2609 Christum
2527 2556 2706 2609 omnia
2761 2556 3094 2622 communia,
3142 2567 3200 2610 ut
3242 2566 3506 2612 testantur

249 2649 416 2719 μισὴς
445 2647 543 2718 τὴν
599 2650 906 2719 οἰκονομίαν
933 2649 1143 2702 οὐδέπω
1172 2649 1382 2721 μαθὼν,
1415 2649 1512 2720 τὴν
1545 2650 1632 2703 ὅτε
1670 2653 1824 2720 ἡμῖν,

1932 2646 2231 2716 Scriptum
2260 2646 2398 2718 (22),
2446 2658 2502 2702 et
2543 2648 2792 2702 indivisa.
2835 2648 3262 2717 lmpudentiores
3317 2649 3504 2720 itaque

247 2739 372 2794 τότε
399 2740 492 2792 καὶ
530 2740 782 2809 ἀγγέλοις
817 2741 1154 2810 γνωσθεῖσαν
1178 2757 1193 2770 ·
1236 2740 1254 2811 (
1283 2758 1300 2790 ι
1336 2738 1491 2793 οῠπω
1527 2760 1545 2791 ι
1588 2740 1698 2811 γὰρ
1737 2741 1829 2793 αὐ-

1931 2739 2150 2794 diabolo
2191 2749 2322 2794 sunt
2373 2740 2635 2805 haeretici,
2669 2740 3501 2810 majoremqueinverecundiam

247 2833 698 2904 χηματικώτερόν
727 2849 900 2903 φημι,
936 2833 1024 2885 ὅτε
1061 2832 1156 2886 καὶ
1187 2834 1254 2886 δι’
1288 2832 1466 2903 ἡμῶν,
1508 2832 1827 2902 πειθόμενος

1930 2830 2120 2884 horum
2167 2831 2306 2885 dicta
2347 2845 2455 2898 prae
2482 2845 2540 2885 se
2567 2831 2778 2885 ferunt.
2811 2830 2949 2884 Nam
2991 2831 3082 2885 ille
3110 2833 3206 2886 Dei
3255 2832 3505 2888 inimicus

249 2924 448 2996 Παύλῳ
494 2924 743 2996 φανερῶς
776 2923 1135 2996 φθεγγομένῳ
1155 2941 1168 2954 ·
1219 2943 1238 2976 ι
1283 2925 1398 2977 Ἵνα
1430 2924 1702 2994 γνωρισθῇ
1731 2922 1826 2976 νῦν

1929 2937 2050 2974 cum
2088 2921 2552 2985 lucarnationem,
2588 2935 2713 2988 qua:
2746 2937 2850 2975 non
2891 2922 3040 2991 prius
3080 2923 3304 2994 angelis,
3342 2939 3501 2992 quam

246 3018 370 3080 ταῖς
408 3017 602 3086 ἀρχαῖς
633 3018 728 3070 καὶ
755 3019 874 3080 ταῖς
909 3016 1180 3083 ἐξουσίαις
1221 3016 1310 3070 διὰ
1355 3016 1452 3084 τῆς
1504 3015 1823 3086 Ἐκκλησίας

1931 3011 2086 3066 nobis
2135 3020 2259 3065 uota
2301 3010 2442 3064 facta
2476 3019 2580 3073 est.
2633 3012 2871 3065 nondum
2921 3023 3250 3080 compertam
3283 3013 3505 3066 haberet

250 3111 285 3178 ἠ
330 3107 706 3171 πολυποίκιλος
750 3109 842 3161 τοῦ
893 3106 1026 3160 Θεοῦ
1083 3107 1302 3176 σοφία),
1361 3125 1380 3159 ι
1429 3107 1524 3160 καὶ
1555 3105 1642 3159 διὰ
1670 3107 1852 3163 τοῦτο

1930 3103 2072 3170 (nam
2095 3117 2213 3155 cum
2241 3101 2420 3170 aliqua
2445 3100 2709 3169 jactantia
2740 3102 2860 3157 dico
2887 3104 3209 3166 «nondum,»
3240 3106 3498 3172 quoniam

251 3200 530 3271 πειράζειν
556 3198 791 3271 τολμῶν,
816 3202 880 3270 τῇ
906 3199 1125 3269 ἐξουσίᾳ
1155 3199 1527 3268 κατελίμπανε
1572 3197 1666 3250 τοῦ
1713 3199 1828 3250 Σω-

1982 3206 2024 3246 :r
2068 3207 2167 3246 nos
2217 3207 2434 3261 quoque
2489 3206 2550 3246 ea
2599 3192 2805 3262 angelis
2848 3192 3100 3258 innotuit,
3130 3195 3173 3247 si
3231 3195 3360 3248 fides
3407 3195 3504 3248 ha-

248 3292 446 3362 τῆρος,
477 3289 680 3344 εἰπών·
712 3310 731 3342 σ
773 3291 837 3344 El
875 3291 1002 3355 Υἱὸς
1047 3287 1099 3344 εἴ
1121 3290 1215 3343 τοῦ
1247 3290 1408 3353 Θεοῦ,
1442 3290 1567 3360 βάλε
1606 3289 1829 3343 σεαυτὸν

1929 3281 2103 3335 benda
2143 3293 2227 3335 est
2273 3281 2439 3335 Paulo
2487 3280 2773 3334 manifeste
2819 3279 2980 3349 393
3040 3281 3298 3350 inquienti
3333 3298 3346 3334 :
3380 3300 3397 3332 ι
3435 3281 3501 3336 L't

249 3383 420 3436 κάτω.
459 3403 476 3434 ι
505 3377 664 3437 Οὗτοι
689 3382 767 3446 δὲ,
796 3382 858 3436 τὸ
887 3384 987 3452 τῆς
1022 3382 1172 3446 θείας
1203 3384 1295 3435 καὶ
1328 3383 1609 3454 ἀφράστου
1639 3384 1830 3454 γεννή-

1929 3373 2232 3427 innotescat
2297 3374 2406 3444 (25)
2474 3388 2617 3427 nunc
2658 3374 3068 3442 principatibus,
3112 3385 3166 3426 et
3207 3375 3496 3440 potestati-

252 3491 406 3538 σεως,
432 3475 553 3527 ὅσον
584 3474 645 3527 τὸ
673 3475 758 3527 ἐπ’
790 3474 993 3540 αὐτοῖς,
1025 3474 1394 3545 παραλύοντες
1434 3473 1670 3544 ἀξίωμα,
1701 3474 1828 3545 τρό-

1926 3466 2027 3521 bus
2055 3465 2170 3537 (24)
2201 3481 2296 3534 per
2324 3465 2622 3520 Ecclesiam
2658 3465 3002 3520 multiformis
3026 3464 3119 3520 Dei
3154 3463 3497 3537 sapientia»),

249 3582 350 3618 πον
375 3565 496 3618 τινὰ
522 3565 612 3618 τὸν
643 3563 858 3618 αἰώνιον
885 3565 1277 3636 ὲκμοχλεύουσι
1305 3565 1512 3638 θρόνον,
1545 3565 1637 3618 καὶ
1664 3563 1830 3635 διορί-

1925 3566 2085 3625 atque
2163 3558 2265 3611 hac
2329 3558 2398 3612 de
2450 3571 2614 3612 eausa
2676 3555 3013 3610 Salvatorem
3073 3563 3282 3610 tentare
3334 3571 3499 3612 ausus

250 3654 431 3720 ζοντες
454 3653 751 3722 φάσκουσιν
775 3670 788 3683 '
831 3654 1191 3725 Ἀπιστοῦμέν
1221 3673 1302 3709 σοι
1334 3655 1578 3724 λέγοντι·
1621 3673 1639 3706 t
1686 3645 1827 3724 Ἐγὼ

1927 3658 2094 3713 esset,
2149 3648 2323 3703 libero
2374 3646 2620 3717 ejusdem
2655 3646 2883 3700 arbitrio
2921 3645 3166 3715 permisit
3211 3655 3267 3698 ut
3299 3646 3502 3702 faceret

251 3746 346 3800 καὶ
375 3748 403 3799 6
428 3746 616 3817 Πατὴρ
646 3745 704 3799 ἓν
729 3749 922 3818 ἐσμεν·
958 3767 976 3799 ι
1013 3748 1124 3808 καὶ,
1151 3767 1167 3797 ι
1190 3748 1395 3810 Πάντα,
1415 3748 1516 3801 ὅσα
1541 3746 1653 3816 ἔχει
1672 3748 1827 3800 ὁΠα-

1926 3739 2070 3809 quod
2118 3739 2297 3804 vellet,
2357 3739 2582 3794 dicens:
2621 3755 2640 3788 ί
2663 3735 2720 3790 Si
2757 3737 2926 3792 Filius
2957 3737 3067 3809 (25)
3106 3736 3196 3792 Dei
3231 3752 3310 3804 es,
3347 3741 3501 3793 mitte

249 3836 374 3907 τὴρ,
416 3835 526 3906 ἐμά
557 3839 723 3890 ἐστιν.
776 3855 796 3889 ι
855 3838 1215 3908 Ἀπιστοῦμεν
1258 3838 1316 3891 δὲ
1339 3838 1488 3892 οὐδὲν
1521 3834 1685 3911 ἦττον
1727 3839 1823 3890 κα)⁹

1927 3841 1980 3886 te
2030 3833 2308 3886 deorsum.
2338 3851 2356 3884 ι
2394 3833 2462 3886 At
2489 3847 2620 3887 vero
2666 3833 2720 3886 hi
2754 3831 2949 3886 divinae
3005 3838 3060 3885 et
3095 3828 3378 3884 ineﬂ'abilis
3407 3844 3503 3901 ge-

248 3927 329 3996 τῷ
355 3928 472 3997 Θεῷ
508 3928 601 3982 καὶ
643 3929 818 3999 Πατρὶ
855 3929 1151 3998 φάσκοντι·
1189 3949 1207 3982 t
1243 3923 1413 3994 Οὗτός
1454 3933 1601 3985 ἐστιν
1642 3933 1670 3984 6
1701 3931 1828 3992 Υἱός

1926 3923 2230 3978 nerationis
2279 3924 2621 3993 dignitatem.
2670 3932 2932 3994 quantum
2976 3921 3028 3975 in
3055 3921 3185 3991 ipsis
3215 3931 3315 3987 est,
3347 3937 3503 3977 ever-

253 4036 354 4090 μου
403 4021 431 4072 6
461 4021 760 4090 ἀγαπητὸς,
812 4022 870 4074 ὲν
911 4015 955 4089 ᾧ
995 4022 1283 4093 εὐδόκησα.
1327 4042 1347 4075 ι
1385 4023 1492 4076 Τοῦ
1546 4021 1824 4092 βασιλικοῦ

1924 4025 2124 4079 tentes,
2190 4015 2579 4083 sempiternum
2624 4014 2876 4068 thronum
2909 4013 3303 4080 quodammodo
3331 4027 3499 4066 excu-

249 4109 516 4180 κατάὸηθι
539 4109 750 4182 θρόνου.
777 4114 854 4165 Δι’
876 4111 912 4165 ἃ
950 4113 1099 4184 παρὰ
1131 4113 1208 4185 τῷ
1240 4115 1424 4185 Λουκᾷ
1453 4115 1511 4166 ὲν
1542 4113 1823 4185 παραϐολῇ

1926 4109 2086 4172 tiuut,
2124 4118 2288 4176 atque
2320 4107 2392 4160 ita
2425 4116 2689 4170 statuunt,
2738 4113 2792 4160 et
2837 4105 3127 4173 inquiunt:
3163 4103 3279 4158 Non
3321 4105 3499 4159 credi-

251 4203 452 4270 φρικτὰ
484 4202 840 4272 ἀποφαίνεται
870 4205 999 4274 περὶ
1025 4205 1227 4259 αὐτῶν.
1250 4206 1411 4274 Λέγει
1443 4206 1550 4277 γὰρ
1584 4209 1696 4268 τοῖς
1726 4207 1828 4273 ἀγ·

1927 4216 2048 4255 mus
2100 4200 2218 4264 tibi,
2244 4215 2367 4253 cum
2390 4199 2531 4253 dicis
2561 4215 2574 4251 :
2606 4216 2625 4249 ι
2652 4198 2764 4267 Ego
2793 4196 2904 4267 (26)
2934 4203 2987 4250 et
3019 4195 3177 4248 Pater
3205 4210 3370 4248 unum
3406 4211 3499 4249 su-

249 4290 458 4360 γέσλοιςο
496 4311 516 4344 ι
559 4294 697 4358 Τοὺς
731 4293 955 4366 ἐχθρούς
993 4313 1094 4367 μου
1124 4295 1347 4360 τούτους
1396 4297 1521 4360 τοὺς
1549 4295 1626 4367 μὴ
1666 4294 1826 4366 θελή-

1926 4308 2084 4358 mus;
2105 4302 2159 4346 et
2182 4311 2195 4347 :
2234 4309 2254 4343 ι
2272 4289 2465 4346 Omnia
2488 4290 2600 4362 (27)
2619 4303 2960 4362 quacunque
2986 4287 3150 4342 habet
3175 4285 3353 4352 Pater,
3378 4301 3498 4341 mea

324 4583 738 4656 (15)(21ινὶιιιη.
779 4586 1090 4656 Ηθυιυμκιιι.
1127 4586 1182 4642 8.
1392 4655 1407 4656 ﬁ
1555 4653 1604 4656 __
1850 4591 1897 4650 D

1890 4603 1897 4641 ι
1929 4582 2152 4656 Ὄμοιός
2183 4600 2294 4653 μοι,
2328 4583 2535 4656 651.0t6g__
2549 4597 2650 4634 σοι’
2678 4581 2752 4644 ὡς
2775 4582 2802 4633 6
2827 4579 2954 4656 λαός
2984 4577 3182 4656 poma-6
3219 4575 3348 4656 λαός
3379 4593 3492 4656 σου·

325 4645 430 4728 (ιιι
474 4655 540 4710 Ut
584 4659 904 4728 ingemina.
957 4645 1188 4727 Philipp.
1230 4671 1302 4720 ιι,
1351 4655 1418 4708 to
1461 4662 1516 4708 et
1548 4653 1634 4707 ιι.
1686 4651 1819 4708 Vide
1852 4645 1884 4650 '
1923 4677 1927 4703 ι

1923 4645 2072 4717 ὡςόἱ
2104 4645 2259 4706 ἵπποι
2283 4645 2412 4723 μου,
2439 4655 2489 4705 οἱ
2515 4653 2813 4728 ἴπποιλσου,
2846 4652 2893 4701 id
2922 4645 3026 4711 est,
3058 4666 3076 4697 ι
3103 4645 3307 4728 Similis
3340 4649 3494 4710 mihi,

250 4716 364 4780 nol.
400 4727 462 4782 15
493 4743 610 4793 pag.
638 4727 728 4781 29.
1101 4716 1150 4727 ”
1290 4716 1298 4720 ⁷
1631 4790 1652 4793 _
1924 4716 2116 4778 similis
2161 4726 2252 4776 tibi
2285 4716 2304 4789 ξ
2366 4726 2505 4774 sicut
2543 4720 2766 4793 populus
2807 4734 2994 4784 meus,
3046 4716 3275 4786 p0pulus
3328 4728 3492 4784 tuus;

323 4797 436 4864 (15)
469 4790 815 4866 Conﬁtebitur
869 4805 976 4848 etc.
1031 4794 1222 4866 Graeca
1280 4794 1588 4866 editio,_et
1631 4790 1823 4866 Latina
1923 4793 2225 4866 sicuthequi
2256 4793 2367 4866 Amei
2402 4831 2416 4852 .
2451 4793 2572 4858 equi
2605 4791 2702 4844 tui.
2742 4808 2762 4866 ξ

253 4858 535 4919 translatio
558 4858 629 4919 ι’(
654 4866 1010 4929 Confitentur,
1045 4867 1168 4933 quia
1201 4865 1462 4920 Dominus
1489 4861 1825 4931 Jesusﬁhri-
1995 4862 2108 4933 (22)
2126 4863 2453 4933 ’δίε-ἰριιινω.
2493 4866 2611 4933 Act.
2633 4875 2714 4933 _tv,
2750 4858 2839 4912 52.

251 4944 368 4990 stus
394 4936 444 4988 in
483 4935 649 5004 gloria
676 4945 759 4990 est
793 4937 883 4988 Dei
915 4927 1113 4988 Patris.
1149 4953 1166 4985 ι
1649 4927 1662 4931 ’
1934 5001 1960 5004 _
1995 4927 2105 5000 (25)
2123 4929 2187 4984 Ut
2216 4927 2523 5004 innotescat.
2554 4930 2744 5004 Ephes.
2781 4944 2860 4990 Ill,
2891 4927 2978 4982 10.
3009 4927 3246 5004 Joannes
3276 4939 3505 4991 quoque

325 5005 437 5075 (l6)
477 4997 544 5075 l_n
579 5007 710 5074 ipso.
749 5004 953 5059 Coloss.
988 5019 1046 5069 ll,
1079 5005 1135 5075 9.
1219 5073 1239 5075 ᾼ
1528 5073 1538 5075 _
1639 5072 1665 5075 _
1922 4997 2342 5075 Chrysostomus
2377 5001 2443 5075 _i_n
2492 5000 2738 5075 oratione
2787 5009 2967 5075 conti-lt
3005 4997 3300 5075 ᾼῃοηιωοε,
3340 5013 3498 5075 fumo

323 5062 434 5143 (l7)
493 5073 558 5127 In
597 5062 727 5138 ’ἱρεο
778 5062 1052 5126 mundum.
1095 5073 1136 5125 11
1200 5073 1328 5128 Cor.
1365 5090 1418 5135 ν,
1488 5073 1569 5127 19.
1627 5072 1818 5126 Grmca
1921 5083 1925 5112 ι

1921 5062 2122 5143 Clil‘lSll
2159 5071 2262 5124 587
2301 5071 2503 5143 habita,
2531 5068 2692 5143 allato
2723 5071 2890 5143 Itaque
2917 5065 3238 5143 P:t_tt[i_lt_)C0_,
3272 5062 3495 5143 subjun-

252 5135 453 5224 euitio':
500 5145 557 5196 ὲν
587 5135 826 5215 Χριστῷ,
863 5145 914 5198 id
949 5153 1031 5197 est
1067 5163 1086 5194 ι
1135 5145 1187 5197 1η
1230 5143 1445 5198 Christo
1481 5159 1493 5194 :
1535 5163 1554 5194 ι
1589 5159 1724 5212 prot
1763 5143 1815 5195 in

253 5228 388 5256 IIIS“-
425 5233 442 5256 Ι

1918 5142 1991 5208 git
2019 5153 2146 5192 Ioni.
2170 5143 2208 5203 Ι,
2235 5155 2358 5206 pag.
2389 5140 2493 5191 474
2521 5153 2533 5188 :
2558 5137 2691 5191 Μεθ’
2726 5135 2881 5205 ἡμῶν
2911 5138 3002 5216 καὶ
3031 5135 3096 5187 δι’
3121 5135 3276 5254 ⁴ιῖμιῖὺν
3306 5135 3362 5213 αἱ
3388 5135 3499 5186 ἅνω

1918 5210 2185 5256 Δυνάμεις
2211 5209 2454 5256 ἔγνωσαν
2482 5207 2550 5256 τὰ
2580 5207 2867 5256 ἀπὸὸὸτπτα
2893 5223 2985 5256 του
3021 5207 3141 5256 ϐασι
3178 5203 3300 5256 έως.
3335 5207 3384 5255 Itl
3418 5213 3499 5256 est

253 5213 390 5282 ipso.
423 5233 442 5266 ρ
641 5203 652 5214 ’
778 5203 789 5215 ’
815 5203 822 5206 ⁷
1589 5203 1604 5212 ’

1918 5203 2185 5282 Ᾰυνάμεις
2211 5203 2454 5275 ἔγνωσαν
2482 5207 2550 5260 τὰ
2580 5203 2867 5278 ἀπόρῥὴτα
2893 5207 2985 5259 τοῦ
3019 5203 3300 5282 βασιλέως,
3335 5207 3384 5255 id
3418 5213 3498 5256 est

327 5281 434 5354 (i8)
464 5282 529 5336 In
554 5285 665 5352 ipso
695 5282 1025 5352 complacuit.
1067 5282 1270 5337 Coloss.
1303 5299 1340 5348 ι,
1379 5282 1465 5348 19,
1497 5283 1588 5337 20.
1650 5352 1660 5354 _
1778 5352 1786 5354 Α
1920 5281 2278 5354 inobiscnm,
2331 5287 2385 5332 et
2435 5290 2532 5346 per
2579 5293 2676 5330 nos
2717 5293 2962 5344 supernae
3015 5279 3240 5328 virtutes
3286 5283 3496 5327 secreta

326 5349 435 5423 (19)
494 5349 740 5422 Apparet,
791 5349 894 5408 etc.
935 5354 1154 5419 Codex,
1209 5354 1586 5475 αίρεσιομάχοι
1642 5352 1820 5405 διεσά-
1920 5349 2084 5419 Regis
2117 5358 2545 5414 cognoverunt.»
2981 5413 3036 5425 Η
3154 5411 3166 5423 _
3345 5413 3354 5423 .

326 5438 450 5475 σαν.
486 5423 614 5475 Οιιαι
653 5423 811 5475 lectio
846 5422 1059 5475 videtur
1098 5424 1374 5475 mendosa.
1445 5424 1530 5475 ‘ao
1570 5423 1647 5475 sic
1678 5422 1815 5475 verti
1995 5419 2110 5475 (24)
2153 5418 2220 5470 Ει
2259 5419 2621 5475 potestatibus.
2675 5415 2860 5470 Graeca
2910 5415 3074 5468 editio
3115 5413 3202 5466 luc
3235 5413 3354 5465 addi

253 5412 450 5491 φησαν.
486 5412 614 5492 Quae
653 5412 811 5477 lectio
846 5422 1059 5476 videtur
1098 5412 1374 5477 mendosa.
1422 5412 1535 5492 E33
1570 5423 1647 5476 sic
1678 5422 1815 5475 verti
1995 5412 2110 5487 (24)
2153 5412 2220 5470 Et
2259 5419 2621 5492 potestatibus.
2675 5415 2874 5492 Graeca.
2910 5413 3074 5492 editio
3115 5412 3202 5466 hic
3235 5413 3403 5474 addit,
3435 5412 3498 5492 έν

254 5483 402 5564 Quasi
458 5483 724 5547 ithraaco
770 5494 1080 5562 legeretur:
1125 5483 1546 5564 αἱρεσιομάχόυς
1593 5492 1818 5555 ἑαυτοὺς

1925 5483 2044 5564 τοῖς
2069 5483 2505 5564 ἐπουρανίοιςήίἀ
2529 5496 2609 5539 cst
2646 5505 2667 5564 ι
2694 5489 2744 5564 i_n
2777 5486 3084 5564 ctu-lestiims
3109 5501 3120 5536 :
3142 5500 3162 5534 ι
3191 5497 3310 5552 qua:
3336 5483 3495 5535 verba

249 5559 602 5633 διεσάφησαν.
665 5632 671 5633 γ
992 5631 1000 5633 ᾗ
1132 5555 1197 5633 γ’
1341 5555 1452 5633 ’ς’
1528 5555 1538 5557 ἡ
1628 5631 1634 5633 _
1690 5631 1701 5633 _
1765 5631 1815 5633 η

1528 5555 1538 5557 ἡ
1628 5631 1634 5633 _
1690 5631 1701 5633 _
1765 5632 1774 5633 ί
1806 5631 1815 5633 μ
1926 5555 2533 5633 neDidymusquidem
2562 5556 2746 5633 omisit
2777 5571 2946 5633 segni.
2977 5555 3045 5608 90
3066 5568 3119 5607 a.

324 5626 435 5700 (20)
465 5626 796 5684 ἈεΙιααὺιιηι.
836 5630 952 5686 Non
978 5631 1219 5696 Achabo,
1246 5635 1338 5687 sed
1365 5631 1584 5686 Juramo
1610 5631 1817 5687 Achabi
1999 5629 2110 5700 (25)
2134 5626 2214 5680 “8ἱ
2251 5628 2441 5700 Ηζὲιιδ.
2480 5627 2664 5700 Matth.
2707 5641 2781 5687 ιν,
2812 5626 2868 5679 6.

251 5693 362 5758 ﬁlio
401 5693 462 5756 ea
491 5701 628 5770 dixit
653 5700 927 5770 Josaphal,
959 5717 1078 5770 quae
1119 5693 1214 5755 hic
1244 5704 1500 5756 citantur.
1999 5693 2111 5770 (26)
2151 5696 2469 5770 Ego-7104'!!-
2507 5712 2558 5760 κ,
2600 5693 2685 5746 50-

324 5769 433 5844 (21)
471 5768 622 5826 Sicut
653 5781 728 5823 ιιι.
757 5761 874 5826 Lib.
907 5761 1136 5842 lV'lieg.
1167 5787 1249 5838 ιιι,
1280 5775 1332 5826 7.
1370 5772 1540 5828 Biblia
1571 5771 1772 5827 habent
1802 5789 1815 5824 :
2000 5761 2113 5840 (27)
2155 5761 2367 5820 omnia.
2395 5764 2550 5821 Joan.
2585 5779 2698 5829 xvr,
2733 5761 2818 5816 15.
