4056 6398
273 360 378 416 90!
586 410 592 416 .
1331 354 1422 410 DE
1461 351 1839 410 TRINITATE
1876 348 2083 407 LIBER
2119 348 2442 407 TERTIUS.
2821 412 2828 416 _
3326 406 3327 411 η
3422 345 3529 405 903

277 476 427 544 ζάρῳ
486 470 916 545 παρεκελεύετοο
980 488 1000 523 ι
1057 470 1228 541 Δεῦρο
1275 471 1340 525 ὲκ
1393 471 1580 539 τάφων
1624 470 1761 536 ἐξω’
1828 486 1882 528 ι,

1983 466 2158 530 iiebat,
2204 466 2482 520 daemones
2530 463 2771 535 fugabat,
2806 462 2940 518 mari
2976 462 3263 518 minaciter
3302 462 3523 518 manda~

278 564 458 634 Ἄλλῳ
490 563 888 636 προσέταττεν⁹
937 580 957 614 ι
1011 562 1312 624 Νεανίσκε,
1371 561 1661 632 ἐγέρθητιο
1712 578 1730 611 ι
1778 557 1853 629 τῷ

1983 564 2069 620 ισι,
2110 575 2129 608 ι
2159 554 2270 611 Sile
2310 554 2446 626 (42),
2475 555 2810 619 obtumesee,
2832 572 2851 605 ›
2880 561 3073 609 ventos
3105 553 3445 623 increpabat.
3471 569 3525 611 et

274 652 464 724 λεπρῷ
523 652 794 724 ἔφραζενο
864 668 882 702 ι
946 650 1115 717 Θέλω,
1162 649 1556 721 καθαρίσθητιο
1607 667 1626 701 ι
1675 647 1850 717 ἄλλῳ·

1983 646 2245 701 εεετιδιιιιι
2271 661 2285 708 ;
2334 644 2497 698 Petro
2525 644 2645 697 caeli
2679 645 2857 697 claves
2883 644 3018 697 dans
3042 644 3220 697 aiebat
3246 661 3259 699 :
3298 663 3316 694 ι
3348 643 3531 710 Quod-

283 763 304 795 ι
355 743 582 815 Θάρσει,
627 743 848 796 τέκνονο
892 741 1164 810 ἀφέωνταί
1226 759 1307 794 σοι
1363 743 1419 794 σί
1468 740 1766 813 ἁμαρτίαι·
1830 757 1849 791 ›

1983 752 2173 805 ἰιιιίιιιο
2219 734 2333 807 (45)
2394 734 2665 790 solveritis
2709 749 2871 803 super
2918 744 3137 801 terram,
3171 733 3276 788 erit
3301 735 3532 788 solutum

278 835 488 906 ἑτέρῳο
528 854 561 903 «1
583 836 825 906 Ἔγειρε,
858 830 989 905 ἆρον
1019 834 1108 887 τὸν
1146 832 1456 902 κράϐϐατόν
1493 850 1608 896 σου,
1639 833 1732 885 καὶ
1762 848 1858 884 πε-

1983 846 2013 881 ιι
2052 828 2224 890 ρωιὶς,
2276 839 2331 881 et
2378 826 2741 896 quodcunque
2786 826 3090 896 ligaveritis
3114 841 3277 896 super
3306 838 3529 890 terram,

282 927 505 999 ριπὰτει
528 945 539 958 ·
578 947 597 978 ι
625 927 701 997 τῷ
724 927 973 997 δαίμονι·
1021 943 1038 976 ι
1074 926 1147 978 Τὸ
1171 925 1388 987 ἄλαλον,
1425 944 1443 976 ι
1492 926 1679 994 φησὶν,
1713 943 1730 974 ι
1763 923 1858 976 καὶ

1983 921 2058 973 irit
2104 920 2326 986 ligatum
2366 918 2419 971 in
2466 918 2616 972 uelis
2640 935 2653 983 ;
2678 935 2696 968 ›
2734 916 2940 971 Lazaro
2962 917 3346 987 praecipiebat:
3382 935 3401 967 ι
3438 916 3537 970 Ve—

280 1019 467 1087 κωφὸν
498 1017 791 1087 δαιμόνιον,
828 1015 938 1085 ἐγώ
985 1034 1067 1069 σοι
1108 1016 1417 1079 ἐπιτάσσω,
1454 1015 1657 1082 ἔξελθε.
1696 1034 1713 1066 ι
1750 1015 1861 1067 Καὶ

1983 1012 2013 1063 ιὶ
2045 1010 2237 1081 (44)(ξκ
2267 1009 2513 1077 sepulcro
2533 1007 2714 1071 foras;
2751 1026 2770 1060 ι
2802 1008 2953 1062 alteri
2991 1008 3327 1075 imperabat:
3358 1009 3535 1060 «Ado-

280 1108 349 1160 οὐ
396 1107 554 1178 μόνον
594 1106 765 1160 ταῦτα
801 1107 1149 1176 ἀντιστήκει,
1202 1106 1335 1159 ἀλλὰ
1374 1106 1467 1158 καὶ
1513 1105 1859 1178 προανῃρέθη

1983 1099 2323 1171 escens(45),
2354 1115 2545 1170 surge;
2575 1119 2593 1152 ι
2626 1100 2842 1169 lcproso
2891 1101 3103 1155 dicebat
3131 1119 3145 1154 :
3188 1119 3206 1151 ι
3236 1099 3366 1154 Volo
3400 1099 3533 1171 (46),

282 1197 397 1250 τῶν
458 1196 729 1267 ὑϐριστῶν
780 1197 813 1266 ἠ
861 1195 1035 1248 ἔννοια
1090 1195 1207 1259 τοῦ,
1260 1215 1278 1247 ι
1328 1196 1444 1248 Ἵνα
1494 1194 1544 1247 τί
1587 1193 1864 1263 ἐγκατέλι-

1983 1195 2262 1247 nundatus
2300 1194 2410 1258 sis;
2446 1214 2464 1245 ι
2501 1192 2657 1248 alteri
2692 1212 2705 1247 :
2741 1212 2760 1244 ε
2784 1194 3005 1248 Conlide
3038 1194 3170 1263 (47),
3201 1192 3297 1253 ﬁli.
3347 1194 3534 1248 remit-

283 1287 391 1350 πές
443 1302 540 1356 με;
585 1304 605 1337 ι
660 1283 755 1338 τοῦ
792 1285 890 1355 μὲν
948 1284 1153 1356 Κυρίου
1198 1284 1349 1355 παρά
1406 1282 1483 1351 τῷ
1546 1282 1695 1353 αὐτῷ
1750 1284 1864 1335 Ἰω-

1983 1299 2155 1339 .ιιιιιιιι·
2205 1285 2301 1339 tibi
2362 1295 2658 1355 peccata”
2717 1284 2909 1339 alteri:
2947 1304 2965 1336 ι
2995 1283 3165 1354 Surge
3216 1284 3350 1357 (58),
3411 1283 3538 1338 tolle

284 1381 423 1452 ἁννῃ
487 1378 1071 1451 προαναφωνήσαντος·
1141 1395 1157 1427 ι
1240 1376 1369 1428 Ἰδοὺ
1450 1374 1665 1445 ἔρχεται
1723 1372 1862 1445 ὥρα,

1983 1378 2251 1446 grabatum
2272 1385 2445 1440 tuum,
2467 1385 2521 1431 et
2542 1376 2759 1430 ambula
2779 1395 2825 1444 ς»
2857 1377 3105 1441 dacmoni,
3126 1393 3147 1428 ι
3162 1375 3407 1444 Luqnelze
3424 1375 3536 1447 (49)

285 1472 386 1525 καὶ
436 1468 527 1521 νῦν
585 1466 877 1539 ὲλῆλυθεν,
929 1467 1014 1518 ἵνα
1070 1463 1437 1535 σκορπισθῆτε
1501 1460 1730 1524 ἕκαστος
1788 1462 1868 1524 είς

1983 1483 2183 1537 Expers,
2204 1486 2223 1519 ι
2252 1468 2444 1538 inquit,
2466 1487 2484 1519 ι
2504 1476 2555 1522 et
2587 1475 2792 1522 mutum
2812 1467 3153 1530 daamonium,
3180 1466 3272 1521 tibi
3290 1481 3388 1535 ego
3402 1482 3545 1536 pra--

285 1564 362 1615 τὰ
403 1562 528 1624 ἴδια,
550 1560 643 1614 καί⁵
672 1559 771 1629 ἐμὲ
806 1557 964 1629 μόνον
998 1557 1208 1628 ἀφῆκ’
1242 1555 1335 1609 καὶ
1390 1556 1489 1608 οὐκ
1527 1553 1642 1624 εἰμὶ
1688 1552 1867 1623 μόνος,

1983 1559 2111 1627 ιὶρῑο
2141 1575 2154 1612 :
2185 1540 2461 1629 egredere.
2490 1575 2510 1609 ι
2582 1557 2766 1627 Neque
2815 1573 2942 1612 vero
3002 1559 3115 1612 haec
3164 1558 3539 1611 tantummodo

287 1654 372 1707 ὅτι
402 1654 431 1705 ὀ
462 1652 650 1721 Πατήρ
681 1666 783 1720 μου
817 1648 931 1719 μετ’
967 1647 1100 1718 ἐμοῦ
1142 1648 1322 1700 ἐστιν·
1364 1666 1384 1698 ι
1421 1645 1515 1699 τοῦ
1561 1645 1616 1698 δὲ
1658 1643 1868 1697 Παύλου

1983 1650 2357 1704 hzereiicoruin
2424 1652 2710 1705 conatibus
2762 1650 3047 1714 resistunt,
3120 1663 3307 1703 verum
3370 1648 3534 1702 etiam

299 1742 574 1814 Ἑϐραίοις
617 1739 1042 1802 ἐπιστείλαντος,
1093 1739 1176 1792 ὅτι
1223 1740 1316 1792 καὶ
1353 1738 1415 1791 τὸ
1453 1739 1605 1805 ἆγιον
1647 1736 1869 1804 Πνεῦμα

1983 1742 2185 1809 iamdiu
2241 1743 2308 1796 de
2364 1743 2559 1796 merito
2604 1742 2816 1797 sublata
2873 1752 2959 1797 est
3016 1740 3400 1804 contumeliosa
3451 1739 3536 1793 in-

289 1833 591 1903 ἁχώριστον
608 1828 771 1882 αὑτοῦ
801 1824 898 1899 ἦν·
932 1846 951 1878 ι
971 1826 1178 1899 Εἰγάρ,
1212 1846 1231 1879 ι
1255 1827 1410 1898 φησὶ,
1450 1845 1467 1877 ι
1490 1826 1552 1879 τὸ
1582 1820 1722 1895 αἷμα
1742 1843 1870 1879 ταυ-

1983 1833 2319 1902 terpretatio,
2369 1849 2529 1904 quam
2559 1834 2816 1889 adhibent
2866 1834 3017 1888 hisce
3057 1832 3274 1887 verbis:
3313 1851 3331 1883 ι
3358 1830 3540 1898 Quare

292 1942 403 1997 ρων
434 1923 529 1976 κα)⁸
566 1921 806 1994 τράγων,
839 1921 933 1973 καὶ
978 1919 1173 1983 σποδὸς
1214 1919 1516 1990 δαμάλεως,
1553 1918 1877 1990 ῥαντίζουσα

1983 1923 2307 1993 dereliquisli
2361 1923 2487 1977 me?
2524 1943 2543 1975 ι
2615 1932 2730 1978 tum
2797 1925 3011 1993 quando
3076 1921 3336 1976 Dominus
3397 1921 3539 1991 apud

289 2014 419 2076 τοὺς
435 2011 877 2081 κεκοινωμένους,
897 2010 1111 2078 ἁγιάζει
1130 2009 1264 2081 πρὸς
1276 2009 1373 2081 τὴν
1385 2010 1482 2080 τῆς
1500 2008 1701 2081 σαρκὸς
1712 2009 1879 2062 καθα-

292 2104 496 2179 ρότητα
516 2123 527 2134 ·
561 2103 712 2175 πόσῳ
741 2103 939 2174 μᾶλλον
964 2103 1026 2156 τὸ
1047 2097 1187 2174 αἷμα
1218 2100 1414 2172 Ἰησοῦ,
1436 2102 1583 2165 ὅστις
1607 2101 1694 2154 διὰ
1716 2100 1884 2155 Πνεῦ-

296 2214 467 2267 ματος
486 2195 643 2265 ἁγίου
667 2194 861 2248 ἑαυτὸν
882 2195 1111 2265 ἄμωμον
1157 2194 1498 2265 προσήνεγκε
1525 2192 1601 2264 τῷ
1623 2192 1761 2263 Θεῷ,
1786 2210 1884 2246 κα-

293 2287 508 2359 θαρίσει
536 2288 635 2350 τὰς
663 2285 887 2358 καρδίας
918 2284 1070 2355 ὑμῶν
1102 2284 1210 2337 ἀπὸ
1231 2283 1584 2355 συνειδήσεως
1604 2285 1879 2354 πονηρᾶς;

1970 2011 2134 2082 395
2146 2014 2389 2066 eumdem
2408 2011 2670 2068 Joannem
2698 2013 2823 2067 olim
2849 2014 3202 2068 exclamavit:
3237 2033 3255 2064 ι
3275 2014 3411 2067 Ecce
3425 2013 3539 2085 (50)

1974 2104 2120 2155 venit
2167 2102 2322 2168 hora,
2373 2112 2427 2156 et
2485 2117 2625 2157 nunc
2661 2103 2828 2167 venit,
2857 2114 2914 2156 ut
2947 2103 3325 2173 dispergamini
3374 2119 3541 2158 unus-

1976 2194 2207 2263 quisque
2269 2194 2335 2248 ad
2370 2195 2606 2263 propria,
2660 2205 2714 2250 et
2754 2212 2837 2248 me
2888 2195 3059 2249 solum
3098 2196 3453 2264 relinquatis;
3487 2205 3543 2249 et

1977 2298 2081 2337 non
2099 2298 2215 2336 sum
2234 2284 2401 2349 solus,
2417 2283 2541 2353 quia
2560 2283 2721 2338 Pater
2740 2299 2889 2337 meus
2905 2284 3018 2354 (51)
3038 2298 3246 2338 mecum
3262 2294 3344 2339 est
3360 2303 3371 2337 :
3388 2303 3405 2335 ι
3429 2293 3539 2337 ιιιιιι

293 2383 461 2436 etiam
523 2383 740 2450 quando
805 2379 1007 2433 Paulus
1063 2378 1307 2433 Hebraeis
1333 2379 1586 2447 scripsit,
1619 2377 1876 2447 Spiritum
1913 2391 2129 2448 quoque
2172 2386 2420 2432 sanctum
2485 2378 2900 2447 inseparabilem
2963 2380 3031 2432 ah
3092 2379 3208 2449 ipso
3268 2377 3542 2433 esse.tSi

294 2478 441 2531 enim
474 2475 607 2542 (52),
645 2494 664 2527 ι
701 2476 892 2545 inquit,
918 2491 937 2525 ι
967 2474 1189 2543 sanguis
1216 2482 1517 2540 taurorum,
1550 2482 1601 2526 et
1639 2474 1941 2537 hircorum,
1982 2483 2037 2527 et
2064 2473 2203 2527 cinis
2236 2473 2415 2529 vitula:
2474 2489 2725 2542 aspersus
2747 2514 2763 2539 ,
2802 2476 3108 2544 inquinatos
3135 2477 3438 2531 sanctiﬁcat
3478 2478 3545 2531 ad

296 2571 728 2627 emundationem
788 2569 1001 2633 carnis;
1056 2577 1262 2635 quanto
1314 2567 1484 2634 magis
1553 2567 1773 2637 sanguis
1805 2565 1931 2621 Jesu
1998 2567 2136 2637 (55),
2194 2567 2285 2637 qui
2352 2584 2448 2639 per
2498 2568 2758 2640 Spiritum
2799 2583 3043 2625 sanctum
3080 2573 3421 2642 semetipsum
3449 2572 3548 2625 im-

298 2661 624 2717 maculatum
654 2660 848 2713 obtulit
894 2659 1028 2722 Deo,
1078 2659 1391 2712 emnndavit
1431 2658 1593 2713 corda
1629 2669 1805 2713 vestra
1838 2674 1867 2712 a
1907 2661 2236 2716 conscientia
2271 2662 2474 2731 prava?
2502 2681 2522 2714 ι

372 2754 503 2806 Τότε
559 2753 615 2806 δὲ
663 2756 999 2823 προσήνεγκε
1062 2750 1147 2804 διὰ
1206 2751 1296 2803 τοῦ
1352 2751 1513 2818 ἁγίου
1559 2744 1877 2822 Πνεῦματος

297 2843 489 2897 ἑαυτὸν
515 2842 590 2912 τῷ
616 2842 740 2913 [[89
766 2842 818 2913 ὑ]
841 2841 977 2910 Θεῷ,
1005 2842 1093 2893 ὅτε
1124 2842 1205 2903 είς
1227 2840 1319 2893 τὸν
1354 2839 1586 2910 σταυρὸν
1616 2840 1878 2903 ἑκουσίως

2055 2753 2207 2809 Tunc
2244 2764 2426 2809 autem
2484 2770 2585 2823 per
2624 2753 2885 2826 Spiritum
2917 2766 3166 2811 sanctum
3233 2755 3429 2810 obtulit
3463 2770 3549 2809 so-

1983 2844 2267 2912 metipsum
2324 2845 2452 2912 Deo,
2502 2845 2718 2913 quando
2774 2845 2826 2899 in
2864 2859 3080 2900 crucem
3128 2844 3427 2898 voluntarie
3460 2857 3549 2896 as-

296 2934 476 3003 ἁνέϐη.
514 2934 695 2996 Ὥστε,
729 2933 827 3002 οὐχ
853 2932 928 2996 ὼς
948 2931 1025 3002 τῷ
1052 2934 1254 3003 ῥήματι
1293 2930 1439 2985 δοκεί
1469 2930 1681 3002 δηλοῦν,
1707 2930 1878 2999 ψιλῶς

1983 2936 2187 2990 cendit.
2221 2936 2408 3006 Itaque
2435 2952 2540 2992 non
2571 2947 2698 2992 sunt
2742 2939 2954 3006 objecta
2986 2938 3151 2993 verba
3187 2940 3327 2990 nude
3352 2934 3550 2990 intelli-

298 3029 440 3079 νοεῖν
468 3026 571 3097 χρή
592 3043 605 3056 ·
637 3025 750 3079 ἀλλ’
782 3026 863 3077 ὅτι
896 3022 1172 3078 κάνταῦθα
1207 3022 1554 3091 συγκαταϐὰς
1580 3024 1658 3084 είς
1681 3022 1877 3083 πάντα,

299 3120 395 3171 κα)⁵
432 3117 721 3188 πτωχεύων
755 3119 818 3187 τῇ
852 3115 945 3168 τοῦ
984 3114 1168 3168 δούλου
1220 3116 1421 3186 μορφῇ,
1472 3114 1565 3167 καὶ
1605 3113 1881 3183 μεταπλά-

301 3223 401 3270 σας
426 3207 501 3277 τῷ
533 3205 674 3277 λόγῳ
707 3205 896 3259 ἑαυτὸν
925 3204 1209 3276 ἀτρέπτως
1235 3206 1313 3268 είς
1340 3204 1402 3257 τὺ
1430 3203 1626 3265 κοινὸν,
1658 3203 1753 3256 καὶ
1774 3206 1878 3256 πᾶ-

300 3312 405 3349 σαν
440 3294 539 3364 τῆς
581 3293 1041 3365 ὲνανθρωπήσεως
1080 3291 1398 3346 ἀκολουθίαν
1436 3291 1739 3359 φυλάττων,
1786 3291 1881 3343 καὶ

304 3387 469 3458 μηδὲν
522 3385 614 3440 τοῦ
662 3385 1006 3457 χαρακτῆρος
1043 3384 1141 3453 τῆς
1180 3382 1437 3453 ἀληθείας
1470 3383 1777 3451 ἀφανίζων,
1811 3383 1881 3436 τὰ

299 3479 581 3549 πρέποντα
621 3478 928 3548 ἀνθρώποις
982 3474 1349 3546 χαμαιζήλως,
1406 3474 1596 3546 ὥσπερ
1637 3476 1670 3546 ἡ
1713 3476 1881 3538 ὅντως

302 3570 485 3640 σοφία,
517 3570 831 3639 ἐφθέγξατο,
885 3567 1020 3639 πρὸς
1074 3567 1135 3622 τὸ
1175 3569 1270 3621 καὶ
1308 3568 1458 3638 ἡμᾶς
1497 3568 1879 3638 ὀμοιουμένους

300 3662 473 3732 αὐτῷ,
507 3662 599 3716 καὶ
626 3661 821 3724 τελέως
849 3660 1225 3732 συμμόρφους,
1257 3659 1400 3713 κατά
1417 3658 1508 3711 τὸν
1541 3658 1880 3722 Ἀπόστολον,

301 3754 641 3823 γινομένους.
682 3755 854 3805 ποιεῖν
881 3751 949 3805 τὰ
984 3751 1263 3824 πρέποντα
1293 3750 1388 3803 καὶ
1422 3750 1722 3821 ἀρέσκοντα
1772 3751 1884 3803 αὺ-

300 3845 407 3915 τῷ,
446 3844 537 3899 καὶ
566 3842 887 3915 πορεύεσθαι
927 3842 1033 3896 ἀπὸ
1059 3842 1167 3895 τῶν
1204 3842 1408 3913 γηίνων
1435 3841 1527 3892 ἐπὶ
1551 3840 1619 3895 τά
1647 3840 1880 3912 αἰθέρια.

304 3934 409 3992 Οἴα
435 3938 489 3991 δὲ
510 3938 602 3991 καὶ
625 3939 753 4007 περὶ
778 3935 965 3989 τούτου
989 3933 1142 4005 παρὰ
1162 3936 1275 3997 τοῖς
1296 3933 1401 3999 ἔξω
1431 3934 1701 3999 λέλεκται,
1734 3934 1884 3987 οὐδὲν

304 4026 419 4083 οἷον
450 4032 541 4083 καὶ
562 4027 742 4082 αὐτῶν
772 4027 996 4081 ἐκείνων
1020 4023 1260 4079 ἀκούειν.
1288 4023 1449 4079 Οθτω
1480 4025 1590 4095 γὰρ
1633 4023 1695 4077 οὐ
1726 4024 1886 4094 μόνον

305 4122 408 4193 τὴν
443 4120 568 4193 παρ’
592 4123 725 4192 ἡμῖν
764 4119 873 4172 τῶν
923 4118 1093 4187 ἁγίων
1130 4117 1547 4188 μεγαλοφωνίαν
1589 4115 1669 4170 ἔτι
1725 4116 1886 4170 πλέον

310 4211 624 4283 στέρξομεν,
669 4210 805 4265 ἀλλὰ
836 4212 931 4265 καὶ
976 4209 1175 4280 μᾶλλον
1219 4210 1314 4262 καὶ
1364 4209 1564 4279 μᾶλλον
1612 4207 1888 4278 θαυμάσο-

1982 3026 2176 3094 genda,
2226 3037 2285 3080 ut
2318 3043 2516 3083 sonare
2572 3028 2841 3095 videntur,
2908 3029 3003 3084 sed
3056 3028 3172 3083 harc
3222 3042 3435 3096 quoque
3468 3026 3549 3082 sic

1983 3117 2154 3185 accipi
2186 3118 2406 3185 debent,
2436 3128 2493 3173 ut
2517 3119 2631 3188 ipse
2662 3121 3103 3176 condescendens
3141 3121 3314 3189 quoad
3343 3119 3545 3182 omnia,

1982 3216 2036 3262 et
2057 3223 2262 3277 pauper
2285 3208 2460 3265 factus
2492 3210 2545 3264 in
2573 3212 2748 3266 forma
2778 3213 2942 3278 servi,
2979 3224 3054 3276 et,
3087 3212 3332 3281 quamvis
3363 3210 3550 3281 cujus-

1982 3296 2112 3351 libet
2143 3300 2454 3355 mutationis
2480 3315 2674 3371 eXpers
2730 3302 2821 3366 sit,
2881 3317 2940 3357 se
2986 3304 3159 3372 ipsum
3195 3312 3371 3356 tamen
3411 3301 3550 3355 inter

1983 3386 2307 3457 loquendum
2340 3391 2503 3445 veluti
2554 3392 2609 3445 in
2655 3391 2931 3462 vulgarem
2975 3391 3249 3446 hominem
3284 3389 3549 3445 transfor-

1984 3496 2160 3545 mans,
2184 3491 2238 3536 et
2263 3498 2478 3538 omnem
2529 3485 2917 3540 incarnationis
2958 3484 3397 3553 consequentiam
3443 3496 3532 3537 ser

1982 3587 2142 3640 vans,
2163 3583 2220 3629 et
2265 3574 2415 3629 nulla
2443 3576 2496 3629 in
2528 3591 2591 3631 re
2639 3577 3010 3631 characterem
3041 3575 3287 3629 veritatis
3307 3588 3553 3628 corrum-

1983 3679 2136 3732 pens,
2187 3664 2488 3729 humiliter,
2534 3666 2733 3735 quippe
2775 3666 2865 3735 qui
2894 3680 3019 3720 vera
3049 3664 3326 3735 Sapientia
3345 3671 3449 3728 est,
3489 3676 3550 3715 ea

1983 3755 2198 3812 locutus
2229 3759 2321 3822 sit,
2354 3773 2473 3827 quae
2500 3759 2750 3813 humanae
2783 3757 3079 3812 conditioni
3124 3756 3471 3822 conveniunt,
3495 3765 3555 3809 ut

1985 3857 2041 3900 et
2071 3862 2170 3902 nos
2205 3848 2253 3901 ei
2280 3848 2484 3903 similes
2514 3848 2859 3918 perfecteque
2894 3846 3205 3903 coniormes
3219 3846 3375 3915 juxta
3409 3849 3555 3917 Apo-

1985 3942 2184 3997 stolum
2237 3943 2387 4009 facti,
2442 3958 2504 3997 ea
2560 3957 2870 4012 operemur,
2910 3956 3030 4012 quae
3071 3940 3241 4010 ipsius
3288 3940 3548 3994 voluntati

1985 4042 2344 4086 consentanea
2368 4034 2497 4099 sint,
2537 4035 2693 4103 eique
2719 4033 2986 4102 placeant,
3016 4040 3179 4100 atque
3211 4046 3278 4085 ex
3317 4028 3550 4084 terrenis

1986 4126 2053 4175 ad
2068 4122 2307 4177 caelestia
2330 4124 2644 4181 evehamur.
2670 4122 2809 4191 Quid
2836 4137 2966 4178 vero
3000 4122 3209 4193 profani
3232 4123 3393 4176 etiam
3414 4120 3550 4175 hanc

1988 4211 2040 4266 in
2072 4228 2189 4266 rem
2248 4215 2510 4282 dixerint,
2560 4216 2694 4270 nihil
2754 4225 2906 4272 vetat
2928 4215 3055 4287 quin
3083 4217 3151 4270 ab
3182 4215 3267 4269 his
3297 4214 3425 4284 ipsis
3459 4228 3557 4265 au-

315 4322 415 4376 μεν
468 4305 564 4377 τὴν
610 4304 736 4376 μίαν
783 4304 1038 4359 ἁπάντων
1096 4302 1331 4374 χορηγὸν
1375 4300 1585 4370 σοφίαν.
1634 4300 1786 4370 Ἔχει
1838 4300 1882 4354 δὲ

1997 4302 2206 4358 diamus
2237 4322 2250 4358 ε
2284 4307 2365 4361 sic
2397 4309 2539 4362 enim
2601 4325 2707 4363 non
2751 4309 2911 4364 modo
2961 4306 3266 4362 sublimitas
3301 4303 3556 4359 doctrinm

308 4390 453 4450 ὦδεο

1994 4402 2196 4448 nostra:
2230 4410 2259 4448 a
2294 4400 2500 4454 sanctis
2529 4400 2741 4453 tradita:
2782 4399 2959 4453 adhuc
3001 4396 3217 4451 charior
3246 4394 3401 4450 nobis
3428 4394 3553 4459 erit,

313 4499 500 4538 verum
528 4484 691 4539 etiam
752 4482 925 4553 magis
990 4480 1273 4552 magisque
1303 4479 1703 4535 admirabimur
1772 4494 1931 4534 unam
1973 4479 2119 4537 illam
2188 4485 2428 4542 omnium
2487 4488 2751 4544 donorum
2813 4486 3138 4558 largitricem
3210 4485 3553 4555 sapientiam.

313 4578 441 4633 llaec
472 4578 631 4648 igitur
665 4578 897 4632 habent:

313 4668 581 4724 Πολλάκι
608 4669 719 4739 γὰρ
748 4667 1124 4738 φθέγγονται,
1148 4665 1265 4719 ὅσα
1283 4663 1501 4731 σθένος
1527 4665 1702 4739 satin
1720 4664 1894 4719 ἀκοῦ-

314 4807 566 4876 Θνητοῖς
583 4825 597 4839 ·
624 4807 782 4863 ἄλλα
812 4806 865 4860 δ’
883 4807 1082 4861 ἔνεστι
1111 4820 1380 4876 νοηματα
1414 4734 1884 4945 aps/adﬁgitu-

1700 4892 1811 4941 οις.

1700 4892 1811 4941 οις.

315 5139 403 5182 cet
432 5123 690 5195 Ecclesia,
729 5138 793 5195 ac
833 5122 1047 5195 demum
1080 5120 1223 5195 quod
1258 5119 1449 5195 Halth.
1481 5131 1656 5179 xxv",
1687 5116 1776 5178 δί,
1810 5116 1890 5170 le-

278 5197 462 5267 _gitur
504 5195 569 5248 de
614 5191 835 5257 sanctis,
886 5192 977 5262 qui
1017 5201 1138 5259 post
1189 5191 1396 5244 Domini
1431 5197 1659 5243 mortem
1700 5202 1887 5241 resur-

316 5275 595 5320 I'CXPI‘IIIII.
766 5294 771 5299 λ

391 5333 504 5402 (12)
545 5331 672 5387 Sile.
712 5331 876 5385 Marc.
910 5328 1101 5402 tv,_59.

393 5395 509 5471 (45)
550 5397 1082 5471 ριιοάειιιιᾳιιεηρῖοιι
1131 5397 1529 5471 eadem_plane
1573 5396 1756 5471 verba1
1797 5395 1890 5450 sed

319 5467 499 5527 I'er'me'
519 5472 704 5525 eadem
738 5467 903 5525 habes
938 5468 1125 5522 Matth.
1164 5483 1272 5528 χιιι,
1302 5468 1385 5530 19,
1418 5477 1472 5519 et
1506 5481 1654 5527 xvm,
1695 5467 1780 5517 18.

396 5541 508 5610 (44)
558 5539 705 5593 Veni.
742 5539 937 5610 Joann.
971 5553 1050 5601 ιιι,
1079 5536 1168 5589 45.
1208 5536 1260 5588 In
1289 5535 1476 5610 Bibliis
1522 5551 1628 5590 non
1675 5542 1889 5588 exstant

318 5608 504 5673 voces,
536 5613 601 5663 ὲκ
625 5610 830 5678 τάφων.
867 5609 933 5678 id_
951 5618 1033 5660 est
1070 5624 1088 5656 ι
1113 5620 1143 5659 e
1165 5608 1425 5678 sepulcro.
1448 5624 1468 5657 ι

393 5681 507 5749 (45)
545 5674 877 5749 Adolescens.
915 5676 1183 5749 ἰωὰ-ιιι,
1220 5674 1302 5729 14.

393 5740 504 5819 (46.)
546 5747 697 5806 Volo.
720 5745 1112 5813 Matth.vtn,5;
1133 5743 1295 5798 Mare.
1321 5760 1359 5813 i,
1379 5746 1439 5799 41
1460 5761 1475 5812 ;
1498 5753 1550 5799 et
1572 5741 1701 5798 Luc.
1727 5756 1781 5807 v,
1805 5740 1891 5795 l5.

2000 4663 2203 4735 Swpius
2233 4667 2370 4721 enim
2398 4682 2460 4722 ea
2493 4667 2779 4738 loquuntur
2799 4684 2916 4738 qua:
2942 4668 3125 4722 audire
3153 4666 3320 4722 valent

1994 4802 2272 4870 Mortales,
2298 4802 2389 4857 sed
2414 4801 2522 4857 alia
2553 4803 2732 4857 insunt
2776 4804 2830 4857 in
2862 4818 3043 4857 eorum
3072 4800 3237 4856 verbis
3270 4813 3435 4939 [agree
3467 4812 3552 4849 ενιο

3349 4883 3552 4920 munra.

3349 4883 3557 4920 tmwra.

2067 5116 2179 5186 (47)
2219 5115 2458 5184 Conﬁde.
2492 5114 2684 5168 Matth.
2721 5129 2795 5186 rx,
2835 5113 2889 5166 2.

2062 5179 2173 5255 (48)
2215 5179 2401 5255 Surge.
2437 5186 2601 5255 Marc.
2636 5200 2698 5249 ll,
2730 5183 2786 5245 9,
2823 5180 3072 5255 et_.ioan.
3094 5179 3240 5255 _v_,_8.

2063 5249 2173 5326 (49)
2213 5249 2472 5325 ιυᾳῖιείω.
2519 5254 2682 5326 Marc.
2719 5268 2791 5316 Ix,
2825 5252 2894 5326 25
2923 5259 3048 5326 (μου
3086 5252 3207 5320 24).
3255 5249 3419 5326 Biblia
3460 5263 3556 5317 pro

1991 5320 2520 5393 δαιμόνιον,ἸιιιΙιεηι
2569 5324 2683 5377 ιΤὸ
2722 5320 2957 5393 πνεῦμα,
2998 5322 3050 5375 id
3096 5332 3180 5377 est
3221 5339 3241 5371 ι
3270 5322 3551 5391 spiritus.»

2066 5393 2177 5468 (ξξθ)
2212 5395 2365 5468 ljlcce.
2395 5394 2550 5468 Joan.
2588 5408 2698 5468 xvi,
2733 5393 2822 5445 52.
2895 5462 2906 5468 _
3518 5414 3521 5417 ·

2069 5460 2181 5535 (51)
2218 5464 2391 5535 Meus.
2435 5466 2591 5535 Deest
2624 5465 2736 5516 haec
2765 5477 2865 5535 νοξ
2895 5462 2946 5513 in
2979 5460 3184 5535 Bibliis.

2070 5531 2182 5605 (52)
2217 5533 2276 5589 Si
2299 5537 2455 5589 enim.
2484 5533 2655 5605 Hebr.
2695 5547 2768 5595 ix,
2790 5532 2870 5605 55
2899 5540 2954 5605 et
2980 5531 3066 5605 14.
3173 5597 3205 5605 _
3423 5594 3454 5605 Π
3488 5593 3499 5604 .

2069 5594 2181 5675 (55)
2214 5606 2441 5673 Sanguis
2466 5603 2613 5675 Iesu,
2654 5594 2761 5675 etc.
2789 5600 2955 5655 Paulo
2982 5600 3139 5654 aliter
3166 5597 3351 5652 Gmca
3373 5594 3558 5649 editio.

1998 5672 2200 5731 Conler
2228 5672 2354 5731 cum
2386 5677 2497 5743 ipsa
2519 5674 2669 5733 hunc
2701 5672 2895 5727 locum.
