4056 6382
564 334 673 394 903

563 450 756 516 Itaque
776 458 979 521 oportet
1007 448 1121 522 (54)
1148 448 1359 504 mundis
1389 448 1556 504 oculis
1591 460 1742 504 acute
1771 453 2005 518 aspicere

563 586 635 643 Et
667 602 735 642 aa
767 588 1032 642 veritatem
1055 585 1153 639 Dei
1189 588 1361 641 (beata
1392 589 1567 652 accipe
1605 584 1766 654 dona)

561 659 646 714 Ad
672 657 838 712 ctiam
860 655 1058 725 fabulis
1090 657 1398 709 diviniorem
1441 657 1577 708 vium
1611 655 1890 725 pergendo.

562 748 844 816 Quomodo
872 747 1015 802 enim
1041 747 1308 801 certiores
1340 744 1463 798 facti
1496 759 1762 805 essemus.
1782 761 1906 799 eum
1925 756 2141 801 nostras

565 838 930 903 inﬁrmitates,
953 835 1105 906 juxta
1135 837 1186 892 id
1214 838 1356 907 quod
1393 835 1557 907 396
1588 837 1845 907 scriptum
1891 847 1975 892 est
2002 838 2139 910 (55),

564 931 619 986 in
653 931 1015 986 venerandam
1056 945 1270 986 crucem
1314 931 1616 994 sustulisse,
1645 939 1705 983 ut
1734 945 1830 998 per
1857 928 1997 983 hanc
2025 944 2139 983 me-

562 1018 755 1075 liorem
805 1020 1117 1075 [nominibus
1179 1028 1377 1074 statum
1429 1027 1796 1089 compararet,
1858 1019 1960 1072 nisi
1993 1020 2142 1087 prius

567 1113 690 1169 illas
717 1128 783 1168 eo
835 1128 944 1182 quo
996 1113 1112 1180 ipse
1164 1114 1313 1168 novit
1344 1113 1503 1167 modo
1528 1113 1581 1167 in
1615 1114 1908 1184 semetipso
1933 1128 2143 1167 assum-

560 1202 762 1273 psisset
812 1219 876 1258 ac
897 1205 1257 1259 ostendisset?

635 1295 918 1361 Quomodo
967 1305 1229 1365 praeterea
1279 1311 1439 1351 nosse
1479 1296 1865 1365 potuissemus,
1896 1312 2017 1351 eum
2057 1296 2141 1351 fa-

564 1395 708 1442 ctum
730 1401 851 1442 esse
882 1402 1099 1441 carnem
1121 1377 1423 1441 'animatam
1467 1401 1616 1449 vere,
1650 1401 1755 1440 non
1789 1402 1917 1441 vero
1955 1389 2145 1458 imagi-

567 1478 742 1541 narie,
795 1492 918 1530 cum
972 1478 1148 1547 ipsum
1191 1477 1302 1549 (56)
1351 1487 1543 1548 putent
1587 1477 1865 1533 Manichazi
1901 1481 2139 1548 quidem,

563 1583 764 1638 corpus
818 1581 1144 1639 apparenter
1192 1571 1466 1637 habuisse,
1529 1571 1716 1625 Ariani
1776 1586 1928 1635 vero,
1976 1571 2142 1627 fuisse

564 1660 922 1715 inanimatum
947 1661 1099 1734 (57);
1155 1662 1256 1717 nisi
1292 1662 1541 1727 dixisset,
1576 1683 1595 1715 ι
1618 1663 1817 1718 Tristis
1842 1672 1924 1716 est
1963 1664 2141 1717 auium

563 1766 706 1814 inea,
738 1768 758 1803 ι
793 1761 850 1806 et
882 1752 1130 1806 timorem
1163 1754 1511 1818 ostendisset,
1536 1761 1591 1807 et
1614 1754 1815 1817 cibum,
1842 1769 1906 1807 ac
1935 1763 2139 1822 potum,

561 1852 618 1897 et
646 1858 897 1899 somnum
929 1844 1203 1914 cepisset?
1243 1844 1366 1899 llaec
1406 1847 1554 1900 enim
1594 1859 1768 1914 neque
1792 1847 1976 1899 deitati
2007 1861 2140 1899 con-

561 1938 810 2004 veniunt,
834 1953 1010 2007 neque
1040 1938 1192 1993 carni
1226 1938 1555 1992 inanimatae.
1587 1934 1721 1989 Nam
1761 1937 1900 2005 quod
1936 1947 2145 2007 spectat

562 2030 781 2101 quidem
810 2031 877 2085 ad
916 2046 1133 2099 corpus,
1156 2046 1235 2085 ea:
1290 2039 1495 2084 tantum
1522 2029 1576 2082 in
1609 2029 1728 2098 ipso
1758 2030 2036 2097 passiones
2064 2031 2146 2085 iu-

565 2117 901 2189 telliguntur,
934 2134 1055 2189 quae
1110 2134 1309 2187 corpus
1365 2119 1541 2187 ipsum
1590 2116 1921 2175 labefactare
1962 2120 2145 2175 valent

563 2219 732 2277 atque
762 2224 1138 2280 corrumpere,
1171 2224 1277 2263 non
1307 2223 1438 2262 vero
1469 2208 1664 2263 animm
1699 2211 2001 2280 passiones,
2022 2225 2144 2280 quae

561 2299 635 2354 ob
667 2299 949 2368 penuriam
1002 2315 1183 2354 rerum
1231 2299 1662 2354 necessariarum
1719 2309 1812 2354 aut
1846 2302 2055 2356 utilium
2087 2303 2139 2356 in

1806 330 2041 388 DlDYMl
2081 329 2555 388 ΑιεΧΑΝοῐιιΝι

3715 331 3830 386 904

2173 459 2220 513 Α
2254 448 2376 517 Τῶς
2424 448 2618 520 ἐχρῆν
2662 449 3016 516 καθαροῖσιν
3040 448 3144 504 ὑπ’
3169 447 3433 519 ὄμμασιν
3473 448 3620 520 ὀξέα
3650 452 3833 504 λεύσ-

2240 590 2349 645 Kai
2390 588 2541 658 πρὸς
2568 589 2861 657 ἀληθείην
2892 587 3040 642 Θεοῦ
3065 587 3235 642 ὄλϐια
3256 587 3523 658 δέχνυσο
3547 518 3753 654 om?

2244 661 2471 728 Ἄλλην
2493 658 2800 727 θειοτέρην
2814 660 3025 727 μύθων
3044 658 3191 726 πρὸς
3213 659 3482 726 ἀτραπὸν
3510 659 3753 714 ὁδεύων.

2239 750 2368 813 Πῶς
2411 750 2520 822 γὰρ
2566 749 2632 804 ἂν
2687 750 3235 822 ἑπληροφορήθημεν,
3270 751 3353 804 ὅτι
3405 750 3505 815 τὰς
3551 750 3836 817 ἀσθενείας

2240 845 2273 913 ὴ
2284 841 2422 912 μῶν,
2455 841 2596 895 κατὰ
2633 841 2690 895 τὸ
2722 841 3128 912 γεγραμμένον,
3155 843 3236 904 εἰς
3254 841 3347 895 τὸν
3369 841 3548 911 τίμιον
3568 841 3835 912 ἀνήνεγκε

2243 932 2497 1003 σταυρὸν,
2527 931 2668 985 ὥστε
2696 931 2783 985 διὰ
2820 931 3011 984 τούτου
3064 930 3348 1002 κρείττονα
3380 932 3678 1002 παρασχεῖν
3720 933 3837 995 τοῖς

2241 1021 2549 1094 ἀνθρώποις
2581 1024 2937 1087 κατάστασιν,
2985 1024 3033 1075 εί
3071 1023 3147 1094 μὴ
3179 1022 3445 1093 πρότερον
3476 1023 3664 1086 αὑτὰς,
3707 1023 3834 1075 καθ’

2240 1113 2299 1169 ὃν
2348 1110 2457 1167 οἶδε
2500 1114 2725 1185 τρόπον,
2782 1115 2867 1177 εἰς
2935 1114 3126 1167 ἑαυτὸν
3164 1112 3394 1168 ἀνέλαϐέ
3462 1130 3523 1167 τε
3576 1113 3670 1168 καὶ
3697 1112 3840 1167 εδει-

2242 1204 2333 1272 ξεν
2357 1222 2372 1269 ς

2312 1295 2439 1359 Πῶς
2484 1296 2542 1350 δὲ
2602 1295 2670 1349 ἂν
2718 1295 2970 1367 εὐκρινὲς
3018 1295 3276 1366 κατέστη,
3313 1295 3390 1359 ὡς
3424 1295 3563 1368 σὰρξ
3593 1295 3839 1368 ἔμψυχος

2244 1386 2369 1459 [190
2395 1386 2450 1460 ιι]
2503 1388 2721 1457 ἐγένετο
2764 1386 3003 1459 άληθῶς,
3039 1388 3134 1440 καλ⁸
3177 1388 3238 1440 οὐ
3286 1387 3579 1459 φαντασίᾳ,
3624 1388 3838 1458 οἰηθέν-

2240 1496 2348 1532 των
2390 1480 2570 1543 αὑτὸν,
2604 1480 2924 1550 Μανιχαίων
2958 1480 3078 1552 μὲν,
3122 1478 3285 1550 σῶμα
3338 1483 3559 1550 δοκήσει
3601 1482 3857 1551 ὲσχηκέ-·

2242 1592 2353 1630 ναι.
2398 1575 2691 1646 ’Δρειανῶν
2726 1575 2783 1628 δὲ
2830 1573 3035 1645 ἄψυχον
3074 1573 3422 1644 γεγενῆσθαι,
3455 1575 3503 1626 εἰ
3550 1574 3625 1646 μὴ
3679 1571 3830 1640 εἷπε,

2249 1687 2268 1719 ι
2305 1668 2607 1739 Περίλυπός
2636 1669 2783 1722 ἐστιν
2812 1669 2847 1738 ἡ
2872 1665 3016 1736 ψυχή
3053 1681 3178 1735 μου,
3210 1683 3229 1716 ι
3263 1665 3359 1718 καὶ
3380 1664 3582 1719 δειλίαν
3640 1665 3835 1732 ἔδειξε,

2245 1760 2340 1813 καὶ
2376 1760 2703 1832 βρωμάτων,
2738 1761 2833 1814 καὶ
2865 1759 3146 1829 πομάτων,
3170 1758 3266 1811 καὶ
3319 1757 3487 1813 ὕπνου
3533 1758 3835 1829 μετέλασες

2248 1852 2329 1905 Τά
2360 1851 2469 1923 γὰρ
2505 1850 2733 1905 τοιαῦτα
2779 1849 2902 1904 οὔτε
2947 1850 3159 1922 θεότητι
3201 1850 3481 1921 ἁρμόττει,
3512 1847 3634 1902 οὔτε
3668 1849 3838 1920 σαρκὶ

2247 1941 2458 2012 ἀψύχῳ.
2493 1941 2627 2012 Περὶ
2657 1942 2754 2012 μὲν
2780 1940 2844 1994 τὸ
2872 1939 3032 2012 σῶμα
3065 1940 3350 2012 θεωρεῖται
3387 1939 3456 1993 τὰ
3485 1938 3633 2010 πάθη
3671 1941 3835 2009 μόνον

2239 2033 2308 2086 τὰ
2350 2032 2515 2086 αὑτοῦ
2560 2032 2653 2085 τοῦ
2704 2031 2956 2103 σώματος
3010 2030 3308 2104 φθαρτικὰ,
3347 2031 3409 2083 οὐ
3440 2029 3546 2102 μὴν
3574 2029 3645 2083 τὰ
3681 2029 3835 2097 λογιο

2242 2125 2394 2195 σμῶν
2419 2124 2626 2196 ἐρημία
2653 2123 2759 2177 τῶν
2789 2124 3077 2195 χρησίμων
3109 2125 3239 2195 ἡμῖν
3268 2122 3697 2192 ἐπιγιγνόμενα·
3731 2137 3835 2173 πε-

2240 2217 2296 2288 ρὶ
2339 2216 2396 2270 δὲ
2430 2218 2529 2287 τὴν
2556 2216 2734 2288 ψυχὴν
2772 2214 3279 2286 καταλαμϐάνονται
3318 2214 3377 2266 αἱ
3412 2213 3551 2283 ὑπὲρ
3586 2212 3696 2266 τῶν
3729 2228 3840 2266 πα-

2239 2307 2348 2361 θῶν
2396 2308 2695 2380 φροντίδες.
2751 2308 2844 2360 Διὸ
2890 2306 2984 2359 καλ⁵
3016 2307 3064 2359 οἱ
3102 2304 3206 2370 ἔξω
3235 2303 3674 2376 παραγγέλλουσι
3703 2303 3837 2374 περὶ

564 2390 725 2444 nobis
753 2392 1096 2446 exoriuntur.
1123 2391 1275 2459 Quod
1316 2406 1445 2446 vero
1473 2401 1687 2460 spectat
1718 2393 1784 2445 ad
1812 2394 2138 2458 animam,in

2247 2400 2335 2469 τῆς
2363 2400 2676 2472 ἐμπλήκτου
2712 2398 2897 2463 ἀνοίας
2921 2413 2938 2429 ·

562 2497 627 2539 ea
668 2483 1140 2551 deprehenduntur
1174 2500 1319 2539 cura:
1351 2499 1415 2539 ac
1442 2483 1836 2539 sollicitudines
1905 2485 1975 2540 ob
2020 2487 2164 2554 ipsas
2200 2491 2484 2559 passiones
2547 2501 2830 2561 susceptae.
2881 2491 3224 2559 QuaprOpter
3266 2486 3473 2553 profani
3532 2486 3695 2541 etiam
3736 2501 3839 2541 au-

564 2583 747 2633 ctores
769 2576 837 2633 de
888 2577 1079 2633 stolida
1137 2577 1406 2631 dementia
1468 2576 1753 2646 loquentes
1797 2579 1913 2632 haec
1945 2579 2302 2649 praecipiunt:

566 2718 720 2789 Fuge
747 2714 1050 2789 eitoprocul
1072 2732 1104 2768 ιι
1132 2723 1357 2789 terrente
1383 2712 1494 2789 (58)
1518 2712 2034 2789 passionilgus,_fuge,

569 2784 1023 2846 Pré'slantissimo
1054 2787 1245 2840 animae
1276 2784 1451 2851 oculo,
1498 2793 1549 2838 et
1579 2785 1806 2838 immotis
1833 2786 1946 2927 σίνε
1977 2787 2142 2843 radiis

1884 2866 2029 2912 utens
2051 2873 2071 2911 :

1884 2866 1936 2907 ut
2051 2873 2065 2911 :

568 2927 639 2985 Ut
671 2925 1121 2994 ponderosiuimis
1157 2940 1347 2991 corpus
1372 2925 1535 2992 [renis
1560 2866 1878 2979 coerceaturl
1939 2873 2029 2912 em

567 2998 704 3055 Cum
730 3013 825 3068 per
852 2998 1044 3051 animo:
1090 2996 1422 3060 munditiem,
1472 3005 1582 3049 tum
1617 3010 1708 3064 per
1749 2995 1951 3137 οωιιῧειε
1978 2996 2145 3059 patris

1897 3082 2070 3123 umen.

2246 2723 2434 2792 Φεῦγε
2455 2721 2635 2791 τάχος
2674 2720 2929 2792 χθονίων
2952 2716 3199 2792 παθέων
3218 2716 3361 2792 ἅζεο,
3389 2714 3612 2792 rapidas
3628 2714 3836 2792 φεῦγε,

2253 2784 2465 2863 Ψυέῆς
2489 2784 2645 2863 ὄλὶμὰ
2673 2784 2960 2861 ἐξέριστον
2985 2788 3163 2857 ἔχων,
3186 2788 3283 2841 καὶ
3309 2784 3595 2851 ἀκλινέας
3617 2785 3835 2854 αὐγάς.

2246 2926 2524 2996 Σώματος
2543 2926 2625 2996 ὡς
2650 2924 2925 2996 ἀνέχοιτο
2949 2922 3103 2994 μέγα
3143 2924 3433 2996 ﬂamma
3451 2921 3692 2996 χαλινᾲ,

2260 2991 2356 3050 Ἐπὶ
2400 2991 2668 3065 καθαρῆς
2701 2991 2907 3066 ψϋχῆς
2952 2991 3162 3049 ’τεκαὶ
3192 2994 3456 3062 αίθερίης
3484 2992 3709 3134 naitpr
3741 2991 3837 3045 al-

3584 3082 3622 3132 Τ
3661 3079 3759 3128 ης.

567 3158 653 3227 Qu
668 3159 734 3213 ad
761 3158 807 3213 si
848 3156 958 3211 alia
1008 3157 1170 3211 etiam
1200 3155 1497 3225 Scriptura:
1525 3154 1670 3221 loca,
1704 3171 1825 3225 qua:
1844 3129 1912 3211 ab
1933 3157 2145 3213 haereti-

2266 3156 2752 3228 Ἐπισκοπούμενοι
2780 3156 2961 3212 τοίνυν
2983 3157 3083 3228 οὐχ
3109 3157 3308 3228 ἥκιστα
3335 3155 3429 3209 καὶ
3447 3153 3516 3208 τὰ
3543 3153 3677 3209 ἄλλα
3699 3170 3837 3226 γρα-

566 3268 755 3309 corum
783 3251 964 3321 pravis
986 3248 1334 3320 opinionibus
1358 3248 1516 3318 longe
1546 3248 1766 3313 absunt,
1794 3258 1906 3304 uta
1932 3265 2017 3305 me
2032 3248 2146 3314 jam

567 3345 772 3401 dictum
795 3350 898 3407 est,
952 3340 1119 3397 simili
1175 3340 1336 3394 modo
1373 3339 1794 3410 perpendamus,
1856 3342 2151 3410 comperie-

568 3446 716 3494 mus,
750 3432 946 3486 timore
966 3428 1275 3499 perculsum
1308 3444 1416 3484 non
1448 3443 1572 3484 esse
1603 3444 1751 3495 eum,
1776 3430 1866 3500 qui
1893 3430 2037 3487 Deus
2064 3441 2150 3487 est

567 3519 861 3593 cujuslibet
889 3518 1233 3584 mutationis,
1269 3532 1336 3572 ac
1364 3518 1638 3588 passionis
1677 3535 1914 3590 expers;
1947 3521 2149 3590 quivo-

570 3612 826 3675 luntarie,
860 3609 1012 3678 juxta
1042 3608 1357 3678 Apostolum
1376 3608 1587 3666 Calatis
1612 3610 1938 3667 scribentem
1958 3650 1975 3675 ,
2006 3632 2027 3665 ι
2054 3628 2150 3668 ex-

571 3701 826 3773 spoliavit
858 3700 971 3773 (59)
995 3700 1352 3770 principatus,
1378 3708 1432 3755 et
1455 3707 1776 3770 potestates,
1791 3711 1847 3756 et
1883 3702 2030 3757 dedit
2062 3716 2151 3758 se-

572 3793 864 3862 metipsum
902 3806 1000 3861 pro
1022 3791 1262 3862 peccatis
1296 3791 1522 3856 nostris,
1565 3800 1626 3845 ut
1676 3793 1915 3862 eriperet
1952 3808 2053 3849 nos
2081 3809 2148 3851 ex

570 3886 827 3957 praesenti
869 3884 1068 3942 sarculo
1114 3898 1386 3953 nequam;
1419 3901 1439 3935 ι
1476 3883 1570 3953 qui
1601 3883 1821 3940 Petrum
1854 3887 2151 3956 increpavit

576 3989 645 4032 eo
664 3975 811 4046 quod
843 3975 1067 4031 tristitia
1099 3973 1329 4030 aﬂ'ectus
1357 3984 1524 4040 esset,
1555 3977 1774 4046 quando
1795 3977 1846 4033 ei
1880 3979 2148 4048 praedixit,

572 4076 829 4137 oportere
860 4081 920 4122 se
945 4066 1218 4137 cruciﬁgi,
1260 4075 1317 4120 et
1340 4067 1503 4133 mori,
1547 4079 1605 4122 et
1647 4068 1803 4122 tertia
1858 4068 1949 4124 die
1977 4084 2152 4124 resur-

572 4174 731 4230 gere;
768 4161 860 4229 qui
907 4158 1215 4214 voluntarie
1274 4157 1327 4211 in
1356 4172 1575 4213 crucem
1613 4157 1776 4229 397
1801 4161 2065 4225 ascendit,
2095 4168 2151 4216 et

570 4250 866 4305 exsultavit
902 4258 962 4304 ut
1000 4250 1152 4319 gigas
1184 4236 1251 4303 ad
1273 4250 1699 4305 concurrendum
1750 4252 1922 4319 viam;
1955 4253 2046 4322 qui
2069 4253 2152 4307 vi-

513 4392 520 4399 .
571 4340 729 4396 viﬁca
757 4357 854 4397 sua
892 4352 1065 4399 morte
1091 4353 1318 4399 mortem
1361 4342 1584 4406 occidit,
1614 4352 1669 4397 et
1696 4357 1888 4397 omnes
1913 4359 1945 4399 a
1977 4355 2151 4400 morte

573 4434 837 4501 redemit;
869 4434 959 4504 qui
991 4443 1184 4506 suapte
1232 4434 1582 4500 auctoritate,
1634 4435 1688 4488 vi
1728 4443 1783 4489 et
1831 4436 2148 4503 Operatione

571 4524 735 4579 aliam
766 4538 981 4595 quoque
1008 4524 1290 4581 hominum
1334 4523 1752 4589 multitudinem,
1786 4524 1877 4593 qui
1918 4522 2148 4594 jampri-

573 4618 696 4671 dem
728 4618 1000 4682 obierant,
1030 4618 1187 4674 simul
1219 4634 1342 4673 cum
1376 4633 1436 4673 se
1461 4617 1577 4688 ipso
1606 4616 1723 4688 (60)
1758 4617 2063 4683 suscitavit,
2081 4632 2149 4673 ac

574 4708 836 4764 universa:
858 4710 1107 4766 humanae
1139 4719 1349 4765 natura;
1378 4709 1797 4764 resurrectionis
1838 4722 1987 4779 spem
2038 4707 2147 4762 lar-

641 4948 758 5022 (54)
798 4948 1036 5022 Oportet:
1061 4950 1170 5004 Pro
1202 4951 1333 5022 ὲχῆν
1363 4948 1483 5022 lego
1506 4947 1697 5020 ἐχρῆν.
1733 4946 1868 5022 Tum
1889 4944 2150 5022 λεύσσειν

571 5016 690 5141 ἓδτὲὶ.
723 5016 963 5075 λεύσειν.
1011 5016 1319 5090 Legendiim
1378 5016 1641 5075 fortasse
1676 5026 1732 5072 et
1783 5016 1989 5070 ὁδεύειν
2052 5031 2150 5087 pro

665 5105 794 5141 υων.

665 5105 794 5142 υων.

647 5158 760 5222 (55)
800 5157 1064 5226 Scriptum
1091 5168 1187 5214 est.
1221 5159 1417 5214 Matth.
1454 5174 1572 5224 vnt,
1606 5157 1693 5212 Π.

669 5228 755 5293 56)
793 5226 997 5298 Ipsum.
1025 5229 1228 5293 Codex,
1258 5227 1454 5283 αὐτῶν.
1492 5228 1655 5298 Lego,
1683 5227 1865 5285 αὐτόν.

665 5298 762 5369 57)
792 5296 1177 5369 Inanimatrrm.
1211 5299 1428 5354 Christo
1462 5296 1706 5369 anitiiam
1735 5311 1961 5369 negasse
1992 5296 2149 5352 Aria-

574 5366 676 5422 nos
700 5366 906 5423 certum
934 5377 1038 5423 est.
1077 5368 1130 5421 Id
1161 5377 1425 5423 testantur
1448 5366 2142 5429 Athanasius,'Tneodore-

578 5446 687 5499 tus,
718 5446 900 5506 atque,
934 5447 993 5489 ut
1022 5438 1159 5492 alios
1196 5446 1425 5500 taceam,
1457 5438 1793 5505 Augustinus
1822 5440 1875 5491 in
1902 5438 2039 5506 libro
2066 5436 2143 5490 De

573 5505 859 5561 Iiwresibiu
892 5507 1080 5562 lneresi
1115 5518 1262 5573 xux,
1283 5522 1401 5576 quae
1418 5507 1853 5561 estArianorum.
1888 5524 1905 5558 ι
1932 5505 1987 5560 ιιι
2016 5522 2138 5569 eo,»

575 5576 773 5643 inquit,
809 5595 829 5628 ι
859 5579 1002 5646 quod
1047 5577 1325 5632 Christum
1383 5576 1724 5646 sineanima
1768 5592 1985 5630 carnem
2019 5592 2139 5630 sus.

574 5647 785 5713 cepisse
812 5645 1165 5717 arbitrantur,
1196 5648 1374 5701 minus
1419 5645 1534 5700 noti
1576 5656 1767 5717 sunt...
1799 5651 1891 5701 sed
1922 5650 2025 5701 hoc
2054 5660 2147 5699 ve-

576 5730 697 5787 rum
722 5730 847 5770 esse
873 5722 929 5770 et
947 5716 1282 5785 Epiphanius
1308 5731 1411 5787 non
1446 5719 1633 5782 tacuit,
1661 5716 1717 5770 et
1739 5730 1838 5787 ego
1861 5731 1925 5769 ex
1955 5729 2141 5787 eorum

572 5784 893 5854 quibusdam
940 5784 1180 5858 scriptis,
1231 5795 1286 5845 et
1330 5784 2143 5861 collocutiouibus'_certissiuto

2256 3249 2412 3320 φικά,
2446 3250 2515 3305 τὰ
2566 3249 2783 3321 μακρὰν
2843 3249 3121 3320 ἀπέχοντα
3171 3248 3280 3303 τῶν
3327 3246 3617 3319 αἱρετικῶν
3669 3263 3837 3300 κακο-

2254 3341 2434 3407 νοιῶν,
2470 3342 2548 3407 ὡς
2576 3342 2678 3414 ἤδη
2715 3359 2806 3413 μοι
2839 3340 3076 3414 είρηται,
3114 3338 3494 3412 μαθησόμεθα,
3522 3338 3688 3392 ὅτιού
3722 3338 3836 3391 δεί-

2250 3432 2364 3486 διεν
2417 3433 2447 3485 6
2476 3432 2686 3503 τροπῆς
2714 3431 2810 3485 καὶ
2837 3431 3043 3494 πάθους
3079 3430 3280 3494 παντὸς
3317 3429 3582 3500 ἀμέτοχος
3616 3426 3777 3491 Θεὸς,
3808 3428 3835 3480 6

2250 3522 2450 3588 ἑκοντὶ,
2504 3522 2646 3576 κατὰ
2692 3522 2785 3577 τὸν
2841 3522 3162 3577 ’Δπόστολον
3213 3520 3477 3584 Γαλάταις
3531 3519 3833 3590 γράφοντα,

2255 3632 2276 3667 ι
2329 3613 2801 3685 Ἀπεκδυσάμενος
2831 3613 2929 3679 τὰς
2952 3613 3126 3686 ἀρχὰς
3158 3611 3545 3677 καὶ,ὲξουσίας,
3577 3610 3674 3664 καὶ
3709 3609 3836 3672 δοὺς

2249 3704 2442 3758 ἑαυτὸν
2485 3702 2626 3775 ὑπὲρ
2657 3702 2764 3756 τῶν
2813 3702 3097 3774 ἁμαρτιῶν
3147 3702 3327 3774 ἡμῶν,
3382 3702 3532 3763 ὅπως
3580 3699 3834 3772 ἐξέὶηται

2249 3797 2399 3868 ἡμᾶς
2425 3796 2491 3850 ἐκ
2509 3794 2603 3850 τοῦ
2636 3794 2832 3858 αῐῶνος
2856 3794 2949 3848 τοῦ
2981 3794 3275 3858 ἐνεστῶτος
3306 3791 3543 3865 πονηροῦ
3560 3806 3576 3821 °
3615 3811 3633 3842 ι
3659 3794 3689 3845 6
3713 3795 3834 3843 ὲπι-

2249 3870 2685 3961 πλήξαςἼΙέτρῳ
2715 3887 3125 3959 δυσχεράναντι,
3185 3886 3347 3956 ἡνίκα
3390 3883 3654 3955 προέλεγε
3719 3883 3832 3936 δεῖν

2252 3980 2627 4052 σταυρωθῆναι
2672 3979 2855 4045 αὑτὸν,
2909 3979 3002 4032 καὶ
3050 3978 3362 4043 ἀποθανεῖν,
3397 3976 3493 4030 καὶ
3546 3977 3614 4047 τῇ
3672 3975 3830 4046 τρίτῃ

2249 4070 2438 4142 ἡμέρᾳ
2464 4070 2758 4141 ἀναστῆναι
2776 4086 2790 4099 ο
2824 4070 2853 4123 6
2882 4067 3163 4139 ἐθελοντὴς
3185 4068 3278 4120 ἐπὶ
3303 4067 3396 4121 τὸν
3431 4064 3658 4136 σταυρὸν
3680 4064 3807 4117 ἀνελ

2251 4161 2382 4228 θὼν,
2423 4161 2519 4217 καὶ
2578 4160 2986 4233 ἠγαλλιωμένος
3037 4159 3114 4223 ὡς
3160 4158 3324 4228 γίγας
3363 4158 3592 4229 δραμεῖν
3619 4155 3745 4228 [190
3778 4154 3831 4227 II]

2248 4251 2366 4306 ὁδόν
2389 4267 2404 4283 ·
2429 4253 2459 4304 6
2485 4247 2563 4321 τῷ
2591 4248 2839 4320 ζωοποιῷ
2866 4249 3030 4302 αὑτοῦ
3070 4247 3284 4319 θανάτῳ
3307 4247 3397 4300 τὸν
3422 4246 3648 4302 θάνατον
3670 4245 3833 4299 θανα-

2249 4342 2425 4405 τώσας
2479 4341 2574 4396 καὶ
2625 4341 2832 4404 πάντας
2891 4342 2956 4394 ὲκ
2985 4338 3214 4395 θανάτου
3251 4338 3614 4410 λυτρούμενος
3632 4354 3649 4370 ο
3690 4331 3752 4392 οὗ
3793 4338 3827 4406 ἠ

2250 4431 2594 4497 αὑτεξούσιος
2626 4431 2876 4504 ἐνέργεια
2906 4431 3001 4485 καὶ
3030 4431 3159 4487 ἄλλο
3202 4429 3405 4501 πλῆθος
3447 4428 3660 4499 θανάτῳ
3699 4428 3829 4501 χρό-

2254 4540 2366 4577 νιον
2393 4523 2508 4595 ἅμα
2530 4523 2678 4594 αὐτῷ
2708 4523 3103 4593 συνανέστησεν
3121 4563 3137 4588 ,
3167 4523 3261 4577 καὶ
3298 4522 3396 4595 ὅλῃ
3421 4523 3489 4593 τῇ
3515 4520 3830 4593 ἀνθρωπεία

2254 4615 2415 4685 φύσει
2439 4614 2785 4679 ἀναστάσεως
2811 4614 3003 4668 ἐλπίδα
3030 4613 3338 4687 ἐδωρήσατο
3358 4629 3371 4642 ³
3403 4614 3432 4667 ὁ
3453 4614 3616 4666 πᾶσιν
3629 4611 3829 4680 ἄφοδον

2252 4706 2670 4770 κατασκευάσας
2705 4705 2798 4759 τὸν
2830 4704 2972 4778 ὑπὲρ
2999 4704 3164 4758 αὐτοῦ
3186 4704 3433 4769 θάνατον,
3460 4704 3554 4757 καὶ
3578 4702 3740 4757 πόθον
3766 4702 3828 4755 τὸ

2250 4944 2515 5016 comperi.
2542 4963 2563 4997 ι
2608 4941 2721 5016 lmo
2752 4943 2952 5016 Lucius
2999 4943 3118 5016 ipse
3157 4942 3390 5016 Arianus
3442 4941 3495 4995 in
3539 4955 3821 5016 sermone,

2249 5016 2341 5085 qui
2376 5011 2639 5085 allegatur
2664 5014 2978 5085 inrconcilio
3005 5011 3380 5073 Laterancnsi,
3409 5012 3550 5080 quod
3585 5012 3823 5085 habitum

2248 5084 2334 5140 est
2362 5084 2506 5139 anno
2537 5084 2664 5149 649,
2700 5084 2917 5138 Christo
2961 5085 3196 5138 animam
3238 5096 3496 5152 expresse
3529 5092 3691 5150 negat
3725 5084 3824 5136 tri-

2248 5155 2519 5211 buendam
2545 5169 2685 5209 esse.
3423 5164 3429 5170 ‘

2320 5224 2446 5294 (58),
2465 5222 2662 5277 Procul
2691 5240 2725 5277 a
2755 5222 2992 5294 terrenis.
3028 5219 3230 5294 Codex,
3254 5219 3466 5274 θονίων.
3494 5217 3661 5294 Lego,
3692 5220 3820 5291 χθο-

2249 5292 2399 5348 νίων.
2425 5293 2692 5348 Praaterea
2717 5296 2884 5347 οοιιιιι
2911 5293 3070 5345 habet
3097 5292 3214 5345 sine
3232 5302 3454 5344 accentu
3481 5292 3635 5360 quasi
3660 5306 3834 5345 unum-

2248 5366 2569 5420 vocabulum
2600 5361 2927 5432 ἀποτηλόσε.
2958 5360 3123 5426 Lego,
3154 5360 3508 5432 ἄποῗτηλόσε.

2316 5434 2427 5503 (59)
2458 5427 2805 5503 Εωσροίὶαοὲὶ.
2834 5432 3010 5503 Prima
3039 5432 3153 5485 haec
3179 5427 3820 5503 verba,_d1tex8padpsvo;

2242 5500 2342 5568 τὰς
2370 5501 2544 5573 ἀρχὰς
2575 5502 2670 5555 καὶ
2696 5500 2795 5564 τὰς
2826 5500 3093 5573 ἐξουσίας,
3121 5510 3335 5554 exstant
3364 5500 3704 5573 _in_Epist_ola
3727 5501 3817 5573 _ad

2242 5566 2589 5640 Colossi'cap.
2619 5586 2838 5633 n,vers.
2860 5570 2948 5625 15.
2967 5569 3190 5639 Reliqua
3217 5584 3345 5624 vero
3362 5570 3413 5623 in
3430 5567 3530 5638 Ep.
3558 5571 3623 5622 ad
3643 5566 3815 5622 Calat.

2355 5682 2369 5695 .
2401 5658 2440 5695 ι.
2468 5658 2608 5695 vers.
2645 5658 2698 5695 4'.

2248 5642 2772 5836 “finiit-325412".
2801 5726 2855 5764 se
2883 5708 3017 5789 ipso.
3043 5708 3245 5778 Codex,
3272 5706 3390 5781 ἃμα
3420 5704 3586 5778 αὺτιῖ).
3613 5704 3814 5781 Legen-

2248 5782 2373 5836 dum
2431 5792 2641 5836 ortasse
2672 5780 2788 5836 ἅμα
2821 5779 2992 5836 αὐτω.

2246 5779 2373 5840 dum
2406 5779 2641 5839 fortasse
2672 5780 2788 5850 ἅμα
2821 5779 2992 5845 αὐτῷ.
