4056 6404
337 450 442 506 909

1437 444 1525 501 DE
1559 445 1937 503 TRINITATE
1976 448 2181 504 LIBER
2218 449 2541 506 TERTIUS.

3477 463 3583 518 9m

335 572 424 627 διὰ
443 569 539 625 τοῦ
562 569 839 642 ὁρωμένου
873 569 974 640 τῆς
998 568 1230 641 ἀοράτου
1264 566 1515 640 θεότητος
1569 568 1697 641 [192
1723 566 1779 641 a]
1818 568 1917 621 αὐ-

2023 584 2213 626 rursus
2266 572 2445 627 oratio
2498 584 2704 629 nostra.
2748 573 2842 630 llle
2890 590 3038 646 ergo,
3078 576 3165 646 qui
3200 592 3449 647 suprema
3479 581 3581 634 im-

336 664 430 718 τοῦ
467 663 563 735 τὴν
594 662 955 733 συμπάθειαν.
986 661 1268 731 Πανταχοῢ
1308 664 1436 731 γὰρ,
1461 661 1495 732 ἢ
1525 661 1723 730 λόγοις,
1758 661 1790 731 ἢ
1827 659 1919 731 έρ-

337 772 453 823 γοις
485 754 586 819 τὰς
614 753 881 817 διαθέσεις
915 753 1295 823 ἀναμίγνυσιν,
1336 751 1479 823 ὄφρα
1530 753 1689 822 ἡμεῖς
1727 749 1916 821 ὥσπερ

339 845 402 898 ἐκ
426 863 587 899 τινων
625 844 782 916 ίχνῶν
816 846 904 897 ἐπ’
931 845 1101 913 αὐτὴν
1129 845 1462 915 ὁρμήσωμεν
1495 842 1591 913 τὴν
1614 843 1788 914 θήραν
1816 841 1918 911 τῆς

339 936 694 1006 ὲνθεαστικῆς
731 938 983 1007 νοήσεως.
1024 937 1118 989 καὶ
1156 935 1426 1007 εὕρωμεν,
1459 934 1534 999 ὡς
1569 934 1630 988 τὸ
1671 935 1779 988 πᾶν
1818 933 1919 1001 τῆς

339 1027 648 1098 οἰκονομίας
673 1027 857 1098 θεῖκῆς
891 1026 1019 1080 ίδιόν
1044 1029 1189 1081 ἐστιν
1224 1025 1642 1097 εὐσπλαγχνίας.

2019 660 2346 730 passibilitas
2368 673 2472 728 est,
2499 673 2554 719 et
2582 665 2711 730 vita,
2742 674 2797 720 et
2828 669 3102 736 gaudium,
3146 677 3200 722 et
3229 681 3430 737 pax,et
3467 686 3584 725 om-

2019 764 2115 804 nes
2146 751 2402 817 tolerans,
2430 764 2485 810 et
2510 755 2661 811 laetos
2687 757 2801 812 dies
2830 759 3081 813 omnibus
3106 760 3257 826 dans,
3296 762 3438 816 nulla
3477 764 3581 818 alia

2019 842 2085 897 de
2118 857 2279 899 causa
2312 845 2423 913 ﬂet,
2447 848 2551 902 nisi
2596 857 2656 903 ut
2684 863 2782 919 per
2820 851 3086 906 visibilem
3131 854 3416 918 actionem,
3444 858 3583 910 invio

2018 932 2194 986 sibilis
2241 949 2353 989 sua:
2404 936 2628 993 deitatis
2679 940 3203 997 commiserationem
3242 945 3580 1014 manifestet;

2015 1025 2216 1079 etenim
2271 1042 2481 1096 semper
2538 1037 2633 1082 aut
2696 1029 2894 1095 verbis,
2943 1042 3036 1085 aut
3087 1034 3344 1102 operibus
3373 1036 3584 1107 aliquas

342 1118 658 1175 affectiones
708 1121 1035 1189 permiscere
1084 1120 1384 1184 consuevit,
1421 1128 1481 1173 ut
1512 1133 1609 1173 nos
1637 1116 1797 1171 veluti
1837 1128 1902 1168 ex
1942 1115 2260 1184 quibusdam
2291 1118 2533 1188 vestigiis
2585 1121 2652 1174 ad
2680 1121 3147 1192 investigationem
3210 1128 3584 1182 venationenu

343 1226 449 1280 que
489 1212 653 1266 divini
687 1226 886 1267 sensus
943 1210 1203 1278 feramur,
1259 1218 1314 1266 et
1364 1210 1624 1282 quidquid
1684 1208 1878 1264 divinae
1948 1205 2338 1264 lncarnationis
2385 1211 2661 1281 proprium
2696 1222 2802 1278 est,
2843 1216 3232 1271 misericordiae
3276 1233 3398 1273 esse
3431 1234 3584 1274 com--

342 1304 636 1371 periamus.

409 1414 511 1468 Διά
532 1431 591 1467 τε
622 1414 682 1468 τὸ
718 1413 930 1483 ἐλέγξαι
958 1414 1067 1468 τῶν
1102 1415 1344 1485 ἀδελφῶν
1373 1416 1624 1489 Λαζάρου
1663 1414 1762 1487 τὴν
1798 1414 1915 1468 διὰ-

339 1523 508 1567 νοιαν,
544 1505 619 1568 ὡς
645 1505 795 1558 οὐδὲν
825 1505 1051 1575 ἔχουσαν
1086 1506 1295 1571 πιστὸν,
1332 1507 1453 1560 οὐδὲ
1481 1507 1712 1577 βέϐαιον.
1749 1506 1915 1576 Ἐρω-

338 1598 568 1668 τήσαντι
588 1596 696 1668 γὰρ
723 1596 891 1667 αὐτῷ,
928 1615 948 1646 ι
980 1597 1090 1650 Ποῦ
1110 1597 1389 1652 τεθείκατε
1416 1599 1608 1665 αὐτόν;
1649 1618 1667 1649 ι
1695 1597 1812 1651 δέον
1840 1598 1914 1650 εί-

340 1691 463 1743 πεῖν
486 1708 497 1718 ·
528 1690 599 1741 Σὺ
624 1689 797 1741 πάντα
816 1687 1122 1758 γινώσκεις,
1147 1689 1240 1744 ἆτε
1266 1690 1391 1753 Υἱὸς
1417 1690 1571 1756 Θεοῦ,
1600 1690 1661 1755 ἐξ
1686 1682 1759 1742 ὧν
1782 1706 1914 1760 προ-

338 1783 499 1843 εἶπας
548 1778 726 1850 πολλῷ
776 1779 1103 1852 διαστήματι
1160 1781 1237 1853 τῷ
1290 1782 1597 1854 φαινομένῳ
1638 1780 1907 1851 ἀφεστὼς·

344 1890 363 1923 ι
396 1871 645 1943 Λάζαρος
680 1873 708 1925 6
740 1871 891 1941 φίλος
912 1873 1067 1944 ἡμῶν
1104 1874 1455 1945 κεκοίμηται·
1492 1894 1511 1927 ›
1544 1874 1635 1928 καὶ
1662 1877 1710 1927 εί
1745 1891 1910 1945 προσ-
1943 1899 1986 1954 Β

335 1963 577 2031 τάξειας,
611 1963 669 2032 ἐξ
703 1964 830 2037 ᾅδου
881 1965 1227 2037 ὑποστρέφει,
1265 1966 1365 2037 τὴν
1406 1966 1590 2035 κοινὴν
1620 1965 1914 2019 ἀνάστασιν

338 2053 627 2126 προλαϐὼν
662 2057 727 2126 τῇ
765 2054 897 2127 ίδίᾳ·
925 2056 1102 2110 πάντα
1135 2056 1242 2129 γάρ
1274 2074 1354 2110 σοι
1383 2056 1539 2129 ῥᾴδια
1564 2057 1780 2120 πάντως
1809 2056 1915 2109 ὐπ-

338 2145 497 2218 ἀρχει
541 2145 806 2199 ἐθέλοντι·
839 2146 957 2200 δέον
1005 2143 1097 2201 οὖν
1152 2148 1325 2201 ταῦτα
1368 2150 1560 2213 εἰπεῖν,
1611 2142 1937 2201 τούναντίον

339 2241 577 2310 ἔφασαν·
611 2258 630 2291 ι
666 2241 991 2312 Τεταρταῖός
1014 2244 1181 2305 ἐστιν,
1211 2241 1311 2314 ἤδη
1333 2239 1468 2306 ὄζει.
1507 2259 1526 2291 ι
1565 2238 1826 2311 Εἷποιμεν
1851 2239 1919 2293 ἂν

340 2333 479 2405 πρὸς
519 2330 698 2397 τοῦτο,
728 2333 1136 2405 δεδακρυκέναι,
1167 2333 1242 2397 ὡς
1278 2332 1524 2403 βασιλέα,
1577 2335 1688 2396 τοῖς
1723 2331 1915 2386 ἑαυτοῦ

342 2424 720 2478 ὑποκύπτοντα
780 2423 1132 2495 θεσπίσμασι,
1179 2428 1292 2488 τοῖς
1334 2426 1602 2494 λέγουσιν,
1636 2446 1668 2481 γι
1704 2427 1917 2497 χαίρειν

345 2516 484 2587 μετὰ
510 2516 828 2587 χαιρόντων,
857 2515 954 2569 καὶ
990 2515 1196 2569 κλαίειν
1232 2515 1371 2587 μετὰ
1415 2517 1732 2583 κλαιόντων,
1771 2536 1789 2568 ι
1823 2517 1917 2571 καὶ

340 2607 429 2660 διὰ
453 2606 607 2659 τοῦτο
643 2606 733 2659 τὸν
761 2605 988 2659 παλαιὴν
1010 2605 1203 2676 θρῆνον
1237 2608 1269 2677 ἡ
1279 2606 1393 2677 μῶν
1419 2608 1787 2662 ἁποπαύοντα.
1815 2608 1918 2660 Οὐ-

339 2695 399 2750 δὲ
435 2700 599 2769 κοπιᾷ
634 2698 771 2751 κατὰ
800 2698 896 2769 τὴν
930 2696 1180 2768 θεότητα,
1215 2698 1350 2751 ἀλλὰ
1379 2698 1522 2752 κατὰ
1561 2700 1661 2771 τὴν
1703 2702 1802 2771 τῆς
1829 2700 1915 2753 ὲν-

339 2789 743 2862 ανθρωπήσεως
767 2789 1102 2855 ἀκολουθίαν,
1138 2790 1166 2842 6
1191 2790 1417 2861 ἰώμενος
1444 2792 1571 2855 τοὺς
1599 2774 1919 2862 συντετριμὲ

345 2879 561 2950 μένους,
601 2882 696 2934 καὶ
726 2881 852 2945 τοὺς
893 2880 1290 2943 κεκοπιακότας
1325 2881 1419 2934 καὶ
1451 2882 1916 2953 πεφορτισμένους

341 2969 656 3037 ἀναπαύων,
690 2972 718 3023 6
759 2970 859 3040 τὴν
900 2969 1075 3035 ἔξοδον
1114 2969 1250 3040 ἔχων
1294 2971 1387 3023 ἀπ’
1421 2972 1587 3041 ἄκρου
1620 2970 1712 3023 τοῦ
1750 2971 1916 3041 οὐρα-

341 3062 455 3126 νοῦ,
485 3063 579 3116 καὶ
625 3062 687 3115 τὸ
738 3061 1065 3133 κατάντημα
1112 3061 1216 3125 ἕως
1266 3062 1439 3133 ἄκρου
1479 3062 1672 3116 αὑτοῦ·
1714 3056 1760 3132 ᾧ
1806 3062 1915 3132 γὰρ

347 3154 422 3226 μὴ
468 3154 710 3225 μείωσις,
753 3153 787 3224 ἢ
842 3152 1284 3224 ἀποπεράτωσις,
1340 3152 1459 3206 οὐδὲ
1528 3154 1695 3217 κόπος
1743 3155 1911 3211 ἐστίν.

2095 1407 2219 1464 ldeo
2271 1410 2434 1463 etiam
2487 1421 2657 1478 nevit,
2699 1423 2757 1467 ut
2794 1428 3038 1470 sororum
3094 1415 3282 1473 Lazari
3325 1422 3577 1491 cogitata,

2021 1510 2205 1570 utpote
2229 1501 2365 1554 nihil
2399 1501 2554 1556 fidele
2585 1541 2601 1568 ,
2645 1504 2884 1575 nihilque
2929 1506 3143 1562 ﬁrmum
3185 1511 3458 1576 habentia,
3492 1529 3581 1568 re-

2021 1593 2341 1662 dargueret:
2391 1608 2513 1646 nam
2565 1595 2914 1666 interroganti
2978 1601 3099 1669 ipsi,
3160 1622 3179 1654 ‹
3221 1601 3320 1657 Ubi
3351 1604 3585 1675 (84)ρο-

2018 1682 2204 1737 suistis
2233 1683 2393 1737 eum?
2419 1701 2437 1734 ι
2465 1699 2587 1738 cum
2620 1687 2947 1753 respondete
2974 1691 3229 1744 deberent
3254 1708 3266 1744 :
3302 1692 3378 1746 Tn
3402 1695 3581 1749 omnia

2018 1775 2180 1842 nosti,
2207 1784 2390 1843 utpote
2418 1775 2585 1830 Filius
2610 1777 2721 1838 Dei,
2753 1789 2810 1831 ut
2833 1790 2981 1849 patet
3020 1796 3083 1835 ex
3115 1782 3216 1848 his,
3255 1799 3375 1852 quae
3398 1798 3580 1853 antea,

2016 1882 2137 1921 cum
2169 1867 2330 1938 longo
2387 1868 2669 1922 intervallo
2709 1881 3035 1939 apparenter
3068 1872 3320 1942 distares,
3374 1878 3578 1942 dixisti,

2024 1980 2043 2012 ι
2067 1960 2301 2015 Lazarus
2324 1960 2436 2030 (85)
2465 1962 2672 2018 amicus
2718 1974 2907 2019 noster
2948 1967 3229 2034 dormivit;
3256 1987 3274 2019 ›
3306 1983 3367 2021 ac
3391 1969 3437 2023 si
3457 1968 3579 2038 jus-

2016 2054 2180 2120 seris,
2213 2068 2281 2109 ex
2308 2054 2521 2108 inferno
2569 2065 2891 2122 revertetur,
2947 2073 3285 2114 communem
3340 2078 3581 2118 resurre-

2015 2145 2251 2200 ctionem
2277 2155 2623 2200 antevertens
2677 2149 2893 2217 propria
2939 2153 3334 2207 resurrectione
3358 2171 3372 2218 ;
3400 2157 3581 2210 omnia

2016 2237 2158 2292 enim
2190 2236 2283 2291 tibi
2315 2237 2516 2292 volenti
2553 2236 2809 2293 facillima
2838 2252 2993 2293 sunt.
3037 2240 3169 2295 Cum
3194 2258 3321 2314 ergo
3347 2246 3459 2300 haec
3502 2248 3583 2301 di—

2018 2344 2143 2385 cere
2162 2330 2447 2395 deberent,
2488 2346 2521 2386 e
2567 2332 2838 2386 contrario
2874 2333 3164 2389 dixerunt:
3210 2356 3227 2388 ι
3262 2337 3585 2404 Quatridua-

2021 2422 2254 2494 nns(86)
2277 2431 2381 2488 est,
2406 2421 2518 2490 jam
2548 2422 2727 2478 fetet.)
2769 2423 2900 2479 Illud
2931 2424 3184 2494 praeterea
3222 2426 3384 2500 400
3424 2431 3585 2484 adde-

2020 2529 2159 2578 mus,
2182 2514 2458 2568 Christum
2500 2513 2711 2570 ﬂevisse
2750 2517 2919 2570 instar
2952 2520 3091 2588 regis
3121 2524 3356 2589 propriis
3388 2538 3446 2577 se
3466 2525 3582 2578 edi-

2019 2605 2120 2660 ctis
2149 2606 2506 2674 subjicientis,
2532 2607 2727 2675 quibus
2758 2607 3012 2678 jubemnr
3036 2629 3057 2661 ι
3084 2613 3316 2680 gaudere
3334 2613 3442 2685 (87)
3461 2632 3583 2670 cum

2017 2697 2393 2768 gaudentibus,
2433 2707 2487 2752 et
2517 2698 2648 2753 ﬂere
2686 2715 2808 2754 cum
2849 2699 3119 2766 ﬂentibus,
3162 2722 3180 2753 ι
3211 2719 3274 2758 ac
3300 2721 3585 2775 pr0ptcrea

2017 2789 2250 2858 antiquae
2276 2802 2476 2844 nosme
2507 2789 2876 2845 lamentationi
2916 2791 3073 2846 linem
3106 2776 3449 2861 imponentis.
3474 2798 3586 2854 Ne-

2016 2894 2123 2947 que
2145 2894 2274 2933 vero
2301 2878 2625 2949 defatigatus
2641 2890 2724 2935 est
2758 2882 3056 2936 secundum
3073 2883 3347 2949 deitatem,
3383 2889 3474 2941 sed
3498 2905 3586 2943 se-

2016 2970 2253 3025 cundum
2271 2970 2655 3025 incarnationis
2677 2973 3117 3041 consequentiam
3140 2976 3184 3029 is
3201 2976 3288 3044 qui
3312 2978 3585 3051 sanat(88)

2015 3061 2296 3126 contritos,
2319 3061 2410 3129 qui
2437 3059 2740 3130 defatigatis
2768 3060 2879 3132 (89)
2904 3072 3064 3131 atque
3086 3066 3323 3120 oneratis
3344 3068 3582 3134 requiem

2016 3150 2127 3213 dat,
2145 3150 2231 3218 qui
2250 3150 2446 3203 exitum
2469 3148 2579 3220 (90)
2600 3166 2627 3202 a
2651 3152 2957 3205 summitate
2973 3151 3093 3206 caeli
3112 3154 3294 3219 habet,
3318 3165 3370 3209 et
3386 3172 3585 3211 occur-

342 3244 407 3297 Εἰ
437 3242 545 3314 γὰρ
572 3243 666 3317 καὶ
695 3240 859 3312 πώλῳ
896 3240 1025 3293 ποτὲ
1061 3239 1308 3309 φαίνεται.
1341 3239 1647 3305 καθεσθεὶς,
1688 3240 1801 3293 ἁλλ’
1838 3242 1913 3306 ὡς

2019 3258 2136 3296 sum
2155 3256 2323 3310 usque
2340 3241 2403 3295 ad
2421 3256 2690 3296 sumntum
2711 3240 2953 3310 ejus.Qui
2973 3244 3116 3297 enim
3136 3261 3307 3315 neque
3328 3247 3582 3302 imminu-

341 3334 475 3398 Θεὸς
511 3335 728 3404 ὑμνεῖτο
762 3332 867 3386 ὑπὸ
906 3332 1110 3385 παίδων
1150 3330 1249 3401 μὲν
1279 3331 1523 3395 ἀκάκων,
1565 3330 1909 3402 κραζόντων·

349 3443 370 3479 ι
411 3423 637 3478 Ὡσαννὰ
660 3412 718 3477 ὲν
749 3425 862 3485 τοῖς
890 3423 1167 3492 ὑψίστοις·
1201 3442 1219 3475 ι
1249 3423 1277 3476 ὃ
1318 3422 1703 3495 ἑρμηνεύεταν
1741 3441 1759 3474 ι
1800 3424 1914 3475 Σῶο

344 3534 435 3570 σον
472 3515 599 3588 [192
620 3514 673 3587 b]
711 3516 739 3567 6
765 3517 821 3568 ὲν
840 3518 953 3579 τοῖς
974 3516 1247 3586 ὑψίστοιςι
1288 3536 1307 3569 ι
1334 3516 1437 3569 ὑπὸ
1464 3515 1519 3569 δὲ
1547 3514 1640 3569 τοῦ
1667 3516 1830 3569 Δαυῒδ
1856 3519 1914 3569 ἐν

340 3607 418 3662 νθ¹
472 3607 709 3679 ψαλμῷ*
749 3626 769 3659 ι
818 3608 949 3661 Ἀπὸ
985 3608 1255 3662 ἀνατολῶν
1289 3609 1441 3680 ἡλίου
1488 3609 1583 3661 καὶ
1619 3607 1779 3678 μέχρι
1818 3606 1912 3659 δυ-

344 3700 496 3771 σμῶν
517 3701 583 3754 ἐκ
604 3698 741 3753 Σιὼν
770 3702 805 3770 ἡ
836 3699 1137 3771 εὐπρέπεια
1166 3700 1263 3770 τῆς
1287 3699 1614 3772 ὡραιότητος
1638 3698 1802 3752 αὐτοῦ
1822 3716 1835 3728 ·
1880 3700 1909 3751 6
1958 3690 1963 3695 ’

342 3790 474 3855 Θεὸς
505 3790 758 3861 ἐμφανῶς
779 3787 917 3861 ἥξει.
963 3809 981 3840 ι
1014 3790 1147 3843 Οὐδὲ
1176 3791 1425 3862 ὀρέγεται
1462 3791 1666 3861 τροφῆς
1698 3790 1845 3843 ἄκων
1880 3792 1908 3843 6

341 3882 506 3953 ἄρτος
530 3881 629 3952 τῆς
666 3878 832 3951 ζωῆς,
859 3882 993 3951 πρὸς
1018 3881 1075 3935 ὃν
1107 3881 1403 3935 ἀποϐλέπει
1438 3881 1509 3934 τὰ
1544 3881 1745 3943 πάντα,
1777 3881 1920 3935 κατὰ

341 3972 434 4025 τὸν
454 3970 740 4042 ψαλμῳδόν
764 3987 778 4002 ο
813 3989 831 4021 ι
866 3971 927 4023 Οί
956 3970 1222 4041 ὀφθαλμοὶ
1246 3970 1462 4024 πάντων
1488 3971 1565 4033 είς
1592 3970 1651 4023 σὲ
1678 3968 1922 4034 ἐλπίζου-

346 4079 451 4124 σιν,
474 4064 567 4115 καὶ
595 4063 659 4116 σὺ
682 4062 837 4125 δίδως
863 4062 961 4133 τὴν
975 4062 1179 4133 τροφὴν
1204 4063 1387 4126 αὐτοῖς
1415 4063 1473 4115 ἐν
1502 4062 1777 4133 εὐκαιρίᾳ.
1810 4061 1921 4115 Ἀν-

341 4152 512 4220 οίγεις
533 4154 597 4205 σὺ
624 4151 721 4223 τὴν
740 4151 896 4222 χεῖρά
918 4169 1030 4219 σου,
1053 4152 1148 4206 καὶ
1176 4152 1498 4223 ἐμπιμπλᾷς
1522 4154 1630 4206 πᾶν
1659 4151 1798 4215 ζῶον
1827 4153 1920 4205 εὐ-

343 4244 553 4308 δοκίας·
580 4264 599 4296 ι
637 4246 732 4297 καὶ
763 4245 953 4298 πάλιν·
990 4262 1011 4296 ι
1040 4244 1225 4298 Πάντα
1259 4243 1394 4314 πρὸς
1431 4245 1490 4297 σὲ
1522 4243 1918 4317 προσδοκῶσιν,

418 4468 533 4538 (84)
575 4468 691 4523 Ubi.
720 4467 881 4538 Joan1
916 4482 994 4530 xl,
1025 4467 1115 4522 54.

418 4536 529 4607 (85)
568 4539 823 4593 Lazarus.
852 4536 1008 4592 Joan.
1043 4554 1118 4607 ιιι,
1149 4537 1240 4591 11.

420 4604 531 4679 (86)
572 4608 989 4679 Quatriduanus.
1032 4606 1300 4679 Joansgt,
1346 4606 1436 4662 59.
1466 4604 1695 4661 Sensum
1749 4604 1902 4658 citat.

446 4679 534 4747 87)
571 4677 829 4733 Gaudere.
871 4676 1027 4731 Bonn.
1056 4693 1152 4741 xu,
1190 4677 1278 4732 15.

440 4744 530 4817 88)
570 4748 671 4813 Qui
702 4757 872 4801 sanat.
936 4748 1034 4801 lsa.
1077 4763 1187 4811 ut,
1222 4748 1273 4813 1,
1308 4755 1363 4817 et
1387 4744 1528 4800 Psal.
1564 4760 1710 4809 ιιι-ι,

570 4817 901 4890 ρείαιὶςαιξδ.
941 4817 1137 4890 Matth.
1170 4832 1244 4881 tu,
1277 4816 1365 4870 28.

418 4878 527 4963 (90)
567 4878 972 4963 lfxitudz.__l’sal_.
1008 4902 1161 4963 svnt,
1192 4878 1332 4963 vers.
1366 4886 1418 4963 7,

417 4951 529 5031 (9t)
570 4956 748 5031 Salen.
774 4956 1128 5031 __Vo_cabulum
1175 4955 1426 5031 ᾠσαννᾲ,
1466 4956 1581 5031 sive
1614 4954 1787 5031 potius
1830 4951 1906 5004 ὡ-

346 5024 546 5093 σαννά,
575 5027 704 5079 nihil
739 5026 881 5079 aliud
908 5035 1171 5094 estquam
1196 5027 1313 5080 duae
1335 5025 1613 5079 Hebraicte
1640 5024 1909 5078 dictiones

341 5112 414 5160 πυ
450 5106 608 5162 mn'n
646 5095 905 5166 (hos/tilia
953 5097 1056 5166 na)
1105 5113 1119 5149 :
1155 5095 1397 5149 voculatn
1437 5108 1598 5166 vero,
1649 5110 1746 5155 na,
1789 5106 1910 5161 quas
1946 5142 1949 5149 ,

348 5170 618 5226 hortantis
664 5166 964 5230 interiectio
1014 5174 1115 5229 est,
1159 5166 1312 5232 quasi
1356 5165 1742 5218 redundantem
1800 5177 1905 5215 non

348 5241 601 5295 transfert
638 5235 912 5304 Didymus.
940 5235 1201 5304 Caeterum
1235 5236 1280 5289 si
1314 5235 1451 5288 hanc
1478 5233 1641 5287 etiam
1686 5233 1909 5304 reddere

346 5314 468 5377 quis
495 5308 640 5369 velit,
672 5301 924 5377 Hosarina
956 5306 1096 5359 valet
1121 5302 1511 5377 Saiva,iqua:so
1533 5343 1548 5366 ,
1587 5304 1701 5377 sive
1734 5301 1908 5377 σῶσον

345 5371 508 5450 δή,ιιι
538 5376 791 5450 transfert
835 5376 1148 5450 fl’lieodorus
1187 5371 1512 5427 Prodromus
1546 5377 1597 5426 in
1637 5371 1905 5450 EXplztttu:

347 5440 494 5502 tione
524 5446 755 5500 nondum
783 5445 920 5498 edita
955 5445 1316 5513 liturgicorum
1346 5457 1609 5513 canonum
1647 5457 1767 5510 pag.
1809 5440 1908 5493 145

345 5515 573 5573 Naniani
609 5514 828 5568 codicis.
877 5513 1042 5568 Porro
1079 5511 1199 5568 cum
1236 5529 1339 5566 vox
1388 5531 1406 5563 ι
1460 5511 1704 5565 llosanua
1753 5528 1773 5561 ι
1816 5525 1908 5562 vo-

346 5589 501 5642 cibus
539 5604 557 5637 ι
587 5583 723 5638 Filio
755 5583 919 5637 David
963 5586 1262 5652 iJungatur
1291 5598 1320 5636 a
1350 5578 1621 5644 Matthmo,
1654 5579 1909 5634 Pessinus

348 5658 402 5710 in
439 5656 715 5725 Spicilegio
742 5653 1036 5722 evangelica
1068 5652 1525 5725 eamAsignilicare
1553 5653 1630 5725 ait
1662 5668 1681 5702 ι
1730 5664 1909 5703 ramos

345 5720 791 5791 orboruquuos
823 5720 1385 5791 iu'honoremgChristi
1416 5721 1691 5791 abscissos
1715 5734 1782 5774 ex
1816 5734 1906 5791 are

346 5797 568 5854 :oribus
602 5788 914 5847 sternebant
948 5793 999 5845 in
1036 5788 1140 5844 via.
1175 5789 1289 5860 Hoc
1330 5790 1540 5845 indicat
1574 5790 1659 5860 η(
1689 5788 1906 5857 inquit)

350 5880 376 5919 ι
417 5866 643 5919 dativus.
686 5880 705 5914 ι
738 5862 873 5917 Filio
906 5861 1092 5927 David,
1129 5880 1147 5913 ι
1185 5859 1495 5916 ιιΜειιιιιωο
1520 5859 1905 5931 expressum...

2022 3332 2155 3386 tioni
2182 3331 2446 3386 obnoxius
2466 3341 2568 3397 est,
2613 3346 2788 3401 neque
2850 3332 3177 3399 limitationi,
3224 3336 3271 3390 is
3301 3351 3369 3391 ne
3392 3336 3585 3392 defati-

2020 3432 2177 3493 gatur
2207 3424 2460 3492 quidem:
2519 3439 2641 3477 nam
2679 3424 2781 3479 etsi
2828 3424 2971 3493 pullo
3021 3426 3261 3482 insidens
3296 3429 3584 3498 aliquando

2022 3524 2346 3584 conspectus
2396 3515 2579 3578 fuerit,
2615 3521 2795 3568 tamen
2827 3526 2886 3568 ut
2933 3516 3069 3571 Deus
3107 3517 3426 3573 laudabatur
3461 3538 3582 3578 cum

2022 3620 2051 3658 a
2077 3605 2259 3674 pueris
2295 3605 2688 3669 innocentibus,
2727 3606 2817 3675 qui
2846 3605 3173 3671 clamabant,
3210 3627 3229 3659 ι
3258 3607 3505 3665 Hosanna
3529 3614 3584 3666 in

2020 3696 2270 3759 excelsis,
2303 3715 2321 3746 ι
2357 3698 2499 3767 quod
2541 3698 2702 3761 valet,
2748 3716 2767 3750 ι
2803 3696 2961 3751 Salva
2980 3697 3116 3769 (9i),
3148 3714 3181 3754 ο
3215 3709 3267 3752 ιιι
3295 3701 3383 3769 qui
3418 3717 3477 3756 es
3533 3704 3586 3756 in

2018 3788 2278 3852 excelsis;
2313 3807 2331 3839 ι
2360 3801 2468 3843 ιυιιι
2517 3804 2546 3843 a
2594 3789 2799 3844 Davide
2826 3789 2879 3843 in
2912 3790 3120 3858 psalmo
3145 3806 3233 3845 ιιι
3264 3808 3277 3844 :
3320 3810 3339 3843 ι
3375 3793 3456 3846 Ab
3494 3809 3586 3847 or-

2022 3889 2076 3934 tu
2100 3879 2209 3951 (92)
2241 3880 2391 3946 solis,
2426 3890 2481 3935 et
2532 3880 2646 3952 (95)
2689 3894 2859 3949 usque
2911 3883 2978 3935 ad
3038 3895 3289 3935 occasum
3354 3899 3417 3937 ex
3454 3884 3584 3938 Sion

2019 3974 2229 4041 species
2281 3973 2496 4028 decoris
2558 3972 2725 4039 ejus:
2778 3971 2921 4026 Dens
2970 3973 3256 4027 manifeste
3330 3976 3533 4029 veniet.
3563 3996 3582 4027 ι

2018 4062 2202 4133 Neque
2231 4064 2409 4119 cibum
2440 4065 2645 4134 appetit
2682 4063 2887 4117 invitus
2922 4062 2967 4119 is
2995 4064 3085 4133 qui
3116 4075 3199 4119 est
3239 4066 3390 4134 panis
3441 4067 3584 4131 vitae,

2018 4152 2067 4210 is
2095 4159 2162 4211 ad
2188 4170 2348 4225 quem
2380 4156 2558 4209 omnia
2592 4155 2880 4223 aSpieiunt,
2907 4154 3060 4224 juxta
3086 4154 3316 4209 Psaltem
3340 4155 3589 4224 inquien-

2019 4257 2125 4304 tetn
2155 4266 2168 4303 :
2205 4266 2223 4297 ι
2252 4245 2403 4303 Oculi
2426 4245 2539 4317 (91)
2566 4246 2807 4300 omnium
2836 4250 2889 4299 in
2950 4254 2999 4300 te
3053 4256 3292 4315 sperant,
3327 4256 3381 4300 et
3405 4256 3458 4298 tu
3488 4248 3585 4303 das

2023 4479 2183 4532 quam
2220 4464 2362 4518 enim
2403 4462 2738 4533 commodam
2770 4463 3093 4518 sententiam
3124 4464 3322 4519 habere
3352 4474 3527 4533 potest
3565 4483 3578 4519 :

1944 4537 1990 4592 D
2021 4530 2180 4590 Salva
2207 4549 2390 4602 quaeso
2424 4530 2560 4586 Filio
2594 4533 2802 4602 David?
2844 4552 2862 4584 ι
2900 4532 3005 4587 Sed
3039 4534 3283 4600 equidem
3312 4530 3451 4587 nulla
3478 4535 3583 4589 alia

2018 4607 2084 4659 de
2110 4601 2269 4658 cauSa
2299 4602 2536 4659 dativum
2584 4621 2603 4653 ι
2639 4601 2777 4657 Filio
2827 4604 2990 4656 David
3024 4621 3042 4654 ι
3091 4618 3120 4655 a
3156 4603 3404 4657 Mattbaeo
3443 4606 3586 4671 posi—

2017 4685 2127 4727 tum
2158 4687 2276 4726 esse
2309 4674 2573 4741 suspicor,
2606 4671 2708 4725 nisi
2745 4673 2869 4741 quia
2889 4675 3105 4726 verbum
3125 4674 3494 4734 ytmwltosiah
3528 4676 3582 4728 iu

2014 4744 2238 4811 Hehrteo
2267 4756 2517 4797 sermone
2560 4742 2702 4795 hunc
2735 4742 2895 4796 habet
2924 4757 3129 4795 casum.
3176 4743 3357 4811 Itaque
3397 4745 3581 4809 verba,

2018 4829 2039 4861 ι
2080 4810 2331 4867 Hosauna
2381 4810 2519 4864 Filio
2570 4811 2768 4877 David,
2811 4830 2830 4863 ι
2880 4813 3206 4880 respondent
3252 4810 3427 4866 verbis
3476 4812 3587 4866 lle-

2013 4882 2212 4966 braicis
2246 4889 2361 4966 ἠττ
2394 4884 2488 4966 ρ’)
2523 4881 3009 4966 ΠΏἺΨἾΠΛΙιοδΙιίΙια
3063 4897 3152 4966 πα
3179 4881 3329 4966 ίεὺεη
3353 4881 3584 4966 -υιψιιω

2012 4965 2132 5073 Eua!
2162 4952 2207 5004 si
2240 4955 2305 5005 ad
2338 4950 2590 5015 ve'rbum,
2622 4953 2818 5019 spretis
2846 4950 3318 5021 grammaticorum
3353 4951 3582 5023 legibus,

2061 5021 2202 5073 atine
2227 5029 2528 5073 vertantur.
2579 5030 2775 5073 sonant
2822 5037 2835 5073 :
2882 5038 2901 5071 ι
2947 5020 3145 5073 Salva.
3191 5034 3395 5073 aumso.
3449 5022 3582 5073 Filio

2061 5021 2202 5075 atine
2227 5029 2528 5084 vertantur,
2579 5030 2775 5074 sonant
2822 5020 2901 5073 ει
2947 5020 3145 5084 Salva,
3191 5020 3585 5089 qttmso,'l“ilio

2015 5091 2204 5156 David,
2240 5108 2259 5142 ι
2299 5090 2351 5144 id
2378 5098 2479 5152 est,
2514 5107 2532 5140 ι
2567 5090 2758 5144 Filittm
2802 5090 2987 5144 David.
3037 5108 3056 5141 ι
3090 5090 3160 5160 At
3184 5101 3372 5145 contra
3401 5106 3585 5160 grant-

2016 5161 2334 5214 maticorum
2379 5160 2589 5228 regulas
2640 5175 2745 5212 non
2800 5160 3043 5227 peccavit
3099 5158 3424 5227 Matthaeusf
3463 5177 3585 5214 rum

2014 5233 2155 5283 enim
2223 5227 2542 5283 Hebraicam
2607 5243 2787 5284 vocem
2852 5231 3001 5297 prius
3067 5229 3326 5298 posuisset
3382 5250 3400 5281 ι
3480 5230 3587 5283 llu-

2014 5314 2182 5353 sanna
2206 5340 2221 5360 ,
2265 5318 2281 5347 ι
2316 5314 2438 5352 eum
2482 5312 2666 5353 casum
2715 5298 3038 5370 subjungere
3071 5299 3278 5363 debuit,
3312 5316 3470 5370 quem
3519 5319 3582 5354 ea

2015 5384 2116 5423 vox
2152 5370 2412 5438 exposcit.

2085 5439 2198 5509 (92)
2224 5436 2319 5491 ’Λὲ
2366 5447 2506 5491 ortu.
2539 5437 2686 5493 Psal.
2729 5454 2879 5509 ηιξ,
2911 5454 3054 5493 vers.
3105 5438 3163 5502 2,
3220 5439 3274 5493 5.
3309 5436 3585 5509 Librarius

2016 5506 2197 5633 ianque
2234 5510 2488 5563 mendose
2535 5509 2754 5579 Scripsit
2800 5508 2898 5575 νθ’,
2933 5509 2986 5564 id
3016 5520 3121 5574 est,
3163 5524 3278 5573 ιιι,
3333 5523 3429 5577 pro
3471 5506 3582 5576 μθ’,

2016 5594 2029 5632 ι
2106 5589 2207 5633 est.
2241 5594 2394 5632 xux.

2015 5589 2068 5633 Ια
2106 5589 2207 5639 θςι,
2241 5594 2394 5632 XLlX.

2048 5647 2195 5771 ἂψ)
2237 5648 2324 5701 Et.
2363 5647 2554 5703 Vocula
2586 5647 2702 5712 καί,
2734 5647 2785 5702 id
2807 5657 2909 5714 est,
2947 5667 2967 5699 ι
2990 5657 3062 5715 et,
3092 5668 3111 5699 ι
3138 5648 3286 5707 deest
3313 5646 3363 5699 in
3399 5642 3584 5699 Cra-ca

2085 5735 2096 5769 I
2129 5733 2268 5771 10111³.

2013 5728 2268 5773 editione.

2239 5787 2413 5844 Oculi.
2439 5787 2582 5844 Psal.
2629 5801 2813 5852 GXLW,
2851 5802 3004 5897 vers.
3048 5785 3134 5852 16,
3222 5785 3289 5838 l7
3332 5782 3473 5854 (seu
3514 5780 3583 5837 15
