4056 6406
455 471 554 526 9H

1690 461 1922 516 DlDYMl
1961 460 2435 518 ALEXANDRINI

3612 467 3713 523 912

457 599 637 640 escam
678 582 814 653 ipsis
850 579 962 654 (95)
1009 580 1062 635 i'n
1117 585 1360 650 tempore
1389 588 1690 650 opportuno
1719 598 1730 631 :
1765 579 1945 648 aperis
1977 588 2026 632 tu

2135 579 2316 633 δοῦναι
2376 580 2472 650 τὴν
2524 577 2733 650 τροφὴν
2791 579 2972 641 αὐτοῖς
3034 580 3113 642 εἰς
3169 577 3453 651 εὔκαιρον·
3503 599 3523 632 ι
3575 583 3604 634 6
3653 586 3715 637 ἐκ

458 689 677 730 manum
704 682 873 736 tuam,
896 681 950 725 et
967 670 1156 739 imples
1170 687 1330 726 omne
1351 669 1550 724 animal
1577 669 1958 738 complacentia
1981 686 2028 730 ς»

456 777 512 820 ει
535 780 749 820 rursus:
786 763 1004 820 «Omnia
1031 763 1143 834 (96)
1168 773 1218 818 te
1242 770 1574 832 exspectant,
1601 770 1660 815 ut
1689 762 1783 815 des
1805 760 2033 832 illis(97)

458 867 638 908 escam
669 854 720 906 in
766 862 1008 921 tempore
1051 862 1383 920 opportuno;
1426 868 1444 901 ι
1477 851 1523 902 is
1551 850 1640 918 qui
1682 863 1747 902 ex
1801 851 2036 920 quinque

458 944 687 1013 panibus
715 952 769 997 et
796 943 1003 997 duobus
1031 942 1266 1010 piscibus
1292 942 1533 1008 quinque
1564 939 1841 994 hominum
1870 940 2033 993 millia

461 1042 662 1103 prmter
689 1034 944 1088 mulieres
995 1040 1049 1086 et
1101 1032 1357 1101 puerulos
1407 1031 1692 1097 saturavit,
1730 1040 1784 1084 et
1811 1041 1866 1083 nt
1903 1031 2038 1084 duo-

460 1128 631 1182 decim
661 1125 873 1192 cophini
937 1123 1360 1194 fragmentorum
1419 1132 1784 1190 superessent,
1825 1122 2032 1189 eﬂccit;

462 1219 555 1287 qui
596 1217 732 1271 dixit
763 1214 1018 1269 diabolo:
1076 1232 1096 1264 σ
1149 1213 1264 1267 Non
1320 1213 1372 1266 in
1427 1229 1562 1281 pane
1595 1214 1709 1283 (98)
1741 1214 1856 1269 solo
1893 1213 2035 1268 vivet

459 1310 656 1365 homo:
695 1328 714 1360 ι
749 1307 843 1378 qui
881 1305 1150 1362 universis
1173 1307 1326 1361 nobis
1357 1304 1705 1361 suilicieutem
1735 1307 1800 1359 ad
1832 1306 2032 1368 omnia,

459 1412 515 1455 et
551 1400 948 1456 indeﬂcientem
995 1413 1236 1454 mensam
1279 1397 1563 1468 proposuit
1616 1397 1891 1466 propriam
1939 1395 2037 1449 bo-

465 1493 712 1554 nitatem,
773 1489 1067 1558 inquiens:
1129 1507 1147 1540 ι
1188 1488 1289 1556 Qui
1353 1489 1500 1542 venit
1557 1488 1666 1558 (99)
1691 1489 1756 1541 ad
1787 1501 1892 1553 me,
1929 1504 2033 1542 non

461 1583 663 1636 esuriet
696 1582 818 1652 (1):
861 1591 917 1635 et
977 1581 1068 1650 qui
1135 1579 1306 1634 credit
1346 1579 1399 1633 in
1455 1594 1558 1642 me,
1592 1593 1698 1632 non
1743 1579 1892 1633 sitiet
1944 1594 2036 1632 un-

460 1690 656 1744 quam;
684 1693 702 1725 ι
731 1673 890 1746 θοι
919 1671 1007 1740 qui
1033 1671 1099 1724 ad
1128 1669 1286 1724 licunt
1326 1669 1543 1738 quidem
1567 1669 1714 1723 venit
1737 1670 1889 1739 quasi
1911 1685 2034 1723 esu-

461 1767 627 1829 riens,
665 1766 757 1822 sed
789 1764 1048 1835 pracepit
1082 1771 1141 1816 ut
1171 1760 1333 1826 Deus,
1372 1777 1440 1817 ne
1465 1777 1526 1816 ea
1560 1761 1744 1832 planta
1797 1761 2032 1816 fructum

458 1857 688 1926 amplius
732 1855 918 1922 ferret,
974 1865 1028 1910 et
1079 1855 1220 1910 facto
1289 1867 1593 1910 sermonem
1644 1854 2030 1922 comprobavit,

2145 674 2305 726 πέντε
2332 674 2509 742 ἀρτων
2543 673 2636 725 καὶ
2671 671 2761 724 δύο
2807 671 3003 741 ἰχθύων
3029 673 3492 742 πεντακισχιλίους
3525 675 3715 744 χορτά-

2147 781 2242 826 σας
2291 763 2447 825 ἐκτὸς
2487 762 2757 830 γυναικῶν
2817 762 2910 814 καὶ
2959 761 3219 825 παιδίων,
3269 762 3363 816 καὶ
3401 762 3720 818 δυοκαίδεκα.

2144 853 2394 922 κοφίνους
2456 852 2782 920 κλασμάτων
2829 851 3178 922 περιττεῦσαι
3245 854 3501 922 ποιήσαςο
3551 854 3578 905 6
3637 853 3715 906 εἰ-

2146 945 2260 999 πὼν
2331 943 2410 1015 τῷ
2457 944 2720 1014 διαϐόλῳο
2766 963 2783 994 t
2839 945 2951 996 Οὐκ
3005 945 3092 995 ἐπ’
3144 943 3292 1016 ἄρτῳ
3353 944 3498 1013 μόνῳ
3558 943 3719 1013 ζήσε-

2142 1057 2229 1092 ται
2265 1039 2580 1110 ἄνθρωπος·
2623 1058 2640 1090 ι
2683 1039 2712 1090 6
2763 1040 2925 1092 πᾶσιν
2976 1041 3108 1109 ἡμῖν
3157 1038 3440 1108 πανταρκῆ
3490 1036 3582 1089 καὶ
3625 1038 3716 1089 άν-

2143 1132 2422 1185 έκλειπτον
2475 1133 2775 1202 τράπεζαν,
2831 1133 2929 1202 τὴν
2991 1130 3196 1183 οἰκείαν
3246 1127 3465 1200 προθεὶς
3517 1126 3714 1196 ἀγαθό-

2141 1237 2300 1292 τητα,
2367 1222 2460 1275 καί.
2505 1223 2764 1290 φάσκων·
2813 1241 2830 1273 ι
2880 1222 2936 1274 Ὀ
2983 1221 3275 1290 ἐρχόμενος
3323 1218 3458 1291 πρὸς
3511 1218 3598 1288 μὲ,
3652 1217 3712 1270 οὐ

2145 1314 2218 1384 μὴ
2261 1315 2519 1384 πεινήσῃ·
2560 1313 2653 1366 καὶ
2681 1315 2708 1365 6
2740 1311 3007 1365 πιστεύων
3046 1313 3124 1372 εἰς
3161 1311 3280 1380 ἐμὲ,
3310 1310 3370 1361 οὑ
3409 1308 3481 1380 μὴ
3518 1307 3716 1378 διψήσῃ

2142 1406 2363 1460 πώποτε
2389 1425 2402 1436 ·
2436 1426 2454 1458 ι
2495 1407 2521 1458 6
2556 1404 2725 1458 ἐλθὼν
2767 1404 2866 1476 μὲν
2901 1405 2990 1456 ἐπὶ
3026 1402 3124 1472 τὴν
3170 1405 3336 1470 συκῆν
3377 1399 3573 1452 ὠσανεί
3597 1416 3715 1451 πει-

2141 1499 2268 1563 νῶν,
2297 1500 2606 1570 προστάξας
2629 1500 2685 1551 δέ
2711 1498 2786 1562 ὡς
2814 1496 2944 1560 Θεὸς
2983 1496 3177 1566 μηκέτι
3209 1493 3419 1564 καρπὸν
3444 1492 3504 1544 τὸ
3545 1489 3711 1560 φυτὸν

2141 1592 2401 1660 ἐνεργεῖν,
2430 1590 2524 1642 καὶ
2555 1589 2714 1659 ἔργον
2748 1585 2825 1656 τῷ
2852 1585 2994 1654 λόγῳ
3026 1583 3254 1644 ἐπιθεὶς,
3286 1583 3379 1634 καὶ
3409 1580 3606 1643 δείξας,
3638 1577 3715 1640 ὡς

2139 1677 2297 1740 αὐτὸς
2321 1673 2388 1748 ἦν
2409 1678 2437 1729 6
2457 1677 2556 1748 τὴν
2580 1675 2750 1746 ἀρχὴν
2771 1673 2936 1726 εἰπὼν
2958 1690 2970 1702 ο
3013 1690 3030 1721 t
3072 1670 3416 1738 Ἐξαγαγέτω
3437 1672 3468 1740 η
3487 1673 3554 1740 γῆ
3585 1669 3718 1732 ξύλα

2140 1767 2484 1838 καρποφόρα.
2514 1787 2532 1817 ι
2567 1766 2712 1818 Ἀλλ’
2746 1764 2868 1818 οὔτε
2901 1763 3047 1834 διψᾷ,
3087 1763 3133 1814 εί
3167 1760 3240 1833 μὴ
3273 1761 3360 1814 διὰ
3394 1759 3488 1831 τὴν
3514 1762 3717 1812 οἰκονο-

2142 1855 2292 1924 μίαν,
2318 1854 2635 1924 ηάθάνατος
2663 1853 2832 1924 πηγὴ,
2857 1855 2889 1923 ὴ
2911 1852 3007 1924 τὴν
3042 1852 3372 1922 Σαμαρεῖτιν
3403 1849 3542 1918 ὕδωρ
3571 1847 3718 1918 ζωῆς

457 1949 818 2017 ostenditque,
851 1962 910 2001 se
946 1945 1090 2000 illum
1111 1959 1250 2008 esse,
1282 1944 1374 2016 qui
1395 1944 1550 1998 initio
1569 1943 1781 1997 dixerat
1805 1961 1818 1995 :
1841 1961 1862 1996 ι
1889 1944 2026 1998 Edu-

2137 1947 2310 2000 αἰτεῖν
2341 1947 2470 2016 παρ’
2499 1944 2662 1998 αὐτοῦ
2691 1944 3030 1998 διδάσκουσα.
3076 1943 3258 2012 Ἀρκεῖ
3285 1941 3340 1994 δὲ
3369 1940 3496 2011 περὶ
3524 1939 3716 1992 τούτου

457 2049 547 2093 cat
575 2037 653 2110 (2)
680 2048 821 2092 terra
848 2035 990 2107 ligna
1017 2033 1318 2088 fructifera.
1347 2053 1366 2086 ι
1401 2032 1506 2087 Sed
1542 2046 1610 2085 ne
1658 2031 2027 2101 sititquidem,

459 2127 562 2184 nisi
591 2127 983 2184 incarnationis
1011 2141 1194 2192 causa,
1224 2125 1268 2181 is
1299 2127 1392 2195 qui
1423 2133 1504 2178 est
1535 2123 1656 2180 fons
1682 2124 2027 2194 immortalis,

454 2219 653 2288 quique
689 2217 1086 2272 Samaritanam
1123 2216 1307 2270 docuit
1356 2224 1540 2284 petere
1569 2217 1638 2270 ab
1682 2214 1800 2285 ipso
1831 2230 2026 2285 aquam

455 2309 598 2362 vita.
633 2307 843 2362 Sullicit
893 2317 1071 2360 autem
1131 2306 1217 2360 hic
1269 2303 1631 2373 evangelicam
1669 2320 1853 2360 vocem
1879 2321 2028 2360 com-

455 2414 775 2465 memorare,
803 2413 922 2468 qua:
943 2398 1020 2452 sic
1041 2412 1098 2452 se
1121 2398 1315 2451 habet:
1363 2415 1382 2447 ι
1424 2396 1614 2450 Sciens
1637 2395 1888 2452 Christus
1924 2397 2024 2468 (5),

2130 2039 2228 2108 τῆς
2260 2037 2618 2107 εὑαγγελικῆς
2660 2035 3030 2107 μνημονεῦσαι
3065 2034 3268 2104 φωνῆς,
3297 2034 3394 2104 τῆς
3417 2031 3678 2102 λεγούσης
3697 2047 3714 2062 ·

2137 2147 2156 2180 r
2177 2129 2265 2192 Ὠς
2283 2129 2434 2192 εἰδὼς
2450 2130 2478 2182 6
2500 2129 2750 2199 Χριστὸς,
2765 2128 2846 2180 ὅτι
2863 2128 2963 2198 ἤδη
2987 2128 3163 2180 πάντα
3178 2125 3307 2197 [195
3327 2125 3710 2197 α]τετέλεσται,

2139 2221 2228 2274 ἵνα
2268 2219 2574 2290 τελειωθῇή
2595 2219 2801 2291 Γραφὴ,
2825 2219 2972 2287 λέγει
2997 2233 3010 2247 ’
3044 2217 3192 2288 meo
3212 2235 3225 2248 ·
3243 2238 3259 2269 ι
3283 2217 3357 2279 ὡς
3384 2216 3712 2278 δείκνυσθαι,

2133 2311 2207 2382 μὴ
2242 2311 2457 2382 ἀνάγκῃ
2502 2311 2658 2381 δίψης
2699 2309 3075 2379 ἐξεληλυθέναι
3108 2310 3169 2362 τὸ
3207 2308 3376 2379 ῥῆμα,
3415 2307 3551 2360 ἀλλά
3579 2307 3714 2377 πρὸς

2127 2401 2188 2453 τὸ
2213 2402 2284 2472 μή
2309 2419 2358 2454 τι
2398 2401 2837 2472 παραλειφθῆναι
2862 2400 2969 2452 τῶν
3011 2401 3066 2452 ἐν
3109 2399 3149 2452 Γ
3155 2400 3354 2470 ραφαῖς
3387 2397 3711 2469 εἰρημένων.

455 2491 723 2560 quodjam
767 2489 944 2544 omnia
976 2497 1346 2544 consummata
1409 2497 1555 2551 sunt,
1606 2498 1665 2541 ut
1729 2501 2197 2546 consummaretur
2269 2491 2566 2562 Scriptura,
2620 2494 2801 2547 dicit:
2866 2491 3031 2547 Sitio:
3075 2511 3094 2544 ι
3151 2500 3211 2544 ιιι
3248 2499 3522 2559 appareat,
3554 2487 3714 2544 Chri-

453 2597 595 2644 stum
621 2600 726 2639 non
761 2584 845 2639 siti
872 2592 1118 2638 coactum
1151 2580 1435 2651 protulisse
1480 2581 1609 2636 illud
1647 2583 1894 2648 verbum,
1925 2584 2020 2640 sed
2059 2600 2124 2640 ne
2155 2587 2430 2658 quidpiam
2489 2589 2831 2642 omitteretur
2869 2601 3077 2650 eorum,
3130 2600 3248 2655 quae
3309 2585 3361 2638 in
3415 2582 3710 2652 Scripturis

455 2681 600 2736 dicta
630 2676 868 2731 fuerant.

526 2769 712 2838 Neque
742 2782 934 2822 somno
957 2766 1316 2823 involuntarie
1344 2775 1538 2837 captus
1587 2779 1712 2834 est;
1747 2781 1844 2823 uec
1884 2768 2027 2823 enim

459 2861 584 2917 huic
615 2859 948 2932 perpessioni
977 2859 1250 2926 subjectus
1271 2859 1318 2913 is
1346 2869 1487 2924 erat,
1510 2861 1600 2924 qui
1620 2876 1740 2915 cum
1763 2861 2028 2926 omnium,

458 2963 569 3007 tum
595 2952 758 3005 etiam
782 2951 955 3007 somni
986 2950 1246 3006 Dominus
1268 2959 1381 3016 est;
1418 2953 1508 3022 qui
1551 2968 1649 3008 nec
1675 2953 1906 3020 ‘dormit,
1930 2968 2030 3008 nec

453 3040 731 3107 dormitat,
760 3041 853 3095 sed
877 3042 1115 3096 custodit
1161 3040 1541 3106 Christianos;
1576 3042 1668 3111 qui
1709 3043 1908 3098 deitate
1930 3043 2028 3096 im-

453 3130 726 3200 passibilis
759 3139 861 3198 est,
905 3131 1070 3185 etiam
1119 3147 1241 3186 cum
1301 3131 1354 3186 in
1417 3133 1759 3202 passionibus
1810 3142 2028 3189 manet:

455 3219 592 3276 adeo
625 3230 684 3274 ut
719 3237 843 3276 cum
877 3221 1084 3276 Psaltes
1114 3221 1193 3277 sic
1224 3221 1563 3293 alloquatur:
1599 3241 1616 3276 ι
1656 3224 1900 3296 Exsurge
1929 3225 2032 3298 (4),

454 3312 605 3367 velut
625 3313 922 3378 dormiens,
948 3314 1192 3369 Domine.
1220 3333 1240 3368 ι
1272 3315 1386 3370 Vox
1414 3325 1614 3381 autem,
1655 3318 1885 3383 «velut,»
1924 3333 2031 3374 non

461 3403 714 3459 absolute
759 3418 1008 3459 somnum
1076 3403 1320 3472 indicat;
1389 3423 1512 3462 nam
1570 3409 1734 3463 simul
1794 3419 1958 3479 atque
2002 3425 2033 3466 e

462 3509 655 3550 somno
678 3496 951 3550 excitatus
989 3505 1097 3560 est,
1156 3497 1460 3566 increpavit
1488 3507 1548 3553 ιιι
1596 3500 1760 3566 Deus,
1785 3514 1850 3554 ac
1889 3501 2030 3556 venti

456 3585 676 3654 quidem
714 3586 949 3654 repressi
995 3595 1142 3652 sunt,
1182 3603 1332 3642 mare
1371 3598 1552 3643 autem
1606 3590 1741 3644 adeo
1784 3591 2029 3646 sedatum

453 3688 560 3744 est,
595 3688 653 3732 ut
693 3679 947 3733 ﬂuctibus
982 3680 1198 3748 agitari.
1251 3688 1306 3734 et
1351 3691 1600 3751 strepere
1630 3681 1908 3747 desinens,
1944 3699 2030 3738 re-

458 3768 565 3824 mis
598 3769 903 3839 pulsaretur
934 3808 951 3836 ,
1015 3779 1068 3824 et
1121 3772 1463 3826 occasionem
1503 3771 1768 3841 praeberet
1800 3773 2027 3828 canendi

453 3861 716 3932 hymnum
762 3876 886 3915 cum
936 3861 1220 3916 harmonia
1265 3863 1504 3924 nautica,
1545 3873 1747 3919 etcum
1777 3863 2025 3934 volupta-

456 3962 509 4007 te
539 3952 802 4018 onmium,
837 3953 928 4021 qui
973 3953 1444 4009 exclamaverant:
1479 3973 1499 4007 ι
1531 3955 1770 4021 Christe,
1803 3956 1973 4012 salva.
2001 3976 2020 4010 ι

446 4042 588 4099 Cum
611 4043 755 4097 enim
781 4059 906 4099 vera
933 4045 1040 4099 vita
1076 4045 1352 4101 dormiens
1380 4047 1705 4116 concipitur,
1735 4057 1860 4101 tunc
1900 4050 2021 4102 uni-

449 4150 608 4190 versa
634 4143 841 4190 mortua
894 4149 1018 4190 esse
1055 4135 1470 4207 concipiendum
1533 4147 1637 4203 est,
1697 4149 1882 4208 utpote
1906 4155 2025 4209 quae

445 4240 556 4279 non
616 4223 1009 4278 vivilicantur:
1059 4223 1360 4294 putandum
1411 4234 1496 4280 est
1543 4224 1710 4292 enim,
1757 4225 1860 4280 hac
1896 4226 2023 4280 dor-

443 4314 672 4378 miente,
707 4323 936 4368 mortem
967 4314 1208 4384 vigilare,
1241 4323 1295 4368 et
1324 4313 1595 4370 neminem
1637 4329 1798 4384 posse
1831 4314 2022 4368 vitales

2211 2766 2348 2822 Οὔτε
2388 2766 2541 2837 ὕπνῳ
2585 2767 2659 2838 μὴ
2700 2765 2870 2819 θέλων
2919 2765 3088 2819 ἐάλω’
3139 2765 3199 2818 οὐ
3241 2763 3348 2836 γὰρ
3381 2765 3579 2834 ἡττᾶτο
3613 2763 3708 2818 τοῦ

2139 2862 2365 2925 πάθους,
2406 2863 2434 2914 6
2474 2861 2582 2914 τῶν
2651 2860 2784 2912 ὅλων
2829 2859 2922 2912 καὶ
2964 2858 3059 2912 τοῦ
3103 2857 3268 2911 ὕπνου
3299 2857 3520 2930 Κύριος,
3556 2859 3584 2909 ὁ
3631 2857 3708 2927 μὴ

2139 2952 2323 3008 ὑπνῶν
2355 2953 2492 3023 μηδὲ
2521 2949 2824 3016 νυστάζων,
2851 2949 2986 3003 ἀλλά
3015 2949 3302 3018 φυλάσσων
3329 2947 3706 3019 Χριστιανοὺς,

2139 3046 2230 3100 καὶ
2275 3044 2492 3115 ἀπαθὴς
2540 3047 2606 3115 τῇ
2648 3043 2864 3113 θεότητι
2911 3042 3006 3094 καὶ
3039 3043 3096 3094 ἐν
3136 3043 3246 3103 τοῖς
3278 3039 3561 3110 παθήμασι
3601 3038 3708 3092 δια·

2141 3138 2345 3210 μένων’
2381 3136 2456 3200 ὡς
2497 3137 2634 3207 πρὸς
2680 3135 2842 3189 αὑτὸν
2884 3132 3324 3203 ἀναφθέγγεσθαι
3364 3131 3455 3184 τὸν
3485 3130 3708 3201 ψαλμῳ-

2135 3229 2252 3282 δόν·
2297 3248 2315 3279 ι
2373 3227 2718 3298 Ἐξεγέρθητι
2768 3225 2843 3290 ὡς
2884 3227 2912 3279 6
2952 3224 3157 3289 ὑπνῶν,
3203 3223 3393 3294 Κύριε.
3456 3241 3473 3274 ι
3514 3222 3588 3274 Τὸ
3647 3221 3705 3276 δὲ

2141 3340 2158 3372 ι
2211 3320 2286 3384 ὡς
2326 3341 2344 3372 ι
2387 3321 2450 3373 οὐ
2500 3318 2632 3372 καθ’
2671 3318 2820 3382 ἅπαξ
2879 3317 3045 3371 ὕπνον
3089 3316 3378 3386 ἐμφαίνει·
3419 3313 3704 3377 διαναςτάς

2134 3410 2244 3482 γάρ
2295 3410 2455 3474 εὐθὺς
2499 3409 2836 3479 ἐπετίμησεν
2869 3409 2944 3472 ὡς
2984 3407 3139 3470 Θεὸς,
3181 3407 3274 3459 καὶ
3299 3407 3348 3459 οἰ
3383 3406 3572 3475 ἄνεμοι
3605 3407 3703 3476 μὲν

2134 3502 2565 3572 κατεστάλησαν,
2620 3503 2653 3572 ἡ
2705 3501 2762 3555 δὲ
2813 3501 3054 3553 θάλαττα
3103 3498 3353 3552 τοσοῦτον
3403 3497 3698 3567 ἐλώφησεν,

2132 3591 2274 3645 ὥστε
2316 3590 2680 3662 κυμαίνεσθαι
2732 3591 2825 3643 καὶ
2868 3589 3195 3660 καχλάζειν,
3255 3589 3452 3658 ἀφεῖσα
3504 3588 3698 3642 τύπτε-

2115 3683 2258 3735 -σθαι
2297 3680 2544 3746 κώπαις,
2603 3681 2696 3733 καί⁵
2746 3681 3021 3750 πρόφασιν
3075 3679 3244 3752 ὕμνου
3307 3680 3445 3750 μετά
3509 3680 3697 3750 μέλους

2129 3771 2327 3824 διδόναι
2379 3768 2666 3832 ναυτικοῦ,
2711 3769 2830 3839 μεθ’
2858 3768 3052 3839 ἡδονῆς
3102 3770 3317 3822 πάντων
3360 3769 3695 3841 κραζόντωνο

2135 3879 2154 3911 ι
2195 3859 2420 3930 Χριστέ,
2460 3859 2652 3913 σῶσον.
2685 3878 2704 3912 ι
2738 3859 2908 3913 Ὅταν
2948 3860 3056 3928 γάρ
3099 3861 3132 3929 ή
3182 3859 3408 3930 ἀληθινὴ
3443 3857 3554 3930 ζωὴ
3580 3876 3697 3929 νοη-

2129 3951 2247 4021 θείη
2295 3951 2637 4021 κοιμωμένη,
2679 3950 2789 4004 τότ’
2821 3950 2887 4003 ἂν
2931 3950 3149 4022 νοηθείη
3179 3949 3248 4004 τὰ
3288 3950 3466 4003 πάντα
3513 3950 3699 4020 τεθνη-

2128 4042 2293 4107 κότα,
2330 4041 2406 4104 ὡς
2449 4042 2508 4093 οὐ
2561 4039 2988 4110 ζωοποιούμενα.
3026 4040 3151 4093 Οἴου
3203 4040 3330 4113 γὰρ,
3360 4039 3560 4110 ταύτης
3607 4040 3697 4092 εὑ-

2125 4133 2342 4203 δούσης,
2383 4133 2473 4185 τὸν
2508 4133 2738 4186 θάνατον
2768 4133 3148 4203 ἐγρηγορέναι,
3179 4134 3271 4185 καὶ
3307 4133 3495 4203 μηδενί
3521 4131 3696 4201 ὑπάρ-

2126 4240 2240 4294 χειν
2277 4223 2378 4286 τάς
2415 4220 2649 4287 ζωτικάς
2672 4219 2964 4292 δρέπεσθαι
3007 4218 3204 4291 αὔρας.
3249 4218 3386 4271 Οὔτε
3429 4218 3694 4288 πτωχεύει

2124 4311 2238 4379 οὖν,
2268 4314 2343 4377 ὡς
2376 4313 2581 4368 ἀνωθεν
2628 4313 2702 4364 ὢν
2744 4311 3016 4382 ἀνενδεὴς,
3065 4311 3093 4362 ὁ
3140 4309 3392 4373 πλούσιος
3435 4311 3493 4364 ἐν
3535 4309 3691 4370 ἐλέει,

451 4419 614 4458 auras
647 4419 895 4474 carpere.
923 4403 1001 4460 Ne
1029 4419 1235 4476 pauper
1262 4405 1481 4474 quidem
1525 4414 1608 4460 est
1645 4420 1794 4474 ergo,
1822 4406 2020 4475 quippe

2132 4408 2222 4460 καὶ
2277 4405 2482 4474 ἀγαθὸς
2520 4407 2578 4458 ἐν
2625 4406 2968 4474 οἰκτιρμοῖς,
3015 4403 3044 4455 6
3088 4403 3378 4473 φάρμακον
3417 4400 3493 4471 τῷ
3541 4401 3692 4468 ἄλγει

442 4493 542 4562 qui
578 4493 646 4547 de
671 4494 812 4549 coelo
845 4503 929 4550 est
961 4495 1160 4550 nullius
1215 4495 1294 4550 rei
1339 4495 1552 4565 indigus
1598 4495 1676 4566 (5)
1727 4496 1793 4562 is,
1824 4495 2022 4565 quiest

2132 4498 2217 4567 τῆς
2261 4497 2539 4568 πτωχείας
2576 4495 2674 4567 τὴν
2729 4497 2860 4566 παρ’
2916 4495 3112 4548 ἐαυτοῦ
3161 4494 3475 4564 οἰκονομίαν
3522 4509 3687 4563 χορη-

459 4585 609 4640 dives
638 4584 715 4656 (6)
747 4587 798 4639 iu
828 4587 1230 4653 misericordia,
1275 4597 1330 4642 ει
1360 4587 1533 4642 bonus
1562 4586 1615 4641 in
1653 4587 2021 4642 miserationi-

447 4676 586 4731 bus:
621 4677 818 4746 quique
842 4677 1014 4733 dolori
1069 4678 1406 4750 paupertatis
1453 4687 1651 4732 nostra:
1693 4677 2015 4733 medicinam

449 4766 688 4821 adhibuit
722 4767 949 4836 ipsemet
973 4769 1400 4825 incarnationem
1447 4784 1623 4824 suam.
1673 4767 1857 4839 Neque
1880 4769 2012 4823 alie-

449 4873 520 4911 no
549 4858 752 4929 indiget
795 4859 883 4914 ille
937 4861 1168 4917 robore:
1211 4861 1470 4932 scriptum
1531 4869 1616 4914 est
1667 4861 1834 4924 enim,
1872 4858 2015 4929 quod

447 4944 502 4998 in
554 4944 673 5015 ipso
714 4945 791 5016 (7)
844 4958 1096 5004 constant
1141 4950 1319 5004 omnia
1361 4967 1376 5017 ;
1424 4958 1477 5004 et
1519 4948 1660 5019 quod
1708 4947 1941 5004 ﬂectitur
1963 4949 2013 5005 ei

518 5125 627 5197 (95)
668 5127 827 5196 Ipsis.
849 5127 1039 5184 Graeca
1091 5129 1255 5184 editio
1286 5148 1300 5182 :
1330 5128 1510 5182 αὐτῶν
1576 5129 1627 5183 id
1665 5138 1778 5192 est,
1817 5147 1835 5180 ι
1875 5130 2016 5198 ipso-

449 5211 652 5407 "1236),
671 5265 882 5321 Omnia.
917 5265 1058 5321 Psal.
1089 5281 1206 5326 cut.
1234 5265 1304 5321 28
1340 5271 1456 5334 (seu
1490 5267 1604 5339 27).

515 5336 603 5402 (97
665 5336 804 5390 Illis.
848 5337 1036 5393 Graeca
1081 5337 1294 5392 editio:
1349 5337 1548 5400 αὐτῶν,
1587 5340 1598 5390 i

515 5336 625 5404 (97)
665 5336 804 5390 Illis.
848 5337 1036 5393 Graeca
1081 5337 1294 5392 editio:
1349 5336 1638 5400 αὐτῶν,’ἰιί
1688 5349 1787 5404 est,
1829 5357 1847 5390 ι
1887 5338 2008 5392 illu-

447 5420 586 5469 rum,
623 5425 642 5457 ι
679 5417 732 5474 ιιι
761 5407 920 5474 paulo
949 5416 1093 5460 ante.

517 5474 627 5544 (98)
669 5472 790 5529 Non
815 5478 868 5529 in
895 5492 1044 5542 pane.
1077 5475 1266 5530 Matth.
1302 5489 1374 5537 tv,
1408 5476 1462 5529 4.

516 5545 630 5614 (99)
669 5544 947 5609 Quivem’t.
979 5545 1134 5599 Joan.
1168 5562 1242 5609 vt,
1269 5546 1359 5598 35.

514 5613 590 5752 (ἰ)
634 5614 1096 5679 Esuriet.‘(lodex,
1124 5618 1353 5686 πεινήσῃ
1387 5631 1481 5684 pro
1509 5615 1756 5686 πεινάσῃ.

539 5685 594 5750 2)
635 5683 860 5738 Educat.
891 5683 1026 5741 Gen.
1059 5700 1099 5750 ι,
1139 5684 1226 5739 12.
1272 5685 1498 5739 Sensum
1533 5697 1709 5739 tauteu
1747 5708 1756 5738 ι

479 5751 490 5763 θ
515 5683 594 5763 ('2)
635 5683 860 5738 Educat.
891 5683 1026 5741 Gen.
1059 5700 1099 5750 ι,
1139 5684 1226 5739 12.
1270 5683 1498 5739 sensum
1533 5683 2008 5740 tauteu'tluutaxat

443 5762 594 5890 “(adi
632 5820 814 5878 Sciens
851 5821 1112 5918 Christus.
1135 5820 1291 5878 Joan.
1321 5838 1432 5888 nx,
1480 5821 1571 5878 ‘28.
1604 5822 1771 5880 Biblia
1807 5824 2008 5880 habent

2118 4588 2250 4657 γῶν.
2288 4588 2422 4641 Οὐδὲ
2463 4587 2646 4658 ἰσχύος
2675 4587 2942 4641 ἐπιδεῖται
2971 4586 3256 4658 ἀλλοτρίας
3288 4587 3522 4649 ἐκεῖνος’
3560 4585 3692 4656 γρά-

2123 4695 2212 4746 φει
2243 4678 2380 4750 γὰρ.
2415 4678 2491 4741 ὡς
2539 4679 2596 4729 ἐν
2633 4677 2781 4748 αὑτῴ
2822 4677 3154 4748 συνέστηκεν
3205 4676 3274 4729 τά
3329 4676 3506 4728 πάντα
3530 4715 3544 4738 ,
3600 4676 3690 4729 καὶ

2122 4767 2196 4830 ὡς
2252 4768 2490 4837 κάμπτει
2536 4765 2684 4837 αὐτῷ
2727 4768 2834 4819 πᾶν
2865 4767 2992 4834 γόνυ
3033 4765 3402 4838 ἐπουρανίων,
3449 4767 3541 4818 καὶ
3574 4767 3690 4817 ἐπι-

2120 4857 2303 4925 γείων,
2338 4859 2430 4910 καὶ
2479 4857 2873 4928 καταχθονίων,
2916 4858 3013 4909 καὶ
3057 4858 3138 4910 ὅτι
3184 4858 3240 4910 ἐν
3279 4856 3409 4929 [195
3451 4857 3504 4931 b]
3553 4858 3686 4928 αὐτῇ

2119 4951 2185 5018 τῇ
2225 4949 2506 5020 οἰκονομίᾳ
2536 4949 2925 5020 προσελθόντες
2951 4949 3172 5018 ἄγγελοι
3213 4949 3492 5020 διηκόνουν
3519 4949 3686 5018 αὐτῷ,

2119 5146 2139 5181 ι
2174 5128 2333 5200 Jesns
2369 5151 2388 5183 ι
2429 5147 2526 5200 pro
2565 5149 2584 5182 ι
2622 5132 2890 5185 Christus.
2931 5151 2949 5186 ι

2185 5199 2265 5274 (4)
2309 5199 2580 5274 Ιίίιτιιιτςλε.Δ
2619 5200 2756 5274 Psal.
2804 5219 2964 5274 φημι.
3017 5202 3088 5256 25
3145 5205 3256 5273 (seu
3318 5204 3432 5274 2'5).
3493 5205 3680 5260 Graeca

2108 5270 2318 5342 editior:
2353 5271 2441 5324 ἳνα
2465 5271 2517 5324 τί
2561 5271 2766 5342 ὑπνοῖς,
2802 5273 2982 5332 idest,
3014 5293 3032 5324 ι
3072 5270 3240 5341 quare
3271 5270 3493 5336 dortitis,
3535 5295 3552 5326 ι
3589 5291 3681 5342 pro

2107 5337 2182 5414 ᾡς
2211 5340 2240 5391 ό
2274 5341 2638 5414 ὑπνῴνηξιει]
2691 5337 2832 5414 l'sal.
2890 5337 3109 5414 Lxxvu,
3158 5344 3230 5414 _7_l_
3287 5345 3401 5413 (seu
3458 5344 3550 5414 65)
3589 5337 3678 5398 Ἰε·

2106 5410 2250 5476 gitur
2299 5429 2311 5464 :
2353 5410 2654 5484 ἐξηγέρθη,
2705 5410 2781 5484 ὡς
2831 5414 2862 5484 ό
2912 5413 3096 5465 ὑπνῶν
3158 5410 3393 5484 Κύριος,
3461 5410 3676 5477 ἰιιέει,

2110 5495 2130 5528 ι
2159 5485 2485 5544 exsurrexit,
2521 5482 2663 5534 velut
2695 5483 2990 5542 dormiens,
3030 5482 3304 5536 Dominus.
3339 5501 3357 5533 ι

2177 5549 2256 5623 (5)
2301 5548 2514 5623 Nullius
2557 5551 2632 5602 rei
2670 5550 2900 5620 indigus.
2937 5551 3141 5616 Codex,
3172 5552 3379 5623 ἐνδεής.
3423 5549 3531 5607 Sed
3560 5560 3675 5623 lego

2103 5618 2374 5684 ἀνενδεὴς.

2177 5689 2254 5760 (6)
2294 5689 2464 5760 Dives.
2501 5690 2696 5760 Ephes.
2726 5705 2788 5753 It,
2819 5692 2872 5746 4.

2179 5757 2255 5829 (7)
2295 5757 2362 5816 In
2390 5761 2522 5830 ipso.
2545 5757 2770 5816 ’Coloss.
2812 5776 2852 5830 ι,
2883 5760 2970 5817 17.
