4056 6434
461 403 566 459 915

1694 420 1935 477 DIDYMI
1972 420 2446 478 ALEXANDRINI

3609 429 3716 492 9ίὺ

458 520 588 616 inde
611 532 800 616 autem
834 529 1037 598 petitur
1083 535 1385 605 responsio,
1435 546 1490 593 et
1529 540 1853 609 conlutatio,
1897 546 2039 598 unde

2150 541 2236 594 καὶ
2283 540 2533 611 βαθεῖαν,
2566 541 2717 612 ὅμως
2756 542 3066 616 θεοπρεπῆ,
3110 545 3206 601 καὶ
3246 548 3350 602 οὐκ
3388 547 3723 616 ἀσύνοπτοτιι

460 609 559 678 ipsi
593 613 882 671 desumunt
921 622 1351 679 accusationem.
1387 625 1531 681 Idem
1569 629 1714 683 enim
1745 631 2033 700 Apostolus

461 715 488 753 a
522 701 725 769 Spiritu
764 705 1058 776 Sapientia:
1086 715 1301 783 sapiens
1342 714 1517 773 factus
1537 720 1866 775 sententiam
1890 722 2032 775 scri—

460 790 538 843 bit
595 805 946 865 summopere
989 815 1171 855 acrem
1222 805 1645 874 quodammodo,
1695 818 1752 864 et
1803 808 2032 879 profun-

461 883 607 946 dam,
658 884 768 940 Deo
810 897 988 943 tamen
1025 894 1458 960 convenientem,
1495 910 1593 950 nec
1620 897 1686 950 ad
1728 896 2033 967 intelligen-

462 974 587 1026 dntn
632 977 925 1048 diﬂicilem,
975 993 1030 1037 et
1059 998 1124 1037 ex
1156 999 1313 1053 atquo
1359 1003 1479 1041 cum
1527 990 1593 1041 ad
1646 988 2031 1045 sublimitatem

464 1061 740 1134 Uuigeniti
777 1079 887 1124 tum
932 1074 997 1128 ad
1025 1075 1141 1144 ejus
1177 1076 1693 1133 condescensionem
1753 1080 2048 1148 pertinen-'

464 1168 598 1229 tem,
625 1178 745 1231 qua:
790 1165 871 1220 sic
897 1181 956 1220 se
981 1167 1146 1223 habet
1182 1187 1197 1224 :
1235 1187 1255 1220 ι
1286 1169 1387 1236 Qui
1420 1173 1471 1225 in
1516 1172 1832 1244 diebus(15)
1856 1176 2037 1231 carnis

468 1267 578 1306 sua:
601 1292 617 1317 ,
663 1269 852 1323 preces
887 1257 1413 1329 supplicationesque
1446 1262 1511 1314 ad
1542 1277 1663 1316 eum
1685 1304 1701 1330 ,
1738 1265 1826 1333 qui
1865 1266 2037 1333 possit

465 1341 611 1395 illum
630 1346 834 1400 salvum
855 1346 1034 1402 facere
1053 1364 1081 1400 a
1108 1361 1298 1413 morte,
1314 1367 1434 1406 cum
1470 1356 1705 1409 clamore
1721 1355 1897 1409 valido
1924 1355 2035 1426 (l6)

465 1434 717 1500 oﬂ‘erens,
766 1447 821 1493 et
849 1441 1138 1497 exauditus
1170 1442 1240 1497 ob
1276 1443 1586 1508 εὐλάϐειαν,
1619 1445 1670 1499 id
1727 1458 1835 1512 est,
1869 1448 2037 1517 pieta.

470 1538 600 1593 tem,
660 1532 760 1586 etsi
817 1544 966 1588 esset
998 1532 1190 1600 Filius,
1219 1535 1413 1591 didicit
1450 1553 1516 1592 ex
1553 1537 1649 1604 iis,
1679 1554 1797 1608 qua:
1845 1554 2034 1609 passus

466 1633 567 1683 est,
604 1622 991 1681 obedientiam.
1028 1645 1048 1679 ι
1094 1627 1388 1698 Postquam
1418 1644 1549 1699 ergo
1594 1630 1727 1699 ipse,
1774 1642 2039 1700 quatenus

464 1725 531 1764 ex
582 1714 791 1771 duabus
833 1717 1042 1771 naturis
1086 1729 1369 1780 constans.
1403 1718 1498 1775 Dei
1543 1719 1712 1774 Filius
1777 1723 2039 1778 naturalis

2140 631 2235 683 καὶ
2274 629 2819 701 ἑπαμφοτερίζουσαν
2852 634 2928 705 τῷ
2959 652 3019 687 τε
3054 634 3310 706 ὑψώματι
3349 637 3445 691 τοῦ
3479 641 3705 709 Μονογε-

2138 720 2263 784 νοῦς
2285 723 2378 774 καὶ
2402 724 2469 791 τῇ
2501 723 2903 791 συγκαταϐἀσει
2928 727 3092 779 αὑτοῦ
3119 728 3300 798 ῥῆσιν,
3327 728 3556 798 ἔχουσαν
3582 725 3709 785 ὧδε⁰

2146 831 2165 862 ε
2204 813 2302 874 Ὀς
2332 813 2390 865 ὲν
2422 815 2543 876 ταῖς
2574 814 2808 886 ἡμέραις
2831 815 2932 885 τῆς
2960 818 3163 889 σαρκὸς
3191 819 3357 873 αὑτοῦ
3383 820 3591 891 δεήσεις
3616 824 3710 876 καὶ

2143 902 2423 973 ἱκετηρίας
2465 902 2600 975 πρὸς
2628 906 2719 958 τὸν
2751 906 3047 978 δυνάμενον
3080 910 3244 963 αὐτὸν
3289 910 3488 975 σώζειν
3527 916 3592 966 ὲκ
3618 914 3714 967 θα-

2139 993 2303 1046 νάτου
2333 993 2470 1064 μετὰ
2496 998 2743 1068 κραυγῆς
2772 1000 2999 1070 ἰσχυρᾶς
3027 1001 3430 1072 προσενέγκας,
3480 1005 3575 1056 καὶ
3610 1006 3718 1056 εἰσ-

2140 1085 2424 1150 ακουσθεὶς
2446 1087 2554 1140 ἀπὸ
2575 1089 2674 1158 τῆς
2695 1089 2998 1155 εὐλαϐείας,
3022 1093 3223 1158 καίπερ
3243 1092 3320 1146 ὢν
3341 1096 3489 1161 Υἱὸς,
3515 1095 3716 1167 ἔμαθεν

2141 1179 2234 1247 ἀφ’
2265 1173 2340 1232 ῶν
2366 1178 2587 1245 ἔπαθεν,
2614 1181 2713 1252 τὴν
2736 1182 3001 1254 ὑπακοήν.
3035 1202 3052 1234 ι
3097 1185 3221 1248 Υἱὸς
3244 1181 3338 1240 οὖν
3367 1187 3593 1255 φυσικὸς
3620 1186 3715 1241 τοῦ

2142 1267 2281 1321 Θεοῦ
2324 1270 2465 1323 κατὰ
2496 1270 2559 1323 τὸ
2597 1271 2654 1338 ἐξ
2698 1273 2903 1342 ἀμφοῖν
2943 1274 3319 1346 δεδειγμένος,
3349 1278 3450 1331 οὐκ
3491 1279 3715 1343 ἄλλοτε,

2142 1359 2261 1411 οὐδὲ
2292 1359 2381 1414 διὰ
2413 1360 2509 1432 τὴν
2544 1361 2739 1415 ἑαυτοῦ
2772 1363 3035 1434 θεότητα,
3065 1366 3180 1419 ἀλλ’
3214 1368 3305 1421 ὅτε
3332 1365 3402 1439 ἦν
3436 1370 3494 1423 ὲν
3530 1372 3718 1441 σαρκὶ,

2142 1450 2232 1503 διὰ
2259 1452 2359 1515 τὰς
2399 1454 2605 1524 σάρκας
2632 1455 2725 1507 καὶ
2758 1456 2897 1525 ὑπὲρ
2917 1456 3026 1510 τῶν
3057 1459 3275 1530 σαρκῶν
3305 1460 3608 1532 ἱκετηρίας,
3646 1462 3723 1526 ὡς

2151 1543 2404 1615 εὐλαϐὴς,
2423 1546 2695 1599 τουτέστιν
2722 1565 2740 1597 ι
2776 1548 3179 1621 ἀναμάρτητος,
3225 1572 3244 1604 ι
3268 1553 3547 1608 ἀνέτεινεν
3580 1557 3722 1629 ὑπὲρ

2145 1633 2485 1705 ἁμαρτωλῶν
2516 1636 2729 1707 ἐκείνῳ,
2762 1641 2821 1692 ὲν
2925 1636 3014 1710 ἦν,
3046 1643 3142 1694 καὶ
3167 1641 3229 1695 ὃν
3256 1637 3404 1714 εἶχεν
3431 1646 3490 1697 ἐν
3518 1645 3721 1716 ἑαυτῷ,

2145 1723 2473 1794 καθὸῆνωτο
2504 1728 2653 1798 αὐτῷ
2672 1733 2737 1801 τῇ
2760 1729 2995 1804 θεότητι,
3019 1750 3038 1783 ι
3068 1728 3245 1802 ἀφ’ῶν
3275 1734 3500 1801 ἔπαθεν,
3530 1755 3550 1788 ι
3575 1736 3723 1802 ἰδίως

465 1803 870 1861 detuonstratus
894 1818 998 1874 est,
1068 1823 1174 1863 non
1201 1824 1334 1864 vero
1360 1810 1514 1875 alias,
1546 1826 1611 1866 ac
1641 1823 1901 1881 praeterea
1932 1829 2035 1867 non

2150 1816 2485 1884 κοινωνήσας
2513 1819 2647 1887 ἡμῖν
2678 1821 2863 1890 σαρκὶ,
2901 1820 3090 1892 μαθὼν
3115 1824 3349 1892 γενικῶς
3383 1825 3489 1896 τῆς
3518 1827 3724 1898 σαρκὸς

467 1906 686 1964 propter
707 1913 862 1952 suam
905 1900 1183 1968 deitatem,
1210 1903 1305 1959 sed
1335 1906 1547 1974 quando
1586 1915 1705 1962 erat
1768 1906 1820 1961 in
1877 1924 2042 1967 carne

2150 1906 2278 1975 «τὴν
2301 1906 2550 1978 ὑπακοήν
2569 1928 2580 1939 ’
2597 1928 2616 1960 ι
2653 1911 2681 1962 ὅ
2700 1913 2848 1965 ἐστιν
2866 1954 2882 1978 ,
2906 1912 3125 1977 ἐδέξατο
3167 1916 3268 1987 τὴν
3311 1916 3584 1989 ὑπακοὴν,
3629 1919 3725 1972 καὶ

468 1997 685 2055 propter
749 2006 978 2054 carnes.
1018 2002 1073 2047 et
1138 2008 1237 2063 pro
1274 1996 1534 2050 carnibus
1598 1998 2037 2067 supplicationes,

2150 1998 2447 2068 ἀπήλειψεν
2479 2000 2575 2071 τὴν
2607 2003 2839 2074 ἀρχαίαν
2870 2008 3178 2079 παρακοήν.
3213 2006 3421 2079 Εὗηθες
3452 2010 3631 2064 τοίνυν
3656 2011 3725 2064 ἂν

469 2088 527 2132 ιιι
554 2079 813 2153 εὐλαϐὴς,
842 2082 948 2138 hoc
976 2094 1080 2148 est,
1133 2103 1152 2136 ι
1182 2084 1324 2154 pius,
1371 2104 1391 2139 ι
1435 2086 1488 2141 id
1525 2097 1643 2151 est,
1688 2090 1893 2156 peccati
1944 2105 2041 2145 ex-

2150 2090 2233 2160 εῖη
2282 2090 2362 2153 εἰς
2385 2091 2484 2162 τὴν
2519 2092 2748 2164 θεότητα
2798 2096 3110 2165 λογίζεσθαι
3140 2099 3201 2153 τὸ
3232 2099 3525 2165 δειλιᾶσαι,
3567 2102 3602 2172 ἦ
3629 2101 3725 2155 δα-

466 2185 617 2239 pers,
671 2170 812 2226 fudit
850 2187 950 2242 pro
993 2174 1368 2244 peccatoribus
1423 2175 1493 2242 ei,
1541 2175 1593 2229 in
1648 2191 1756 2246 quo
1802 2186 1940 2245 erat,
1990 2188 2044 2235 et

2150 2177 2373 2249 κρῦσαι,
2404 2179 2436 2250 ἢ
2468 2184 2755 2250 κοπιᾶσαι,
2788 2185 2884 2238 καὶ
2908 2186 3009 2239 ὅσα
3035 2185 3360 2259 προελέχθη.
3393 2170 3728 2259 Πάνταήγάρ

467 2277 625 2331 quem
650 2263 888 2318 habebat
926 2265 981 2318 itt
1029 2266 1341 2335 semetipso,
1399 2276 1666 2337 quatenus
1719 2268 1860 2323 idem
1917 2285 2040 2326 cum

2150 2268 2372 2323 δύναται
2413 2272 2441 2323 ὁ
2479 2272 2608 2337 Υἱὸς
2642 2274 2837 2342 Λόγος,
2885 2276 3026 2347 πλὴν
3072 2277 3168 2331 τοῦ
3214 2278 3358 2332 κατά
3389 2278 3492 2349 τὴν
3532 2297 3731 2350 πατρι-

468 2354 586 2422 ipso
614 2362 733 2409 erat
762 2355 984 2419 deitate,
1017 2371 1086 2413 ex
1118 2373 1138 2408 ι
1176 2357 1241 2412 iis
1262 2398 1277 2424 ,
1310 2372 1430 2427 quae
1471 2373 1665 2427 passus
1693 2367 1796 2423 est,
1832 2377 1854 2413 ι
1884 2373 2047 2428 pecu-

2150 2360 2247 2431 κὴν
2283 2361 2543 2434 γέννησιν
2568 2366 2742 2419 ταῦτα
2778 2367 3109 2439 ὑποστῆναι,
3148 2367 3225 2433 ῶς
3267 2370 3418 2423 ἐστιν
3465 2369 3729 2425 ἀδύνατον

469 2444 682 2501 liariter
721 2464 740 2497 ι
777 2447 1187 2503 eommunicans
1231 2449 1387 2503 nobis
1436 2462 1624 2513 carne,
1669 2458 1725 2504 et
1766 2450 1983 2505 discens
2017 2470 2039 2506 ο

2150 2452 2454 2522 ψεύσασθαι
2487 2456 2579 2509 τὸν
2625 2458 2779 2523 Θεὸν,
2827 2459 2971 2514 καθὰ
3016 2461 3217 2532 γράφει
3248 2462 3464 2526 Παῦλος
3496 2463 3730 2534 δυσαρε⁹

472 2541 775 2609 generatim
803 2541 986 2595 carnis
1025 2559 1044 2591 ι
1076 2540 1443 2596 obedientiam
1477 2556 1491 2594 :
1541 2558 1562 2594 ι
1597 2540 1649 2594 id
1674 2549 1778 2606 est,
1808 2542 2047 2610 suscepit

2150 2543 2289 2597 στῶν
2322 2548 2435 2609 τοῖς
2479 2547 2761 2613 τοιούτοις.
2800 2551 2953 2621 Ἔχει
2991 2552 3048 2606 δὲ
3086 2546 3217 2606 ὧδε·
3258 2574 3276 2605 ι
3320 2554 3412 2607 Ἐν
3454 2550 3537 2618 οἷς
3565 2556 3719 2609 ἐστιν

472 2632 861 2694 obedientiam,
889 2642 944 2686 et
978 2641 1216 2687 veterem
1250 2641 1487 2687 nostram
1516 2631 1936 2686 inobedientiam
1961 2634 2047 2688 de-

2150 2634 2406 2689 ἀδύνατον
2435 2635 2565 2709 [194
2590 2640 2643 2712 b]
2685 2640 2989 2710 ψεύσασθαι
3016 2643 3108 2697 τὸν
3139 2643 3291 2697 Θεόν.
3327 2664 3347 2697 ι

446 2723 626 2779 -levit.
662 2726 899 2781 Stultum
924 2740 1052 2797 ergo
1090 2726 1231 2781 feret
1274 2727 1327 2782 in
1356 2726 1557 2783 deitate
1584 2727 1834 2782 timorem
1863 2727 2171 2797 concipere,
2200 2737 2295 2785 aut
2333 2728 2541 2796 ﬂetum,
2606 2744 2699 2789 aut
2764 2736 3225 2805 defatigationem,
3288 2745 3344 2791 et
3390 2749 3727 2805 quaecunque

472 2829 631 2873 antea
665 2819 809 2872 dicta
858 2827 984 2874 sunt
1025 2837 1037 2872 :
1080 2819 1263 2873 omnia
1339 2818 1485 2873 enim
1569 2830 1752 2889 p0test
1818 2817 1993 2873 Filius
2032 2818 2294 2888 Verbum,
2341 2825 2443 2880 hoc
2492 2834 2701 2880 tantum
2755 2836 3004 2896 excepto,
3054 2830 3198 2897 quod
3234 2828 3320 2883 his
3364 2831 3558 2899 subjici
3619 2844 3727 2882 non

469 2921 652 2980 potest
683 2912 980 2967 secundum
1006 2921 1287 2980 paternam
1328 2910 1759 2979 generationem,
1790 2925 1856 2966 eo
1885 2910 2043 2966 modo
2079 2926 2187 2980 quo
2212 2912 2330 2969 lieri
2361 2932 2466 2970 non
2502 2929 2698 2986 potest,
2771 2929 2827 2973 ut
2878 2919 3016 2974 Deus
3082 2920 3397 2985 mentiatur,
3427 2923 3568 2975 sicut
3597 2919 3732 2974 scri-

470 3005 548 3060 bit
577 3004 776 3060 Paulus
838 3004 1144 3074 bujusmodi
1209 3004 1519 3061 hominibus
1568 3005 1826 3060 irascens.
1874 3001 1968 3061 Sic
2028 3016 2209 3063 autem
2270 3008 2475 3066 habet:
2510 3030 2528 3063 ι
2560 3010 2617 3066 In
2655 3012 2851 3082 quibus
2883 3012 2994 3084 (Π)
3048 3020 3132 3068 εει
3180 3012 3522 3083 impossibile
3570 3028 3726 3067 meu-

473 3101 563 3153 liri
606 3098 796 3155 Deum.
827 3117 846 3150 ι

542 3190 730 3262 Itaque
762 3191 1001 3248 haeretici
1048 3209 1068 3241 ι
1098 3207 1151 3245 tu
1182 3206 1339 3247 camo
1372 3191 1521 3264 (18),
1546 3202 1599 3247 ει
1633 3189 1788 3246 freno
1817 3190 2047 3247 maxillis

2231 3188 2442 3243 Οὐκοῦν
2474 3208 2492 3242 ι
2516 3191 2575 3243 ὲν
2593 3188 2757 3261 κημῷ
2776 3190 2871 3245 καὶ
2883 3189 3085 3261 χαλινῷ
3097 3188 3197 3254 τὰς
3226 3189 3484 3259 σιαγόνας
3517 3191 3725 3245 αὐτῶν»

470 3298 657 3339 eorum
712 3284 1022 3340 constrictis
1052 3281 1201 3354 (19),
1240 3300 1259 3334 ι
1304 3281 1373 3337 ab
1401 3282 1488 3348 iis,
1528 3297 1649 3352 quae
1691 3283 1909 3352 assequi
1952 3299 2047 3336 ne-

2157 3279 2460 3350 ἀγχθέντες
2488 3280 2779 3351 αἱρετικοὶ,
2797 3279 2905 3333 τῶν
2936 3279 3035 3351 μὲν
3058 3279 3403 3333 ἀνεπιϐάτων
3434 3280 3734 3353 ἀναχωρεί-

473 3384 697 3444 queunt,
732 3374 1012 3438 recedant,
1040 3383 1094 3429 et
1131 3389 1250 3444 qua:
1286 3373 1612 3444 investigare
1646 3372 1796 3428 nefas
1821 3384 1924 3439 est,
1952 3388 2047 3428 cu-

2156 3388 2361 3432 τωσαν,
2399 3370 2495 3424 καὶ
2527 3371 2562 3425 ὃ.
2597 3372 2671 3441 μὴ
2717 3370 2897 3441 θέμις,
2947 3371 3020 3441 μὴ
3069 3370 3729 3440 πολυπραγμονείτωσανο

470 3468 617 3521 riose
664 3481 771 3521 non
816 3465 1126 3532 inquirant:
1164 3464 1290 3532 quid
1333 3465 1476 3519 enim
1520 3466 1604 3520 his
1633 3481 1771 3532 opus
1812 3464 2055 3520 habent?

472 3557 578 3614 Sed
602 3574 723 3614 cum
748 3557 974 3613 audiunt
996 3571 1117 3626 quae
1137 3555 1296 3611 allata
1322 3554 1491 3623 fuere,
1509 3556 1589 3611 sic
1618 3556 1703 3608 illa
1730 3553 2052 3621 intelligant,

476 3661 535 3704 ut
562 3650 665 3704 alia
697 3649 913 3718 quidem
944 3647 1143 3702 dixerit
1173 3654 1232 3699 ut
1260 3645 1443 3709 homo,
1470 3645 1635 3718 404
1658 3645 1764 3699 alia
1791 3653 1849 3698 ut
1876 3642 2052 3711 Deus;

476 3752 531 3795 et
558 3740 907 3804 ineffabilem,
936 3750 1101 3807 atque
1127 3736 1550 3806 inexplicabilem
1574 3739 1692 3808 ejus
1720 3736 1773 3791 in
1809 3736 2055 3792 homines

476 3830 865 3902 benignitatem
917 3828 1200 3885 nobiscum
1241 3835 1565 3896 agnoscant,
1614 3834 1669 3880 et
1707 3825 1966 3887 adorent,
2001 3834 2057 3879 et

479 3937 599 3974 eum
628 3920 910 3989 Apostolo,
937 3925 991 3973 et
1010 3917 1292 3972 nobiscum
1319 3914 1555 3970 clament
1579 3934 1593 3969 :
1630 3934 1649 3967 ι
1682 3914 1793 3969 Pax
1820 3914 1933 3985 (20)
1960 3913 2055 3969 Dei

475 4019 764 4082 exsuperat
814 4024 1027 4064 omnem
1073 4015 1344 4072 utentem;
1400 4027 1419 4060 ι
1466 4017 1520 4062 et
1563 4025 1579 4062 :
1625 4025 1644 4060 ι
1689 4006 1896 4061 Divitiae
1941 4005 2055 4075 (21)

477 4103 680 4159 Christi
720 4110 846 4157 sunt
889 4098 1347 4169 ininvestigabiles
1381 4116 1394 4153 :
1434 4117 1454 4152 ι
1489 4115 1612 4153 eum
1657 4096 1840 4153 Psalle
1877 4108 2056 4152 autem

477 4197 712 4266 psallant
738 4213 753 4248 :
789 4212 809 4245 ι
841 4192 1051 4247 Domini
1073 4191 1275 4263 judicia
1305 4190 1417 4271 (22)
1446 4189 1671 4260 abyssus
1702 4189 1889 4243 multa.
1925 4207 1944 4239 ι
1978 4186 2057 4241 Ita

476 4289 695 4357 quidem
731 4286 844 4341 veri
873 4285 1076 4349 tideles,
1116 4292 1173 4339 et
1196 4283 1435 4337 accurati
1477 4281 1882 4351 praedicatores.
1926 4279 2060 4334 Pro-

477 4383 586 4437 fani
610 4395 738 4435 vero
762 4392 978 4448 quoque
1004 4377 1117 4431 hac
1147 4374 1396 4441 consilia,
1432 4388 1496 4429 ac
1521 4373 1721 4427 monita
1758 4370 2056 4426 dederunt:

476 4470 690 4526 Arcana
718 4487 782 4524 ne
810 4479 1003 4523 tractes
1033 4483 1051 4522 :
1085 4484 1147 4521 ne
1178 4466 1449 4535 investiges
1477 4463 1644 4519 Deum
1662 4477 1681 4515 :

486 4541 592 4596 Nec
612 4545 750 4596 enim
773 4548 849 4594 est
884 4550 1032 4592 tanta
1065 4538 1264 4592 homini
1287 4540 1387 4598 vis,

484 4606 553 4663 Ut
586 4612 823 4667 omnium
865 4610 1305 4674 insvectorem,et
1347 4601 1921 4744 incomprehensiﬁilem
1964 4617 2057 4655 na-

1802 4688 1950 4725 uram

1802 4690 1831 4725 ιι

482 4749 728 4806 Invenire
758 4758 921 4815 possit
953 4751 1334 4818 investiganao,
1365 4756 1414 4801 et
1441 4746 1807 4818 excogitando.

482 4813 792 4888 Assequeris
819 4829 993 4888 autem
1037 4813 1156 4871 cuni
1185 4818 1365 4885 facile,
1396 4819 1440 4870 si
1470 4813 1749 4882 persuasus
1785 4813 1949 4878 {ueris

482 4886 778 4943 Matinium
807 4903 914 4942 esse
937 4887 1274 4941 Conditorem
1317 4888 1678 4940 universarum
1717 4899 1913 4937 rerum.

1083 4975 1236 5033 CAP.
1288 4975 1455 5030 XXII.

559 5067 665 5122 Sed
717 5066 785 5120 ad
837 5067 981 5122 aliud
1034 5078 1192 5136 caput
1246 5067 1680 5138 progrediamur.
1745 5063 1930 5133 Itaque
1983 5080 2062 5118 re-

484 5173 743 5226 apunsum
769 5158 934 5212 etiam
984 5159 1442 5226 sapientissimum
1473 5158 1558 5209 ad
1597 5156 1906 5226 generalem
1939 5152 2062 5207 uni-

484 5249 627 5301 \‘ct'si
681 5247 841 5300 tinem
897 5256 1167 5314 spectans,
1227 5247 1367 5315 quod
1418 5246 1487 5299 ab
1534 5245 1777 5299 omnium
1830 5242 2061 5296 Domino

487 5336 711 5405 apostoli
745 5335 887 5405 apud
927 5335 1164 5392 Marcum
1208 5338 1488 5393 tulerunt:
1529 5354 1549 5387 ι
1586 5335 1660 5389 De
1701 5334 1790 5389 die
1822 5332 1938 5403 (25)
1971 5348 2063 5386 au-

560 5518 673 5585 (15)
709 5515 813 5583 Qui
835 5514 892 5569 in
914 5517 1113 5572 diebus.
1147 5518 1307 5572 Hebr.
1344 5532 1399 5579 ν,
1428 5515 1485 5581 7,
1526 5515 1581 5569 8.

562 5581 669 5653 (16)
722 5581 930 5641 Valide.
961 5586 1089 5644 Post
1134 5589 1273 5642 hanc
1304 5600 1491 5641 vocent
1518 5585 1723 5639 addunt
1750 5581 1925 5637 Biblia
1965 5581 2061 5634 καὶ

486 5652 760 5727 δακρύων,
791 5657 844 5710 id
873 5666 976 5724 est,
1005 5678 1024 5710 ι
1060 5669 1115 5714 et
1134 5674 1255 5713 ctttn
1288 5656 1598 5727 lacrymisa

560 5726 673 5791 (t7)
706 5730 767 5797 In
793 5728 1002 5797 quibus.
1033 5729 1196 5784 Hebr.
1233 5744 1304 5791 Vl,
1350 5726 1438 5783 18.

564 5797 673 5865 (18)
712 5796 778 5849 In
805 5794 978 5855 canto.
1008 5799 1083 5854 Ex
1113 5798 1249 5865 psal.
1283 5813 1432 5857 xxxi.
1462 5810 1603 5851 vers.
1637 5794 1726 5848 12.

563 5857 673 5939 (19)
712 5865 1039 5926 Constrictis.
1076 5857 1281 5937 Codex,
1309 5867 1587 5939 ἀχθέντες.
1621 5865 1728 5922 Sed
1756 5857 2064 5930 legendum,

2154 3461 2258 3515 ποῦ
2279 3461 2387 3533 γὰρ
2404 3463 2499 3516 καὶ
2524 3463 2682 3533 χρεία
2705 3462 2893 3515 τούτου
2921 3462 3137 3527 αὐτοῖς;
3178 3461 3320 3515 Ἀλλ’
3345 3461 3639 3526 ἀκούοντες
3664 3461 3731 3516 τὰ

2156 3554 2519 3625 προκείμενα,
2549 3553 2863 3618 νοείτωσαν,
2886 3553 2962 3616 ὡς
2989 3552 3025 3605 ἃ
3049 3554 3150 3624 μὲν
3177 3554 3361 3623 ἔλεγεν
3378 3557 3436 3608 ὲν
3458 3556 3572 3619 τοῖς
3593 3558 3731 3627 ἡμε-

2155 3642 2371 3714 τέροις,
2401 3641 2438 3696 ἃ.
2480 3642 2539 3695 δὲ
2581 3644 2639 3696 ὲν
2679 3644 2796 3706 τοῖς
2851 3642 3084 3696 ὲαυτοῦυ
3125 3644 3220 3697 καὶ
3261 3643 3359 3715 τὴν
3399 3645 3603 3713 ἄφατον
3636 3644 3731 3698 καὶ

2156 3735 2551 3806 ἀνεκδιήγητον
2574 3733 2737 3787 αὑτοῦ
2774 3733 3184 3807 φιλανθρωπίαν
3213 3733 3331 3805 μεθ’
3359 3734 3515 3806 ἡμῶν
3531 3752 3731 3807 γνωρι-

2158 3826 2403 3892 ζέτωσαν
2425 3826 2515 3878 καὶ
2542 3824 3043 3894 προσκυνείτωσαν,
3069 3827 3163 3878 καὶ
3189 3827 3285 3878 σὺν
3315 3825 3392 3896 τῷ
3429 3827 3733 3897 Ἀποστόλῳ

2159 3919 2255 3974 καὶ
2288 3920 2421 3988 ἡμῖν
2450 3916 2802 3989 κραζέτωσαν
2822 3936 2837 3949 ο
2872 3937 2891 3970 ι
2945 3919 3009 3971 Ἡ
3036 3918 3225 3989 εἰρήνη
3253 3917 3347 3970 τοῦ
3376 3916 3512 3972 Θεοῦ
3570 3918 3734 3988 ὑπερ-

2158 4010 2273 4081 έχει
2319 4009 2496 4062 πάντα
2522 4008 2679 4061 νοῦν·
2718 4028 2736 4059 ι
2765 4009 2882 4074 καὶ,
2919 4028 2937 4060 ι
2995 4010 3052 4061 '0
3091 4007 3322 4071 πλοῦτος
3364 4008 3458 4062 τοῦ
3496 4006 3730 4080 Χριστοῦ

2159 4098 2601 4171 ἀνεξιχνίαστος·
2640 4116 2660 4150 ι
2712 4097 2831 4170 ἅμα
2871 4099 2928 4153 δὲ
2972 4097 3050 4169 τῷ
3086 4098 3308 4169 μελῳδῷ
3346 4098 3727 4168 ψαλλέτωσαν·

2163 4210 2182 4243 ι
2217 4189 2326 4243 Τοῦ
2363 4187 2569 4259 Κυρίου
2601 4187 2669 4241 τά
2711 4189 2954 4260 κρίματα
2985 4189 3218 4251 ἄϐυσσος
3245 4188 3437 4260 πολλή.
3478 4209 3497 4241 ι
3531 4187 3717 4243 Ταῦτα

2164 4282 2264 4354 μὲν
2303 4281 2354 4333 οἱ
2400 4278 2668 4350 ἀληθινῶς
2701 4280 2883 4333 πιστοὶ
2913 4280 3008 4333 καὶ
3035 4279 3281 4350 ἀκριϐεῖς
3316 4281 3582 4352 κήρυκες.
3621 4280 3732 4334 Καὶ

2157 4375 2208 4429 οἱ
2234 4372 2340 4438 ἔξω
2369 4371 2428 4427 δὲ
2454 4369 2883 4424 συνεϐούλευσαν
2911 4370 3007 4425 καὶ
3040 4368 3401 4440 ἐνουθέτησαν
3429 4370 3557 4424 τάδε
3574 4387 3588 4402 ο

2166 4463 2430 4538 {Apparet
2455 4457 2541 4528 μὴ
2568 4458 2796 4538 (ζάαζευε
2821 4476 2834 4491 ⁸
2864 4460 2952 4529 μὴ
2972 4458 3148 4538 ’ζήτει
3176 4460 3343 4538 Θεόν,

2089 4565 2134 4620 D
2273 4527 2390 4600 γὰρ
2430 4527 2725 4620 τοσοιὲξόν
2751 4527 2922 4620 ἐστέν
2954 4527 3241 4615 ᾀνόξρώπῳ
3277 4528 3515 4615 σθένος,

2167 4598 2296 4656 Τὸν(
2320 4599 2769 4667 παντεπόπτην,
2811 4598 2929 4668 τὴν
2955 4598 3265 4668 ἁχὼρητον
3297 4600 3488 4668 φύσιν

2152 4732 2369 4802 Εὑρεῖν
2408 4732 2786 4802 anxias-uorti
2821 4731 2919 4802 xui
2958 4729 3322 4799 τεχνωμένῳ.

2162 4799 2376 4873 Τῦχοις
2412 4802 2463 4854 δ’
2496 4801 2573 4873 ἂν
2601 4801 2786 4873 αὑτοῦ
2809 4800 3052 4873 ῥᾳδίως,
3100 4799 3503 4873 πεπεισμένος

2156 4868 2463 4944 Μέγιστον
2493 4872 2646 4924 εἶναι
2681 4872 2787 4923 τὸν
2814 4868 3090 4937 Ποιητὴν
3115 4868 3233 4922 τῶν
3265 4868 3445 4924 ὅλων.

2776 4963 2936 5017 ΚΕΦ.
2980 4961 3106 5015 KB'.

2243 5055 2385 5110 Ἀλλ’
2424 5055 2509 5123 ἐφ’
2553 5053 2741 5123 ἓτερον
2791 5052 3084 5121 κεφάλαιον
3121 5051 3403 5124 προΐωμεν
3427 5092 3440 5105 .
3482 5051 3593 5120 Ιςαι
3630 5047 3727 5119 τὴν

2160 5145 2219 5202 ὲν
2246 5148 2463 5218 Μάρκῳ
2505 5144 2687 5198 τοίνυν
2720 5145 3029 5216 φερομένην
3060 5145 3196 5215 πρὸς
3243 5144 3371 5206 τοὺς
3399 5142 3728 5202 ἀποστόλους

2159 5244 2435 5309 πάνσοφον
2450 5237 2544 5292 τοῦ
2572 5238 2787 5292 πάντων
2812 5238 3084 5289 Δεσπότου
3109 5232 3422 5307 ἀπόκρισιν,
3447 5236 3547 5305 τὴν
3568 5234 3728 5286 ἕνεκα

2157 5334 2253 5388 τοῦ
2286 5329 2508 5402 γενικοῦ
2539 5328 2726 5393 τέλους
2758 5327 3024 5397 λέγουσαν
3065 5327 3258 5381 ταυτίο
3293 5344 3312 5378 ι
3358 5326 3495 5397 Περὶ
3535 5324 3593 5377 δὲ
3630 5323 3727 5393 τῆς

2157 5523 2217 5568 ιιι
2242 5524 2303 5569 et
2331 5515 2471 5582 lego,
2516 5527 2581 5566 ex
2620 5508 2818 5572 Psalle,
2850 5507 3171 5579 ἀγχθέντες·
3213 5505 3325 5571 ipse
3382 5502 3528 5556 enim
3575 5500 3730 5557 habet

2157 5584 2338 5653 ἀγξαι.

2233 5646 2345 5725 (⁷21))
2385 5651 2522 5725 Pax.
2542 5647 2797 5725 _Phi_l_ip_p.
2826 5664 2901 5711 tv,
2932 5646 2984 5697 7.

2256 5712 2348 5791 21)
2390 5720 2622 5791 Divitias.
2655 5712 2851 5791 Ιξριιεε.
2887 5732 2972 5775 ιιι,
3003 5714 3067 5791 8λ
3082 5712 3223 5767 Citat
3245 5726 3485 5791 sensum.

2256 5727 2348 5791 21)
2390 5727 2622 5775 Divitias.
2655 5727 2851 5784 Epltes.
2887 5732 2972 5775 ιιι,
3003 5727 3055 5769 δ.
3082 5727 3223 5767 Ulla!
3245 5727 3350 5765 sent

2235 5727 2349 5863 (22)
2384 5790 2623 5863 [καιρία.
2650 5786 2801 5863 Psal.
2838 5783 3070 5863 xsxv,_,§
3099 5792 3232 5853 (seu
3267 5782 3350 5851 7).

2239 5798 2327 5863 (22
2384 5798 2623 5845 Judicia.
2662 5798 2801 5840 Psat.
2838 5798 3070 5848 xsxv,p

2239 5798 2349 5934 (251
2391 5862 2464 5916 De
2500 5859 2603 5913 die.
2648 5856 2811 5911 Marc.
2857 5870 2974 5921 xm,
3004 5855 3092 5907 52.
