4056 6418
373 371 475 426 917

1470 368 1560 424 DE
1598 366 1971 423 TRINITATE
2014 364 2218 421 LIBER
2255 364 2577 423 TERTIUS.

3515 366 3621 422 9t8

372 490 589 560 ἡμέρας
631 486 870 556 ἐκείνης,
911 486 945 557 ἢ
976 486 1075 555 τῆς
1112 485 1283 558 ὧρας,
1325 485 1500 549 οὐδεὶς
1539 481 1714 552 οἶδεν,
1754 482 1875 537 ούδὲ
1902 484 1950 536 οἱ

2068 498 2159 537 :em
2196 482 2306 549 illo,
2346 491 2439 536 aut
2479 482 2631 549 hora,
2666 494 2825 535 nemo
2854 481 3034 546 'novit,
3072 496 3246 551 neque
3276 481 3493 552 angeli,
3521 485 3616 553 qui

374 580 596 650 ἄγγελοι
623 579 671 631 οἱ
698 580 756 632 ἐν
784 580 842 632 οὐ
854 577 1019 650 ρανῷ,
1049 578 1171 630 οὐδὲ
1198 580 1227 630 6
1255 577 1405 640 Υἱὸς,
1433 578 1481 630 εί
1516 577 1590 649 μὴ
1614 579 1644 630 6
1670 576 1882 647 Πατὴρ,
1916 594 1934 627 ι

376 669 675 742 θεωροῦσιν
716 668 814 737 οὐχ
853 666 1041 735 ὑγιῶς.
1090 665 1371 729 Ματθαῖος
1424 664 1555 737 [195
1587 664 1642 737 α]
1698 663 1801 734 μὲν
1844 662 1952 733 γὰρ

377 759 487 830 πρὸ
528 756 703 813 αὑτοῦ
741 755 886 810 κατὰ
922 756 1032 809 τῶν
1075 756 1251 809 ἄλλων
1285 755 1486 822 λέξεων
1531 753 1952 821 ἀπαραλείπτως

378 848 575 914 ἐλθὼν,
622 850 724 902 οὐκ
770 844 923 902 εἶπεν
973 848 1063 900 τὸν
1096 848 1226 901 Υἱὺν
1273 848 1486 916 ἀγνοεῖν
1508 887 1523 906 ,
1572 844 1708 899 ἀλλὰ
1758 845 1851 898 καὶ
1893 843 1954 896 τὸ

379 941 569 1012 σχῆμα
611 938 742 995 αὐτὸ
800 938 895 992 τοῦ
936 922 1125 1003 τ’έλους
1171 938 1371 992 εἰδέναι
1424 939 1641 1004 ἐξέθετο
1696 937 1951 990 τοιῶσδε·

383 1053 404 1083 ι
446 1033 669 1103 Περὶ,δέ
709 1032 807 1102 τῆς
838 1031 1052 1103 ἡμέρας
1083 1031 1318 1101 ἐκείνης,
1357 1030 1390 1102 ἢ
1422 1030 1524 1100 τῆς
1569 1028 1738 1101 ὥρας,
1779 1028 1955 1093 οὐδεὶς

377 1118 542 1184 οἶδεν,
563 1121 685 1174 οὐδὲ
708 1119 995 1190 οἱᾶγγελοι
1017 1119 1126 1172 τῶν
1167 1119 1435 1190 οὐρανῶν,
1483 1120 1531 1172 εἰ
1583 1118 1657 1190 μὴ
1702 1119 1731 1169 6
1764 1117 1955 1188 Πατὴρ

383 1213 566 1282 μόνος.
593 1212 807 1284 Ὥσπερ
833 1211 942 1282 γὰρ
970 1214 1031 1263 αἱ
1064 1210 1268 1281 ἡμέραι
1297 1209 1390 1263 τοῦ
1415 1209 1560 1271 Νῶε,
1593 1208 1767 1271 οὕτως
1801 1206 1955 1261 ἔσται

380 1304 419 1373 ἡ
473 1301 748 1371 παρουσία
790 1300 885 1354 τοῦ
930 1300 1058 1353 Υίοῦ
1106 1300 1199 1353 τοῦ
1245 1298 1554 1370 ἀνθρώπου.
1598 1297 1808 1370 Ὥσπερ
1845 1296 1956 1369 γὰρ

376 1386 522 1461 ἦσαν
568 1392 626 1442 ἐν
670 1391 791 1453 ταῖς
836 1390 1077 1462 ἡμέραις
1118 1391 1240 1452 ταῖς
1283 1388 1391 1459 πρὸ
1433 1382 1524 1441 τοῦ
1566 1383 1955 1455 κατακλυσμοῦ

379 1480 710 1551 τρώγοντες,
747 1481 841 1533 καὶ
866 1480 1137 1543 πίνοντες,
1169 1478 1479 1549 γαμοῦντες
1509 1478 1605 1530 καὶ
1634 1475 1959 1547 ἐκγαμίζον-

382 1590 499 1635 τες,
531 1573 659 1642 ἄχρι
688 1568 756 1645 ἦς
782 1573 999 1643 ἡμέρας
1033 1570 1285 1640 εἰσῆλθεν
1317 1569 1440 1623 Νῶε
1468 1571 1547 1633 είς
1573 1570 1672 1639 τὴν
1702 1568 1955 1633 κιϐωτὸν,

385 1664 485 1717 καὶ
512 1664 611 1716 οὐκ
638 1655 919 1731 ἔγνωσαν,
960 1664 1066 1727 ἕως
1101 1661 1338 1732 ἐπῆλθεν
1369 1664 1397 1715 6
1428 1661 1832 1731 κατακλυσμὸς,
1864 1660 1958 1713 καὶ

382 1750 519 1821 ρεν
551 1752 758 1815 πάντας
778 1769 791 1782 ο
818 1752 996 1816 οὕτως
1024 1752 1178 1804 ἔσται
1204 1753 1299 1805 καὶ
1332 1754 1365 1823 ἡ
1404 1750 1674 1822 παρουσία
1704 1749 1800 1803 τοῦ
1827 1748 1958 1803 Υἱοῦ

381 1845 480 1897 τοῦ
532 1843 843 1914 ἀνθρώπου.
888 1863 908 1897 ι
951 1846 1015 1898 Οἱ
1065 1839 1159 1897 οῦν
1210 1844 1361 1898 ἄλλοι
1409 1843 1793 1910 εύαγγελισταὶ
1840 1842 1960 1896 ούδέ
1989 1830 2032 1884 Β

382 1936 523 1998 ὅλως
547 1935 958 2005 ἐμνημόνευσαν
999 1934 1223 1988 τούτου·
1273 1934 1410 1988 ἀλλὰ
1441 1935 1580 1988 κατὰ
1618 1933 1821 2006 ταύτης
1860 1934 1959 2005 τῆς

383 2028 669 2098 αἱρετικῆς
712 2026 1084 2093 ἐναντιώσεως
1130 2026 1286 2080 λύσιν
1317 2027 1593 2097 παρέσχον
1633 2028 1684 2079 οἱ
1725 2025 1958 2079 ἀπόστοι

382 2118 487 2181 λοι,
536 2120 595 2171 ἐν
636 2119 714 2189 τῷ
756 2118 898 2172 κατὰ
947 2119 1199 2188 Ἰωάννην
1245 2118 1561 2188 Εύαγγελίῳ
1606 2117 1837 2187 φάμενοι
1871 2115 1962 2169 οὖ-

382 2224 525 2270 τωςο
558 2226 578 2257 r
630 2208 742 2260 Νῦν
786 2208 1032 2279 οἴδαμεν,
1078 2209 1160 2261 ὅτι
1203 2207 1381 2260 πάντα
1424 2202 1601 2270 οἷδας’
1635 2225 1654 2258 ι
1690 2206 1808 2271 ἆτε,
1858 2222 1963 2277 φη-

385 2300 499 2360 σὶν,
525 2298 652 2361 Υἱὸς
680 2298 853 2366 Λόγος
892 2298 986 2352 τοῦ
1018 2298 1176 2361 Θεοῦ,
1207 2298 1274 2351 δι’
1310 2290 1371 2351 οῦ
1404 2298 1471 2350 τὰ
1503 2299 1697 2352 πάντα·
1712 2296 1958 2364 ἐγένετο·

385 2391 449 2454 ἐξ
478 2384 553 2443 ὧν
588 2389 807 2443 πάντων
843 2390 991 2442 ἐστὶν
1026 2390 1121 2442 καὶ
1157 2390 1190 2459 ἡ
1236 2388 1440 2459 ἐσχάτη
1477 2389 1681 2460 ἡμέρα.
1712 2386 1824 2441 Καὶ
1858 2387 1963 2459 χρὴ

383 2481 445 2534 δὲ
480 2481 555 2552 μὴ
587 2481 936 2551 καθηκόντως
969 2480 1336 2549 ἐκλαμϐάνειν
1368 2479 1429 2532 τὸ
1457 2478 1834 2550 προνοητικῶς
1865 2480 1965 2550 ἀρ-

386 2573 571 2645 νηθέν.
608 2573 877 2643 Καθάπερ
908 2571 1016 2642 γάρ
1052 2572 1119 2624 δι’
1146 2572 1295 2642 ἡμᾶς
1330 2571 1505 2624 εἵλετο
1537 2572 1751 2642 μορφὴν
1777 2570 1964 2624 δούλου

388 2664 571 2716 λαϐεῖν
592 2702 607 2727 ,
644 2661 788 2715 οὕτω
841 2664 934 2715 καὶ
964 2662 1026 2715 τὸ
1074 2662 1281 2725 εἰπεῖν,
1316 2661 1398 2715 ὄτι
1432 2663 1637 2731 ἀγνοεῖ.
1685 2664 1966 2735 Φαρμάκῳ

388 2756 500 2826 γὰρ
534 2750 645 2808 οἷον
686 2754 860 2825 τούτῳ
894 2756 1188 2825 ἐχρήσατο,
1226 2753 1316 2807 διὰ
1344 2758 1406 2807 τὸ
1435 2756 1735 2826 συμφέρειν
1771 2759 1839 2828 τῇ
1874 2757 1967 2811 ἀν-

394 2847 711 2918 θρωπότητι
746 2846 821 2919 μὴ
854 2847 1055 2916 γνῶναι
1102 2849 1202 2914 τὴν
1234 2847 1502 2920 ἐρώτησιν
1543 2848 1718 2919 αὐτῆς
1738 2865 1751 2877 ·
1783 2849 1850 2902 ἵν’
1882 2849 1968 2901 ἀεὶ

392 2937 769 3010 προσδοκῶσα,
816 2939 909 2992 καὶ
950 2939 1043 2991 ἐπὶ
1099 2938 1294 3010 θύραις
1340 2935 1479 2992 εἶναι
1525 2939 1824 3009 νομίζουσα
1868 2939 1969 3008 τῆς

390 3029 629 3101 κρίσεως
660 3030 751 3083 τὸν
782 3029 993 3101 καιρὸν,
1027 3030 1245 3103 ἕτοιμος
1280 3030 1510 3100 γένηται
1548 3029 1616 3082 δι’
1662 3029 1839 3101 ἔργων
1876 3032 1970 3084 καὶ

2052 574 2102 627 in
2131 574 2270 629 caelo
2306 582 2453 636 sunt,
2483 586 2656 641 neque
2677 570 2869 635 Filius,
2903 573 3003 628 nisi
3043 570 3225 637 Pater,
3269 591 3289 624 ι
3333 589 3618 643 perperam

2052 666 2496 734 interpretantur.
2538 664 2669 718 Nam
2719 662 3003 719 Matthaens
3036 663 3250 732 quidem
3302 674 3426 718 ante
3474 663 3630 718 Mar--

2053 770 2175 809 cum
2226 754 2348 808 aliis
2406 752 2585 808 verbis
2634 752 2748 824 (24)
2807 753 3053 808 eamdem
3108 768 3219 809 rem
3280 753 3411 808 nihil
3456 755 3629 809 omit-

2055 847 2216 900 tendo
2247 859 2496 909 narrans,
2524 858 2631 899 non
2660 844 2819 909 dixit,
2860 843 3055 899 Filium
3086 843 3334 915 ignorare
3368 843 3505 915 (25),
3529 847 3622 901 sed

2054 935 2137 989 vel
2167 936 2338 1004 ipsum
2371 935 2587 989 modum
2635 934 3115 990 consummationis
3141 933 3323 988 mundi
3357 933 3493 989 Filio
3528 950 3623 989 no-

2055 1037 2165 1080 tum
2198 1041 2319 1081 esse
2349 1019 2641 1097 ostendens
2670 1025 2741 1078 ita
2765 1040 2888 1078 enm
2912 1025 3160 1095 exposuit
3188 1042 3201 1079 :
3240 1043 3260 1077 ι
3298 1024 3375 1079 De
3398 1025 3483 1081 die
3508 1024 3630 1097 (26)

2055 1125 2235 1169 autem
2274 1114 2386 1175 illa.
2419 1125 2510 1168 aut
2535 1115 2685 1169 hora.
2716 1114 3036 1187 (2.7),nemo
3077 1115 3202 1179 scit,
3232 1130 3410 1185 neque
3448 1114 3625 1183 angeli

2055 1207 2340 1273 caelorum,
2365 1205 2467 1260 nisi
2494 1202 2660 1258 Pater
2685 1204 2797 1275 (28)
2816 1204 2981 1259 solus.
3012 1203 3165 1259 Sicut
3184 1203 3327 1258 enim
3352 1204 3468 1259 dies
3488 1202 3626 1267 Noe,

2058 1299 2128 1353 ita
2156 1298 2261 1352 erit
2278 1300 2539 1351 adventus
2565 1294 2687 1351 Filii
2718 1295 2974 1350 hominis.
2996 1293 3315 1349 Sicutenim
3336 1293 3449 1365 (29)
3467 1302 3628 1349 erant

2055 1389 2248 1445 diebus
2288 1398 2413 1443 ante
2441 1386 2702 1443 diluvium
2732 1386 3078 1441 comedentes
3117 1395 3174 1440 et
3217 1385 3485 1449 bibentes,
3520 1398 3639 1439 nu.»

2058 1481 2250 1535 bentes
2311 1490 2365 1535 et
2414 1481 2604 1550 nuptui
2641 1479 2938 1546 tradentes,
2982 1492 3152 1548 usque
3206 1477 3273 1533 ad
3317 1492 3441 1532 eum
3481 1477 3636 1532 diem-

2058 1587 2169 1643 quo
2216 1572 2440 1627 intravit
2476 1572 2589 1627 Noe
2642 1570 2695 1625 in
2743 1585 2951 1633 arcam,
2992 1580 3048 1623 et
3088 1584 3193 1623 non
3235 1578 3630 1638 cognoverunt,

2060 1660 2565 1731 donec'supervenit
2594 1662 2710 1732 ('50)
2753 1661 3034 1727 diluvium,
3070 1670 3124 1715 et
3145 1659 3268 1713 tulit
3300 1674 3521 1715 omnes:
3553 1659 3629 1714 ita

2062 1755 2166 1809 erit
2191 1763 2262 1808 et'
2297 1754 2560 1808 adventus
2614 1750 2738 1806 Filii
2802 1751 3060 1805 hominis.
3121 1769 3141 1802 ι
3199 1750 3389 1804 Caeteri
3445 1759 3631 1803 autem

2061 1844 2402 1914 evangelista
2437 1843 2599 1912 hujus
2631 1844 2707 1897 rei
2732 1842 2894 1916 405
2930 1856 2997 1898 ne
3026 1841 3385 1896 meminerunt
3407 1840 3626 1909 quidem

2059 1937 2300 1992 omnino.
2334 1934 2441 1990 Sed
2496 1949 2839 2003 responsum,
2879 1948 2986 2004 quo
3033 1932 3199 1988 hocce
3243 1931 3625 1986 haereticorum

2061 2037 2437 2095 argumentum
2513 2024 2879 2088 solveremus,
2948 2024 3103 2079 nobis
3152 2023 3631 2078 subministrarunt

2061 2114 2314 2182 apostoli,
2354 2113 2447 2184 qui
2490 2113 2542 2167 in
2583 2112 2873 2181 Evangelio
2914 2114 3209 2168 secundum
3256 2111 3513 2167 Joannem
3547 2110 3630 2165 sic

2061 2205 2396 2274 loquuntur:
2452 2222 2472 2256 ι
2513 2203 2668 2259 Nunc
2713 2203 2825 2275 (51)
2861 2203 3232 2274 cognovimus,
3262 2202 3405 2272 quod
3446 2202 3629 2257 omnia

2062 2299 2170 2353 scis
2201 2316 2216 2353 :
2253 2316 2271 2350 ι
2304 2311 2517 2369 nempe,
2569 2307 2839 2367 quatenus
2889 2295 3062 2350 Filius
3092 2294 3329 2350 Verbum
3382 2292 3500 2359 Dei,
3533 2307 3630 2362 per

2065 2404 2224 2459 quem
2253 2390 2432 2444 omnia
2472 2387 2616 2442 facta
2658 2395 2812 2455 sunt;
2852 2387 2904 2441 in
2946 2385 3184 2441 omnium
3229 2394 3404 2439 autent
3449 2398 3630 2439 rerum

2066 2496 2230 2535 censu
2262 2478 2736 2548 comprehenditur
2777 2477 2938 2532 etiam
2987 2476 3210 2531 ultimus
3249 2475 3384 2529 dies.
3426 2472 3635 2529 Conve-

2068 2573 2232 2627 nienti
2263 2581 2441 2625 autem
2469 2568 2581 2643 (52)
2611 2586 2771 2626 sensu
2820 2569 3165 2641 interpretari
3213 2570 3448 2638 oportet,
3493 2564 3637 2635 quod

2067 2663 2285 2735 prm'ide
2317 2662 2596 2717 aChristo
2647 2671 2894 2733 negatum
2945 2671 3048 2717 est.
3102 2660 3235 2715 Nam
3291 2660 3639 2730 qttetttadmo-

2068 2757 2195 2809 dum
2224 2763 2445 2825 propter
2475 2769 2569 2808 nos
2598 2752 2824 2808 formam
2850 2754 2990 2809 servi
3018 2754 3264 2823 accipere
3304 2742 3467 2805 voluit
3499 2748 3637 2820 (55),

2070 2847 2151 2902 sic
2173 2847 2337 2901 etiam
2362 2846 2540 2900 dicere
2585 2845 2758 2900 voluit
2815 2860 2874 2901 se
2923 2844 3169 2909 nescire;
3200 2844 3302 2898 hoc
3355 2842 3498 2896 enim
3529 2841 3642 2895 vel-

2070 2939 2146 2992 uti
2193 2938 2487 3008 pharmaco
2520 2952 2648 2991 usus
2680 2945 2784 3003 est,
2834 2936 2957 3005 quia
2988 2936 3207 3004 prodest
3233 2932 3557 2987 humanitati
3588 2932 3641 2985 id

2071 3027 2299 3093 nescire,
2332 3027 2397 3081 de
2422 3040 2526 3095 quo
2571 3026 2681 3094 ipsa
2723 3020 3058 3095 interrogati
3103 3034 3161 3078 ut
3200 3040 3415 3094 semper
3442 3039 3640 3093 exspe-

392 3122 630 3186 πῐστεως
660 3125 739 3186 είς
788 3123 850 3175 τὸ
885 3123 1145 3194 σωθῆναι.
1181 3123 1318 3176 esse
1352 3123 1459 3195 γάρ
1482 3121 1673 3176 ἔλαθεν
1701 3123 1968 3194 δημιουρ·

2073 3128 2247 3182 etans,
2273 3126 2328 3173 et
2359 3117 2410 3171 in
2440 3116 2622 3187 januis
2656 3131 2780 3173 esse
2819 3126 3011 3186 putans
3044 3116 3230 3186 judicii
3275 3126 3507 3185 tempus,
3539 3129 3638 3183 per

394 3215 571 3285 γήσας
617 3214 836 3288 χρόνον,
880 3214 939 3267 ὃν
969 3216 1069 3268 οὐκ
1110 3215 1410 3284 ἠπίστατο·
1441 3214 1551 3268 οὐδ’
1602 3210 1669 3268 αῦ
1700 3215 1967 3285 ἠγνόησεν

393 3306 497 3375 τὴν
530 3304 724 3358 ἑαυτοῦ
750 3305 1009 3376 δευτέραν
1036 3306 1165 3377 [195
1204 3306 1257 3378 b]
1304 3306 1626 3377 παρουσίαν,
1657 3306 1685 3357 ὁ
1712 3303 1787 3357 ὣν
1809 3306 1868 3359 ἐν
1892 3304 1971 3376 τῷ

396 3394 594 3464 Haupt,
628 3395 723 3449 καὶ
769 3395 859 3449 τὸν
891 3396 1114 3467 Πατέρα
1150 3396 1289 3466 ἔχων
1339 3398 1396 3449 ἐν
1446 3395 1656 3465 ἐαυτῷ·
1697 3394 1857 3465 δῆλον
1900 3396 1968 3460 δ’,

398 3488 481 3539 ὅτι
513 3487 609 3540 σὺν
647 3490 714 3559 τῇ
746 3488 953 3558 εἰδήσει
979 3504 993 3518 ·
1024 3489 1074 3540 εί
1106 3488 1216 3559 γὰρ
1251 3490 1309 3541 ἐν
1343 3488 1489 3559 αὐτῷ
1525 3480 1672 3541 ἐστιν
1697 3489 1727 3539 6
1759 3487 1971 3557 Πατὴρ,

398 3580 431 3632 6.
460 3578 636 3632 πάντα
665 3577 822 3641 εἰδὼς
841 3618 856 3642 ,
888 3573 1026 3632 οἶδεν
1052 3579 1148 3632 καὶ
1178 3579 1358 3643 αὐτὸς,
1392 3582 1420 3633 6
1449 3579 1628 3633 πάντα
1663 3578 1886 3650 θεωρῶν
1912 3580 1973 3632 ἐν

397 3668 480 3735 τῷ
513 3668 704 3739 Πατρί.
742 3667 869 3732 Πῶς
919 3668 1029 3740 γὰρ
1064 3667 1129 3722 ἂν
1177 3669 1272 3723 καὶ
1314 3669 1390 3741 μὴ
1441 3669 1646 3740 βλέποι,
1683 3671 1712 3722 6
1752 3668 1813 3722 τὸ
1857 3667 1973 3737 φῶς

398 3762 539 3833 ἔχων
570 3762 628 3815 ἐν
666 3761 866 3832 ἐαυτῷ,
897 3763 925 3813 6
960 3759 1137 3815 πάντα
1176 3762 1256 3824 είς
1294 3760 1447 3826 τάξιν
1492 3761 1586 3813 καὶ
1616 3760 1973 3831 διακόσμησιν

399 3850 644 3920 ἀγαγὼν,
686 3854 714 3905 ὁ
750 3853 929 3906 πάντα
966 3850 1122 3914 εἰδὼς
1156 3850 1261 3921 πρὸ
1307 3851 1571 3919 γενέσεως
1602 3850 1801 3914 αὐτῶν,
1832 3852 1860 3903 6
1891 3849 1977 3920 δη-

405 3944 667 4015 μιουργὸς
695 3944 803 3997 τῶν
829 3944 1056 4015 χρόνων,
1084 3945 1113 3995 6
1140 3944 1235 3997 καὶ
1262 3944 1409 4014 ὄριον
1436 3942 1659 4013 θέμενος
1682 3944 1749 4013 τῇ
1777 3942 1973 4007 κτίσει,

403 4034 500 4085 καὶ
528 4034 587 4086 τὸ
618 4034 784 4087 ποσὸν
821 4033 927 4086 τῶν
958 4034 1179 4104 ἡμερῶν
1220 4032 1509 4101 παγιώσας
1533 4033 1635 4102 τῆς
1667 4033 1975 4097 συστάσεως

401 4126 595 4197 αὐτῆς,
640 4127 733 4179 καὶ
760 4124 965 4178 εἰπών·
1014 4144 1032 4177 ‹
1092 4126 1179 4189 Ὠς
1208 4126 1449 4196 κλέπτης
1472 4127 1530 4177 ἐν
1575 4126 1736 4178 νυκτὶ·
1760 4123 1977 4196 ἔρχεται

404 4219 440 4288 ἡ
499 4217 788 4271 τελευταία
835 4217 1044 4289 ἡμέρα·
1084 4237 1102 4270 ι
1141 4218 1236 4270 καὶ
1269 4217 1459 4271 πάλιν⁶
1497 4236 1516 4267 ‹
1563 4217 1675 4270 Οὐκ
1733 4216 1884 4271 ἔσται
1920 4219 1979 4270 ἐν

403 4311 585 4372 νυκτὶ,
629 4311 716 4363 ἵνα
748 4311 782 4380 ὴ
811 4311 995 4381 ἡμέρα
1030 4311 1089 4362 ἐν
1131 4311 1322 4381 σκοτίᾳ
1358 4310 1501 4381 ὑμᾶς
1540 4308 1850 4382 καταλά6ῃ’
1892 4327 1911 4360 ι
1952 4309 1981 4361 6

404 4402 502 4461 καὶ
548 4402 618 4455 τὰ
671 4402 909 4473 ἐσόμενα
959 4404 1162 4472 σημεῖα
1224 4401 1352 4472 περὶ
1403 4402 1612 4454 ἐκεῖνον
1648 4401 1741 4455 τὸν
1790 4400 1980 4472 καιρὸν

2069 3226 2257 3280 opera,
2304 3219 2361 3265 et
2408 3225 2506 3280 per
2554 3210 2713 3264 ﬁdem
2750 3216 2938 3278 parata
2992 3217 3227 3271 maneat,
3275 3216 3332 3260 ut
3378 3210 3637 3262 salvetur.

2069 3302 2179 3357 Nec
2223 3302 2366 3357 enim
2410 3301 2727 3373 imprudens
2766 3299 3009 3355 condidit
3053 3299 3168 3369 ipse
3221 3298 3349 3352 illud
3407 3308 3637 3365 tempus.

2069 3395 2211 3464 quod
2253 3394 2523 3456 nesciret,
2571 3404 2746 3461 neque
2786 3399 3049 3460 pratterea
3090 3389 3317 3442 alterum
3347 3401 3501 3442 suum
3549 3386 3644 3439 ad-

2071 3494 2291 3542 ventum
2323 3486 2593 3553 ignoravit
2621 3484 2668 3538 is
2696 3483 2786 3552 qui
2814 3492 2867 3537 et
2907 3493 2992 3537 est
3032 3481 3085 3535 in
3113 3478 3295 3544 Patre,
3341 3487 3395 3533 et
3426 3475 3646 3529 Patrem

2073 3580 2236 3633 habet
2266 3579 2319 3632 in
2351 3577 2684 3646 semetipso:
2739 3573 2881 3628 haud
2924 3571 3143 3626 dubium
3173 3586 3302 3626 vero
3342 3569 3471 3638 quin
3521 3581 3644 3622 eum

2074 3671 2267 3725 habeat
2294 3683 2417 3723 cum
2464 3666 2771 3736 cognitione
2805 3648 2966 3734 quam
3001 3662 3162 3717 habet
3188 3660 3369 3714 Pater.
3413 3658 3469 3712 Si
3501 3656 3644 3711 enim

2076 3762 2128 3815 in
2159 3763 2274 3830 ipso
2304 3768 2389 3814 est
2428 3757 2589 3813 Pater
2617 3757 2710 3826 qni
2746 3754 2925 3811 omnia
2957 3754 3083 3821 scit,
3140 3755 3289 3807 novit
3331 3752 3383 3806 id
3443 3762 3498 3806 et
3532 3750 3649 3819 ipse

2076 3852 2167 3922 qui
2212 3852 2395 3905 omnia
2423 3846 2823 3916 contemplatur
2854 3846 2909 3900 in
2958 3843 3149 3899 Patre.
3184 3843 3462 3910 Quomodo
3501 3843 3647 3897 enim

2078 3958 2179 3997 non
2215 3942 2487 3996 videatis
2525 3938 2615 4009 qui
2657 3937 2831 3992 lucem
2873 3936 3035 3990 habet
3081 3934 3134 3989 in
3180 3933 3510 4001 semetipso;
3557 3933 3653 4001 qui

2077 4035 2258 4089 omnia
2304 4033 2357 4087 in
2402 4032 2647 4086 ordinem
2687 4027 2915 4097 redegit,
2947 4034 3001 4081 et
3029 4026 3285 4089 ornavit;
3333 4021 3422 4091 qui
3468 4021 3655 4075 omnia

2079 4124 2184 4178 scit
2209 4131 2495 4191 antequam
2518 4120 2799 4184 oriantur;
2833 4115 2924 4186 qui
2955 4125 3037 4170 est
3057 4123 3271 4169 creator
3303 4122 3606 4179 temporum
3632 4125 3657 4175 ι

2079 4215 2170 4280 qui
2199 4224 2254 4269 et
2286 4213 2577 4266 terminum
2604 4210 2784 4280 posuit
2817 4217 3101 4273 creaturae,
3133 4215 3186 4259 et
3218 4216 3500 4257 numerum
3540 4200 3654 4254 die-

2080 4320 2199 4358 rum
2254 4301 2532 4361 stabilivit,
2582 4299 2778 4368 quibus
2828 4297 3000 4366 ipsius
3044 4306 3306 4350 creatum
3340 4289 3665 4347 constitutio.

2084 4407 2496 4470 perseveratura
2528 4407 2610 4450 est
2640 4414 2655 4460 ;
2684 4393 2887 4464 quique
2930 4393 3067 4446 dixit
3100 4408 3114 4445 :
3150 4407 3169 4442 ι
3209 4389 3364 4445 Sicut
3410 4386 3523 4457 (54)
3568 4384 3660 4438 tur

405 4493 778 4565 προειρηκὼς,
812 4493 908 4546 καὶ
944 4492 1155 4563 μέλλων
1199 4494 1416 4563 ἐκείνην
1455 4493 1624 4563 αὐτὴν
1666 4490 1968 4546 ἀνατέλλειν

2085 4493 2137 4545 in
2185 4498 2360 4549 nocte,
2408 4488 2557 4543 venit
2601 4486 2789 4540 ultima
2839 4485 2986 4551 dies;
3024 4501 3043 4535 ι
3084 4491 3139 4537 et
3192 4491 3418 4536 rursus:
3462 4497 3480 4529 ι
3532 4475 3667 4533 Non.

404 4586 508 4657 τὴν
550 4587 787 4658 φοϐερὰν
817 4586 913 4640 καὶ
950 4585 1250 4657 ἁνέσπερον
1277 4585 1513 4657 ἡμέραν,
1540 4586 1570 4637 6
1597 4585 1692 4638 ml.
1716 4583 1819 4654 τῆς
1855 4583 1977 4656 κρί-

483 4772 594 4844 (24)
634 4774 768 4828 Aliis
807 4776 994 4829 verbis.
1040 4772 1221 4844 Codex
1265 4774 1368 4828 hoc
1393 4774 1454 4844 in,
1472 4770 1853 4844 loco‘aliquod
1899 4771 1980 4844 vi-

409 4839 759 4914 tiu'm'habet.
798 4844 1060 4913 Equidem
1084 4843 1202 4914 lego
1233 4844 1375 4897 κατὰ
1402 4843 1512 4895 τῶν
1535 4839 1709 4896 ἄλλων
1738 4856 1838 4911 pro
1887 4842 1983 4894 καὶ

407 4914 479 4967 τὰ
502 4912 610 4967 τῶν
635 4914 830 4968 ἄλλων.

486 4984 596 5055 (25)
620 4983 765 5055 “Non
802 4984 937 5037 dixit
966 4980 1168 5037 Filium
1198 4984 1462 5055 ignorare.
1494 4979 1854 5055 Hieronymus
1885 4979 1979 5055 lib,

411 5049 913 5123 ινξὶηίιηαηήτινιιηι
951 5067 1068 5123 cap.
1118 5049 1277 5123 xxiv,
1318 5052 1532 5123 deihoc
1579 5049 1714 5123 ipso:
1750 5049 1983 5123 Matthaei

416 5134 561 5178 textu
596 5119 853 5193 loquens,
888 5119 1046 5192 quem
1082 5124 1175 5193 hic
1207 5122 1363 5176 atl'ert
1392 5122 1665 5193 Didymus,
1692 5120 1809 5193 inec
1850 5119 1987 5174 scri-

412 5196 492 5246 bit
524 5210 536 5246 :
575 5211 595 5243 ‹
632 5190 1033 5257 lriqnihusdam
1066 5192 1275 5248 Latinis
1301 5190 1578 5246 codicibus
1601 5191 1841 5243 additum
1878 5196 1981 5253 est,

421 5262 859 5331 meqMFilius,»
885 5278 1006 5317 cum
1033 5265 1084 5316 in
1100 5262 1321 5323 Graecis,
1346 5271 1401 5316 et
1427 5260 1657 5313 maxime
1676 5259 1981 5313 Adamantii

421 5343 472 5386 et
503 5331 664 5386 Pierii
712 5333 1111 5387 exetnolaribus
1154 5334 1258 5387 hoc
1323 5347 1428 5384 non
1486 5331 1752 5383 habeatur
1809 5330 1981 5382 ascri-

414 5344 472 5386 et
503 5344 664 5386 I’ICI'II
712 5344 1111 5387 exetnotartbus
1155 5344 1258 5387 IIOC
1323 5347 1428 5384 11011
1486 5344 1752 5383 habeatur
1809 5344 1981 5382 δυσνι-

414 5349 472 5386 et
503 5349 664 5386 merit
712 5349 1111 5399 exetnptartnus
1155 5349 1258 5387 noc
1323 5349 1428 5384 non
1486 5349 1752 5383 naneaiur
1809 5349 1977 5382 επη-

414 5412 589 5469 ptum.
629 5421 648 5455 ι
685 5401 816 5455 Vide
851 5403 1194 5456 Ambrosium
1223 5403 1293 5455 lib
1319 5416 1351 5453 v
1386 5401 1461 5453 De
1488 5399 1592 5468 ﬁde
1624 5397 1858 5469 capJG,
1890 5397 1977 5451 ubi

419 5466 706 5526 ivrereticos
746 5472 1054 5540 redarguit,
1082 5472 1225 5540 quod
1272 5466 1495 5540 voces,
1527 5488 1545 5519 ε
1590 5466 1703 5540 nec
1736 5466 1924 5540 Filius,
1962 5486 1982 5519 ι

340 5567 347 5571 -
419 5540 655 5597 Matthazi
685 5542 852 5596 textui
883 5537 1233 5596 addidissent.
1263 5540 1370 5594 Sed
1395 5539 1748 5594 Alexandrini
1774 5537 1993 5593 codices

420 5628 484 5665 ea
527 5612 870 5679 corruptione
903 5608 1083 5665 infecti
1122 5626 1227 5664 non
1258 5619 1436 5679 erant.

493 5682 603 5749 (26)
647 5678 721 5734 De
750 5681 858 5734 die.
890 5679 1077 5734 Matth.
1108 5695 1251 5739 xxrv,
1283 5678 1468 5734 56-39.

495 5752 606 5818 (27)
650 5752 771 5803 Aut.
805 5750 990 5806 Grazca
1014 5751 1199 5812 editio,
1232 5750 1347 5811 καί,
1384 5750 1433 5802 id
1459 5756 1563 5812 est,
1594 5765 1612 5799 σ
1645 5758 1718 5801 ct.
1756 5766 1793 5799 ›.

2085 4584 2189 4640 erit
2213 4581 2327 4655 (55)
2358 4582 2410 4634 in
2439 4589 2617 4645 nocte,
2646 4587 2706 4634 ut
2734 4578 2854 4632 dies
2892 4577 2946 4631 in
2971 4576 3207 4632 tenebris
3230 4589 3338 4629 vos
3356 4574 3657 4644 deprehen:

2090 4789 2109 4821 ι
2145 4784 2315 4826 mens.
2360 4788 2377 4820 ι
2421 4768 2527 4824 Sed
2572 4767 2724 4837 Vulg.
2777 4766 3042 4837 interpres
3091 4762 3223 4837 legit
3269 4772 3326 4815 ut
3379 4761 3667 4835 Didymus.

2159 4839 2270 4911 (29)
2310 4837 2491 4911 Enim.
2529 4833 2946 4911 Graacmeditio,
2975 4833 3151 4911 66,.id
3189 4843 3308 4911 est,
3341 4833 3593 4911 «autem.
3636 4851 3655 4883 ι

2159 4898 2287 4990 (50),
2314 4908 2644 4976 Superuenit.
2709 4906 2897 4961 Graeca
2932 4898 3161 4969 reditio,
3207 4898 3409 4974 ἦλθεν,
3462 4902 3515 4957 id
3556 4913 3663 4967 est,

2093 4999 2110 5031 ι
2151 4988 2474 5119 (Ξῗίιᾟιυηε
2494 5047 2852 5119 cognovimus.
2875 5042 3037 5119 Aloan,
3068 5058 3180 5119 Evt,
3205 5043 3295 5119 βυ.

2158 5112 2269 5191 (52)
2307 5117 2511 5170 Autem.
2553 5112 2734 5191 Codex
2756 5158 2772 5191 ,_
2803 5115 2900 5169 καὶ
2935 5112 3131 5191 χρῇ-δέ
3169 5114 3243 5185 μὴ
3268 5112 3660 5191 ’.καθηκόντωςε

2092 5182 2345 5243 Meuditm
2400 5197 2579 5242 autem
2628 5188 2716 5242 hic
2760 5182 3337 5248 Ιηιενθ”ν1ἰιοιυι⁴,ἰι’ἰει
3369 5182 3492 5254 quis
3535 5182 3666 5236 illud

2092 5262 2164 5345 μη
2190 5258 2279 5312 hic
2324 5256 2503 5345 valere
2547 5255 2696 5321 velit,
2733 5272 2755 5307 ι
2792 5271 2973 5345 nonne
2988 5254 3061 5341 2,»
3111 5254 3436 5345 Βξςιέιηπέἰιιι
3466 5254 3669 5345 nlegere

2091 5321 2198 5399 MV
2225 5342 2323 5396 pro
2353 5327 2461 5401 μή,
2485 5336 2579 5382 aut
2615 5337 2765 5382 certe
2793 5344 2808 5379 :
2848 5325 2945 5379 xui.
2971 5324 3032 5377 οὐ
3059 5321 3254 5397 χρῆδῖε
3283 5324 3358 5395 μὴ
3392 5321 3665 5394 καθηκάν-

2086 5416 2270 5536 τωῧέὸ)
2320 5465 2522 5521 Voluit.
2553 5466 2782 5536 CodexL
2796 5465 2972 5519 εἵλετο
2993 5479 3092 5534 pro
3119 5463 3312 5536 εἵλετο.

2161 5527 2273 5605 (54)
2315 5536 2462 5591 Sicut
2521 5535 2690 5606 [ωτι
2743 5535 2939 5606 Thess.
2991 5527 3044 5606 ἰή,
3114 5534 3168 5589 2.
3209 5533 3393 5606 Gut-ca
3438 5527 3679 5606 edition.

2097 5597 2376 5679 Ἠίήμέρα
2397 5597 2605 5678 Κυρίου
2634 5604 2711 5669 ὡς
2740 5605 2979 5675 κλέπτης
3014 5604 3072 5657 ἐν
3098 5604 3274 5665 νυκτὶ,
3307 5600 3478 5663 οὕτως
3506 5597 3667 5671 ἔρχετ-

2087 5696 2281 5820 ταὶδξ)
2324 5744 2449 5820 Non
2491 5743 2783 5820 erit.___Et_si
2831 5743 2979 5820 δέξο,
3020 5742 3150 5820 item
3186 5753 3246 5820 ut
3284 5738 3666 5820 prmcedentia,

520 5811 609 5893 :8)
651 5818 835 5874 Pater.
894 5819 1080 5876 Graeca
1149 5811 1310 5876 editio
1364 5821 1511 5876 addit
1553 5811 1711 5890 μου,
1767 5819 1827 5875 id
1878 5827 2007 5886 est,.
2091 5811 2202 5877 nou
2234 5811 2429 5883 Paulo,
2479 5816 2574 5874 sed
2617 5814 2838 5871 Christo
2881 5813 3107 5869 Domino
3133 5813 3336 5868 tribuat
3384 5811 3669 5881 Didymus.
