4056 6454
444 345 551 402 919

1685 348 1918 403 DIDYMI
1957 346 2428 404 ALEXANDBINI

3601 353 3716 407 9:10

441 437 563 528 dati;
599 479 620 514 ι
657 460 748 530 qui
791 461 960 516 etiam
992 462 1168 516 futura
1197 462 1347 533 signa
1393 463 1538 518 illius
1571 465 1829 534 temporis
1859 465 2018 537 406

2125 481 2262 526 σεως
2309 463 2370 516 τὸ
2409 463 2595 533 σχῆμα
2637 461 2851 516 καὶτὸν
2897 464 3098 534 τρόπον
3136 464 3441 536 προειπὼν,
3490 468 3520 519 6
3569 468 3712 520 ἀπο-

439 551 710 622 praedixit,
740 559 793 605 ει
819 552 950 605 oriri
998 551 1162 606 l’aciet
1187 551 1357 622 ipsam
1415 554 1560 607 illam
1598 555 1914 620 terribilem,
1959 571 2022 610 ac

437 656 668 710 vespera
695 651 974 695 carentem
1009 643 1184 708 diem;
1221 642 1313 711 qui
1364 651 1417 697 et
1441 643 1631 713 judicii
1685 643 1934 710 formam,
1969 656 2023 700 ει

439 734 660 786 modum
690 733 1162 799 praemonstravit;
1213 732 1305 803 qui
1339 734 1515 788 dictus
1548 744 1631 789 est
1669 735 1867 788 habere
1901 737 2020 790 the-

440 837 630 876 sauros
661 822 773 892 (56)
817 822 1122 890 sapientiae,
1173 833 1225 877 et
1275 823 1516 878 scientiae
1543 839 1557 889 ;
1587 825 1676 894 qui
1727 825 1841 879 llch
1879 842 2019 895 pra:-

441 913 654 966 tuonuit
696 930 709 966 :
755 931 774 964 ι
825 910 998 966 Erunt
1029 912 1144 982 (57)
1183 913 1235 967 in
1285 914 1438 968 vobis
1484 915 1740 979 haereses,
1781 926 1836 970 et
1881 916 2023 971 schi-

442 1015 650 1072 smata;
684 1025 702 1058 ι
733 1007 824 1076 qui
852 1007 1191 1076 negationem
1214 1005 1386 1071 ludar,
1411 1017 1466 1062 et
1498 1006 1643 1063 Petri
1675 1010 2015 1079 negationem

442 1107 569 1152 ante
613 1099 735 1169 galti
771 1109 1010 1162 cantum,
1062 1106 1119 1153 et
1170 1098 1581 1154 dissolutionem
1637 1100 1821 1168 templi
1881 1117 2015 1170 pra-

441 1190 747 1254 nuntiavit;
779 1190 869 1260 qui
921 1189 1422 1258 pseudopropltetas
1468 1193 1763 1261 postremis
1810 1202 2016 1263 tempo-

2127 554 2358 624 δειχθεὶς
2390 553 2534 624 ἔχειν
2579 555 2885 625 Θησαυροὺς
2917 555 3112 625 σοφίας
3153 557 3252 609 καὶ
3300 557 3580 627 γνώσεως,
3617 561 3714 612 καὶ

2130 647 2513 718 προμηνύσαςο
2551 666 2570 698 ι
2611 649 2865 702 Ἔσονται
2899 652 2956 703 ὲν
2992 651 3119 720 ὑμῖν
3159 653 3406 723 αἱρέσεις
3444 653 3541 706 καὶ
3593 655 3713 723 σχί-

2131 756 2312 809 σματα
2335 755 2348 768 ·
2389 758 2406 790 ι
2444 740 2537 792 καὶ
2560 738 2656 810 τὴν
2683 740 2909 811 ἄρνησιν
2953 743 3147 806 Ἰούδα,
3182 744 3276 796 καὶ
3312 743 3413 815 τὴν
3446 746 3555 817 πρὸ
3585 747 3713 799 ἁλε-

2129 832 2504 901 κτρυοφωνίου
2529 831 2757 903 ἄρνησιν
2785 834 3014 904 Πέτρου,
3048 837 3143 888 καὶ
3166 837 3266 908 τὴν
3293 837 3590 891 κατάλυσιν
3613 837 3713 890 τοῦ

2131 921 2301 993 ἱεροῦ·
2342 923 2370 975 6
2407 924 2529 986 τοὺς
2564 923 2856 994 ἐσομένους
2882 927 2962 987 εἰς
2995 926 3064 978 τὰ
3095 927 3304 997 ἔσχατα
3329 929 3715 999 ψευδοπροφή-

2123 1030 2223 1076 τας
2263 1013 2622 1084 προσημάνας
2643 1032 2658 1045 ·
2702 1016 2731 1067 ὁ
2759 1015 2933 1083 λέγων
2955 1032 2969 1046 ·
3007 1036 3025 1067 ι
3065 1019 3259 1080 Οὐδεὶς
3300 1016 3439 1072 οἶδεν
3468 1021 3563 1073 τὸν
3596 1022 3712 1074 [Ια-

2119 1106 2274 1176 τέρα,
2306 1108 2356 1158 εἰ
2389 1106 2464 1178 μὴ
2497 1109 2526 1160 6
2565 1107 2724 1170 Υἱός·
2765 1127 2784 1160 ι
2821 1109 2936 1170 καὶ,
2977 1128 2995 1160 ι
3051 1111 3254 1174 Καθὼς
3284 1112 3551 1180 γινώσκει
3583 1130 3650 1182 με
3681 1115 3713 1166 6

2122 1195 2334 1266 Πατὴρ,
2379 1195 2534 1264 κάγὼ
2565 1196 2823 1264 γινώσκω
2855 1200 3052 1266 αὐτόν;
3093 1221 3112 1252 ι
3149 1203 3332 1271 me;
3358 1203 3434 1266 δὲ,
3473 1205 3549 1267 ὡς
3591 1203 3712 1273 μεθ’

443 1281 593 1336 ribus
620 1280 827 1335 futuros
861 1278 1329 1349 prtesignilieavit;
1361 1283 1452 1350 qui
1495 1282 1572 1336 ait
1601 1302 1615 1338 :
1660 1302 1679 1334 ι
1712 1282 1878 1336 Nemo
1902 1284 2016 1354 (38)

2123 1280 2188 1358 ἧς
2223 1286 2337 1356 ἔχει
2371 1285 2627 1355 γνώσεως
2657 1290 2684 1341 6
2714 1290 2928 1360 Πατήρ.

445 1373 591 1427 novit
627 1370 862 1435 Patrem,
904 1370 1010 1426 nisi
1044 1371 1246 1436 Filius;
1280 1391 1298 1424 ι
1331 1381 1385 1427 ει
1421 1390 1435 1426 :
1474 1391 1492 1424 ι
1531 1372 1681 1428 Sicut
1718 1374 1830 1444 (59)
1865 1376 2014 1427 novit
2051 1390 2136 1430 me
2199 1375 2384 1441 Pater,
2417 1389 2470 1431 et
2503 1393 2602 1448 ego
2653 1378 2774 1432 novi
2829 1382 2992 1432 eum?
3035 1398 3053 1430 ι
3077 1378 3316 1436 Ertdens
3360 1391 3544 1436 autem
3604 1395 3711 1446 est,

441 1471 582 1540 quod
614 1469 760 1524 novit
795 1482 916 1521 cum
949 1483 1014 1522 ea
1077 1469 1384 1538 cognitione
1443 1485 1606 1540 quam
1642 1471 1804 1524 habet
1842 1469 2021 1525 Pater.

512 1564 663 1630 Quod
723 1564 770 1618 si
827 1563 969 1618 aliud
1023 1574 1108 1618 est
1165 1576 1323 1616 nosse
1369 1560 1626 1625 Patrem,
1685 1561 1830 1615 aliud
1893 1578 2018 1618 vero

443 1666 602 1705 nosse
634 1665 754 1720 qua:
793 1659 919 1706 sunt
959 1649 1176 1714 Patris,
1227 1649 1398 1718 majus
1431 1651 1536 1705 erit
1575 1666 1734 1705 nosse
1783 1649 2018 1717 Patrem,

2202 1562 2264 1614 Εἰ
2296 1560 2341 1614 δ’
2375 1561 2562 1631 ἕτερον
2597 1577 2650 1613 τι
2680 1579 2828 1615 εστιν
2860 1562 3060 1616 εἰδέναι
3099 1564 3190 1616 τὸν
3237 1565 3483 1635 Πατέρα,
3522 1568 3714 1638 ἕτερον

2129 1652 2184 1706 δὲ
2215 1652 2282 1706 τὰ
2324 1651 2419 1704 τοῦ
2466 1652 2702 1722 Πατρὸς,
2755 1651 2939 1723 μεῖζον
2972 1653 3123 1707 ἔσται
3169 1656 3262 1708 τὸν
3307 1656 3440 1709 Θεὸν
3491 1658 3714 1728 Πατέρα

442 1760 599 1814 quam
649 1760 809 1800 nosse
848 1761 967 1815 qua:
1008 1743 1126 1814 ejus
1169 1755 1318 1808 sunt,
1365 1743 1416 1798 id
1457 1755 1558 1806 est,
1587 1744 1749 1798 etiam
1778 1744 2018 1797 ultiutum

2129 1743 2225 1796 τοῦ
2281 1743 2480 1796 εἰδέναι
2540 1743 2610 1796 τὰ
2664 1743 2849 1808 αὑτοῦ,
2907 1745 2935 1797 ὅ
2980 1747 3130 1797 ἐστιν
3170 1747 3266 1800 καὶ
3317 1748 3418 1818 τὴν
3473 1749 3714 1819 ἐσχάτην

440 1813 616 1906 diem;
659 1813 926 1908 quatenus
976 1813 1350 1906 unusquisque
1408 1835 1578 1904 major
1628 1846 1712 1890 est
1765 1838 2018 1905 ipsemet,

2128 1835 2364 1906 ἡμέραν,
2397 1835 2520 1888 καθ’
2553 1837 2678 1888 ὅσον
2705 1835 2935 1900 ἕκαστος
2964 1836 3166 1907 μείζων
3191 1840 3354 1904 αὐτὸς
3380 1841 3492 1894 τῶν
3517 1844 3713 1896 ἑαυτοῦ

440 1943 599 1996 quam
631 1945 752 2000 quae
804 1931 887 1984 sui
945 1929 1116 1998 ipsius
1167 1939 1314 1984 sunt.
1379 1926 1482 1982 Sed
1539 1929 1606 1980 ita
1640 1928 1802 1981 etiam
1849 1937 2018 1996 pules‘l

2128 1927 2386 1996 ὑπάρχει.
2418 1929 2489 1980 Ἢ
2531 1928 2640 1998 ἄρα
2689 1929 2784 1981 καὶ
2828 1929 3069 1983 τοιοῦτον
3127 1927 3270 1984 εἶναι
3331 1933 3562 1987 δύναται
3614 1936 3712 2002 τὸ,

441 2021 593 2088 illud,
641 2040 660 2074 ι
703 2021 872 2076 Nemo
899 2021 1015 2092 (40)
1064 2022 1216 2074 novit
1256 2019 1398 2075 diem
1445 2019 1624 2082 illatn,
1675 2029 1766 2073 aut
1815 2020 2019 2081 horam,

441 2127 616 2181 neque
645 2111 835 2174 Filius,
875 2113 977 2166 nisi
1012 2109 1198 2178 Pater,
1239 2130 1258 2162 ι
1284 2112 1429 2165 sicut
1454 2111 1672 2180 quidam
1713 2119 2018 2166 Sanctorum

437 2196 659 2255 Patrum
713 2201 826 2272 (41)
866 2202 1149 2270 sapientia:
1195 2199 1385 2270 plenus
1423 2198 1743 2269 simpliciter
1783 2198 1894 2269 (42)
1932 2200 2024 2250 dn-

440 2293 551 2347 cuit
575 2291 800 2361 (Basilio
844 2300 966 2346 erat
1011 2290 1088 2344 illi
1131 2288 1389 2360 nomen);
1433 2290 1586 2358 quasi
1637 2289 1843 2344 scilicet
1889 2291 2026 2342 idem

440 2383 515 2437 sit
552 2398 618 2438 ac
651 2384 696 2438 si
744 2383 951 2437 diceret
991 2400 1005 2436 :
1048 2400 1067 2432 ι
1121 2379 1234 2435 Nisi
1275 2379 1438 2435 Pater
1491 2391 1710 2445 nosset,
1757 2398 1822 2436 ne
1864 2381 2030 2436 Filius

443 2477 664 2543 quidem
697 2485 878 2530 nosset
907 2492 921 2528 :
966 2493 985 2525 ι
1020 2486 1086 2527 ex
1110 2488 1218 2544 quo
1244 2473 1508 2542 sequitur,
1551 2484 1630 2536 ut,
1673 2474 1717 2527 si
1756 2473 1918 2529 Pater
1945 2491 2033 2528 no-

441 2565 550 2629 vit,
582 2581 688 2620 non
729 2566 929 2635 possim
976 2565 1090 2635 (45)
1133 2579 1233 2632 ego
1276 2565 1557 2635 ignorare;
1603 2566 1694 2619 sed
1738 2581 1843 2620 non
1891 2569 2029 2630 diro,

441 2657 655 2726 inquit;
707 2659 886 2712 omnia
940 2657 1085 2710 cnim
1158 2656 1297 2710 facio
1353 2656 1648 2710 secundum
1704 2657 2030 2710 voluntatem

441 2746 661 2802 Patris:
710 2765 815 2802 non
869 2757 954 2802 est
999 2760 1178 2801 autem
1227 2745 1481 2800 voluntas
1531 2743 1736 2810 Patris,
1797 2761 1892 2800 vos
1932 2746 2032 2800 hoc

443 2853 626 2893 nosse.
661 2837 826 2894 Vobis
853 2855 1003 2908 ergo,
1052 2839 1246 2908 inquit,
1292 2839 1505 2909 ignoro,
1552 2839 1653 2892 etsi
1703 2837 1879 2907 reipsa
1927 2854 2029 2891 non

442 2930 686 3000 ignorem
722 2951 736 2986 :
777 2932 1000 3000 prmdixi
1035 2931 1178 2984 enim
1203 2931 1357 2984 vobis
1393 2945 1489 2998 per
1529 2929 1788 2993 Psaltem,
1828 2948 1848 2979 ι
1897 2929 2032 2984 Lon-

437 3178 733 3234 verisitnile
790 3186 968 3232 tamen
1007 3186 1114 3247 est
1187 3177 1255 3231 ab
1296 3191 1363 3230 eo
1411 3177 1498 3232 hic
1538 3192 1752 3247 quoque
1793 3177 1948 3230 citari
2000 3176 2016 3232 I

441 3247 636 3305 Thess.
685 3264 738 3308 v.
785 3251 836 3303 4.
881 3247 969 3300 ubi
1005 3246 1240 3313 legitur:
1285 3247 1387 3299 οὐκ
1415 3248 1538 3300 ἐστὲ
1561 3246 1625 3300 ὲν
1673 3247 1890 3310 σκότει,
1930 3248 2019 3300 ἵνα

436 3322 471 3391 ἡ
503 3319 698 3402 ἡμέραΔ
724 3316 978 3402 ὐμᾷςίὠς
1008 3316 1588 3402 κλζέ.πτης¹κοιταλὰ6ῃ,
1623 3319 1674 3402 id
1703 3330 1815 3382 est,
1855 3337 1872 3368 ι
1912 3333 2017 3402 non

439 3386 570 3445 estis
597 3386 649 3443 in
685 3386 944 3450 tenebris,
975 3397 1032 3439 ut
1062 3389 1177 3441 dies
1205 3406 1224 3439 ι
1262 3387 1428 3453 (illa)
1466 3407 1484 3438 (
1521 3386 1615 3439 vos
1644 3400 1898 3456 tauquam
1934 3386 2018 3440 fur

439 3458 884 3525 comprehendat.
941 3475 959 3507 ι
991 3458 1060 3510 Αι
1101 3471 1170 3511 ne
1217 3457 1346 3526 illud
1377 3458 1590 3522 quidem
1638 3456 2014 3526 improbabile,

438 3529 712 3585 exstitisse
747 3527 954 3598 Didymi
990 3527 1255 3598 Διιιιιιιεηίιι
1287 3525 1557 3598 aliquibus
1602 3525 2016 3598 Evangeliorutn

438 3595 883 3666 exemplaribus,
912 3596 1108 3664 quibus
1141 3595 1229 3650 ille
1271 3595 1405 3666 usus
1450 3597 1555 3656 sit,
1583 3611 1644 3650 ea
1676 3597 1790 3664 ipsa
1823 3597 2014 3666 verba,

438 3683 559 3735 quae
593 3665 682 3721 ltic
713 3666 1048 3735 allegantur;
1078 3680 1204 3718 nam
1253 3665 1440 3735 paucis
1470 3676 1596 3720 ante
1637 3666 1793 3718 annis
1827 3665 2014 3735 eadem

439 3733 597 3806 quasi
627 3749 695 3790 ex
727 3733 1018 3806 Eyangelio
1045 3735 1318 3806 attulerat
1357 3734 1686 3806 Epiphanius
1724 3736 1777 3806 in
1810 3733 2020 3806 Anc/to-

440 3803 558 3861 rato
603 3820 724 3873 cap.
767 3803 860 3866 21,
905 3804 994 3875 ubi
1044 3805 1158 3858 haec
1185 3805 1404 3875 scripsit
1436 3803 1468 3858 ι
1488 3803 1651 3871 Λέγει
1697 3805 1839 3875 γάρξ
1871 3820 1891 3854 ι
1933 3803 2016 3867 Ὠς

440 3872 681 3944 κλέπτης
701 3875 758 3927 ὲν
779 3873 934 3926 νυκτὶ
970 3872 1188 3944 ἔρχεται
1219 3875 1252 3943 ὴ
1272 3873 1454 3944 ἡμέρα
1480 3875 1680 3943 ἐκείνη.
1697 3872 1835 3927 »Καί
1864 3889 2014 3942 φησι·

445 3965 465 3996 ι
490 3947 604 3999 Οὐκ
621 3943 776 4015 ἔσται
793 3944 849 3995 ὲν
875 3943 1064 4015 νυκτὶ,
1083 3944 1212 4014 ἴναή
1239 3943 1422 4015 ἡμέρα
1446 3944 1504 3996 ὲν
1536 3945 1716 3996 σκότει
1745 3945 1894 4013 ἡμᾶς
1921 3959 2018 3995 κα-

438 4016 672 4086 εαλάὸῃ.
686 4033 706 4068 ι
719 4013 966 4068 Petavius
987 4028 1146 4086 po_rro
1169 4013 1342 4086 primo
1359 4013 1475 4068 hate
1487 4016 1650 4086 verba
1666 4030 1728 4068 ex
1745 4015 1897 4068 Joan.
1920 4029 2016 4078 xu,

439 4083 511 4140 35
538 4083 822 4152 desumpta
841 4094 1011 4152 putat.
1034 4083 1283 4137 Secundo
1313 4092 1482 4136 totum
1497 4083 1674 4139 locum
1699 4086 1779 4139 sic
1809 4085 2008 4136 vertit:

441 4153 518 4208 Ita
546 4155 748 4224 quippe
777 4153 1015 4224 loquitur
1044 4156 1062 4222 (
1087 4152 1294 4224 Filius)
1327 4171 1340 4206 :
1383 4172 1408 4224 ι
1442 4153 1592 4207 Sicut
1625 4153 1804 4224 {unde
1837 4164 2013 4224 nocte,

440 4225 521 4280 sic
562 4221 659 4282 illa.
683 4221 807 4289 dies
830 4223 1099 4278 adveniet.
1146 4243 1162 4275 ι
1196 4223 1333 4277 Tum
1360 4223 1487 4277 illud
1519 4241 1533 4276 :
1581 4240 1600 4273 ι
1639 4221 1813 4276 Nolite
1845 4223 1896 4275 in
1924 4239 2018 4277 n0-

439 4305 527 4349 cte
555 4293 784 4355 versari,
819 4306 887 4346 ne
912 4293 1028 4347 dies
1074 4294 1162 4348 illa
1201 4309 1296 4348 vos
1331 4293 1385 4346 in
1431 4294 1666 4347 tenebris
1705 4303 1952 4360 occupet.
1991 4312 2010 4344 ι

440 4362 623 4421 Tertio
653 4365 899 4425 adnotat,
935 4377 1034 4430 pro
1059 4365 1160 4417 οὐκ
1188 4363 1341 4416 ἔσται
1363 4402 1379 4427 ,
1419 4364 1468 4416 id
1498 4372 1610 4426 est,
1643 4381 1660 4411 ι
1700 4377 1805 4415 non
1829 4364 1954 4425 erit,
1992 4383 2011 4415 ι

2133 2036 2150 2068 ι
2205 2015 2395 2078 Οὐδεὶς
2435 2011 2577 2071 οἶδεν
2618 2018 2718 2089 τὴν
2765 2017 2976 2089 ἡμέραν
3028 2021 3266 2091 ἐκείνην,
3313 2022 3347 2093 ἢ
3391 2024 3490 2094 τὴν
3543 2024 3712 2094 ὤραν,

2125 2107 2250 2160 οὔτε
2293 2110 2320 2160 6
2361 2108 2528 2172 Υἱὸς,
2575 2110 2623 2162 εἰ
2673 2108 2746 2180 μὴ
2788 2110 2816 2161 6
2863 2107 2989 2179 [I96
3049 2109 3105 2180 a]
3153 2112 3384 2182 Πατὴρ,
3437 2131 3458 2164 ι
3503 2113 3580 2176 ὥς
3629 2133 3725 2179 τις.

2125 2199 2236 2252 τῶν
2289 2200 2346 2250 ὲν
2399 2200 2576 2269 ἁγίοις
2623 2199 2883 2270 Πατέρων
2944 2201 3135 2268 σοφίας
3195 2203 3386 2272 γέμων
3428 2204 3715 2273 ἀσυλλογί-

2134 2303 2278 2349 στως
2325 2287 2562 2352 ἐδίδαξεν
2613 2287 2924 2351 (Βασίλειος
2968 2283 3036 2359 ἦν
3085 2289 3256 2358 ὄνομα
3309 2291 3500 2360 αὐτῷ)
3528 2311 3543 2325 ·
3595 2295 3714 2347 ἀντὶ

2125 2377 2243 2440 τοῦ,
2277 2396 2295 2428 ι
2331 2379 2392 2430 Ei
2445 2379 2519 2450 μὴ
2559 2381 2586 2432 6
2607 2378 2795 2448 Πατὴρ
2818 2373 2993 2446 οἶδεν,
3021 2380 3142 2432 οὐδὲ
3175 2383 3204 2434 6
3247 2382 3374 2445 Υἱὸς
3409 2379 3582 2436 ὦδεν·
3622 2406 3639 2437 ι
3670 2379 3716 2453 ᾧ

2128 2471 2438 2535 ἀκολουθεῖ,
2484 2473 2559 2536 ὡς
2597 2471 2690 2525 τοῦ
2734 2472 2948 2543 Πατρὸς
2987 2473 3207 2538 εἰδότος.
3240 2476 3338 2545 οὐχ
3374 2470 3489 2530 οἷόν
3521 2495 3580 2530 τε
3616 2478 3713 2548 ἐμὲ

2130 2564 2383 2632 ἀγνοεῖν·
2434 2563 2548 2615 ἀλλ’
2594 2565 2654 2616 οὐ
2701 2563 2874 2630 λέγω,
2931 2564 3134 2634 φησίνο
3183 2565 3322 2618 ποιῶ
3383 2567 3497 2639 γὰρ
3537 2569 3712 2621 πάντα

2133 2652 2281 2708 κατὰ
2319 2652 2380 2705 τὸ
2422 2653 2631 2724 θέλημα
2677 2653 2772 2705 τοῦ
2810 2655 3055 2724 Πατρός·
3103 2655 3164 2708 τὸ
3203 2656 3258 2708 δὲ
3300 2657 3510 2724 γνῶναι
3555 2659 3712 2712 τοῦτο

2127 2747 2297 2816 ὑμᾶς,
2330 2748 2430 2797 οὐκ
2457 2745 2602 2798 ἔστιν
2637 2745 2850 2816 θέλημα
2880 2745 2972 2798 τοῦ
2995 2746 3228 2817 Πατρός.
3269 2748 3430 2818 Ὑμῖν
3461 2746 3577 2814 οὖν,
3612 2769 3713 2822 φη-

2128 2838 2239 2898 σὶν,
2277 2835 2480 2902 ἀγνοῶ,
2512 2838 2578 2905 τῇ
2622 2835 2850 2905 ἀληθείᾳ
2881 2836 2981 2889 οὐκ
3023 2836 3262 2903 ἀγνοῶν·
3299 2843 3566 2910 προεῖπον
3608 2840 3713 2911 γὰρ

2131 2930 2262 2999 ὑμῖν
2294 2927 2383 2980 διὰ
2409 2926 2503 2979 τοῦ
2529 2925 2821 2998 ψαλμῳδοῦ
2843 2943 2856 2956 ’
2889 2945 2908 2978 ι
2957 2927 3047 2990 Ὠς
3077 2929 3294 2998 μακρὰν
3327 2929 3437 2982 ἀπὸ
3471 2931 3575 3001 τῆς
3609 2949 3712 2982 ςω-

2201 3174 2318 3246 ('57)
2361 3173 2553 3227 Erunt.
2591 3174 2644 3227 In
2676 3173 2982 3246 Evangeliis
3012 3176 3126 3246 lt_:_ec
3160 3191 3262 3246 non
3294 3187 3534 3230 exstant.
3573 3178 3712 3232 C-ilal.

2123 3243 2356 3300 fortasse
2385 3259 2603 3312 sensum
2624 3284 2638 3306 ,
2668 3258 2770 3296 non
2803 3245 2987 3295 verba.
3031 3243 3156 3298 Vide
3182 3245 3277 3312 Ep.
3312 3246 3330 3299 l
3364 3249 3431 3298 ad
3458 3248 3586 3300 Cor.
3635 3265 3707 3306 χι,

2122 3320 2211 3379 19,
2241 3327 2291 3369 ει
2322 3313 2488 3377 Epist.
2518 3311 2555 3365 ΙΙ
2588 3316 2732 3364 l'ett‘.
2769 3329 2829 3376 ll,
2859 3313 2908 3365 l.
2935 3312 3201 3368 Caeterum
3227 3311 3473 3370 JuStinus
3498 3334 3709 3382 quoque

2121 3389 2174 3440 in
2211 3384 2432 3453 Dialogo
2460 3400 2576 3435 cum
2612 3383 2902 3453 Tryphone,
2931 3399 3078 3436 num.
3108 3384 3197 3444 55,
3230 3386 3452 3440 Christo
3481 3388 3709 3453 Domino

2121 3458 2234 3511 haec
2273 3451 2386 3527 ipsa
2414 3455 2575 3527 verba
2603 3453 2818 3527 tribuit,
2837 3452 2973 3527 _d_uut
3004 3455 3082 3507 sic
3114 3455 3352 3527 loquitur
3384 3475 3397 3509 :
3432 3451 3573 3508 Εἷπε
3602 3458 3708 3527 γὰρ

2120 3529 2138 3594 (
2173 3523 2380 3596 Ἰησοῷς
2412 3522 2645 3596 Χρισῖός
2667 3520 2707 3596 )_.
2734 3557 2750 3573 .
2787 3561 2802 3574 .
2831 3522 3092 3596 ’Ἔσονται
3125 3524 3403 3596 σχίσματα
3429 3527 3527 3578 καὶ
3558 3520 3710 3596 αἶρέ-

2120 3589 2259 3658 mg;
2283 3593 2332 3646 id
2367 3589 2476 3664 est,
2504 3610 2520 3642 ι
2578 3593 2735 3664 Dixit
2757 3591 2901 3643 enim
2953 3589 2971 3663 (
3003 3589 3440 3664 leisus'Cliristus
3472 3597 3490 3664 )
3543 3636 3559 3650 .
3688 3635 3703 3648 .

2119 3666 2291 3720 Erunt
2325 3663 2615 3736 schismata
2648 3670 2703 3713 et
2725 3661 3008 3736 haereses}:
3042 3662 3416 3736 SlltllliAlIlOth
3445 3661 3708 3736 Hier-any-

2121 3749 2242 3789 mus
2271 3734 2429 3798 epist.
2464 3731 2587 3790 “9,
2615 3746 2761 3782 num.
2799 3729 2885 3792 ll,
2915 3732 2990 3784 ait
3021 3749 3034 3784 :
3068 3751 3086 3783 ι
3125 3731 3189 3784 Et
3212 3732 3516 3789 Salvatoris
3545 3729 3702 3789 verba

2119 3803 2395 3859 dicentis:
2435 3801 2619 3854 Estote
2655 3799 2863 3866 probati
2907 3801 3252 3854 nummularii
3296 3825 3307 3857 :

2120 3875 2285 3929 verba
2321 3887 2424 3940 non
2455 3880 2670 3940 exstent
2713 3869 2874 3922 modo
2914 3871 2966 3940 in
2999 3871 3308 3940 Scriptura.

2193 3942 2305 4010 (58)
2351 3939 2541 4010 Nemo.
2574 3939 2760 4010 Matth.
2797 3939 2992 4010 “,27.

2195 4008 2312 4081 (39)
2355 4009 2523 4081 Sicut.
2560 4008 2714 4081 {nam
2749 4023 2803 4072 Χ,
2843 4009 2931 4062 15.

2191 4077 2304 4152 (40)
2347 4078 2534 4152 blame.
2567 4077 2735 4131 Marc.
2773 4081 3044 4152 xttt,52.__
3325 4151 3335 4152 ί
3364 4129 3370 4134 η

2190 4147 2584 4223 (“)_Quidaut
2631 4159 2934 4223 εειιειοριηι
2975 4147 3248 4223 _Putrum.
3321 4151 3702 4223 Interpretatio

2118 4218 2413 4293 quamnon
2454 4233 2520 4272 ex
2548 4218 2943 4293 Basilio__aflert
2972 4220 3252 4293 Didymn_s_,
3275 4218 3542 4293 exstat-in
3586 4227 3704 4293 epi-

2119 4287 2258 4348 stola
2291 4287 2600 4361 256,_quatn
2625 4287 2995 4361 Basilius‘ipse
3021 4287 3162 4343 anno
3189 4290 3294 4344 576
3329 4292 3398 4343 ad
3437 4287 3702 4361 Amphilo-

2120 4364 2295 4416 chium
2323 4355 2561 4425 scripsit.
2592 4368 2720 4411 tom.
2750 4356 2813 4409 lll
2844 4355 3101 4424 Operum,
3136 4374 3258 4426 pag.
3290 4361 3417 4425 562,
3442 4355 3697 4417 editionis

3372 3822 3392 3856 ι
3455 3806 3559 3860 etsi
3596 3807 3706 3860 haec

441 4430 735 4508 legendum
773 4427 1002 4508 forsitan
1041 4449 1192 4494 esse,
1223 4435 1325 4488 οὐκ
1374 4433 1520 4508 ἐστέ,
1572 4432 1624 4486 id
1674 4443 1780 4508 est,
1840 4450 1858 4482 ι
1896 4446 2015 4508 ⁸ιιοιι
2049 4453 2092 4508 D
2124 4430 2470 4508 Parisiensis.
2506 4427 2957 4508 Basiliuntvvero,
2993 4429 3092 4480 etsi
3141 4432 3329 4508 paucis
3373 4442 3500 4508 ante
3545 4434 3701 4508 annis

438 4502 589 4574 estis.
649 4522 670 4558 ι
708 4503 777 4557 At
826 4503 1083 4574 Didymus
1135 4519 1349 4574 quoque
1395 4504 1555 4572 legit,
1600 4502 1955 4574 ινΝοιι-ειίι.
1990 4520 2009 4552 ι

439 4570 646 4637 Quarto
699 4589 800 4644 pro
829 4570 942 4644 ἵνα,
993 4574 1044 4627 id
1076 4570 1188 4640 est,
1227 4570 1358 4641 ιίιι,
1411 4594 1430 4626 ι
1457 4570 2016 4644 legenduntil'orsitan

439 4647 669 4710 censuit,
701 4642 789 4696 ἴνα
818 4643 928 4713 μή·
967 4645 1129 4698 vertit
1160 4645 1327 4710 enim,
1367 4662 1386 4695 ι
1423 4642 1567 4697 ne.)
1620 4644 1726 4696 Sed
1764 4642 2020 4713 Didymus

438 4723 658 4783 quoque
703 4712 854 4781 legit,
891 4731 910 4764 ι
945 4723 1021 4767 ιιι.
1060 4733 1079 4766 ι
1113 4714 1338 4769 Demum
1369 4728 1474 4767 vox
1521 4713 1630 4783 illa,
1663 4712 1833 4782 ἡμᾶς,
1869 4726 2018 4765 erra-

441 4782 829 4854 tumjlortasse
868 4786 1182 4854 typograpbi
1219 4794 1303 4838 est
1354 4801 1368 4838 :
1423 4799 1546 4854 nant
1595 4782 1848 4854 Petavius
1901 4783 2019 4854 ipse

438 4852 602 4905 vertit
635 4871 654 4904 ι
688 4867 802 4915 vos,
838 4870 856 4902 ι
893 4851 1173 4915 iton‘vero,
1199 4872 1218 4905 ι
1257 4869 1378 4909 nos.
1416 4873 1434 4904 ι
1471 4853 1639 4907 Porro
1666 4851 1826 4905 simili
1859 4852 2018 4904 modo

441 4924 627 4975 textus
666 4921 777 4983 ille,
823 4939 852 4990 ε
894 4921 1061 4974 Nemo
1093 4934 1266 4990 potest
1307 4925 1555 4990 accipere
1599 4918 1858 4990 Spiritum
1891 4937 2018 4974 san-

440 4995 611 5060 ctum,
641 4990 744 5043 nisi
773 5004 803 5040 a
828 4989 1136 5060 Domino,»
1169 5007 1327 5060 quem
1354 4989 1536 5044 attulit
1561 4989 1814 5060 Didymus
1844 5005 2014 5058 segm.

441 5055 514 5129 li?»
542 5077 594 5129 ιι,
627 5073 770 5129 nunc
797 5059 1012 5129 quidem
1046 5059 1097 5112 itt
1130 5055 1425 5129 scripturis
1456 5077 1560 5114 non
1589 5055 1806 5129 legitur,
1834 5055 1926 5114 sed
1963 5061 2015 5112 in

445 5123 513 5198 iis
548 5127 758 5198 Didymi
785 5123 946 5198 aitate
972 5123 1294 5198 legebatur':
1327 5133 1571 5197 quadam
1601 5123 1808 5182 scilicet
1833 5143 2017 5198 exem-

443 5195 612 5260 plaria
651 5195 806 5250 illum
844 5195 1113 5249 habebant
1144 5199 1198 5251 in
1238 5199 1254 5251 l
1289 5195 1355 5252 ad
1387 5199 1514 5252 Cor.
1551 5213 1650 5262 xtt,
1691 5198 1744 5263 5,
1779 5199 1852 5251 uti
1899 5196 2016 5252 col-

443 5263 551 5330 ligo
598 5281 662 5320 ex
711 5264 994 5334 Epiphanii
1043 5267 1343 5319 Anchorato
1392 5282 1512 5334 cap.
1553 5267 1643 5322 69.
1684 5267 1764 5321 Ita
1800 5269 2014 5322 demum

443 5340 626 5390 textus
670 5334 804 5398 iste,
854 5350 874 5383 ι
919 5333 985 5387 Et
1025 5336 1259 5390 ad'orabo
1313 5345 1386 5399 te,
1441 5333 1698 5396 Domine.
1757 5337 2017 5390 fortitudo

442 5414 587 5474 mea,
620 5424 638 5456 ι
674 5418 835 5474 quem
867 5401 1022 5474 aﬂ‘ert
1052 5404 1307 5474 Didymus
1352 5419 1521 5474 segtn.
1554 5405 1624 5458 45
1655 5407 1707 5468 b,
1748 5406 2018 5460 exstitisse

442 5469 499 5522 iu
530 5469 713 5528 Bibliis
738 5471 949 5544 Didymi
978 5469 1170 5544 aetate,
1206 5483 1351 5541 patet
1389 5469 1454 5544 εἷς
1489 5474 1676 5526 eodem
1717 5473 2017 5544 Anchorato

441 5555 566 5612 {'jlp.
602 5544 692 5604 50,
729 5541 819 5597 ubi
836 5541 943 5612 isic
993 5541 1212 5612 all'ertur
1259 5561 1274 5596 :
1307 5542 1419 5612 Καὶ
1457 5541 1887 5612 προσκυνησάτω
1921 5559 1978 5595 σε
2000 5583 2015 5608 ,

445 5609 639 5686 impie,
666 5615 700 5686 ἡ
725 5611 879 5683 ἰσχύς
905 5628 1030 5682 μου,
1085 5611 1138 5666 id
1163 5622 1271 5676 est,
1306 5631 1326 5664 ι
1359 5610 1420 5659 Fr
1449 5609 1638 5664 adoret
1661 5609 1735 5677 te,
1759 5611 1981 5666 Domine
2001 5652 2016 5678 ,

442 5674 706 5739 fnriitudd
737 5674 877 5739 mea.
905 5674 930 5732 Β

515 5750 625 5822 (σοι
652 5754 970 5810 ΤΙιεεαιινοε.
1002 5749 1077 5807 Ex
1112 5751 1284 5822 Epist.
1321 5749 1386 5806 ad
1416 5748 1627 5805 Coloss.
1656 5763 1717 5815 te,
1748 5749 1801 5804 Ξ.

2125 4504 2233 4557 \‘ita
2268 4499 2546 4560 l'unctunt,
2579 4499 2648 4549 ita
2680 4512 2708 4548 a
2745 4496 2968 4566 Didymo
3013 4500 3327 4566 compellari
3376 4502 3421 4553 is
3453 4517 3560 4555 non
3601 4504 3700 4555 mi-

2125 4573 2356 4632 rabitur,
2390 4569 2479 4635 qui
2507 4570 2648 4618 norit
2687 4567 2768 4620 vel
2802 4565 3328 4635 Gregorinm’ipsius
3369 4569 3552 4623 Basilii
3590 4571 3699 4624 frn-

2123 4654 2261 4694 [rem
2293 4639 2347 4689 in
2379 4637 2636 4706 opusculo
2666 4637 2741 4706 De
2769 4637 3144 4690 resurrectione
3165 4638 3244 4690 sic
3275 4638 3423 4706 loqui
3454 4657 3468 4692 :
3511 4641 3569 4693 ’0
3606 4659 3700 4693 πο-

2119 4711 2218 4774 λὺς
2246 4711 2306 4760 ὲν
2336 4705 2512 4773 ἁγίοις
2540 4705 2838 4769 Βασίλειος,
2876 4706 2925 4758 id
2956 4715 3120 4775 est,7t
3175 4705 3399 4775 magnus
3441 4711 3531 4763 ille
3570 4728 3697 4764 san-

2119 4796 2262 4842 ctus,
2292 4777 2545 4829 Basilius.
2587 4795 2605 4828 ι
2652 4775 2822 4828 Ροιϊο
2857 4775 3030 4828 eidem
3065 4774 3284 4839 Basilio,
3314 4777 3442 4830 duttt
3478 4780 3531 4831 itt
3563 4783 3698 4833 vivis

2119 4858 2306 4910 esset,
2368 4845 2649 4914 Didymum
2680 4847 2746 4898 de
2789 4846 2933 4914 l'acie
2988 4856 3207 4907 notum,
3254 4857 3419 4913 atqtte
3463 4851 3697 4904 amicum

2119 4921 2294 4976 fuisse
2327 4931 2431 4968 non
2466 4913 2649 4968 dubito
2690 4933 2702 4967 :
2739 4913 3116 4967 Alexandriam
3153 4917 3296 4967 enitn
3348 4931 3595 4983 venerat,
3643 4929 3699 4971 ut

2121 4985 2424 5046 monachos
2482 4985 2533 5036 in
2588 4983 2856 5054 ,λΕίςγριο⁸
2891 4993 3160 5037 morantes
3206 4986 3494 5052 inviseret,
3558 4991 3699 5044 sicut

2118 5066 2337 5116 constat
2364 5069 2428 5105 ex
2460 5054 2575 5121 ejus
2605 5052 2766 5121 epiSt.
2795 5052 2921 5114 923,
2958 5069 3104 5105 num.
3145 5055 3197 5106 2.

2193 5125 2309 5199 (49.)
2350 5121 2687 5199 Simpliciter.
2737 5121 3496 5199 ln_Gra:co,_daui.ioyls~em_g.
3532 5126 3698 5199 Porro

2121 5201 2175 5254 in
2201 5191 2443 5250 ‘concilio
2475 5191 2845 5254 Lateranensi,
2873 5193 3013 5258 quod
3047 5191 3292 5246 habitum
3313 5209 3394 5248 est
3415 5195 3648 5247 Martino
3679 5197 3693 5248 Ι

2117 5263 2403 5344 pontiﬁce,
2433 5259 2612 5338 Basilii
2655 5261 2866 5344 quidam
2915 5263 3062 5344 locus
3095 5263 3175 5344 sic
3204 5263 3698 5344 aﬂertur~sec_reta-

2120 5329 2200 5394 i‘io
2231 5351 2306 5397 tv,
2352 5332 2416 5382 ὲκ
2457 5329 2552 5382 τοῦ
2591 5331 2711 5382 κατ’
2742 5330 3006 5401 Εὑᾼνομίου
3051 5330 3459 5399 συλλογιστικοῦ
3501 5333 3690 5401 λόγον.

2121 5411 2172 5462 id
2199 5415 2305 5466 est,
2335 5419 2354 5450 ι
2384 5415 2448 5452 ex
2476 5415 2723 5453 sermone
2744 5399 3070 5468 syllogistico
3091 5412 3275 5454 contra
3299 5399 3640 5456 Ennomium.
3668 5422 3689 5454 ι

2122 5477 2388 5546 Didymus
2429 5470 2610 5546 itaque
2647 5468 2762 5546 ideo
2792 5469 3127 5546 fortassean
3149 5511 3164 5534 ,
3191 5471 3613 5546 ἀσυλλογίστοις,
3643 5475 3692 5546 id

2120 5538 2264 5608 est,'¢
2291 5555 2401 5610 non
2422 5538 2766 5607 syllogistice,
2799 5555 2815 5586 ι
2847 5539 3129 5610 utindicet
3157 5555 3216 5610 se
3246 5538 3517 5610 respicere
3544 5542 3694 5596 Basi-

2120 5617 2177 5670 lii
2211 5607 2518 5680 epistnlam,
2553 5621 2656 5680 non
2689 5619 2816 5680 vero
2846 5607 3105 5680 polemica
3133 5608 3249 5674 ejus
3273 5607 3458 5679 opera.

2193 5674 2310 5752 (4'3)
2354 5677 2476 5752 Non
2513 5674 2728 5742 possim.
2769 5675 2946 5731 Codex
2994 5680 3276 5745 mendose,
3309 5674 3429 5734 ὀὐκ
3477 5677 3587 5734 οἷόν
3631 5697 3690 5733 τε

2122 5741 2220 5825 ι)γὸ
2257 5741 2357 5819 οὐχ
2383 5741 2493 5798 οἶόν
2516 5741 2595 5797 τε.
