4056 6440
1710 367 1948 470 υιωξω
1988 409 2455 468 ALEXANDRINI

3597 407 3722 468 924

439 541 498 588 et
517 532 570 587 in
602 530 884 604 procinctu
911 531 1117 590 habent
1137 533 1281 604 quod
1308 531 1510 588 Paulus
1551 481 1846 586 lion-induis
1881 528 2019 584 scri-

2137 527 2362 598 προσολῇ
2402 528 2540 597 ὅπερ
2578 525 2789 590 Παῦλος
2807 526 3116 598 Κορινθίοις
3149 528 3208 580 ὲν
3241 529 3308 598 τῇ
3333 525 3522 599 πρώτῃ
3563 528 3722 600 γρά·

439 622 522 680 bit
559 623 613 678 in
651 623 827 693 prima
869 623 1107 694 Epistola
1151 665 1166 676 .
1197 640 1218 676 ι
1248 623 1510 690 Quoniam
1541 620 1672 692 (62‘)
1709 619 1887 675 nullus
1933 631 2018 675 est

440 714 742 787 Deus(63),
783 715 886 771 nisi
925 731 1066 770 unus
1102 733 1117 770 :
1152 730 1274 769 nam
1319 715 1421 768 etsi
1469 722 1594 768 sunt
1639 711 1730 782 qui
1771 711 2020 767 dicantur

442 807 538 873 dii,
571 809 684 860 sive
716 807 766 860 in
791 807 952 868 caelo.
983 807 1099 862 sive
1127 806 1180 860 in
1221 817 1363 860 terra
1393 804 1555 874 (sicut
1583 813 1711 860 sunt
1739 804 1812 857 dii
1841 803 2017 870 multi,

441 903 497 948 et
536 893 744 948 domini
803 894 978 962 multi)
1009 913 1022 948 :
1069 895 1224 948 nobis
1254 904 1434 948 autem
1470 909 1608 948 unus
1658 895 1798 948 Deus
1836 893 2015 958 Pater,

443 1001 510 1038 ex
540 999 647 1054 quo
680 986 862 1039 omnia
886 985 1021 1057 (64),
1056 997 1109 1042 et
1133 1003 1273 1041 unus
1293 986 1552 1040 Dominus
1571 984 1728 1040 Jesus
1747 983 2016 1052 Christus,

444 1088 540 1142 per
591 1088 749 1143 quem
809 1075 1014 1140 omnia,
1063 1082 1116 1130 et
1159 1089 1256 1128 nos
1295 1089 1390 1143 per
1437 1073 1630 1141 ipsum.
1661 1091 1680 1124 ι
1730 1069 1821 1124 Sic
1873 1071 2018 1125 enim

445 1165 598 1218 aiunt
635 1182 652 1218 :
698 1165 849 1230 Illud,
897 1184 916 1217 ι
949 1181 1016 1220 ex
1055 1181 1161 1235 quo
1180 1164 1314 1236 (65),
1343 1183 1362 1215 ι
1419 1174 1476 1218 et
1535 1163 1686 1227 illud,
1744 1181 1764 1214 ¢
1799 1162 1959 1226 Deus,
1994 1181 2014 1214 υ

446 1253 542 1308 soli
587 1252 734 1308 Patri
766 1256 1038 1321 convenit,
1071 1265 1254 1324 utpote
1295 1255 1384 1322 qui
1408 1252 1559 1321 juxta
1584 1251 2018 1321 superstitiosam
2047 1305 2056 1324 ,

445 1361 631 1400 eorum
671 1346 977 1415 opinionem
1027 1347 1273 1414 superior
1316 1357 1422 1409 est,
1454 1359 1518 1398 ac
1574 1345 1738 1399 veluti
1783 1353 2023 1414 tempore

443 1437 704 1508 praecedit
728 1437 916 1492 ambas
949 1439 1288 1508 hypostases.
1315 1436 1448 1491 Illud
1479 1451 1607 1490 vero
1629 1454 1647 1487 ι
1683 1451 1780 1505 per
1801 1451 2016 1504 quem,»

443 1537 499 1581 et
531 1527 680 1590 illud,
709 1547 729 1579 ι
762 1526 1039 1595 Dominus,
1069 1548 1089 1580 ι
1139 1528 1398 1584 convenit
1426 1527 1586 1592 Filio,
1634 1535 1815 1594 utpote
1857 1526 2022 1580 mini-

445 1628 579 1682 stro,
634 1629 688 1671 et
731 1619 996 1674 secundas
1049 1619 1293 1685 habenti,
1323 1635 1422 1690 per
1461 1633 1620 1688 quem
1654 1618 1836 1672 omnia
1883 1617 2020 1672 facta

445 1716 591 1761 sunt.
632 1705 764 1760 Illud
800 1721 946 1773 vero,
985 1724 1002 1756 ι
1047 1708 1097 1761 iu
1127 1723 1258 1777 quo,
1289 1727 1308 1760 ι
1348 1708 1509 1762 tertio
1544 1707 1663 1762 loco
1707 1724 1802 1776 per
1833 1709 2024 1763 decre-

445 1805 687 1850 mentqu
716 1796 944 1866 Spiritui
979 1809 1168 1853 sancto
1200 1800 1450 1854 convenit
1475 1817 1488 1852 :
1513 1799 1566 1852 in
1600 1799 1716 1867 ipso
1745 1799 1909 1865 enim,
1940 1799 2022 1851 in-

2125 636 2214 689 φει
2257 619 2559 690 Ἐπιστολῇ·
2591 637 2610 670 ι
2649 618 2770 672 Ὅτι
2789 617 2963 682 οὐδεὶς
2985 618 3138 684 Θεὸς,
3164 621 3214 673 εἰ
3245 617 3320 690 μὴ
3347 615 3449 682 εἷς.
3467 620 3576 674 Καὶ
3591 623 3719 690 γὰρ

2125 713 2283 780 εἴπερ
2315 712 2422 764 εἰσὶ
2448 709 2730 782 λεγόμενοι
2757 709 2892 776 θεοὶ,
2927 712 3038 766 εἴτε
3093 713 3153 766 ἑν
3178 711 3416 784 οὐρανῷ,
3445 712 3551 766 εἴτε
3607 711 3720 766 ἐπὶ

2125 803 2228 874 γῆς
2280 802 2488 876 (ὥσπερ
2524 803 2635 857 εἰσὶ
2693 803 2805 857 θεοὶ
2847 803 3053 868 πολλοὶ,
3105 805 3200 858 καὶ
3248 805 3426 879 κύριοι
3469 804 3717 872 πολλοὶ),

2125 897 2257 966 ἡμῖν
2286 895 2344 948 δὲ
2386 890 2467 958 εἷς
2512 895 2644 958 Θεὸς
2671 895 2701 948 δ
2737 896 2948 966 Πατὴρ,
2989 893 3050 960 ἐξ
3076 892 3138 949 οὗ
3160 897 3229 950 τά
3264 897 3457 962 πάντα,
3479 896 3575 950 καὶ
3620 889 3722 958 εἷς

2125 983 2330 1060 Κυύριος
2367 983 2575 1056 Ἰησοῦς
2615 984 2873 1055 Χριστὸς,
2909 985 2976 1038 δι’
3007 979 3069 1039 οῦ
3089 985 3161 1040 τά
3189 986 3387 1047 πάντα.
3420 985 3512 1039 καὶ
3533 987 3723 1056 ἡμεῖς

2125 1073 2196 1126 δι’
2231 1074 2417 1128 αὑτοῦ.
2461 1094 2480 1130 ι
2512 1077 2682 1147 Φησὶν
2731 1076 2860 1147 γάρ·
2897 1075 3152 1148 Ἀρμόζει
3179 1077 3261 1142 τὸ,
3288 1095 3307 1128 r
3342 1075 3400 1143 ἐξ
3435 1071 3516 1139 οὗ,
3549 1095 3572 1128 ι
3605 1075 3720 1129 καὶ

2126 1166 2208 1232 τὸ,
2263 1185 2282 1218 ι
2317 1167 2347 1218 ό
2393 1166 2545 1234 Θεός,
2580 1187 2598 1220 ι
2642 1169 2700 1221 ὲν
2737 1167 2885 1238 μόνῳ
2923 1167 3001 1238 τῷ
3055 1168 3248 1239 Πατρὶ,
3288 1167 3364 1232 ὡς
3413 1167 3720 1238 ὑπερτέρῳ

2127 1257 2266 1328 πρὸς
2297 1258 2398 1329 τὴν
2425 1257 2718 1330 θρησκείαν
2745 1258 2950 1324 αὑτῶν,
2985 1259 3078 1312 καί
3124 1252 3237 1312 οἷον
3272 1259 3382 1312 δντι
3413 1256 3490 1328 τῷ
3519 1259 3723 1328 χρόνῳ

2127 1349 2236 1421 πρὸ
2273 1350 2476 1420 ἀμφοῖν
2521 1349 2628 1403 τῶν
2663 1349 3041 1403 ὑποστάσεων·
3065 1348 3126 1403 τδ
3159 1349 3239 1414 δὲ,
3275 1367 3294 1402 ι
3333 1348 3398 1402 δι’
3429 1343 3508 1414 οὗ,
3538 1366 3561 1400 ι
3607 1347 3726 1401 καὶ

2127 1442 2209 1505 τὸ,
2263 1460 2282 1491 ι
2320 1444 2348 1494 ό
2373 1440 2599 1513 Κύριος,
2635 1460 2654 1494 ι
2693 1441 2769 1504 ὡς
2809 1440 3069 1512 ὑπουργῷ
3109 1441 3204 1495 καὶ
3230 1440 3490 1510 δευτέρως
3521 1439 3726 1510 ἔχοντι

2127 1533 2207 1604 τῷ
2241 1532 2374 1604 Υίῷ,
2401 1533 2468 1587 δι’
2512 1529 2576 1588 οὑ
2625 1535 2695 1587 τὰ
2721 1533 2899 1587 πάντα
2929 1533 3168 1602 ἐγένετο·
3211 1531 3272 1584 τὸ
3319 1530 3396 1596 δὲ,
3430 1550 3448 1582 ι
3491 1531 3546 1583 ἐν
3569 1523 3645 1599 ᾧ,
3685 1547 3716 1582 ι

2129 1624 2329 1695 τρίτως
2355 1625 2477 1679 καθ’
2531 1625 2795 1679 ὑπόϐασιν
2832 1624 2910 1695 τῷ
2960 1625 3102 1694 ἁγίῳ
3145 1622 3275 1696 [197
3305 1623 3362 1694 a]
3402 1621 3720 1692 Πνεύματιο

2129 1717 2189 1769 ὲν
2210 1715 2359 1787 αὑτῷ
2385 1718 2518 1787 γὰρ,
2551 1717 2737 1786 φησιν,
2761 1717 2909 1770 πᾶσα
2937 1713 3064 1779 δόξα
3093 1715 3493 1786 ἀναπέμπεται·
3522 1714 3724 1784 ὁρμη-

2131 1807 2314 1870 θέντες
2342 1807 2592 1880 καὶπρὸς
2622 1807 2781 1860 τοῦτο
2825 1807 2934 1861 ἀπὸ
2963 1805 3073 1860 τῶν
3099 1805 3310 1860 Παύλου
3339 1805 3722 1877 γραμμάτων,

447 1886 662 1954 quiunt,
703 1888 879 1942 omnis
921 1888 1244 1958 gloriﬁcatio
1292 1889 1402 1942 Deo
1455 1887 1700 1942 oll'ertur.
1745 1889 1798 1942 ld
1846 1898 2025 1942 autem

2137 1900 2236 1952 τῶν
2271 1915 2329 1950 τε
2359 1899 2497 1971 πρὸς
2543 1899 2825 1968 Ἐφεσίους
2873 1899 3108 1970 ἐχόντων
3149 1897 3485 1968 παραίνεσιν,
3535 1892 3723 1951 οὖσαν

445 1971 771 2026 conﬁrmant
827 1990 893 2029 ex
947 1975 1097 2030 Pauli
1134 1975 1392 2042 Litteris;
1423 1991 1544 2030 cum
1580 1992 1646 2030 ex
1686 1977 1750 2031 iis
1793 1977 2024 2042 scilicet,

444 2077 565 2129 qua:
605 2066 824 2134 scriptae
875 2076 1002 2121 sunt
1048 2067 1324 2136 Ephesiis,
1372 2081 1602 2137 qua-que
1657 2070 1793 2120 hanc
1830 2068 2028 2121 habent

445 2154 918 2210 exhortationem:
947 2175 966 2208 ι
987 2157 1162 2211 Nolite
1179 2155 1290 2230 (66)
1313 2158 1636 2212 contristare
1663 2155 1739 2228 (id
1765 2155 2028 2210 estoﬂ'en-

439 2246 601 2320 dere)
632 2249 895 2320 Spiritum
931 2263 1177 2307 sanctum
1217 2251 1334 2318 Dei,
1376 2253 1428 2308 in
1469 2269 1575 2324 quo
1607 2254 1871 2324 obsignati
1897 2255 2029 2309 estis

447 2339 508 2392 in
541 2341 683 2394 diem
718 2343 1138 2412 redemptionis;
1178 2363 1198 2396 ›
1232 2353 1341 2398 tum
1377 2361 1443 2398 ex
1481 2345 1568 2410 iis,
1588 2359 1708 2413 qu:e
1741 2346 1806 2399 ad
1837 2345 2029 2400 Corin-

451 2431 596 2486 thios
629 2433 810 2487 missa:
859 2444 1005 2501 sunt,
1061 2446 1225 2506 atque
1264 2437 1568 2507 hujusmodi
1606 2436 1904 2490 doctrinam
1936 2437 2030 2490 ha-

451 2519 581 2574 bent
609 2539 624 2576 :
671 2540 691 2573 ι
727 2522 840 2576 Non
873 2534 957 2578 est
981 2524 1094 2598 (67)
1127 2527 1271 2580 enim
1307 2542 1529 2597 regnum
1564 2527 1654 2581 Dei
1681 2542 1822 2591 esca,
1856 2536 1907 2579 et
1937 2543 2031 2594 po-

453 2619 540 2665 tus
581 2630 595 2666 :
631 2615 726 2667 sed
772 2613 1005 2681 justitia,
1048 2629 1104 2672 et
1158 2633 1284 2686 pax,
1325 2629 1380 2672 et
1431 2620 1683 2688 gaudium
1735 2621 1786 2672 in
1829 2619 2028 2689 Spiritu

453 2715 664 2762 saneto.
705 2725 724 2756 ι
760 2705 863 2760 Sed
911 2725 976 2762 ne
1023 2712 1124 2763 hoc
1157 2712 1371 2778 quidem
1419 2726 1602 2764 eorum
1648 2721 2026 2780 argumentum

456 2797 754 2865 quidquam
786 2799 952 2854 valet.
977 2799 1109 2853 Nam
1142 2817 1203 2854 ea
1231 2817 1418 2855 vocum
1470 2804 1794 2871 permutatio
1825 2817 1929 2854 non
1965 2818 2028 2854 ex

455 2903 522 2941 eo
555 2891 841 2958 repetenda
890 2903 992 2952 est.
1028 2896 1170 2962 quod
1209 2893 1398 2959 Filius,
1439 2904 1494 2949 et
1522 2894 1762 2962 Spiritus
1812 2909 2032 2948 sanctus

455 2980 745 3037 inferiores
775 2984 883 3038 sint
918 3003 932 3038 :
967 2989 1136 3039 amba:
1159 2988 1302 3040 enim
1332 3002 1490 3041 voces
1521 3005 1540 3039 ι
1569 3003 1656 3054 ex,
1690 3007 1709 3039 ι
1744 2996 1796 3041 et
1828 3005 1846 3037 ι
1878 3001 2026 3054 ρει-,ι

455 3075 748 3144 unicuique
797 3076 1071 3146 hypostasi
1113 3080 1328 3148 praprie
1371 3079 1734 3144 conveniunt;
1790 3079 1833 3131 si
1887 3081 2029 3132 enim

455 3167 639 3220 Omnia
681 3177 810 3222 sunt
868 3185 934 3224 ex
979 3171 1111 3235 Deo,
1184 3180 1240 3222 ut
1295 3170 1542 3239 profecto
1589 3179 1738 3237 sunt,
1763 3172 2032 3240 quomodo

455 3256 613 3312 initio
652 3258 794 3313 facta
849 3271 978 3316 sunt
1007 3263 1187 3317 omnia
1223 3278 1316 3332 per
1343 3261 1579 3316 Filium?
1613 3265 1690 3316 Ac
1721 3263 1764 3316 si
1808 3272 2030 3317 noverat

455 3347 680 3417 Paulus,
734 3366 854 3405 eum
913 3355 1166 3408 ascititiis
1230 3355 1336 3408 diis
1373 3357 1839 3408 annumerandum
1890 3369 2029 3423 esse,

456 3443 645 3510 quidni
685 3459 806 3498 cum
843 3445 964 3499 aliis
1003 3460 1126 3499 eum
1174 3445 1532 3513 permiscuit?
1573 3462 1670 3501 cur
1722 3447 1870 3500 illum
1911 3462 2034 3502 eum

456 3531 618 3588 Patre
651 3534 967 3600 conjunxit?
997 3536 1062 3589 At
1097 3537 1299 3590 voeulis
1332 3537 1462 3602 illis,
1498 3555 1518 3588 ι
1555 3553 1644 3602 ex,
1677 3557 1695 3590 ι
1723 3547 1778 3592 et
1817 3557 1837 3590 ‹
1875 3553 1988 3608 per,
2011 3557 2031 3591 ι

457 3640 588 3679 usus
634 3636 738 3688 est,
785 3629 1014 3694 primum
1068 3629 1283 3696 quidem
1326 3644 1393 3684 ne
1443 3629 1678 3700 aliquam
1733 3632 2035 3686 divinarnrn

461 3716 836 3788 hypostasium
879 3720 1254 3774 confusionem
1299 3723 1619 3787 cogitemus,
1661 3724 1755 3777 sed
1801 3723 2042 3792 singulas

460 3809 860 3877 distinguamus
889 3830 903 3866 :
931 3813 1125 3869 deinde
1148 3823 1205 3867 ut
1241 3814 1559 3881 explodatur
1581 3813 1890 3867 Graecorum
1919 3813 2040 3880 qui-

459 3897 582 3954 dem
616 3899 1010 3969 pulytheismus
1039 3920 1135 3974 per
1171 3903 1320 3966 illud,
1359 3922 1379 3954 ι
1411 3903 1559 3958 Unus
1582 3903 1749 3975 409
1783 3904 1920 3960 Deus
1945 3904 2041 3958 Pa-

460 3997 588 4046 ter:
624 4009 644 4044 ι
684 3990 992 4048 Iudaeorum
1048 4008 1176 4049 vero
1232 3995 1556 4063 pervicacia,
1602 4011 1706 4062 qua
1765 3993 2039 4048 Christum

461 4093 838 4151 contemnunt,
904 4101 1000 4155 per
1063 4085 1232 4154 illud,
1295 4103 1315 4136 ι
1359 4083 1515 4140 Unus
1571 4083 1831 4139 Dominus
1887 4082 2044 4138 Jesus

466 4172 766 4234 Christus:
807 4198 827 4231 ι
883 4177 1337 4233 Montanistarum
1393 4187 1572 4232 autem
1616 4177 1909 4241 dementia,
1951 4177 2042 4246 qui

463 4274 576 4324 tres
597 4269 850 4325 omnibus
870 4269 1085 4341 hymnis
1115 4269 1307 4338 dignas
1329 4269 1650 4339 hypostases
1701 4266 1856 4336 quasi
1883 4281 2042 4320 unam

463 4373 754 4428 personam
819 4361 1018 4418 culturi
1070 4369 1246 4425 erant,
1311 4374 1409 4430 per
1471 4357 1622 4420 illud,
1676 4375 1697 4410 ι
1727 4355 1899 4423 Unus,
1929 4375 1949 4408 ι
1991 4367 2047 4412 et

469 4469 490 4502 ε
529 4451 702 4522 Unus,
732 4463 828 4510 iet
867 4474 886 4506 ‹
923 4453 1116 4510 Unus:
1149 4471 1169 4506 ι
1216 4451 1442 4508 Sabellii
1485 4449 1702 4504 demum
1753 4448 1906 4503 [uror
1955 4450 2046 4502 de-

2129 1989 2189 2040 ὲν
2215 1986 2444 2052 τούτοις·
2485 2007 2504 2040 ι
2539 1989 2632 2059 Μὴ
2671 1987 2892 2041 λυπεῖτε
2938 1987 3001 2042 τὸ
3055 1986 3281 2058 Πνεῦμα
3317 1986 3377 2039 τὸ
3408 1988 3555 2054 ἅγιον
3608 1983 3722 2040 τοῦ

2127 2075 2288 2140 Θεοῦ,
2343 2077 2401 2130 ιν
2455 2069 2500 2146 ᾧ
2538 2075 2943 2148 ἐσφραγίσθητε
2990 2076 3072 2140 είς
3127 2076 3339 2148 ἡμέραν
3391 2075 3726 2146 ἀπολυτρώ-

2129 2182 2288 2229 σεως·
2315 2185 2334 2218 ι
2366 2166 2474 2219 τῶν
2504 2183 2563 2219 τε
2595 2165 2730 2237 πρὸς
2747 2164 3082 2237 Κορινθίους,
3105 2165 3336 2235 ἐχόντων
3363 2163 3723 2218 διδασκαλίαν

2127 2256 2362 2310 τοιάνδε·
2405 2258 2511 2309 (ού
2545 2256 2655 2327 γάρ
2691 2257 2890 2324 ἐστινή
2937 2255 3185 2326 βασιλεία
3225 2254 3316 2322 τοῦ
3347 2255 3478 2308 Θεοῦ
3502 2254 3724 2325 βρῶσις

2129 2350 2229 2404 καὶ
2259 2349 2437 2415 πόσις,
2477 2349 2614 2403 ἀλλά
2643 2349 2982 2420 δικαιοσύνη,
3035 2349 3130 2402 καὶ
3173 2349 3379 2419 εἰρήνη.
3436 2348 3526 2401 καὶ
3556 2346 3727 2420 χαρὰ

2130 2443 2189 2494 ὲν
2225 2440 2499 2511 Πνεύματι
2521 2442 2678 2512 ἁγίῳ.
2706 2463 2724 2494 ο
2761 2441 2926 2495 Οὐδὲν
2959 2441 3016 2494 δὲ
3045 2441 3344 2495 οὐδὲτοῦτο
3365 2441 3537 2497 αὑτῶν
3554 2440 3726 2495 ἐστιν

2132 2533 2434 2597 παντελῶς.
2492 2535 2558 2587 Δί
2610 2533 2720 2604 γὰρ
2771 2533 2880 2586 τῶν
2915 2531 3114 2600 λέξεων
3166 2534 3474 2603 ὲναλλαγαὶ,
3529 2533 3590 2586 οὑ
3640 2532 3722 2585 δι’

2131 2623 2431 2678 ἐλάττωσιν
2482 2623 2578 2678 τοῦ
2620 2623 2749 2676 Υἱοῦ
2777 2625 2869 2677 καὶ
2893 2623 2988 2676 τοῦ
3018 2625 3174 2692 ἁγίου
3208 2624 3516 2696 Πνεύματός
3544 2624 3720 2676 εἰσιν·

2131 2717 2441 2787 ἀμφότεραι
2472 2716 2583 2787 γάρ
2614 2717 2670 2768 αἱ
2710 2715 2882 2780 λέξεις
2921 2716 3139 2780 οἰκείως
3183 2717 3364 2788 έχουσι
3407 2715 3538 2787 πρὸς
3577 2713 3727 2767 ἑκά-

2134 2826 2268 2879 στην
2303 2808 2615 2861 ὑπόστασιν·
2643 2809 2692 2860 εἰ
2717 2807 2825 2877 γάρ
2848 2806 2915 2860 τά
2945 2807 3122 2862 πάντα
3143 2809 3206 2860 ἐκ
3223 2807 3316 2860 τοῦ
3334 2806 3486 2870 Θεοῦ,
3521 2804 3724 2877 ὥσπερ

2131 2894 2227 2952 οῦν
2248 2895 2470 2965 ἀληθὲς,
2500 2896 2619 2960 πῶς
2651 2895 2856 2951 ἀνωθεν
2882 2895 2949 2949 τά
2983 2895 3162 2950 πάντα
3189 2897 3279 2950 διὰ
3303 2897 3394 2950 τοῦ
3421 2894 3578 2962 Υίοῦ,
3615 2897 3723 2949 καὶ

2134 2993 2184 3044 εί
2217 2989 2486 3060 ἠπίστατο
2506 2991 2621 3052 τοῖς
2650 2989 2978 3058 εἰσποιητοῖς
3011 2986 3152 3052 θεοῖς
3183 2988 3586 3061 ὲναριθμεῖσθαι
3613 2987 3726 3042 αὑ·-

2133 3083 2247 3145 τὸν,
2278 3081 2331 3132 τί
2367 3079 2442 3150 μὴ
2486 3083 2600 3143 τοῖς
2640 3079 2820 3142 ἀλλοις
2875 3077 3155 3149 ἀνέμιξεν,
3189 3080 3285 3134 καὶ⁵
3330 3079 3402 3150 μὴ
3428 3080 3505 3150 τῷ
3537 3077 3724 3150 Πατρὶ

2139 3174 2486 3244 συνήνωσεν;
2525 3171 2665 3224 Ἀλλ’
2713 3170 2887 3234 οὕτως
2915 3170 3184 3242 εἴρηνται,
3227 3170 3386 3224 τοῦτο
3420 3169 3516 3241 μὲν
3539 3168 3630 3222 διὰ
3655 3169 3725 3223 τὸ

2147 3266 2222 3338 μὴ
2256 3263 2516 3334 σύγχυσιν
2547 3265 2736 3334 νοῆσαι
2768 3263 2878 3315 τῶν
2909 3261 3066 3315 θείων
3088 3263 3456 3324 ὑποστάσεων,
3479 3261 3725 3334 ἑκάστην

2141 3357 2198 3410 δὲ
2222 3354 2681 3426 διευκρινηθῆναι·
2730 3352 2888 3406 τοῦτο
2915 3352 2971 3406 δὲ
2999 3352 3087 3406 διά
3107 3353 3170 3407 τὸ
3210 3352 3561 3407 ἐκϐάλλεσθαι
3592 3352 3722 3406 Ἐλ-

2142 3446 2320 3517 λήνων
2345 3445 2444 3515 μὲν
2472 3445 2570 3516 τὴν
2600 3443 2888 3497 πολυθεῖαν
2919 3443 3007 3498 διά
3039 3444 3156 3508 τοῦ,
3193 3463 3213 3496 r
3253 3439 3349 3508 Εἷς
3374 3443 3505 3508 Θεὸς
3531 3444 3559 3495 ό
3603 3444 3725 3499 Πα-

2141 3542 2268 3610 τήρ·
2319 3558 2337 3590 ι
2385 3538 2653 3592 Ἰουδαίων
2677 3538 2733 3591 δὲ
2774 3538 2874 3610 τὴν
2913 3538 3041 3608 περὶ
3080 3538 3174 3591 τὸν
3206 3538 3438 3610 Χριστὸν
3460 3536 3723 3606 ἀθέτησιν

2140 3631 2230 3684 διὰ
2279 3629 2396 3691 τοῦ,
2446 3647 2465 3679 ι
2501 3624 2596 3692 Εἷς
2653 3629 2858 3700 Κύριος
2901 3627 3111 3698 Ἰησοῦς
3167 3629 3418 3699 Χριστός·
3460 3647 3478 3681 ο
3509 3629 3726 3682 Μοντα-

2141 3721 2340 3778 νιστῶν
2359 3719 2416 3772 δὲ
2445 3720 2544 3788 τὴν
2574 3720 2782 3787 ἄνοιαν,
2813 3720 3116 3791 μελλόντων
3139 3722 3238 3786 τὰς
3265 3725 3410 3792 τρεῖς
3440 3722 3727 3793 πανυμνή-

2142 3828 2270 3874 τους
2303 3809 2632 3872 ὑποστάσεις
2681 3809 2758 3873 ὡς
2810 3809 2868 3863 ἓν
2905 3810 3196 3882 πρόσωπον
3249 3811 3590 3884 θρησκεύειν,
3631 3811 3726 3866 διά

2143 3902 2262 3966 τοῦ,
2301 3919 2320 3952 ι
2361 3895 2477 3963 Εἷς,
2503 3919 2521 3951 ι
2553 3901 2649 3954 καὶ
2693 3919 2711 3951 t
2745 3897 2860 3966 Εἷς,
2905 3920 2926 3954 ι
2962 3901 3058 3954 καὶ
3099 3920 3118 3954 ι
3157 3898 3272 3966 Εἷς·
3302 3923 3320 3956 ›
3356 3903 3642 3957 Σαϐελλίω
3665 3903 3726 3966 δὲ

2143 3995 2244 4065 τὴν
2300 3991 2498 4063 μανίαν
2541 3991 2870 4047 ἀνούστατον
2913 3989 3050 4047 εἶναι
3098 3993 3189 4047 τὸν
3238 3994 3370 4048 Θεὸν
3399 3995 3590 4062 Λόγον,
3647 3993 3729 4058 ὡς

2143 4084 2237 4137 τὸν
2270 4082 2603 4154 προφορικὺν
2627 4084 2719 4137 τὸν
2747 4083 3110 4154 ἀναλυόμενον
3147 4085 3244 4138 καὶ
3278 4085 3402 4157 ἀέρι
3439 4085 3730 4154 συνεκχεό-

2150 4191 2332 4246 μενον,
2375 4172 2792 4241 φαντασθέντος,
2821 4173 3014 4238 οὓτως·
3045 4174 3130 4227 ὅτι
3153 4174 3281 4247 [197
3312 4175 3366 4248 b]
3393 4179 3422 4230 ὁ
3465 4176 3728 4230 Ἀπόστο-

2146 4264 2235 4328 λος
2259 4263 2352 4316 τὸν
2376 4262 2670 4334 σύνδεσμον
2723 4266 2825 4334 τῆς
2856 4263 3004 4327 θείας
3032 4265 3257 4336 εἰρήνης
3285 4266 3586 4335 φυλάττων,
3620 4266 3732 4320 πά-

2145 4357 2228 4410 λιν
2261 4353 2576 4425 ἀμφοτέρας
2595 4353 2696 4418 τάς
2719 4355 2896 4420 λέξεις
2917 4355 3119 4421 ταύτας
3149 4357 3496 4427 συναγαγὼν,
3529 4359 3610 4420 είς
3635 4357 3730 4410 τὸν

2148 4449 2244 4502 ἕνα
2273 4445 2584 4516 ἀναπέμπει
2608 4446 2974 4518 ἀῤῥητότατον
3000 4447 3153 4512 Θεὸν,
3181 4449 3475 4520 Ῥωμαίοις
3490 4449 3729 4520 γράψας·

465 4547 834 4601 mentissimus
851 4548 986 4620 (68),
1035 4549 1128 4618 qui
1185 4545 1354 4601 Deum
1387 4544 1622 4600 Verbum
1669 4555 1793 4598 esse
1823 4542 2033 4596 commi-

2155 4561 2174 4593 ι
2205 4541 2327 4592 Ὀτι
2355 4536 2414 4600 ἐξ
2438 4535 2624 4601 αὑτοῦ,
2661 4537 2755 4589 καὶ
2784 4537 2851 4590 δι’
2881 4537 3067 4604 αὑτοῦ,
3088 4540 3182 4592 καὶ
3203 4541 3284 4603 εἰς
3317 4541 3481 4594 αὑτὸν
3504 4541 3571 4594 τά
3602 4542 3732 4596 πάν·

466 4634 780 4690 niscebatur
817 4648 875 4690 ut
905 4635 1245 4706 prolatitium
1281 4633 1528 4699 verbum,
1556 4631 1698 4702 quod
1730 4630 2044 4693 resolvitur,

468 4731 525 4778 et
551 4728 662 4780 aeri
699 4732 1079 4797 permiscetur.
1112 4727 1378 4782 Nimirum
1401 4723 1689 4794 Apostolus
1717 4721 1912 4775 divina:
1951 4736 2044 4790 pa-

471 4813 549 4868 cis
579 4817 653 4885 (id
716 4827 800 4871 est
838 4817 1082 4887 unitatis)
1114 4817 1388 4872 vinculum
1413 4829 1660 4876 servans,
1701 4827 1890 4867 rursus
1930 4828 2047 4865 am-

471 4903 569 4960 bas
629 4909 792 4962 hasce
851 4923 1012 4964 voces
1067 4909 1230 4964 simul
1279 4907 1478 4977 jungit,
1538 4913 1702 4974 atque
1759 4903 1826 4957 ad
1879 4917 2044 4956 unum

475 5011 681 5050 summe
709 4998 1036 5054 iueﬂ‘abilem
1075 4999 1242 5055 Deum
1279 4998 1397 5052 illas
1445 4996 1631 5061 refert,
1674 4997 1799 5048 dum
1847 4994 2052 5048 Roman

549 5202 684 5273 (62')
712 5202 1014 5273 _Quonia_m.
1049 5200 1068 5254 1
1099 5203 1227 5258 Cor.
1269 5218 1384 5268 vm,
1416 5201 1535 5256 ιιι-6.

550 5269 674 5344 (65)⁷
703 5271 867 5344 Deus.
911 5270 1096 5326 Grmca
1133 5273 1307 5344 editio
1351 5275 1502 5344 addit
1556 5269 1795 5344 ἕτερος-
1829 5270 1880 5321 id
1934 5279 2050 5332 est,

479 5359 495 5390 ι
537 5340 694 5396 alter.
738 5361 757 5395 ο
793 5343 966 5406 Quam
1019 5355 1206 5396 vocem
1267 5340 1528 5411 Vulgatus
1570 5340 1734 5394 etiam
1783 5340 2053 5407 interpres

473 5413 684 5476 omisit,
717 5422 777 5465 nt
806 5412 1089 5479 Didymus.

476 5521 486 5530 .
531 5481 663 5552 (64)
703 5481 788 5537 Ea:
813 5475 926 5552 quo'
949 5481 1147 5552 omnia.
1178 5479 1236 5534 ln
1278 5479 1468 5534 Bibliis
1499 5477 1704 5534 Graecis
1749 5491 1814 5532 ac
1843 5475 2054 5533 Latinis

477 5549 700 5606 additur
731 5571 743 5607 :
775 5570 794 5604 ε
825 5549 892 5604 οι
918 5565 1016 5603 nos
1047 5551 1100 5602 in
1129 5551 1324 5618 ipsum.
1363 5568 1382 5600 ι

483 5629 532 5693 ‘h
555 5621 664 5693 (θῇ)
700 5626 784 5677 Ea:
806 5638 929 5689 quo.
964 5613 1450 5693 Codex'mendoge.
1494 5619 1565 5693 ὲκ
1587 5613 1704 5693 σεῦ.
1742 5614 2052 5693 L‘egendum

483 5684 658 5763 ἔξόὗζ
687 5693 750 5747 Et
776 5684 934 5763 paulo
964 5701 1082 5763 post
1112 5705 1208 5763 pro
1229 5691 1294 5763 εν
1325 5687 1472 5758 μόνω
1498 5685 1576 5756 τῷ
1617 5684 2052 5763 Ilat_pi,_ma_li_m,

489 5761 591 5826 ’μὲν
615 5754 856 5834 μόνῳξτῷ
883 5754 1082 5830 Πατρί.
1109 5754 1690 5834 Simileargumenttnn
1720 5754 1907 5834 Qetius
1931 5754 2056 5834 hinc

491 5821 1094 5900 eruc'bat,”l‘b'eodoreto
1121 5838 1255 5886 teste
1283 5821 1444 5884 libfu
1473 5823 1612 5881 Hist.
1650 5821 1777 5878 ccci.
1802 5836 1920 5892 cap.
1955 5823 2043 5882 27.

2149 4648 2240 4685 τα·
2277 4627 2424 4696 αὑτῷ
2473 4629 2506 4697 ἡ
2571 4627 2697 4694 δόξα
2755 4630 2834 4692 είς
2888 4629 3015 4692 τοὺς
3074 4630 3298 4694 αἰῶνας.
3345 4633 3540 4704 Ἀμήν·
3585 4653 3605 4685 ι
3635 4637 3735 4688 καὶ

2162 4718 2450 4790 Ἐφεσίοις·
2507 4737 2525 4770 ι
2563 4715 2656 4783 Εἷς
2704 4719 2835 4784 Θεὸς
2896 4721 2992 4774 καὶ
3041 4720 3233 4792 Πατὴρ
3285 4723 3524 4789 πάντων,
3568 4725 3598 4776 ό
3639 4726 3738 4778 ἐπὶ

2153 4815 2392 4876 πάντων,
2429 4813 2525 4866 καὶ
2551 4811 2642 4866 διὰ
2669 4812 2908 4876 πάντων,
2947 4813 3042 4866 καὶ
3072 4815 3128 4866 ὲν
3171 4814 3358 4867 πᾶσιν·
3391 4835 3410 4868 ι
3441 4816 3542 4869 οὑκ
3579 4815 3738 4870 ἀλλόο

2153 4921 2307 4978 τριον
2353 4899 2492 4956 εἶναι
2525 4902 2696 4972 λέγων
2743 4903 2836 4956 τοῦ
2868 4922 2887 4956 ι
2916 4903 3007 4956 ἐπὶ
3031 4903 3248 4956 πάντων
3282 4924 3301 4956 ι
3336 4906 3398 4958 τὸ
3429 4925 3448 4958 ι
3491 4907 3579 4960 διά
3605 4909 3740 4963 πάν-

2153 5012 2285 5056 των,
2320 5013 2340 5046 ι
2377 4992 2496 5046 οὑδὲ
2533 4993 2628 5046 τοῦ
2659 5011 2678 5044 ι
2715 4993 2802 5046 διὰ
2837 4995 3052 5048 πάντων
3083 5012 3102 5046 ι
3128 4993 3192 5048 τὸ
3221 5012 3241 5046 ι
3269 4997 3328 5048 ὲν
3359 4998 3544 5051 πᾶσιν.
3585 5017 3603 5050 ι
3658 4999 3736 5052 Oti

2163 5217 2181 5250 ι
2219 5195 2382 5265 Atqui
2427 5193 2784 5264 (inquiebat)
2833 5195 3078 5273 inter_se
3103 5193 3392 5273 dissimilia
3453 5206 3602 5273 sunt,
3656 5196 3736 5251 Ex

2157 5262 2347 5346 quo.)
2380 5262 2454 5346 et,
2494 5280 2514 5314 ι
2566 5278 2660 5332 per
2688 5262 2872 5333 quem.
2910 5283 2930 5317 ι
2971 5265 3112 5335 Ergo
3140 5262 3311 5320 Filius
3340 5265 3626 5322 dissimilis
3651 5278 3742 5321 est

2157 5340 2269 5392 Deo
2298 5336 2468 5388 Patri.
2505 5352 2524 5386 ι

2229 5405 2321 5477 (66
2390 5402 2586 5457 Nolite.
2615 5401 2813 5469 Ephes.
2843 5419 2919 5470 Iv,
2950 5405 3040 5458 30.

2228 5407 2344 5547 (67g
2384 5471 2507 5525 Non
2545 5471 2730 5547 est._ln
2763 5472 3004 5541 Epistula
3033 5490 3040 5526 ι

2228 5471 2343 5548 (67)
2384 5471 2507 5525 Non
2545 5471 2730 5548 et_t._ln
2763 5472 3004 5541 Epistula
3033 5488 3138 5527 non
3170 5473 3236 5527 ad
3267 5471 3611 5540 Corinthios,
3637 5474 3736 5530 sed

2152 5550 2218 5602 ad
2236 5540 2409 5598 ‘llu'tn.
2443 5555 2554 5605 XIV,
2591 5545 2610 5594 Ι
2625 5540 2676 5596 7.

2224 5617 2336 5689 (68)
2381 5611 2834 5689 οεξῃιηιὶεείηιιιε.
2860 5611 3043 5689 Qodex
3070 5615 3351 5677 mendose,
3376 5612 3738 5689 ἀνούστατον.

2151 5680 2410 5756 Leger'cm
2457 5681 2688 5736 libenter
2717 5680 3118 5751 ἀνυπόστατον,
3159 5693 3252 5739 aut
3292 5694 3445 5739 certe
3467 5681 3742 5738 ἀνουστό-

2149 5775 2269 5827 την.
