4056 6406
314 399 422 456 925

1418 400 1504 454 DE
1541 398 1916 455 TRINITATE
1954 401 2157 457 LIBER
2196 401 2520 459 TERTIUS.

3462 397 3568 458 926

316 509 653 582 κεχώρισται
691 511 797 582 γὰρ
845 509 939 564 τοῦ
1000 528 1019 563 ι
1049 509 1143 563 ἐπὶ
1201 508 1419 564 πάντων
1451 511 1525 581 »ἡ
1555 510 1752 576 κτίσις,
1781 510 1895 582 ἢνό

2003 513 2084 567 nis
2113 514 2306 569 scribit
2334 532 2348 569 :
2383 533 2403 566 ‹
2432 512 2692 581 Quoniam
2715 512 2829 585 (69)
2868 513 3107 582 ex'ipso,
3136 520 3192 570 et.
3234 528 3332 584 per
3368 513 3570 584 ipsum.

319 602 421 673 μὲν
453 622 471 654 ι
493 602 580 655 διὰ
602 601 816 657 πάντων
837 620 855 654 ι
890 600 1021 665 Θεὸς
1044 601 1215 670 Λόγος
1232 602 1310 663 είς
1334 600 1396 653 τὸ
1415 600 1553 653 εἶναι
1586 601 1895 672 παρήγαγε,

315 695 379 747 τὸ
404 694 461 746 δὲ
488 713 506 747 t
528 695 587 748 ὲν
607 694 809 749 ἅπασιν
844 714 863 747 ι
881 694 1105 766 Πνεῦμα
1123 692 1218 747 τοῦ
1239 692 1375 746 Θεοῦ
1416 692 1633 763 πληροῖ,
1662 691 1896 763 συνέχει,

316 784 559 852 ἁγιάζει,
605 785 700 838 καὶ
747 784 1022 848 ζωοποιεῖ.
1077 784 1177 838 Διά
1201 801 1285 837 τοι
1336 783 1493 837 τοῦτο
1524 781 1895 848 ὲξακολουθῶν

316 875 398 945 τῷ
427 878 556 947 περὶ
580 875 640 929 τὸ
671 875 953 947 βάπτισμα
970 874 1296 946 θεσπίσματι
1322 874 1415 929 τοῦ
1467 874 1761 938 Δεσπότου,
1781 877 1895 938 τοῖς

316 948 504 1030 αὐτοῖς
532 967 595 1020 τὸ
629 967 879 1039 δεύτερον
916 966 1223 1039 Κορινθίοις
1256 965 1581 1031 ἐπιστείλας,
1604 968 1670 1037 τῇ
1704 965 1894 1036 Τριάδι

314 1058 706 1129 τὴνίσοτιμίαν
735 1056 1021 1128 ἐφύλαξεν.
1060 1056 1248 1112 εἰπών’
1292 1076 1311 1109 ι
1359 1057 1421 1110 Ἡ
1452 1057 1611 1129 χάρις
1644 1057 1737 1109 τοῦ
1776 1057 1893 1109 Κυ-

320 1149 438 1221 ρίου
464 1149 620 1220 ἡμῶν
659 1150 833 1220 Ἰησοῦ
875 1148 1135 1219 Χριστοῦ,
1169 1158 1265 1202 και
1294 1150 1328 1219 ἡ
1380 1147 1568 1218 ἀγάπη
1602 1146 1697 1199 τοῦ
1731 1145 1892 1212 Θεοῦ,

316 1240 415 1293 καὶ
440 1240 475 1310 ἡ
503 1238 753 1292 κοινωνία
800 1238 893 1292 τοῦ
954 1238 1108 1309 ἁγίου
1150 1238 1464 1308 Πνεύματος
1507 1235 1645 1306 μετά
1676 1237 1894 1290 πάντων

316 1330 492 1400 ὑμῶν.
531 1350 551 1383 ι

1998 603 2123 659 etin
2152 602 2266 671 ipso
2295 605 2616 657 suotomnia
2639 621 2654 658 :
2680 603 2775 671 ipsi
2798 602 2965 673 gloria
2989 603 3042 657 in
3072 605 3289 660 saecula.
3327 605 3563 670 Amen”

1996 704 2052 749 et
2080 693 2326 762 Ephesiis
2358 711 2372 749 :
2410 711 2430 745 ι
2454 692 2603 749 Unus
2622 693 2737 763 (70)
2773 693 2911 749 Deus
2931 703 2984 749 et
2999 693 3162 749 Pater
3187 694 3451 762 omnium,
3476 698 3569 765 qui

1997 793 2080 838 est
2118 799 2280 851 super
2309 784 2514 847 omnia,
2551 793 2607 838 et
2647 798 2745 852 per
2788 784 2992 848 omnia,
3022 795 3076 839 et
3105 784 3156 838 in
3193 783 3444 840 omnibus
3488 801 3501 839 :
3541 804 3562 838 ι

1994 888 2102 929 non
2136 873 2370 928 alienum
2420 887 2543 927 esse
2587 872 2881 927 ostendens
2930 887 3079 936 eum,
3131 873 3220 941 qui
3274 882 3378 939 εει,
3413 892 3433 924 ε
3473 887 3570 944 per

1994 963 2198 1029 omnia,
2230 981 2250 1015 ι
2295 964 2364 1019 ab
2413 964 2528 1030 illo,
2580 964 2672 1034 qui
2722 971 2805 1019 est
2845 978 3052 1033 «super
3100 964 3304 1029 omnia,
3337 982 3359 1015 ι
3396 979 3570 1034 neque

1994 1054 2165 1121 illum,
2192 1055 2282 1125 qui
2315 1065 2398 1110 est
2439 1075 2458 1108 ι
2491 1057 2544 1109 in
2575 1056 2848 1117 omnibus,
2879 1073 2899 1107 ι
2937 1055 3004 1109 ab
3038 1055 3146 1122 illo,
3188 1057 3277 1125 qui
3303 1064 3387 1111 εει
3424 1075 3444 1108 ‹
3476 1071 3571 1126 ρει·
3618 1058 3632 1076 ⁸

1976 1140 2196 1200 ὀιιιιιίε.
2224 1164 2243 1197 ι
2282 1145 2493 1200 Etenim
2529 1146 2597 1211 is,
2631 1145 2722 1214 qui
2768 1155 2851 1199 εει
2896 1161 2917 1195 ι
2956 1159 3119 1213 super
3147 1147 3349 1213 omnia,
3387 1163 3406 1197 ι
3462 1159 3569 1200 non

1994 1237 2169 1299 abest,
2208 1251 2331 1289 cum
2379 1236 2450 1291 sit
2489 1236 2805 1302 immensus,
2838 1251 2868 1290 a
2915 1247 3193 1299 creatura,
3227 1251 3390 1304 quam
3424 1234 3570 1290 Deus

1995 1325 2211 1394 quidem
2254 1325 2511 1390 Verbum,
2551 1327 2758 1395 quiest
2797 1344 2815 1377 ι
2854 1341 2949 1396 per
2992 1326 3197 1391 omnia,
3240 1344 3260 1377 ι
3309 1326 3375 1379 ad
3421 1327 3568 1380 exsi-

316 1424 568 1477 Stentiam
609 1422 852 1489 adduxit,
892 1420 1127 1490 Spiritus
1176 1433 1303 1474 vero
1359 1419 1477 1484 Dei,
1520 1417 1610 1488 qui
1647 1426 1732 1471 est
1773 1433 1792 1467 ι
1835 1430 1889 1468 ιιι
1923 1415 2177 1469 omnibus
2202 1415 2338 1486 (7i),
2364 1434 2383 1466 ι
2421 1431 2542 1470 eam
2611 1416 2817 1485 implet,
2847 1415 3108 1479 continet,
3144 1414 3469 1480 sanctificat,
3515 1423 3573 1490 et

314 1515 576 1569 viviﬁcat.
608 1513 722 1568 Hac
752 1528 883 1569 sane
911 1489 977 1568 de
1001 1527 1163 1567 causa
1200 1512 1254 1565 in
1295 1512 1529 1566 secunda
1564 1510 1630 1564 ad
1666 1507 1883 1563 eosdem
1924 1504 2235 1563 Corinthios
2299 1506 2540 1577 Epistula
2612 1519 2722 1563 tres
2757 1506 3040 1561 Trinitatis
3071 1519 3328 1573 personas
3375 1489 3571 1577 acquali

315 1622 652 1678 prosequens
694 1608 921 1669 honore,
970 1620 1034 1660 ac
1083 1604 1151 1660 iis
1207 1612 1572 1659 consentanea
1658 1600 1922 1664 scribens,

1994 1614 2114 1668 qua:
2166 1600 2219 1654 in
2260 1600 2510 1671 baptismi
2559 1599 2787 1655 formula
2827 1598 2991 1669 jussit
3037 1599 3296 1653 Dominus
3338 1601 3567 1667 servari,

315 1700 438 1754 ait:
492 1716 511 1748 ι
539 1698 725 1753 Gratia
753 1698 863 1769 (72)
918 1696 1127 1752 Domini
1173 1696 1342 1751 nostri
1392 1694 1521 1752 Jesu
1565 1694 1788 1760 Christi,
1830 1702 1887 1749 et
1923 1694 2164 1751 charitas
2227 1696 2342 1763 Dei,
2411 1708 2467 1753 et
2503 1697 2921 1754 communicatio
2962 1697 3138 1752 sancti
3185 1695 3421 1773 Spiritus
3444 1708 3568 1750 cum

312 1789 568 1846 omnibus
598 1787 768 1844 vobis.
804 1806 825 1841 ι

399 1961 664 2016 Ἐνταῦθα
690 1960 752 2013 τὸ
798 1959 994 2015 ταυτὸν
1021 1958 1122 2029 τῆς
1149 1957 1420 2028 θεότητος,
1451 1958 1545 2010 καὶ
1581 1957 1643 2010 τὸ
1684 1954 1890 2010 ἁπλοῦν

2062 1953 2268 2020 Quibus
2306 1953 2359 2004 in
2383 1956 2562 2005 verbis
2591 1949 2938 2022 propter(73)
2973 1951 3187 2006 deitatis
3208 1952 3565 2020 identttatem,

310 2048 416 2117 τῆς
454 2047 690 2110 πίστεως
737 2046 1016 2116 μονονουχὶ
1059 2045 1153 2099 τοῦ
1184 2046 1396 2116 Πατρὸς
1444 2046 1761 2117 προτάττων
1797 2045 1889 2100 τὸν

316 2139 472 2202 Υἱὸν,
500 2138 635 2191 ἀλλά
668 2138 763 2190 καὶ
793 2137 1163 2209 προσκύνησιν
1190 2138 1310 2208 ἴσην
1335 2138 1623 2207 ἀπονέμων
1649 2135 1726 2206 τῷ
1754 2136 1892 2207 ἁγίῳ

310 2230 611 2299 Πνεύματι,
659 2229 754 2282 καὶ
787 2229 1014 2298 ἑνότητα
1064 2228 1158 2281 καὶ
1200 2228 1484 2282 κοινωνίαν
1534 2225 1672 2281 εἶναι
1720 2227 1891 2295 λέγων

310 2319 480 2392 αὐτῷ.
508 2322 674 2374 Ποίαν
706 2321 763 2373 δὲ
807 2321 1042 2390 ταύτην;
1068 2320 1290 2384 Οὐσίας,
1331 2320 1624 2390 βασιλείας,
1658 2319 1894 2389 θελήμα-

307 2431 424 2477 τος,
462 2413 556 2467 καὶ
582 2416 681 2484 τῆς
711 2412 1183 2483 ἀναπεμπομένης
1221 2412 1398 2482 δόξης.
1446 2412 1535 2476 Ἐξ
1567 2413 1811 2483 ὑπαρχῆς
1837 2412 1893 2465 δὲ

308 2506 406 2559 τοῦ
436 2505 819 2577 προϐλήματος
847 2522 952 2575 μνη
962 2503 1330 2574 μονεύσωμεν.
1356 2504 1579 2576 Γράφειο
1605 2523 1622 2555 t
1652 2501 1748 2568 Εἷς
1763 2504 1894 2567 Θεὸς

307 2603 338 2652 6
370 2600 579 2670 Πατὴρ,
599 2618 616 2648 ι
636 2599 729 2652 κα)⁵
754 2594 863 2660 «εἷς
893 2597 1100 2669 Κύριος
1126 2595 1331 2667 Ἰησοῦς
1359 2598 1648 2669 Χριστός»
1681 2599 1779 2669 οὐχ
1816 2598 1895 2661 ὡς

307 2690 406 2744 τοῦ
463 2690 723 2759 ὀνόματος
757 2708 775 2739 ι
812 2688 913 2758 τῆς
959 2688 1209 2759 θεότητος
1239 2708 1259 2740 ι
1288 2689 1665 2758 ὑπερέχοντος,
1685 2689 1718 2760 ἢ
1741 2707 1893 2760 πρω-

306 2778 557 2841 τεύοντος
584 2777 675 2831 τοῦ
690 2776 949 2847 ὀνόματος
978 2776 1108 2845 (τῆς
1134 2776 1474 2847 κυριότητος,
1507 2795 1525 2828 ι
1556 2776 1662 2829 οὐδ’
1689 2776 1764 2838 ὡς
1795 2777 1895 2849 ἁρ-

314 2869 573 2939 μόζοντος
608 2868 753 2938 μόνῳ
786 2869 884 2937 μὲν
928 2866 1009 2936 τῷ
1048 2867 1226 2936 Πατρὶ
1254 2866 1314 2920 τὸ
1361 2867 1579 2920 ἀκούειν
1616 2885 1633 2917 t
1675 2867 1829 2931 Θεὸς,
1868 2887 1888 2920 ι

313 2955 464 3026 μόνῳ
499 2955 553 3007 δὲ
570 2954 647 3024 τῷ
674 2953 785 3025 Υἰῷ
809 2954 867 3007 τὸ
893 2953 1174 3007 καλεῖσθαι
1203 2953 1330 3025 [198
1350 2953 1405 3026 τι]
1434 2973 1452 3006 ι
1482 2955 1686 3025 Κύριος
1717 2976 1735 3008 ι
1767 2958 1895 3028 (ἀμ-

312 3046 562 3117 φοτέρων
597 3045 702 3117 γὰρ
729 3045 798 3097 τὰ
831 3044 925 3097 δύο
958 3044 1107 3116 ίδια)’
1154 3044 1269 3097 ἀλλ’
1305 3046 1454 3108 ὅπως
1495 3047 1588 3098 καὶ
1617 3046 1676 3100 τὸ
1699 3047 1893 3100 ίδιοσύ-

310 3153 504 3189 στατον
547 3135 654 3188 τῶν
702 3136 1073 3200 ὑποστάσεων,
1106 3136 1200 3188 καὶ
1239 3135 1301 3187 τὸ
1333 3138 1390 3188 ὲν
1416 3137 1515 3206 μιᾷ
1547 3130 1687 3190 εἶναι
1726 3138 1894 3203 αὑτὰς

310 3229 527 3299 θεότητι
575 3229 669 3287 καὶ
715 3229 1000 3299 κυριότητι
1040 3228 1373 3299 ἀπαγγείλῃ.
1416 3229 1741 3297 Ἐπείτοιγε,
1773 3231 1892 3283 κατ’

1992 2054 2048 2100 ει
2077 2044 2197 2099 lidei
2223 2041 2625 2111 simplicitatem
2655 2056 2761 2096 non
2805 2043 2964 2096 modo
2991 2051 3117 2096 ante
3155 2041 3367 2098 Patrem
3397 2043 3569 2098 collo-

1992 2134 2208 2206 cat(74)
2242 2134 2457 2199 Filium,
2489 2147 2676 2188 verum
2698 2133 2863 2187 etiam
2895 2134 3151 2203 aequalem
3198 2135 3566 2189 adorationem

1995 2227 2187 2282 tribuit
2217 2225 2440 2295 Spiritui
2472 2235 2684 2287 sancto,
2715 2224 2940 2293 ejusque
2975 2226 3257 2287 unitatem.
3284 2235 3340 2280 et
3373 2245 3391 2279 ι
3420 2242 3571 2281 com-

1994 2319 2415 2374 nmnicationem
2456 2336 2476 2369 ι
2511 2317 2588 2385 (id
2624 2327 2709 2371 est
2748 2319 3204 2386 communionem)
3239 2332 3571 2373 commemo-

1995 2419 2096 2464 rat.
2129 2409 2316 2476 Qualis
2355 2422 2483 2463 vero
2528 2418 2610 2462 est
2655 2408 2755 2460 ista
2799 2408 3248 2462 communicatio?
3285 2409 3568 2476 Essentim,

2000 2500 2175 2569 regni,
2202 2498 2514 2564 voluntatis,
2540 2505 2595 2550 ct
2626 2496 3055 2566 gloriﬁcationis,
3105 2512 3265 2566 quam
3298 2497 3408 2551 Deo
3433 2496 3571 2552 olle-

1999 2590 2189 2642 rimus.
2220 2587 2419 2642 Verum
2449 2602 2511 2641 ea
2546 2586 2719 2640 denuo
2753 2601 3240 2640 commcmoremus
3285 2603 3403 2655 qua:
3429 2587 3571 2654 obji-

1993 2679 2142 2732 ciunt
2171 2678 2428 2731 haaretici.
2453 2676 2653 2731 Scribit
2683 2678 2880 2732 Paulus
2912 2697 2926 2732 :
2963 2677 3145 2733 «Unus
3170 2678 3310 2733 Deus
3340 2678 3522 2745 Pater,
3544 2698 3566 2732 ι

1993 2777 2043 2823 ει
2073 2784 2087 2821 :
2118 2785 2137 2819 ι
2172 2769 2319 2823 Unus
2342 2767 2599 2822 Dominus
2619 2767 2777 2823 Jesns
2799 2768 3070 2832 Christus,
3099 2787 3119 2821 ι
3153 2786 3256 2823 non
3280 2773 3431 2839 quasi
3456 2770 3571 2843 (75)

1998 2875 2193 2914 nomen
2234 2877 2253 2909 ι
2286 2859 2508 2912 Deitatis
2536 2876 2556 2910 ι
2618 2859 2689 2912 sit
2738 2858 3128 2923 excellentius,
3164 2870 3258 2912 aut
3304 2862 3571 2927 anterius,

1994 2967 2155 3021 quam
2188 2966 2382 3005 nomen
2418 2969 2437 3002 ι
2463 2950 2889 3015 Dominationis;
2922 2970 2941 3003 ι
2974 2961 3067 3005 aut
3095 2953 3247 3020 quasi
3286 2954 3574 3008 conveniat

1994 3044 2091 3097 soli
2122 3043 2336 3113 quidem
2362 3042 2528 3106 Patri,
2548 3051 2608 3096 ιιι
2629 3041 2842 3097 dicatur
2857 3042 3046 3113 41οι
3059 3043 3359 3106 Βειιε,›εοὶί
3390 3054 3571 3099 autem

1995 3136 2132 3193 Filio
2159 3144 2217 3188 ut
2245 3144 2470 3189 vocetur
2501 3134 2852 3198 «Dominusp
2876 3137 3158 3203 utriusque
3173 3135 3317 3189 enim
3355 3137 3570 3205 propria

1997 3239 2121 3285 sunt
2151 3228 2265 3281 haec
2303 3227 2427 3280 duo.
2480 3224 2587 3280 Sed
2630 3227 2752 3281 ideo
2780 3226 2859 3280 sic
2891 3226 3126 3295 loquitur
3152 3228 3462 3295 Apostolus,
3505 3236 3566 3283 ut

310 3323 529 3387 αὐτοὺς,
563 3322 610 3373 εί
633 3322 707 3393 μὴ
736 3321 881 3374 ἐστιν
907 3321 1067 3390 φύσει
1087 3320 1219 3384 Θεὸς
1251 3322 1279 3373 ό
1310 3319 1458 3385 Υἱὸς,
1494 3322 1614 3374 οὐδὲ
1649 3321 1850 3393 Κύριος
1869 3324 1895 3376 6

2002 3328 2056 3374 et
2105 3317 2376 3387 propriam
2431 3317 2840 3371 subsistentiam
2896 3318 3266 3388 liypostasiutr
3301 3319 3570 3382 enuntiet,

310 3412 506 3483 Πατὴρ
551 3412 728 3481 (ἵλεως
756 3412 814 3465 δὲ
843 3413 975 3483 ἡμῖν
1004 3413 1113 3482 εἴη,
1157 3412 1387 3467 τοιαῦτα
1442 3413 1500 3479 ἐξ
1531 3413 1778 3483 ἀνάγκης
1809 3413 1898 3467 διὰ

309 3506 413 3574 τὴν
459 3504 716 3557 ἀπόνοιαν
755 3503 1151 3574 φθεγγομένοις
1200 3504 1289 3575 τὴν
1313 3502 1564 3573 τούτων),
1602 3504 1678 3566 ὡς
1700 3503 1897 3558 ταυτὸν

308 3597 369 3649 δὲ
395 3596 658 3667 τυγχάνον
692 3614 710 3646 t
740 3596 872 3660 Θεὸς
908 3614 927 3647 t
962 3596 1058 3649 καὶ
1092 3614 1110 3647 ι
1143 3596 1368 3666 Κύριος,
1406 3613 1425 3646 t
1459 3596 1553 3649 καὶ
1576 3594 1652 3659 ὡς
1671 3594 1897 3666 θάτερον

309 3688 541 3759 θατέρου
562 3688 635 3759 μὴ
661 3688 938 3759 διαφέρον,
976 3687 1110 3758 μηδὲ
1137 3686 1542 3757 κεχωρισμένον
1567 3687 1642 3750 ὡς
1670 3687 1893 3751 ὲπίπαν,

308 3781 604 3852 προτάττει
656 3782 690 3851 ἡ
734 3779 924 3851 Γραφὴ
956 3780 1019 3833 τὸ
1044 3799 1063 3832 ι
1104 3781 1132 3832 6
1178 3780 1383 3851 Κύριος
1419 3799 1437 3830 ι
1475 3778 1606 3832 τοῦ(
1636 3779 1837 3844 όΘεὸς,
1871 3798 1890 3831 ι

308 3873 453 3929 κατὰ
486 3872 725 3927 Μωῦσέα
756 3871 1003 3940 λέγονταο
1031 3890 1049 3923 ι
1082 3871 1287 3942 Κύριος
1308 3872 1336 3922 6
1367 3869 1500 3934 Θεός
1540 3887 1655 3935 σου,
1692 3869 1899 3941 Κύριος

308 3961 395 4029 εἷς
415 3968 581 4019 ἐστιν’
625 3983 645 4015 ι
693 3965 788 4017 καὶ
835 3963 1019 4016 πάλιν’
1066 3979 1085 4012 ι
1124 3960 1253 4026 Πῶς
1283 3959 1533 4027 διώξεται
1569 3955 1650 4024 εἷς
1672 3960 1895 4031 χιλίους,

307 4060 409 4113 κει)⁵
439 4057 531 4112 δύο
554 4058 1004 4127 μετακινήσουσιν
1048 4053 1333 4124 μυριάδας,
1368 4053 1416 4104 εί
1437 4053 1510 4123 μὴ
1528 4052 1731 4124 Κύριος
1759 4070 1900 4124 παρ-

310 4151 514 4204 έδωκεν
566 4150 784 4213 αὐτοὺς,
819 4147 914 4200 καὶ
939 4147 967 4199 6
1000 4146 1132 4209 Θεὸς
1181 4148 1409 4201 ἀπέδοτο
1458 4145 1689 4210 αὑτούς;
1744 4163 1764 4197 ι
1803 4144 1899 4196 καὶ

311 4242 457 4298 κατά
516 4240 607 4295 τὸν
645 4239 938 4311 ψαλμῳδὸν
977 4240 1035 4292 ὲν
1085 4236 1130 4302 ζ’
1164 4237 1384 4309 ψαλμῷ·
1429 4256 1448 4289 ι
1487 4237 1662 4308 Κύριε
1687 4237 1716 4288 6
1767 4234 1899 4299 Θεός

314 4350 444 4406 μου,
474 4333 523 4385 εἰ
566 4331 800 4399 ἐποίησα
856 4329 1034 4383 τοῦτο.
1075 4347 1094 4380 ι
1145 4330 1304 4383 Κατὰ
1351 4329 1408 4382 δὲ
1449 4327 1657 4399 Ἰησοῦν
1687 4327 1779 4380 τὸν
1805 4326 1897 4380 τοῦ

309 4426 493 4497 Navi),
517 4427 550 4496 ἡ
570 4424 796 4495 λατρεία
820 4424 941 4494 ἥτις
970 4422 1242 4492 ὀφείλεται
1262 4422 1406 4493 μόνῳ
1430 4419 1587 4491 υΘεῷ,
1617 4418 1695 4490 τῷ
1710 4417 1900 4490 Κυρίῳ

310 4518 672 4588 προσάγεταιο
714 4517 934 4579 πάντως
966 4515 1025 4568 δὲ
1063 4515 1140 4577 ὼς
1184 4513 1323 4584 Θεῷ.
1362 4514 1516 4582 Ἔχει
1540 4512 1668 4584 γάρ·
1691 4531 1709 4563 ί
1743 4512 1900 4582 Μάρ-

1996 3424 2049 3468 ει
2077 3429 2172 3468 eas
2207 3413 2260 3466 in
2289 3427 2391 3466 una
2441 3412 2660 3474 deitate,
2689 3427 2752 3465 ac
2798 3414 3164 3467 dominatione
3205 3427 3323 3466 esse
3359 3413 3571 3482 signiﬁ-

1996 3514 2102 3559 cet.
2146 3504 2280 3558 Nam
2316 3503 2576 3573 alioquin,
2625 3504 2668 3557 si
2722 3503 2888 3557 Filius
2919 3519 3105 3557 eorum
3152 3504 3417 3557 sententia
3465 3518 3572 3557 non

1996 3609 2080 3654 est
2116 3608 2307 3653 natura
2360 3597 2522 3663 Dens,
2584 3612 2651 3651 ne
2692 3596 2854 3651 Pater
2887 3597 3102 3666 quidem
3151 3598 3407 3650 Dominus
3443 3598 3572 3663 erit,

1997 3692 2206 3764 (parcat
2252 3702 2433 3747 autem
2488 3690 2605 3761 ipse
2651 3690 2807 3743 nobis
2847 3690 2969 3743 talia
3022 3705 3086 3743 ex
3135 3689 3459 3743 necessitate
3505 3692 3575 3742 oh

1997 3784 2228 3837 istorum
2296 3782 2624 3836 dementiam
2687 3778 3051 3849 dicentibus).
3120 3780 3383 3844 Quoniam
3446 3793 3577 3834 vero

1998 3890 2160 3928 ttnum
2192 3883 2246 3927 et
2274 3874 2414 3928 idem
2438 3882 2523 3928 est
2556 3890 2575 3923 ι
2613 3872 2777 3936 Deus,
2803 3890 2821 3922 ι
2855 3882 2909 3925 et
2943 3889 2961 3921 ι
2993 3869 3273 3936 Dominus,
3307 3890 3325 3923 ι
3359 3881 3412 3923 ει
3435 3870 3575 3924 alte-

1996 3983 2115 4022 rum
2142 3966 2209 4021 ab
2243 3966 2416 4020 altero
2445 3981 2549 4020 non
2573 3964 2772 4031 diﬂ‘ert,
2806 3980 2904 4018 nec
2926 3965 3227 4033 seiungitur
3257 3964 3366 4018 ullo
3392 3962 3574 4026 modo,

1998 4055 2284 4125 Scriptura
2336 4056 2603 4125 praeponit
2666 4068 2863 4109 nomen
2930 4073 2949 4106 ι
2992 4055 3246 4108 Dominus
3290 4073 3309 4106 ι
3372 4053 3577 4107 nomini

2002 4165 2021 4198 ι
2062 4148 2230 4210 Dens;
2266 4165 2285 4199 ι
2326 4156 2382 4199 ut
2416 4161 2537 4199 cum
2570 4145 2647 4199 ait
2684 4144 2896 4217 Moyses
2923 4185 2938 4200 .
2967 4162 2985 4195 ι
3010 4145 3268 4199 Dominus
3294 4144 3404 4216 (76)
3436 4143 3578 4198 Deus

1997 4248 2118 4294 tuus
2148 4236 2261 4310 (77)
2301 4236 2564 4291 Dominus
2605 4251 2746 4291 unus
2791 4242 2902 4301 est;
2942 4253 2962 4288 ι
2995 4243 3050 4290 ει
3097 4250 3322 4289 rursus:
3367 4251 3388 4285 ι
3429 4234 3577 4300 Quo-

1996 4330 2155 4385 modo
2176 4327 2288 4400 (78)
2317 4336 2673 4398 persequetur
2706 4341 2846 4381 unus
2890 4325 3057 4391 mille,
3098 4335 3153 4380 et
3180 4325 3286 4378 duo
3315 4323 3571 4378 transmi—

1996 4436 2154 4492 grare
2180 4420 2379 4474 facient
2404 4422 2587 4475 decem
2614 4418 2803 4481 millia,
2837 4418 2938 4471 nisi
2969 4417 3229 4471 Dominus
3266 4415 3580 4469 tradidisset

1998 4514 2139 4578 illos,
2171 4520 2225 4566 et
2251 4510 2398 4567 Deus
2429 4510 2762 4565 vendidisset
2785 4506 2946 4563 illos?
2973 4527 2993 4560 ι
3034 4507 3243 4562 Etcum
3273 4506 3349 4560 ait
3372 4504 3579 4560 Psaltes

309 4624 474 4678 τυρες
513 4609 669 4678 ὑμεῖς
685 4607 804 4661 καθ’
829 4606 1063 4673 ἑαυτῶν,
1095 4607 1176 4660 ὅτι
1220 4605 1538 4672 ἐξελέξασθε
1562 4606 1776 4669 ἑαυτοῖς
1807 4604 1895 4657 τὸν

1999 4607 2050 4658 in
2082 4619 2154 4658 vn
2202 4603 2410 4671 psalmo
2457 4620 2470 4657 :
2512 4620 2531 4652 ι
2566 4599 2796 4654 Domine
2815 4599 2929 4671 (79)
2973 4599 3116 4653 Deus
3163 4613 3334 4662 mens,
3376 4597 3420 4651 si
3475 4596 3581 4651 feci

309 4698 538 4768 Κύριον,
566 4696 662 4751 τοῦ
695 4696 979 4768 λατρεύειν
1012 4696 1183 4767 αὐτῷ.
1236 4716 1254 4744 ι
1299 4698 1486 4749 Ἔστιν
1525 4696 1583 4749 δὲ
1622 4695 1894 4765 σκοπῆσαι

2000 4695 2165 4751 istud?
2198 4713 2216 4746 ι
2252 4692 2415 4748 Juxta
2438 4690 2622 4747 Jesum
2666 4706 2794 4746 vero
2846 4690 3012 4745 [ilium
3059 4689 3209 4744 Nave
3240 4690 3419 4743 cultus
3466 4690 3578 4756 ille,

309 4790 410 4845 καὶ
437 4788 494 4855 ὲξ
519 4787 713 4859 ἑτέρας
736 4789 978 4861 γραφῆς,
1015 4788 1091 4851 ὼς
1133 4789 1195 4841 οὐ
1240 4789 1307 4859 τῇ
1343 4789 1438 4858 μιᾷ
1472 4787 1767 4841 ὑποστάσει
1793 4787 1895 4857 ἁρ-

313 4881 504 4953 μόττει
557 4883 618 4935 τὸ
667 4899 687 4933 ι
719 4884 748 4936 6
783 4881 1009 4953 Κύριος.
1055 4900 1073 4933 ι
1105 4880 1311 4935 Ψάλλει
1355 4879 1464 4949 γὰρ
1510 4878 1675 4931 Δαυῒδ
1703 4879 1762 4930 ὲν
1808 4876 1896 4949 πβ’

307 4972 531 5044 ψαλμῷ·
566 4992 584 5025 ι
623 4972 1083 5044 Αἰσχυνθήτωσαν
1112 4972 1206 5025 καὶ
1237 4970 1671 5043 ταραχθήτωσαν
1701 4972 1781 5034 εἰς
1803 4970 1897 5023 τὸν

298 5202 308 5247 ι
388 5195 501 5267 (69)
543 5193 1020 5267 ραοηὶαζηιιῖοιιι.
1053 5209 1131 5267 χι,
1164 5191 1253 5250 '56.

302 5317 311 5334 ε
387 5263 499 5334 (70)
543 5263 711 5320 Unus.
744 5264 946 5334 Epltes.
978 5279 1051 5331 tv,
1085 5265 1138 5319 6.

303 5317 311 5347 ἱ
535 5278 711 5388 ρεαδ.
744 5278 946 5334 rspnes.
978 5279 1051 5331 tv,
1085 5278 1151 5350 ρ..
1205 5336 1218 5348 ο
1541 5348 1550 5356 .
1711 5350 1723 5362 .

571 5353 604 5389 n
646 5336 907 5407 omnium.
940 5337 1181 5407 Respicit
1205 5334 1338 5390 tllud
1362 5332 1489 5407 Sap.
1523 5348 1621 5397 an,
1651 5333 1677 5387 1
1711 5375 1724 5386 .
1757 5350 1773 5383 ι
1805 5329 1889 5386 in-

307 5404 607 5473 corruptus
637 5415 762 5459 tuus
793 5404 1030 5473 Spiritus
1054 5404 1141 5461 est
1173 5406 1226 5461 in
1260 5406 1535 5459 omnibus.
1564 5422 1585 5456 ι

386 5476 500 5548 (η)
541 5473 751 5548 Qratia.
805 5472 878 5548 l[_
910 5476 1034 5532 Cor.
1072 5476 1305 5548 xttt,15.

389 5541 502 5618 (75)
546 5544 796 5618 ,ΡνοΡιεικ
840 5544 1054 5618 βοᾱει,
1091 5541 1418 5599 τὸταυτόν.
1452 5541 1606 5597 Addo
1650 5541 1773 5608 διά,
1832 5555 1890 5598 ³(

305 5614 443 5687 [ego
484 5615 571 5669 διά
586 5616 664 5687 *τὸ
693 5614 908 5687 ταυτόν.

390 5680 523 5757 (74»)Δ
561 5684 695 5739 Ante
736 5684 954 5757 Patrem
1002 5683 1250 5757 collocat.
1287 5682 1464 5757 Codex
1488 5724 1503 5749 ,
1544 5681 1639 5757 τοῦ
1678 5680 1892 5754 Πατρὸς

315 5752 698 5827 προστάττων..
750 5752 1258 5827 δεόᾉρειοερίειιυιιι.
1288 5765 1373 5808 εει
1426 5753 1713 5825 legendum
1770 5752 1893 5810 ease

376 5822 436 5882 ut
468 5839 521 5883 et
552 5824 691 5896 lego]
724 5822 818 5878 τοῦ
849 5822 1064 5897 Πατρὸς
1091 5822 1427 5895 προτάττων.

2001 4787 2093 4858 qui
2128 4786 2225 4840 soli
2250 4785 2361 4840 Deo
2395 4785 2642 4850 debetur,
2680 4782 2910 4837 Domino
2934 4779 3182 4846 oﬂertttr,
3214 4797 3278 4837 ac
3310 4780 3578 4846 redditur;

2001 4879 2143 4935 nulla
2183 4878 2393 4933 scilicet
2446 4877 2552 4932 alia
2618 4877 2685 4932 de
2735 4890 2924 4941 causa,
2960 4876 3063 4929 nisi
3112 4875 3241 4945 quia
3294 4873 3434 4928 Deus
3464 4882 3579 4929 est:

2003 4971 2114 5026 haec
2146 4971 2288 5025 enim
2314 4970 2510 5025 habet:
2545 4988 2565 5021 ι
2598 4969 2786 5024 Testes
2809 4967 2923 5040 (80)
2958 4982 3055 5024 vos
3089 4969 3221 5023 estis
3243 4978 3433 5023 contra
3460 4982 3583 5022 vos-

2069 5191 2181 5265 (75)
2218 5191 2341 5265 Non
2374 5193 2563 5263 quasi,
2599 5203 2719 5265 etc.
2741 5191 3141 5265 Eodemhtnodo
3173 5187 3537 5265 _Pauli_verb:t
3560 5227 3581 5256 ,

1996 5258 2204 5388 égﬂnu's
2229 5258 2420 5330 Deus,»
2442 5258 2572 5329 etc.,
2599 5262 2835 5335 explicat
2863 5264 2918 5318 in
2942 5262 3034 5317 lib.
3067 5260 3143 5315 De
3163 5259 3307 5331 Spir.
3338 5258 3398 5317 S.
3432 5276 3583 5318 num.

2070 5402 2182 5475 (76)
2237 5401 2510 5475 Dominus.
2547 5402 2804 5475 Deut._vt_,
2837 5401 2893 5456 4.

2076 5470 2191 5544 (77)
2246 5470 2410 5544 Tuus.
2443 5472 2633 5544 Graeca
2665 5473 2863 5535 editio,
2895 5471 3089 5544 ἡμῶν,
3120 5485 3215 5526 seu
3256 5488 3275 5523 ι
3316 5476 3521 5524 noster.
3555 5486 3577 5521 ι

2080 5541 2192 5610 (78)
2234 5541 2530 5607 Quomodo.
2568 5542 2724 5596 Deut.
2757 5541 3058 5607 κικιιζὸο.

2082 5610 2194 5684 (79)
2235 5612 2484 5684 Domine.
2509 5610 2651 5666 Psal.
2680 5627 2779 5678 VII,
2805 5612 2892 5684 5_(
2908 5628 3001 5684 seu
3028 5611 3121 5684 ξ),

2075 5677 2188 5754 (80)
2232 5680 2425 5754 Testes.
2459 5680 2625 5754 Josue
2655 5677 2802 5754 xxiv,
2832 5677 3011 5754 22.Aln
3045 5679 3232 5737 Bibliis
3272 5677 3415 5734 idem
3437 5689 3569 5731 sen-

2003 5750 2120 5819 sus,
2151 5750 2245 5811 Sed
2272 5752 2434 5807 verba
2467 5750 2860 5823 aliquantulum
2897 5750 3130 5806 diversa.
