4034 6436
301 419 408 474 9Ξ9

1411 418 1499 472 DE
1539 417 1915 474 TRINITATE
1955 417 2162 474 LIBER
2201 418 2520 474 TERTIUS.

3461 434 3572 490 930

299 551 380 590 τι·
418 555 438 588 ι
488 535 629 607 ὅπερ
672 535 905 606 οὐδαμοῦ
961 535 1270 607 γέγραπται
1317 538 1698 608 συνημμένως,
1754 537 1885 592 ἀλλὰ

1993 550 2235 594 noratur.
2294 539 2549 609 luquiunt
2591 539 2736 595 enim
2773 559 2789 596 :
2831 543 3014 600 Gloria
3053 545 3200 601 Patri
3241 562 3335 616 per
3373 549 3567 606 Filium

301 633 746 700 κεχωρισμένως,
774 628 896 682 καθ’
929 628 1243 700 ὑπαλλαγὴν
1266 629 1484 694 λέξεων,
1517 631 1606 684 διὰ
1634 630 1731 694 τὰς
1755 649 1888 701 μνη-

305 717 660 789 μονευθείσας
699 717 898 781 αίτίας,
932 719 993 772 οὐ
1020 718 1201 789 μέντοι
1227 720 1312 772 διὰ
1349 720 1677 788 δοξολογίαν,
1707 723 1740 793 ἦ
1767 741 1888 776 τινα

303 807 520 876 ὕφεσιν·
572 801 685 859 οἷον
725 809 783 860 ὲν
829 811 940 871 τοῖς
991 810 1377 880 προκειμένοις
1407 812 1438 880 ἡ
1468 811 1658 882 Γραφὴ
1711 809 1882 864 εἶπεν·

309 915 332 948 ι
375 891 468 960 Εἷς
496 896 628 960 Θεὸς
670 899 763 950 καὶ
794 899 1004 970 Πατὴρ,
1036 899 1093 965 ἐξ
1121 893 1181 951 οὗ
1205 901 1274 953 τὰ
1309 902 1507 965 πάντα,
1544 903 1635 955 καὶ
1660 897 1739 965 εἷς
1771 903 1887 955 Κύ-

307 1005 425 1059 ριος
466 988 670 1057 Ἰησοῦς
702 989 953 1060 Χριστὸς,
1021 990 1084 1042 δι’
1134 983 1194 1044 οὗ
1256 992 1323 1044 τά
1357 993 1552 1046 πάντα·
1598 1013 1616 1045 ι
1657 995 1751 1047 καὶ
1788 997 1888 1048 οὐκ.

301 1079 603 1148 ἐπήγαγεν.
649 1079 735 1131 Ἐν
757 1078 893 1148 ἁγίῳ
921 1079 1218 1151 Πνεύματι,
1253 1082 1307 1152 ἢ,
1351 1082 1438 1135 Ἐν
1464 1081 1542 1152 τῷ
1577 1083 1881 1153 Πνεύματι.

304 1170 572 1232 Πολλάκις
598 1169 654 1222 δὲ
688 1169 951 1241 κέχρηται
983 1171 1061 1241 τῷ
1097 1190 1116 1222 ι
1157 1173 1222 1224 δι’
1245 1168 1304 1227 οὗ
1328 1193 1345 1224 ι
1375 1175 1494 1227 ἀντὶ
1516 1173 1631 1238 τοῦ,
1657 1175 1775 1243 μεθ’
1802 1172 1882 1230 οὗ·

301 1261 380 1323 ὡς
396 1261 604 1324 Παῦλος
630 1262 934 1332 Κορινθίοις
968 1265 1191 1332 γράφει·
1225 1283 1243 1316 ι
1289 1267 1383 1318 Ἐκ
1405 1266 1508 1339 γὰρ
1547 1268 1747 1339 πολλῆς
1778 1269 1888 1321 θλί-

301 1352 451 1419 ψεως
497 1353 591 1405 καὶ
624 1353 850 1422 συνοχῆς
875 1354 1103 1423 καρδίας
1141 1354 1354 1425 ἔγραψα
1388 1359 1516 1426 ὑμῖν
1555 1358 1644 1412 διὰ
1671 1358 1881 1412 πολλῶν

304 1442 575 1513 δακρύων·
609 1463 628 1495 ι
655 1443 775 1496 ἀντὶ
803 1443 919 1509 τοῦ,
952 1445 1091 1512 μετὰ
1123 1447 1355 1500 πολλῶν.
1385 1449 1494 1500 Καὶ
1521 1449 1681 1503 πάλιν
1720 1451 1777 1502 ὲν
1815 1453 1882 1521 τῇ

304 1533 498 1606 πρώτῃ
535 1535 840 1605 Ἐπιστολῇ·
881 1555 899 1586 ι
934 1536 1103 1589 Ὅταν
1136 1538 1194 1589 δὲ
1234 1539 1648 1609 παραγένωμαι,
1681 1540 1772 1604 οὓς
1791 1541 1884 1594 ἐὰν

302 1623 657 1695 δοκιμάσητε,
684 1624 749 1678 δι’
776 1626 1073 1679 ἐπιστολῶν
1093 1627 1314 1692 τούτους
1344 1629 1544 1700 πέμψω
1564 1633 1884 1699 ἀπενεγκεῖν

301 1715 404 1784 τὴν
437 1714 594 1784 χάριν
623 1715 777 1785 ὑμῶν
800 1718 858 1771 ὲν
904 1717 1289 1790 Ἰερουσαλήμ·
1336 1739 1353 1771 ι
1401 1721 1697 1781 τουτέστιν,
1751 1722 1886 1791 μετὰ

304 1805 602 1859 ἐπιστολῶν
667 1807 885 1877 πέμψω.
931 1806 1066 1862 Εἶτα
1124 1810 1382 1881 ἀλλαχοῦ,
1429 1815 1529 1865 οὐκ
1577 1813 1806 1865 εἰποῦσα
1851 1815 1884 1883 ἡ

303 1897 495 1968 Γραφὴ
519 1897 580 1950 τὸ
607 1917 624 1948 ι
663 1898 722 1962 ἐξ
746 1891 808 1952 οὗ
841 1919 859 1952 ι
882 1901 975 1953 καὶ
1011 1918 1028 1950 ι
1055 1900 1121 1953 δι’
1142 1895 1226 1964 οὗ,
1270 1920 1288 1952 ι
1329 1901 1496 1970 λέγει·
1535 1922 1553 1954 ι
1601 1905 1687 1956 Ἐν
1715 1903 1885 1956 Πνεύ-
1916 1895 1956 1949 Β

309 2005 436 2058 ματι
467 1989 627 2059 ἁγίῳ·
663 2007 681 2040 ›
721 1990 749 2041 ὅ
779 1991 950 2053 ἐστιν,
991 1993 1086 2044 σὺν
1118 1990 1197 2062 τῷ
1239 1991 1378 2062 ἁγίῳ
1420 1993 1718 2062 Πνεύματι.
1751 1992 1886 2045 Πολι

301 2081 469 2152 λαχοῦ
507 2081 636 2152 γὰρ,
668 2082 788 2134 ἀντὶ
836 2081 933 2133 τοῦ
965 2082 1170 2144 εἰπεῖν,
1220 2081 1359 2150 μετὰ
1411 2083 1505 2134 καὶ
1532 2081 1755 2152 τοῦδε,ἢ
1790 2082 1886 2136 σὺν

300 2173 459 2243 τῷδε,
489 2174 712 2244 εἴρηκεν
743 2173 805 2225 τὸ
837 2191 856 2224 ‹
897 2174 954 2224 ἐν
987 2172 1144 2242 τῷδε·
1187 2191 1205 2224 ι
1241 2173 1316 2237 ὡς
1339 2175 1396 2225 ὲν
1426 2173 1511 2239 ξς¹
1557 2173 1886 2243 προφητεύει

301 2265 521 2336 ψαλμῷ·
557 2285 574 2316 ι
603 2263 995 2336 Εἰσελεύσομαι
1027 2267 1108 2328 είς
1133 2265 1223 2319 τὸν
1252 2260 1400 2319 οἶκόν
1442 2283 1534 2318 σου
1585 2267 1642 2318 ὲν
1671 2265 1887 2318 ὁλοκαυ-

300 2356 567 2427 τώμασιν·
611 2375 629 2407 ι
665 2357 786 2410 ἀντὶ
815 2355 933 2420 τοῦ,
971 2355 1110 2428 μετὰ
1139 2357 1630 2427 ὁλοκαυτωμάτων·
1662 2358 1757 2410 καὶ
1784 2357 1888 2410 πά-

301 2447 404 2500 λιν·
448 2467 466 2499 ι
523 2447 820 2517 Ἐξήγαγεν
853 2449 1048 2512 αὐτοὺς
1075 2449 1132 2500 ὲν
1161 2449 1408 2520 ἀργυρίῳ
1443 2451 1536 2502 καὶ
1594 2451 1818 2521 χρυσίῳ·
1862 2469 1881 2502 ι

299 2539 597 2604 τουτέστιν,
645 2539 780 2610 μετὰ
808 2537 932 2611 [199
972 2538 1022 2611 ὺ]
1059 2541 1322 2612 ἀργυρίου
1357 2543 1450 2595 καὶ
1499 2543 1742 2613 χρυσίου·
1793 2542 1887 2596 καὶ

305 2630 467 2684 πάλιν
506 2632 562 2683 ἐν
625 2630 722 2702 ρξ’·
785 2649 803 2682 ι
851 2632 966 2683 Ούκ
1019 2631 1276 2704 ὲξελεύσῃ
1317 2634 1373 2686 ὲν
1417 2634 1538 2695 ταῖς
1595 2633 1887 2703 δυνάμεσιν

302 2721 480 2793 ἡμῶν·
518 2742 536 2774 ι
564 2723 592 2776 ὅ
619 2723 756 2787 ἐστι,
793 2723 888 2775 σὺν
915 2724 1035 2785 ταῖς
1060 2722 1351 2794 δυνάμεσιν
1383 2724 1558 2794 ἡμῶν.
1606 2725 1663 2777 Ὀ
1700 2724 1756 2777 δὲ
1795 2742 1886 2777 σο-

304 2816 549 2886 φώτατος
566 2813 795 2878 Παῦλος,
821 2815 949 2887 περὶ
969 2815 1063 2868 τοῦ
1094 2807 1344 2887 Σωτῆρος
1372 2815 1607 2886 Χριστοῦ
1637 2818 1883 2888 γράφων,

302 2905 425 2958 ἀντὶ
463 2905 556 2958 τοῦ
620 2906 815 2969 εἰπεῖν,
867 2906 1052 2959 Πάντα
1094 2906 1179 2958 ἐπ’
1228 2906 1391 2960 αὐτὸν
1443 2907 1741 2979 συνέστηκε
1797 2909 1886 2961 καὶ

303 2998 434 3068 παρ’
465 2997 628 3051 αὑτοῦ
674 2996 920 3067 ἐκτίσθη,
964 2996 1090 3069 ἔφη·
1147 3017 1165 3049 ι
1226 2999 1410 3053 Πάντα
1465 2999 1524 3051 ὲν
1575 2997 1724 3070 αύτῷ
1760 3017 1885 3052 συν-

304 3087 555 3157 ἔστηκεν,
597 3089 691 3142 καὶ
741 3090 799 3141 ἐν
849 3087 996 3160 αύτῷ
1043 3089 1268 3160 ἐκτίσθη
1305 3089 1372 3143 τὰ
1397 3090 1594 3144 πάντα.
1630 3109 1648 3142 ι
1689 3090 1751 3143 Εἰ
1794 3087 1886 3145 οὖν

302 3179 674 3249 παραλλαξίαν
706 3179 768 3232 οὐ
802 3180 1005 3251 δηλοῖὴ
1028 3179 1261 3249 λέγουσα
1291 3179 1384 3233 τοῦ
1412 3181 1682 3233 Δεσπὸτου
1709 3182 1881 3251 φωνὴ,

1991 630 2047 684 in
2082 630 2286 699 Spiritu
2317 641 2508 685 sancto
2564 649 2577 685 τ
2641 649 2761 702 qua:
2792 633 3034 690 formulae
3073 653 3335 706 nusquam
3377 657 3568 696 omnes

1989 723 2318 790 conjunctim
2349 724 2564 793 scripta:
2591 734 2718 778 sunt
2763 726 2814 780 in
2852 726 3060 790 Bibliis,
3103 730 3197 783 sed
3237 739 3442 785 tantum
3477 749 3568 786 se-

1990 815 2215 883 paratim
2273 829 2368 882 per
2419 830 2612 869 vocum
2667 818 3145 884 permutationem,
3179 819 3249 874 ob
3283 837 3393 885 eas,
3433 838 3568 891 quas

1987 906 2221 960 diximus
2260 921 2488 972 causas;
2529 923 2636 961 non
2670 922 2800 962 vero
2851 919 2908 962 ut
2941 909 3160 978 quidam
3203 912 3254 966 in
3294 915 3567 982 gloriﬁca—

1991 997 2136 1049 tione
2164 998 2363 1065 gradus
2391 996 2646 1064 majores,
2677 1014 2740 1051 ac
2775 998 3014 1053 minores
3056 1009 3448 1058 statuerentur.
3490 1004 3566 1058 Ita

1987 1086 2215 1154 exempli
2271 1087 2443 1154 gratia
2497 1087 2550 1139 in
2597 1088 2661 1141 iis
2701 1103 2818 1156 qua:
2893 1089 3058 1144 allata
3109 1101 3253 1157 sunt,
3287 1091 3565 1163 Scriptura

1988 1178 2124 1232 dixit
2162 1197 2174 1232 :
2219 1196 2238 1228 ί
2273 1178 2424 1232 Unus
2472 1180 2616 1232 Deus
2671 1191 2724 1233 et
2780 1181 2956 1245 Pater,
3002 1198 3067 1236 ex
3105 1199 3211 1252 quo
3257 1186 3471 1250 omnia;
3513 1195 3569 1239 et

1988 1285 2126 1324 unus
2167 1271 2426 1326 Dominus
2460 1269 2619 1326 Jesns
2643 1272 2920 1340 Christus,
2962 1291 3056 1343 per
3096 1292 3255 1345 quem
3286 1279 3502 1331 omnia:
3539 1298 3560 1330 ι

1987 1362 2079 1416 sed
2115 1377 2220 1416 non
2256 1363 2552 1428 subjunxit,
2583 1382 2601 1415 ι
2651 1362 2706 1418 1η
2735 1364 2938 1433 Spiritu
2992 1378 3211 1432 sancto,
3249 1389 3267 1420 ι
3295 1381 3422 1432 aut,
3451 1388 3470 1420 α
3511 1370 3562 1422 in

1988 1453 2214 1521 Spiritu.
2260 1473 2278 1505 ι
2321 1454 2531 1524 δωρίυε
2570 1471 2696 1509 vero
2736 1457 2959 1512 adhibet
2989 1459 3136 1518 illud,
3171 1479 3188 1510 ι
3217 1476 3314 1528 per
3345 1476 3558 1526 quem,»

1988 1558 2120 1612 pro,
2155 1561 2172 1592 ι
2208 1559 2328 1598 cum
2380 1560 2506 1612 quo.
2542 1565 2560 1597 ι
2610 1546 2686 1600 Ita
2722 1546 2918 1603 Paulus
2968 1550 3264 1605 Corinthiis
3295 1551 3488 1605 scribit
3544 1569 3558 1604 :

1992 1655 2010 1688 ι
2049 1635 2183 1690 Nam
2212 1651 2280 1690 ex
2304 1637 2467 1690 multa
2495 1638 2608 1706 (9:2)
2641 1641 3008 1707 tribulatione,
3040 1640 3202 1712 412
3234 1653 3284 1696 el
3313 1644 3562 1712 angustia

1987 1727 2166 1782 cordis
2222 1728 2408 1796 scripsi
2449 1729 2601 1782 vobis
2649 1745 2744 1798 per
2791 1731 2988 1784 multas
3033 1732 3339 1802 lacryuias;
3381 1752 3398 1782 ι
3440 1748 3559 1802 pro,

1990 1833 2109 1871 cum
2177 1818 2358 1870 multis
2414 1817 2702 1888 lacrymis;
2753 1829 2806 1874 et
2852 1836 3060 1884 rursus,
3117 1823 3170 1875 in
3228 1823 3401 1891 prima
3444 1821 3564 1890 Epi-

1986 1909 2118 1963 stola
2154 1926 2168 1961 :
2201 1927 2219 1957 ‹
2250 1909 2383 1961 Cum
2417 1916 2592 1962 autem
2611 1909 2724 1980 (95)
2749 1926 2982 1979 przesens
2997 1913 3170 1978 fuero,
3197 1927 3331 1981 quos
3368 1914 3560 1981 proba-

1987 2001 2194 2064 veritis,
2233 2013 2328 2067 per
2369 1999 2624 2066 epistolas
2664 2002 2762 2056 hos
2795 2002 3000 2056 mittam
3043 2003 3284 2072 perferre
3326 2004 3558 2074 gratiam

1989 2099 2222 2145 vestram
2264 2091 2314 2143 in
2353 2088 2689 2158 Jerusalem;
2731 2112 2749 2143 ι
2789 2093 2838 2147 id
2873 2105 2978 2158 est,
3005 2109 3127 2150 cum
3159 2096 3400 2163 epistolis
3433 2097 3558 2148 tuit-

1985 2194 2115 2238 tam.
2159 2182 2364 2236 Deinde
2405 2182 2530 2236 alibi
2582 2183 2860 2254 Scriptura
2905 2187 3039 2254 ipsa,
3092 2201 3214 2239 cum
3252 2187 3401 2255 prius
3449 2201 3558 2241 non

1985 2276 2228 2337 dixisset,
2273 2292 2291 2324 ‹
2330 2288 2394 2326 ex
2428 2289 2535 2342 quo
2560 2275 2693 2346 (94),
2741 2295 2760 2328 ι
2811 2285 2864 2330 et
2911 2295 2929 2327 ι
2957 2291 3052 2345 per
3103 2293 3282 2344 quem,
3316 2296 3335 2328 ι
3379 2277 3557 2333 dicit:

1990 2383 2010 2417 ι
2045 2367 2096 2419 in
2134 2365 2336 2431 Spiritu
2359 2362 2468 2433 (95)
2499 2377 2721 2434 sancto;
2756 2387 2774 2419 ι
2815 2369 2865 2422 id
2892 2377 2995 2432 est,
3037 2384 3158 2422 cum
3190 2370 3392 2437 Spiritu
3433 2385 3559 2422 san-

1985 2463 2090 2506 cto.
2135 2453 2316 2507 Multis
2359 2455 2500 2508 enim
2553 2455 2604 2508 in
2641 2455 2772 2509 locis
2807 2473 2904 2526 pro
2946 2475 2966 2509 ι
3001 2473 3121 2511 cum
3167 2459 3266 2512 hoc
3305 2461 3491 2520 etiam,
3531 2479 3552 2510 ›

1983 2544 2088 2607 vel,
2131 2562 2148 2595 ι
2179 2545 2338 2600 simul
2377 2561 2500 2601 cum
2537 2546 2635 2600 hoc
2670 2544 2806 2616 (96),
2851 2565 2871 2598 ι
2909 2545 3046 2600 dixit
3079 2564 3098 2597 ι
3134 2547 3188 2600 in
3236 2549 3355 2602 hoc.
3395 2565 3414 2598 ι
3470 2548 3560 2602 Sic

1984 2637 2216 2706 exempli
2257 2639 2428 2705 gratia
2474 2637 2525 2690 in
2559 2651 2680 2689 ωιιί
2719 2636 2925 2704 psalmo
2973 2637 3302 2706 prophetans
3353 2635 3561 2691 Psaltes

1985 2724 2061 2774 ait
2087 2740 2100 2774 :
2141 2740 2159 2773 ι
2186 2721 2461 2792 Ingrediar
2479 2720 2656 2793 (97)in
2675 2723 2890 2776 domum
2919 2733 3062 2775 tuam
3088 2722 3139 2775 in
3164 2721 3511 2785 holocaustis,
3533 2737 3557 2773 ›

1983 2829 2098 2882 pro,
2150 2829 2270 2867 cum
2303 2814 2677 2877 holocaustis;
2741 2823 2795 2867 et
2851 2828 3082 2867 rursus:
3127 2831 3146 2863 ί
3198 2813 3394 2866 Eduxit
3444 2810 3559 2883 (98)

1984 2921 2077 2962 eos
2133 2909 2184 2961 in
2227 2917 2449 2978 argento
2487 2917 2541 2961 et
2581 2921 2750 2970 auro;
2793 2923 2812 2957 ι
2851 2904 2901 2958 id
2940 2915 3044 2970 est,
3097 2919 3218 2958 cum
3253 2912 3475 2974 argento
3506 2912 3564 2956 et

1984 3013 2150 3064 auro;
2199 3006 2252 3051 et
2292 3012 2480 3051 rursus
2526 2996 2580 3050 in
2624 3011 2768 3050 cvn:
2825 3013 2843 3046 ι
2875 2993 2991 3048 Νοη
3029 2994 3322 3062 egredieris
3355 2993 3466 3064 (99)
3504 2993 3558 3046 in

1983 3088 2273 3144 virtutibus
2302 3087 2574 3143 nostris?»
2604 3087 2777 3153 idest,
2815 3101 2933 3140 cum
2986 3087 3278 3141 virtutibus
3334 3087 3554 3142 nostris.

1987 3178 2426 3247 Sapientissimus
2472 3193 2602 3232 vero
2652 3177 2850 3232 Paulus
2900 3178 2966 3232 de
3021 3177 3306 3232 Salvatore
3340 3178 3562 3235 Christo

310 3292 330 3326 (
363 3271 724 3336 Βαπτίζοντες
761 3271 958 3334 αὐτοὺς
979 3272 1059 3334 εἰς
1087 3271 1148 3324 τὸ
1181 3271 1349 3342 ὄνομα
1389 3269 1484 3324 τοῦ
1515 3266 1750 3342 Πατρὸς,
1788 3273 1880 3325 καὶ

1990 3271 2260 3332 scribens,
2312 3283 2408 3336 pro
2468 3269 2615 3322 hisce
2673 3267 3035 3324 locutionibus
3095 3267 3340 3322 :Omnia
3397 3283 3560 3337 super

300 3365 393 3418 τοῦ
415 3363 563 3428 Υίοῦ,
595 3363 799 3416 καὶτοῦ
853 3363 1011 3431 ἁγίου
1037 3363 1370 3432 Πνεύματος,
1404 3381 1422 3413 ι
1450 3362 1818 3433 παραλλαξίαν
1847 3366 1882 3433 ἡ

1990 3358 2152 3427 ipsum
2217 3367 2501 3424 constant;
2555 3366 2609 3412 et
2661 3375 2675 3411 :
2736 3356 2820 3411 Ab
2876 3372 2942 3412 eo
3000 3365 3184 3412 creata
3251 3369 3396 3424 sunt,
3429 3375 3562 3416 usus

302 3455 446 3522 λέξις
476 3455 573 3524 οὐχ
599 3453 732 3520 ἕξει,
772 3470 790 3503 ι
835 3454 892 3504 ὲν
923 3451 1000 3522 τῷ
1029 3451 1170 3521 ἁγίῳ
1205 3450 1504 3521 Πνεύματι,
1549 3470 1568 3502 ι
1594 3451 1684 3506 διά
1714 3470 1773 3504 τε
1804 3455 1884 3517 είς

1990 3455 2064 3498 est
2094 3443 2236 3497 hisce
2268 3443 2424 3499 aliis:
2466 3462 2484 3494 ι
2518 3442 2712 3499 Omnia
2735 3446 2811 3514 (1)
2848 3445 2899 3498 in
2937 3445 3054 3513 ipso
3090 3455 3380 3511 constant;
3419 3466 3438 3499 ι
3467 3459 3557 3505 et:

301 3545 361 3598 ἓν
386 3545 553 3615 ὄνομα
573 3543 828 3614 ἰσοτίμως
854 3541 1127 3614 εἰρῆσθαι,
1155 3541 1244 3595 διά
1271 3559 1327 3594 τε
1348 3541 1508 3594 αὐτὸν
1524 3541 1666 3596 εἶναι
1691 3542 1883 3610 εἰπεῖν,

1990 3555 2006 3588 ι
2033 3535 2089 3590 In
2128 3536 2242 3605 ipso
2279 3544 2461 3591 creata
2503 3544 2636 3590 sunt
2687 3536 2888 3589 omnia.
2920 3555 2938 3588 ι
2979 3536 3036 3589 Si
3078 3552 3206 3606 ergo
3246 3538 3560 3607 discrepan-

307 3651 328 3687 ι
367 3636 444 3698 εἰς
472 3634 534 3686 τδ
565 3633 754 3703 ὄνομα,
798 3650 817 3685 ›
848 3631 941 3684 καὶ
974 3649 992 3682 ι
1016 3631 1074 3683 ὲν
1110 3629 1188 3700 τῷ
1229 3629 1472 3700 ὀνόματι.
1511 3648 1530 3680 ι

1990 3631 2113 3684 tiam
2137 3645 2240 3684 non
2267 3629 2574 3698 signiticant
2610 3643 2673 3682 ea
2717 3628 2926 3682 Domini
2953 3629 3115 3682 verba
3163 3647 3177 3682 :
3217 3648 3234 3680 ι
3269 3628 3562 3700 Baptizan-

304 3741 386 3786 tes
427 3730 500 3802 (2)
530 3729 694 3785 eosin
727 3726 942 3782 nomine
968 3725 1162 3792 Patris,
1195 3734 1247 3780 et
1281 3725 1423 3786 Filii,
1459 3735 1512 3780 et
1536 3715 1766 3794 Spiritus
1798 3726 1992 3791 sancti,
2031 3746 2050 3778 ι
2088 3742 2154 3782 ne
2187 3727 2288 3780 ista
2315 3725 2530 3794 quidem
2561 3724 2787 3787 locutio,
2819 3723 2905 3777 «in
2946 3722 3148 3793 Spiritu
3168 3735 3416 3787 sancton
3451 3727 3564 3782 dis-

301 3826 638 3896 crepantiam
701 3824 1007 3878 indicabit:
1081 3833 1191 3876 tum
1243 3824 1366 3891 quia
1411 3831 1626 3877 servata
1697 3823 1914 3878 honoris
1951 3823 2256 3892 aequalitate
2305 3836 2472 3876 unum
2537 3833 2740 3874 nomen
2783 3815 3046 3888 singulari
3094 3833 3321 3874 numero
3359 3819 3560 3875 dictum

303 3932 408 3984 est,
447 3932 554 3974 tum
583 3935 705 3988 quia
737 3919 874 3972 idem
899 3925 983 3972 est
1007 3916 1104 3988 (5),
1135 3935 1154 3969 ι
1187 3917 1239 3971 in
1282 3933 1502 3982 nomen,
1529 3937 1547 3969 ι
1583 3929 1742 3985 atque
1774 3935 1791 3968 ι
1819 3918 1872 3972 in
1910 3919 2146 3973 nomine.
2186 3935 2204 3968 ι

388 4011 569 4066 Ἱκανὰ
597 4011 694 4080 μὲν
717 4005 808 4062 οὖν
828 4011 943 4062 ὲστι
965 4008 1269 4062 καὶταῦτα.
1302 4009 1628 4080 Εὑρίσκεται
1648 4007 1703 4060 δὲ
1731 4008 1880 4078 ὅμως

2050 4007 2174 4062 Haec
2201 4021 2361 4077 porro
2391 4017 2475 4062 vel
2516 4004 2628 4060 sola
2676 4005 2890 4076 quidem
2932 4004 3244 4059 snﬂiciunt:
3287 4005 3564 4064 invenitur

302 4104 366 4158 τὸ
403 4121 421 4154 ι
453 4103 513 4166 ἐξ
537 4095 598 4155 οὗ
636 4121 653 4153 ι
686 4100 1070 4171 γεγραμμένον
1093 4099 1220 4170 περί
1245 4116 1304 4152 τε
1339 4099 1433 4152 τοῦ
1475 4097 1626 4164 Υἰοῦ,
1656 4099 1782 4169 περί
1823 4116 1881 4152 τε

1990 4107 2158 4151 tamen
2176 4097 2324 4164 illud,
2345 4115 2363 4149 ι
2384 4112 2448 4152 ex
2468 4111 2626 4166 quo,»
2659 4096 2918 4164 scriptum
2947 4104 3001 4149 et
3017 4096 3082 4150 de
3107 4094 3266 4160 Filio,
3281 4107 3334 4152 et
3357 4100 3420 4151 de
3435 4097 3564 4166 Spi-

301 4195 396 4249 τοῦ
440 4195 592 4264 ἁγίου
643 4193 978 4263 Πνεύματος,
1019 4191 1120 4245 καὶ
1165 4191 1226 4244 τὸ
1274 4209 1292 4242 ι
1345 4191 1411 4243 δι’
1459 4185 1519 4245 οῦ
1556 4210 1574 4242 ι
1631 4191 1881 4262 κείμενον

1990 4191 2082 4244 ritu
2107 4197 2293 4244 sancto
2322 4207 2336 4244 :
2377 4188 2606 4253 acillud,
2632 4207 2650 4238 ε
2679 4202 2778 4258 per
2795 4201 2975 4256 quem,
3003 4205 3022 4239 ι
3051 4187 3254 4241 dlctum
3293 4189 3358 4244 de
3379 4188 3559 4255 Patre,

306 4285 552 4357 περὶτοῦ
587 4284 800 4355 Πατρὸς
839 4283 930 4336 καὶ
963 4277 1203 4354 περὶτοῦ
1243 4281 1384 4336 θείου
1421 4281 1755 4353 Πνεύματος,
1787 4283 1882 4336 καὶ

1990 4289 2032 4335 ει
2055 4282 2119 4334 de
2155 4281 2334 4335 divino
2370 4279 2572 4350 Spiritu
2602 4296 2616 4332 :
2657 4294 2721 4333 ac
2745 4278 2894 4342 illud,
2929 4295 2948 4328 ‹
2984 4278 3035 4331 in
3066 4293 3173 4346 quo
3197 4297 3216 4330 ι
3251 4293 3356 4332 non
3386 4279 3564 4349 Spiri-

303 4377 368 4431 τὸ
398 4395 416 4425 ι
453 4378 510 4430 ὲν
535 4371 579 4445 ᾧ
617 4396 635 4428 ›
657 4377 718 4429 οὐ
740 4374 817 4446 τῷ
848 4374 988 4445 ἁγίῳ
1006 4373 1284 4444 Πνεύματι
1316 4374 1715 4445 ἀφωρισμένον,
1745 4374 1880 4428 ἀλλὰ

1990 4371 2061 4424 tui
2092 4381 2279 4426 sancto
2307 4383 2669 4432 reservatum,
2698 4369 2792 4424 sed
2823 4369 2988 4422 etiam
3021 4366 3088 4422 de
3119 4367 3278 4421 Patre
3327 4378 3383 4422 et
3420 4368 3562 4424 Filio

306 4470 402 4524 καὶ
437 4471 565 4541 περὶ
593 4469 686 4522 τοῦ
729 4468 941 4538 Πατρὸς
989 4467 1209 4520 καὶτοῦ
1265 4466 1397 4518 Υἱοῦ
1440 4465 1650 4535 λεχθὲν,
1698 4465 1774 4528 ὡς
1823 4465 1878 4517 αἱ

1990 4459 2207 4526 dictum,
2241 4461 2382 4516 sicut
2414 4477 2481 4516 ex
2511 4461 2613 4527 his,
2639 4475 2758 4529 qua:
2790 4459 3133 4524 subiicimus,
3163 4458 3459 4528 Scriptura:
3484 4461 3563 4514 lo-

306 4562 658 4632 ὐποκείμεναι
694 4559 1028 4630 παριστῶσιν
1066 4558 1299 4628 γραφαί.
1346 4558 1469 4611 Ὅτι
1507 4557 1568 4609 τὸ
1617 4576 1635 4608 ‹
1676 4555 1735 4622 ἐξ
1761 4550 1819 4610 οὗ
1857 4575 1875 4606 ι

1990 4553 2056 4606 :is
2088 4563 2328 4623 apparet.
2358 4553 2488 4606 Illud
2525 4570 2543 4604 ι
2576 4568 2642 4608 ex
2682 4566 2790 4621 quo
2825 4570 2844 4603 ι
2881 4551 2987 4605 dici
3023 4559 3078 4605 et
3117 4552 3182 4605 de
3210 4550 3368 4615 Filio,
3409 4560 3462 4606 et
3493 4551 3564 4606 de

304 4653 516 4724 εἴρηται
544 4653 639 4707 καὶ
672 4652 800 4720 περὶ
832 4650 926 4704 τοῦ
958 4650 1088 4704 Υἰοῦ
1113 4649 1317 4704 καὶτοῦ
1350 4649 1505 4719 ἁγίου
1541 4648 1880 4718 Πνεύματος,

1990 4643 2182 4712 Spiritu
2222 4653 2430 4708 sancto,
2473 4642 2551 4698 sic
2597 4645 2784 4711 probo.
2833 4643 2909 4696 De
2941 4640 3096 4707 Filio,
3141 4641 3339 4696 Paulus
3382 4643 3560 4712 Ephe-

303 4732 494 4804 οὕτως·
531 4741 658 4812 περὶ
687 4738 782 4793 τοῦ
840 4739 994 4804 Υἱοῦ,
1042 4738 1256 4802 Παῦλος
1298 4737 1584 4805 Ἐφεσίοις·
1639 4756 1658 4788 ι
1695 4738 1884 4800 Ὅστις

1990 4735 2076 4789 siis
2114 4736 2222 4788 ait:
2259 4751 2278 4784 ι
2311 4735 2411 4800 Qui
2440 4743 2522 4788 est
2547 4734 2624 4804 (4)
2655 4743 2836 4804 caput,
2863 4732 3132 4797 Christus,
3169 4748 3233 4786 ex
3263 4748 3370 4801 quo
3393 4742 3561 4787 totum

303 4836 451 4889 ἐστὶν
505 4836 538 4906 ἡ
595 4833 804 4905 κεφαλὴ
873 4831 1129 4904 Χριστὸς,
1178 4830 1235 4897 ἐξ
1291 4822 1352 4883 οὗ
1422 4830 1532 4883 πᾶν
1595 4827 1657 4880 τὸ
1721 4828 1884 4899 σῶμα

1990 4841 2176 4893 corpus
2195 4838 2555 4893 compactum,
2591 4833 2644 4879 et
2670 4838 2976 4879 connexum
3012 4823 3228 4892 augebit
3274 4833 3564 4890 augmento

307 4925 872 4997 συναρμολογούμενον
917 4923 1010 4977 καὶ
1060 4921 1528 4993 συμϐιϐαζὸμενον
1579 4916 1730 4982 αὔξει
1785 4917 1881 4989 τὴν

1990 4919 2081 4973 Dei
2109 4919 2206 4987 (5).
2234 4936 2250 4968 ι
2282 4917 2517 4972 Joannes
2538 4918 2588 4970 in
2619 4915 2910 4986 Evangelia
2939 4932 2955 4970 :
2985 4933 3003 4965 ι
3035 4915 3110 4969 Ex
3130 4914 3468 4983 plenitudine
3484 4915 3563 4988 (6)

304 5015 529 5087 αὔξησιν
585 5015 680 5068 τοῦ
723 5013 878 5068 Θεοῦ·
923 5032 940 5064 ι
985 5013 1237 5083 Ἰωάννης
1268 5012 1326 5063 ὲν
1358 5009 1692 5078 Εὑαγγελίῳ·
1723 5028 1741 5060 ι
1788 5009 1882 5061 Ἐκ

1990 5009 2104 5078 ejus
2127 5024 2222 5062 nos
2234 5024 2423 5063 oumes
2443 5008 2768 5078 accepimus.
2788 5007 2852 5062 Et
2869 5021 3134 5062 rursusex
3151 5021 3384 5077 persona
3406 5007 3526 5064 Filii
3543 5026 3559 5064 :

2039 5163 2114 5232 (1)
2167 5159 2379 5232 ρηιηια.
2414 5160 2624 5232 Colos_s_.
2656 5177 2696 5223 ι,
2726 5159 2814 5221 17,
2837 5159 2922 5213 16.

382 5172 490 5241 (9‘2)
540 5170 678 5241 Nam
717 5186 781 5225 ea:
819 5167 1077 5241 multqu
1132 5167 1260 5221 Cor.
1289 5181 1349 5241 It,
1380 5163 1433 5217 4.
2167 5163 2327 5241 ριιιιιι.

2172 5229 2532 5295 Baptizautes.
2569 5230 2766 5284 Matth.
2809 5244 3011 5293 xxmt,
3053 5230 3138 5284 19.

399 5235 485 5311 95)
532 5240 665 5296 Cum
695 5239 940 5311 autem.l
983 5237 1268 5311 Cor._x_v_t.
1302 5239 1338 5311 ᾖ
1391 5303 1412 5311 _
1613 5303 1625 5311 ἡ
1676 5303 1730 5311 __
1815 5296 1843 5311 ν

405 5296 490 5380 94)
541 5312 622 5365 Ea.
650 5328 771 5376 quo.
809 5310 987 5380 Codex
1008 5349 1023 5374 ,
1055 5305 1242 5380 τοῦ-ἐξ
1274 5297 1536 5380 οῦηῐλομο
1581 5303 1640 5356 τὸ
1674 5303 1730 5370 ἐξ
1786 5296 1867 5356 οὗ.

381 5375 493 5452 (95)
529 5381 592 5452 In
623 5376 1034 5452 Spirituﬂloan.
1057 5391 1101 5439 1.
1129 5375 1198 5452 τ’ἔδὸ
1239 5387 1290 5452 e_t_
1322 5375 1469 5452 alibi.

382 5442 491 5522 (96)
532 5442 672 5506 (Σαηί
695 5450 824 5522 Itur.
848 5448 1057 5522 Codex,
1094 5447 1191 5522 σὺν
1208 5443 1301 5522 μτῷ
1330 5442 1386 5495 δέ
1455 5458 1551 5513 pro
1590 5442 1686 5494 σὺν
1715 5442 1872 5511 τῷδε.

311 5515 548 5583 Ειίπώι,
577 5522 633 5572 ὲν
666 5519 744 5589 τῷ
805 5519 862 5570 δέ
882 5531 1002 5589 pro
1042 5518 1099 5568 ὲν
1123 5515 1280 5584 τῷδε.

381 5579 829 5663 (97)]ιιῃνεᾰιαν.
880 5579 1020 5640 Psal.
1079 5579 1185 5639 non
1237 5597 1396 5646 vat,
1465 5583 1558 5636 sed
1610 5595 1754 5646 va,
1807 5579 1878 5634 12

399 5679 444 5714 3n
481 5662 548 5714 15
573 5667 608 5714 ).

313 5665 444 5734 (Seu
481 5665 548 5714 15
570 5667 608 5724 ).

380 5732 491 5800 (98)
527 5728 742 5800 Eduxit.
771 5725 918 5800 Psal.
942 5723 1203 5800 _c1v._'56_(
1229 5739 1319 5776 seu
1355 5721 1487 5800 '57).
1575 5791 1589 5800 _
1690 5789 1767 5800 ’ω

387 5789 496 5871 (99)
531 5798 672 5871 Νρη-
701 5797 1002 5871 egredieris.
1033 5789 1203 5871 “P52”.
1232 5807 1364 5858 cvtt,
1417 5789 1508 5846 12.
1575 5791 1630 5846 In
1690 5789 1876 5844 Bibliis

319 5865 530 5928 additur
575 5865 808 5932 856;,“
838 5877 941 5925 est.
980 5883 997 5916 ι
1031 5865 1188 5920 Deus.
1222 5881 1257 5933 r_

2043 5297 2121 5373 (5⁷)
2174 5299 2329 5373 Ideni
2366 5311 2463 5373 est:
2510 5301 2716 5369 Codex,
2754 5301 2843 5356 διά
2872 5317 2931 5353 τε
2966 5300 3130 5353 αὑτὸν
3177 5297 3341 5355 εἶναι.
3418 5301 3565 5373 Lego

1974 5365 2065 5426 διά
2086 5365 2147 5422 τε
2182 5369 2375 5422 ταυτὸν
2402 5365 2560 5424 εἶναι.

2051 5442 2127 5511 (4)
2171 5439 2274 5505 ριιὲ
2333 5451 2431 5494 est.
2480 5441 2678 5508 Ephes.
2748 5455 2822 5501 tv,
2870 5439 2982 5511 15,
3052 5439 3138 5493 16.
3175 5438 3360 5493 Grmca
3395 5440 3564 5497 editio

1983 5509 2171 5566 eodem
2199 5524 2365 5581 sensit
2396 5528 2408 5562 :
2438 5511 2497 5574 ὃς
2522 5512 2669 5564 ἐστιν
2700 5511 2734 5581 ἡ
2766 5509 2998 5579 κεφαλὴ,
3029 5511 3057 5561 ὁ
3089 5511 3344 5580 Χριστός.

2056 5581 2134 5650 (5)
2173 5578 2860 5651 Augebitaugmento'Dei.
2894 5578 3015 5632 llaéc
3043 5578 3206 5651 verba
3250 5595 3354 5631 non
3394 5578 3560 5632 habet

1984 5649 2206 5713 Paulus,
2243 5649 2336 5703 sed
2365 5649 2591 5704 alia.'At
2617 5653 2876 5719 Didymus
2897 5649 3139 5718 Apostoli
3173 5659 3404 5702 mentem
3432 5662 3556 5716 ape-

1986 5722 2078 5786 rit,
2105 5735 2170 5773 ac
2201 5733 2418 5772 sensum
2449 5722 2602 5774 citat.

2058 5789 2136 5863 (6)
2178 5787 2264 5842 Ex
2308 5788 2651 5858 plenitudine.
2699 5788 2856 5845 Joau.
2889 5803 2927 5854 ι,
2972 5786 3057 5840 16.
