4034 6446
463 420 561 479 951

1733 420 1972 475 DIDYMI
2010 418 2478 477 ALEXANDIlINI

3607 425 3713 479 93?.

469 560 489 593 ‹
516 540 593 595 Ex
623 537 834 608 meo(7)
851 539 1094 610 accipiet,
1114 548 1169 595 et
1192 540 1749 595 annuntiabitvobis.»
1772 541 1837 595 Et
1857 541 1984 595 alibi
2014 556 2026 593 :

2132 540 2225 593 τοῦ
2283 538 2648 610 πληρώματος
2706 535 2872 592 αὑτοῦ
2907 537 3068 607 ἡμεῖς
3104 536 3303 599 πάντες
3355 534 3640 605 ἐλάϐομεν·
3684 558 3705 588 ι

467 647 489 682 ε
501 628 1232 701 ϐοεηονί(8)ᾇι3νίι·ιυιοιιι
1255 640 1537 683 exeuntem
1557 644 1584 681 a
1605 644 1706 684 me.
1719 647 1740 682 ι
1752 631 1823 684 De
1841 629 2042 699 Spiritu

462 729 655 777 saneto
682 720 759 774 ait
783 719 1021 775 Joannes
1047 736 1062 775 :
1095 742 1114 773 ‹
1144 721 1245 788 Qui
1277 722 1602 793 seminat(9)
1627 723 1679 776 in
1721 721 1945 791 Spiritu,
1975 739 2043 777 ex

463 808 668 878 Spiritu
707 821 869 867 metet
906 813 1067 865 vitam
1102 824 1394 878 aeternam;
1427 832 1446 865 ι
1475 822 1530 867 et
1574 828 1800 867 rursus:
1837 833 1856 865 ι
1889 814 2041 880 Quod

462 902 700 970 genitum
732 910 810 956 est
844 902 955 973 (10)
982 919 1047 958 ex
1077 903 1300 972 Spiritu,
1333 902 1564 972 Spiritus
1584 914 1702 972 est;
1741 925 1759 956 ι
1789 914 1844 960 et
1872 920 2041 976 ange-

464 989 591 1048 lus:
625 1011 644 1044 ι
672 992 825 1059 Quod
866 995 1010 1049 enim
1044 995 1155 1066 (11)
1190 997 1239 1049 in
1273 1011 1333 1050 ea
1385 1007 1569 1051 natum
1605 1006 1708 1062 est,
1732 1014 1799 1053 ex
1835 998 2038 1069 Spiritu

462 1095 654 1138 sancto
686 1094 788 1139 est.
819 1104 838 1136 ι
868 1086 1019 1152 Quod
1057 1089 1122 1141 de
1152 1087 1308 1142 Patre
1341 1096 1542 1156 scripta
1574 1088 1773 1143 fuerint
1805 1090 2035 1159 conjun-

461 1175 589 1229 ctim
616 1177 728 1231 haec
763 1178 885 1242 tria,
922 1198 940 1230 ‹
974 1194 1041 1232 ex
1072 1196 1200 1249 quo,
1233 1196 1329 1245 per
1354 1197 1534 1250 quem,
1571 1201 1589 1233 ι
1626 1191 1682 1236 et
1714 1200 1733 1233 ι
1779 1182 1830 1234 iu
1852 1197 1981 1252 quo,
2012 1201 2032 1234 ι

459 1274 617 1320 antea
674 1268 873 1321 dictum
934 1268 1054 1322 fuit.
1114 1269 1264 1336 Quod
1319 1274 1612 1341 separatim
1676 1272 1829 1335 illud,
1890 1288 2039 1342 iper

459 1367 641 1421 quem,
673 1374 691 1405 »
744 1357 807 1409 de
851 1354 1037 1419 Patre,
1088 1367 1143 1412 et
1193 1358 1403 1427 Spiritu
1453 1368 1643 1413 sancto
1690 1361 1917 1426 dicatur,
1955 1364 2035 1417 sic

460 1447 707 1499 ostendo.
754 1446 909 1512 Quod
960 1459 1171 1515 spectat
1211 1452 1277 1504 ad
1317 1450 1553 1519 Patrem,
1593 1450 1764 1506 Isaias
1796 1468 1863 1506 ex
1911 1469 2036 1524 per‘

460 1549 595 1589 soua
650 1537 824 1592 Patris
866 1539 933 1593 ad
978 1539 1171 1594 Filium
1224 1542 1344 1597 ait:
1384 1561 1402 1594 ι
1439 1543 1574 1597 Ecce
1605 1544 1717 1614 (12)
1776 1546 2031 1615 proselyti

460 1630 718 1681 accedent
766 1631 828 1683 ad
877 1640 929 1684 te
972 1646 1067 1700 per
1117 1649 1221 1688 me.
1254 1653 1272 1685 ι
1326 1635 1461 1689 Illud
1510 1637 1599 1690 hic
1634 1640 2030 1692 observandum

457 1725 560 1777 est,
590 1719 731 1785 quod
766 1731 982 1789 propter
1014 1736 1367 1789 personarum
1396 1726 1779 1794 aequalitatem,
1816 1737 1868 1781 et
1898 1743 2031 1783 con-

457 1810 992 1877 substantialitatem,
1024 1815 1243 1869 adducit
1280 1826 1467 1883 gentes
1510 1818 1574 1870 ad
1608 1817 1800 1872 Filium
1831 1819 2026 1884 Pater;

453 1910 507 1954 et
541 1916 728 1955 rursus
758 1920 771 1956 :
805 1921 824 1954 ι
854 1902 945 1957 Va-
970 1904 1082 1976 (15)
1108 1907 1197 1975 qui
1223 1909 1486 1976 profunde
1512 1910 1623 1979 (14)
1649 1911 1931 1965 consilium
1957 1915 2028 1965 fa-

454 1991 600 2055 citis,
632 2001 688 2046 et
720 2007 824 2046 non
863 2008 958 2061 per
988 1994 1301 2063 Dominum;
1333 2015 1351 2047 ι
1381 2006 1438 2051 et
1480 1998 1532 2051 in
1563 1997 1758 2053 Genesi
1790 2000 2027 2057 Adamus

455 2083 532 2136 ait
564 2100 578 2138 :
618 2101 634 2134 ι
672 2082 893 2139 Possedi
927 2083 1038 2156 (15)
1089 2086 1359 2141 hominem
1391 2103 1489 2156 per
1523 2089 1723 2157 Deum;
1757 2112 1777 2144 ι
1819 2102 1874 2146 et
1913 2108 2030 2147 rur-

453 2187 546 2228 sus
574 2192 588 2227 :
618 2175 995 2244 «Quaecunque
1021 2173 1135 2247 (l6)
1177 2178 1451 2231 mandavit
1474 2178 1682 2251 Moyses
1705 2180 1882 2238 lsraeli
1930 2198 2028 2253 per

453 2276 778 2333 praecl-ptum
816 2265 1071 2333 Domini;
1097 2285 1115 2318 ι
1154 2278 1210 2321 et
1247 2266 1513 2337 Iosephus
1551 2273 1809 2327 eunuchis
1849 2275 1978 2329 dicit
2009 2292 2023 2330 :

459 2372 479 2407 ι
512 2354 697 2409 Nonne
719 2355 831 2428 (l?)
857 2371 952 2424 per
982 2357 1146 2410 Deum
1175 2357 1541 2415 manifestatio
1572 2363 1805 2429 ipsorum
1837 2365 1976 2419 erit?
2000 2384 2020 2418 ι

453 2448 582 2517 quin
617 2456 672 2500 et
701 2446 898 2501 Paulus
918 2447 1154 2502 Hebraeis
1181 2468 1193 2500 :
1222 2469 1240 2500 ‹
1283 2451 1515 2505 Decebat
1542 2451 1654 2523 (18)
1684 2455 1854 2519 enim,
1894 2474 1912 2507 ι
1937 2458 2022 2510 in-

453 2536 591 2604 quit,
617 2554 637 2587 ι
674 2551 821 2596 eum.
847 2548 1063 2608 pr0pter
1103 2554 1260 2608 quem
1296 2542 1500 2608 omnia,
1526 2553 1575 2596 et
1604 2558 1701 2612 per
1720 2558 1878 2613 quem
1910 2563 2026 2600 om-

452 2627 568 2688 nia,
599 2627 689 2697 qui
721 2630 921 2685 mullos
955 2630 1091 2685 filios
1122 2631 1173 2685 in
1207 2633 1434 2702 gloriam
1474 2637 1652 2689 evexit
1681 2637 1814 2707 (I9).
1849 2649 2026 2693 aucto-

453 2733 569 2773 rem
612 2719 800 2775 salutis
839 2734 1050 2786 eorum,
1096 2738 1192 2792 per
1233 2726 1511 2793 passiones
1561 2743 1961 2784 consummare.
1997 2750 2017 2785 ι

452 2808 699 2865 Notanda
728 2826 856 2867 vero
884 2822 968 2867 est
994 2814 1313 2881 similitudo,
1347 2832 1466 2886 qua:
1496 2818 1722 2874 interest
1751 2821 1892 2875 inter
1923 2824 2025 2879 hoc

451 2902 771 2970 capitulum,
795 2912 848 2958 et
874 2905 1004 2959 illud
1029 2907 1166 2975 quod
1188 2907 1409 2962 allatum
1434 2919 1538 2975 est,
1563 2925 1756 2980 nempe
1788 2930 1801 2966 :
1834 2932 1852 2964 ι
1877 2913 2023 2969 Unus

451 2989 711 3047 Dominus
737 2992 896 3049 Jesus
945 2994 1211 3062 Christus,
1238 3012 1335 3065 per
1363 3013 1522 3067 quem
1564 3002 1781 3068 omnia;
1819 3020 1838 3056 ι
1865 3013 1919 3057 et
1955 3005 2020 3057 ad

451 3081 799 3140 Colossenses
835 3086 1022 3141 scribit
1054 3104 1068 3142 :
1106 3106 1125 3139 ι
1156 3087 1355 3145 Paulus
1386 3090 1498 3162 (20)
1533 3093 1806 3162 apostolus
1836 3110 2022 3148 servus

450 3173 578 3230 Jesu
623 3175 821 3232 Christi
871 3194 967 3248 per
1020 3179 1347 3236 voluntatem
1399 3181 1532 3244 Dei;
1561 3201 1580 3235 ι
1631 3193 1687 3239 et
1734 3186 1801 3239 ad
1838 3185 2023 3240 Coriu-

2143 632 2239 686 καὶ
2296 632 2459 685 πάλιν
2507 630 2616 686 ἀπὸ
2662 628 2756 684 τοῦ
2820 627 2986 682 Υἱοῦ·
3047 646 3067 680 ι
3124 628 3219 681 Ἐκ
3264 626 3357 680 τοῦ
3423 627 3561 698 ἐμοῦ
3618 628 3713 697 lli;-

2140 722 2320 791 ψεται.
2349 724 2442 777 καὶ
2474 722 2761 791 ἀναγγελεῖ
2785 721 2945 790 ὑμῖν·
2971 739 2991 773 ι
3025 719 3119 774 καὶ¹
3150 718 3407 791 ἑτέρωθι·
3449 738 3471 770 ι
3500 721 3710 788 Ἔγνων

2140 813 2370 884 δύναμιν
2425 813 2744 879 ἐξελθοῦσαν
2794 812 2888 865 ἀπ’
2944 810 3101 882 ἐμοῦ.
3132 830 3153 864 ›
3215 809 3350 881 Περὶ
3402 809 3497 864 τοῦ
3554 811 3709 878 ἁγίου

2141 902 2478 972 Πνεύματος,
2526 902 2774 971 Ἰωάννης
2794 916 2808 930 ·
2850 918 2869 951 ι
2908 900 2964 952 Ὀ
2996 899 3234 970 σπείρων
3260 898 3338 962 εἰς
3371 897 3433 952 τὸ
3460 898 3704 968 Πνεῦμα,

2140 995 2208 1047 ὲκ
2242 994 2335 1047 τοῦ
2390 992 2707 1063 Πνεῦματος
2741 992 2945 1063 θερίσει
2984 991 3129 1062 ζωὴν
3161 991 3376 1044 αἰώνιον
3396 1008 3411 1021 ·
3438 1011 3458 1044 ι
3486 993 3581 1044 καὶ
3604 992 3706 1044 πά-

2139 1080 2253 1134 λιν·
2294 1100 2313 1132 ι
2343 1081 2415 1134 Τὸ
2443 1080 2571 1153 [200
2605 1079 2659 1152 α]
2693 1080 3092 1152 γεγεννημένον
3138 1082 3202 1134 ἐκ
3239 1080 3334 1133 τοῦ
3367 1081 3705 1150 Πνεῦματος,

2137 1170 2360 1242 Πνεῦμά
2392 1173 2571 1224 ἐστιν·
2604 1190 2622 1221 ι
2679 1172 2772 1223 καὶ
2804 1173 2832 1225 ὁ
2863 1170 3089 1239 ἄγγελος
3110 1188 3125 1202 ·
3155 1190 3173 1222 ι
3231 1172 3304 1225 Τὸ
3330 1171 3438 1243 γάρ
3471 1174 3530 1224 ὲν
3570 1174 3705 1242 αὐτῇ

2135 1263 2393 1334 γεννηθὲν
2420 1264 2486 1316 ἐκ
2530 1262 2847 1334 Πνεύματός
2877 1265 3025 1316 ἐστιν
3051 1263 3265 1331 ἁγίου.»
3297 1264 3421 1317 Ὀτι
3449 1266 3582 1336 περὶ
3612 1263 3709 1316 τοῦ

2136 1355 2347 1425 Πατρδς
2379 1355 2686 1425 γέγραπται
2731 1356 3026 1425 ήνωμένως
3074 1373 3093 1406 ι
3116 1356 3174 1422 ἐξ
3221 1351 3303 1420 οὗ,
3345 1356 3415 1409 δι’
3446 1351 3531 1416 οὗ,
3558 1377 3576 1406 ι
3614 1357 3713 1410 καὶ

2141 1461 2159 1494 ι
2178 1445 2237 1497 ὲν
2258 1437 2322 1511 ᾧ,
2346 1464 2364 1494 ι
2400 1444 2701 1516 προελέχθη
2719 1461 2734 1475 ·
2767 1446 2849 1498 ὃτι
2877 1446 3295 1517 κεχωρισμένως
3336 1447 3395 1498 τὸ
3450 1466 3470 1497 ι
3489 1446 3556 1500 δι’
3586 1442 3647 1499 οῦ
3680 1467 3703 1499 ι

2134 1536 2307 1589 κεῖται
2377 1535 2504 1607 περὶ
2545 1534 2640 1588 τοῦ
2697 1534 2904 1606 Πατρὸς
2948 1537 3041 1588 καὶ
3101 1535 3196 1589 τοῦ
3244 1536 3398 1604 ἁγίου
3453 1537 3708 1607 Πνεῦμα-

2132 1643 2242 1690 τος,
2274 1624 2476 1690 οῦτως·
2516 1626 2643 1697 περὶ
2669 1627 2763 1679 τοῦ
2795 1626 3025 1698 Πατρὸς,
3072 1626 3297 1691 Ἡσαΐας
3322 1629 3429 1681 ἀπὸ
3469 1628 3562 1681 τοῦ
3588 1630 3709 1682 Πα-

2131 1716 2256 1786 τρὸς
2278 1715 2410 1786 πρὸς
2439 1715 2529 1768 τὸν
2557 1715 2683 1768 Υἰόν
2702 1732 2716 1745 ·
2754 1734 2772 1766 ι
2804 1714 2934 1769 Ἰδοὺ
2960 1717 3287 1789 προσήλυτοι
3319 1718 3710 1789 προσελεῦσον-

2130 1805 2222 1857 ταί
2257 1822 2338 1858 σοι
2375 1805 2440 1857 δι’
2474 1805 2629 1875 ἐμοῦ.
2658 1824 2676 1857 ι
2728 1804 3111 1877 Ἐπιτήρησον,
3144 1808 3218 1871 ὡς
3245 1807 3335 1860 διὰ
3364 1809 3426 1861 τὸ
3459 1810 3705 1880 ἰσότιμον

2059 1872 2102 1926 Β
2133 1896 2226 1949 καὶ
2262 1872 2565 1966 ὁμοούσιον,
2601 1896 2865 1968 προσάγει
3012 1898 3138 1969 ἔθνη
3169 1898 3247 1969 τῷ
3278 1900 3391 1970 Υἱῷ
3423 1904 3449 1954 ὁ
3487 1872 3701 1973 ﬂat-ﬁg-

2134 1988 2226 2041 καὶ
2254 1988 2447 2041 πάλιν·
2488 2005 2506 2037 ι
2532 1988 2668 2041 Οὐαὶ
2712 1988 2761 2041 οῖ
2795 1988 3003 2058 βαθέως
3055 1990 3251 2061 βουλὴν
3280 1991 3573 2057 ποιοῦντες.
3607 1994 3705 2047 καὶ

2130 2083 2192 2136 οὐ
2220 2082 2309 2136 διὰ
2354 2082 2580 2154 Κυρίου.
2606 2100 2626 2133 ι
2679 2083 2789 2135 Καὶ
2850 2085 2907 2135 ὲν
2951 2086 3017 2155 τῇ
3069 2085 3283 2137 Γενέσει
3327 2085 3491 2156 Ἀδὰμ
3520 2087 3703 2155 λέγει·

2136 2195 2155 2227 ι
2191 2175 2533 2245 Ἐκτησάμην
2558 2174 2840 2245 ἄνθρωπον
2868 2176 2954 2229 διὰ
2986 2175 3078 2228 τοῦ
3118 2176 3253 2229 Θεοῦ
3277 2194 3290 2206 ·
3322 2196 3341 2229 ι
3380 2178 3472 2230 καὶ
3504 2180 3700 2231 πάλιν·

2136 2280 2155 2315 ι
2180 2263 2319 2316 Ὅσα
2345 2264 2644 2317 ἐνετείλατο
2676 2264 2916 2334 Μωῦσῆς
2944 2264 3022 2335 τῷ
3049 2266 3265 2337 Ἰσραὴλ
3292 2267 3382 2321 διὰ
3412 2269 3501 2321 τοῦ
3530 2287 3706 2340 προσ-

2129 2355 2405 2426 τάγματος
2433 2355 2692 2427 Κυρίου.»
2727 2358 2838 2410 Καὶ
2866 2358 3062 2427 Ἰωσὴφ
3094 2358 3229 2428 πρὸς
3256 2361 3379 2423 τοὺς
3415 2360 3706 2429 εὐνούχους

2132 2446 2322 2518 φησίν·
2377 2448 2556 2518 (Οὐχὶ
2602 2447 2688 2501 διὰ
2736 2447 2829 2501 τοῦ
2876 2447 3009 2500 Θεοῦ
3066 2450 3099 2519 ἡ
3144 2448 3470 2522 διασάφησις
3518 2453 3704 2504 αὐτῶν

2130 2536 2316 2604 anm;
2346 2557 2366 2590 ι
2416 2540 2577 2594 Ἀλλὰ
2620 2539 2715 2594 καὶ
2751 2540 2961 2603 Παῦλος
3018 2540 3318 2612 Ἑϐραίοις·
3371 2560 3390 2593 ι
3421 2544 3701 2613 Ἔπρεπεν

2129 2630 2255 2703 γὰρ,
2278 2650 2295 2682 ι
2335 2633 2517 2704 φησὶν,
2561 2651 2579 2684 ι
2600 2632 2767 2703 αὐτῷ,
2797 2631 2863 2684 δι’
2907 2632 2966 2684 ὂν
2996 2631 3065 2684 τὰ
3104 2633 3299 2698 πάντα,
3330 2635 3425 2688 καὶ
3448 2634 3511 2687 δι’
3534 2630 3593 2688 οῦ
3626 2635 3700 2687 τὰ

2133 2723 2346 2788 πάντα,
2402 2724 2628 2788 πολλοὺς
2677 2724 2825 2786 υἱοὺς
2870 2724 2949 2786 εἰς
3000 2722 3155 2786 δόξαν
3201 2726 3557 2793 ἀναγαγόντα.
3600 2728 3697 2779 τὸν

2130 2815 2370 2888 ἀρχηγὸν
2395 2815 2495 2885 τῆς
2522 2814 2791 2885 σωτηρίας
2811 2813 2990 2867 αὐτῶν
3009 2813 3095 2866 διὰ
3120 2815 3454 2884 παθημάτων
3480 2816 3697 2869 τελειῶ-

2133 2923 2245 2959 σαι.
2289 2925 2307 2957 ι
2350 2906 2709 2976 Σημειωτέον,
2745 2904 2862 2967 πῶς
2903 2904 3277 2975 παραπλήσιον
3295 2905 3695 2977 τοῦτομάλιστα

2127 2998 2205 3068 τῷ
2251 2997 2554 3068 ἐκκειμένῳ
2592 2995 2872 3066 κεφαλαίῳ
2907 2995 3010 3068 τῷ,
3065 2992 3202 3060 «Εἷς
3247 2996 3448 3068 Κύριος
3490 2999 3694 3069 Ἰησοῦς

2127 3090 2380 3162 Χριστὸς,
2438 3090 2504 3143 δι⁹
2567 3083 2627 3142 οὗ
2673 3086 2742 3141 τὰ
2794 3087 2999 3140 πάντα·
3047 3105 3067 3138 ι
3128 3088 3222 3141 καὶ
3253 3087 3690 3142 Κολοσσαεῦσιν·

2135 3200 2155 3233 ι
2181 3180 2389 3243 Παῦλος
2423 3178 2718 3241 ἀπόστολος
2763 3177 2944 3241 δοῦλος
2995 3176 3168 3243 Ἰησοῦ
3214 3177 3449 3248 Χριστοῦ
3482 3178 3566 3233 διὰ
3596 3179 3693 3232 θε-

450 3268 594 3325 thios
622 3288 638 3324 :
677 3288 695 3321 ι
724 3269 928 3325 Fidelis
958 3270 1068 3344 (21)
1100 3271 1259 3339 Deus,
1292 3289 1389 3342 per
1415 3289 1577 3344 quem
1606 3277 1780 3331 vocati
1809 3279 1940 3331 estis
1971 3278 2023 3331 in

2128 3275 2366 3345 λήματος
2408 3272 2573 3324 Θεοῦ·
2599 3290 2616 3322 ι
2660 3271 2751 3323 καὶ
2801 3268 3141 3340 Κορινθίοις·
3183 3286 3203 3318 ι
3228 3267 3421 3332 Πιστὸς
3471 3271 3499 3321 ὁ
3538 3269 3693 3336 Θεὸς,

448 3361 884 3415 communionem
933 3361 1055 3416 Filii
1108 3361 1226 3432 ejus
1264 3362 1392 3419 Jcsu
1435 3364 1637 3421 Christi
1666 3364 1877 3421 Domini
1926 3383 2024 3421 no-

448 3450 572 3503 stri.
598 3466 617 3499 ι
647 3448 885 3506 Observa
921 3453 1008 3507 hic
1030 3469 1236 3519 rursus,
1271 3464 1329 3508 ut
1357 3455 1518 3524 paulo
1540 3464 1687 3522 ante,
1717 3460 1858 3525 quod
1889 3458 2027 3512 Dens

446 3546 504 3592 et
543 3538 703 3594 Pater
736 3553 892 3596 vocat
925 3543 1172 3600 homines
1210 3545 1276 3598 ad
1316 3562 1471 3600 suum
1512 3547 1681 3617 ipsius
1716 3548 1936 3614 Filium;
1971 3558 2026 3604 et

447 3628 515 3684 ad
562 3629 872 3688 Romanos:
912 3652 931 3684 ι
961 3631 1159 3688 Hortor
1186 3636 1295 3708 (22)
1344 3651 1473 3705 ergo
1503 3652 1623 3702 vos,
1663 3639 1879 3705 fratres,
1930 3657 2027 3708 per

448 3724 829 3780 miserationes
871 3725 1004 3793 Dei;
1038 3745 1056 3777 ›
1115 3737 1170 3781 et
1220 3729 1285 3781 ad
1334 3727 1601 3785 Galatas:
1643 3750 1661 3783 ι
1692 3731 1878 3800 Itaque
1908 3733 2023 3805 (25)

446 3815 558 3883 jam
596 3828 704 3867 non
749 3828 808 3868 es
838 3829 1048 3880 servus,
1092 3818 1185 3872 sed
1231 3816 1415 3874 filius:
1451 3820 1495 3874 si
1540 3829 1721 3875 autem
1766 3822 1930 3888 filius,
1971 3834 2026 3879 et

451 3905 627 3959 lmres
653 3919 749 3973 per
770 3905 936 3958 Deum
962 3904 1094 3976 (24).
1123 3924 1143 3958 ι

520 3991 672 4059 Quod
718 4003 898 4048 autem
937 3995 1129 4049 attinet
1153 3997 1221 4051 ad
1261 3995 1521 4067 Spiritum
1559 4010 1824 4065 sanctum,
1856 4002 2022 4059 Isaias

446 4099 513 4141 ex
532 4099 771 4155 persona
802 4084 978 4141 Patris
1011 4103 1026 4141 :
1073 4106 1093 4138 ‹
1120 4085 1416 4142 Consilium
1440 4089 1554 4161 (25)
1583 4090 1749 4164 414
1793 4094 2019 4159 fecistis,

447 4191 556 4230 non
593 4191 688 4246 per
726 4192 812 4231 me
841 4195 855 4231 :
889 4186 943 4230 et
983 4187 1158 4248 pacta,
1192 4194 1297 4233 non
1330 4192 1428 4248 per
1469 4179 1730 4250 Spiritum
1764 4198 1962 4238 meum.
1995 4204 2016 4235 ι

446 4265 650 4322 Paulus
688 4267 987 4324 Corinthiis
1031 4270 1278 4326 scribens
1311 4289 1326 4326 :
1360 4291 1379 4323 ι
1407 4271 1573 4327 Nobis
1599 4272 1713 4345 (26)
1761 4274 2022 4332 revelavit

444 4357 585 4414 Deus
619 4374 713 4429 per
742 4357 1004 4430 Spiritum
1032 4375 1190 4416 suum
1220 4362 1337 4436 (27)
1361 4378 1379 4420 :
1410 4362 1646 4435 Spiritus
1669 4367 1813 4421 enim
1835 4368 2018 4422 omnia

442 4462 736 4519 scrutatur,
785 4454 950 4509 etiam
982 4453 1251 4523 profunda
1290 4456 1421 4523 Dei;
1453 4475 1473 4509 ι
1511 4464 1569 4512 et
1610 4472 1800 4514 rursus
1831 4477 1846 4513 :
1876 4478 1895 4511 ι
1922 4460 2019 4513 Al-

513 4660 590 4725 (7)
635 4664 716 4716 Ea:
748 4678 880 4715 meo.
910 4660 1066 4717 Joan.
1118 4678 1233 4725 xvi,
1268 4661 1356 4717 15.

513 4661 591 4800 (7)
635 4664 716 4716 Ea:
748 4678 880 4715 meo.
910 4661 1066 4717 Joan.
1118 4678 1233 4725 xvi,
1268 4663 1324 4717 1Ξ

513 4731 566 4798 (8
632 4732 878 4800 Cognoui.
920 4732 1050 4786 Luc.
1087 4747 1204 4795 vni,
1234 4733 1324 4786 46.

515 4800 589 4872 (9)
628 4800 732 4867 Qui
753 4802 996 4872 seminat.
1017 4800 1132 4857 Non
1153 4800 1594 4872 apudJoannem,
1620 4801 1717 4858 sed
1752 4801 1805 4856 in
1836 4800 2008 4871 Epist.

322 4885 337 4895 ·
442 4867 725 4925 adGaIat.
762 4886 836 4933 vr,
867 4870 920 4924 8.

513 4937 626 5011 (10)
659 4941 810 5011 Quod
837 4941 1191 5011 (περιῆψα-εει.
1224 4942 1490 5011 πωλέω,
1518 4940 1574 4996 θ.

543 5007 627 5075 11)
658 5009 811 5074 Quod
839 5007 1006 5063 enim.
1041 5007 1231 5066 Matth.
1260 5028 1301 5075 ι,
1334 5010 1426 5068 20.

543 5013 596 5060 11
658 5013 811 5074 Quod
849 5013 1006 5063 enim.
1041 5013 1231 5066 Matth.
1260 5028 1301 5075 ι,
1334 5013 1426 5068 20.

513 5013 628 5198 ΞΗ)
657 5078 812 5134 Ecce.
840 5078 943 5132 Isa.
975 5094 1087 5143 Liv,
1109 5080 1196 5135 15.
1237 5080 1495 5151 Vulgatus
1522 5081 1623 5135 int.
1646 5081 1824 5136 aliter.
1847 5079 2017 5134 Fran-

533 5151 770 5198 urtensis
809 5149 973 5198 editio
1002 5158 1151 5198 caret
1175 5152 1362 5198 vocula
1413 5168 1516 5198 σοι-
1551 5152 1601 5198 id
1633 5159 1737 5198 est-
1776 5169 1795 5198 ι
1830 5151 1949 5198 lilii-
1990 5170 2009 5198 ι

442 5149 770 5270 cpfurtensis
809 5149 973 5202 editio
1002 5158 1151 5205 caret
1175 5149 1366 5207 vocula
1413 5168 1517 5219 σοι,
1551 5152 1602 5206 id
1633 5159 1738 5216 est,
1776 5169 1795 5202 ι
1830 5151 1949 5215 tibi,
1990 5170 2009 5201 ι

442 5232 557 5270 sive
594 5234 614 5266 ι
650 5231 681 5270 a
748 5225 820 5270 te.
862 5236 882 5269 ι

442 5218 557 5271 sive
594 5234 614 5266 ι
650 5218 717 5270 ad
748 5225 820 5271 te.
862 5236 882 5269 ι

503 5309 617 5379 (15)
663 5309 774 5365 Vae.
828 5313 927 5366 lsa.
965 5326 1118 5376 xxtx,
1145 5312 1409 5381 “Juxta
1432 5313 1673 5370 Graecam
1703 5316 2006 5371 editionem.

442 5377 701 5451 Vulgatns
735 5396 862 5434 vero
905 5383 1171 5447 interpres
1204 5377 1303 5439 nec
1343 5387 1529 5440 eadem
1562 5386 1751 5451 habet,
1786 5402 1883 5441 nec
1916 5401 2006 5439 eo-

440 5450 560 5503 dem
586 5451 875 5516 versiculo,
911 5454 1005 5507 sed
1035 5452 1120 5506 15.

509 5539 620 5612 (14)
656 5539 951 5615 Profunda.
993 5542 1178 5615 Graeca
1214 5542 1414 5608 editio,
1445 5541 1664 5611 βαθεῖαν
1697 5542 1922 5615 βουλήν,
1957 5542 2009 5596 id

437 5610 542 5672 est,
584 5610 609 5662 ‹⁷
641 5610 960 5680 profundum
991 5613 1291 5667 consilium.
1333 5631 1350 5664 ι

507 5681 619 5751 (IS)
663 5679 898 5736 Possedi.
933 5682 1069 5739 Gen.
1100 5698 1176 5746 1v,
1208 5684 1260 5737 1.

506 5771 617 5839 (16)
659 5771 1013 5841 Ωαίεεαηᾳιω.
1049 5772 1206 5830 Num.
1240 5791 1430 5841 xxxvr,
1464 5775 1517 5830 5.
1549 5773 1737 5829 Grmca
1787 5773 1954 5829 editio
1985 5791 1998 5827 :

432 5838 546 5895 και
567 5838 863 5898 ἐνετείλατο
885 5838 1125 5915 Μωῦσῆς
1150 5850 1265 5912 τοῖς
1287 5838 1423 5910 υἱοῖς
1457 5844 1691 5922 Ἰσραὴλ,
1716 5844 1802 5899 διά
1839 5861 2003 5915 προσ-

2128 3366 2194 3419 δι’
2228 3358 2289 3418 οὗ
2319 3363 2585 3435 ἐκλήθητε
2609 3364 2688 3424 εἰς
2712 3361 2993 3415 κοινωνίαν
3024 3360 3118 3413 τοῦ
3154 3359 3283 3411 Υἱοῦ
3308 3359 3470 3412 αὑτοῦ
3516 3362 3693 3431 Ἰησοῦ

2125 3455 2363 3527 Χριστοῦ
2392 3453 2484 3506 τοῦ
2524 3452 2727 3523 Κυρίου
2774 3451 2950 3523 ἡμῶν.
2979 3468 2997 3503 ι
3047 3450 3307 3521 Μέμνησο
3341 3451 3520 3513 πάλιν,
3554 3453 3639 3508 ὃτι
3666 3457 3698 3510 ό

2125 3549 2256 3611 Θεὸς
2303 3548 2396 3601 καὶ
2442 3545 2631 3616 Πατὴρ
2666 3543 2821 3598 καλεῖ
2861 3542 2995 3614 πρὸς
3030 3542 3122 3597 τὸν
3173 3541 3367 3596 ἑαυτοῦ
3414 3543 3556 3598 Υἱόν.
3583 3548 3697 3601 Καὶ

2136 3639 2455 3711 Ῥωμαίοις·
2497 3657 2514 3689 ι
2540 3635 2849 3709 Παρακαλῷ
2887 3631 2978 3689 οὖν
3006 3636 3169 3706 ὑμᾶς,
3199 3636 3438 3710 ἀδελφοὶ,
3466 3640 3552 3693 διὰ
3582 3638 3698 3693 τῶν

2124 3730 2423 3801 οἰκτιρμῶν
2471 3728 2565 3781 τοῦ
2614 3726 2812 3780 Θεοῦ·›
2867 3727 2963 3780 καὶ
3011 3727 3303 3791 Γαλάταις·
3355 3730 3559 3783 «Ὥστε
3590 3730 3696 3783 οὐκ

2125 3818 2204 3871 ἔτι
2234 3814 2285 3870 εἶ
2315 3815 2519 3879 δοῦλος,
2552 3813 2689 3868 ἀλλὰ
2720 3814 2832 3878 υἱός
2851 3832 2864 3845 ·
2900 3814 2948 3867 εἰ
2974 3813 3031 3867 δὲ
3062 3814 3197 3879 υἱὸς,
3225 3817 3318 3871 καὶ
3355 3818 3693 3889 κληρονόμος

2123 3908 2211 3963 διὰ
2247 3907 2404 3961 Θεοῦ.
2449 3924 2468 3956 ι

2194 4001 2330 4071 Περὶ
2370 3997 2465 4052 τοῦ
2510 3997 2663 4066 ἁγίου
2699 3996 3010 4067 Πνεῦματος
3053 3997 3278 4062 Ἡσαΐας
3310 3999 3419 4052 ἀπὸ
3476 3998 3603 4071 [200
3633 3999 3692 4074 1)]

2120 4092 2217 4147 τοῦ
2274 4091 2516 4161 Πατρός·
2574 4108 2593 4142 ι
2649 4089 2854 4160 Βουλὴν
2916 4091 3216 4159 ἐποιήσατε
3274 4092 3337 4144 οὐ
3397 4092 3465 4144 δι’
3510 4093 3643 4163 ἐμοῦ
3674 4135 3693 4157 ,

2123 4184 2220 4240 καὶ
2249 4182 2521 4253 συνθήκας
2565 4182 2626 4235 οὐ
2679 4180 2771 4235 διὰ
2795 4180 2891 4234 τοῦ
2920 4180 3239 4251 Πνεύματός
3270 4199 3370 4252 μου
3396 4199 3408 4213 ·
3432 4205 3451 4234 ι
3485 4183 3696 4247 Παῦλος

2122 4274 2462 4349 Κορινθίοις·
2500 4293 2519 4326 ι
2574 4275 2737 4344 Ἡμῖν
2797 4272 3146 4342 ἀπεκάλυψεν
3184 4274 3214 4326 ό
3280 4273 3413 4337 Θεδς
3450 4274 3536 4327 διὰ
3594 4275 3693 4328 τοῦ

2120 4371 2436 4440 Πνεῦματος
2472 4368 2666 4422 αὐτοῦ·
2701 4367 2763 4421 τὸ
2817 4366 2926 4437 γὰρ
2981 4364 3206 4436 Πνεῦμα
3259 4365 3437 4421 πάντα
3472 4368 3691 4439 ἐρευνᾷ,

2121 4459 2217 4513 καὶ
2248 4457 2317 4512 τὰ
2362 4455 2503 4528 βάθη
2547 4454 2642 4509 τοῦ
2684 4454 2849 4509 Θεοῦ·
2875 4473 2895 4506 ι
2950 4454 3047 4507 καὶ
3074 4453 3236 4507 πάλιν
3257 4470 3271 4482 ·
3311 4473 3331 4504 ι
3356 4449 3422 4524 ᾯ
3451 4455 3548 4524 μὲν
3579 4455 3693 4527 γὰρ

2042 4674 2087 4729 ι)
2115 4660 2394 4732 τάγματος
2420 4660 2647 4732 Κυρίου,
2667 4661 2720 4713 id
2748 4667 2849 4732 est,
2881 4677 2899 4709 ι
2934 4657 2996 4732 Et
3020 4657 3292 4732 mandavit
3317 4655 3523 4727 Moyses
3564 4656 3688 4710 filiis

2124 4728 2308 4802 Israel,
2350 4748 2445 4802 per
2468 4728 2793 4802 prtem-ptum
2835 4728 3064 4802 linniini.
3097 4745 3117 4779 ι
3207 4794 3238 4802 _
3532 4794 3560 4802 υ

2195 4794 2556 4871 (17)-Νοηὶιε.
2597 4794 2732 4871 Gen.
2778 4813 2874 4871 δι..
2912 4799 2964 4857 8,
3000 4796 3150 4861 juxta
3183 4794 3439 4871 _Grafcam
3479 4794 3671 4848 editio-

2122 4865 2268 4924 nem.
2289 4865 2295 4869 ⁷
2317 4868 2573 4939 \‘ulgatns
2602 4870 2744 4939 enim
2780 4870 3043 4939 interpres
3076 4866 3236 4933 paulo
3267 4865 3442 4920 aliter.

2353 4935 2614 5015 Petebat;
2648 4937 2809 4992 Hebr.
2833 4935 3014 5015 ’(1.10.
3150 5002 3163 5015 ι
3315 5002 3328 5015 θ
3352 5004 3367 5015 _
3465 5011 3475 5015 Α
3663 5003 3677 5015 _

2190 5002 2302 5078 (19)
2341 5009 2544 5062 Evexit.
2574 5009 2758 5062 Graeca
2780 5008 2965 5065 editio,
2990 5002 3286 5078 ᾲγαγόντα,
3314 5002 3368 5058 id
3397 5011 3509 5070 est,
3534 5022 3553 5055 ι
3590 5003 3679 5073 qui

2112 5075 2376 5148 admisit:
2398 5097 2417 5130 ι
2460 5078 2736 5148 Didymus,
2772 5075 3134 5148 ἀναγαγόντα.

2185 5147 2298 5211 (20)
2342 5145 2573 5200 Paulus:
2607 5147 2813 5201 Coloss.
2854 5163 2888 5207 ι,
2923 5145 2974 5199 1.

2185 5148 2275 5211 (20
2342 5148 2563 5200 Paulus.
2607 5148 2813 5201 Coloss.
2854 5163 2888 5207 ι,
2923 5148 2944 5196 1

2185 5148 2298 5284 (21)
2338 5216 2555 5270 Fidelis.
2589 5215 2607 5268 I
2644 5215 2771 5271 Cor.
2811 5231 2849 5280 l,
2891 5215 2944 5267 9.

2186 5287 2298 5353 (22)
2337 5285 2560 5339 Hortar.
2600 5286 2754 5339 Rom.
2790 5302 2888 5346 xu,
2918 5285 2968 5337 1.

2186 5357 2298 5426 (25)
2339 5355 2542 5426 Itaque.
2591 5355 2768 5426 Galat.
2810 5353 2976 5426 IV,__7.

2195 5423 2316 5508 (24)_
2340 5424 2531 5508 _Ha'res_
2551 5443 2642 5507 per
2664 5424 2850 5508 Deum.
2881 5423 3136 5508 Vulgatus
3175 5424 3441 5508 interpres
3464 5463 3477 5485 ,
3505 5430 3559 5476 et
3571 5436 3652 5508 nco

2112 5490 2249 5549 dicis
2289 5490 2636 5549 'Alexmndrini
2690 5498 2924 5561 scriptor
2976 5490 3102 5559 II-git
3146 5504 3203 5545 ut
3253 5495 3519 5559 Didymus.
3571 5490 3675 5544 Sed

2112 5566 2299 5621 Graeca
2329 5564 2492 5618 editio
2518 5579 2661 5618 nunc
2689 5564 2848 5633 habet
2870 5579 2889 5633 7:
2919 5561 3252 5633 κληρονόμος
3275 5561 3410 5614 Θεοῦ
3435 5561 3523 5614 διὰ
3550 5562 3675 5630 Χρι·

2114 5636 2262 5697 στοῦ,
2300 5635 2349 5688 id
2381 5641 2482 5696 est,
2525 5652 2542 5683 ι
2587 5635 2756 5687 haeres
2788 5631 2879 5683 Dei
2914 5631 3013 5696 per
3028 5631 3330 5685 Christum.
3372 5648 3392 5681 ι

2183 5704 2296 5772 (25)
2335 5702 2643 5772 Consilium.
2677 5703 2775 5755 lsa.
2810 5716 2940 5772 xxxt,
2979 5703 3023 5754 Ι.

2180 5769 2293 5845 (20)
2338 5771 2521 5845 globis.
2548 5771 2571 5845 fl
2596 5773 2727 5845 Cor.
2756 5786 2816 5832 ll,
2852 5769 2937 5822 10.

2179 5836 2292 5914 (27)
2332 5836 2437 5897 Per
2460 5840 2717 5911 Spiritum
2752 5856 2926 5896 suum.
2957 5839 3181 5908 Quoties
3210 5838 3324 5894 haec
3363 5837 3549 5894 citavit
3583 5836 3674 5891 Di-
