  <div class='ocr_page' id='page_1' title='image "/cluster/home/n/w/nwhite01/storage/ocr_20150623/39/coo.31924054869361/474.png"; bbox 0 0 4034 6404; ppageno 0'>
   <div class='ocr_carea' id='block_1_1' title="bbox 299 320 406 377">
    <p class='ocr_par' dir='ltr' id='par_1_1' title="bbox 299 320 406 377">
     <span class='ocr_line' id='line_1_1' title="bbox 299 320 406 377; baseline -0.019 0"><span class='ocrx_word' id='word_1_1' title='bbox 299 320 406 377; x_wconf 76' lang='grc'>955</span> 
     </span>
    </p>
   </div>
   <div class='ocr_carea' id='block_1_2' title="bbox 1405 325 2509 385">
    <p class='ocr_par' dir='ltr' id='par_1_2' title="bbox 1405 325 2509 385">
     <span class='ocr_line' id='line_1_2' title="bbox 1405 325 2509 385; baseline 0.005 -6"><span class='ocrx_word' id='word_1_2' title='bbox 1405 325 1492 380; x_wconf 84' lang='lat' dir='ltr'><strong>DE</strong></span> <span class='ocrx_word' id='word_1_3' title='bbox 1531 326 1905 381; x_wconf 74' lang='lat' dir='ltr'><strong>TRINITATE</strong></span> <span class='ocrx_word' id='word_1_4' title='bbox 1944 327 2145 382; x_wconf 80' lang='lat' dir='ltr'><strong>LIBER</strong></span> <span class='ocrx_word' id='word_1_5' title='bbox 2187 328 2509 385; x_wconf 71' lang='lat' dir='ltr'><strong>TERTIUS.</strong></span> 
     </span>
    </p>
   </div>
   <div class='ocr_carea' id='block_1_3' title="bbox 3449 342 3560 403">
    <p class='ocr_par' dir='ltr' id='par_1_3' title="bbox 3449 342 3560 403">
     <span class='ocr_line' id='line_1_3' title="bbox 3449 342 3560 403; baseline 0.027 -4"><span class='ocrx_word' id='word_1_6' title='bbox 3449 342 3560 403; x_wconf 62' lang='grc' dir='ltr'>οδε</span> 
     </span>
    </p>
   </div>
   <div class='ocr_carea' id='block_1_4' title="bbox 298 432 1871 521">
    <p class='ocr_par' dir='ltr' id='par_1_4' title="bbox 298 432 1871 511">
     <span class='ocr_line' id='line_1_4' title="bbox 298 432 1871 511; baseline 0.003 -24"><span class='ocrx_word' id='word_1_7' title='bbox 298 433 388 487; x_wconf 82' lang='grc' dir='ltr'>διὰ</span> <span class='ocrx_word' id='word_1_8' title='bbox 413 432 509 487; x_wconf 80' lang='grc' dir='ltr'>τοῦ</span> <span class='ocrx_word' id='word_1_9' title='bbox 559 432 875 505; x_wconf 84' lang='grc' dir='ltr'>Πνεύματος</span> <span class='ocrx_word' id='word_1_10' title='bbox 916 436 1115 494; x_wconf 79' lang='grc' dir='ltr'><strong>δίδοται</strong></span> <span class='ocrx_word' id='word_1_11' title='bbox 1162 440 1318 509; x_wconf 82' lang='grc' dir='ltr'><strong>λόγος</strong></span> <span class='ocrx_word' id='word_1_12' title='bbox 1368 441 1580 509; x_wconf 85' lang='grc' dir='ltr'>σοφίας,</span> <span class='ocrx_word' id='word_1_13' title='bbox 1627 440 1772 511; x_wconf 84' lang='grc' dir='ltr'>ἄλλῳ</span> <span class='ocrx_word' id='word_1_14' title='bbox 1822 440 1871 492; x_wconf 74' lang='grc' dir='ltr'>δὲ</span> 
     </span>
    </p>
   </div>
   <div class='ocr_carea' id='block_1_5' title="bbox 1978 432 3554 521">
    <p class='ocr_par' dir='ltr' id='par_1_5' title="bbox 1983 438 3554 521">
     <span class='ocr_line' id='line_1_5' title="bbox 1983 438 3554 521; baseline 0.011 -30"><span class='ocrx_word' id='word_1_15' title='bbox 1983 438 2081 491; x_wconf 88' lang='lat' dir='ltr'><strong>teri</strong></span> <span class='ocrx_word' id='word_1_16' title='bbox 2112 440 2223 509; x_wconf 73' lang='lat'><strong>(:28)</strong></span> <span class='ocrx_word' id='word_1_17' title='bbox 2257 440 2399 493; x_wconf 91' lang='lat' dir='ltr'><strong>enim</strong></span> <span class='ocrx_word' id='word_1_18' title='bbox 2422 456 2521 510; x_wconf 88' lang='lat' dir='ltr'><strong>per</strong></span> <span class='ocrx_word' id='word_1_19' title='bbox 2553 439 2810 512; x_wconf 73' lang='lat' dir='ltr'><strong>Spiritum</strong></span> <span class='ocrx_word' id='word_1_20' title='bbox 2842 444 3002 499; x_wconf 84' lang='lat' dir='ltr'><strong>datur</strong></span> <span class='ocrx_word' id='word_1_21' title='bbox 3033 461 3210 503; x_wconf 88' lang='lat' dir='ltr'><strong>sermo</strong></span> <span class='ocrx_word' id='word_1_22' title='bbox 3238 450 3554 521; x_wconf 70' lang='lat' dir='ltr'><strong>sapientim:</strong></span> 
     </span>
    </p>
   </div>
   <div class='ocr_carea' id='block_1_6' title="bbox 302 525 1887 602">
    <p class='ocr_par' dir='ltr' id='par_1_6' title="bbox 302 525 1887 602">
     <span class='ocr_line' id='line_1_6' title="bbox 302 525 1887 602; baseline 0.003 -24"><span class='ocrx_word' id='word_1_23' title='bbox 302 526 486 589; x_wconf 83' lang='grc' dir='ltr'>πίστις</span> <span class='ocrx_word' id='word_1_24' title='bbox 518 525 608 580; x_wconf 74' lang='grc' dir='ltr'>διὰ</span> <span class='ocrx_word' id='word_1_25' title='bbox 644 525 736 578; x_wconf 81' lang='grc' dir='ltr'>τοῦ</span> <span class='ocrx_word' id='word_1_26' title='bbox 767 526 929 580; x_wconf 82' lang='grc' dir='ltr'>αὐτοῦ</span> <span class='ocrx_word' id='word_1_27' title='bbox 949 530 1282 601; x_wconf 77' lang='grc' dir='ltr'>Πνεῦματος.</span> <span class='ocrx_word' id='word_1_28' title='bbox 1332 551 1349 583; x_wconf 73' lang='grc' dir='ltr'><strong>ι</strong></span> <span class='ocrx_word' id='word_1_29' title='bbox 1370 532 1692 602; x_wconf 76' lang='grc' dir='ltr'>Ῥωμαίοιςο</span> <span class='ocrx_word' id='word_1_30' title='bbox 1734 550 1752 582; x_wconf 77' lang='grc' dir='ltr'><strong>ι</strong></span> <span class='ocrx_word' id='word_1_31' title='bbox 1772 532 1887 583; x_wconf 87' lang='grc' dir='ltr'><strong>Πα-</strong></span> 
     </span>
    </p>
   </div>
   <div class='ocr_carea' id='block_1_7' title="bbox 305 615 1885 693">
    <p class='ocr_par' dir='ltr' id='par_1_7' title="bbox 305 615 1885 693">
     <span class='ocr_line' id='line_1_7' title="bbox 305 615 1885 693; baseline 0.002 -23"><span class='ocrx_word' id='word_1_32' title='bbox 305 615 529 689; x_wconf 82' lang='grc' dir='ltr'>ρακαλῶ</span> <span class='ocrx_word' id='word_1_33' title='bbox 553 617 610 669; x_wconf 85' lang='grc' dir='ltr'>δὲ</span> <span class='ocrx_word' id='word_1_34' title='bbox 638 616 802 687; x_wconf 77' lang='grc' dir='ltr'>ὑμᾶς,</span> <span class='ocrx_word' id='word_1_35' title='bbox 844 619 1081 688; x_wconf 79' lang='grc' dir='ltr'>ἀδελφοὶ,</span> <span class='ocrx_word' id='word_1_36' title='bbox 1121 622 1208 675; x_wconf 86' lang='grc' dir='ltr'>διὰ</span> <span class='ocrx_word' id='word_1_37' title='bbox 1238 616 1331 674; x_wconf 85' lang='grc' dir='ltr'>τοῦ</span> <span class='ocrx_word' id='word_1_38' title='bbox 1351 621 1555 693; x_wconf 84' lang='grc' dir='ltr'>Κυρίου</span> <span class='ocrx_word' id='word_1_39' title='bbox 1584 621 1739 691; x_wconf 80' lang='grc' dir='ltr'>ἡμῶν</span> <span class='ocrx_word' id='word_1_40' title='bbox 1781 622 1885 692; x_wconf 84' lang='grc' dir='ltr'><strong>Ἰη-</strong></span> 
     </span>
    </p>
   </div>
   <div class='ocr_carea' id='block_1_8' title="bbox 305 704 1877 782">
    <p class='ocr_par' dir='ltr' id='par_1_8' title="bbox 305 704 1877 782">
     <span class='ocr_line' id='line_1_8' title="bbox 305 704 1877 782; baseline 0.002 -24"><span class='ocrx_word' id='word_1_41' title='bbox 305 704 402 758; x_wconf 87' lang='grc' dir='ltr'>σοῦ</span> <span class='ocrx_word' id='word_1_42' title='bbox 435 704 695 774; x_wconf 75' lang='grc' dir='ltr'><strong>Χριστοῦ,</strong></span> <span class='ocrx_word' id='word_1_43' title='bbox 743 707 838 759; x_wconf 73' lang='grc' dir='ltr'><strong>καὶ</strong></span> <span class='ocrx_word' id='word_1_44' title='bbox 867 709 955 763; x_wconf 84' lang='grc' dir='ltr'>διὰ</span> <span class='ocrx_word' id='word_1_45' title='bbox 997 710 1097 780; x_wconf 84' lang='grc' dir='ltr'>τῆς</span> <span class='ocrx_word' id='word_1_46' title='bbox 1126 711 1345 782; x_wconf 80' lang='grc' dir='ltr'><strong>ἀγάπης</strong></span> <span class='ocrx_word' id='word_1_47' title='bbox 1374 709 1467 763; x_wconf 84' lang='grc' dir='ltr'>τοῦ</span> <span class='ocrx_word' id='word_1_48' title='bbox 1500 711 1877 780; x_wconf 63' lang='grc' dir='ltr'>Πνεῦματοςη</span> 
     </span>
    </p>
   </div>
   <div class='ocr_carea' id='block_1_9' title="bbox 304 796 1877 873">
    <p class='ocr_par' dir='ltr' id='par_1_9' title="bbox 304 796 1877 873">
     <span class='ocr_line' id='line_1_9' title="bbox 304 796 1877 873; baseline 0.003 -24"><span class='ocrx_word' id='word_1_49' title='bbox 304 796 401 849; x_wconf 77' lang='grc' dir='ltr'><strong>καὶ</strong></span> <span class='ocrx_word' id='word_1_50' title='bbox 426 796 614 849; x_wconf 55' lang='grc' dir='ltr'>πάλιν</span> <span class='ocrx_word' id='word_1_51' title='bbox 656 815 674 849; x_wconf 84' lang='grc' dir='ltr'><strong>ι</strong></span> <span class='ocrx_word' id='word_1_52' title='bbox 706 798 763 850; x_wconf 89' lang='lat'><strong>&#39;0</strong></span> <span class='ocrx_word' id='word_1_53' title='bbox 795 800 1013 872; x_wconf 76' lang='grc' dir='ltr'><strong>ἐγείρας</strong></span> <span class='ocrx_word' id='word_1_54' title='bbox 1054 803 1259 872; x_wconf 78' lang='grc' dir='ltr'><strong>Ἰησοῦν</strong></span> <span class='ocrx_word' id='word_1_55' title='bbox 1286 802 1517 873; x_wconf 82' lang='grc' dir='ltr'>Χριστὸν</span> <span class='ocrx_word' id='word_1_56' title='bbox 1550 805 1615 855; x_wconf 82' lang='grc' dir='ltr'><strong>ἐκ</strong></span> <span class='ocrx_word' id='word_1_57' title='bbox 1645 804 1877 873; x_wconf 77' lang='grc' dir='ltr'>νεκρῶν,</span> 
     </span>
    </p>
   </div>
   <div class='ocr_carea' id='block_1_10' title="bbox 307 884 1881 963">
    <p class='ocr_par' dir='ltr' id='par_1_10' title="bbox 307 884 1881 963">
     <span class='ocr_line' id='line_1_10' title="bbox 307 884 1881 963; baseline 0.004 -25"><span class='ocrx_word' id='word_1_58' title='bbox 307 884 630 957; x_wconf 81' lang='grc' dir='ltr'><strong>ζωοποιήσει</strong></span> <span class='ocrx_word' id='word_1_59' title='bbox 654 887 745 939; x_wconf 77' lang='grc' dir='ltr'>καὶ</span> <span class='ocrx_word' id='word_1_60' title='bbox 768 888 837 941; x_wconf 83' lang='grc' dir='ltr'>τὰ</span> <span class='ocrx_word' id='word_1_61' title='bbox 862 890 1030 962; x_wconf 80' lang='grc' dir='ltr'>θνητὰ</span> <span class='ocrx_word' id='word_1_62' title='bbox 1061 891 1285 962; x_wconf 88' lang='grc' dir='ltr'>σώματα</span> <span class='ocrx_word' id='word_1_63' title='bbox 1313 894 1342 945; x_wconf 86' lang='grc' dir='ltr'>ὑ</span> <span class='ocrx_word' id='word_1_64' title='bbox 1352 892 1487 963; x_wconf 85' lang='grc' dir='ltr'>μῶν,</span> <span class='ocrx_word' id='word_1_65' title='bbox 1511 893 1598 945; x_wconf 73' lang='grc' dir='ltr'>διὰ</span> <span class='ocrx_word' id='word_1_66' title='bbox 1619 893 1710 945; x_wconf 83' lang='grc' dir='ltr'>τοῦ</span> <span class='ocrx_word' id='word_1_67' title='bbox 1741 896 1881 946; x_wconf 80' lang='grc' dir='ltr'>ἐνοι-</span> 
     </span>
    </p>
   </div>
   <div class='ocr_carea' id='block_1_11' title="bbox 308 984 1882 1059">
    <p class='ocr_par' dir='ltr' id='par_1_11' title="bbox 308 984 1882 1059">
     <span class='ocr_line' id='line_1_11' title="bbox 308 984 1882 1059; baseline 0.003 -22"><span class='ocrx_word' id='word_1_68' title='bbox 308 984 529 1047; x_wconf 86' lang='grc' dir='ltr'>κοῦντος</span> <span class='ocrx_word' id='word_1_69' title='bbox 552 986 715 1038; x_wconf 80' lang='grc' dir='ltr'>αὐτοῦ</span> <span class='ocrx_word' id='word_1_70' title='bbox 742 986 1058 1057; x_wconf 73' lang='grc' dir='ltr'>Πνεύματος</span> <span class='ocrx_word' id='word_1_71' title='bbox 1085 991 1141 1043; x_wconf 87' lang='grc' dir='ltr'>ὲν</span> <span class='ocrx_word' id='word_1_72' title='bbox 1177 990 1329 1059; x_wconf 80' lang='grc' dir='ltr'>ὑμῖν,</span> <span class='ocrx_word' id='word_1_73' title='bbox 1362 990 1502 1042; x_wconf 85' lang='grc' dir='ltr'>κατὰ</span> <span class='ocrx_word' id='word_1_74' title='bbox 1534 989 1623 1040; x_wconf 82' lang='grc' dir='ltr'><strong>τὸν</strong></span> <span class='ocrx_word' id='word_1_75' title='bbox 1656 988 1882 1041; x_wconf 74' lang='grc' dir='ltr'>ττ&gt;οῦτον</span> 
     </span>
    </p>
   </div>
   <div class='ocr_carea' id='block_1_12' title="bbox 306 1076 1880 1151">
    <p class='ocr_par' dir='ltr' id='par_1_12' title="bbox 306 1076 1880 1151">
     <span class='ocr_line' id='line_1_12' title="bbox 306 1076 1880 1151; baseline 0.001 -23"><span class='ocrx_word' id='word_1_76' title='bbox 306 1076 407 1144; x_wconf 82' lang='grc' dir='ltr'>τῆς</span> <span class='ocrx_word' id='word_1_77' title='bbox 451 1076 605 1146; x_wconf 81' lang='grc' dir='ltr'>δόξης</span> <span class='ocrx_word' id='word_1_78' title='bbox 655 1078 857 1143; x_wconf 80' lang='grc' dir='ltr'>αὐτοῦ,</span> <span class='ocrx_word' id='word_1_79' title='bbox 905 1078 1133 1150; x_wconf 76' lang='grc' dir='ltr'><strong>δυνάμει</strong></span> <span class='ocrx_word' id='word_1_80' title='bbox 1186 1079 1591 1151; x_wconf 62' lang='grc' dir='ltr'>κραταιωθῆναι</span> <span class='ocrx_word' id='word_1_81' title='bbox 1647 1079 1733 1131; x_wconf 64' lang='grc' dir='ltr'><strong>διὰ</strong></span> <span class='ocrx_word' id='word_1_82' title='bbox 1784 1077 1880 1131; x_wconf 82' lang='grc' dir='ltr'>τοῦ</span> 
     </span>
    </p>
   </div>
   <div class='ocr_carea' id='block_1_13' title="bbox 307 1166 1879 1241">
    <p class='ocr_par' dir='ltr' id='par_1_13' title="bbox 307 1166 1879 1241">
     <span class='ocr_line' id='line_1_13' title="bbox 307 1166 1879 1241; baseline 0.003 -23"><span class='ocrx_word' id='word_1_83' title='bbox 307 1166 624 1236; x_wconf 76' lang='grc' dir='ltr'>Πνεῦματος</span> <span class='ocrx_word' id='word_1_84' title='bbox 679 1169 916 1222; x_wconf 74' lang='grc' dir='ltr'>αὐτοῦ’»</span> <span class='ocrx_word' id='word_1_85' title='bbox 973 1172 1067 1223; x_wconf 71' lang='grc' dir='ltr'>καὶ</span> <span class='ocrx_word' id='word_1_86' title='bbox 1124 1171 1313 1224; x_wconf 83' lang='grc' dir='ltr'>πάλιν·</span> <span class='ocrx_word' id='word_1_87' title='bbox 1377 1190 1395 1223; x_wconf 79' lang='grc' dir='ltr'><strong>ι</strong></span> <span class='ocrx_word' id='word_1_88' title='bbox 1428 1172 1489 1223; x_wconf 86' lang='grc' dir='ltr'><strong>Ἦ</strong></span> <span class='ocrx_word' id='word_1_89' title='bbox 1549 1172 1735 1241; x_wconf 78' lang='grc' dir='ltr'>ἀγάπη</span> <span class='ocrx_word' id='word_1_90' title='bbox 1789 1169 1879 1223; x_wconf 84' lang='grc' dir='ltr'>τοῦ</span> 
     </span>
    </p>
   </div>
   <div class='ocr_carea' id='block_1_14' title="bbox 307 1257 1880 1334">
    <p class='ocr_par' dir='ltr' id='par_1_14' title="bbox 307 1257 1880 1334">
     <span class='ocr_line' id='line_1_14' title="bbox 307 1257 1880 1334; baseline 0.004 -25"><span class='ocrx_word' id='word_1_91' title='bbox 307 1257 441 1311; x_wconf 79' lang='grc' dir='ltr'>Θεοῦ</span> <span class='ocrx_word' id='word_1_92' title='bbox 474 1259 759 1330; x_wconf 76' lang='grc' dir='ltr'><strong>ἐκκέχυται</strong></span> <span class='ocrx_word' id='word_1_93' title='bbox 794 1262 851 1313; x_wconf 85' lang='grc' dir='ltr'>ὲν</span> <span class='ocrx_word' id='word_1_94' title='bbox 882 1265 1003 1325; x_wconf 85' lang='grc' dir='ltr'>ταῖς</span> <span class='ocrx_word' id='word_1_95' title='bbox 1041 1263 1286 1333; x_wconf 81' lang='grc' dir='ltr'><strong>καρδίαις</strong></span> <span class='ocrx_word' id='word_1_96' title='bbox 1316 1264 1474 1334; x_wconf 83' lang='grc' dir='ltr'>ἡμῶν</span> <span class='ocrx_word' id='word_1_97' title='bbox 1503 1264 1591 1316; x_wconf 78' lang='grc' dir='ltr'>διὰ</span> <span class='ocrx_word' id='word_1_98' title='bbox 1628 1262 1880 1333; x_wconf 69' lang='grc' dir='ltr'>Πνεῦμα-</span> 
     </span>
    </p>
   </div>
   <div class='ocr_carea' id='block_1_15' title="bbox 307 1348 1879 1424">
    <p class='ocr_par' dir='ltr' id='par_1_15' title="bbox 307 1348 1879 1424">
     <span class='ocr_line' id='line_1_15' title="bbox 307 1348 1879 1424; baseline 0.003 -24"><span class='ocrx_word' id='word_1_99' title='bbox 307 1364 399 1410; x_wconf 87' lang='grc' dir='ltr'><strong>τος</strong></span> <span class='ocrx_word' id='word_1_100' title='bbox 431 1348 583 1417; x_wconf 87' lang='grc' dir='ltr'>ἁγίου</span> <span class='ocrx_word' id='word_1_101' title='bbox 606 1366 620 1379; x_wconf 76' lang='grc'><strong><em>⁸</em></strong></span> <span class='ocrx_word' id='word_1_102' title='bbox 646 1369 664 1401; x_wconf 76' lang='grc' dir='ltr'><strong>ι</strong></span> <span class='ocrx_word' id='word_1_103' title='bbox 702 1352 796 1403; x_wconf 73' lang='grc' dir='ltr'><strong>καὶ</strong></span> <span class='ocrx_word' id='word_1_104' title='bbox 840 1352 976 1422; x_wconf 81' lang='grc' dir='ltr'>πρὸς</span> <span class='ocrx_word' id='word_1_105' title='bbox 1002 1353 1284 1422; x_wconf 77' lang='grc' dir='ltr'>Τιμόθεονο</span> <span class='ocrx_word' id='word_1_106' title='bbox 1328 1373 1345 1403; x_wconf 77' lang='lat' dir='ltr'><strong>t</strong></span> <span class='ocrx_word' id='word_1_107' title='bbox 1368 1354 1478 1424; x_wconf 78' lang='grc' dir='ltr'>Τὴν</span> <span class='ocrx_word' id='word_1_108' title='bbox 1505 1354 1675 1424; x_wconf 76' lang='grc' dir='ltr'>καλὴν</span> <span class='ocrx_word' id='word_1_109' title='bbox 1702 1370 1879 1424; x_wconf 87' lang='grc' dir='ltr'>παρα-</span> 
     </span>
    </p>
   </div>
   <div class='ocr_carea' id='block_1_16' title="bbox 309 1438 1881 1511">
    <p class='ocr_par' dir='ltr' id='par_1_16' title="bbox 309 1438 1881 1511">
     <span class='ocr_line' id='line_1_16' title="bbox 309 1438 1881 1511; baseline 0.003 -22"><span class='ocrx_word' id='word_1_110' title='bbox 309 1438 483 1508; x_wconf 77' lang='grc' dir='ltr'>Θήκην</span> <span class='ocrx_word' id='word_1_111' title='bbox 509 1438 740 1507; x_wconf 79' lang='grc' dir='ltr'>φύλαξον</span> <span class='ocrx_word' id='word_1_112' title='bbox 770 1440 859 1493; x_wconf 80' lang='grc' dir='ltr'>διὰ</span> <span class='ocrx_word' id='word_1_113' title='bbox 885 1440 1200 1511; x_wconf 82' lang='grc' dir='ltr'>Πνεύματος</span> <span class='ocrx_word' id='word_1_114' title='bbox 1229 1442 1406 1510; x_wconf 86' lang='grc' dir='ltr'>ἁγίου,</span> <span class='ocrx_word' id='word_1_115' title='bbox 1428 1441 1521 1495; x_wconf 87' lang='grc' dir='ltr'>τοῦ</span> <span class='ocrx_word' id='word_1_116' title='bbox 1548 1440 1881 1504; x_wconf 84' lang='grc' dir='ltr'>ἐνοικοῦντος</span> 
     </span>
    </p>
   </div>
   <div class='ocr_carea' id='block_1_17' title="bbox 308 1530 1882 1603">
    <p class='ocr_par' dir='ltr' id='par_1_17' title="bbox 308 1530 1882 1603">
     <span class='ocr_line' id='line_1_17' title="bbox 308 1530 1882 1603; baseline 0.003 -23"><span class='ocrx_word' id='word_1_117' title='bbox 308 1530 366 1581; x_wconf 87' lang='grc' dir='ltr'>ὲν</span> <span class='ocrx_word' id='word_1_118' title='bbox 393 1531 545 1599; x_wconf 81' lang='grc' dir='ltr'>ἡμῖν.</span> <span class='ocrx_word' id='word_1_119' title='bbox 576 1548 594 1581; x_wconf 73' lang='grc' dir='ltr'><strong>ι</strong></span> <span class='ocrx_word' id='word_1_120' title='bbox 629 1530 737 1583; x_wconf 73' lang='grc' dir='ltr'><strong>Καὶ</strong></span> <span class='ocrx_word' id='word_1_121' title='bbox 766 1533 821 1583; x_wconf 79' lang='grc' dir='ltr'>αἱ</span> <span class='ocrx_word' id='word_1_122' title='bbox 851 1531 1086 1602; x_wconf 79' lang='grc' dir='ltr'>Πράξεις</span> <span class='ocrx_word' id='word_1_123' title='bbox 1112 1532 1275 1602; x_wconf 80' lang='grc' dir='ltr'>φησίν</span> <span class='ocrx_word' id='word_1_124' title='bbox 1303 1549 1317 1563; x_wconf 88' lang='grc'><strong>·</strong></span> <span class='ocrx_word' id='word_1_125' title='bbox 1358 1552 1376 1583; x_wconf 75' lang='grc' dir='ltr'><strong>ι</strong></span> <span class='ocrx_word' id='word_1_126' title='bbox 1396 1533 1499 1585; x_wconf 87' lang='grc' dir='ltr'>Τὸν</span> <span class='ocrx_word' id='word_1_127' title='bbox 1539 1533 1635 1602; x_wconf 83' lang='grc' dir='ltr'><strong>μὲν</strong></span> <span class='ocrx_word' id='word_1_128' title='bbox 1664 1531 1882 1603; x_wconf 84' lang='grc' dir='ltr'>πρῶτον</span> 
     </span>
    </p>
   </div>
   <div class='ocr_carea' id='block_1_18' title="bbox 306 1616 1881 1692">
    <p class='ocr_par' dir='ltr' id='par_1_18' title="bbox 306 1616 1881 1692">
     <span class='ocr_line' id='line_1_18' title="bbox 306 1616 1881 1692; baseline 0.002 -21"><span class='ocrx_word' id='word_1_129' title='bbox 306 1617 465 1687; x_wconf 81' lang='grc' dir='ltr'>λόγον</span> <span class='ocrx_word' id='word_1_130' title='bbox 492 1620 838 1690; x_wconf 81' lang='grc' dir='ltr'><strong>ἐποιησάμην</strong></span> <span class='ocrx_word' id='word_1_131' title='bbox 884 1622 1012 1692; x_wconf 74' lang='grc' dir='ltr'>περὶ</span> <span class='ocrx_word' id='word_1_132' title='bbox 1044 1621 1281 1685; x_wconf 79' lang='grc' dir='ltr'>πάντων,</span> <span class='ocrx_word' id='word_1_133' title='bbox 1313 1616 1358 1674; x_wconf 82' lang='grc' dir='ltr'><strong>ὦ</strong></span> <span class='ocrx_word' id='word_1_134' title='bbox 1390 1622 1637 1690; x_wconf 74' lang='grc' dir='ltr'>Θεόφιλε,</span> <span class='ocrx_word' id='word_1_135' title='bbox 1670 1616 1744 1674; x_wconf 82' lang='grc' dir='ltr'>ὦν</span> <span class='ocrx_word' id='word_1_136' title='bbox 1784 1622 1881 1692; x_wconf 78' lang='grc' dir='ltr'><strong>ἧρ-</strong></span> 
     </span>
    </p>
   </div>
   <div class='ocr_carea' id='block_1_19' title="bbox 307 1708 1878 1783">
    <p class='ocr_par' dir='ltr' id='par_1_19' title="bbox 307 1708 1878 1783">
     <span class='ocr_line' id='line_1_19' title="bbox 307 1708 1878 1783; baseline 0.001 -21"><span class='ocrx_word' id='word_1_137' title='bbox 307 1708 437 1773; x_wconf 83' lang='grc' dir='ltr'>ξατο</span> <span class='ocrx_word' id='word_1_138' title='bbox 457 1711 486 1763; x_wconf 99' lang='lat'><strong>6</strong></span> <span class='ocrx_word' id='word_1_139' title='bbox 523 1710 727 1781; x_wconf 84' lang='grc' dir='ltr'>Ἰησοῦς</span> <span class='ocrx_word' id='word_1_140' title='bbox 758 1714 929 1764; x_wconf 85' lang='grc' dir='ltr'>ποιεῖν</span> <span class='ocrx_word' id='word_1_141' title='bbox 954 1728 1012 1763; x_wconf 85' lang='grc' dir='ltr'><strong>τε</strong></span> <span class='ocrx_word' id='word_1_142' title='bbox 1037 1712 1131 1765; x_wconf 74' lang='grc' dir='ltr'><strong>καὶ</strong></span> <span class='ocrx_word' id='word_1_143' title='bbox 1160 1712 1451 1774; x_wconf 80' lang='grc' dir='ltr'>διδάσκειν,</span> <span class='ocrx_word' id='word_1_144' title='bbox 1488 1713 1614 1783; x_wconf 80' lang='grc' dir='ltr'>ἄχρι</span> <span class='ocrx_word' id='word_1_145' title='bbox 1642 1708 1708 1783; x_wconf 85' lang='grc' dir='ltr'>ἦς</span> <span class='ocrx_word' id='word_1_146' title='bbox 1740 1712 1878 1782; x_wconf 80' lang='grc' dir='ltr'><strong>ἡμέ-</strong></span> 
     </span>
    </p>
   </div>
   <div class='ocr_carea' id='block_1_20' title="bbox 1984 527 3552 611">
    <p class='ocr_par' dir='ltr' id='par_1_20' title="bbox 1984 527 3552 611">
     <span class='ocr_line' id='line_1_20' title="bbox 1984 527 3552 611; baseline 0.011 -32"><span class='ocrx_word' id='word_1_147' title='bbox 1984 527 2075 580; x_wconf 90' lang='lat' dir='ltr'><strong>alii</strong></span> <span class='ocrx_word' id='word_1_148' title='bbox 2101 527 2213 599; x_wconf 75' lang='lat'><strong>(29)</strong></span> <span class='ocrx_word' id='word_1_149' title='bbox 2266 544 2394 584; x_wconf 91' lang='lat' dir='ltr'><strong>vero</strong></span> <span class='ocrx_word' id='word_1_150' title='bbox 2446 530 2580 586; x_wconf 83' lang='lat' dir='ltr'><strong>ﬁdes</strong></span> <span class='ocrx_word' id='word_1_151' title='bbox 2630 546 2723 599; x_wconf 88' lang='lat' dir='ltr'><strong>per</strong></span> <span class='ocrx_word' id='word_1_152' title='bbox 2771 537 3020 589; x_wconf 88' lang='lat' dir='ltr'><strong>eumdem</strong></span> <span class='ocrx_word' id='word_1_153' title='bbox 3063 538 3322 605; x_wconf 79' lang='lat' dir='ltr'><strong>Spiritum</strong></span> <span class='ocrx_word' id='word_1_154' title='bbox 3353 540 3501 611; x_wconf 84' lang='lat'><strong>(50);</strong></span> <span class='ocrx_word' id='word_1_155' title='bbox 3531 561 3552 596; x_wconf 72' lang='grc' dir='ltr'><strong>ι</strong></span> 
     </span>
    </p>
   </div>
   <div class='ocr_carea' id='block_1_21' title="bbox 1982 618 3558 700">
    <p class='ocr_par' dir='ltr' id='par_1_21' title="bbox 1982 618 3558 700">
     <span class='ocr_line' id='line_1_21' title="bbox 1982 618 3558 700; baseline 0.01 -29"><span class='ocrx_word' id='word_1_156' title='bbox 1982 627 2034 671; x_wconf 90' lang='lat' dir='ltr'><strong>et</strong></span> <span class='ocrx_word' id='word_1_157' title='bbox 2069 620 2134 673; x_wconf 91' lang='lat' dir='ltr'><strong>ad</strong></span> <span class='ocrx_word' id='word_1_158' title='bbox 2182 618 2492 676; x_wconf 88' lang='lat' dir='ltr'><strong>Romanos:</strong></span> <span class='ocrx_word' id='word_1_159' title='bbox 2534 641 2552 672; x_wconf 79' lang='grc' dir='ltr'><strong>ι</strong></span> <span class='ocrx_word' id='word_1_160' title='bbox 2588 621 2786 676; x_wconf 87' lang='lat' dir='ltr'><strong>Hortor</strong></span> <span class='ocrx_word' id='word_1_161' title='bbox 2817 625 2928 695; x_wconf 83' lang='grc'>(51)</span> <span class='ocrx_word' id='word_1_162' title='bbox 2980 636 3159 681; x_wconf 90' lang='lat' dir='ltr'><strong>autem</strong></span> <span class='ocrx_word' id='word_1_163' title='bbox 3192 644 3308 694; x_wconf 90' lang='lat' dir='ltr'><strong>vos,</strong></span> <span class='ocrx_word' id='word_1_164' title='bbox 3339 629 3558 700; x_wconf 84' lang='lat' dir='ltr'><strong>fratres,</strong></span> 
     </span>
    </p>
   </div>
   <div class='ocr_carea' id='block_1_22' title="bbox 1983 710 3561 792">
    <p class='ocr_par' dir='ltr' id='par_1_22' title="bbox 1983 710 3561 792">
     <span class='ocr_line' id='line_1_22' title="bbox 1983 710 3561 792; baseline 0.01 -29"><span class='ocrx_word' id='word_1_165' title='bbox 1983 726 2079 782; x_wconf 91' lang='lat' dir='ltr'><strong>per</strong></span> <span class='ocrx_word' id='word_1_166' title='bbox 2139 710 2421 765; x_wconf 90' lang='lat' dir='ltr'><strong>Dominum</strong></span> <span class='ocrx_word' id='word_1_167' title='bbox 2482 725 2722 768; x_wconf 89' lang='lat' dir='ltr'><strong>nostrum</strong></span> <span class='ocrx_word' id='word_1_168' title='bbox 2768 713 2951 769; x_wconf 88' lang='lat' dir='ltr'><strong>Jesum</strong></span> <span class='ocrx_word' id='word_1_169' title='bbox 3011 718 3309 783; x_wconf 72' lang='lat' dir='ltr'><strong>Christum,</strong></span> <span class='ocrx_word' id='word_1_170' title='bbox 3355 731 3411 777; x_wconf 92' lang='lat' dir='ltr'><strong>et</strong></span> <span class='ocrx_word' id='word_1_171' title='bbox 3466 740 3561 792; x_wconf 89' lang='lat' dir='ltr'><strong>per</strong></span> 
     </span>
    </p>
   </div>
   <div class='ocr_carea' id='block_1_23' title="bbox 1984 802 3555 878">
    <p class='ocr_par' dir='ltr' id='par_1_23' title="bbox 1984 802 3555 878">
     <span class='ocr_line' id='line_1_23' title="bbox 1984 802 3555 878; baseline 0.009 -22"><span class='ocrx_word' id='word_1_172' title='bbox 1984 804 2305 857; x_wconf 86' lang='lat' dir='ltr'><strong>charitatem</strong></span> <span class='ocrx_word' id='word_1_173' title='bbox 2352 802 2619 873; x_wconf 76' lang='lat' dir='ltr'><strong>Spiritus;</strong></span> <span class='ocrx_word' id='word_1_174' title='bbox 2654 825 2672 857; x_wconf 86' lang='grc'>›</span> <span class='ocrx_word' id='word_1_175' title='bbox 2736 818 2790 861; x_wconf 90' lang='lat' dir='ltr'><strong>et</strong></span> <span class='ocrx_word' id='word_1_176' title='bbox 2834 825 3059 864; x_wconf 87' lang='lat' dir='ltr'><strong>rursus:</strong></span> <span class='ocrx_word' id='word_1_177' title='bbox 3119 829 3138 861; x_wconf 72' lang='grc' dir='ltr'><strong>ι</strong></span> <span class='ocrx_word' id='word_1_178' title='bbox 3170 811 3271 878; x_wconf 89' lang='lat' dir='ltr'><strong>Qui</strong></span> <span class='ocrx_word' id='word_1_179' title='bbox 3320 815 3555 869; x_wconf 89' lang='lat' dir='ltr'><strong>suscita-</strong></span> 
     </span>
    </p>
   </div>
   <div class='ocr_carea' id='block_1_24' title="bbox 1983 893 3558 967">
    <p class='ocr_par' dir='ltr' id='par_1_24' title="bbox 1983 893 3558 967">
     <span class='ocr_line' id='line_1_24' title="bbox 1983 893 3558 967; baseline 0.01 -23"><span class='ocrx_word' id='word_1_180' title='bbox 1983 895 2061 947; x_wconf 87' lang='lat' dir='ltr'><strong>vit</strong></span> <span class='ocrx_word' id='word_1_181' title='bbox 2100 894 2210 964; x_wconf 77' lang='lat'><strong>(52)</strong></span> <span class='ocrx_word' id='word_1_182' title='bbox 2260 893 2443 948; x_wconf 83' lang='lat' dir='ltr'><strong>Jesum</strong></span> <span class='ocrx_word' id='word_1_183' title='bbox 2498 896 2771 952; x_wconf 85' lang='lat' dir='ltr'><strong>Christum</strong></span> <span class='ocrx_word' id='word_1_184' title='bbox 2825 916 2887 952; x_wconf 70' lang='lat' dir='ltr'><strong>ex</strong></span> <span class='ocrx_word' id='word_1_185' title='bbox 2941 903 3205 967; x_wconf 77' lang='lat' dir='ltr'><strong>mortuis,</strong></span> <span class='ocrx_word' id='word_1_186' title='bbox 3267 905 3558 961; x_wconf 76' lang='lat' dir='ltr'><strong>viviticahit</strong></span> 
     </span>
    </p>
   </div>
   <div class='ocr_carea' id='block_1_25' title="bbox 1983 984 3559 1061">
    <p class='ocr_par' dir='ltr' id='par_1_25' title="bbox 1983 984 3559 1061">
     <span class='ocr_line' id='line_1_25' title="bbox 1983 984 3559 1061; baseline 0.008 -24"><span class='ocrx_word' id='word_1_187' title='bbox 1983 986 2144 1037; x_wconf 90' lang='lat' dir='ltr'><strong>etiam</strong></span> <span class='ocrx_word' id='word_1_188' title='bbox 2207 984 2455 1039; x_wconf 85' lang='lat' dir='ltr'><strong>mortalia</strong></span> <span class='ocrx_word' id='word_1_189' title='bbox 2514 1001 2739 1056; x_wconf 88' lang='lat' dir='ltr'><strong>corpora</strong></span> <span class='ocrx_word' id='word_1_190' title='bbox 2799 1001 2973 1043; x_wconf 89' lang='lat' dir='ltr'><strong>vestra</strong></span> <span class='ocrx_word' id='word_1_191' title='bbox 3027 1007 3123 1061; x_wconf 89' lang='lat' dir='ltr'><strong>per</strong></span> <span class='ocrx_word' id='word_1_192' title='bbox 3167 994 3559 1049; x_wconf 82' lang='lat' dir='ltr'><strong>inhabitantem</strong></span> 
     </span>
    </p>
   </div>
   <div class='ocr_carea' id='block_1_26' title="bbox 1984 1072 3561 1155">
    <p class='ocr_par' dir='ltr' id='par_1_26' title="bbox 1984 1072 3561 1155">
     <span class='ocr_line' id='line_1_26' title="bbox 1984 1072 3561 1155; baseline 0.011 -31"><span class='ocrx_word' id='word_1_193' title='bbox 1984 1072 2151 1141; x_wconf 83' lang='lat' dir='ltr'><strong>ipsius</strong></span> <span class='ocrx_word' id='word_1_194' title='bbox 2180 1074 2440 1142; x_wconf 87' lang='lat' dir='ltr'><strong>Spiritqu</strong></span> <span class='ocrx_word' id='word_1_195' title='bbox 2473 1078 2522 1131; x_wconf 91' lang='lat' dir='ltr'><strong>in</strong></span> <span class='ocrx_word' id='word_1_196' title='bbox 2554 1080 2705 1132; x_wconf 89' lang='lat' dir='ltr'><strong>vobis</strong></span> <span class='ocrx_word' id='word_1_197' title='bbox 2738 1081 3032 1133; x_wconf 88' lang='lat' dir='ltr'><strong>secundum</strong></span> <span class='ocrx_word' id='word_1_198' title='bbox 3066 1081 3178 1152; x_wconf 81' lang='grc'>(55)</span> <span class='ocrx_word' id='word_1_199' title='bbox 3200 1084 3417 1139; x_wconf 82' lang='lat' dir='ltr'><strong>divitias</strong></span> <span class='ocrx_word' id='word_1_200' title='bbox 3446 1086 3561 1155; x_wconf 79' lang='lat' dir='ltr'><strong>glo-</strong></span> 
     </span>
    </p>
   </div>
   <div class='ocr_carea' id='block_1_27' title="bbox 1988 1167 3561 1243">
    <p class='ocr_par' dir='ltr' id='par_1_27' title="bbox 1988 1167 3561 1243">
     <span class='ocr_line' id='line_1_27' title="bbox 1988 1167 3561 1243; baseline 0.011 -26"><span class='ocrx_word' id='word_1_201' title='bbox 1988 1167 2083 1220; x_wconf 67' lang='lat' dir='ltr'><strong>riae</strong></span> <span class='ocrx_word' id='word_1_202' title='bbox 2125 1182 2255 1231; x_wconf 68' lang='lat' dir='ltr'><strong>sum,</strong></span> <span class='ocrx_word' id='word_1_203' title='bbox 2282 1168 2480 1223; x_wconf 83' lang='lat' dir='ltr'><strong>virtute</strong></span> <span class='ocrx_word' id='word_1_204' title='bbox 2505 1172 2842 1224; x_wconf 85' lang='lat' dir='ltr'><strong>corroborari</strong></span> <span class='ocrx_word' id='word_1_205' title='bbox 2875 1188 2969 1241; x_wconf 90' lang='lat' dir='ltr'><strong>per</strong></span> <span class='ocrx_word' id='word_1_206' title='bbox 2993 1173 3251 1243; x_wconf 87' lang='lat' dir='ltr'><strong>Spiritum</strong></span> <span class='ocrx_word' id='word_1_207' title='bbox 3280 1177 3422 1243; x_wconf 84' lang='lat' dir='ltr'><strong>ejus;</strong></span> <span class='ocrx_word' id='word_1_208' title='bbox 3452 1197 3469 1228; x_wconf 76' lang='grc' dir='ltr'><strong>ι</strong></span> <span class='ocrx_word' id='word_1_209' title='bbox 3505 1188 3561 1233; x_wconf 88' lang='lat' dir='ltr'><strong>et</strong></span> 
     </span>
    </p>
   </div>
   <div class='ocr_carea' id='block_1_28' title="bbox 1983 1256 3561 1330">
    <p class='ocr_par' dir='ltr' id='par_1_28' title="bbox 1983 1256 3561 1330">
     <span class='ocr_line' id='line_1_28' title="bbox 1983 1256 3561 1330; baseline 0.007 -21"><span class='ocrx_word' id='word_1_210' title='bbox 1983 1271 2205 1310; x_wconf 86' lang='lat' dir='ltr'><strong>rursus:</strong></span> <span class='ocrx_word' id='word_1_211' title='bbox 2238 1276 2256 1308; x_wconf 79' lang='grc' dir='ltr'><strong>ι</strong></span> <span class='ocrx_word' id='word_1_212' title='bbox 2290 1256 2541 1313; x_wconf 85' lang='lat' dir='ltr'><strong>Charitas</strong></span> <span class='ocrx_word' id='word_1_213' title='bbox 2571 1260 2683 1330; x_wconf 77' lang='grc'>(54)</span> <span class='ocrx_word' id='word_1_214' title='bbox 2714 1259 2807 1315; x_wconf 89' lang='lat' dir='ltr'><strong>Dei</strong></span> <span class='ocrx_word' id='word_1_215' title='bbox 2856 1260 3047 1316; x_wconf 68' lang='lat' dir='ltr'><strong>dilfusa</strong></span> <span class='ocrx_word' id='word_1_216' title='bbox 3093 1273 3177 1318; x_wconf 91' lang='lat' dir='ltr'><strong>est</strong></span> <span class='ocrx_word' id='word_1_217' title='bbox 3209 1265 3261 1318; x_wconf 90' lang='lat' dir='ltr'><strong>in</strong></span> <span class='ocrx_word' id='word_1_218' title='bbox 3307 1266 3561 1320; x_wconf 84' lang='lat' dir='ltr'><strong>cordibus</strong></span> 
     </span>
    </p>
   </div>
   <div class='ocr_carea' id='block_1_29' title="bbox 1983 1349 3546 1417">
    <p class='ocr_par' dir='ltr' id='par_1_29' title="bbox 1983 1349 3546 1417">
     <span class='ocr_line' id='line_1_29' title="bbox 1983 1349 3546 1417; baseline 0.006 -16"><span class='ocrx_word' id='word_1_219' title='bbox 1983 1349 2182 1403; x_wconf 90' lang='lat' dir='ltr'><strong>nostris</strong></span> <span class='ocrx_word' id='word_1_220' title='bbox 2207 1363 2301 1417; x_wconf 90' lang='lat' dir='ltr'><strong>per</strong></span> <span class='ocrx_word' id='word_1_221' title='bbox 2330 1350 2589 1417; x_wconf 84' lang='lat' dir='ltr'><strong>Spiritqu</strong></span> <span class='ocrx_word' id='word_1_222' title='bbox 2614 1361 2865 1406; x_wconf 87' lang='lat' dir='ltr'><strong>sanctum</strong></span> <span class='ocrx_word' id='word_1_223' title='bbox 2889 1371 2903 1417; x_wconf 90' lang='lat'><strong>;</strong></span> <span class='ocrx_word' id='word_1_224' title='bbox 2937 1373 2955 1404; x_wconf 71' lang='grc' dir='ltr'><strong>ι</strong></span> <span class='ocrx_word' id='word_1_225' title='bbox 2989 1364 3045 1408; x_wconf 92' lang='lat' dir='ltr'><strong>et</strong></span> <span class='ocrx_word' id='word_1_226' title='bbox 3075 1356 3139 1408; x_wconf 91' lang='lat' dir='ltr'><strong>ad</strong></span> <span class='ocrx_word' id='word_1_227' title='bbox 3163 1356 3505 1411; x_wconf 84' lang='lat' dir='ltr'><strong>Timotheum</strong></span> <span class='ocrx_word' id='word_1_228' title='bbox 3532 1376 3546 1411; x_wconf 90' lang='lat'><strong>:</strong></span> 
     </span>
    </p>
   </div>
   <div class='ocr_carea' id='block_1_30' title="bbox 1989 1438 3560 1516">
    <p class='ocr_par' dir='ltr' id='par_1_30' title="bbox 1989 1438 3560 1516">
     <span class='ocr_line' id='line_1_30' title="bbox 1989 1438 3560 1516; baseline 0.009 -28"><span class='ocrx_word' id='word_1_229' title='bbox 1989 1456 2008 1488; x_wconf 77' lang='grc' dir='ltr'><strong>ι</strong></span> <span class='ocrx_word' id='word_1_230' title='bbox 2041 1438 2331 1494; x_wconf 89' lang='lat' dir='ltr'><strong>Pulchrum</strong></span> <span class='ocrx_word' id='word_1_231' title='bbox 2363 1441 2474 1510; x_wconf 82' lang='grc'>(55)</span> <span class='ocrx_word' id='word_1_232' title='bbox 2513 1441 2815 1510; x_wconf 80' lang='lat' dir='ltr'><strong>depositum</strong></span> <span class='ocrx_word' id='word_1_233' title='bbox 2848 1444 2957 1515; x_wconf 80' lang='grc'>(56)</span> <span class='ocrx_word' id='word_1_234' title='bbox 2992 1447 3197 1500; x_wconf 91' lang='lat' dir='ltr'><strong>custodi</strong></span> <span class='ocrx_word' id='word_1_235' title='bbox 3245 1463 3342 1516; x_wconf 91' lang='lat' dir='ltr'><strong>per</strong></span> <span class='ocrx_word' id='word_1_236' title='bbox 3394 1448 3560 1516; x_wconf 88' lang='lat' dir='ltr'><strong>Spiri-</strong></span> 
     </span>
    </p>
   </div>
   <div class='ocr_carea' id='block_1_31' title="bbox 1982 1532 3557 1601">
    <p class='ocr_par' dir='ltr' id='par_1_31' title="bbox 1982 1532 3557 1601">
     <span class='ocr_line' id='line_1_31' title="bbox 1982 1532 3557 1601; baseline 0.008 -20"><span class='ocrx_word' id='word_1_237' title='bbox 1982 1536 2093 1581; x_wconf 91' lang='lat' dir='ltr'><strong>tum</strong></span> <span class='ocrx_word' id='word_1_238' title='bbox 2135 1543 2382 1583; x_wconf 85' lang='lat' dir='ltr'><strong>sanctum</strong></span> <span class='ocrx_word' id='word_1_239' title='bbox 2439 1532 2770 1585; x_wconf 86' lang='lat' dir='ltr'><strong>habitantem</strong></span> <span class='ocrx_word' id='word_1_240' title='bbox 2828 1535 2879 1587; x_wconf 82' lang='lat' dir='ltr'><strong>in</strong></span> <span class='ocrx_word' id='word_1_241' title='bbox 2923 1538 3113 1601; x_wconf 88' lang='lat' dir='ltr'><strong>nobis;</strong></span> <span class='ocrx_word' id='word_1_242' title='bbox 3150 1556 3168 1588; x_wconf 70' lang='grc' dir='ltr'><strong><em>υ</em></strong></span> <span class='ocrx_word' id='word_1_243' title='bbox 3211 1547 3265 1591; x_wconf 92' lang='lat' dir='ltr'><strong>et</strong></span> <span class='ocrx_word' id='word_1_244' title='bbox 3312 1539 3363 1590; x_wconf 93' lang='lat' dir='ltr'><strong>iu</strong></span> <span class='ocrx_word' id='word_1_245' title='bbox 3408 1537 3557 1593; x_wconf 84' lang='lat' dir='ltr'><strong>Actis</strong></span> 
     </span>
    </p>
   </div>
   <div class='ocr_carea' id='block_1_32' title="bbox 1980 1618 3557 1695">
    <p class='ocr_par' dir='ltr' id='par_1_32' title="bbox 1980 1618 3557 1695">
     <span class='ocr_line' id='line_1_32' title="bbox 1980 1618 3557 1695; baseline 0.008 -23"><span class='ocrx_word' id='word_1_246' title='bbox 1980 1618 2218 1690; x_wconf 78' lang='lat' dir='ltr'><strong>legitur:</strong></span> <span class='ocrx_word' id='word_1_247' title='bbox 2258 1640 2276 1673; x_wconf 83' lang='grc' dir='ltr'><strong>ι</strong></span> <span class='ocrx_word' id='word_1_248' title='bbox 2310 1622 2551 1676; x_wconf 90' lang='lat' dir='ltr'><strong>Primum</strong></span> <span class='ocrx_word' id='word_1_249' title='bbox 2580 1624 2691 1695; x_wconf 85' lang='grc'>(57)</span> <span class='ocrx_word' id='word_1_250' title='bbox 2732 1627 2943 1693; x_wconf 83' lang='lat' dir='ltr'><strong>quidem</strong></span> <span class='ocrx_word' id='word_1_251' title='bbox 2999 1644 3301 1684; x_wconf 85' lang='lat' dir='ltr'><strong>sermonem</strong></span> <span class='ocrx_word' id='word_1_252' title='bbox 3347 1629 3449 1684; x_wconf 76' lang='lat' dir='ltr'><strong>feci</strong></span> <span class='ocrx_word' id='word_1_253' title='bbox 3488 1631 3557 1684; x_wconf 86' lang='lat' dir='ltr'><strong>de</strong></span> 
     </span>
    </p>
   </div>
   <div class='ocr_carea' id='block_1_33' title="bbox 1981 1712 3556 1785">
    <p class='ocr_par' dir='ltr' id='par_1_33' title="bbox 1981 1712 3556 1785">
     <span class='ocr_line' id='line_1_33' title="bbox 1981 1712 3556 1785; baseline 0.006 -23"><span class='ocrx_word' id='word_1_254' title='bbox 1981 1713 2254 1774; x_wconf 87' lang='lat' dir='ltr'><strong>omnibus,</strong></span> <span class='ocrx_word' id='word_1_255' title='bbox 2299 1728 2332 1766; x_wconf 93' lang='lat' dir='ltr'><strong>o</strong></span> <span class='ocrx_word' id='word_1_256' title='bbox 2355 1712 2671 1781; x_wconf 82' lang='lat' dir='ltr'><strong>TbeOphile,</strong></span> <span class='ocrx_word' id='word_1_257' title='bbox 2721 1731 2839 1783; x_wconf 70' lang='lat' dir='ltr'><strong>qua:</strong></span> <span class='ocrx_word' id='word_1_258' title='bbox 2872 1718 3033 1785; x_wconf 70' lang='lat' dir='ltr'><strong>cmpit</strong></span> <span class='ocrx_word' id='word_1_259' title='bbox 3063 1716 3219 1771; x_wconf 83' lang='lat' dir='ltr'><strong>Jcsus</strong></span> <span class='ocrx_word' id='word_1_260' title='bbox 3257 1717 3456 1781; x_wconf 77' lang='lat' dir='ltr'><strong>facere,</strong></span> <span class='ocrx_word' id='word_1_261' title='bbox 3499 1729 3556 1772; x_wconf 86' lang='lat' dir='ltr'><strong>et</strong></span> 
     </span>
    </p>
   </div>
   <div class='ocr_carea' id='block_1_34' title="bbox 308 1799 1871 1879">
    <p class='ocr_par' dir='ltr' id='par_1_34' title="bbox 308 1802 1871 1873">
     <span class='ocr_line' id='line_1_34' title="bbox 308 1802 1871 1873; baseline 0.001 -20"><span class='ocrx_word' id='word_1_262' title='bbox 308 1819 409 1873; x_wconf 86' lang='grc' dir='ltr'><strong>ρας</strong></span> <span class='ocrx_word' id='word_1_263' title='bbox 459 1802 832 1871; x_wconf 76' lang='grc' dir='ltr'>ἐντειλάμενος</span> <span class='ocrx_word' id='word_1_264' title='bbox 892 1805 1004 1865; x_wconf 82' lang='grc' dir='ltr'>τοῖς</span> <span class='ocrx_word' id='word_1_265' title='bbox 1058 1802 1372 1866; x_wconf 76' lang='grc' dir='ltr'>ἀποστόλοις</span> <span class='ocrx_word' id='word_1_266' title='bbox 1427 1803 1512 1855; x_wconf 82' lang='grc' dir='ltr'><strong>διὰ</strong></span> <span class='ocrx_word' id='word_1_267' title='bbox 1564 1803 1871 1872; x_wconf 76' lang='grc' dir='ltr'>Πνεῦματος</span> 
     </span>
    </p>
   </div>
   <div class='ocr_carea' id='block_1_35' title="bbox 1978 1799 3557 1879">
    <p class='ocr_par' dir='ltr' id='par_1_35' title="bbox 1981 1802 3557 1879">
     <span class='ocr_line' id='line_1_35' title="bbox 1981 1802 3557 1879; baseline 0.007 -25"><span class='ocrx_word' id='word_1_268' title='bbox 1981 1802 2194 1867; x_wconf 89' lang='lat' dir='ltr'><strong>docere,</strong></span> <span class='ocrx_word' id='word_1_269' title='bbox 2238 1820 2408 1873; x_wconf 87' lang='lat' dir='ltr'><strong>usque</strong></span> <span class='ocrx_word' id='word_1_270' title='bbox 2456 1806 2521 1858; x_wconf 88' lang='lat' dir='ltr'><strong>ad</strong></span> <span class='ocrx_word' id='word_1_271' title='bbox 2569 1805 2710 1860; x_wconf 90' lang='lat' dir='ltr'><strong>diem</strong></span> <span class='ocrx_word' id='word_1_272' title='bbox 2765 1823 2866 1876; x_wconf 91' lang='lat' dir='ltr'><strong>qua</strong></span> <span class='ocrx_word' id='word_1_273' title='bbox 2923 1810 3242 1878; x_wconf 57' lang='lat' dir='ltr'><strong>praecipiens</strong></span> <span class='ocrx_word' id='word_1_274' title='bbox 3296 1811 3557 1879; x_wconf 85' lang='lat' dir='ltr'><strong>apostolis</strong></span> 
     </span>
    </p>
   </div>
   <div class='ocr_carea' id='block_1_36' title="bbox 307 1890 1860 1963">
    <p class='ocr_par' dir='ltr' id='par_1_36' title="bbox 307 1890 1860 1963">
     <span class='ocr_line' id='line_1_36' title="bbox 307 1890 1860 1963; baseline 0 -19"><span class='ocrx_word' id='word_1_275' title='bbox 307 1891 484 1959; x_wconf 80' lang='grc' dir='ltr'>ἁγίου,</span> <span class='ocrx_word' id='word_1_276' title='bbox 502 1890 591 1954; x_wconf 68' lang='grc' dir='ltr'>οὓς</span> <span class='ocrx_word' id='word_1_277' title='bbox 610 1891 903 1958; x_wconf 79' lang='grc' dir='ltr'>ἐξελέξατο.</span> <span class='ocrx_word' id='word_1_278' title='bbox 927 1891 1221 1963; x_wconf 72' lang='grc' dir='ltr'>ἀνελήφθη.</span> <span class='ocrx_word' id='word_1_279' title='bbox 1245 1914 1262 1942; x_wconf 76' lang='grc' dir='ltr'><strong>ι</strong></span> <span class='ocrx_word' id='word_1_280' title='bbox 1298 1890 1461 1945; x_wconf 81' lang='grc' dir='ltr'>Εἶπεν</span> <span class='ocrx_word' id='word_1_281' title='bbox 1490 1892 1546 1945; x_wconf 84' lang='grc' dir='ltr'><strong>δὲ</strong></span> <span class='ocrx_word' id='word_1_282' title='bbox 1583 1893 1860 1962; x_wconf 76' lang='grc' dir='ltr'>«πρῶτον»</span> 
     </span>
    </p>
   </div>
   <div class='ocr_carea' id='block_1_37' title="bbox 304 1983 1878 2054">
    <p class='ocr_par' dir='ltr' id='par_1_37' title="bbox 304 1983 1878 2054">
     <span class='ocr_line' id='line_1_37' title="bbox 304 1983 1878 2054; baseline 0.001 -20"><span class='ocrx_word' id='word_1_283' title='bbox 304 1983 366 2034; x_wconf 66' lang='grc' dir='ltr'>τὸ</span> <span class='ocrx_word' id='word_1_284' title='bbox 398 1983 725 2050; x_wconf 83' lang='grc' dir='ltr'>Εὑαγγέλιον</span> <span class='ocrx_word' id='word_1_285' title='bbox 766 1984 827 2035; x_wconf 79' lang='grc' dir='ltr'><strong>τὸ</strong></span> <span class='ocrx_word' id='word_1_286' title='bbox 860 1983 1002 2035; x_wconf 81' lang='grc' dir='ltr'>κατὰ</span> <span class='ocrx_word' id='word_1_287' title='bbox 1037 1986 1253 2036; x_wconf 84' lang='grc' dir='ltr'>Λουκᾶν</span> <span class='ocrx_word' id='word_1_288' title='bbox 1279 2000 1293 2014; x_wconf 71' lang='grc' dir='ltr'><strong><em>ο</em></strong></span> <span class='ocrx_word' id='word_1_289' title='bbox 1330 1984 1489 2047; x_wconf 73' lang='grc' dir='ltr'>αὐτὸς</span> <span class='ocrx_word' id='word_1_290' title='bbox 1522 1984 1630 2054; x_wconf 78' lang='grc' dir='ltr'><strong>γὰρ</strong></span> <span class='ocrx_word' id='word_1_291' title='bbox 1661 1985 1753 2036; x_wconf 70' lang='grc' dir='ltr'><strong>καὶ</strong></span> <span class='ocrx_word' id='word_1_292' title='bbox 1781 1983 1878 2047; x_wconf 81' lang='grc' dir='ltr'>τὰς</span> 
     </span>
    </p>
   </div>
   <div class='ocr_carea' id='block_1_38' title="bbox 306 2067 1877 2147">
    <p class='ocr_par' dir='ltr' id='par_1_38' title="bbox 306 2067 1877 2147">
     <span class='ocr_line' id='line_1_38' title="bbox 306 2067 1877 2147; baseline -0.003 -17"><span class='ocrx_word' id='word_1_293' title='bbox 306 2075 663 2137; x_wconf 83' lang='grc' dir='ltr'>ἀποστολικὰς</span> <span class='ocrx_word' id='word_1_294' title='bbox 695 2074 926 2145; x_wconf 81' lang='grc' dir='ltr'>Πράξεις</span> <span class='ocrx_word' id='word_1_295' title='bbox 946 2076 1300 2147; x_wconf 76' lang='grc' dir='ltr'>συνέγραψεν.</span> <span class='ocrx_word' id='word_1_296' title='bbox 1323 2077 1466 2138; x_wconf 84' lang='grc' dir='ltr'>Ὅτι,</span> <span class='ocrx_word' id='word_1_297' title='bbox 1485 2077 1541 2126; x_wconf 82' lang='grc' dir='ltr'>ὲν</span> <span class='ocrx_word' id='word_1_298' title='bbox 1566 2067 1630 2141; x_wconf 82' lang='grc' dir='ltr'>ᾧ,</span> <span class='ocrx_word' id='word_1_299' title='bbox 1665 2076 1877 2146; x_wconf 74' lang='grc' dir='ltr'>ἐγράφη</span> 
     </span>
    </p>
   </div>
   <div class='ocr_carea' id='block_1_39' title="bbox 307 2166 1878 2239">
    <p class='ocr_par' dir='ltr' id='par_1_39' title="bbox 307 2166 1878 2239">
     <span class='ocr_line' id='line_1_39' title="bbox 307 2166 1878 2239; baseline 0.001 -20"><span class='ocrx_word' id='word_1_300' title='bbox 307 2166 434 2239; x_wconf 84' lang='grc' dir='ltr'>περί</span> <span class='ocrx_word' id='word_1_301' title='bbox 470 2184 529 2219; x_wconf 88' lang='grc' dir='ltr'><strong>τε</strong></span> <span class='ocrx_word' id='word_1_302' title='bbox 560 2166 651 2219; x_wconf 89' lang='grc' dir='ltr'>τοῦ</span> <span class='ocrx_word' id='word_1_303' title='bbox 685 2167 915 2239; x_wconf 85' lang='grc' dir='ltr'>Πατρὸς,</span> <span class='ocrx_word' id='word_1_304' title='bbox 951 2167 1077 2238; x_wconf 89' lang='grc' dir='ltr'>περί</span> <span class='ocrx_word' id='word_1_305' title='bbox 1115 2185 1175 2220; x_wconf 92' lang='grc' dir='ltr'><strong>τε</strong></span> <span class='ocrx_word' id='word_1_306' title='bbox 1219 2169 1310 2221; x_wconf 87' lang='grc' dir='ltr'>τοῦ</span> <span class='ocrx_word' id='word_1_307' title='bbox 1357 2166 1675 2238; x_wconf 80' lang='grc' dir='ltr'>μονογενοῦς</span> <span class='ocrx_word' id='word_1_308' title='bbox 1714 2168 1878 2221; x_wconf 76' lang='grc' dir='ltr'>αὑτοῦ</span> 
     </span>
    </p>
   </div>
   <div class='ocr_carea' id='block_1_40' title="bbox 306 2254 1879 2331">
    <p class='ocr_par' dir='ltr' id='par_1_40' title="bbox 306 2254 1879 2331">
     <span class='ocr_line' id='line_1_40' title="bbox 306 2254 1879 2331; baseline -0.001 -18"><span class='ocrx_word' id='word_1_309' title='bbox 306 2259 440 2313; x_wconf 82' lang='grc' dir='ltr'>Υἰοῦ</span> <span class='ocrx_word' id='word_1_310' title='bbox 499 2261 716 2313; x_wconf 82' lang='grc' dir='ltr'>οὑτωσί.</span> <span class='ocrx_word' id='word_1_311' title='bbox 754 2260 889 2331; x_wconf 73' lang='grc' dir='ltr'>Περὶ</span> <span class='ocrx_word' id='word_1_312' title='bbox 919 2259 1013 2312; x_wconf 91' lang='grc' dir='ltr'>τοῦ</span> <span class='ocrx_word' id='word_1_313' title='bbox 1045 2260 1275 2331; x_wconf 85' lang='grc' dir='ltr'>Πατρὸς,</span> <span class='ocrx_word' id='word_1_314' title='bbox 1319 2260 1461 2312; x_wconf 83' lang='grc' dir='ltr'>Ὠσιέ</span> <span class='ocrx_word' id='word_1_315' title='bbox 1486 2277 1499 2289; x_wconf 67' lang='grc' dir='ltr'><strong><em>υ</em></strong></span> <span class='ocrx_word' id='word_1_316' title='bbox 1537 2278 1554 2309; x_wconf 80' lang='grc' dir='ltr'><strong>ι</strong></span> <span class='ocrx_word' id='word_1_317' title='bbox 1589 2259 1697 2311; x_wconf 74' lang='grc' dir='ltr'>Καὶ</span> <span class='ocrx_word' id='word_1_318' title='bbox 1728 2254 1879 2312; x_wconf 78' lang='grc' dir='ltr'>εἶπεν</span> 
     </span>
    </p>
   </div>
   <div class='ocr_carea' id='block_1_41' title="bbox 305 2350 1877 2422">
    <p class='ocr_par' dir='ltr' id='par_1_41' title="bbox 305 2350 1877 2422">
     <span class='ocr_line' id='line_1_41' title="bbox 305 2350 1877 2422; baseline -0.001 -17"><span class='ocrx_word' id='word_1_319' title='bbox 305 2350 475 2421; x_wconf 76' lang='grc' dir='ltr'>αὐτῷ,</span> <span class='ocrx_word' id='word_1_320' title='bbox 524 2371 543 2403; x_wconf 67' lang='grc' dir='ltr'><strong>ι</strong></span> <span class='ocrx_word' id='word_1_321' title='bbox 595 2351 757 2421; x_wconf 78' lang='grc' dir='ltr'>φησὶν</span> <span class='ocrx_word' id='word_1_322' title='bbox 809 2368 827 2400; x_wconf 72' lang='grc' dir='ltr'><strong>ε</strong></span> <span class='ocrx_word' id='word_1_323' title='bbox 849 2352 876 2403; x_wconf 88' lang='grc' dir='ltr'><strong>ό</strong></span> <span class='ocrx_word' id='word_1_324' title='bbox 918 2350 1048 2412; x_wconf 86' lang='grc' dir='ltr'>Θεός</span> <span class='ocrx_word' id='word_1_325' title='bbox 1072 2366 1085 2381; x_wconf 86' lang='grc'><strong>·</strong></span> <span class='ocrx_word' id='word_1_326' title='bbox 1119 2350 1363 2403; x_wconf 87' lang='grc' dir='ltr'>Κάλεσον</span> <span class='ocrx_word' id='word_1_327' title='bbox 1394 2351 1453 2403; x_wconf 80' lang='grc' dir='ltr'>τὸ</span> <span class='ocrx_word' id='word_1_328' title='bbox 1486 2351 1653 2422; x_wconf 67' lang='grc' dir='ltr'>ὄνομα</span> <span class='ocrx_word' id='word_1_329' title='bbox 1690 2352 1877 2416; x_wconf 82' lang='grc' dir='ltr'>αὐτοῦ,</span> 
     </span>
    </p>
   </div>
   <div class='ocr_carea' id='block_1_42' title="bbox 306 2442 1879 2515">
    <p class='ocr_par' dir='ltr' id='par_1_42' title="bbox 306 2442 1879 2515">
     <span class='ocr_line' id='line_1_42' title="bbox 306 2442 1879 2515; baseline 0.001 -19"><span class='ocrx_word' id='word_1_330' title='bbox 306 2445 422 2497; x_wconf 81' lang='grc' dir='ltr'>Οὐκ</span> <span class='ocrx_word' id='word_1_331' title='bbox 456 2444 756 2514; x_wconf 78' lang='grc' dir='ltr'>ὴλεημὲνη·</span> <span class='ocrx_word' id='word_1_332' title='bbox 801 2443 935 2496; x_wconf 87' lang='grc' dir='ltr'>διότι</span> <span class='ocrx_word' id='word_1_333' title='bbox 982 2443 1041 2494; x_wconf 80' lang='grc' dir='ltr'>οὐ</span> <span class='ocrx_word' id='word_1_334' title='bbox 1076 2442 1150 2513; x_wconf 84' lang='grc' dir='ltr'>μὴ</span> <span class='ocrx_word' id='word_1_335' title='bbox 1199 2443 1493 2514; x_wconf 81' lang='grc' dir='ltr'>προσθήσω</span> <span class='ocrx_word' id='word_1_336' title='bbox 1534 2443 1613 2497; x_wconf 76' lang='grc' dir='ltr'>ἔτι</span> <span class='ocrx_word' id='word_1_337' title='bbox 1662 2445 1879 2515; x_wconf 82' lang='grc' dir='ltr'>ἐλεῆσαι</span> 
     </span>
    </p>
   </div>
   <div class='ocr_carea' id='block_1_43' title="bbox 304 2532 1881 2605">
    <p class='ocr_par' dir='ltr' id='par_1_43' title="bbox 304 2532 1881 2605">
     <span class='ocr_line' id='line_1_43' title="bbox 304 2532 1881 2605; baseline -0.001 -16"><span class='ocrx_word' id='word_1_338' title='bbox 304 2537 398 2589; x_wconf 83' lang='grc' dir='ltr'><strong>τὸν</strong></span> <span class='ocrx_word' id='word_1_339' title='bbox 422 2533 564 2588; x_wconf 79' lang='grc' dir='ltr'>οἷκον</span> <span class='ocrx_word' id='word_1_340' title='bbox 588 2534 678 2587; x_wconf 86' lang='grc' dir='ltr'>τοῦ</span> <span class='ocrx_word' id='word_1_341' title='bbox 714 2532 948 2604; x_wconf 81' lang='grc' dir='ltr'>Ἰσραὴλ,</span> <span class='ocrx_word' id='word_1_342' title='bbox 985 2533 1099 2585; x_wconf 85' lang='grc' dir='ltr'>ἀλλ’</span> <span class='ocrx_word' id='word_1_343' title='bbox 1129 2533 1161 2603; x_wconf 83' lang='grc' dir='ltr'><strong>ἥ</strong></span> <span class='ocrx_word' id='word_1_344' title='bbox 1189 2535 1641 2605; x_wconf 86' lang='grc' dir='ltr'>ἀντιτασσόμενος</span> <span class='ocrx_word' id='word_1_345' title='bbox 1664 2536 1881 2590; x_wconf 84' lang='grc' dir='ltr'>ἀντιτά-</span> 
     </span>
    </p>
   </div>
   <div class='ocr_carea' id='block_1_44' title="bbox 307 2624 1877 2699">
    <p class='ocr_par' dir='ltr' id='par_1_44' title="bbox 307 2624 1877 2699">
     <span class='ocr_line' id='line_1_44' title="bbox 307 2624 1877 2699; baseline -0.001 -19"><span class='ocrx_word' id='word_1_346' title='bbox 307 2628 468 2699; x_wconf 81' lang='grc' dir='ltr'>ξομαι</span> <span class='ocrx_word' id='word_1_347' title='bbox 494 2628 707 2690; x_wconf 80' lang='grc' dir='ltr'>αὐτοῖς’</span> <span class='ocrx_word' id='word_1_348' title='bbox 746 2626 865 2697; x_wconf 67' lang='lat' dir='ltr'><strong>t&#39;20l</strong></span> <span class='ocrx_word' id='word_1_349' title='bbox 898 2624 953 2697; x_wconf 78' lang='grc' dir='ltr'>ιι]</span> <span class='ocrx_word' id='word_1_350' title='bbox 986 2626 1111 2687; x_wconf 84' lang='grc' dir='ltr'>τοὺς</span> <span class='ocrx_word' id='word_1_351' title='bbox 1145 2625 1200 2677; x_wconf 82' lang='grc' dir='ltr'>δὲ</span> <span class='ocrx_word' id='word_1_352' title='bbox 1231 2626 1381 2690; x_wconf 77' lang='grc' dir='ltr'>υἱοὺς</span> <span class='ocrx_word' id='word_1_353' title='bbox 1436 2625 1604 2678; x_wconf 80' lang='grc' dir='ltr'>Ἰούδα</span> <span class='ocrx_word' id='word_1_354' title='bbox 1650 2625 1877 2697; x_wconf 81' lang='grc' dir='ltr'>ὲλεήσω,</span> 
     </span>
    </p>
   </div>
   <div class='ocr_carea' id='block_1_45' title="bbox 305 2715 1877 2787">
    <p class='ocr_par' dir='ltr' id='par_1_45' title="bbox 305 2715 1877 2787">
     <span class='ocr_line' id='line_1_45' title="bbox 305 2715 1877 2787; baseline -0.001 -16"><span class='ocrx_word' id='word_1_355' title='bbox 305 2718 402 2771; x_wconf 79' lang='grc' dir='ltr'><strong>καὶ</strong></span> <span class='ocrx_word' id='word_1_356' title='bbox 447 2716 604 2769; x_wconf 88' lang='grc' dir='ltr'>σώσω</span> <span class='ocrx_word' id='word_1_357' title='bbox 650 2716 845 2779; x_wconf 77' lang='grc' dir='ltr'>αὐτοὺς</span> <span class='ocrx_word' id='word_1_358' title='bbox 885 2718 943 2768; x_wconf 86' lang='grc' dir='ltr'>ὲν</span> <span class='ocrx_word' id='word_1_359' title='bbox 999 2715 1190 2786; x_wconf 85' lang='grc' dir='ltr'>Κυρίῳ</span> <span class='ocrx_word' id='word_1_360' title='bbox 1243 2715 1362 2785; x_wconf 84' lang='grc' dir='ltr'>Θεῷ</span> <span class='ocrx_word' id='word_1_361' title='bbox 1395 2716 1593 2769; x_wconf 82' lang='grc' dir='ltr'>αὐτῶν.</span> <span class='ocrx_word' id='word_1_362' title='bbox 1621 2735 1639 2768; x_wconf 81' lang='grc'>›</span> <span class='ocrx_word' id='word_1_363' title='bbox 1681 2717 1768 2769; x_wconf 84' lang='grc' dir='ltr'>Ἐν</span> <span class='ocrx_word' id='word_1_364' title='bbox 1810 2719 1877 2787; x_wconf 83' lang='grc' dir='ltr'>τῇ</span> 
     </span>
    </p>
   </div>
   <div class='ocr_carea' id='block_1_46' title="bbox 304 2807 1877 2881">
    <p class='ocr_par' dir='ltr' id='par_1_46' title="bbox 304 2807 1877 2881">
     <span class='ocr_line' id='line_1_46' title="bbox 304 2807 1877 2881; baseline 0 -20"><span class='ocrx_word' id='word_1_365' title='bbox 304 2810 416 2880; x_wconf 50' lang='lat' dir='ltr'><strong>quas;</strong></span> <span class='ocrx_word' id='word_1_366' title='bbox 454 2810 649 2877; x_wconf 80' lang='grc' dir='ltr'>Ἀννης</span> <span class='ocrx_word' id='word_1_367' title='bbox 670 2825 683 2839; x_wconf 80' lang='grc'><strong><em>⁸</em></strong></span> <span class='ocrx_word' id='word_1_368' title='bbox 723 2828 740 2859; x_wconf 79' lang='grc' dir='ltr'><strong>ι</strong></span> <span class='ocrx_word' id='word_1_369' title='bbox 798 2807 1131 2880; x_wconf 83' lang='grc' dir='ltr'>Ἐστερεώθη</span> <span class='ocrx_word' id='word_1_370' title='bbox 1160 2810 1192 2879; x_wconf 82' lang='grc' dir='ltr'>ἡ</span> <span class='ocrx_word' id='word_1_371' title='bbox 1219 2809 1415 2880; x_wconf 85' lang='grc' dir='ltr'>καρδία</span> <span class='ocrx_word' id='word_1_372' title='bbox 1441 2826 1543 2879; x_wconf 86' lang='grc' dir='ltr'><strong>μου</strong></span> <span class='ocrx_word' id='word_1_373' title='bbox 1564 2811 1621 2863; x_wconf 86' lang='grc' dir='ltr'>ὲν</span> <span class='ocrx_word' id='word_1_374' title='bbox 1668 2810 1877 2881; x_wconf 81' lang='grc' dir='ltr'>Κυρίῳ,</span> 
     </span>
    </p>
   </div>
   <div class='ocr_carea' id='block_1_47' title="bbox 304 2901 1876 2974">
    <p class='ocr_par' dir='ltr' id='par_1_47' title="bbox 304 2901 1876 2974">
     <span class='ocr_line' id='line_1_47' title="bbox 304 2901 1876 2974; baseline 0 -19"><span class='ocrx_word' id='word_1_375' title='bbox 304 2903 493 2973; x_wconf 55' lang='grc' dir='ltr'>ὑψώθη</span> <span class='ocrx_word' id='word_1_376' title='bbox 531 2904 691 2974; x_wconf 79' lang='grc' dir='ltr'>κέρας</span> <span class='ocrx_word' id='word_1_377' title='bbox 721 2919 821 2973; x_wconf 90' lang='grc' dir='ltr'><strong>μου</strong></span> <span class='ocrx_word' id='word_1_378' title='bbox 852 2903 911 2956; x_wconf 82' lang='grc' dir='ltr'>ὲν</span> <span class='ocrx_word' id='word_1_379' title='bbox 938 2902 1057 2973; x_wconf 85' lang='grc' dir='ltr'>Θεῷ</span> <span class='ocrx_word' id='word_1_380' title='bbox 1090 2920 1244 2973; x_wconf 68' lang='grc' dir='ltr'>μου.»</span> <span class='ocrx_word' id='word_1_381' title='bbox 1276 2901 1437 2955; x_wconf 83' lang='grc' dir='ltr'><strong>Δαυῖδ</strong></span> <span class='ocrx_word' id='word_1_382' title='bbox 1460 2904 1517 2955; x_wconf 82' lang='grc' dir='ltr'><strong>ἐν</strong></span> <span class='ocrx_word' id='word_1_383' title='bbox 1546 2902 1745 2973; x_wconf 79' lang='grc' dir='ltr'>ψαλμῷ</span> <span class='ocrx_word' id='word_1_384' title='bbox 1777 2901 1876 2974; x_wconf 75' lang='grc' dir='ltr'><strong>ρξ’·</strong></span> 
     </span>
    </p>
   </div>
   <div class='ocr_carea' id='block_1_48' title="bbox 310 2994 1876 3066">
    <p class='ocr_par' dir='ltr' id='par_1_48' title="bbox 310 2994 1876 3066">
     <span class='ocr_line' id='line_1_48' title="bbox 310 2994 1876 3066; baseline 0.001 -20"><span class='ocrx_word' id='word_1_385' title='bbox 310 3015 330 3046; x_wconf 71' lang='grc' dir='ltr'><strong>ε</strong></span> <span class='ocrx_word' id='word_1_386' title='bbox 358 2997 467 3047; x_wconf 74' lang='grc' dir='ltr'><strong>Καὶ</strong></span> <span class='ocrx_word' id='word_1_387' title='bbox 489 2996 589 3047; x_wconf 84' lang='grc' dir='ltr'><strong>οὐκ</strong></span> <span class='ocrx_word' id='word_1_388' title='bbox 614 2995 890 3065; x_wconf 79' lang='grc' dir='ltr'>ὲξελεύσῃ.</span> <span class='ocrx_word' id='word_1_389' title='bbox 916 2997 943 3048; x_wconf 91' lang='lat'><strong>6</strong></span> <span class='ocrx_word' id='word_1_390' title='bbox 971 2994 1120 3058; x_wconf 78' lang='grc' dir='ltr'>Θεὸς,</span> <span class='ocrx_word' id='word_1_391' title='bbox 1150 2996 1210 3048; x_wconf 79' lang='grc' dir='ltr'>ὲν</span> <span class='ocrx_word' id='word_1_392' title='bbox 1238 2997 1357 3057; x_wconf 84' lang='grc' dir='ltr'>ταῖς</span> <span class='ocrx_word' id='word_1_393' title='bbox 1373 2994 1664 3066; x_wconf 83' lang='grc' dir='ltr'>δυνάμεσιν</span> <span class='ocrx_word' id='word_1_394' title='bbox 1690 2996 1876 3066; x_wconf 83' lang='grc' dir='ltr'>ήμῶν;</span> 
     </span>
    </p>
   </div>
   <div class='ocr_carea' id='block_1_49' title="bbox 303 3084 1878 3158">
    <p class='ocr_par' dir='ltr' id='par_1_49' title="bbox 303 3084 1878 3158">
     <span class='ocr_line' id='line_1_49' title="bbox 303 3084 1878 3158; baseline 0.003 -21"><span class='ocrx_word' id='word_1_395' title='bbox 303 3086 403 3148; x_wconf 69' lang='grc' dir='ltr'><strong>Δὸς</strong></span> <span class='ocrx_word' id='word_1_396' title='bbox 429 3087 558 3156; x_wconf 84' lang='grc' dir='ltr'>ἡμῖν</span> <span class='ocrx_word' id='word_1_397' title='bbox 599 3084 849 3156; x_wconf 83' lang='grc' dir='ltr'>βοήθειαν</span> <span class='ocrx_word' id='word_1_398' title='bbox 882 3087 947 3138; x_wconf 78' lang='grc' dir='ltr'><strong>ἐκ</strong></span> <span class='ocrx_word' id='word_1_399' title='bbox 990 3085 1239 3155; x_wconf 71' lang='grc' dir='ltr'>θλίψεως,</span> <span class='ocrx_word' id='word_1_400' title='bbox 1273 3087 1368 3140; x_wconf 81' lang='grc' dir='ltr'><strong>καὶ</strong></span> <span class='ocrx_word' id='word_1_401' title='bbox 1399 3086 1605 3157; x_wconf 87' lang='grc' dir='ltr'>ματαία</span> <span class='ocrx_word' id='word_1_402' title='bbox 1632 3086 1878 3158; x_wconf 85' lang='grc' dir='ltr'>σωτηρία</span> 
     </span>
    </p>
   </div>
   <div class='ocr_carea' id='block_1_50' title="bbox 303 3176 1876 3249">
    <p class='ocr_par' dir='ltr' id='par_1_50' title="bbox 303 3176 1876 3249">
     <span class='ocr_line' id='line_1_50' title="bbox 303 3176 1876 3249; baseline -0.001 -18"><span class='ocrx_word' id='word_1_403' title='bbox 303 3176 610 3249; x_wconf 67' lang='grc' dir='ltr'>ἀνθρώπου.</span> <span class='ocrx_word' id='word_1_404' title='bbox 671 3178 759 3231; x_wconf 87' lang='grc' dir='ltr'><strong>Ἐν</strong></span> <span class='ocrx_word' id='word_1_405' title='bbox 784 3178 858 3249; x_wconf 83' lang='grc' dir='ltr'><strong>τῷ</strong></span> <span class='ocrx_word' id='word_1_406' title='bbox 886 3177 1004 3249; x_wconf 79' lang='grc' dir='ltr'>Θεῷ</span> <span class='ocrx_word' id='word_1_407' title='bbox 1032 3181 1344 3249; x_wconf 81' lang='grc' dir='ltr'>ποιήσωμεν</span> <span class='ocrx_word' id='word_1_408' title='bbox 1375 3178 1622 3249; x_wconf 81' lang='grc' dir='ltr'>δύναμιν.</span> <span class='ocrx_word' id='word_1_409' title='bbox 1655 3178 1749 3230; x_wconf 77' lang='grc' dir='ltr'><strong>καὶ</strong></span> <span class='ocrx_word' id='word_1_410' title='bbox 1776 3178 1876 3230; x_wconf 88' lang='grc' dir='ltr'>αὐ-</span> 
     </span>
    </p>
   </div>
   <div class='ocr_carea' id='block_1_51' title="bbox 300 3267 1874 3340">
    <p class='ocr_par' dir='ltr' id='par_1_51' title="bbox 300 3267 1874 3340">
     <span class='ocr_line' id='line_1_51' title="bbox 300 3267 1874 3340; baseline -0.004 -15"><span class='ocrx_word' id='word_1_411' title='bbox 300 3271 397 3335; x_wconf 80' lang='grc' dir='ltr'>τὸς</span> <span class='ocrx_word' id='word_1_412' title='bbox 422 3269 769 3335; x_wconf 74' lang='grc' dir='ltr'>ἐξουδενώσει</span> <span class='ocrx_word' id='word_1_413' title='bbox 802 3273 925 3334; x_wconf 78' lang='grc' dir='ltr'>τοὺς</span> <span class='ocrx_word' id='word_1_414' title='bbox 965 3271 1243 3332; x_wconf 83' lang='grc' dir='ltr'>θλίϐοντας</span> <span class='ocrx_word' id='word_1_415' title='bbox 1274 3270 1422 3340; x_wconf 84' lang='grc' dir='ltr'>ἡμᾶς</span> <span class='ocrx_word' id='word_1_416' title='bbox 1442 3285 1456 3299; x_wconf 81' lang='grc'><strong><em>⁸</em></strong></span> <span class='ocrx_word' id='word_1_417' title='bbox 1488 3288 1508 3321; x_wconf 73' lang='grc' dir='ltr'><strong>ι</strong></span> <span class='ocrx_word' id='word_1_418' title='bbox 1546 3269 1638 3321; x_wconf 77' lang='grc' dir='ltr'><strong>καὶ</strong></span> <span class='ocrx_word' id='word_1_419' title='bbox 1667 3267 1831 3321; x_wconf 86' lang='grc' dir='ltr'>πάλιν</span> <span class='ocrx_word' id='word_1_420' title='bbox 1858 3283 1874 3300; x_wconf 79' lang='grc' dir='ltr'><strong>ο</strong></span> 
     </span>
    </p>
   </div>
   <div class='ocr_carea' id='block_1_52' title="bbox 308 3360 1872 3433">
    <p class='ocr_par' dir='ltr' id='par_1_52' title="bbox 308 3360 1872 3433">
     <span class='ocr_line' id='line_1_52' title="bbox 308 3360 1872 3433; baseline -0.001 -19"><span class='ocrx_word' id='word_1_421' title='bbox 308 3381 329 3414; x_wconf 72' lang='grc' dir='ltr'><strong>ι</strong></span> <span class='ocrx_word' id='word_1_422' title='bbox 370 3361 457 3415; x_wconf 83' lang='grc' dir='ltr'>Ἐν</span> <span class='ocrx_word' id='word_1_423' title='bbox 505 3363 582 3433; x_wconf 85' lang='grc' dir='ltr'>τῷ</span> <span class='ocrx_word' id='word_1_424' title='bbox 629 3363 749 3433; x_wconf 87' lang='grc' dir='ltr'>Θεῷ</span> <span class='ocrx_word' id='word_1_425' title='bbox 798 3363 1177 3433; x_wconf 75' lang='grc' dir='ltr'>ὑπερϐήσομαι</span> <span class='ocrx_word' id='word_1_426' title='bbox 1218 3364 1429 3430; x_wconf 80' lang='grc' dir='ltr'>τεῖχος·</span> <span class='ocrx_word' id='word_1_427' title='bbox 1462 3380 1483 3413; x_wconf 63' lang='grc' dir='ltr'><em>θ</em></span> <span class='ocrx_word' id='word_1_428' title='bbox 1535 3361 1629 3413; x_wconf 74' lang='grc' dir='ltr'><strong>καὶ</strong></span> <span class='ocrx_word' id='word_1_429' title='bbox 1673 3360 1872 3413; x_wconf 82' lang='grc' dir='ltr'>πάλιν·</span> 
     </span>
    </p>
   </div>
   <div class='ocr_carea' id='block_1_53' title="bbox 308 3452 1876 3525">
    <p class='ocr_par' dir='ltr' id='par_1_53' title="bbox 308 3452 1876 3525">
     <span class='ocr_line' id='line_1_53' title="bbox 308 3452 1876 3525; baseline -0.001 -19"><span class='ocrx_word' id='word_1_430' title='bbox 308 3474 328 3506; x_wconf 71' lang='grc' dir='ltr'><strong>ι</strong></span> <span class='ocrx_word' id='word_1_431' title='bbox 372 3455 458 3506; x_wconf 87' lang='grc' dir='ltr'>Ἐν</span> <span class='ocrx_word' id='word_1_432' title='bbox 483 3454 559 3524; x_wconf 82' lang='grc' dir='ltr'>τῷ</span> <span class='ocrx_word' id='word_1_433' title='bbox 598 3453 716 3525; x_wconf 81' lang='grc' dir='ltr'>Θεῷ</span> <span class='ocrx_word' id='word_1_434' title='bbox 747 3455 1016 3507; x_wconf 75' lang='grc' dir='ltr'>ἐπαινέσω</span> <span class='ocrx_word' id='word_1_435' title='bbox 1055 3455 1181 3516; x_wconf 78' lang='grc' dir='ltr'>τοὺς</span> <span class='ocrx_word' id='word_1_436' title='bbox 1226 3452 1414 3522; x_wconf 80' lang='grc' dir='ltr'>λόγους</span> <span class='ocrx_word' id='word_1_437' title='bbox 1446 3470 1567 3523; x_wconf 87' lang='grc' dir='ltr'>μου.</span> <span class='ocrx_word' id='word_1_438' title='bbox 1596 3471 1613 3503; x_wconf 72' lang='grc' dir='ltr'><strong>ν</strong></span> <span class='ocrx_word' id='word_1_439' title='bbox 1666 3452 1876 3515; x_wconf 84' lang='grc' dir='ltr'>Παῦλος</span> 
     </span>
    </p>
   </div>
   <div class='ocr_carea' id='block_1_54' title="bbox 302 3543 1876 3617">
    <p class='ocr_par' dir='ltr' id='par_1_54' title="bbox 302 3543 1876 3617">
     <span class='ocr_line' id='line_1_54' title="bbox 302 3543 1876 3617; baseline -0.001 -19"><span class='ocrx_word' id='word_1_440' title='bbox 302 3546 441 3617; x_wconf 74' lang='grc' dir='ltr'>πρὸς</span> <span class='ocrx_word' id='word_1_441' title='bbox 481 3546 835 3610; x_wconf 84' lang='grc' dir='ltr'>Κολοσσαεῖς·</span> <span class='ocrx_word' id='word_1_442' title='bbox 883 3566 902 3598; x_wconf 78' lang='grc' dir='ltr'><strong>ι</strong></span> <span class='ocrx_word' id='word_1_443' title='bbox 930 3545 1395 3616; x_wconf 81' lang='grc' dir='ltr'>Εὐχαριστοῦντες</span> <span class='ocrx_word' id='word_1_444' title='bbox 1433 3543 1509 3615; x_wconf 81' lang='grc' dir='ltr'>τῷ</span> <span class='ocrx_word' id='word_1_445' title='bbox 1561 3545 1756 3616; x_wconf 79' lang='grc' dir='ltr'>Πατρὶ,</span> <span class='ocrx_word' id='word_1_446' title='bbox 1799 3545 1876 3614; x_wconf 76' lang='grc' dir='ltr'>τῷ</span> 
     </span>
    </p>
   </div>
   <div class='ocr_carea' id='block_1_55' title="bbox 304 3635 1876 3707">
    <p class='ocr_par' dir='ltr' id='par_1_55' title="bbox 304 3635 1876 3707">
     <span class='ocr_line' id='line_1_55' title="bbox 304 3635 1876 3707; baseline 0.002 -21"><span class='ocrx_word' id='word_1_447' title='bbox 304 3636 626 3689; x_wconf 78' lang='grc' dir='ltr'>ἱκανώσαντι</span> <span class='ocrx_word' id='word_1_448' title='bbox 673 3637 817 3705; x_wconf 79' lang='grc' dir='ltr'>ὑμᾶς</span> <span class='ocrx_word' id='word_1_449' title='bbox 861 3637 941 3700; x_wconf 86' lang='grc' dir='ltr'><strong>είς</strong></span> <span class='ocrx_word' id='word_1_450' title='bbox 991 3638 1089 3704; x_wconf 86' lang='grc' dir='ltr'>τὴν</span> <span class='ocrx_word' id='word_1_451' title='bbox 1136 3636 1327 3707; x_wconf 85' lang='grc' dir='ltr'>μερίδα</span> <span class='ocrx_word' id='word_1_452' title='bbox 1375 3635 1469 3689; x_wconf 85' lang='grc' dir='ltr'>τοῦ</span> <span class='ocrx_word' id='word_1_453' title='bbox 1523 3636 1725 3707; x_wconf 78' lang='grc' dir='ltr'>κλήρου</span> <span class='ocrx_word' id='word_1_454' title='bbox 1767 3635 1876 3689; x_wconf 82' lang='grc' dir='ltr'><strong>τῶν</strong></span> 
     </span>
    </p>
   </div>
   <div class='ocr_carea' id='block_1_56' title="bbox 301 3726 1879 3799">
    <p class='ocr_par' dir='ltr' id='par_1_56' title="bbox 301 3726 1879 3799">
     <span class='ocr_line' id='line_1_56' title="bbox 301 3726 1879 3799; baseline 0 -21"><span class='ocrx_word' id='word_1_455' title='bbox 301 3726 473 3793; x_wconf 81' lang='grc' dir='ltr'>ἁγίων</span> <span class='ocrx_word' id='word_1_456' title='bbox 500 3728 559 3779; x_wconf 84' lang='grc' dir='ltr'>ὲν</span> <span class='ocrx_word' id='word_1_457' title='bbox 585 3726 664 3797; x_wconf 82' lang='grc' dir='ltr'><strong>τῷ</strong></span> <span class='ocrx_word' id='word_1_458' title='bbox 691 3727 861 3795; x_wconf 66' lang='grc' dir='ltr'>φωτίθ</span> <span class='ocrx_word' id='word_1_459' title='bbox 907 3727 966 3790; x_wconf 83' lang='grc' dir='ltr'>ὃς</span> <span class='ocrx_word' id='word_1_460' title='bbox 997 3728 1265 3799; x_wconf 74' lang='grc' dir='ltr'>ἐρρύσατο</span> <span class='ocrx_word' id='word_1_461' title='bbox 1298 3728 1447 3797; x_wconf 79' lang='grc' dir='ltr'>ἡμᾶς</span> <span class='ocrx_word' id='word_1_462' title='bbox 1485 3729 1548 3779; x_wconf 84' lang='grc' dir='ltr'>ὲκ</span> <span class='ocrx_word' id='word_1_463' title='bbox 1577 3727 1678 3796; x_wconf 78' lang='grc' dir='ltr'>τῆς</span> <span class='ocrx_word' id='word_1_464' title='bbox 1715 3727 1879 3792; x_wconf 79' lang='grc' dir='ltr'>ἐξου-</span> 
     </span>
    </p>
   </div>
   <div class='ocr_carea' id='block_1_57' title="bbox 302 3813 1877 3887">
    <p class='ocr_par' dir='ltr' id='par_1_57' title="bbox 302 3813 1877 3887">
     <span class='ocr_line' id='line_1_57' title="bbox 302 3813 1877 3887; baseline 0.002 -20"><span class='ocrx_word' id='word_1_465' title='bbox 302 3815 425 3878; x_wconf 87' lang='grc' dir='ltr'>σίας</span> <span class='ocrx_word' id='word_1_466' title='bbox 467 3813 561 3868; x_wconf 81' lang='grc' dir='ltr'>τοῦ</span> <span class='ocrx_word' id='word_1_467' title='bbox 597 3815 839 3883; x_wconf 87' lang='grc' dir='ltr'>σκότους,</span> <span class='ocrx_word' id='word_1_468' title='bbox 871 3818 967 3870; x_wconf 72' lang='grc' dir='ltr'><strong>καὶ</strong></span> <span class='ocrx_word' id='word_1_469' title='bbox 1003 3816 1331 3887; x_wconf 85' lang='grc' dir='ltr'>μετέστησεν</span> <span class='ocrx_word' id='word_1_470' title='bbox 1364 3818 1444 3879; x_wconf 83' lang='grc' dir='ltr'>εἰς</span> <span class='ocrx_word' id='word_1_471' title='bbox 1475 3816 1573 3887; x_wconf 81' lang='grc' dir='ltr'>τὴν</span> <span class='ocrx_word' id='word_1_472' title='bbox 1600 3815 1877 3887; x_wconf 81' lang='grc' dir='ltr'>βασιλείαν</span> 
     </span>
    </p>
   </div>
   <div class='ocr_carea' id='block_1_58' title="bbox 299 4057 1869 4130">
    <p class='ocr_par' dir='ltr' id='par_1_58' title="bbox 299 4057 1869 4130">
     <span class='ocr_line' id='line_1_58' title="bbox 299 4057 1869 4130; baseline 0 -20"><span class='ocrx_word' id='word_1_473' title='bbox 299 4057 495 4130; x_wconf 83' lang='lat' dir='ltr'><strong>dymus</strong></span> <span class='ocrx_word' id='word_1_474' title='bbox 522 4059 575 4112; x_wconf 91' lang='lat' dir='ltr'><strong>in</strong></span> <span class='ocrx_word' id='word_1_475' title='bbox 608 4059 694 4116; x_wconf 85' lang='lat' dir='ltr'><strong>his</strong></span> <span class='ocrx_word' id='word_1_476' title='bbox 726 4059 909 4130; x_wconf 78' lang='lat' dir='ltr'><strong>libris,</strong></span> <span class='ocrx_word' id='word_1_477' title='bbox 936 4060 1092 4130; x_wconf 80' lang='lat' dir='ltr'><strong>legit,</strong></span> <span class='ocrx_word' id='word_1_478' title='bbox 1130 4079 1149 4112; x_wconf 81' lang='grc' dir='ltr'><strong>ι</strong></span> <span class='ocrx_word' id='word_1_479' title='bbox 1186 4074 1281 4126; x_wconf 88' lang='lat' dir='ltr'><strong>per</strong></span> <span class='ocrx_word' id='word_1_480' title='bbox 1319 4058 1579 4130; x_wconf 85' lang='lat' dir='ltr'><strong>Spiritum</strong></span> <span class='ocrx_word' id='word_1_481' title='bbox 1623 4072 1804 4130; x_wconf 86' lang='lat' dir='ltr'><strong>suum.</strong></span> <span class='ocrx_word' id='word_1_482' title='bbox 1827 4076 1869 4130; x_wconf 12' lang='grc' dir='ltr'>ξι</span> 
     </span>
    </p>
   </div>
   <div class='ocr_carea' id='block_1_59' title="bbox 299 4128 1872 4199">
    <p class='ocr_par' dir='ltr' id='par_1_59' title="bbox 299 4128 1872 4199">
     <span class='ocr_line' id='line_1_59' title="bbox 299 4128 1872 4199; baseline 0.001 -19"><span class='ocrx_word' id='word_1_483' title='bbox 299 4130 373 4181; x_wconf 85' lang='lat' dir='ltr'><strong>At</strong></span> <span class='ocrx_word' id='word_1_484' title='bbox 405 4128 459 4181; x_wconf 91' lang='lat' dir='ltr'><strong>in</strong></span> <span class='ocrx_word' id='word_1_485' title='bbox 493 4130 627 4184; x_wconf 90' lang='lat' dir='ltr'><strong>libro</strong></span> <span class='ocrx_word' id='word_1_486' title='bbox 646 4130 721 4184; x_wconf 83' lang='lat' dir='ltr'><strong>De</strong></span> <span class='ocrx_word' id='word_1_487' title='bbox 747 4128 889 4199; x_wconf 84' lang='lat' dir='ltr'><strong>Spir.</strong></span> <span class='ocrx_word' id='word_1_488' title='bbox 917 4128 1154 4185; x_wconf 52' lang='lat' dir='ltr'><strong>Sfuum.</strong></span> <span class='ocrx_word' id='word_1_489' title='bbox 1187 4130 1276 4194; x_wconf 80' lang='grc'><strong>51,</strong></span> <span class='ocrx_word' id='word_1_490' title='bbox 1300 4130 1351 4199; x_wconf 86' lang='lat' dir='ltr'><strong>si</strong></span> <span class='ocrx_word' id='word_1_491' title='bbox 1374 4129 1516 4182; x_wconf 89' lang='lat' dir='ltr'><strong>edita</strong></span> <span class='ocrx_word' id='word_1_492' title='bbox 1543 4128 1872 4196; x_wconf 82' lang='lat' dir='ltr'><strong>exemplaria</strong></span> 
     </span>
    </p>
   </div>
   <div class='ocr_carea' id='block_1_60' title="bbox 303 4198 1860 4265">
    <p class='ocr_par' dir='ltr' id='par_1_60' title="bbox 303 4198 1860 4265">
     <span class='ocr_line' id='line_1_60' title="bbox 303 4198 1860 4265; baseline -0.001 -16"><span class='ocrx_word' id='word_1_493' title='bbox 303 4208 640 4265; x_wconf 87' lang='lat' dir='ltr'><strong>spectemus,</strong></span> <span class='ocrx_word' id='word_1_494' title='bbox 688 4198 913 4254; x_wconf 85' lang='lat' dir='ltr'><strong>dictavit</strong></span> <span class='ocrx_word' id='word_1_495' title='bbox 948 4219 962 4254; x_wconf 87' lang='lat'><strong>:</strong></span> <span class='ocrx_word' id='word_1_496' title='bbox 1006 4218 1024 4250; x_wconf 81' lang='grc' dir='ltr'><strong>ι</strong></span> <span class='ocrx_word' id='word_1_497' title='bbox 1072 4200 1172 4253; x_wconf 86' lang='lat' dir='ltr'><strong>Per</strong></span> <span class='ocrx_word' id='word_1_498' title='bbox 1213 4198 1473 4265; x_wconf 83' lang='lat' dir='ltr'><strong>Spiritum</strong></span> <span class='ocrx_word' id='word_1_499' title='bbox 1514 4208 1779 4251; x_wconf 88' lang='lat' dir='ltr'><strong>sanctum.</strong></span> <span class='ocrx_word' id='word_1_500' title='bbox 1841 4214 1860 4248; x_wconf 74' lang='grc' dir='ltr'><strong>ι</strong></span> 
     </span>
    </p>
   </div>
   <div class='ocr_carea' id='block_1_61' title="bbox 303 4266 1869 4334">
    <p class='ocr_par' dir='ltr' id='par_1_61' title="bbox 303 4266 1869 4334">
     <span class='ocr_line' id='line_1_61' title="bbox 303 4266 1869 4334; baseline -0.002 -14"><span class='ocrx_word' id='word_1_501' title='bbox 303 4266 397 4320; x_wconf 91' lang='lat' dir='ltr'><strong>Sic</strong></span> <span class='ocrx_word' id='word_1_502' title='bbox 426 4270 566 4321; x_wconf 87' lang='lat' dir='ltr'><strong>enim</strong></span> <span class='ocrx_word' id='word_1_503' title='bbox 597 4268 796 4323; x_wconf 87' lang='lat' dir='ltr'><strong>habent</strong></span> <span class='ocrx_word' id='word_1_504' title='bbox 828 4288 841 4323; x_wconf 89' lang='lat'><strong>:</strong></span> <span class='ocrx_word' id='word_1_505' title='bbox 874 4269 927 4323; x_wconf 93' lang='lat' dir='ltr'><strong>In</strong></span> <span class='ocrx_word' id='word_1_506' title='bbox 960 4278 1168 4323; x_wconf 87' lang='lat' dir='ltr'><strong>tantum</strong></span> <span class='ocrx_word' id='word_1_507' title='bbox 1200 4278 1258 4321; x_wconf 91' lang='lat' dir='ltr'><strong>ut</strong></span> <span class='ocrx_word' id='word_1_508' title='bbox 1296 4269 1362 4332; x_wconf 92' lang='lat' dir='ltr'><strong>is,</strong></span> <span class='ocrx_word' id='word_1_509' title='bbox 1395 4267 1484 4334; x_wconf 89' lang='lat' dir='ltr'><strong>qui</strong></span> <span class='ocrx_word' id='word_1_510' title='bbox 1516 4280 1578 4321; x_wconf 90' lang='lat' dir='ltr'><strong>ea</strong></span> <span class='ocrx_word' id='word_1_511' title='bbox 1612 4279 1869 4334; x_wconf 86' lang='lat' dir='ltr'><strong>suscepe-</strong></span> 
     </span>
    </p>
   </div>
   <div class='ocr_carea' id='block_1_62' title="bbox 301 4335 1867 4402">
    <p class='ocr_par' dir='ltr' id='par_1_62' title="bbox 301 4335 1867 4402">
     <span class='ocr_line' id='line_1_62' title="bbox 301 4335 1867 4402; baseline -0.002 -13"><span class='ocrx_word' id='word_1_512' title='bbox 301 4337 397 4400; x_wconf 86' lang='lat' dir='ltr'><strong>rit,</strong></span> <span class='ocrx_word' id='word_1_513' title='bbox 430 4338 571 4391; x_wconf 87' lang='lat' dir='ltr'><strong>dicat</strong></span> <span class='ocrx_word' id='word_1_514' title='bbox 600 4355 619 4392; x_wconf 83' lang='lat'><strong>:</strong></span> <span class='ocrx_word' id='word_1_515' title='bbox 654 4358 671 4390; x_wconf 81' lang='grc' dir='ltr'><strong>ι</strong></span> <span class='ocrx_word' id='word_1_516' title='bbox 708 4338 872 4393; x_wconf 83' lang='lat' dir='ltr'><strong>Nobis</strong></span> <span class='ocrx_word' id='word_1_517' title='bbox 900 4350 1077 4392; x_wconf 84' lang='lat' dir='ltr'><strong>autem</strong></span> <span class='ocrx_word' id='word_1_518' title='bbox 1112 4337 1368 4391; x_wconf 85' lang='lat' dir='ltr'><strong>revelavit</strong></span> <span class='ocrx_word' id='word_1_519' title='bbox 1395 4336 1534 4390; x_wconf 89' lang='lat' dir='ltr'><strong>Deus</strong></span> <span class='ocrx_word' id='word_1_520' title='bbox 1568 4351 1667 4402; x_wconf 89' lang='lat' dir='ltr'><strong>per</strong></span> <span class='ocrx_word' id='word_1_521' title='bbox 1699 4335 1867 4402; x_wconf 89' lang='lat' dir='ltr'><strong>Spiri-</strong></span> 
     </span>
    </p>
   </div>
   <div class='ocr_carea' id='block_1_63' title="bbox 304 4408 1861 4475">
    <p class='ocr_par' dir='ltr' id='par_1_63' title="bbox 304 4408 1861 4475">
     <span class='ocr_line' id='line_1_63' title="bbox 304 4408 1861 4475; baseline 0.003 -20"><span class='ocrx_word' id='word_1_522' title='bbox 304 4415 415 4475; x_wconf 77' lang='lat' dir='ltr'><strong>tum</strong></span> <span class='ocrx_word' id='word_1_523' title='bbox 453 4418 717 4462; x_wconf 85' lang='lat' dir='ltr'><strong>sanctum.</strong></span> <span class='ocrx_word' id='word_1_524' title='bbox 757 4428 774 4460; x_wconf 79' lang='grc' dir='ltr'><strong>ι</strong></span> <span class='ocrx_word' id='word_1_525' title='bbox 816 4410 920 4463; x_wconf 86' lang='lat' dir='ltr'><strong>Sed</strong></span> <span class='ocrx_word' id='word_1_526' title='bbox 952 4410 1024 4463; x_wconf 90' lang='lat' dir='ltr'><strong>ibi</strong></span> <span class='ocrx_word' id='word_1_527' title='bbox 1058 4422 1273 4475; x_wconf 89' lang='lat' dir='ltr'><strong>quoque</strong></span> <span class='ocrx_word' id='word_1_528' title='bbox 1322 4408 1491 4461; x_wconf 91' lang='lat' dir='ltr'><strong>codex</strong></span> <span class='ocrx_word' id='word_1_529' title='bbox 1527 4415 1710 4459; x_wconf 90' lang='lat' dir='ltr'><strong>noster</strong></span> <span class='ocrx_word' id='word_1_530' title='bbox 1759 4419 1861 4459; x_wconf 88' lang='lat' dir='ltr'><strong>ms.</strong></span> 
     </span>
    </p>
   </div>
   <div class='ocr_carea' id='block_1_64' title="bbox 300 4474 1295 4545">
    <p class='ocr_par' dir='ltr' id='par_1_64' title="bbox 300 4474 1295 4545">
     <span class='ocr_line' id='line_1_64' title="bbox 300 4474 1295 4545; baseline -0.002 -16"><span class='ocrx_word' id='word_1_531' title='bbox 300 4474 464 4545; x_wconf 78' lang='lat' dir='ltr'><strong>habet</strong></span> <span class='ocrx_word' id='word_1_532' title='bbox 505 4491 521 4527; x_wconf 89' lang='lat'><strong>:</strong></span> <span class='ocrx_word' id='word_1_533' title='bbox 558 4493 577 4527; x_wconf 69' lang='grc' dir='ltr'><strong>ι</strong></span> <span class='ocrx_word' id='word_1_534' title='bbox 618 4492 714 4545; x_wconf 90' lang='lat' dir='ltr'><strong>per</strong></span> <span class='ocrx_word' id='word_1_535' title='bbox 747 4478 1007 4545; x_wconf 88' lang='lat' dir='ltr'><strong>Spiritum</strong></span> <span class='ocrx_word' id='word_1_536' title='bbox 1056 4474 1235 4529; x_wconf 76' lang='lat' dir='ltr'><strong>suum.</strong></span> <span class='ocrx_word' id='word_1_537' title='bbox 1278 4496 1295 4527; x_wconf 73' lang='grc' dir='ltr'><strong>ι</strong></span> 
     </span>
    </p>
   </div>
   <div class='ocr_carea' id='block_1_65' title="bbox 374 4540 1864 4613">
    <p class='ocr_par' dir='ltr' id='par_1_65' title="bbox 374 4540 1864 4613">
     <span class='ocr_line' id='line_1_65' title="bbox 374 4540 1864 4613; baseline -0.001 -17"><span class='ocrx_word' id='word_1_538' title='bbox 374 4543 483 4613; x_wconf 72' lang='grc'>(28)</span> <span class='ocrx_word' id='word_1_539' title='bbox 521 4540 705 4601; x_wconf 70' lang='lat' dir='ltr'><strong>Alteri.</strong></span> <span class='ocrx_word' id='word_1_540' title='bbox 753 4540 909 4603; x_wconf 77' lang='lat' dir='ltr'><strong>lCor.</strong></span> <span class='ocrx_word' id='word_1_541' title='bbox 938 4563 1047 4607; x_wconf 82' lang='lat' dir='ltr'><strong>xu,</strong></span> <span class='ocrx_word' id='word_1_542' title='bbox 1086 4546 1140 4611; x_wconf 91' lang='grc'>8,</span> <span class='ocrx_word' id='word_1_543' title='bbox 1172 4546 1226 4602; x_wconf 82' lang='lat'><strong>9.</strong></span> <span class='ocrx_word' id='word_1_544' title='bbox 1259 4546 1387 4600; x_wconf 86' lang='lat' dir='ltr'><strong>Post</strong></span> <span class='ocrx_word' id='word_1_545' title='bbox 1422 4556 1631 4608; x_wconf 88' lang='lat' dir='ltr'><strong>vocem,</strong></span> <span class='ocrx_word' id='word_1_546' title='bbox 1653 4540 1864 4609; x_wconf 84' lang='grc' dir='ltr'>σοφίας,</span> 
     </span>
    </p>
   </div>
   <div class='ocr_carea' id='block_1_66' title="bbox 298 4615 1105 4686">
    <p class='ocr_par' dir='ltr' id='par_1_66' title="bbox 298 4615 1105 4686">
     <span class='ocr_line' id='line_1_66' title="bbox 298 4615 1105 4686; baseline 0 -19"><span class='ocrx_word' id='word_1_547' title='bbox 298 4615 553 4686; x_wconf 75' lang='lat' dir='ltr'><strong>nonnulla</strong></span> <span class='ocrx_word' id='word_1_548' title='bbox 598 4617 797 4686; x_wconf 71' lang='lat' dir='ltr'><strong>omittit</strong></span> <span class='ocrx_word' id='word_1_549' title='bbox 832 4617 1105 4686; x_wconf 83' lang='lat' dir='ltr'><strong>Didymus.</strong></span> 
     </span>
    </p>
   </div>
   <div class='ocr_carea' id='block_1_67' title="bbox 373 4680 1864 4756">
    <p class='ocr_par' dir='ltr' id='par_1_67' title="bbox 373 4680 1864 4756">
     <span class='ocr_line' id='line_1_67' title="bbox 373 4680 1864 4756; baseline 0.001 -22"><span class='ocrx_word' id='word_1_550' title='bbox 373 4683 485 4755; x_wconf 74' lang='lat'><strong>(‘29)</strong></span> <span class='ocrx_word' id='word_1_551' title='bbox 522 4685 652 4756; x_wconf 52' lang='lat' dir='ltr'><strong>gilii.</strong></span> <span class='ocrx_word' id='word_1_552' title='bbox 682 4684 867 4742; x_wconf 69' lang='lat' dir='ltr'><strong>Graeca</strong></span> <span class='ocrx_word' id='word_1_553' title='bbox 898 4680 1063 4756; x_wconf 74' lang='lat' dir='ltr'><strong>editio</strong></span> <span class='ocrx_word' id='word_1_554' title='bbox 1086 4684 1280 4756; x_wconf 71' lang='grc' dir='ltr'><strong>ἑτέρῳ.</strong></span> <span class='ocrx_word' id='word_1_555' title='bbox 1307 4683 1565 4756; x_wconf 83' lang='lat' dir='ltr'><strong>Didymus</strong></span> <span class='ocrx_word' id='word_1_556' title='bbox 1590 4680 1754 4751; x_wconf 76' lang='grc' dir='ltr'>ἄλλῳ.</span> <span class='ocrx_word' id='word_1_557' title='bbox 1786 4680 1864 4735; x_wconf 88' lang='lat' dir='ltr'><strong>lta</strong></span> 
     </span>
    </p>
   </div>
   <div class='ocr_carea' id='block_1_68' title="bbox 296 4753 1437 4822">
    <p class='ocr_par' dir='ltr' id='par_1_68' title="bbox 296 4753 1437 4822">
     <span class='ocr_line' id='line_1_68' title="bbox 296 4753 1437 4822; baseline -0.001 -16"><span class='ocrx_word' id='word_1_558' title='bbox 296 4753 472 4806; x_wconf 84' lang='lat' dir='ltr'><strong>etiam</strong></span> <span class='ocrx_word' id='word_1_559' title='bbox 502 4754 720 4809; x_wconf 83' lang='lat' dir='ltr'><strong>dictavit</strong></span> <span class='ocrx_word' id='word_1_560' title='bbox 751 4756 847 4810; x_wconf 88' lang='lat' dir='ltr'><strong>lib.</strong></span> <span class='ocrx_word' id='word_1_561' title='bbox 879 4756 956 4809; x_wconf 78' lang='lat' dir='ltr'><strong>De</strong></span> <span class='ocrx_word' id='word_1_562' title='bbox 984 4755 1078 4822; x_wconf 87' lang='lat' dir='ltr'><strong>Sp.</strong></span> <span class='ocrx_word' id='word_1_563' title='bbox 1115 4753 1351 4809; x_wconf 40' lang='lat' dir='ltr'><strong>S.&#39;n&#39;um.</strong></span> <span class='ocrx_word' id='word_1_564' title='bbox 1382 4754 1437 4807; x_wconf 89' lang='lat'><strong>9.</strong></span> 
     </span>
    </p>
   </div>
   <div class='ocr_carea' id='block_1_69' title="bbox 371 4842 1858 4916">
    <p class='ocr_par' dir='ltr' id='par_1_69' title="bbox 371 4842 1858 4916">
     <span class='ocr_line' id='line_1_69' title="bbox 371 4842 1858 4916; baseline -0.001 -18"><span class='ocrx_word' id='word_1_565' title='bbox 371 4845 480 4916; x_wconf 78' lang='grc'>(50)</span> <span class='ocrx_word' id='word_1_566' title='bbox 523 4843 628 4899; x_wconf 82' lang='lat' dir='ltr'><strong>Per</strong></span> <span class='ocrx_word' id='word_1_567' title='bbox 655 4848 887 4901; x_wconf 78' lang='lat' dir='ltr'><strong>eumdem</strong></span> <span class='ocrx_word' id='word_1_568' title='bbox 919 4845 1194 4905; x_wconf 71' lang='lat' dir='ltr'><strong>Spiritum.</strong></span> <span class='ocrx_word' id='word_1_569' title='bbox 1223 4846 1409 4899; x_wconf 71' lang='lat' dir='ltr'><strong>Graeca</strong></span> <span class='ocrx_word' id='word_1_570' title='bbox 1444 4842 1656 4916; x_wconf 84' lang='lat' dir='ltr'><strong>editio:</strong></span> <span class='ocrx_word' id='word_1_571' title='bbox 1683 4843 1858 4916; x_wconf 79' lang='grc' dir='ltr'>ἑτέρῳ</span> 
     </span>
    </p>
   </div>
   <div class='ocr_carea' id='block_1_70' title="bbox 294 4911 1863 4987">
    <p class='ocr_par' dir='ltr' id='par_1_70' title="bbox 294 4911 1863 4987">
     <span class='ocr_line' id='line_1_70' title="bbox 294 4911 1863 4987; baseline -0.003 -20"><span class='ocrx_word' id='word_1_572' title='bbox 294 4911 355 4967; x_wconf 80' lang='grc' dir='ltr'>δὲ</span> <span class='ocrx_word' id='word_1_573' title='bbox 377 4911 557 4987; x_wconf 70' lang='grc' dir='ltr'>πίστις</span> <span class='ocrx_word' id='word_1_574' title='bbox 589 4917 645 4987; x_wconf 80' lang='grc' dir='ltr'>ὲν</span> <span class='ocrx_word' id='word_1_575' title='bbox 678 4916 755 4986; x_wconf 83' lang='grc' dir='ltr'>τῷ</span> <span class='ocrx_word' id='word_1_576' title='bbox 779 4916 926 4986; x_wconf 85' lang='grc' dir='ltr'>αὑτῷ</span> <span class='ocrx_word' id='word_1_577' title='bbox 953 4916 1336 4987; x_wconf 52' lang='grc' dir='ltr'>Πνεύματι,-ἰι1</span> <span class='ocrx_word' id='word_1_578' title='bbox 1375 4923 1477 4979; x_wconf 89' lang='lat' dir='ltr'><strong>est,</strong></span> <span class='ocrx_word' id='word_1_579' title='bbox 1503 4930 1533 4987; x_wconf 74' lang='lat'><strong>_«</strong></span> <span class='ocrx_word' id='word_1_580' title='bbox 1574 4913 1725 4987; x_wconf 77' lang='lat' dir='ltr'><strong>alteri</strong></span> <span class='ocrx_word' id='word_1_581' title='bbox 1766 4911 1863 4966; x_wconf 76' lang='lat' dir='ltr'><strong>au-</strong></span> 
     </span>
    </p>
   </div>
   <div class='ocr_carea' id='block_1_71' title="bbox 301 4982 1861 5054">
    <p class='ocr_par' dir='ltr' id='par_1_71' title="bbox 301 4982 1861 5054">
     <span class='ocr_line' id='line_1_71' title="bbox 301 4982 1861 5054; baseline 0.001 -19"><span class='ocrx_word' id='word_1_582' title='bbox 301 4994 407 5036; x_wconf 88' lang='lat' dir='ltr'><strong>tem</strong></span> <span class='ocrx_word' id='word_1_583' title='bbox 438 4984 589 5047; x_wconf 84' lang='lat' dir='ltr'><strong>ﬁdes,</strong></span> <span class='ocrx_word' id='word_1_584' title='bbox 623 4986 675 5039; x_wconf 91' lang='lat' dir='ltr'><strong>in</strong></span> <span class='ocrx_word' id='word_1_585' title='bbox 704 4982 1154 5054; x_wconf 38' lang='lat' dir='ltr'><strong>eodem-Spiritu.</strong></span> <span class='ocrx_word' id='word_1_586' title='bbox 1190 5005 1209 5036; x_wconf 83' lang='grc'>›</span> <span class='ocrx_word' id='word_1_587' title='bbox 1244 4985 1363 5051; x_wconf 83' lang='lat' dir='ltr'><strong>Quo</strong></span> <span class='ocrx_word' id='word_1_588' title='bbox 1395 4983 1558 5054; x_wconf 76' lang='lat' dir='ltr'><strong>modo</strong></span> <span class='ocrx_word' id='word_1_589' title='bbox 1579 4982 1727 5052; x_wconf 76' lang='lat' dir='ltr'><strong>legit,</strong></span> <span class='ocrx_word' id='word_1_590' title='bbox 1767 4991 1861 5054; x_wconf 85' lang='lat' dir='ltr'><strong>aut</strong></span> 
     </span>
    </p>
   </div>
   <div class='ocr_carea' id='block_1_72' title="bbox 296 5051 1860 5126">
    <p class='ocr_par' dir='ltr' id='par_1_72' title="bbox 296 5051 1860 5126">
     <span class='ocr_line' id='line_1_72' title="bbox 296 5051 1860 5126; baseline -0.001 -19"><span class='ocrx_word' id='word_1_591' title='bbox 296 5053 679 5126; x_wconf 54' lang='lat' dir='ltr'><strong>dictavitjpse</strong></span> <span class='ocrx_word' id='word_1_592' title='bbox 704 5051 979 5126; x_wconf 78' lang='lat' dir='ltr'><strong>Didymus</strong></span> <span class='ocrx_word' id='word_1_593' title='bbox 999 5057 1248 5124; x_wconf 85' lang='lat' dir='ltr'><strong>superius</strong></span> <span class='ocrx_word' id='word_1_594' title='bbox 1286 5068 1451 5126; x_wconf 62' lang='lat' dir='ltr'><strong>segni.</strong></span> <span class='ocrx_word' id='word_1_595' title='bbox 1489 5051 1561 5106; x_wconf 83' lang='lat'><strong>95</strong></span> <span class='ocrx_word' id='word_1_596' title='bbox 1603 5051 1767 5126; x_wconf 25' lang='lat' dir='ltr'><strong>a’,_et_</strong></span> <span class='ocrx_word' id='word_1_597' title='bbox 1798 5053 1860 5126; x_wconf 70' lang='lat' dir='ltr'><strong>iri</strong></span> 
     </span>
    </p>
   </div>
   <div class='ocr_carea' id='block_1_73' title="bbox 297 5121 1861 5192">
    <p class='ocr_par' dir='ltr' id='par_1_73' title="bbox 297 5121 1861 5192">
     <span class='ocr_line' id='line_1_73' title="bbox 297 5121 1861 5192; baseline 0 -18"><span class='ocrx_word' id='word_1_598' title='bbox 297 5121 391 5192; x_wconf 76' lang='lat' dir='ltr'><strong>lib.</strong></span> <span class='ocrx_word' id='word_1_599' title='bbox 414 5124 488 5176; x_wconf 80' lang='lat' dir='ltr'><strong>De</strong></span> <span class='ocrx_word' id='word_1_600' title='bbox 510 5123 653 5192; x_wconf 87' lang='lat' dir='ltr'><strong>Spir.</strong></span> <span class='ocrx_word' id='word_1_601' title='bbox 688 5125 750 5179; x_wconf 89' lang='lat' dir='ltr'><strong>S.</strong></span> <span class='ocrx_word' id='word_1_602' title='bbox 789 5121 934 5179; x_wconf 40' lang='lat' dir='ltr'><strong>n’utn.</strong></span> <span class='ocrx_word' id='word_1_603' title='bbox 965 5127 1019 5183; x_wconf 89' lang='lat'><strong>9.</strong></span> <span class='ocrx_word' id='word_1_604' title='bbox 1052 5121 1137 5178; x_wconf 84' lang='lat' dir='ltr'><strong>ubi</strong></span> <span class='ocrx_word' id='word_1_605' title='bbox 1173 5128 1251 5177; x_wconf 89' lang='lat' dir='ltr'><strong>sic</strong></span> <span class='ocrx_word' id='word_1_606' title='bbox 1286 5121 1521 5192; x_wconf 83' lang='lat' dir='ltr'><strong>loquitur</strong></span> <span class='ocrx_word' id='word_1_607' title='bbox 1553 5139 1569 5176; x_wconf 86' lang='lat'><strong>:</strong></span> <span class='ocrx_word' id='word_1_608' title='bbox 1611 5139 1629 5171; x_wconf 79' lang='grc' dir='ltr'><strong>ι</strong></span> <span class='ocrx_word' id='word_1_609' title='bbox 1656 5121 1861 5174; x_wconf 87' lang='lat' dir='ltr'><strong>Etlidei</strong></span> 
     </span>
    </p>
   </div>
   <div class='ocr_carea' id='block_1_74' title="bbox 293 5189 1856 5264">
    <p class='ocr_par' dir='ltr' id='par_1_74' title="bbox 293 5189 1856 5264">
     <span class='ocr_line' id='line_1_74' title="bbox 293 5189 1856 5264; baseline -0.002 -20"><span class='ocrx_word' id='word_1_610' title='bbox 293 5189 517 5264; x_wconf 74' lang='lat' dir='ltr'><strong>eﬂectus</strong></span> <span class='ocrx_word' id='word_1_611' title='bbox 549 5189 635 5248; x_wconf 80' lang='lat' dir='ltr'><strong>est</strong></span> <span class='ocrx_word' id='word_1_612' title='bbox 669 5195 955 5263; x_wconf 85' lang='lat' dir='ltr'><strong>particeps,</strong></span> <span class='ocrx_word' id='word_1_613' title='bbox 986 5212 1104 5264; x_wconf 68' lang='lat' dir='ltr'><strong>qua:</strong></span> <span class='ocrx_word' id='word_1_614' title='bbox 1139 5210 1203 5248; x_wconf 75' lang='lat' dir='ltr'><strong>ex</strong></span> <span class='ocrx_word' id='word_1_615' title='bbox 1242 5189 1443 5261; x_wconf 77' lang='lat' dir='ltr'><strong>Spiritu</strong></span> <span class='ocrx_word' id='word_1_616' title='bbox 1472 5202 1661 5264; x_wconf 78' lang='lat' dir='ltr'><strong>sancto</strong></span> <span class='ocrx_word' id='word_1_617' title='bbox 1689 5194 1856 5253; x_wconf 85' lang='lat' dir='ltr'><strong>venit,</strong></span> 
     </span>
    </p>
   </div>
   <div class='ocr_carea' id='block_1_75' title="bbox 287 5260 1847 5330">
    <p class='ocr_par' dir='ltr' id='par_1_75' title="bbox 287 5260 1847 5330">
     <span class='ocr_line' id='line_1_75' title="bbox 287 5260 1847 5330; baseline -0.002 -17"><span class='ocrx_word' id='word_1_618' title='bbox 287 5260 441 5330; x_wconf 84' lang='lat' dir='ltr'><strong>juxta</strong></span> <span class='ocrx_word' id='word_1_619' title='bbox 469 5263 619 5327; x_wconf 90' lang='lat' dir='ltr'><strong>illud,</strong></span> <span class='ocrx_word' id='word_1_620' title='bbox 647 5260 800 5318; x_wconf 68' lang='lat' dir='ltr'><strong>(Alii</strong></span> <span class='ocrx_word' id='word_1_621' title='bbox 824 5260 1018 5318; x_wconf 55' lang='lat' dir='ltr'><strong>autetn&#39;</strong></span> <span class='ocrx_word' id='word_1_622' title='bbox 1040 5264 1193 5326; x_wconf 85' lang='lat' dir='ltr'><strong>lides,</strong></span> <span class='ocrx_word' id='word_1_623' title='bbox 1221 5260 1493 5316; x_wconf 32' lang='lat' dir='ltr'><strong>iu&#39;eodem</strong></span> <span class='ocrx_word' id='word_1_624' title='bbox 1520 5262 1798 5330; x_wconf 89' lang='lat' dir='ltr'><strong>Spiritu...</strong></span> <span class='ocrx_word' id='word_1_625' title='bbox 1828 5277 1847 5310; x_wconf 70' lang='grc' dir='ltr'><strong>ι</strong></span> 
     </span>
    </p>
   </div>
   <div class='ocr_carea' id='block_1_76' title="bbox 291 5330 1857 5388">
    <p class='ocr_par' dir='ltr' id='par_1_76' title="bbox 291 5330 1857 5388">
     <span class='ocr_line' id='line_1_76' title="bbox 291 5330 1857 5388; baseline -0.002 -4"><span class='ocrx_word' id='word_1_626' title='bbox 291 5330 512 5387; x_wconf 76' lang='lat' dir='ltr'><strong>Necnon</strong></span> <span class='ocrx_word' id='word_1_627' title='bbox 546 5345 601 5388; x_wconf 90' lang='lat' dir='ltr'><strong>et</strong></span> <span class='ocrx_word' id='word_1_628' title='bbox 644 5333 748 5386; x_wconf 85' lang='lat' dir='ltr'><strong>illis</strong></span> <span class='ocrx_word' id='word_1_629' title='bbox 782 5335 1160 5387; x_wconf 72' lang='lat' dir='ltr'><strong>donationibus</strong></span> <span class='ocrx_word' id='word_1_630' title='bbox 1207 5352 1225 5383; x_wconf 82' lang='grc' dir='ltr'><strong>ι</strong></span> <span class='ocrx_word' id='word_1_631' title='bbox 1271 5334 1564 5385; x_wconf 85' lang='lat' dir='ltr'><strong>secundum</strong></span> <span class='ocrx_word' id='word_1_632' title='bbox 1606 5332 1857 5384; x_wconf 90' lang='lat' dir='ltr'><strong>emudem</strong></span> 
     </span>
    </p>
   </div>
   <div class='ocr_carea' id='block_1_77' title="bbox 292 5401 1858 5471">
    <p class='ocr_par' dir='ltr' id='par_1_77' title="bbox 292 5401 1858 5471">
     <span class='ocr_line' id='line_1_77' title="bbox 292 5401 1858 5471; baseline -0.003 -17"><span class='ocrx_word' id='word_1_633' title='bbox 292 5401 552 5469; x_wconf 87' lang='lat' dir='ltr'><strong>Spiritum</strong></span> <span class='ocrx_word' id='word_1_634' title='bbox 607 5421 626 5454; x_wconf 73' lang='grc' dir='ltr'><strong>ι</strong></span> <span class='ocrx_word' id='word_1_635' title='bbox 675 5401 942 5467; x_wconf 82' lang='lat' dir='ltr'><strong>allluehat,</strong></span> <span class='ocrx_word' id='word_1_636' title='bbox 999 5418 1117 5471; x_wconf 69' lang='lat' dir='ltr'><strong>qua:</strong></span> <span class='ocrx_word' id='word_1_637' title='bbox 1166 5411 1427 5471; x_wconf 80' lang='lat' dir='ltr'><strong>vocantur</strong></span> <span class='ocrx_word' id='word_1_638' title='bbox 1467 5419 1485 5451; x_wconf 76' lang='grc' dir='ltr'><strong>ι</strong></span> <span class='ocrx_word' id='word_1_639' title='bbox 1516 5401 1858 5471; x_wconf 84' lang='lat' dir='ltr'><strong>curationum</strong></span> 
     </span>
    </p>
   </div>
   <div class='ocr_carea' id='block_1_78' title="bbox 292 5470 1855 5543">
    <p class='ocr_par' dir='ltr' id='par_1_78' title="bbox 292 5470 1855 5543">
     <span class='ocr_line' id='line_1_78' title="bbox 292 5470 1855 5543; baseline 0.001 -23"><span class='ocrx_word' id='word_1_640' title='bbox 292 5472 499 5541; x_wconf 66' lang='lat' dir='ltr'><strong>gratim,</strong></span> <span class='ocrx_word' id='word_1_641' title='bbox 536 5491 557 5523; x_wconf 70' lang='grc' dir='ltr'><strong>ι</strong></span> <span class='ocrx_word' id='word_1_642' title='bbox 594 5484 754 5540; x_wconf 78' lang='lat' dir='ltr'><strong>atque</strong></span> <span class='ocrx_word' id='word_1_643' title='bbox 801 5489 820 5523; x_wconf 74' lang='grc' dir='ltr'><strong>ι</strong></span> <span class='ocrx_word' id='word_1_644' title='bbox 870 5475 1097 5525; x_wconf 80' lang='lat' dir='ltr'><strong>virtutes</strong></span> <span class='ocrx_word' id='word_1_645' title='bbox 1128 5490 1144 5521; x_wconf 72' lang='grc' dir='ltr'><strong>ι</strong></span> <span class='ocrx_word' id='word_1_646' title='bbox 1174 5470 1400 5543; x_wconf 86' lang='lat' dir='ltr'><strong>[rectius</strong></span> <span class='ocrx_word' id='word_1_647' title='bbox 1429 5470 1597 5543; x_wconf 71' lang='lat' dir='ltr'><strong>codex</strong></span> <span class='ocrx_word' id='word_1_648' title='bbox 1628 5479 1812 5543; x_wconf 72' lang='lat' dir='ltr'><strong>noster</strong></span> <span class='ocrx_word' id='word_1_649' title='bbox 1841 5483 1855 5521; x_wconf 93' lang='lat'><strong>:</strong></span> 
     </span>
    </p>
   </div>
   <div class='ocr_carea' id='block_1_79' title="bbox 290 5536 1854 5609">
    <p class='ocr_par' dir='ltr' id='par_1_79' title="bbox 290 5536 1854 5609">
     <span class='ocr_line' id='line_1_79' title="bbox 290 5536 1854 5609; baseline -0.003 -16"><span class='ocrx_word' id='word_1_650' title='bbox 290 5536 455 5608; x_wconf 66' lang='lat' dir='ltr'><strong>atque</strong></span> <span class='ocrx_word' id='word_1_651' title='bbox 490 5536 738 5594; x_wconf 76' lang='lat' dir='ltr'><strong>virtutum</strong></span> <span class='ocrx_word' id='word_1_652' title='bbox 781 5556 799 5592; x_wconf 87' lang='lat'><strong>:</strong></span> <span class='ocrx_word' id='word_1_653' title='bbox 840 5543 1123 5609; x_wconf 82' lang='lat' dir='ltr'><strong>respicitur</strong></span> <span class='ocrx_word' id='word_1_654' title='bbox 1172 5536 1314 5594; x_wconf 74' lang='lat' dir='ltr'><strong>enim</strong></span> <span class='ocrx_word' id='word_1_655' title='bbox 1354 5557 1382 5593; x_wconf 88' lang='lat' dir='ltr'><strong>a</strong></span> <span class='ocrx_word' id='word_1_656' title='bbox 1426 5536 1854 5609; x_wconf 74' lang='lat' dir='ltr'><strong>DidymolCor.</strong></span> 
     </span>
    </p>
   </div>
   <div class='ocr_carea' id='block_1_80' title="bbox 287 5607 1860 5680">
    <p class='ocr_par' dir='ltr' id='par_1_80' title="bbox 287 5607 1860 5680">
     <span class='ocr_line' id='line_1_80' title="bbox 287 5607 1860 5680; baseline -0.004 -18"><span class='ocrx_word' id='word_1_657' title='bbox 287 5607 391 5671; x_wconf 79' lang='lat' dir='ltr'><strong>xu,</strong></span> <span class='ocrx_word' id='word_1_658' title='bbox 455 5610 568 5680; x_wconf 71' lang='lat'><strong>10].</strong></span> <span class='ocrx_word' id='word_1_659' title='bbox 631 5610 698 5664; x_wconf 82' lang='lat' dir='ltr'><strong>Et</strong></span> <span class='ocrx_word' id='word_1_660' title='bbox 758 5612 871 5663; x_wconf 76' lang='lat' dir='ltr'><strong>haec</strong></span> <span class='ocrx_word' id='word_1_661' title='bbox 926 5607 1069 5664; x_wconf 75' lang='lat' dir='ltr'><strong>enim</strong></span> <span class='ocrx_word' id='word_1_662' title='bbox 1141 5611 1192 5663; x_wconf 91' lang='lat' dir='ltr'><strong>in</strong></span> <span class='ocrx_word' id='word_1_663' title='bbox 1247 5612 1653 5680; x_wconf 77' lang='lat' dir='ltr'><strong>enumeratione</strong></span> <span class='ocrx_word' id='word_1_664' title='bbox 1687 5607 1860 5680; x_wconf 81' lang='lat' dir='ltr'><strong>dono-</strong></span> 
     </span>
    </p>
   </div>
   <div class='ocr_carea' id='block_1_81' title="bbox 289 5678 1859 5748">
    <p class='ocr_par' dir='ltr' id='par_1_81' title="bbox 289 5678 1859 5748">
     <span class='ocr_line' id='line_1_81' title="bbox 289 5678 1859 5748; baseline -0.001 -17"><span class='ocrx_word' id='word_1_665' title='bbox 289 5695 409 5731; x_wconf 85' lang='lat' dir='ltr'><strong>rum</strong></span> <span class='ocrx_word' id='word_1_666' title='bbox 446 5678 544 5733; x_wconf 80' lang='lat' dir='ltr'><strong>Dei</strong></span> <span class='ocrx_word' id='word_1_667' title='bbox 571 5700 589 5731; x_wconf 83' lang='grc' dir='ltr'><strong>ι</strong></span> <span class='ocrx_word' id='word_1_668' title='bbox 630 5682 681 5734; x_wconf 92' lang='lat' dir='ltr'><strong>iu</strong></span> <span class='ocrx_word' id='word_1_669' title='bbox 714 5681 951 5748; x_wconf 88' lang='lat' dir='ltr'><strong>Spiritu,</strong></span> <span class='ocrx_word' id='word_1_670' title='bbox 978 5704 997 5731; x_wconf 75' lang='grc' dir='ltr'><strong>ι</strong></span> <span class='ocrx_word' id='word_1_671' title='bbox 1021 5688 1073 5734; x_wconf 84' lang='lat' dir='ltr'><strong>et</strong></span> <span class='ocrx_word' id='word_1_672' title='bbox 1096 5699 1114 5729; x_wconf 79' lang='grc' dir='ltr'><strong>ι</strong></span> <span class='ocrx_word' id='word_1_673' title='bbox 1141 5682 1432 5733; x_wconf 88' lang='lat' dir='ltr'><strong>secumlum</strong></span> <span class='ocrx_word' id='word_1_674' title='bbox 1455 5679 1739 5745; x_wconf 83' lang='lat' dir='ltr'><strong>Spiritum,</strong></span> <span class='ocrx_word' id='word_1_675' title='bbox 1766 5695 1783 5726; x_wconf 77' lang='grc' dir='ltr'><strong>ι</strong></span> <span class='ocrx_word' id='word_1_676' title='bbox 1803 5678 1859 5729; x_wconf 87' lang='lat' dir='ltr'><strong>in</strong></span> 
     </span>
    </p>
   </div>
   <div class='ocr_carea' id='block_1_82' title="bbox 284 5748 1850 5818">
    <p class='ocr_par' dir='ltr' id='par_1_82' title="bbox 284 5748 1850 5818">
     <span class='ocr_line' id='line_1_82' title="bbox 284 5748 1850 5818; baseline -0.004 -17"><span class='ocrx_word' id='word_1_677' title='bbox 284 5754 459 5817; x_wconf 82' lang='lat' dir='ltr'><strong>prima</strong></span> <span class='ocrx_word' id='word_1_678' title='bbox 498 5750 649 5803; x_wconf 80' lang='lat' dir='ltr'><strong>Pauli</strong></span> <span class='ocrx_word' id='word_1_679' title='bbox 693 5750 924 5818; x_wconf 89' lang='lat' dir='ltr'><strong>Epistola</strong></span> <span class='ocrx_word' id='word_1_680' title='bbox 975 5751 1041 5802; x_wconf 89' lang='lat' dir='ltr'><strong>ad</strong></span> <span class='ocrx_word' id='word_1_681' title='bbox 1088 5748 1399 5805; x_wconf 88' lang='lat' dir='ltr'><strong>Corinthios</strong></span> <span class='ocrx_word' id='word_1_682' title='bbox 1448 5748 1801 5803; x_wconf 85' lang='lat' dir='ltr'><strong>collocantur.</strong></span> <span class='ocrx_word' id='word_1_683' title='bbox 1831 5762 1850 5795; x_wconf 76' lang='grc' dir='ltr'><strong>ι</strong></span> 
     </span>
    </p>
   </div>
   <div class='ocr_carea' id='block_1_83' title="bbox 1982 1896 3547 1971">
    <p class='ocr_par' dir='ltr' id='par_1_83' title="bbox 1982 1896 3547 1971">
     <span class='ocr_line' id='line_1_83' title="bbox 1982 1896 3547 1971; baseline 0.004 -25"><span class='ocrx_word' id='word_1_684' title='bbox 1982 1909 2077 1962; x_wconf 91' lang='lat' dir='ltr'><strong>per</strong></span> <span class='ocrx_word' id='word_1_685' title='bbox 2109 1896 2369 1963; x_wconf 89' lang='lat' dir='ltr'><strong>Spiritum</strong></span> <span class='ocrx_word' id='word_1_686' title='bbox 2396 1908 2642 1951; x_wconf 84' lang='lat' dir='ltr'><strong>sanctum</strong></span> <span class='ocrx_word' id='word_1_687' title='bbox 2674 1913 2811 1967; x_wconf 86' lang='lat' dir='ltr'><strong>quos</strong></span> <span class='ocrx_word' id='word_1_688' title='bbox 2843 1900 3023 1969; x_wconf 84' lang='lat' dir='ltr'><strong>elegit,</strong></span> <span class='ocrx_word' id='word_1_689' title='bbox 3055 1911 3363 1971; x_wconf 84' lang='lat' dir='ltr'><strong>assumptus</strong></span> <span class='ocrx_word' id='word_1_690' title='bbox 3394 1913 3497 1957; x_wconf 89' lang='lat' dir='ltr'><strong>est.</strong></span> <span class='ocrx_word' id='word_1_691' title='bbox 3526 1921 3547 1952; x_wconf 71' lang='grc' dir='ltr'><strong>ι</strong></span> 
     </span>
    </p>
   </div>
   <div class='ocr_carea' id='block_1_84' title="bbox 1983 1982 3556 2063">
    <p class='ocr_par' dir='ltr' id='par_1_84' title="bbox 1983 1982 3556 2063">
     <span class='ocr_line' id='line_1_84' title="bbox 1983 1982 3556 2063; baseline 0.007 -26"><span class='ocrx_word' id='word_1_692' title='bbox 1983 1982 2125 2038; x_wconf 83' lang='lat' dir='ltr'><strong>Voce</strong></span> <span class='ocrx_word' id='word_1_693' title='bbox 2161 1995 2337 2040; x_wconf 84' lang='lat' dir='ltr'><strong>autem</strong></span> <span class='ocrx_word' id='word_1_694' title='bbox 2390 1988 2497 2053; x_wconf 88' lang='lat' dir='ltr'><strong>illa,</strong></span> <span class='ocrx_word' id='word_1_695' title='bbox 2548 1991 2854 2063; x_wconf 72' lang='lat' dir='ltr'><strong>«primum,</strong></span> <span class='ocrx_word' id='word_1_696' title='bbox 2886 2010 2903 2040; x_wconf 73' lang='grc' dir='ltr'><strong>ι</strong></span> <span class='ocrx_word' id='word_1_697' title='bbox 2958 1993 3267 2061; x_wconf 77' lang='lat' dir='ltr'><strong>designatur</strong></span> <span class='ocrx_word' id='word_1_698' title='bbox 3310 1994 3556 2063; x_wconf 68' lang='lat' dir='ltr'><strong>Evange-</strong></span> 
     </span>
    </p>
   </div>
   <div class='ocr_carea' id='block_1_85' title="bbox 1981 2058 3553 2150">
    <p class='ocr_par' dir='ltr' id='par_1_85' title="bbox 1981 2058 3553 2150">
     <span class='ocr_line' id='line_1_85' title="bbox 1981 2058 3553 2150; baseline 0.008 -25"><span class='ocrx_word' id='word_1_699' title='bbox 1981 2072 2109 2125; x_wconf 91' lang='lat' dir='ltr'><strong>lium</strong></span> <span class='ocrx_word' id='word_1_700' title='bbox 2140 2076 2431 2129; x_wconf 88' lang='lat' dir='ltr'><strong>secundum</strong></span> <span class='ocrx_word' id='word_1_701' title='bbox 2465 2058 2702 2143; x_wconf 85' lang='lat' dir='ltr'><strong>Lucam;</strong></span> <span class='ocrx_word' id='word_1_702' title='bbox 2737 2096 2858 2131; x_wconf 87' lang='lat' dir='ltr'><strong>nam</strong></span> <span class='ocrx_word' id='word_1_703' title='bbox 2890 2081 3021 2133; x_wconf 85' lang='lat' dir='ltr'><strong>Acta</strong></span> <span class='ocrx_word' id='word_1_704' title='bbox 3049 2083 3208 2135; x_wconf 90' lang='lat' dir='ltr'><strong>etiam</strong></span> <span class='ocrx_word' id='word_1_705' title='bbox 3256 2086 3553 2150; x_wconf 59' lang='lat' dir='ltr'><strong>apostolit-a</strong></span> 
     </span>
    </p>
   </div>
   <div class='ocr_carea' id='block_1_86' title="bbox 1982 2160 3552 2243">
    <p class='ocr_par' dir='ltr' id='par_1_86' title="bbox 1982 2160 3552 2243">
     <span class='ocr_line' id='line_1_86' title="bbox 1982 2160 3552 2243; baseline 0.007 -28"><span class='ocrx_word' id='word_1_706' title='bbox 1982 2160 2155 2218; x_wconf 90' lang='lat' dir='ltr'><strong>Lucas</strong></span> <span class='ocrx_word' id='word_1_707' title='bbox 2190 2165 2304 2234; x_wconf 90' lang='lat' dir='ltr'><strong>ipse</strong></span> <span class='ocrx_word' id='word_1_708' title='bbox 2338 2170 2681 2235; x_wconf 79' lang='lat' dir='ltr'><strong>conscripsit.</strong></span> <span class='ocrx_word' id='word_1_709' title='bbox 2712 2170 2862 2236; x_wconf 87' lang='lat' dir='ltr'><strong>Quod</strong></span> <span class='ocrx_word' id='word_1_710' title='bbox 2913 2186 3042 2225; x_wconf 89' lang='lat' dir='ltr'><strong>vero</strong></span> <span class='ocrx_word' id='word_1_711' title='bbox 3116 2173 3268 2238; x_wconf 85' lang='lat' dir='ltr'><strong>illud,</strong></span> <span class='ocrx_word' id='word_1_712' title='bbox 3322 2175 3373 2226; x_wconf 91' lang='lat' dir='ltr'><strong>in</strong></span> <span class='ocrx_word' id='word_1_713' title='bbox 3422 2191 3552 2243; x_wconf 84' lang='lat' dir='ltr'><strong>quo,</strong></span> 
     </span>
    </p>
   </div>
   <div class='ocr_carea' id='block_1_87' title="bbox 1982 2257 3552 2335">
    <p class='ocr_par' dir='ltr' id='par_1_87' title="bbox 1982 2257 3552 2335">
     <span class='ocr_line' id='line_1_87' title="bbox 1982 2257 3552 2335; baseline 0.006 -27"><span class='ocrx_word' id='word_1_714' title='bbox 1982 2257 2239 2318; x_wconf 91' lang='lat' dir='ltr'><strong>scriptum</strong></span> <span class='ocrx_word' id='word_1_715' title='bbox 2284 2257 2447 2313; x_wconf 83' lang='lat' dir='ltr'><strong>fuerit</strong></span> <span class='ocrx_word' id='word_1_716' title='bbox 2493 2276 2613 2313; x_wconf 86' lang='lat' dir='ltr'><strong>cum</strong></span> <span class='ocrx_word' id='word_1_717' title='bbox 2665 2264 2728 2315; x_wconf 90' lang='lat' dir='ltr'><strong>de</strong></span> <span class='ocrx_word' id='word_1_718' title='bbox 2775 2260 2955 2326; x_wconf 86' lang='lat' dir='ltr'><strong>Patre,</strong></span> <span class='ocrx_word' id='word_1_719' title='bbox 3006 2273 3113 2316; x_wconf 90' lang='lat' dir='ltr'><strong>tum</strong></span> <span class='ocrx_word' id='word_1_720' title='bbox 3156 2266 3223 2318; x_wconf 86' lang='lat' dir='ltr'><strong>de</strong></span> <span class='ocrx_word' id='word_1_721' title='bbox 3266 2264 3552 2335; x_wconf 79' lang='lat' dir='ltr'><strong>Unigeuitu</strong></span> 
     </span>
    </p>
   </div>
   <div class='ocr_carea' id='block_1_88' title="bbox 1982 2347 3555 2419">
    <p class='ocr_par' dir='ltr' id='par_1_88' title="bbox 1982 2347 3555 2419">
     <span class='ocr_line' id='line_1_88' title="bbox 1982 2347 3555 2419; baseline 0.006 -18"><span class='ocrx_word' id='word_1_722' title='bbox 1982 2347 2149 2417; x_wconf 86' lang='lat' dir='ltr'><strong>ipsius</strong></span> <span class='ocrx_word' id='word_1_723' title='bbox 2181 2348 2342 2412; x_wconf 83' lang='lat' dir='ltr'><strong>Filio,</strong></span> <span class='ocrx_word' id='word_1_724' title='bbox 2381 2366 2445 2403; x_wconf 84' lang='lat' dir='ltr'><strong>ex</strong></span> <span class='ocrx_word' id='word_1_725' title='bbox 2471 2351 2553 2405; x_wconf 90' lang='lat' dir='ltr'><strong>his</strong></span> <span class='ocrx_word' id='word_1_726' title='bbox 2586 2362 2751 2419; x_wconf 90' lang='lat' dir='ltr'><strong>patet.</strong></span> <span class='ocrx_word' id='word_1_727' title='bbox 2791 2352 2864 2405; x_wconf 87' lang='lat' dir='ltr'><strong>Dc</strong></span> <span class='ocrx_word' id='word_1_728' title='bbox 2903 2353 3062 2406; x_wconf 81' lang='lat' dir='ltr'><strong>l’atre</strong></span> <span class='ocrx_word' id='word_1_729' title='bbox 3101 2356 3175 2407; x_wconf 83' lang='lat' dir='ltr'><strong>ait</strong></span> <span class='ocrx_word' id='word_1_730' title='bbox 3207 2355 3341 2410; x_wconf 83' lang='lat' dir='ltr'><strong>Osee</strong></span> <span class='ocrx_word' id='word_1_731' title='bbox 3383 2375 3398 2411; x_wconf 87' lang='lat'><strong>:</strong></span> <span class='ocrx_word' id='word_1_732' title='bbox 3434 2377 3452 2409; x_wconf 74' lang='grc' dir='ltr'><strong>ι</strong></span> <span class='ocrx_word' id='word_1_733' title='bbox 3489 2358 3555 2411; x_wconf 77' lang='lat' dir='ltr'><strong>Et</strong></span> 
     </span>
    </p>
   </div>
   <div class='ocr_carea' id='block_1_89' title="bbox 1982 2440 3554 2518">
    <p class='ocr_par' dir='ltr' id='par_1_89' title="bbox 1982 2440 3554 2518">
     <span class='ocr_line' id='line_1_89' title="bbox 1982 2440 3554 2518; baseline 0.007 -24"><span class='ocrx_word' id='word_1_734' title='bbox 1982 2441 2115 2494; x_wconf 82' lang='lat' dir='ltr'><strong>dixit</strong></span> <span class='ocrx_word' id='word_1_735' title='bbox 2142 2441 2254 2508; x_wconf 87' lang='grc'>(58)</span> <span class='ocrx_word' id='word_1_736' title='bbox 2284 2442 2331 2495; x_wconf 88' lang='lat' dir='ltr'><strong>ei</strong></span> <span class='ocrx_word' id='word_1_737' title='bbox 2366 2440 2505 2496; x_wconf 91' lang='lat' dir='ltr'><strong>Deus</strong></span> <span class='ocrx_word' id='word_1_738' title='bbox 2537 2461 2550 2496; x_wconf 92' lang='lat'><strong>:</strong></span> <span class='ocrx_word' id='word_1_739' title='bbox 2584 2443 2724 2497; x_wconf 80' lang='lat' dir='ltr'><strong>Voca</strong></span> <span class='ocrx_word' id='word_1_740' title='bbox 2764 2462 2957 2499; x_wconf 89' lang='lat' dir='ltr'><strong>nomen</strong></span> <span class='ocrx_word' id='word_1_741' title='bbox 2988 2446 3106 2515; x_wconf 78' lang='lat' dir='ltr'><strong>ejus</strong></span> <span class='ocrx_word' id='word_1_742' title='bbox 3150 2448 3261 2517; x_wconf 78' lang='lat'><strong>(39)</strong></span> <span class='ocrx_word' id='word_1_743' title='bbox 3292 2466 3305 2500; x_wconf 92' lang='lat'><strong>:</strong></span> <span class='ocrx_word' id='word_1_744' title='bbox 3338 2452 3554 2518; x_wconf 78' lang='lat' dir='ltr'><strong>Absque</strong></span> 
     </span>
    </p>
   </div>
   <div class='ocr_carea' id='block_1_90' title="bbox 1981 2530 3554 2602">
    <p class='ocr_par' dir='ltr' id='par_1_90' title="bbox 1981 2530 3554 2602">
     <span class='ocr_line' id='line_1_90' title="bbox 1981 2530 3554 2602; baseline 0.003 -17"><span class='ocrx_word' id='word_1_745' title='bbox 1981 2530 2391 2597; x_wconf 87' lang='lat' dir='ltr'><strong>misericordia;</strong></span> <span class='ocrx_word' id='word_1_746' title='bbox 2430 2535 2554 2602; x_wconf 91' lang='lat' dir='ltr'><strong>quia</strong></span> <span class='ocrx_word' id='word_1_747' title='bbox 2605 2552 2706 2587; x_wconf 85' lang='lat' dir='ltr'><strong>non</strong></span> <span class='ocrx_word' id='word_1_748' title='bbox 2751 2538 2940 2589; x_wconf 84' lang='lat' dir='ltr'><strong>addam</strong></span> <span class='ocrx_word' id='word_1_749' title='bbox 2976 2538 3112 2589; x_wconf 82' lang='lat' dir='ltr'><strong>ultra</strong></span> <span class='ocrx_word' id='word_1_750' title='bbox 3164 2539 3407 2591; x_wconf 77' lang='lat' dir='ltr'><strong>misereri</strong></span> <span class='ocrx_word' id='word_1_751' title='bbox 3456 2546 3554 2592; x_wconf 80' lang='lat' dir='ltr'><strong>du-</strong></span> 
     </span>
    </p>
   </div>
   <div class='ocr_carea' id='block_1_91' title="bbox 1982 2622 3553 2692">
    <p class='ocr_par' dir='ltr' id='par_1_91' title="bbox 1982 2622 3553 2692">
     <span class='ocr_line' id='line_1_91' title="bbox 1982 2622 3553 2692; baseline 0.007 -15"><span class='ocrx_word' id='word_1_752' title='bbox 1982 2639 2105 2678; x_wconf 90' lang='lat' dir='ltr'><strong>mus</strong></span> <span class='ocrx_word' id='word_1_753' title='bbox 2132 2622 2319 2692; x_wconf 85' lang='lat' dir='ltr'><strong>Israel,</strong></span> <span class='ocrx_word' id='word_1_754' title='bbox 2344 2626 2438 2680; x_wconf 87' lang='lat' dir='ltr'><strong>sed</strong></span> <span class='ocrx_word' id='word_1_755' title='bbox 2467 2629 2762 2682; x_wconf 68' lang='lat' dir='ltr'><strong>advers-aus</strong></span> <span class='ocrx_word' id='word_1_756' title='bbox 2795 2631 3124 2684; x_wconf 80' lang='lat' dir='ltr'><strong>adversabor</strong></span> <span class='ocrx_word' id='word_1_757' title='bbox 3165 2634 3243 2685; x_wconf 91' lang='lat' dir='ltr'><strong>eis</strong></span> <span class='ocrx_word' id='word_1_758' title='bbox 3269 2650 3281 2685; x_wconf 92' lang='lat'><strong>:</strong></span> <span class='ocrx_word' id='word_1_759' title='bbox 3318 2634 3553 2688; x_wconf 83' lang='lat' dir='ltr'><strong>lilimunt</strong></span> 
     </span>
    </p>
   </div>
   <div class='ocr_carea' id='block_1_92' title="bbox 1980 2716 3555 2783">
    <p class='ocr_par' dir='ltr' id='par_1_92' title="bbox 1980 2716 3555 2783">
     <span class='ocr_line' id='line_1_92' title="bbox 1980 2716 3555 2783; baseline 0.007 -15"><span class='ocrx_word' id='word_1_760' title='bbox 1980 2724 2157 2771; x_wconf 89' lang='lat' dir='ltr'><strong>autem</strong></span> <span class='ocrx_word' id='word_1_761' title='bbox 2191 2716 2325 2771; x_wconf 84' lang='lat' dir='ltr'><strong>.luda</strong></span> <span class='ocrx_word' id='word_1_762' title='bbox 2376 2719 2697 2783; x_wconf 84' lang='lat' dir='ltr'><strong>miserebor,</strong></span> <span class='ocrx_word' id='word_1_763' title='bbox 2744 2729 2796 2772; x_wconf 93' lang='lat' dir='ltr'><strong>et</strong></span> <span class='ocrx_word' id='word_1_764' title='bbox 2843 2722 3065 2776; x_wconf 81' lang='lat' dir='ltr'><strong>salvabo</strong></span> <span class='ocrx_word' id='word_1_765' title='bbox 3096 2738 3189 2776; x_wconf 87' lang='lat' dir='ltr'><strong>eos</strong></span> <span class='ocrx_word' id='word_1_766' title='bbox 3226 2725 3276 2776; x_wconf 92' lang='lat' dir='ltr'><strong>in</strong></span> <span class='ocrx_word' id='word_1_767' title='bbox 3326 2722 3555 2779; x_wconf 90' lang='lat' dir='ltr'><strong>Domino</strong></span> 
     </span>
    </p>
   </div>
   <div class='ocr_carea' id='block_1_93' title="bbox 1980 2804 3555 2873">
    <p class='ocr_par' dir='ltr' id='par_1_93' title="bbox 1980 2804 3555 2873">
     <span class='ocr_line' id='line_1_93' title="bbox 1980 2804 3555 2873; baseline 0.006 -16"><span class='ocrx_word' id='word_1_768' title='bbox 1980 2804 2090 2859; x_wconf 86' lang='lat' dir='ltr'><strong>Deo</strong></span> <span class='ocrx_word' id='word_1_769' title='bbox 2159 2807 2415 2873; x_wconf 90' lang='lat' dir='ltr'><strong>ipsorum.</strong></span> <span class='ocrx_word' id='word_1_770' title='bbox 2458 2827 2476 2859; x_wconf 73' lang='grc' dir='ltr'><strong>ι</strong></span> <span class='ocrx_word' id='word_1_771' title='bbox 2533 2806 2589 2861; x_wconf 92' lang='lat' dir='ltr'><strong>ln</strong></span> <span class='ocrx_word' id='word_1_772' title='bbox 2650 2809 2862 2864; x_wconf 86' lang='lat' dir='ltr'><strong>cantico</strong></span> <span class='ocrx_word' id='word_1_773' title='bbox 2924 2813 3093 2866; x_wconf 72' lang='lat' dir='ltr'><strong>Anna:</strong></span> <span class='ocrx_word' id='word_1_774' title='bbox 3140 2831 3152 2865; x_wconf 90' lang='lat'><strong>:</strong></span> <span class='ocrx_word' id='word_1_775' title='bbox 3198 2832 3217 2863; x_wconf 77' lang='grc' dir='ltr'><strong>ι</strong></span> <span class='ocrx_word' id='word_1_776' title='bbox 3249 2813 3555 2869; x_wconf 82' lang='lat' dir='ltr'><strong>Continua-</strong></span> 
     </span>
    </p>
   </div>
   <div class='ocr_carea' id='block_1_94' title="bbox 1979 2893 3555 2965">
    <p class='ocr_par' dir='ltr' id='par_1_94' title="bbox 1979 2893 3555 2965">
     <span class='ocr_line' id='line_1_94' title="bbox 1979 2893 3555 2965; baseline 0.008 -18"><span class='ocrx_word' id='word_1_777' title='bbox 1979 2902 2092 2947; x_wconf 90' lang='lat' dir='ltr'><strong>tum</strong></span> <span class='ocrx_word' id='word_1_778' title='bbox 2122 2893 2233 2965; x_wconf 60' lang='grc'>(40)</span> <span class='ocrx_word' id='word_1_779' title='bbox 2279 2905 2361 2949; x_wconf 86' lang='lat' dir='ltr'><strong>est</strong></span> <span class='ocrx_word' id='word_1_780' title='bbox 2397 2911 2492 2949; x_wconf 89' lang='lat' dir='ltr'><strong>cor</strong></span> <span class='ocrx_word' id='word_1_781' title='bbox 2527 2913 2701 2951; x_wconf 91' lang='lat' dir='ltr'><strong>meum</strong></span> <span class='ocrx_word' id='word_1_782' title='bbox 2748 2900 2797 2951; x_wconf 94' lang='lat' dir='ltr'><strong>in</strong></span> <span class='ocrx_word' id='word_1_783' title='bbox 2848 2898 3093 2964; x_wconf 90' lang='lat' dir='ltr'><strong>Domino,</strong></span> <span class='ocrx_word' id='word_1_784' title='bbox 3125 2903 3419 2958; x_wconf 77' lang='lat' dir='ltr'><strong>exaltatum</strong></span> <span class='ocrx_word' id='word_1_785' title='bbox 3468 2916 3555 2960; x_wconf 87' lang='lat' dir='ltr'><strong>est.</strong></span> 
     </span>
    </p>
   </div>
   <div class='ocr_carea' id='block_1_95' title="bbox 1980 2988 3551 3061">
    <p class='ocr_par' dir='ltr' id='par_1_95' title="bbox 1980 2988 3551 3061">
     <span class='ocr_line' id='line_1_95' title="bbox 1980 2988 3551 3061; baseline 0.008 -22"><span class='ocrx_word' id='word_1_786' title='bbox 1980 3000 2148 3039; x_wconf 91' lang='lat' dir='ltr'><strong>cornu</strong></span> <span class='ocrx_word' id='word_1_787' title='bbox 2192 3002 2366 3039; x_wconf 90' lang='lat' dir='ltr'><strong>meum</strong></span> <span class='ocrx_word' id='word_1_788' title='bbox 2407 2988 2460 3041; x_wconf 90' lang='lat' dir='ltr'><strong>in</strong></span> <span class='ocrx_word' id='word_1_789' title='bbox 2499 2988 2605 3043; x_wconf 89' lang='lat' dir='ltr'><strong>Deo</strong></span> <span class='ocrx_word' id='word_1_790' title='bbox 2654 3005 2793 3044; x_wconf 91' lang='lat' dir='ltr'><strong>meo.</strong></span> <span class='ocrx_word' id='word_1_791' title='bbox 2830 3009 2847 3040; x_wconf 74' lang='grc' dir='ltr'><strong>ι</strong></span> <span class='ocrx_word' id='word_1_792' title='bbox 2884 2990 3047 3044; x_wconf 85' lang='lat' dir='ltr'><strong>David</strong></span> <span class='ocrx_word' id='word_1_793' title='bbox 3083 2994 3134 3046; x_wconf 87' lang='lat' dir='ltr'><strong>itt</strong></span> <span class='ocrx_word' id='word_1_794' title='bbox 3165 2994 3369 3061; x_wconf 84' lang='lat' dir='ltr'><strong>psalmo</strong></span> <span class='ocrx_word' id='word_1_795' title='bbox 3393 3012 3499 3051; x_wconf 88' lang='lat' dir='ltr'><strong>cvu</strong></span> <span class='ocrx_word' id='word_1_796' title='bbox 3533 3015 3551 3052; x_wconf 86' lang='lat'><strong>:</strong></span> 
     </span>
    </p>
   </div>
   <div class='ocr_carea' id='block_1_96' title="bbox 1988 3075 3552 3151">
    <p class='ocr_par' dir='ltr' id='par_1_96' title="bbox 1988 3075 3552 3151">
     <span class='ocr_line' id='line_1_96' title="bbox 1988 3075 3552 3151; baseline 0.01 -24"><span class='ocrx_word' id='word_1_797' title='bbox 1988 3095 2006 3126; x_wconf 81' lang='grc' dir='ltr'><strong>ι</strong></span> <span class='ocrx_word' id='word_1_798' title='bbox 2039 3075 2103 3129; x_wconf 84' lang='grc' dir='ltr'>Ει</span> <span class='ocrx_word' id='word_1_799' title='bbox 2132 3075 2294 3147; x_wconf 62' lang='grc' dir='ltr'><strong>ἀιδ</strong></span> <span class='ocrx_word' id='word_1_800' title='bbox 2322 3092 2423 3131; x_wconf 91' lang='lat' dir='ltr'><strong>non</strong></span> <span class='ocrx_word' id='word_1_801' title='bbox 2457 3078 2567 3150; x_wconf 75' lang='grc' dir='ltr'>(Η)</span> <span class='ocrx_word' id='word_1_802' title='bbox 2617 3081 2931 3151; x_wconf 82' lang='lat' dir='ltr'><strong>egredieris,</strong></span> <span class='ocrx_word' id='word_1_803' title='bbox 2966 3085 3126 3147; x_wconf 90' lang='lat' dir='ltr'><strong>Deus,</strong></span> <span class='ocrx_word' id='word_1_804' title='bbox 3174 3086 3225 3137; x_wconf 92' lang='lat' dir='ltr'><strong>iu</strong></span> <span class='ocrx_word' id='word_1_805' title='bbox 3266 3088 3552 3143; x_wconf 88' lang='lat' dir='ltr'><strong>virtutibus</strong></span> 
     </span>
    </p>
   </div>
   <div class='ocr_carea' id='block_1_97' title="bbox 1980 3170 3550 3241">
    <p class='ocr_par' dir='ltr' id='par_1_97' title="bbox 1980 3170 3550 3241">
     <span class='ocr_line' id='line_1_97' title="bbox 1980 3170 3550 3241; baseline 0.007 -19"><span class='ocrx_word' id='word_1_806' title='bbox 1980 3171 2219 3222; x_wconf 79' lang='lat' dir='ltr'><strong>nastris?</strong></span> <span class='ocrx_word' id='word_1_807' title='bbox 2242 3170 2313 3222; x_wconf 89' lang='lat' dir='ltr'><strong>Da</strong></span> <span class='ocrx_word' id='word_1_808' title='bbox 2338 3170 2491 3225; x_wconf 88' lang='lat' dir='ltr'><strong>nobis</strong></span> <span class='ocrx_word' id='word_1_809' title='bbox 2538 3172 2791 3224; x_wconf 81' lang='lat' dir='ltr'><strong>auxilium</strong></span> <span class='ocrx_word' id='word_1_810' title='bbox 2834 3188 2895 3225; x_wconf 79' lang='lat' dir='ltr'><strong>ex</strong></span> <span class='ocrx_word' id='word_1_811' title='bbox 2934 3175 3297 3241; x_wconf 85' lang='lat' dir='ltr'><strong>tribulatione,</strong></span> <span class='ocrx_word' id='word_1_812' title='bbox 3328 3190 3380 3232; x_wconf 90' lang='lat' dir='ltr'><strong>et</strong></span> <span class='ocrx_word' id='word_1_813' title='bbox 3415 3194 3550 3235; x_wconf 88' lang='lat' dir='ltr'><strong>vana</strong></span> 
     </span>
    </p>
   </div>
   <div class='ocr_carea' id='block_1_98' title="bbox 1977 3259 3550 3338">
    <p class='ocr_par' dir='ltr' id='par_1_98' title="bbox 1977 3259 3550 3338">
     <span class='ocr_line' id='line_1_98' title="bbox 1977 3259 3550 3338; baseline 0.007 -24"><span class='ocrx_word' id='word_1_814' title='bbox 1977 3259 2123 3315; x_wconf 87' lang='lat' dir='ltr'><strong>salus</strong></span> <span class='ocrx_word' id='word_1_815' title='bbox 2154 3262 2405 3316; x_wconf 90' lang='lat' dir='ltr'><strong>hominis.</strong></span> <span class='ocrx_word' id='word_1_816' title='bbox 2440 3259 2497 3314; x_wconf 91' lang='lat' dir='ltr'><strong>ln</strong></span> <span class='ocrx_word' id='word_1_817' title='bbox 2531 3262 2638 3315; x_wconf 84' lang='lat' dir='ltr'><strong>Deo</strong></span> <span class='ocrx_word' id='word_1_818' title='bbox 2669 3263 2930 3318; x_wconf 85' lang='lat' dir='ltr'><strong>laciamus</strong></span> <span class='ocrx_word' id='word_1_819' title='bbox 2962 3266 3238 3333; x_wconf 87' lang='lat' dir='ltr'><strong>virtutem,</strong></span> <span class='ocrx_word' id='word_1_820' title='bbox 3270 3279 3323 3321; x_wconf 91' lang='lat' dir='ltr'><strong>et</strong></span> <span class='ocrx_word' id='word_1_821' title='bbox 3349 3270 3460 3338; x_wconf 90' lang='lat' dir='ltr'><strong>ipse</strong></span> <span class='ocrx_word' id='word_1_822' title='bbox 3482 3272 3550 3325; x_wconf 89' lang='lat' dir='ltr'><strong>ad</strong></span> 
     </span>
    </p>
   </div>
   <div class='ocr_carea' id='block_1_99' title="bbox 1979 3351 3546 3427">
    <p class='ocr_par' dir='ltr' id='par_1_99' title="bbox 1979 3351 3546 3427">
     <span class='ocr_line' id='line_1_99' title="bbox 1979 3351 3546 3427; baseline 0.008 -23"><span class='ocrx_word' id='word_1_823' title='bbox 1979 3351 2205 3404; x_wconf 90' lang='lat' dir='ltr'><strong>nihilum</strong></span> <span class='ocrx_word' id='word_1_824' title='bbox 2253 3353 2458 3419; x_wconf 78' lang='lat' dir='ltr'><strong>rediget</strong></span> <span class='ocrx_word' id='word_1_825' title='bbox 2491 3353 2810 3408; x_wconf 87' lang='lat' dir='ltr'><strong>tribulantes</strong></span> <span class='ocrx_word' id='word_1_826' title='bbox 2847 3371 2942 3410; x_wconf 91' lang='lat' dir='ltr'><strong>nos</strong></span> <span class='ocrx_word' id='word_1_827' title='bbox 2970 3356 3119 3427; x_wconf 66' lang='lat'><strong>(42);</strong></span> <span class='ocrx_word' id='word_1_828' title='bbox 3153 3378 3171 3408; x_wconf 84' lang='grc'><strong>›</strong></span> <span class='ocrx_word' id='word_1_829' title='bbox 3225 3369 3279 3413; x_wconf 93' lang='lat' dir='ltr'><strong>et</strong></span> <span class='ocrx_word' id='word_1_830' title='bbox 3314 3377 3499 3416; x_wconf 80' lang='lat' dir='ltr'><strong>rursus</strong></span> <span class='ocrx_word' id='word_1_831' title='bbox 3530 3380 3546 3417; x_wconf 91' lang='lat'><strong>:</strong></span> 
     </span>
    </p>
   </div>
   <div class='ocr_carea' id='block_1_100' title="bbox 1983 3446 3546 3517">
    <p class='ocr_par' dir='ltr' id='par_1_100' title="bbox 1983 3446 3546 3517">
     <span class='ocr_line' id='line_1_100' title="bbox 1983 3446 3546 3517; baseline 0.009 -19"><span class='ocrx_word' id='word_1_832' title='bbox 1983 3464 2003 3497; x_wconf 77' lang='grc' dir='ltr'><strong>ι</strong></span> <span class='ocrx_word' id='word_1_833' title='bbox 2033 3446 2089 3500; x_wconf 87' lang='grc' dir='ltr'>1η</span> <span class='ocrx_word' id='word_1_834' title='bbox 2141 3447 2250 3501; x_wconf 90' lang='lat' dir='ltr'><strong>Deo</strong></span> <span class='ocrx_word' id='word_1_835' title='bbox 2294 3447 2407 3516; x_wconf 76' lang='grc'>(45)</span> <span class='ocrx_word' id='word_1_836' title='bbox 2463 3448 2830 3517; x_wconf 85' lang='lat' dir='ltr'><strong>transgrediar</strong></span> <span class='ocrx_word' id='word_1_837' title='bbox 2876 3466 3119 3515; x_wconf 91' lang='lat' dir='ltr'><strong>murum;</strong></span> <span class='ocrx_word' id='word_1_838' title='bbox 3163 3470 3181 3504; x_wconf 72' lang='grc' dir='ltr'><strong>ι</strong></span> <span class='ocrx_word' id='word_1_839' title='bbox 3227 3461 3281 3507; x_wconf 87' lang='lat' dir='ltr'><strong>et</strong></span> <span class='ocrx_word' id='word_1_840' title='bbox 3318 3470 3546 3512; x_wconf 87' lang='lat' dir='ltr'><strong>rursus;</strong></span> 
     </span>
    </p>
   </div>
   <div class='ocr_carea' id='block_1_101' title="bbox 1980 3535 3547 3609">
    <p class='ocr_par' dir='ltr' id='par_1_101' title="bbox 1980 3535 3547 3609">
     <span class='ocr_line' id='line_1_101' title="bbox 1980 3535 3547 3609; baseline 0.008 -18"><span class='ocrx_word' id='word_1_841' title='bbox 1980 3555 2000 3590; x_wconf 69' lang='grc' dir='ltr'><strong>ι</strong></span> <span class='ocrx_word' id='word_1_842' title='bbox 2028 3535 2085 3592; x_wconf 93' lang='lat' dir='ltr'><strong>lu</strong></span> <span class='ocrx_word' id='word_1_843' title='bbox 2120 3537 2229 3592; x_wconf 84' lang='lat' dir='ltr'><strong>Deo</strong></span> <span class='ocrx_word' id='word_1_844' title='bbox 2253 3538 2363 3609; x_wconf 67' lang='grc'>(44)</span> <span class='ocrx_word' id='word_1_845' title='bbox 2390 3539 2622 3593; x_wconf 76' lang='lat' dir='ltr'><strong>laudabo</strong></span> <span class='ocrx_word' id='word_1_846' title='bbox 2665 3553 2945 3594; x_wconf 84' lang='lat' dir='ltr'><strong>sermones</strong></span> <span class='ocrx_word' id='word_1_847' title='bbox 2982 3558 3147 3596; x_wconf 87' lang='lat' dir='ltr'><strong>meos.</strong></span> <span class='ocrx_word' id='word_1_848' title='bbox 3189 3561 3206 3595; x_wconf 70' lang='grc' dir='ltr'><strong>ι</strong></span> <span class='ocrx_word' id='word_1_849' title='bbox 3253 3543 3451 3602; x_wconf 78' lang='lat' dir='ltr'><strong>Paulus</strong></span> <span class='ocrx_word' id='word_1_850' title='bbox 3478 3549 3547 3603; x_wconf 84' lang='lat' dir='ltr'><strong>ad</strong></span> 
     </span>
    </p>
   </div>
   <div class='ocr_carea' id='block_1_102' title="bbox 1972 3628 3548 3705">
    <p class='ocr_par' dir='ltr' id='par_1_102' title="bbox 1972 3628 3548 3705">
     <span class='ocr_line' id='line_1_102' title="bbox 1972 3628 3548 3705; baseline 0.004 -20"><span class='ocrx_word' id='word_1_851' title='bbox 1972 3628 2363 3685; x_wconf 87' lang='lat' dir='ltr'><strong>Colosseuses:</strong></span> <span class='ocrx_word' id='word_1_852' title='bbox 2399 3649 2416 3681; x_wconf 83' lang='grc' dir='ltr'><strong>ι</strong></span> <span class='ocrx_word' id='word_1_853' title='bbox 2454 3629 2667 3684; x_wconf 90' lang='lat' dir='ltr'><strong>Gratias</strong></span> <span class='ocrx_word' id='word_1_854' title='bbox 2699 3631 2811 3701; x_wconf 66' lang='lat'><strong>(45)</strong></span> <span class='ocrx_word' id='word_1_855' title='bbox 2857 3646 3080 3699; x_wconf 86' lang='lat' dir='ltr'><strong>agentes</strong></span> <span class='ocrx_word' id='word_1_856' title='bbox 3113 3633 3278 3696; x_wconf 87' lang='lat' dir='ltr'><strong>Patri,</strong></span> <span class='ocrx_word' id='word_1_857' title='bbox 3329 3638 3416 3705; x_wconf 91' lang='lat' dir='ltr'><strong>qui</strong></span> <span class='ocrx_word' id='word_1_858' title='bbox 3463 3639 3548 3691; x_wconf 87' lang='lat' dir='ltr'><strong>di-</strong></span> 
     </span>
    </p>
   </div>
   <div class='ocr_carea' id='block_1_103' title="bbox 1975 3719 3548 3793">
    <p class='ocr_par' dir='ltr' id='par_1_103' title="bbox 1975 3719 3548 3793">
     <span class='ocr_line' id='line_1_103' title="bbox 1975 3719 3548 3793; baseline 0.006 -18"><span class='ocrx_word' id='word_1_859' title='bbox 1975 3736 2110 3790; x_wconf 72' lang='lat' dir='ltr'><strong>gnos</strong></span> <span class='ocrx_word' id='word_1_860' title='bbox 2142 3736 2238 3776; x_wconf 87' lang='lat' dir='ltr'><strong>vos</strong></span> <span class='ocrx_word' id='word_1_861' title='bbox 2261 3720 2372 3793; x_wconf 75' lang='lat' dir='ltr'><strong>(Mi)</strong></span> <span class='ocrx_word' id='word_1_862' title='bbox 2409 3719 2535 3774; x_wconf 81' lang='lat' dir='ltr'><strong>fecit</strong></span> <span class='ocrx_word' id='word_1_863' title='bbox 2589 3721 2641 3774; x_wconf 93' lang='lat' dir='ltr'><strong>in</strong></span> <span class='ocrx_word' id='word_1_864' title='bbox 2686 3734 2892 3789; x_wconf 87' lang='lat' dir='ltr'><strong>partem</strong></span> <span class='ocrx_word' id='word_1_865' title='bbox 2936 3724 3097 3789; x_wconf 77' lang='lat' dir='ltr'><strong>sortis</strong></span> <span class='ocrx_word' id='word_1_866' title='bbox 3148 3736 3457 3782; x_wconf 85' lang='lat' dir='ltr'><strong>sanctorum</strong></span> <span class='ocrx_word' id='word_1_867' title='bbox 3494 3731 3548 3784; x_wconf 88' lang='lat' dir='ltr'><strong>itt</strong></span> 
     </span>
    </p>
   </div>
   <div class='ocr_carea' id='block_1_104' title="bbox 1974 3811 3547 3885">
    <p class='ocr_par' dir='ltr' id='par_1_104' title="bbox 1974 3811 3547 3885">
     <span class='ocr_line' id='line_1_104' title="bbox 1974 3811 3547 3885; baseline 0.005 -18"><span class='ocrx_word' id='word_1_868' title='bbox 1974 3812 2217 3868; x_wconf 90' lang='lat' dir='ltr'><strong>lumine:</strong></span> <span class='ocrx_word' id='word_1_869' title='bbox 2250 3812 2340 3867; x_wconf 77' lang='lat' dir='ltr'><strong>cui</strong></span> <span class='ocrx_word' id='word_1_870' title='bbox 2374 3811 2570 3880; x_wconf 88' lang='lat' dir='ltr'><strong>eripuit</strong></span> <span class='ocrx_word' id='word_1_871' title='bbox 2616 3826 2714 3866; x_wconf 87' lang='lat' dir='ltr'><strong>nos</strong></span> <span class='ocrx_word' id='word_1_872' title='bbox 2752 3827 2818 3866; x_wconf 82' lang='lat' dir='ltr'><strong>ex</strong></span> <span class='ocrx_word' id='word_1_873' title='bbox 2870 3823 3135 3882; x_wconf 83' lang='lat' dir='ltr'><strong>potestate</strong></span> <span class='ocrx_word' id='word_1_874' title='bbox 3184 3820 3547 3885; x_wconf 86' lang='lat' dir='ltr'><strong>tenebrarum,</strong></span> 
     </span>
    </p>
   </div>
   <div class='ocr_carea' id='block_1_105' title="bbox 2049 4053 2862 4123">
    <p class='ocr_par' dir='ltr' id='par_1_105' title="bbox 2049 4053 2862 4123">
     <span class='ocr_line' id='line_1_105' title="bbox 2049 4053 2862 4123; baseline 0.002 -17"><span class='ocrx_word' id='word_1_875' title='bbox 2049 4053 2160 4123; x_wconf 85' lang='grc'>(51)</span> <span class='ocrx_word' id='word_1_876' title='bbox 2202 4054 2423 4112; x_wconf 86' lang='lat' dir='ltr'><strong>Hortor.</strong></span> <span class='ocrx_word' id='word_1_877' title='bbox 2458 4055 2615 4110; x_wconf 92' lang='lat' dir='ltr'><strong>Rom.</strong></span> <span class='ocrx_word' id='word_1_878' title='bbox 2647 4071 2737 4121; x_wconf 84' lang='lat' dir='ltr'><strong>xv,</strong></span> <span class='ocrx_word' id='word_1_879' title='bbox 2772 4054 2862 4110; x_wconf 83' lang='grc'><strong>50.</strong></span> 
     </span>
    </p>
   </div>
   <div class='ocr_carea' id='block_1_106' title="bbox 2048 4124 3091 4193">
    <p class='ocr_par' dir='ltr' id='par_1_106' title="bbox 2048 4124 3091 4193">
     <span class='ocr_line' id='line_1_106' title="bbox 2048 4124 3091 4193; baseline 0.003 -16"><span class='ocrx_word' id='word_1_880' title='bbox 2048 4125 2161 4193; x_wconf 72' lang='lat'><strong>(5:!)</strong></span> <span class='ocrx_word' id='word_1_881' title='bbox 2202 4124 2305 4188; x_wconf 86' lang='lat' dir='ltr'><strong>Qui</strong></span> <span class='ocrx_word' id='word_1_882' title='bbox 2332 4127 2620 4179; x_wconf 75' lang='lat' dir='ltr'><strong>suscitavit.</strong></span> <span class='ocrx_word' id='word_1_883' title='bbox 2656 4127 2812 4180; x_wconf 89' lang='lat' dir='ltr'><strong>Rom.</strong></span> <span class='ocrx_word' id='word_1_884' title='bbox 2846 4140 2965 4189; x_wconf 87' lang='lat' dir='ltr'><strong>vm,</strong></span> <span class='ocrx_word' id='word_1_885' title='bbox 3007 4126 3091 4180; x_wconf 78' lang='lat' dir='ltr'><strong>ll.</strong></span> 
     </span>
    </p>
   </div>
   <div class='ocr_carea' id='block_1_107' title="bbox 2051 4195 3543 4267">
    <p class='ocr_par' dir='ltr' id='par_1_107' title="bbox 2051 4195 3543 4267">
     <span class='ocr_line' id='line_1_107' title="bbox 2051 4195 3543 4267; baseline 0.003 -20"><span class='ocrx_word' id='word_1_886' title='bbox 2051 4195 2162 4267; x_wconf 79' lang='grc'>(55)</span> <span class='ocrx_word' id='word_1_887' title='bbox 2204 4196 2526 4250; x_wconf 78' lang='lat' dir='ltr'><strong>Secundum.</strong></span> <span class='ocrx_word' id='word_1_888' title='bbox 2564 4195 2759 4267; x_wconf 86' lang='lat' dir='ltr'><strong>Ephes.</strong></span> <span class='ocrx_word' id='word_1_889' title='bbox 2799 4210 2879 4260; x_wconf 87' lang='lat' dir='ltr'><strong>tu,</strong></span> <span class='ocrx_word' id='word_1_890' title='bbox 2917 4196 3000 4249; x_wconf 82' lang='grc'><strong>16.</strong></span> <span class='ocrx_word' id='word_1_891' title='bbox 3035 4195 3338 4267; x_wconf 58' lang='grc' dir='ltr'>ιιὶιιτπῑιιπι</span> <span class='ocrx_word' id='word_1_892' title='bbox 3367 4197 3543 4267; x_wconf 87' lang='lat' dir='ltr'><strong>aliqua</strong></span> 
     </span>
    </p>
   </div>
   <div class='ocr_carea' id='block_1_108' title="bbox 1974 4265 3544 4335">
    <p class='ocr_par' dir='ltr' id='par_1_108' title="bbox 1974 4265 3544 4335">
     <span class='ocr_line' id='line_1_108' title="bbox 1974 4265 3544 4335; baseline 0.001 -18"><span class='ocrx_word' id='word_1_893' title='bbox 1974 4265 2225 4335; x_wconf 82' lang='lat' dir='ltr'><strong>omisisse</strong></span> <span class='ocrx_word' id='word_1_894' title='bbox 2273 4273 2422 4334; x_wconf 93' lang='lat' dir='ltr'><strong>puto,</strong></span> <span class='ocrx_word' id='word_1_895' title='bbox 2461 4269 2602 4333; x_wconf 91' lang='lat' dir='ltr'><strong>quod</strong></span> <span class='ocrx_word' id='word_1_896' title='bbox 2646 4265 2729 4335; x_wconf 85' lang='lat' dir='ltr'><strong>bis</strong></span> <span class='ocrx_word' id='word_1_897' title='bbox 2768 4275 3081 4319; x_wconf 87' lang='lat' dir='ltr'><strong>occurreret</strong></span> <span class='ocrx_word' id='word_1_898' title='bbox 3130 4266 3182 4318; x_wconf 93' lang='lat' dir='ltr'><strong>in</strong></span> <span class='ocrx_word' id='word_1_899' title='bbox 3232 4265 3544 4335; x_wconf 70' lang='lat' dir='ltr'><strong>apograpbn</strong></span> 
     </span>
    </p>
   </div>
   <div class='ocr_carea' id='block_1_109' title="bbox 1971 4333 3543 4475">
    <p class='ocr_par' dir='ltr' id='par_1_109' title="bbox 1971 4333 3543 4475">
     <span class='ocr_line' id='line_1_109' title="bbox 1971 4333 3543 4402; baseline 0.002 -17"><span class='ocrx_word' id='word_1_900' title='bbox 1971 4347 2099 4396; x_wconf 85' lang='lat' dir='ltr'><strong>vox,</strong></span> <span class='ocrx_word' id='word_1_901' title='bbox 2156 4333 2309 4402; x_wconf 84' lang='grc' dir='ltr'>ὑμῖν.</span> <span class='ocrx_word' id='word_1_902' title='bbox 2344 4335 2605 4389; x_wconf 79' lang='lat' dir='ltr'><strong>Nimirum</strong></span> <span class='ocrx_word' id='word_1_903' title='bbox 2652 4333 2786 4397; x_wconf 70' lang='grc' dir='ltr'>ιιοτο,</span> <span class='ocrx_word' id='word_1_904' title='bbox 2822 4336 2902 4387; x_wconf 87' lang='lat' dir='ltr'><strong>vel</strong></span> <span class='ocrx_word' id='word_1_905' title='bbox 2947 4335 3141 4388; x_wconf 87' lang='lat' dir='ltr'><strong>similia</strong></span> <span class='ocrx_word' id='word_1_906' title='bbox 3184 4333 3414 4389; x_wconf 72' lang='lat' dir='ltr'><strong>dictasse</strong></span> <span class='ocrx_word' id='word_1_907' title='bbox 3439 4333 3507 4388; x_wconf 63' lang='grc' dir='ltr'>’γι</span> <span class='ocrx_word' id='word_1_908' title='bbox 3526 4366 3543 4376; x_wconf 84' lang='lat'><strong>-</strong></span> 
     </span>
     <span class='ocr_line' id='line_1_110' title="bbox 1973 4402 3543 4475; baseline 0.001 -19"><span class='ocrx_word' id='word_1_909' title='bbox 1973 4402 2129 4475; x_wconf 85' lang='lat' dir='ltr'><strong>detur</strong></span> <span class='ocrx_word' id='word_1_910' title='bbox 2144 4403 2403 4475; x_wconf 64' lang='lat' dir='ltr'><strong>Didymus</strong></span> <span class='ocrx_word' id='word_1_911' title='bbox 2427 4422 2439 4458; x_wconf 92' lang='lat'><strong>:</strong></span> <span class='ocrx_word' id='word_1_912' title='bbox 2461 4406 2547 4456; x_wconf 81' lang='grc' dir='ltr'><strong>«ὲν</strong></span> <span class='ocrx_word' id='word_1_913' title='bbox 2562 4404 2692 4475; x_wconf 85' lang='grc' dir='ltr'>ὑμῖν</span> <span class='ocrx_word' id='word_1_914' title='bbox 2707 4422 2719 4434; x_wconf 88' lang='grc'><strong>·</strong></span> <span class='ocrx_word' id='word_1_915' title='bbox 2736 4423 2757 4457; x_wconf 72' lang='grc' dir='ltr'><strong>ι</strong></span> <span class='ocrx_word' id='word_1_916' title='bbox 2776 4404 2871 4456; x_wconf 78' lang='grc' dir='ltr'>καὶ</span> <span class='ocrx_word' id='word_1_917' title='bbox 2888 4405 3048 4458; x_wconf 86' lang='grc' dir='ltr'>πάλιν</span> <span class='ocrx_word' id='word_1_918' title='bbox 3067 4420 3081 4433; x_wconf 90' lang='grc'><strong>·</strong></span> <span class='ocrx_word' id='word_1_919' title='bbox 3108 4422 3127 4454; x_wconf 82' lang='grc' dir='ltr'><strong>ι</strong></span> <span class='ocrx_word' id='word_1_920' title='bbox 3156 4404 3270 4456; x_wconf 83' lang='grc' dir='ltr'>’Ἵνα</span> <span class='ocrx_word' id='word_1_921' title='bbox 3286 4402 3397 4475; x_wconf 77' lang='grc' dir='ltr'>δώῃ</span> <span class='ocrx_word' id='word_1_922' title='bbox 3416 4406 3543 4475; x_wconf 82' lang='grc' dir='ltr'>ὑμῖν</span> 
     </span>
    </p>
   </div>
   <div class='ocr_carea' id='block_1_110' title="bbox 2192 4420 3526 4477">
    <p class='ocr_par' dir='ltr' id='par_1_110' title="bbox 2192 4420 3526 4477">
     <span class='ocr_line' id='line_1_111' title="bbox 2192 4420 3526 4477; baseline 0.002 -23"><span class='ocrx_word' id='word_1_923' title='bbox 2192 4420 2403 4477; x_wconf 56' lang='lat' dir='ltr'><strong>mytilus</strong></span> <span class='ocrx_word' id='word_1_924' title='bbox 2427 4422 2439 4458; x_wconf 91' lang='lat'><strong>:</strong></span> <span class='ocrx_word' id='word_1_925' title='bbox 2461 4420 2547 4456; x_wconf 81' lang='grc' dir='ltr'>«εν</span> <span class='ocrx_word' id='word_1_926' title='bbox 2562 4420 2692 4475; x_wconf 84' lang='grc' dir='ltr'>υμιν</span> <span class='ocrx_word' id='word_1_927' title='bbox 2707 4422 2719 4434; x_wconf 88' lang='grc'><strong>·</strong></span> <span class='ocrx_word' id='word_1_928' title='bbox 2734 4423 2758 4477; x_wconf 56' lang='grc' dir='ltr'><strong>ι</strong></span> <span class='ocrx_word' id='word_1_929' title='bbox 2776 4420 2871 4456; x_wconf 90' lang='grc' dir='ltr'><strong>και</strong></span> <span class='ocrx_word' id='word_1_930' title='bbox 2888 4420 3048 4477; x_wconf 75' lang='grc' dir='ltr'>παλιν</span> <span class='ocrx_word' id='word_1_931' title='bbox 3067 4420 3081 4433; x_wconf 91' lang='grc'><strong>·</strong></span> <span class='ocrx_word' id='word_1_932' title='bbox 3108 4422 3127 4454; x_wconf 82' lang='grc' dir='ltr'><strong>ι</strong></span> <span class='ocrx_word' id='word_1_933' title='bbox 3158 4420 3270 4477; x_wconf 43' lang='grc' dir='ltr'>νἰνα</span> <span class='ocrx_word' id='word_1_934' title='bbox 3286 4420 3397 4477; x_wconf 82' lang='grc' dir='ltr'><strong>οῳῃ</strong></span> <span class='ocrx_word' id='word_1_935' title='bbox 3416 4420 3526 4475; x_wconf 63' lang='lat' dir='ltr'><strong>otto.</strong></span> 
     </span>
    </p>
   </div>
   <div class='ocr_carea' id='block_1_111' title="bbox 1897 4470 3537 4542">
    <p class='ocr_par' dir='ltr' id='par_1_111' title="bbox 1897 4470 3537 4542">
     <span class='ocr_line' id='line_1_112' title="bbox 1897 4470 3537 4542; baseline 0.001 -18"><span class='ocrx_word' id='word_1_936' title='bbox 1897 4484 1942 4540; x_wconf 84' lang='grc' dir='ltr'>ι)</span> <span class='ocrx_word' id='word_1_937' title='bbox 1972 4470 2115 4542; x_wconf 66' lang='grc' dir='ltr'>κατὰ</span> <span class='ocrx_word' id='word_1_938' title='bbox 2145 4470 2549 4537; x_wconf 67' lang='grc' dir='ltr'>τὸν’πλοῦτον,»</span> <span class='ocrx_word' id='word_1_939' title='bbox 2587 4470 2641 4529; x_wconf 81' lang='lat' dir='ltr'><strong>et</strong></span> <span class='ocrx_word' id='word_1_940' title='bbox 2667 4475 2871 4542; x_wconf 89' lang='lat' dir='ltr'><strong>reliqua</strong></span> <span class='ocrx_word' id='word_1_941' title='bbox 2902 4492 2914 4527; x_wconf 91' lang='lat'><strong>:</strong></span> <span class='ocrx_word' id='word_1_942' title='bbox 2954 4476 3005 4528; x_wconf 88' lang='lat' dir='ltr'><strong>id</strong></span> <span class='ocrx_word' id='word_1_943' title='bbox 3024 4479 3125 4538; x_wconf 82' lang='lat' dir='ltr'><strong>est,</strong></span> <span class='ocrx_word' id='word_1_944' title='bbox 3159 4491 3178 4524; x_wconf 77' lang='grc' dir='ltr'><strong>ι</strong></span> <span class='ocrx_word' id='word_1_945' title='bbox 3217 4475 3268 4525; x_wconf 92' lang='lat' dir='ltr'><strong>in</strong></span> <span class='ocrx_word' id='word_1_946' title='bbox 3302 4470 3476 4528; x_wconf 65' lang='lat' dir='ltr'><strong>vobis.</strong></span> <span class='ocrx_word' id='word_1_947' title='bbox 3517 4493 3537 4526; x_wconf 70' lang='grc' dir='ltr'><strong>ι</strong></span> 
     </span>
    </p>
   </div>
   <div class='ocr_carea' id='block_1_112' title="bbox 1969 4541 3533 4611">
    <p class='ocr_par' dir='ltr' id='par_1_112' title="bbox 1969 4541 3533 4611">
     <span class='ocr_line' id='line_1_113' title="bbox 1969 4541 3533 4611; baseline 0.002 -14"><span class='ocrx_word' id='word_1_948' title='bbox 1969 4541 2039 4597; x_wconf 86' lang='lat' dir='ltr'><strong>Et</strong></span> <span class='ocrx_word' id='word_1_949' title='bbox 2068 4556 2252 4611; x_wconf 88' lang='lat' dir='ltr'><strong>rursus</strong></span> <span class='ocrx_word' id='word_1_950' title='bbox 2286 4559 2301 4596; x_wconf 90' lang='lat'><strong>:</strong></span> <span class='ocrx_word' id='word_1_951' title='bbox 2331 4562 2348 4594; x_wconf 84' lang='grc' dir='ltr'><strong>ι</strong></span> <span class='ocrx_word' id='word_1_952' title='bbox 2378 4543 2447 4598; x_wconf 87' lang='lat' dir='ltr'><strong>Ut</strong></span> <span class='ocrx_word' id='word_1_953' title='bbox 2481 4544 2572 4596; x_wconf 89' lang='lat' dir='ltr'><strong>det</strong></span> <span class='ocrx_word' id='word_1_954' title='bbox 2599 4544 2750 4599; x_wconf 87' lang='lat' dir='ltr'><strong>vobis</strong></span> <span class='ocrx_word' id='word_1_955' title='bbox 2780 4541 3074 4597; x_wconf 67' lang='lat' dir='ltr'><strong>Secundum</strong></span> <span class='ocrx_word' id='word_1_956' title='bbox 3105 4542 3339 4611; x_wconf 85' lang='lat' dir='ltr'><strong>divitias,</strong></span> <span class='ocrx_word' id='word_1_957' title='bbox 3372 4564 3391 4596; x_wconf 77' lang='grc' dir='ltr'><strong>ι</strong></span> <span class='ocrx_word' id='word_1_958' title='bbox 3426 4556 3533 4600; x_wconf 91' lang='lat' dir='ltr'><strong>etc.</strong></span> 
     </span>
    </p>
   </div>
   <div class='ocr_carea' id='block_1_113' title="bbox 2044 4609 2829 4682">
    <p class='ocr_par' dir='ltr' id='par_1_113' title="bbox 2044 4609 2829 4682">
     <span class='ocr_line' id='line_1_114' title="bbox 2044 4609 2829 4682; baseline 0 -17"><span class='ocrx_word' id='word_1_959' title='bbox 2195 4612 2459 4682; x_wconf 72' lang='lat' dir='ltr'><strong>Charitas.</strong></span> <span class='ocrx_word' id='word_1_960' title='bbox 2491 4613 2646 4666; x_wconf 85' lang='lat' dir='ltr'><strong>Rom.</strong></span> <span class='ocrx_word' id='word_1_961' title='bbox 2681 4630 2730 4676; x_wconf 91' lang='lat' dir='ltr'><strong>v,</strong></span> <span class='ocrx_word' id='word_1_962' title='bbox 2768 4612 2829 4665; x_wconf 56' lang='lat'><strong>5;</strong></span> 
     </span>
    </p>
   </div>
   <div class='ocr_carea' id='block_1_114' title="bbox 2037 4680 2970 4749">
    <p class='ocr_par' dir='ltr' id='par_1_114' title="bbox 2037 4680 2970 4749">
     <span class='ocr_line' id='line_1_115' title="bbox 2037 4680 2970 4749; baseline 0.001 -15"><span class='ocrx_word' id='word_1_963' title='bbox 2037 4680 2151 4749; x_wconf 74' lang='lat'><strong>(&#39;55)</strong></span> <span class='ocrx_word' id='word_1_964' title='bbox 2190 4680 2498 4736; x_wconf 74' lang='lat' dir='ltr'><strong>Pulchrum.</strong></span> <span class='ocrx_word' id='word_1_965' title='bbox 2539 4683 2578 4736; x_wconf 94' lang='lat' dir='ltr'><strong>II</strong></span> <span class='ocrx_word' id='word_1_966' title='bbox 2634 4683 2774 4736; x_wconf 91' lang='lat' dir='ltr'><strong>Tim.</strong></span> <span class='ocrx_word' id='word_1_967' title='bbox 2814 4702 2849 4746; x_wconf 88' lang='grc' dir='ltr'><strong>ι,</strong></span> <span class='ocrx_word' id='word_1_968' title='bbox 2883 4681 2970 4735; x_wconf 76' lang='grc'><strong>14.</strong></span> 
     </span>
    </p>
   </div>
   <div class='ocr_carea' id='block_1_115' title="bbox 2039 4750 3540 4823">
    <p class='ocr_par' dir='ltr' id='par_1_115' title="bbox 2039 4750 3540 4823">
     <span class='ocr_line' id='line_1_116' title="bbox 2039 4750 3540 4823; baseline 0.005 -20"><span class='ocrx_word' id='word_1_969' title='bbox 2039 4750 2153 4823; x_wconf 79' lang='grc'>(56)</span> <span class='ocrx_word' id='word_1_970' title='bbox 2195 4751 2543 4823; x_wconf 80' lang='lat' dir='ltr'><strong>Depositum._</strong></span> <span class='ocrx_word' id='word_1_971' title='bbox 2570 4751 2827 4823; x_wconf 74' lang='lat' dir='ltr'><strong>Didymus</strong></span> <span class='ocrx_word' id='word_1_972' title='bbox 2881 4769 2895 4805; x_wconf 91' lang='lat'><strong>:</strong></span> <span class='ocrx_word' id='word_1_973' title='bbox 2933 4750 3298 4823; x_wconf 1' lang='grc' dir='ltr'>(παραθήκην.</span> <span class='ocrx_word' id='word_1_974' title='bbox 3352 4751 3540 4810; x_wconf 70' lang='lat' dir='ltr'><strong>Cra-ca</strong></span> 
     </span>
    </p>
   </div>
   <div class='ocr_carea' id='block_1_116' title="bbox 1965 4820 3540 4893">
    <p class='ocr_par' dir='ltr' id='par_1_116' title="bbox 1965 4820 3540 4893">
     <span class='ocr_line' id='line_1_117' title="bbox 1965 4820 3540 4893; baseline 0.004 -19"><span class='ocrx_word' id='word_1_975' title='bbox 1965 4820 2130 4874; x_wconf 84' lang='lat' dir='ltr'><strong>editio</strong></span> <span class='ocrx_word' id='word_1_976' title='bbox 2171 4837 2186 4874; x_wconf 92' lang='lat'><strong>:</strong></span> <span class='ocrx_word' id='word_1_977' title='bbox 2229 4820 2720 4893; x_wconf 75' lang='grc' dir='ltr'>παρακαταθήκην.</span> <span class='ocrx_word' id='word_1_978' title='bbox 2762 4820 2876 4876; x_wconf 84' lang='lat' dir='ltr'><strong>Hoc</strong></span> <span class='ocrx_word' id='word_1_979' title='bbox 2914 4820 3181 4889; x_wconf 77' lang='lat' dir='ltr'><strong>Atticum,</strong></span> <span class='ocrx_word' id='word_1_980' title='bbox 3220 4820 3350 4878; x_wconf 78' lang='lat' dir='ltr'><strong>illud</strong></span> <span class='ocrx_word' id='word_1_981' title='bbox 3388 4823 3540 4880; x_wconf 80' lang='lat' dir='ltr'><strong>Cra:-</strong></span> 
     </span>
    </p>
   </div>
   <div class='ocr_carea' id='block_1_117' title="bbox 1966 4904 2111 4944">
    <p class='ocr_par' dir='ltr' id='par_1_117' title="bbox 1966 4904 2111 4944">
     <span class='ocr_line' id='line_1_118' title="bbox 1966 4904 2111 4944; baseline -0.007 0"><span class='ocrx_word' id='word_1_982' title='bbox 1966 4904 2111 4944; x_wconf 90' lang='lat' dir='ltr'><strong>cum.</strong></span> 
     </span>
    </p>
   </div>
   <div class='ocr_carea' id='block_1_118' title="bbox 2037 4958 2774 5029">
    <p class='ocr_par' dir='ltr' id='par_1_118' title="bbox 2037 4958 2774 5029">
     <span class='ocr_line' id='line_1_119' title="bbox 2037 4958 2774 5029; baseline 0.001 -17"><span class='ocrx_word' id='word_1_983' title='bbox 2037 4959 2151 5029; x_wconf 83' lang='grc'>(57)</span> <span class='ocrx_word' id='word_1_984' title='bbox 2192 4958 2453 5014; x_wconf 86' lang='lat' dir='ltr'><strong>Primum.</strong></span> <span class='ocrx_word' id='word_1_985' title='bbox 2488 4961 2607 5015; x_wconf 81' lang='lat' dir='ltr'><strong>Act.</strong></span> <span class='ocrx_word' id='word_1_986' title='bbox 2645 4975 2684 5025; x_wconf 91' lang='lat' dir='ltr'><strong>I,</strong></span> <span class='ocrx_word' id='word_1_987' title='bbox 2720 4959 2774 5013; x_wconf 79' lang='grc'><strong>1.</strong></span> 
     </span>
    </p>
   </div>
   <div class='ocr_carea' id='block_1_119' title="bbox 2060 5030 2859 5095">
    <p class='ocr_par' dir='ltr' id='par_1_119' title="bbox 2060 5030 2859 5095">
     <span class='ocr_line' id='line_1_120' title="bbox 2060 5030 2859 5095; baseline 0 -12"><span class='ocrx_word' id='word_1_988' title='bbox 2060 5031 2151 5095; x_wconf 85' lang='grc'><strong>58)</strong></span> <span class='ocrx_word' id='word_1_989' title='bbox 2195 5030 2259 5083; x_wconf 84' lang='grc' dir='ltr'>Ει</span> <span class='ocrx_word' id='word_1_990' title='bbox 2292 5031 2448 5084; x_wconf 73' lang='lat' dir='ltr'><strong>dixit.</strong></span> <span class='ocrx_word' id='word_1_991' title='bbox 2480 5030 2617 5086; x_wconf 87' lang='lat' dir='ltr'><strong>Osee</strong></span> <span class='ocrx_word' id='word_1_992' title='bbox 2645 5047 2684 5093; x_wconf 90' lang='lat' dir='ltr'><strong>I,</strong></span> <span class='ocrx_word' id='word_1_993' title='bbox 2718 5034 2772 5094; x_wconf 81' lang='lat' dir='ltr'><strong>ti,</strong></span> <span class='ocrx_word' id='word_1_994' title='bbox 2805 5031 2859 5083; x_wconf 89' lang='lat'><strong>7.</strong></span> 
     </span>
    </p>
   </div>
   <div class='ocr_carea' id='block_1_120' title="bbox 2058 5099 3538 5175">
    <p class='ocr_par' dir='ltr' id='par_1_120' title="bbox 2058 5099 3538 5175">
     <span class='ocr_line' id='line_1_121' title="bbox 2058 5099 3538 5175; baseline 0.004 -24"><span class='ocrx_word' id='word_1_995' title='bbox 2058 5099 2149 5175; x_wconf 56' lang='lat'><strong>59)</strong></span> <span class='ocrx_word' id='word_1_996' title='bbox 2191 5100 2344 5175; x_wconf 52' lang='lat' dir='ltr'><strong>tt‘jus:</strong></span> <span class='ocrx_word' id='word_1_997' title='bbox 2376 5101 2581 5163; x_wconf 83' lang='lat' dir='ltr'><strong>Codex,</strong></span> <span class='ocrx_word' id='word_1_998' title='bbox 2617 5100 2808 5175; x_wconf 42' lang='lat' dir='ltr'><strong>assos,</strong></span> <span class='ocrx_word' id='word_1_999' title='bbox 2839 5099 2944 5175; x_wconf 75' lang='lat' dir='ltr'><strong>Sed</strong></span> <span class='ocrx_word' id='word_1_1000' title='bbox 3004 5099 3290 5175; x_wconf 78' lang='lat' dir='ltr'><strong>legendum</strong></span> <span class='ocrx_word' id='word_1_1001' title='bbox 3349 5103 3538 5175; x_wconf 80' lang='grc' dir='ltr'>αὐτῆς.</span> 
     </span>
    </p>
   </div>
   <div class='ocr_carea' id='block_1_121' title="bbox 2035 5169 3165 5239">
    <p class='ocr_par' dir='ltr' id='par_1_121' title="bbox 2035 5169 3165 5239">
     <span class='ocr_line' id='line_1_122' title="bbox 2035 5169 3165 5239; baseline 0.003 -17"><span class='ocrx_word' id='word_1_1002' title='bbox 2035 5170 2147 5239; x_wconf 69' lang='grc'>(40)</span> <span class='ocrx_word' id='word_1_1003' title='bbox 2188 5169 2589 5237; x_wconf 79' lang='lat' dir='ltr'><strong>Con/innatum.</strong></span> <span class='ocrx_word' id='word_1_1004' title='bbox 2631 5171 2751 5225; x_wconf 83' lang='lat' dir='ltr'><strong>Lib.</strong></span> <span class='ocrx_word' id='word_1_1005' title='bbox 2792 5172 2811 5223; x_wconf 86' lang='grc' dir='ltr'><strong>Ι</strong></span> <span class='ocrx_word' id='word_1_1006' title='bbox 2847 5172 2979 5239; x_wconf 73' lang='lat' dir='ltr'><strong>Reg.</strong></span> <span class='ocrx_word' id='word_1_1007' title='bbox 3016 5169 3079 5231; x_wconf 68' lang='lat' dir='ltr'><strong>II,</strong></span> <span class='ocrx_word' id='word_1_1008' title='bbox 3111 5173 3165 5225; x_wconf 80' lang='grc'><strong>1.</strong></span> 
     </span>
    </p>
   </div>
   <div class='ocr_carea' id='block_1_122' title="bbox 2036 5238 3261 5308">
    <p class='ocr_par' dir='ltr' id='par_1_122' title="bbox 2036 5238 3261 5308">
     <span class='ocr_line' id='line_1_123' title="bbox 2036 5238 3261 5308; baseline 0.004 -17"><span class='ocrx_word' id='word_1_1009' title='bbox 2036 5238 2149 5308; x_wconf 76' lang='grc'>(41)</span> <span class='ocrx_word' id='word_1_1010' title='bbox 2207 5239 2274 5292; x_wconf 86' lang='grc' dir='ltr'>Ει</span> <span class='ocrx_word' id='word_1_1011' title='bbox 2302 5257 2422 5292; x_wconf 86' lang='lat' dir='ltr'><strong>non.</strong></span> <span class='ocrx_word' id='word_1_1012' title='bbox 2462 5239 2605 5293; x_wconf 86' lang='lat' dir='ltr'><strong>Psal.</strong></span> <span class='ocrx_word' id='word_1_1013' title='bbox 2634 5254 2765 5304; x_wconf 83' lang='lat' dir='ltr'><strong>cvn,</strong></span> <span class='ocrx_word' id='word_1_1014' title='bbox 2803 5238 2948 5295; x_wconf 83' lang='lat' dir='ltr'><strong>vers.</strong></span> <span class='ocrx_word' id='word_1_1015' title='bbox 2995 5240 3064 5295; x_wconf 72' lang='lat' dir='ltr'><strong>l2</strong></span> <span class='ocrx_word' id='word_1_1016' title='bbox 3088 5254 3143 5295; x_wconf 91' lang='lat' dir='ltr'><strong>et</strong></span> <span class='ocrx_word' id='word_1_1017' title='bbox 3174 5241 3261 5296; x_wconf 74' lang='grc' dir='ltr'>ιι.</span> 
     </span>
    </p>
   </div>
   <div class='ocr_carea' id='block_1_123' title="bbox 2036 5308 3540 5383">
    <p class='ocr_par' dir='ltr' id='par_1_123' title="bbox 2036 5308 3540 5383">
     <span class='ocr_line' id='line_1_124' title="bbox 2036 5308 3540 5383; baseline 0.003 -22"><span class='ocrx_word' id='word_1_1018' title='bbox 2036 5309 2150 5383; x_wconf 56' lang='grc' dir='ltr'>(ῥίέ)</span> <span class='ocrx_word' id='word_1_1019' title='bbox 2172 5308 2522 5383; x_wconf 64' lang='lat' dir='ltr'><strong>_I‘ribulantes</strong></span> <span class='ocrx_word' id='word_1_1020' title='bbox 2547 5326 2659 5363; x_wconf 77' lang='lat' dir='ltr'><strong>nos.</strong></span> <span class='ocrx_word' id='word_1_1021' title='bbox 2692 5309 2879 5364; x_wconf 77' lang='lat' dir='ltr'><strong>Gneca</strong></span> <span class='ocrx_word' id='word_1_1022' title='bbox 2921 5310 3087 5366; x_wconf 89' lang='lat' dir='ltr'><strong>editio</strong></span> <span class='ocrx_word' id='word_1_1023' title='bbox 3114 5329 3127 5366; x_wconf 87' lang='lat'><strong>:</strong></span> <span class='ocrx_word' id='word_1_1024' title='bbox 3156 5312 3281 5376; x_wconf 75' lang='grc' dir='ltr'>τοὺς</span> <span class='ocrx_word' id='word_1_1025' title='bbox 3308 5311 3540 5383; x_wconf 68' lang='grc' dir='ltr'>ἐχθροὺς</span> 
     </span>
    </p>
   </div>
   <div class='ocr_carea' id='block_1_124' title="bbox 1961 5378 3021 5448">
    <p class='ocr_par' dir='ltr' id='par_1_124' title="bbox 1961 5378 3021 5448">
     <span class='ocr_line' id='line_1_125' title="bbox 1961 5378 3021 5448; baseline 0.002 -19"><span class='ocrx_word' id='word_1_1026' title='bbox 1961 5378 2222 5448; x_wconf 79' lang='grc' dir='ltr'>ὴμῶν,.ἱι1</span> <span class='ocrx_word' id='word_1_1027' title='bbox 2254 5391 2358 5442; x_wconf 72' lang='grc' dir='ltr'>εει,</span> <span class='ocrx_word' id='word_1_1028' title='bbox 2399 5396 2417 5428; x_wconf 76' lang='grc' dir='ltr'><strong>ι</strong></span> <span class='ocrx_word' id='word_1_1029' title='bbox 2453 5381 2701 5435; x_wconf 85' lang='lat' dir='ltr'><strong>inimicos</strong></span> <span class='ocrx_word' id='word_1_1030' title='bbox 2726 5391 2965 5435; x_wconf 87' lang='lat' dir='ltr'><strong>nostros.</strong></span> <span class='ocrx_word' id='word_1_1031' title='bbox 3002 5399 3021 5431; x_wconf 73' lang='grc' dir='ltr'><strong>ι</strong></span> 
     </span>
    </p>
   </div>
   <div class='ocr_carea' id='block_1_125' title="bbox 2034 5469 3108 5542">
    <p class='ocr_par' dir='ltr' id='par_1_125' title="bbox 2034 5469 3108 5542">
     <span class='ocr_line' id='line_1_126' title="bbox 2034 5469 3108 5542; baseline 0.003 -20"><span class='ocrx_word' id='word_1_1032' title='bbox 2034 5469 2144 5541; x_wconf 73' lang='grc'>(45)</span> <span class='ocrx_word' id='word_1_1033' title='bbox 2188 5469 2251 5523; x_wconf 84' lang='lat' dir='ltr'><strong>In</strong></span> <span class='ocrx_word' id='word_1_1034' title='bbox 2272 5469 2399 5523; x_wconf 85' lang='lat' dir='ltr'><strong>Deo.</strong></span> <span class='ocrx_word' id='word_1_1035' title='bbox 2439 5469 2579 5523; x_wconf 87' lang='lat' dir='ltr'><strong>Psal.</strong></span> <span class='ocrx_word' id='word_1_1036' title='bbox 2607 5486 2738 5535; x_wconf 82' lang='lat' dir='ltr'><strong>xvu,</strong></span> <span class='ocrx_word' id='word_1_1037' title='bbox 2766 5471 2837 5524; x_wconf 73' lang='lat'><strong>3‘2</strong></span> <span class='ocrx_word' id='word_1_1038' title='bbox 2872 5471 2985 5539; x_wconf 90' lang='lat' dir='ltr'><strong>(seu</strong></span> <span class='ocrx_word' id='word_1_1039' title='bbox 3018 5471 3108 5542; x_wconf 91' lang='grc'>50)</span> 
     </span>
    </p>
   </div>
   <div class='ocr_carea' id='block_1_126' title="bbox 2033 5561 3027 5632">
    <p class='ocr_par' dir='ltr' id='par_1_126' title="bbox 2033 5561 3027 5632">
     <span class='ocr_line' id='line_1_127' title="bbox 2033 5561 3027 5632; baseline 0.003 -18"><span class='ocrx_word' id='word_1_1040' title='bbox 2033 5562 2145 5632; x_wconf 64' lang='grc'>(44)</span> <span class='ocrx_word' id='word_1_1041' title='bbox 2186 5561 2254 5615; x_wconf 87' lang='grc' dir='ltr'><em>1η</em></span> <span class='ocrx_word' id='word_1_1042' title='bbox 2289 5561 2418 5615; x_wconf 83' lang='lat' dir='ltr'><strong>Deo.</strong></span> <span class='ocrx_word' id='word_1_1043' title='bbox 2454 5561 2591 5615; x_wconf 80' lang='lat' dir='ltr'><strong>Psal.</strong></span> <span class='ocrx_word' id='word_1_1044' title='bbox 2622 5578 2709 5628; x_wconf 75' lang='grc' dir='ltr'><strong>ιν,</strong></span> <span class='ocrx_word' id='word_1_1045' title='bbox 2739 5561 2773 5615; x_wconf 65' lang='grc'><strong>4</strong></span> <span class='ocrx_word' id='word_1_1046' title='bbox 2806 5568 2920 5632; x_wconf 87' lang='lat' dir='ltr'><strong>(seu</strong></span> <span class='ocrx_word' id='word_1_1047' title='bbox 2953 5563 3027 5631; x_wconf 84' lang='lat'><strong>5).</strong></span> 
     </span>
    </p>
   </div>
   <div class='ocr_carea' id='block_1_127' title="bbox 2034 5651 2934 5724">
    <p class='ocr_par' dir='ltr' id='par_1_127' title="bbox 2034 5651 2934 5724">
     <span class='ocr_line' id='line_1_128' title="bbox 2034 5651 2934 5724; baseline 0.002 -19"><span class='ocrx_word' id='word_1_1048' title='bbox 2034 5653 2146 5724; x_wconf 67' lang='grc'>(45)</span> <span class='ocrx_word' id='word_1_1049' title='bbox 2182 5651 2417 5706; x_wconf 81' lang='lat' dir='ltr'><strong>Gratias.</strong></span> <span class='ocrx_word' id='word_1_1050' title='bbox 2444 5653 2649 5707; x_wconf 82' lang='lat' dir='ltr'><strong>Coloss.</strong></span> <span class='ocrx_word' id='word_1_1051' title='bbox 2679 5670 2715 5718; x_wconf 91' lang='grc' dir='ltr'><strong>ι,</strong></span> <span class='ocrx_word' id='word_1_1052' title='bbox 2749 5653 2934 5707; x_wconf 61' lang='grc'><strong>1244.</strong></span> 
     </span>
    </p>
   </div>
   <div class='ocr_carea' id='block_1_128' title="bbox 2035 5743 3445 5815">
    <p class='ocr_par' dir='ltr' id='par_1_128' title="bbox 2035 5743 3445 5815">
     <span class='ocr_line' id='line_1_129' title="bbox 2035 5743 3445 5815; baseline -0.001 -19"><span class='ocrx_word' id='word_1_1053' title='bbox 2035 5745 2147 5814; x_wconf 64' lang='lat' dir='ltr'><strong>(iii)</strong></span> <span class='ocrx_word' id='word_1_1054' title='bbox 2199 5743 2316 5798; x_wconf 74' lang='lat' dir='ltr'><strong>Vos.</strong></span> <span class='ocrx_word' id='word_1_1055' title='bbox 2347 5743 2533 5801; x_wconf 65' lang='lat' dir='ltr'><strong>Greca</strong></span> <span class='ocrx_word' id='word_1_1056' title='bbox 2570 5745 2754 5810; x_wconf 89' lang='lat' dir='ltr'><strong>editio,</strong></span> <span class='ocrx_word' id='word_1_1057' title='bbox 2789 5744 2958 5815; x_wconf 81' lang='grc' dir='ltr'>ἡμᾶς,</span> <span class='ocrx_word' id='word_1_1058' title='bbox 2993 5744 3046 5799; x_wconf 85' lang='lat' dir='ltr'><strong>id</strong></span> <span class='ocrx_word' id='word_1_1059' title='bbox 3074 5752 3181 5808; x_wconf 85' lang='lat' dir='ltr'><strong>est,</strong></span> <span class='ocrx_word' id='word_1_1060' title='bbox 3220 5760 3237 5793; x_wconf 88' lang='grc'><strong><em>‹</em></strong></span> <span class='ocrx_word' id='word_1_1061' title='bbox 3268 5758 3387 5798; x_wconf 84' lang='lat' dir='ltr'><strong>nos.</strong></span> <span class='ocrx_word' id='word_1_1062' title='bbox 3424 5762 3445 5795; x_wconf 77' lang='grc' dir='ltr'><strong>ι</strong></span> 
     </span>
    </p>
   </div>
  </div>
