  <div class='ocr_page' id='page_1' title='image "/cluster/home/n/w/nwhite01/storage/ocr_20150623/39/coo.31924054869361/475.png"; bbox 0 0 4034 6424; ppageno 0'>
   <div class='ocr_carea' id='block_1_1' title="bbox 474 397 579 456">
    <p class='ocr_par' dir='ltr' id='par_1_1' title="bbox 474 397 579 456">
     <span class='ocr_line' id='line_1_1' title="bbox 474 397 579 456; baseline -0.076 1"><span class='ocrx_word' id='word_1_1' title='bbox 474 397 579 456; x_wconf 73' lang='grc'><strong>955</strong></span> 
     </span>
    </p>
   </div>
   <div class='ocr_carea' id='block_1_2' title="bbox 1741 392 2489 450">
    <p class='ocr_par' dir='ltr' id='par_1_2' title="bbox 1741 392 2489 450">
     <span class='ocr_line' id='line_1_2' title="bbox 1741 392 2489 450; baseline 0.003 -3"><span class='ocrx_word' id='word_1_2' title='bbox 1741 393 1977 450; x_wconf 78' lang='lat' dir='ltr'><strong>DIDYMI</strong></span> <span class='ocrx_word' id='word_1_3' title='bbox 2019 392 2489 450; x_wconf 76' lang='lat' dir='ltr'><strong>ALEXANDRINI</strong></span> 
     </span>
    </p>
   </div>
   <div class='ocr_carea' id='block_1_3' title="bbox 3614 395 3709 453">
    <p class='ocr_par' dir='ltr' id='par_1_3' title="bbox 3614 395 3709 453">
     <span class='ocr_line' id='line_1_3' title="bbox 3614 395 3709 453; baseline 0.011 -2"><span class='ocrx_word' id='word_1_4' title='bbox 3614 395 3709 453; x_wconf 66' lang='lat'><strong>936</strong></span> 
     </span>
    </p>
   </div>
   <div class='ocr_carea' id='block_1_4' title="bbox 474 496 2043 577">
    <p class='ocr_par' dir='ltr' id='par_1_4' title="bbox 474 499 2039 576">
     <span class='ocr_line' id='line_1_4' title="bbox 474 499 2039 576; baseline 0.003 -19"><span class='ocrx_word' id='word_1_5' title='bbox 474 515 529 558; x_wconf 88' lang='lat' dir='ltr'><strong>et</strong></span> <span class='ocrx_word' id='word_1_6' title='bbox 562 499 838 556; x_wconf 91' lang='lat' dir='ltr'><strong>transtulit</strong></span> <span class='ocrx_word' id='word_1_7' title='bbox 863 502 916 555; x_wconf 93' lang='lat' dir='ltr'><strong>in</strong></span> <span class='ocrx_word' id='word_1_8' title='bbox 959 516 1181 569; x_wconf 78' lang='lat' dir='ltr'><strong>regnum</strong></span> <span class='ocrx_word' id='word_1_9' title='bbox 1204 501 1326 557; x_wconf 83' lang='lat' dir='ltr'><strong>Filii</strong></span> <span class='ocrx_word' id='word_1_10' title='bbox 1349 501 1654 557; x_wconf 75' lang='lat' dir='ltr'><strong>dilectionis</strong></span> <span class='ocrx_word' id='word_1_11' title='bbox 1677 519 1787 557; x_wconf 67' lang='lat' dir='ltr'><strong>sum</strong></span> <span class='ocrx_word' id='word_1_12' title='bbox 1812 522 1826 559; x_wconf 89' lang='lat'><strong>:</strong></span> <span class='ocrx_word' id='word_1_13' title='bbox 1855 506 1906 560; x_wconf 89' lang='lat' dir='ltr'><strong>in</strong></span> <span class='ocrx_word' id='word_1_14' title='bbox 1930 521 2039 576; x_wconf 87' lang='lat' dir='ltr'><strong>quo</strong></span> 
     </span>
    </p>
   </div>
   <div class='ocr_carea' id='block_1_5' title="bbox 2145 496 3693 577">
    <p class='ocr_par' dir='ltr' id='par_1_5' title="bbox 2145 496 3693 577">
     <span class='ocr_line' id='line_1_5' title="bbox 2145 496 3693 577; baseline 0.003 -19"><span class='ocrx_word' id='word_1_15' title='bbox 2145 505 2233 559; x_wconf 84' lang='grc' dir='ltr'><strong>τοῦ</strong></span> <span class='ocrx_word' id='word_1_16' title='bbox 2265 504 2398 558; x_wconf 81' lang='grc' dir='ltr'>Υῑοῦ</span> <span class='ocrx_word' id='word_1_17' title='bbox 2439 505 2538 575; x_wconf 86' lang='grc' dir='ltr'>τῆς</span> <span class='ocrx_word' id='word_1_18' title='bbox 2568 504 2789 575; x_wconf 77' lang='grc' dir='ltr'><strong>ἀγάπης</strong></span> <span class='ocrx_word' id='word_1_19' title='bbox 2834 503 3001 558; x_wconf 85' lang='grc' dir='ltr'>αὐτοῦ</span> <span class='ocrx_word' id='word_1_20' title='bbox 3023 519 3037 534; x_wconf 77' lang='grc'><strong><em>⁸</em></strong></span> <span class='ocrx_word' id='word_1_21' title='bbox 3073 506 3132 559; x_wconf 86' lang='grc' dir='ltr'><strong>ἐν</strong></span> <span class='ocrx_word' id='word_1_22' title='bbox 3156 496 3200 573; x_wconf 81' lang='grc' dir='ltr'>ᾧ</span> <span class='ocrx_word' id='word_1_23' title='bbox 3235 503 3429 577; x_wconf 78' lang='grc' dir='ltr'>ἔχομεν</span> <span class='ocrx_word' id='word_1_24' title='bbox 3465 506 3564 577; x_wconf 82' lang='grc' dir='ltr'>τὴν</span> <span class='ocrx_word' id='word_1_25' title='bbox 3589 508 3693 562; x_wconf 81' lang='grc' dir='ltr'>ἀπο</span> 
     </span>
    </p>
   </div>
   <div class='ocr_carea' id='block_1_6' title="bbox 472 591 2041 666">
    <p class='ocr_par' dir='ltr' id='par_1_6' title="bbox 472 591 2041 666">
     <span class='ocr_line' id='line_1_6' title="bbox 472 591 2041 666; baseline 0.001 -17"><span class='ocrx_word' id='word_1_26' title='bbox 472 596 735 649; x_wconf 83' lang='lat' dir='ltr'><strong>habemus</strong></span> <span class='ocrx_word' id='word_1_27' title='bbox 766 594 1194 663; x_wconf 77' lang='lat' dir='ltr'><strong>redemptionem</strong></span> <span class='ocrx_word' id='word_1_28' title='bbox 1218 591 1353 664; x_wconf 82' lang='grc'>(47),</span> <span class='ocrx_word' id='word_1_29' title='bbox 1387 594 1763 649; x_wconf 87' lang='lat' dir='ltr'><strong>remissionem</strong></span> <span class='ocrx_word' id='word_1_30' title='bbox 1788 605 2041 666; x_wconf 69' lang='lat' dir='ltr'><strong>peccato~</strong></span> 
     </span>
    </p>
   </div>
   <div class='ocr_carea' id='block_1_7' title="bbox 472 683 2045 756">
    <p class='ocr_par' dir='ltr' id='par_1_7' title="bbox 472 683 2045 756">
     <span class='ocr_line' id='line_1_7' title="bbox 472 683 2045 756; baseline 0.002 -18"><span class='ocrx_word' id='word_1_31' title='bbox 472 699 624 749; x_wconf 89' lang='lat' dir='ltr'><strong>rntn;</strong></span> <span class='ocrx_word' id='word_1_32' title='bbox 656 702 676 736; x_wconf 81' lang='grc' dir='ltr'><strong>ι</strong></span> <span class='ocrx_word' id='word_1_33' title='bbox 710 695 764 738; x_wconf 88' lang='lat' dir='ltr'><strong>et</strong></span> <span class='ocrx_word' id='word_1_34' title='bbox 786 698 1013 739; x_wconf 84' lang='lat' dir='ltr'><strong>rursus:</strong></span> <span class='ocrx_word' id='word_1_35' title='bbox 1045 702 1064 734; x_wconf 78' lang='grc' dir='ltr'><strong>ι</strong></span> <span class='ocrx_word' id='word_1_36' title='bbox 1095 683 1291 739; x_wconf 86' lang='lat' dir='ltr'><strong>Paulus</strong></span> <span class='ocrx_word' id='word_1_37' title='bbox 1312 684 1448 756; x_wconf 89' lang='grc'>(48).</span> <span class='ocrx_word' id='word_1_38' title='bbox 1481 695 1535 739; x_wconf 93' lang='lat' dir='ltr'><strong>et</strong></span> <span class='ocrx_word' id='word_1_39' title='bbox 1565 684 1841 749; x_wconf 80' lang='lat' dir='ltr'><strong>Silvanus,</strong></span> <span class='ocrx_word' id='word_1_40' title='bbox 1875 697 1930 741; x_wconf 92' lang='lat' dir='ltr'><strong>et</strong></span> <span class='ocrx_word' id='word_1_41' title='bbox 1951 686 2045 741; x_wconf 87' lang='lat' dir='ltr'><strong>Ti-</strong></span> 
     </span>
    </p>
   </div>
   <div class='ocr_carea' id='block_1_8' title="bbox 472 773 2045 832">
    <p class='ocr_par' dir='ltr' id='par_1_8' title="bbox 472 773 2045 832">
     <span class='ocr_line' id='line_1_8' title="bbox 472 773 2045 832; baseline 0.003 -4"><span class='ocrx_word' id='word_1_42' title='bbox 472 777 723 828; x_wconf 88' lang='lat' dir='ltr'><strong>motheus</strong></span> <span class='ocrx_word' id='word_1_43' title='bbox 770 773 1021 829; x_wconf 63' lang='lat' dir='ltr'><strong>Ecclesia!</strong></span> <span class='ocrx_word' id='word_1_44' title='bbox 1055 774 1619 830; x_wconf 77' lang='lat' dir='ltr'><strong>Thessalonicensium</strong></span> <span class='ocrx_word' id='word_1_45' title='bbox 1661 775 1714 829; x_wconf 91' lang='lat' dir='ltr'><strong>in</strong></span> <span class='ocrx_word' id='word_1_46' title='bbox 1750 774 1858 830; x_wconf 88' lang='lat' dir='ltr'><strong>Deo</strong></span> <span class='ocrx_word' id='word_1_47' title='bbox 1885 774 2045 832; x_wconf 89' lang='lat' dir='ltr'><strong>Patre</strong></span> 
     </span>
    </p>
   </div>
   <div class='ocr_carea' id='block_1_9' title="bbox 472 862 2040 935">
    <p class='ocr_par' dir='ltr' id='par_1_9' title="bbox 472 862 2040 935">
     <span class='ocr_line' id='line_1_9' title="bbox 472 862 2040 935; baseline 0.002 -17"><span class='ocrx_word' id='word_1_48' title='bbox 472 875 658 918; x_wconf 86' lang='lat' dir='ltr'><strong>nostro</strong></span> <span class='ocrx_word' id='word_1_49' title='bbox 688 862 824 935; x_wconf 87' lang='grc'>(49),</span> <span class='ocrx_word' id='word_1_50' title='bbox 855 873 910 918; x_wconf 93' lang='lat' dir='ltr'><strong>et</strong></span> <span class='ocrx_word' id='word_1_51' title='bbox 953 863 1183 920; x_wconf 91' lang='lat' dir='ltr'><strong>Domino</strong></span> <span class='ocrx_word' id='word_1_52' title='bbox 1215 862 1342 920; x_wconf 83' lang='lat' dir='ltr'><strong>Jesu</strong></span> <span class='ocrx_word' id='word_1_53' title='bbox 1392 867 1635 931; x_wconf 85' lang='lat' dir='ltr'><strong>Christo;</strong></span> <span class='ocrx_word' id='word_1_54' title='bbox 1668 883 1686 917; x_wconf 81' lang='grc' dir='ltr'><strong>ι</strong></span> <span class='ocrx_word' id='word_1_55' title='bbox 1721 875 1779 920; x_wconf 90' lang='lat' dir='ltr'><strong>et</strong></span> <span class='ocrx_word' id='word_1_56' title='bbox 1812 882 2040 921; x_wconf 86' lang='lat' dir='ltr'><strong>rursus:</strong></span> 
     </span>
    </p>
   </div>
   <div class='ocr_carea' id='block_1_10' title="bbox 477 952 2045 1027">
    <p class='ocr_par' dir='ltr' id='par_1_10' title="bbox 477 952 2045 1027">
     <span class='ocr_line' id='line_1_10' title="bbox 477 952 2045 1027; baseline 0.003 -20"><span class='ocrx_word' id='word_1_57' title='bbox 477 975 497 1007; x_wconf 74' lang='grc' dir='ltr'><strong>ς</strong></span> <span class='ocrx_word' id='word_1_58' title='bbox 532 955 587 1011; x_wconf 92' lang='lat' dir='ltr'><strong>Si</strong></span> <span class='ocrx_word' id='word_1_59' title='bbox 620 966 796 1009; x_wconf 90' lang='lat' dir='ltr'><strong>autem</strong></span> <span class='ocrx_word' id='word_1_60' title='bbox 823 954 934 1026; x_wconf 86' lang='lat'><strong>(50)</strong></span> <span class='ocrx_word' id='word_1_61' title='bbox 969 964 1023 1009; x_wconf 91' lang='lat' dir='ltr'><strong>tu</strong></span> <span class='ocrx_word' id='word_1_62' title='bbox 1056 952 1275 1010; x_wconf 80' lang='lat' dir='ltr'><strong>Judams</strong></span> <span class='ocrx_word' id='word_1_63' title='bbox 1300 957 1721 1026; x_wconf 78' lang='lat' dir='ltr'><strong>cognominaris,</strong></span> <span class='ocrx_word' id='word_1_64' title='bbox 1747 966 1803 1012; x_wconf 90' lang='lat' dir='ltr'><strong>et</strong></span> <span class='ocrx_word' id='word_1_65' title='bbox 1832 959 2045 1027; x_wconf 83' lang='lat' dir='ltr'><strong>requie-</strong></span> 
     </span>
    </p>
   </div>
   <div class='ocr_carea' id='block_1_11' title="bbox 471 1046 2039 1119">
    <p class='ocr_par' dir='ltr' id='par_1_11' title="bbox 471 1046 2039 1119">
     <span class='ocr_line' id='line_1_11' title="bbox 471 1046 2039 1119; baseline 0.002 -19"><span class='ocrx_word' id='word_1_66' title='bbox 471 1050 580 1102; x_wconf 86' lang='lat' dir='ltr'><strong>scis</strong></span> <span class='ocrx_word' id='word_1_67' title='bbox 636 1048 689 1101; x_wconf 92' lang='lat' dir='ltr'><strong>in</strong></span> <span class='ocrx_word' id='word_1_68' title='bbox 763 1047 911 1119; x_wconf 82' lang='lat' dir='ltr'><strong>lege,</strong></span> <span class='ocrx_word' id='word_1_69' title='bbox 963 1056 1016 1101; x_wconf 90' lang='lat' dir='ltr'><strong>et</strong></span> <span class='ocrx_word' id='word_1_70' title='bbox 1063 1046 1312 1118; x_wconf 80' lang='lat' dir='ltr'><strong>gloriaris</strong></span> <span class='ocrx_word' id='word_1_71' title='bbox 1369 1048 1423 1102; x_wconf 90' lang='lat' dir='ltr'><strong>in</strong></span> <span class='ocrx_word' id='word_1_72' title='bbox 1491 1047 1632 1114; x_wconf 90' lang='lat' dir='ltr'><strong>Deo;</strong></span> <span class='ocrx_word' id='word_1_73' title='bbox 1668 1066 1688 1100; x_wconf 78' lang='grc' dir='ltr'><strong>ι</strong></span> <span class='ocrx_word' id='word_1_74' title='bbox 1756 1059 1812 1103; x_wconf 92' lang='lat' dir='ltr'><strong>et</strong></span> <span class='ocrx_word' id='word_1_75' title='bbox 1860 1049 2039 1104; x_wconf 81' lang='lat' dir='ltr'><strong>alibi:</strong></span> 
     </span>
    </p>
   </div>
   <div class='ocr_carea' id='block_1_12' title="bbox 475 1139 2041 1211">
    <p class='ocr_par' dir='ltr' id='par_1_12' title="bbox 475 1139 2041 1211">
     <span class='ocr_line' id='line_1_12' title="bbox 475 1139 2041 1211; baseline 0.003 -20"><span class='ocrx_word' id='word_1_76' title='bbox 475 1160 493 1191; x_wconf 71' lang='grc' dir='ltr'><strong>ι</strong></span> <span class='ocrx_word' id='word_1_77' title='bbox 531 1140 681 1195; x_wconf 90' lang='lat' dir='ltr'><strong>Unus</strong></span> <span class='ocrx_word' id='word_1_78' title='bbox 730 1139 841 1211; x_wconf 92' lang='grc'>(51)</span> <span class='ocrx_word' id='word_1_79' title='bbox 894 1140 1067 1204; x_wconf 85' lang='lat' dir='ltr'><strong>Deus,</strong></span> <span class='ocrx_word' id='word_1_80' title='bbox 1122 1153 1217 1208; x_wconf 89' lang='lat' dir='ltr'><strong>per</strong></span> <span class='ocrx_word' id='word_1_81' title='bbox 1262 1154 1421 1209; x_wconf 88' lang='lat' dir='ltr'><strong>quem</strong></span> <span class='ocrx_word' id='word_1_82' title='bbox 1471 1141 1690 1205; x_wconf 89' lang='lat' dir='ltr'><strong>onmia,</strong></span> <span class='ocrx_word' id='word_1_83' title='bbox 1744 1150 1800 1195; x_wconf 91' lang='lat' dir='ltr'><strong>et</strong></span> <span class='ocrx_word' id='word_1_84' title='bbox 1845 1156 1942 1195; x_wconf 89' lang='lat' dir='ltr'><strong>nos</strong></span> <span class='ocrx_word' id='word_1_85' title='bbox 1989 1141 2041 1196; x_wconf 94' lang='lat' dir='ltr'><strong>in</strong></span> 
     </span>
    </p>
   </div>
   <div class='ocr_carea' id='block_1_13' title="bbox 471 1230 2045 1301">
    <p class='ocr_par' dir='ltr' id='par_1_13' title="bbox 471 1230 2045 1301">
     <span class='ocr_line' id='line_1_13' title="bbox 471 1230 2045 1301; baseline 0.002 -16"><span class='ocrx_word' id='word_1_86' title='bbox 471 1233 626 1300; x_wconf 83' lang='lat' dir='ltr'><strong>ipso;</strong></span> <span class='ocrx_word' id='word_1_87' title='bbox 657 1251 676 1283; x_wconf 76' lang='grc' dir='ltr'><strong>ι</strong></span> <span class='ocrx_word' id='word_1_88' title='bbox 710 1244 766 1287; x_wconf 91' lang='lat' dir='ltr'><strong>et</strong></span> <span class='ocrx_word' id='word_1_89' title='bbox 806 1245 997 1286; x_wconf 84' lang='lat' dir='ltr'><strong>rursus</strong></span> <span class='ocrx_word' id='word_1_90' title='bbox 1033 1250 1046 1286; x_wconf 92' lang='lat'><strong>:</strong></span> <span class='ocrx_word' id='word_1_91' title='bbox 1085 1248 1104 1281; x_wconf 77' lang='grc' dir='ltr'><strong>ι</strong></span> <span class='ocrx_word' id='word_1_92' title='bbox 1132 1230 1191 1285; x_wconf 91' lang='lat' dir='ltr'><strong>ln</strong></span> <span class='ocrx_word' id='word_1_93' title='bbox 1230 1231 1341 1285; x_wconf 89' lang='lat' dir='ltr'><strong>Deo</strong></span> <span class='ocrx_word' id='word_1_94' title='bbox 1366 1230 1498 1301; x_wconf 87' lang='grc'>(52),</span> <span class='ocrx_word' id='word_1_95' title='bbox 1535 1232 1627 1301; x_wconf 88' lang='lat' dir='ltr'><strong>qui</strong></span> <span class='ocrx_word' id='word_1_96' title='bbox 1666 1233 1846 1287; x_wconf 85' lang='lat' dir='ltr'><strong>omnia</strong></span> <span class='ocrx_word' id='word_1_97' title='bbox 1892 1248 2045 1288; x_wconf 89' lang='lat' dir='ltr'><strong>crea-</strong></span> 
     </span>
    </p>
   </div>
   <div class='ocr_carea' id='block_1_14' title="bbox 469 1321 2044 1393">
    <p class='ocr_par' dir='ltr' id='par_1_14' title="bbox 469 1321 2044 1393">
     <span class='ocr_line' id='line_1_14' title="bbox 469 1321 2044 1393; baseline 0.002 -18"><span class='ocrx_word' id='word_1_98' title='bbox 469 1323 578 1388; x_wconf 85' lang='lat' dir='ltr'><strong>vit;</strong></span> <span class='ocrx_word' id='word_1_99' title='bbox 615 1342 632 1374; x_wconf 79' lang='grc' dir='ltr'><strong>ι</strong></span> <span class='ocrx_word' id='word_1_100' title='bbox 666 1333 721 1376; x_wconf 94' lang='lat' dir='ltr'><strong>et</strong></span> <span class='ocrx_word' id='word_1_101' title='bbox 763 1325 992 1378; x_wconf 78' lang='lat' dir='ltr'><strong>rursds:</strong></span> <span class='ocrx_word' id='word_1_102' title='bbox 1030 1342 1049 1374; x_wconf 77' lang='grc' dir='ltr'><strong>ι</strong></span> <span class='ocrx_word' id='word_1_103' title='bbox 1088 1321 1326 1376; x_wconf 84' lang='lat' dir='ltr'><strong>Tandem</strong></span> <span class='ocrx_word' id='word_1_104' title='bbox 1353 1322 1468 1393; x_wconf 79' lang='grc'>(55)</span> <span class='ocrx_word' id='word_1_105' title='bbox 1493 1322 1785 1392; x_wconf 85' lang='lat' dir='ltr'><strong>aliquando</strong></span> <span class='ocrx_word' id='word_1_106' title='bbox 1822 1337 2044 1393; x_wconf 79' lang='lat' dir='ltr'><strong>prospe-</strong></span> 
     </span>
    </p>
   </div>
   <div class='ocr_carea' id='block_1_15' title="bbox 469 1410 2035 1481">
    <p class='ocr_par' dir='ltr' id='par_1_15' title="bbox 469 1410 2035 1481">
     <span class='ocr_line' id='line_1_15' title="bbox 469 1410 2035 1481; baseline -0.001 -14"><span class='ocrx_word' id='word_1_107' title='bbox 469 1428 587 1467; x_wconf 86' lang='lat' dir='ltr'><strong>rum</strong></span> <span class='ocrx_word' id='word_1_108' title='bbox 623 1414 725 1467; x_wconf 86' lang='lat' dir='ltr'><strong>iter</strong></span> <span class='ocrx_word' id='word_1_109' title='bbox 748 1413 955 1467; x_wconf 86' lang='lat' dir='ltr'><strong>habebo</strong></span> <span class='ocrx_word' id='word_1_110' title='bbox 978 1413 1029 1466; x_wconf 91' lang='lat' dir='ltr'><strong>in</strong></span> <span class='ocrx_word' id='word_1_111' title='bbox 1063 1410 1340 1466; x_wconf 83' lang='lat' dir='ltr'><strong>voluntate</strong></span> <span class='ocrx_word' id='word_1_112' title='bbox 1368 1410 1462 1467; x_wconf 88' lang='lat' dir='ltr'><strong>Dei</strong></span> <span class='ocrx_word' id='word_1_113' title='bbox 1485 1412 1735 1466; x_wconf 90' lang='lat' dir='ltr'><strong>veniendi</strong></span> <span class='ocrx_word' id='word_1_114' title='bbox 1762 1413 1828 1467; x_wconf 89' lang='lat' dir='ltr'><strong>ad</strong></span> <span class='ocrx_word' id='word_1_115' title='bbox 1856 1428 1984 1481; x_wconf 87' lang='lat' dir='ltr'><strong>vos;</strong></span> <span class='ocrx_word' id='word_1_116' title='bbox 2017 1434 2035 1466; x_wconf 74' lang='grc' dir='ltr'><strong>ι</strong></span> 
     </span>
    </p>
   </div>
   <div class='ocr_carea' id='block_1_16' title="bbox 466 1501 2039 1574">
    <p class='ocr_par' dir='ltr' id='par_1_16' title="bbox 466 1501 2039 1574">
     <span class='ocr_line' id='line_1_16' title="bbox 466 1501 2039 1574; baseline 0 -15"><span class='ocrx_word' id='word_1_117' title='bbox 466 1514 519 1559; x_wconf 90' lang='lat' dir='ltr'><strong>et</strong></span> <span class='ocrx_word' id='word_1_118' title='bbox 557 1521 786 1558; x_wconf 76' lang='lat' dir='ltr'><strong>rursus:</strong></span> <span class='ocrx_word' id='word_1_119' title='bbox 819 1522 838 1554; x_wconf 78' lang='grc' dir='ltr'><strong>ι</strong></span> <span class='ocrx_word' id='word_1_120' title='bbox 872 1503 1036 1558; x_wconf 82' lang='lat' dir='ltr'><strong>Orate</strong></span> <span class='ocrx_word' id='word_1_121' title='bbox 1064 1502 1176 1574; x_wconf 84' lang='grc'>(54)</span> <span class='ocrx_word' id='word_1_122' title='bbox 1213 1502 1265 1556; x_wconf 83' lang='lat' dir='ltr'><strong>in</strong></span> <span class='ocrx_word' id='word_1_123' title='bbox 1292 1501 1436 1567; x_wconf 85' lang='lat' dir='ltr'><strong>Deo;</strong></span> <span class='ocrx_word' id='word_1_124' title='bbox 1473 1519 1492 1552; x_wconf 81' lang='grc' dir='ltr'><strong>ι</strong></span> <span class='ocrx_word' id='word_1_125' title='bbox 1530 1512 1586 1556; x_wconf 88' lang='lat' dir='ltr'><strong>et</strong></span> <span class='ocrx_word' id='word_1_126' title='bbox 1624 1517 1813 1557; x_wconf 88' lang='lat' dir='ltr'><strong>rursus</strong></span> <span class='ocrx_word' id='word_1_127' title='bbox 1847 1521 1859 1554; x_wconf 93' lang='lat'><strong>:</strong></span> <span class='ocrx_word' id='word_1_128' title='bbox 1891 1523 1909 1555; x_wconf 85' lang='grc'><em>‹</em></span> <span class='ocrx_word' id='word_1_129' title='bbox 1939 1504 2039 1570; x_wconf 82' lang='lat' dir='ltr'><strong>Qui</strong></span> 
     </span>
    </p>
   </div>
   <div class='ocr_carea' id='block_1_17' title="bbox 466 1592 2041 1665">
    <p class='ocr_par' dir='ltr' id='par_1_17' title="bbox 466 1592 2041 1665">
     <span class='ocr_line' id='line_1_17' title="bbox 466 1592 2041 1665; baseline 0.001 -18"><span class='ocrx_word' id='word_1_130' title='bbox 466 1594 597 1648; x_wconf 78' lang='lat' dir='ltr'><strong>facit</strong></span> <span class='ocrx_word' id='word_1_131' title='bbox 626 1595 738 1665; x_wconf 87' lang='lat'><strong>(55)</strong></span> <span class='ocrx_word' id='word_1_132' title='bbox 772 1598 1080 1658; x_wconf 76' lang='lat' dir='ltr'><strong>veritatem,</strong></span> <span class='ocrx_word' id='word_1_133' title='bbox 1113 1595 1261 1647; x_wconf 91' lang='lat' dir='ltr'><strong>venit</strong></span> <span class='ocrx_word' id='word_1_134' title='bbox 1289 1594 1353 1646; x_wconf 87' lang='lat' dir='ltr'><strong>ad</strong></span> <span class='ocrx_word' id='word_1_135' title='bbox 1383 1592 1577 1658; x_wconf 89' lang='lat' dir='ltr'><strong>lucem,</strong></span> <span class='ocrx_word' id='word_1_136' title='bbox 1606 1603 1662 1647; x_wconf 93' lang='lat' dir='ltr'><strong>nt</strong></span> <span class='ocrx_word' id='word_1_137' title='bbox 1690 1594 2041 1650; x_wconf 78' lang='lat' dir='ltr'><strong>manifesten-</strong></span> 
     </span>
    </p>
   </div>
   <div class='ocr_carea' id='block_1_18' title="bbox 468 1684 1825 1757">
    <p class='ocr_par' dir='ltr' id='par_1_18' title="bbox 468 1684 1825 1757">
     <span class='ocr_line' id='line_1_18' title="bbox 468 1684 1825 1757; baseline -0.003 -17"><span class='ocrx_word' id='word_1_138' title='bbox 468 1695 557 1741; x_wconf 86' lang='lat' dir='ltr'><strong>tur</strong></span> <span class='ocrx_word' id='word_1_139' title='bbox 583 1686 700 1754; x_wconf 67' lang='lat' dir='ltr'><strong>ejus</strong></span> <span class='ocrx_word' id='word_1_140' title='bbox 726 1702 887 1756; x_wconf 82' lang='lat' dir='ltr'><strong>opera</strong></span> <span class='ocrx_word' id='word_1_141' title='bbox 920 1686 1031 1757; x_wconf 85' lang='lat'><strong>(56)</strong></span> <span class='ocrx_word' id='word_1_142' title='bbox 1058 1686 1201 1754; x_wconf 89' lang='lat' dir='ltr'><strong>quod</strong></span> <span class='ocrx_word' id='word_1_143' title='bbox 1236 1685 1288 1738; x_wconf 92' lang='lat' dir='ltr'><strong>in</strong></span> <span class='ocrx_word' id='word_1_144' title='bbox 1314 1685 1422 1739; x_wconf 91' lang='lat' dir='ltr'><strong>Deo</strong></span> <span class='ocrx_word' id='word_1_145' title='bbox 1455 1693 1581 1739; x_wconf 89' lang='lat' dir='ltr'><strong>sunt</strong></span> <span class='ocrx_word' id='word_1_146' title='bbox 1609 1684 1773 1740; x_wconf 82' lang='lat' dir='ltr'><strong>facta.</strong></span> <span class='ocrx_word' id='word_1_147' title='bbox 1805 1703 1825 1736; x_wconf 78' lang='grc' dir='ltr'><strong>ι</strong></span> 
     </span>
    </p>
   </div>
   <div class='ocr_carea' id='block_1_19' title="bbox 540 1775 2035 1832">
    <p class='ocr_par' dir='ltr' id='par_1_19' title="bbox 540 1775 2035 1832">
     <span class='ocr_line' id='line_1_19' title="bbox 540 1775 2035 1832; baseline -0.001 -1"><span class='ocrx_word' id='word_1_148' title='bbox 540 1779 617 1832; x_wconf 90' lang='lat' dir='ltr'><strong>De</strong></span> <span class='ocrx_word' id='word_1_149' title='bbox 665 1778 805 1832; x_wconf 85' lang='lat' dir='ltr'><strong>Filio</strong></span> <span class='ocrx_word' id='word_1_150' title='bbox 864 1788 1048 1831; x_wconf 89' lang='lat' dir='ltr'><strong>autem</strong></span> <span class='ocrx_word' id='word_1_151' title='bbox 1092 1775 1295 1829; x_wconf 81' lang='lat' dir='ltr'><strong>Paulus</strong></span> <span class='ocrx_word' id='word_1_152' title='bbox 1346 1775 1754 1830; x_wconf 87' lang='lat' dir='ltr'><strong>Colosseusibus</strong></span> <span class='ocrx_word' id='word_1_153' title='bbox 1801 1777 2035 1831; x_wconf 87' lang='lat' dir='ltr'><strong>scribit:</strong></span> 
     </span>
    </p>
   </div>
   <div class='ocr_carea' id='block_1_20' title="bbox 2146 595 3682 669">
    <p class='ocr_par' dir='ltr' id='par_1_20' title="bbox 2146 595 3682 669">
     <span class='ocr_line' id='line_1_20' title="bbox 2146 595 3682 669; baseline 0.002 -19"><span class='ocrx_word' id='word_1_154' title='bbox 2146 596 2435 669; x_wconf 81' lang='grc' dir='ltr'>λύτρωσιν,</span> <span class='ocrx_word' id='word_1_155' title='bbox 2476 598 2575 669; x_wconf 82' lang='grc' dir='ltr'><strong>τὴν</strong></span> <span class='ocrx_word' id='word_1_156' title='bbox 2617 597 2809 666; x_wconf 79' lang='grc' dir='ltr'>ἄφεσιν</span> <span class='ocrx_word' id='word_1_157' title='bbox 2866 595 2975 650; x_wconf 82' lang='grc' dir='ltr'><strong>τῶν</strong></span> <span class='ocrx_word' id='word_1_158' title='bbox 3009 596 3294 668; x_wconf 83' lang='grc' dir='ltr'>ἁμαρτιῶν</span> <span class='ocrx_word' id='word_1_159' title='bbox 3315 615 3360 649; x_wconf 75' lang='grc' dir='ltr'><strong>ἰ</strong></span> <span class='ocrx_word' id='word_1_160' title='bbox 3394 597 3492 651; x_wconf 83' lang='grc' dir='ltr'>καὶ</span> <span class='ocrx_word' id='word_1_161' title='bbox 3524 598 3682 653; x_wconf 80' lang='grc' dir='ltr'>πάλιν</span> 
     </span>
    </p>
   </div>
   <div class='ocr_carea' id='block_1_21' title="bbox 2152 685 3715 761">
    <p class='ocr_par' dir='ltr' id='par_1_21' title="bbox 2152 685 3715 761">
     <span class='ocr_line' id='line_1_21' title="bbox 2152 685 3715 761; baseline 0.001 -22"><span class='ocrx_word' id='word_1_162' title='bbox 2152 708 2170 738; x_wconf 76' lang='grc' dir='ltr'><strong>ι</strong></span> <span class='ocrx_word' id='word_1_163' title='bbox 2200 688 2429 750; x_wconf 86' lang='grc' dir='ltr'>Παῦλος.</span> <span class='ocrx_word' id='word_1_164' title='bbox 2474 687 2570 741; x_wconf 78' lang='grc' dir='ltr'>καὶ</span> <span class='ocrx_word' id='word_1_165' title='bbox 2597 685 2900 750; x_wconf 83' lang='grc' dir='ltr'>Σιλουανὸς,</span> <span class='ocrx_word' id='word_1_166' title='bbox 2934 686 3028 739; x_wconf 69' lang='grc' dir='ltr'><strong>κα)⁵</strong></span> <span class='ocrx_word' id='word_1_167' title='bbox 3060 686 3323 757; x_wconf 84' lang='grc' dir='ltr'>Τιμόθεος</span> <span class='ocrx_word' id='word_1_168' title='bbox 3367 689 3436 758; x_wconf 78' lang='grc' dir='ltr'>τῇ</span> <span class='ocrx_word' id='word_1_169' title='bbox 3492 687 3715 761; x_wconf 77' lang='grc' dir='ltr'>Ἐκκλη-</span> 
     </span>
    </p>
   </div>
   <div class='ocr_carea' id='block_1_22' title="bbox 2148 777 3723 852">
    <p class='ocr_par' dir='ltr' id='par_1_22' title="bbox 2148 777 3723 852">
     <span class='ocr_line' id='line_1_22' title="bbox 2148 777 3723 852; baseline -0.001 -19"><span class='ocrx_word' id='word_1_170' title='bbox 2148 781 2239 852; x_wconf 81' lang='grc' dir='ltr'>σίᾳ</span> <span class='ocrx_word' id='word_1_171' title='bbox 2267 778 2701 833; x_wconf 79' lang='grc' dir='ltr'><strong>Θεσσαλονικέων</strong></span> <span class='ocrx_word' id='word_1_172' title='bbox 2734 779 2792 830; x_wconf 88' lang='grc' dir='ltr'><strong>ἐν</strong></span> <span class='ocrx_word' id='word_1_173' title='bbox 2817 777 2936 849; x_wconf 86' lang='grc' dir='ltr'>Θεῷ</span> <span class='ocrx_word' id='word_1_174' title='bbox 2974 778 3152 850; x_wconf 72' lang='grc' dir='ltr'>Πατρὶ</span> <span class='ocrx_word' id='word_1_175' title='bbox 3190 779 3370 849; x_wconf 74' lang='grc' dir='ltr'>ἡμῶν,</span> <span class='ocrx_word' id='word_1_176' title='bbox 3402 781 3499 832; x_wconf 69' lang='grc' dir='ltr'><strong>καὶ</strong></span> <span class='ocrx_word' id='word_1_177' title='bbox 3532 781 3723 852; x_wconf 80' lang='grc' dir='ltr'><strong>Κυρίῳ</strong></span> 
     </span>
    </p>
   </div>
   <div class='ocr_carea' id='block_1_23' title="bbox 2160 869 3721 942">
    <p class='ocr_par' dir='ltr' id='par_1_23' title="bbox 2160 869 3721 942">
     <span class='ocr_line' id='line_1_23' title="bbox 2160 869 3721 942; baseline 0 -17"><span class='ocrx_word' id='word_1_178' title='bbox 2160 870 2332 942; x_wconf 85' lang='grc' dir='ltr'>Ἰησοῦ</span> <span class='ocrx_word' id='word_1_179' title='bbox 2369 869 2653 941; x_wconf 74' lang='grc' dir='ltr'>Χριστῷοι</span> <span class='ocrx_word' id='word_1_180' title='bbox 2704 869 2799 922; x_wconf 72' lang='grc' dir='ltr'>καὶ</span> <span class='ocrx_word' id='word_1_181' title='bbox 2842 869 3035 923; x_wconf 79' lang='grc' dir='ltr'>πάλιν·</span> <span class='ocrx_word' id='word_1_182' title='bbox 3085 888 3103 920; x_wconf 80' lang='grc' dir='ltr'><strong>ι</strong></span> <span class='ocrx_word' id='word_1_183' title='bbox 3139 871 3200 923; x_wconf 75' lang='lat' dir='ltr'><strong>El</strong></span> <span class='ocrx_word' id='word_1_184' title='bbox 3249 870 3307 923; x_wconf 85' lang='grc' dir='ltr'>δὲ</span> <span class='ocrx_word' id='word_1_185' title='bbox 3360 872 3425 924; x_wconf 86' lang='grc' dir='ltr'><strong>σὺ</strong></span> <span class='ocrx_word' id='word_1_186' title='bbox 3472 870 3721 936; x_wconf 79' lang='grc' dir='ltr'>Ἰουδαῖος</span> 
     </span>
    </p>
   </div>
   <div class='ocr_carea' id='block_1_24' title="bbox 2146 961 3723 1034">
    <p class='ocr_par' dir='ltr' id='par_1_24' title="bbox 2146 961 3723 1034">
     <span class='ocr_line' id='line_1_24' title="bbox 2146 961 3723 1034; baseline 0.001 -19"><span class='ocrx_word' id='word_1_187' title='bbox 2146 962 2478 1033; x_wconf 74' lang='grc' dir='ltr'><strong>ἐπονομάζῃ,</strong></span> <span class='ocrx_word' id='word_1_188' title='bbox 2519 961 2613 1014; x_wconf 75' lang='grc' dir='ltr'>καὶ</span> <span class='ocrx_word' id='word_1_189' title='bbox 2651 961 2978 1034; x_wconf 76' lang='grc' dir='ltr'><strong>ἐπαναπαύῃ</strong></span> <span class='ocrx_word' id='word_1_190' title='bbox 3009 962 3177 1032; x_wconf 65' lang='grc' dir='ltr'>νόμῳ,</span> <span class='ocrx_word' id='word_1_191' title='bbox 3220 963 3317 1015; x_wconf 78' lang='grc' dir='ltr'><strong>καὶ</strong></span> <span class='ocrx_word' id='word_1_192' title='bbox 3356 965 3631 1033; x_wconf 77' lang='grc' dir='ltr'><strong>καυχᾶσαι</strong></span> <span class='ocrx_word' id='word_1_193' title='bbox 3663 966 3723 1017; x_wconf 85' lang='grc' dir='ltr'><strong>ἐν</strong></span> 
     </span>
    </p>
   </div>
   <div class='ocr_carea' id='block_1_25' title="bbox 2144 1048 3718 1123">
    <p class='ocr_par' dir='ltr' id='par_1_25' title="bbox 2144 1048 3718 1123">
     <span class='ocr_line' id='line_1_25' title="bbox 2144 1048 3718 1123; baseline 0.001 -18"><span class='ocrx_word' id='word_1_194' title='bbox 2144 1051 2224 1123; x_wconf 83' lang='grc' dir='ltr'><strong>τῷ</strong></span> <span class='ocrx_word' id='word_1_195' title='bbox 2255 1051 2399 1122; x_wconf 76' lang='grc' dir='ltr'><strong>Θεῷ-</strong></span> <span class='ocrx_word' id='word_1_196' title='bbox 2427 1072 2445 1103; x_wconf 80' lang='grc' dir='ltr'><strong>ι</strong></span> <span class='ocrx_word' id='word_1_197' title='bbox 2479 1053 2571 1105; x_wconf 79' lang='grc' dir='ltr'>καὶ</span> <span class='ocrx_word' id='word_1_198' title='bbox 2600 1051 2825 1121; x_wconf 76' lang='grc' dir='ltr'>ἑτέρωθι</span> <span class='ocrx_word' id='word_1_199' title='bbox 2848 1068 2861 1082; x_wconf 89' lang='grc'><strong>·</strong></span> <span class='ocrx_word' id='word_1_200' title='bbox 2904 1070 2922 1103; x_wconf 79' lang='grc' dir='ltr'><strong>ι</strong></span> <span class='ocrx_word' id='word_1_201' title='bbox 2946 1048 3039 1115; x_wconf 79' lang='grc' dir='ltr'><strong>Εἷς</strong></span> <span class='ocrx_word' id='word_1_202' title='bbox 3068 1052 3220 1116; x_wconf 83' lang='grc' dir='ltr'>Θεὸς,</span> <span class='ocrx_word' id='word_1_203' title='bbox 3247 1054 3315 1106; x_wconf 83' lang='grc' dir='ltr'>δι’</span> <span class='ocrx_word' id='word_1_204' title='bbox 3343 1049 3404 1108; x_wconf 74' lang='grc' dir='ltr'>οὗ</span> <span class='ocrx_word' id='word_1_205' title='bbox 3427 1054 3494 1107; x_wconf 78' lang='grc' dir='ltr'>τὰ</span> <span class='ocrx_word' id='word_1_206' title='bbox 3519 1055 3718 1119; x_wconf 86' lang='grc' dir='ltr'>πάντα,</span> 
     </span>
    </p>
   </div>
   <div class='ocr_carea' id='block_1_26' title="bbox 2147 1142 3724 1215">
    <p class='ocr_par' dir='ltr' id='par_1_26' title="bbox 2147 1142 3724 1215">
     <span class='ocr_line' id='line_1_26' title="bbox 2147 1142 3724 1215; baseline -0.001 -17"><span class='ocrx_word' id='word_1_207' title='bbox 2147 1145 2241 1198; x_wconf 73' lang='grc' dir='ltr'><strong>καὶ</strong></span> <span class='ocrx_word' id='word_1_208' title='bbox 2273 1145 2431 1214; x_wconf 75' lang='grc' dir='ltr'>ἡμεῖς</span> <span class='ocrx_word' id='word_1_209' title='bbox 2460 1144 2539 1207; x_wconf 86' lang='grc' dir='ltr'><strong>εἰς</strong></span> <span class='ocrx_word' id='word_1_210' title='bbox 2570 1143 2732 1196; x_wconf 75' lang='grc' dir='ltr'>αὐτόν</span> <span class='ocrx_word' id='word_1_211' title='bbox 2754 1162 2765 1174; x_wconf 71' lang='grc' dir='ltr'><strong><em>ο</em></strong></span> <span class='ocrx_word' id='word_1_212' title='bbox 2808 1162 2827 1194; x_wconf 77' lang='grc' dir='ltr'><strong>ι</strong></span> <span class='ocrx_word' id='word_1_213' title='bbox 2856 1143 2950 1196; x_wconf 76' lang='grc' dir='ltr'>καὶ</span> <span class='ocrx_word' id='word_1_214' title='bbox 2981 1142 3140 1197; x_wconf 84' lang='grc' dir='ltr'>πάλιν</span> <span class='ocrx_word' id='word_1_215' title='bbox 3160 1160 3174 1173; x_wconf 89' lang='grc'><strong>·</strong></span> <span class='ocrx_word' id='word_1_216' title='bbox 3210 1163 3229 1194; x_wconf 77' lang='grc' dir='ltr'><strong>ι</strong></span> <span class='ocrx_word' id='word_1_217' title='bbox 3265 1144 3355 1197; x_wconf 85' lang='grc' dir='ltr'><strong>Ἐν</strong></span> <span class='ocrx_word' id='word_1_218' title='bbox 3381 1144 3458 1213; x_wconf 90' lang='grc' dir='ltr'><strong>τῷ</strong></span> <span class='ocrx_word' id='word_1_219' title='bbox 3502 1144 3620 1215; x_wconf 84' lang='grc' dir='ltr'><strong>Θεῷ</strong></span> <span class='ocrx_word' id='word_1_220' title='bbox 3644 1146 3724 1215; x_wconf 87' lang='grc' dir='ltr'><strong>τῷ</strong></span> 
     </span>
    </p>
   </div>
   <div class='ocr_carea' id='block_1_27' title="bbox 2118 1227 3724 1304">
    <p class='ocr_par' dir='ltr' id='par_1_27' title="bbox 2118 1227 3724 1304">
     <span class='ocr_line' id='line_1_27' title="bbox 2118 1227 3724 1304; baseline 0.001 -18"><span class='ocrx_word' id='word_1_221' title='bbox 2118 1232 2215 1291; x_wconf 16' lang='grc' dir='ltr'><strong>,τὰ</strong></span> <span class='ocrx_word' id='word_1_222' title='bbox 2242 1233 2419 1287; x_wconf 83' lang='grc' dir='ltr'>πάντα</span> <span class='ocrx_word' id='word_1_223' title='bbox 2446 1232 2712 1286; x_wconf 77' lang='grc' dir='ltr'>κτίσαντιο</span> <span class='ocrx_word' id='word_1_224' title='bbox 2743 1252 2762 1285; x_wconf 80' lang='grc' dir='ltr'><strong>ι</strong></span> <span class='ocrx_word' id='word_1_225' title='bbox 2807 1227 2963 1296; x_wconf 79' lang='grc' dir='ltr'>αὖθίς</span> <span class='ocrx_word' id='word_1_226' title='bbox 3008 1250 3069 1285; x_wconf 87' lang='grc' dir='ltr'><strong>τε</strong></span> <span class='ocrx_word' id='word_1_227' title='bbox 3088 1250 3102 1264; x_wconf 78' lang='grc' dir='ltr'><strong>ο</strong></span> <span class='ocrx_word' id='word_1_228' title='bbox 3141 1252 3160 1284; x_wconf 77' lang='grc' dir='ltr'><strong>ι</strong></span> <span class='ocrx_word' id='word_1_229' title='bbox 3189 1234 3329 1304; x_wconf 83' lang='grc' dir='ltr'>Ἤδη</span> <span class='ocrx_word' id='word_1_230' title='bbox 3363 1238 3494 1290; x_wconf 85' lang='grc' dir='ltr'>ποτὲ</span> <span class='ocrx_word' id='word_1_231' title='bbox 3525 1235 3724 1289; x_wconf 82' lang='grc' dir='ltr'>εὐοδω-</span> 
     </span>
    </p>
   </div>
   <div class='ocr_carea' id='block_1_28' title="bbox 2147 1323 3720 1397">
    <p class='ocr_par' dir='ltr' id='par_1_28' title="bbox 2147 1323 3720 1397">
     <span class='ocr_line' id='line_1_28' title="bbox 2147 1323 3720 1397; baseline -0.001 -18"><span class='ocrx_word' id='word_1_232' title='bbox 2147 1325 2381 1396; x_wconf 81' lang='grc' dir='ltr'>θήσομαι</span> <span class='ocrx_word' id='word_1_233' title='bbox 2407 1326 2465 1378; x_wconf 86' lang='grc' dir='ltr'>ὲν</span> <span class='ocrx_word' id='word_1_234' title='bbox 2483 1324 2562 1396; x_wconf 86' lang='grc' dir='ltr'><strong>τῷ</strong></span> <span class='ocrx_word' id='word_1_235' title='bbox 2589 1323 2851 1395; x_wconf 83' lang='grc' dir='ltr'>θελήματι</span> <span class='ocrx_word' id='word_1_236' title='bbox 2865 1323 2959 1377; x_wconf 88' lang='grc' dir='ltr'><strong>τοῦ</strong></span> <span class='ocrx_word' id='word_1_237' title='bbox 2982 1323 3117 1377; x_wconf 86' lang='grc' dir='ltr'>Θεοῦ</span> <span class='ocrx_word' id='word_1_238' title='bbox 3147 1323 3321 1379; x_wconf 79' lang='grc' dir='ltr'>ἐλθεῖν</span> <span class='ocrx_word' id='word_1_239' title='bbox 3352 1327 3489 1397; x_wconf 81' lang='grc' dir='ltr'>πρὸς</span> <span class='ocrx_word' id='word_1_240' title='bbox 3519 1329 3720 1397; x_wconf 77' lang='grc' dir='ltr'>ὑμᾶςί</span> 
     </span>
    </p>
   </div>
   <div class='ocr_carea' id='block_1_29' title="bbox 2146 1414 3726 1489">
    <p class='ocr_par' dir='ltr' id='par_1_29' title="bbox 2146 1414 3726 1489">
     <span class='ocr_line' id='line_1_29' title="bbox 2146 1414 3726 1489; baseline 0.002 -19"><span class='ocrx_word' id='word_1_241' title='bbox 2146 1417 2239 1470; x_wconf 86' lang='grc' dir='ltr'><strong>καὶ</strong></span> <span class='ocrx_word' id='word_1_242' title='bbox 2287 1416 2479 1471; x_wconf 86' lang='grc' dir='ltr'>πάλιν·</span> <span class='ocrx_word' id='word_1_243' title='bbox 2533 1436 2551 1468; x_wconf 76' lang='grc' dir='ltr'><strong>ι</strong></span> <span class='ocrx_word' id='word_1_244' title='bbox 2579 1414 2816 1486; x_wconf 77' lang='grc' dir='ltr'>Εὕχεσθε</span> <span class='ocrx_word' id='word_1_245' title='bbox 2860 1420 2919 1470; x_wconf 87' lang='grc' dir='ltr'><strong>ἐν</strong></span> <span class='ocrx_word' id='word_1_246' title='bbox 2966 1417 3152 1489; x_wconf 76' lang='grc' dir='ltr'>Θεῷοι</span> <span class='ocrx_word' id='word_1_247' title='bbox 3213 1420 3309 1471; x_wconf 64' lang='grc' dir='ltr'><strong>καὶ¹</strong></span> <span class='ocrx_word' id='word_1_248' title='bbox 3358 1420 3553 1475; x_wconf 60' lang='grc' dir='ltr'>πάλιν</span> <span class='ocrx_word' id='word_1_249' title='bbox 3613 1442 3629 1471; x_wconf 80' lang='grc' dir='ltr'><strong>ι</strong></span> <span class='ocrx_word' id='word_1_250' title='bbox 3662 1422 3726 1473; x_wconf 88' lang='grc' dir='ltr'>Ὀ</span> 
     </span>
    </p>
   </div>
   <div class='ocr_carea' id='block_1_30' title="bbox 2147 1502 3724 1579">
    <p class='ocr_par' dir='ltr' id='par_1_30' title="bbox 2147 1502 3724 1579">
     <span class='ocr_line' id='line_1_30' title="bbox 2147 1502 3724 1579; baseline 0.002 -20"><span class='ocrx_word' id='word_1_251' title='bbox 2147 1505 2315 1559; x_wconf 82' lang='grc' dir='ltr'>ποιῶν</span> <span class='ocrx_word' id='word_1_252' title='bbox 2346 1505 2444 1577; x_wconf 79' lang='grc' dir='ltr'>τὴν</span> <span class='ocrx_word' id='word_1_253' title='bbox 2476 1506 2756 1577; x_wconf 75' lang='grc' dir='ltr'>ἀληθειαν,</span> <span class='ocrx_word' id='word_1_254' title='bbox 2796 1502 3016 1577; x_wconf 77' lang='grc' dir='ltr'>ἔρχεται</span> <span class='ocrx_word' id='word_1_255' title='bbox 3044 1508 3181 1579; x_wconf 76' lang='grc' dir='ltr'>πρὸς</span> <span class='ocrx_word' id='word_1_256' title='bbox 3213 1508 3274 1561; x_wconf 82' lang='grc' dir='ltr'>τὸ</span> <span class='ocrx_word' id='word_1_257' title='bbox 3312 1507 3446 1578; x_wconf 82' lang='grc' dir='ltr'>φῶς,</span> <span class='ocrx_word' id='word_1_258' title='bbox 3483 1509 3571 1562; x_wconf 80' lang='grc' dir='ltr'><strong>ἵνα</strong></span> <span class='ocrx_word' id='word_1_259' title='bbox 3611 1526 3724 1577; x_wconf 79' lang='grc' dir='ltr'><strong>φα-</strong></span> 
     </span>
    </p>
   </div>
   <div class='ocr_carea' id='block_1_31' title="bbox 2146 1595 3538 1669">
    <p class='ocr_par' dir='ltr' id='par_1_31' title="bbox 2146 1595 3538 1669">
     <span class='ocr_line' id='line_1_31' title="bbox 2146 1595 3538 1669; baseline 0.003 -21"><span class='ocrx_word' id='word_1_260' title='bbox 2146 1596 2355 1669; x_wconf 80' lang='grc' dir='ltr'>νερωθῇ</span> <span class='ocrx_word' id='word_1_261' title='bbox 2383 1595 2569 1661; x_wconf 80' lang='grc' dir='ltr'>αὐτοῦ,</span> <span class='ocrx_word' id='word_1_262' title='bbox 2610 1598 2692 1649; x_wconf 80' lang='grc' dir='ltr'>ὅτι</span> <span class='ocrx_word' id='word_1_263' title='bbox 2720 1598 2778 1651; x_wconf 92' lang='lat' dir='ltr'><strong>tv</strong></span> <span class='ocrx_word' id='word_1_264' title='bbox 2804 1597 2924 1668; x_wconf 88' lang='grc' dir='ltr'><strong>Θεῷ</strong></span> <span class='ocrx_word' id='word_1_265' title='bbox 2955 1598 3093 1651; x_wconf 75' lang='grc' dir='ltr'>εἰσιν</span> <span class='ocrx_word' id='word_1_266' title='bbox 3121 1599 3479 1669; x_wconf 79' lang='grc' dir='ltr'>εἰργασμένα.</span> <span class='ocrx_word' id='word_1_267' title='bbox 3519 1619 3538 1652; x_wconf 75' lang='grc' dir='ltr'><strong>ι</strong></span> 
     </span>
    </p>
   </div>
   <div class='ocr_carea' id='block_1_32' title="bbox 2216 1774 3725 1847">
    <p class='ocr_par' dir='ltr' id='par_1_32' title="bbox 2216 1774 3725 1847">
     <span class='ocr_line' id='line_1_32' title="bbox 2216 1774 3725 1847; baseline 0 -19"><span class='ocrx_word' id='word_1_268' title='bbox 2216 1776 2349 1846; x_wconf 73' lang='grc' dir='ltr'>Περὶ</span> <span class='ocrx_word' id='word_1_269' title='bbox 2389 1774 2482 1829; x_wconf 86' lang='grc' dir='ltr'><strong>τοῦ</strong></span> <span class='ocrx_word' id='word_1_270' title='bbox 2524 1775 2675 1835; x_wconf 84' lang='grc' dir='ltr'>Υἱοῦ,</span> <span class='ocrx_word' id='word_1_271' title='bbox 2716 1775 2925 1838; x_wconf 81' lang='grc' dir='ltr'>Παῦλος</span> <span class='ocrx_word' id='word_1_272' title='bbox 2977 1775 3349 1830; x_wconf 84' lang='grc' dir='ltr'>Κολοσσαεῦσι</span> <span class='ocrx_word' id='word_1_273' title='bbox 3386 1776 3517 1847; x_wconf 84' lang='grc' dir='ltr'>μέν·</span> <span class='ocrx_word' id='word_1_274' title='bbox 3552 1794 3570 1827; x_wconf 82' lang='grc' dir='ltr'><strong>ι</strong></span> <span class='ocrx_word' id='word_1_275' title='bbox 3597 1777 3725 1830; x_wconf 82' lang='grc' dir='ltr'>’Ότι</span> 
     </span>
    </p>
   </div>
   <div class='ocr_carea' id='block_1_33' title="bbox 473 1865 2043 1951">
    <p class='ocr_par' dir='ltr' id='par_1_33' title="bbox 473 1868 2038 1940">
     <span class='ocr_line' id='line_1_33' title="bbox 473 1868 2038 1940; baseline 0 -17"><span class='ocrx_word' id='word_1_276' title='bbox 473 1889 492 1923; x_wconf 76' lang='grc' dir='ltr'><strong>ι</strong></span> <span class='ocrx_word' id='word_1_277' title='bbox 532 1871 796 1937; x_wconf 86' lang='lat' dir='ltr'><strong>Quoniam</strong></span> <span class='ocrx_word' id='word_1_278' title='bbox 830 1870 941 1940; x_wconf 82' lang='lat'><strong>(57)</strong></span> <span class='ocrx_word' id='word_1_279' title='bbox 976 1868 1029 1922; x_wconf 88' lang='lat' dir='ltr'><strong>in</strong></span> <span class='ocrx_word' id='word_1_280' title='bbox 1054 1868 1172 1938; x_wconf 80' lang='lat' dir='ltr'><strong>ipso</strong></span> <span class='ocrx_word' id='word_1_281' title='bbox 1203 1877 1382 1922; x_wconf 90' lang='lat' dir='ltr'><strong>creata</strong></span> <span class='ocrx_word' id='word_1_282' title='bbox 1415 1878 1542 1922; x_wconf 93' lang='lat' dir='ltr'><strong>sunt</strong></span> <span class='ocrx_word' id='word_1_283' title='bbox 1571 1868 1751 1921; x_wconf 89' lang='lat' dir='ltr'><strong>omnia</strong></span> <span class='ocrx_word' id='word_1_284' title='bbox 1783 1868 1833 1922; x_wconf 93' lang='lat' dir='ltr'><strong>in</strong></span> <span class='ocrx_word' id='word_1_285' title='bbox 1865 1869 2038 1935; x_wconf 66' lang='lat' dir='ltr'><strong>caelis,</strong></span> 
     </span>
    </p>
   </div>
   <div class='ocr_carea' id='block_1_34' title="bbox 2145 1865 3727 1951">
    <p class='ocr_par' dir='ltr' id='par_1_34' title="bbox 2145 1865 3727 1938">
     <span class='ocr_line' id='line_1_34' title="bbox 2145 1865 3727 1938; baseline 0.002 -22"><span class='ocrx_word' id='word_1_286' title='bbox 2145 1865 2203 1917; x_wconf 89' lang='lat' dir='ltr'><strong>tv</strong></span> <span class='ocrx_word' id='word_1_287' title='bbox 2228 1865 2376 1936; x_wconf 78' lang='grc' dir='ltr'>αὐτῷ</span> <span class='ocrx_word' id='word_1_288' title='bbox 2407 1866 2630 1936; x_wconf 76' lang='grc' dir='ltr'>ἐκτίσθη</span> <span class='ocrx_word' id='word_1_289' title='bbox 2661 1865 2729 1919; x_wconf 69' lang='grc' dir='ltr'><strong>τά</strong></span> <span class='ocrx_word' id='word_1_290' title='bbox 2762 1866 2940 1918; x_wconf 85' lang='grc' dir='ltr'>πάντα</span> <span class='ocrx_word' id='word_1_291' title='bbox 2987 1868 3044 1919; x_wconf 85' lang='lat' dir='ltr'><strong>tv</strong></span> <span class='ocrx_word' id='word_1_292' title='bbox 3080 1869 3191 1930; x_wconf 83' lang='grc' dir='ltr'>τοῖς</span> <span class='ocrx_word' id='word_1_293' title='bbox 3228 1867 3475 1938; x_wconf 80' lang='grc' dir='ltr'>οὐρανοῖς</span> <span class='ocrx_word' id='word_1_294' title='bbox 3504 1869 3598 1920; x_wconf 73' lang='grc' dir='ltr'><strong>καὶ</strong></span> <span class='ocrx_word' id='word_1_295' title='bbox 3623 1868 3727 1922; x_wconf 78' lang='grc' dir='ltr'>ἐπὶ</span> 
     </span>
    </p>
   </div>
   <div class='ocr_carea' id='block_1_35' title="bbox 464 1960 2044 2029">
    <p class='ocr_par' dir='ltr' id='par_1_35' title="bbox 464 1960 2044 2029">
     <span class='ocr_line' id='line_1_35' title="bbox 464 1960 2044 2029; baseline -0.003 -10"><span class='ocrx_word' id='word_1_296' title='bbox 464 1974 520 2020; x_wconf 89' lang='lat' dir='ltr'><strong>et</strong></span> <span class='ocrx_word' id='word_1_297' title='bbox 546 1965 600 2018; x_wconf 92' lang='lat' dir='ltr'><strong>in</strong></span> <span class='ocrx_word' id='word_1_298' title='bbox 631 1975 797 2028; x_wconf 88' lang='lat' dir='ltr'><strong>terra,</strong></span> <span class='ocrx_word' id='word_1_299' title='bbox 832 1962 1082 2029; x_wconf 82' lang='lat' dir='ltr'><strong>visibilia,</strong></span> <span class='ocrx_word' id='word_1_300' title='bbox 1118 1971 1174 2016; x_wconf 91' lang='lat' dir='ltr'><strong>et</strong></span> <span class='ocrx_word' id='word_1_301' title='bbox 1211 1960 1523 2027; x_wconf 88' lang='lat' dir='ltr'><strong>invisibilia,</strong></span> <span class='ocrx_word' id='word_1_302' title='bbox 1553 1961 1668 2017; x_wconf 88' lang='lat' dir='ltr'><strong>sive</strong></span> <span class='ocrx_word' id='word_1_303' title='bbox 1699 1961 1899 2025; x_wconf 89' lang='lat' dir='ltr'><strong>throni,</strong></span> <span class='ocrx_word' id='word_1_304' title='bbox 1931 1962 2044 2015; x_wconf 78' lang='lat' dir='ltr'><strong>sive</strong></span> 
     </span>
    </p>
   </div>
   <div class='ocr_carea' id='block_1_36' title="bbox 466 2052 2047 2123">
    <p class='ocr_par' dir='ltr' id='par_1_36' title="bbox 466 2052 2047 2123">
     <span class='ocr_line' id='line_1_36' title="bbox 466 2052 2047 2123; baseline -0.004 -11"><span class='ocrx_word' id='word_1_305' title='bbox 466 2056 884 2119; x_wconf 87' lang='lat' dir='ltr'><strong>dominationes,</strong></span> <span class='ocrx_word' id='word_1_306' title='bbox 922 2055 1036 2109; x_wconf 89' lang='lat' dir='ltr'><strong>sive</strong></span> <span class='ocrx_word' id='word_1_307' title='bbox 1063 2052 1425 2122; x_wconf 88' lang='lat' dir='ltr'><strong>principatus,</strong></span> <span class='ocrx_word' id='word_1_308' title='bbox 1450 2053 1564 2107; x_wconf 87' lang='lat' dir='ltr'><strong>sive</strong></span> <span class='ocrx_word' id='word_1_309' title='bbox 1597 2064 1913 2123; x_wconf 87' lang='lat' dir='ltr'><strong>potestates,</strong></span> <span class='ocrx_word' id='word_1_310' title='bbox 1935 2069 2047 2107; x_wconf 91' lang='lat' dir='ltr'><strong>om-</strong></span> 
     </span>
    </p>
   </div>
   <div class='ocr_carea' id='block_1_37' title="bbox 465 2144 2047 2217">
    <p class='ocr_par' dir='ltr' id='par_1_37' title="bbox 465 2144 2047 2217">
     <span class='ocr_line' id='line_1_37' title="bbox 465 2144 2047 2217; baseline -0.002 -15"><span class='ocrx_word' id='word_1_311' title='bbox 465 2151 554 2202; x_wconf 89' lang='lat' dir='ltr'><strong>nia</strong></span> <span class='ocrx_word' id='word_1_312' title='bbox 591 2162 687 2217; x_wconf 85' lang='lat' dir='ltr'><strong>per</strong></span> <span class='ocrx_word' id='word_1_313' title='bbox 715 2148 921 2217; x_wconf 89' lang='lat' dir='ltr'><strong>ipsum,</strong></span> <span class='ocrx_word' id='word_1_314' title='bbox 955 2153 1011 2201; x_wconf 87' lang='lat' dir='ltr'><strong>et</strong></span> <span class='ocrx_word' id='word_1_315' title='bbox 1040 2147 1092 2199; x_wconf 90' lang='lat' dir='ltr'><strong>in</strong></span> <span class='ocrx_word' id='word_1_316' title='bbox 1137 2147 1254 2215; x_wconf 91' lang='lat' dir='ltr'><strong>ipso</strong></span> <span class='ocrx_word' id='word_1_317' title='bbox 1295 2154 1477 2199; x_wconf 89' lang='lat' dir='ltr'><strong>creata</strong></span> <span class='ocrx_word' id='word_1_318' title='bbox 1527 2153 1690 2199; x_wconf 90' lang='lat' dir='ltr'><strong>sunt:</strong></span> <span class='ocrx_word' id='word_1_319' title='bbox 1724 2155 1778 2199; x_wconf 90' lang='lat' dir='ltr'><strong>et</strong></span> <span class='ocrx_word' id='word_1_320' title='bbox 1817 2144 1930 2212; x_wconf 91' lang='lat' dir='ltr'><strong>ipse</strong></span> <span class='ocrx_word' id='word_1_321' title='bbox 1962 2153 2047 2199; x_wconf 87' lang='lat' dir='ltr'><strong>est</strong></span> 
     </span>
    </p>
   </div>
   <div class='ocr_carea' id='block_1_38' title="bbox 468 2235 2043 2306">
    <p class='ocr_par' dir='ltr' id='par_1_38' title="bbox 468 2235 2043 2306">
     <span class='ocr_line' id='line_1_38' title="bbox 468 2235 2043 2306; baseline -0.005 -12"><span class='ocrx_word' id='word_1_322' title='bbox 468 2250 598 2294; x_wconf 87' lang='lat' dir='ltr'><strong>ante</strong></span> <span class='ocrx_word' id='word_1_323' title='bbox 617 2240 822 2306; x_wconf 91' lang='lat' dir='ltr'><strong>omnia,</strong></span> <span class='ocrx_word' id='word_1_324' title='bbox 851 2249 905 2292; x_wconf 91' lang='lat' dir='ltr'><strong>et</strong></span> <span class='ocrx_word' id='word_1_325' title='bbox 932 2238 1115 2292; x_wconf 88' lang='lat' dir='ltr'><strong>omnia</strong></span> <span class='ocrx_word' id='word_1_326' title='bbox 1157 2238 1211 2291; x_wconf 90' lang='lat' dir='ltr'><strong>in</strong></span> <span class='ocrx_word' id='word_1_327' title='bbox 1247 2237 1366 2306; x_wconf 85' lang='lat' dir='ltr'><strong>ipso</strong></span> <span class='ocrx_word' id='word_1_328' title='bbox 1401 2242 1686 2301; x_wconf 88' lang='lat' dir='ltr'><strong>constant;</strong></span> <span class='ocrx_word' id='word_1_329' title='bbox 1719 2253 1737 2285; x_wconf 75' lang='grc' dir='ltr'><strong>ι</strong></span> <span class='ocrx_word' id='word_1_330' title='bbox 1767 2244 1819 2288; x_wconf 89' lang='lat' dir='ltr'><strong>et</strong></span> <span class='ocrx_word' id='word_1_331' title='bbox 1851 2235 2043 2290; x_wconf 84' lang='lat' dir='ltr'><strong>Corin-</strong></span> 
     </span>
    </p>
   </div>
   <div class='ocr_carea' id='block_1_39' title="bbox 468 2325 2044 2398">
    <p class='ocr_par' dir='ltr' id='par_1_39' title="bbox 468 2325 2044 2398">
     <span class='ocr_line' id='line_1_39' title="bbox 468 2325 2044 2398; baseline -0.003 -13"><span class='ocrx_word' id='word_1_332' title='bbox 468 2332 600 2385; x_wconf 91' lang='lat' dir='ltr'><strong>thiis</strong></span> <span class='ocrx_word' id='word_1_333' title='bbox 628 2330 682 2383; x_wconf 93' lang='lat' dir='ltr'><strong>in</strong></span> <span class='ocrx_word' id='word_1_334' title='bbox 716 2329 889 2397; x_wconf 90' lang='lat' dir='ltr'><strong>prima</strong></span> <span class='ocrx_word' id='word_1_335' title='bbox 919 2328 1159 2397; x_wconf 84' lang='lat' dir='ltr'><strong>Epistola</strong></span> <span class='ocrx_word' id='word_1_336' title='bbox 1192 2345 1205 2382; x_wconf 93' lang='lat'><strong>:</strong></span> <span class='ocrx_word' id='word_1_337' title='bbox 1236 2347 1256 2379; x_wconf 73' lang='grc' dir='ltr'><strong>ι</strong></span> <span class='ocrx_word' id='word_1_338' title='bbox 1289 2325 1394 2382; x_wconf 86' lang='lat' dir='ltr'><strong>Sed</strong></span> <span class='ocrx_word' id='word_1_339' title='bbox 1427 2327 1595 2382; x_wconf 86' lang='lat' dir='ltr'><strong>abluti</strong></span> <span class='ocrx_word' id='word_1_340' title='bbox 1620 2326 1733 2398; x_wconf 88' lang='grc'>(58)</span> <span class='ocrx_word' id='word_1_341' title='bbox 1763 2326 1919 2391; x_wconf 88' lang='lat' dir='ltr'><strong>estis,</strong></span> <span class='ocrx_word' id='word_1_342' title='bbox 1950 2326 2044 2380; x_wconf 85' lang='lat' dir='ltr'><strong>sed</strong></span> 
     </span>
    </p>
   </div>
   <div class='ocr_carea' id='block_1_40' title="bbox 412 2416 2047 2491">
    <p class='ocr_par' dir='ltr' id='par_1_40' title="bbox 412 2416 2047 2491">
     <span class='ocr_line' id='line_1_40' title="bbox 412 2416 2047 2491; baseline -0.003 -16"><span class='ocrx_word' id='word_1_343' title='bbox 412 2440 415 2441; x_wconf 60' lang='lat'><strong><em>&#39;</em></strong></span> <span class='ocrx_word' id='word_1_344' title='bbox 461 2419 747 2491; x_wconf 83' lang='lat' dir='ltr'><strong>justiticati</strong></span> <span class='ocrx_word' id='word_1_345' title='bbox 774 2421 932 2486; x_wconf 88' lang='lat' dir='ltr'><strong>estis,</strong></span> <span class='ocrx_word' id='word_1_346' title='bbox 963 2419 1058 2473; x_wconf 89' lang='lat' dir='ltr'><strong>sed</strong></span> <span class='ocrx_word' id='word_1_347' title='bbox 1088 2417 1411 2473; x_wconf 73' lang='lat' dir='ltr'><strong>sanctificati</strong></span> <span class='ocrx_word' id='word_1_348' title='bbox 1439 2416 1575 2472; x_wconf 85' lang='lat' dir='ltr'><strong>estis</strong></span> <span class='ocrx_word' id='word_1_349' title='bbox 1601 2418 1653 2470; x_wconf 95' lang='lat' dir='ltr'><strong>in</strong></span> <span class='ocrx_word' id='word_1_350' title='bbox 1687 2417 1905 2471; x_wconf 89' lang='lat' dir='ltr'><strong>nomine</strong></span> <span class='ocrx_word' id='word_1_351' title='bbox 1935 2416 2047 2470; x_wconf 79' lang='lat' dir='ltr'><strong>Do-</strong></span> 
     </span>
    </p>
   </div>
   <div class='ocr_carea' id='block_1_41' title="bbox 471 2507 2046 2578">
    <p class='ocr_par' dir='ltr' id='par_1_41' title="bbox 471 2507 2046 2578">
     <span class='ocr_line' id='line_1_41' title="bbox 471 2507 2046 2578; baseline -0.001 -14"><span class='ocrx_word' id='word_1_352' title='bbox 471 2512 601 2564; x_wconf 88' lang='lat' dir='ltr'><strong>mini</strong></span> <span class='ocrx_word' id='word_1_353' title='bbox 627 2509 755 2565; x_wconf 78' lang='lat' dir='ltr'><strong>Jesu</strong></span> <span class='ocrx_word' id='word_1_354' title='bbox 781 2508 1006 2574; x_wconf 85' lang='lat' dir='ltr'><strong>Christi,</strong></span> <span class='ocrx_word' id='word_1_355' title='bbox 1041 2517 1094 2564; x_wconf 91' lang='lat' dir='ltr'><strong>et</strong></span> <span class='ocrx_word' id='word_1_356' title='bbox 1129 2509 1187 2569; x_wconf 79' lang='lat' dir='ltr'><strong>in</strong></span> <span class='ocrx_word' id='word_1_357' title='bbox 1211 2507 1418 2578; x_wconf 88' lang='lat' dir='ltr'><strong>Spiritu</strong></span> <span class='ocrx_word' id='word_1_358' title='bbox 1457 2507 1552 2562; x_wconf 90' lang='lat' dir='ltr'><strong>Dei</strong></span> <span class='ocrx_word' id='word_1_359' title='bbox 1580 2511 1786 2574; x_wconf 86' lang='lat' dir='ltr'><strong>nostri;</strong></span> <span class='ocrx_word' id='word_1_360' title='bbox 1818 2525 1837 2559; x_wconf 80' lang='grc' dir='ltr'><strong>ι</strong></span> <span class='ocrx_word' id='word_1_361' title='bbox 1875 2509 1926 2560; x_wconf 93' lang='lat' dir='ltr'><strong>in</strong></span> <span class='ocrx_word' id='word_1_362' title='bbox 1961 2522 2046 2563; x_wconf 84' lang='lat' dir='ltr'><strong>se-</strong></span> 
     </span>
    </p>
   </div>
   <div class='ocr_carea' id='block_1_42' title="bbox 468 2597 2046 2669">
    <p class='ocr_par' dir='ltr' id='par_1_42' title="bbox 468 2597 2046 2669">
     <span class='ocr_line' id='line_1_42' title="bbox 468 2597 2046 2669; baseline -0.001 -15"><span class='ocrx_word' id='word_1_363' title='bbox 468 2601 647 2655; x_wconf 89' lang='lat' dir='ltr'><strong>cunda</strong></span> <span class='ocrx_word' id='word_1_364' title='bbox 680 2614 842 2653; x_wconf 91' lang='lat' dir='ltr'><strong>vero:</strong></span> <span class='ocrx_word' id='word_1_365' title='bbox 879 2618 897 2651; x_wconf 74' lang='grc' dir='ltr'><strong>ι</strong></span> <span class='ocrx_word' id='word_1_366' title='bbox 932 2597 1042 2653; x_wconf 89' lang='lat' dir='ltr'><strong>Deo</strong></span> <span class='ocrx_word' id='word_1_367' title='bbox 1066 2597 1179 2669; x_wconf 90' lang='lat'><strong>(59)</strong></span> <span class='ocrx_word' id='word_1_368' title='bbox 1225 2609 1406 2652; x_wconf 87' lang='lat' dir='ltr'><strong>autem</strong></span> <span class='ocrx_word' id='word_1_369' title='bbox 1457 2598 1655 2668; x_wconf 80' lang='lat' dir='ltr'><strong>gratia,</strong></span> <span class='ocrx_word' id='word_1_370' title='bbox 1691 2598 1782 2668; x_wconf 91' lang='lat' dir='ltr'><strong>qui</strong></span> <span class='ocrx_word' id='word_1_371' title='bbox 1832 2612 2046 2667; x_wconf 90' lang='lat' dir='ltr'><strong>semper</strong></span> 
     </span>
    </p>
   </div>
   <div class='ocr_carea' id='block_1_43' title="bbox 473 2687 2045 2759">
    <p class='ocr_par' dir='ltr' id='par_1_43' title="bbox 473 2687 2045 2759">
     <span class='ocr_line' id='line_1_43' title="bbox 473 2687 2045 2759; baseline -0.001 -16"><span class='ocrx_word' id='word_1_372' title='bbox 473 2690 775 2759; x_wconf 74' lang='lat' dir='ltr'><strong>triumphat</strong></span> <span class='ocrx_word' id='word_1_373' title='bbox 820 2705 918 2745; x_wconf 87' lang='lat' dir='ltr'><strong>nos</strong></span> <span class='ocrx_word' id='word_1_374' title='bbox 953 2689 1005 2743; x_wconf 94' lang='lat' dir='ltr'><strong>in</strong></span> <span class='ocrx_word' id='word_1_375' title='bbox 1042 2687 1286 2755; x_wconf 87' lang='lat' dir='ltr'><strong>Christo,</strong></span> <span class='ocrx_word' id='word_1_376' title='bbox 1332 2699 1388 2744; x_wconf 91' lang='lat' dir='ltr'><strong>et</strong></span> <span class='ocrx_word' id='word_1_377' title='bbox 1425 2688 1644 2743; x_wconf 90' lang='lat' dir='ltr'><strong>odorem</strong></span> <span class='ocrx_word' id='word_1_378' title='bbox 1688 2688 1894 2742; x_wconf 79' lang='lat' dir='ltr'><strong>notitiae</strong></span> <span class='ocrx_word' id='word_1_379' title='bbox 1933 2704 2045 2741; x_wconf 73' lang='lat' dir='ltr'><strong>sua:</strong></span> 
     </span>
    </p>
   </div>
   <div class='ocr_carea' id='block_1_44' title="bbox 469 2776 2041 2849">
    <p class='ocr_par' dir='ltr' id='par_1_44' title="bbox 469 2776 2041 2849">
     <span class='ocr_line' id='line_1_44' title="bbox 469 2776 2041 2849; baseline -0.002 -15"><span class='ocrx_word' id='word_1_380' title='bbox 469 2781 783 2835; x_wconf 81' lang='lat' dir='ltr'><strong>manifestat</strong></span> <span class='ocrx_word' id='word_1_381' title='bbox 823 2794 920 2849; x_wconf 83' lang='lat' dir='ltr'><strong>per</strong></span> <span class='ocrx_word' id='word_1_382' title='bbox 960 2793 1099 2844; x_wconf 89' lang='lat' dir='ltr'><strong>nos;</strong></span> <span class='ocrx_word' id='word_1_383' title='bbox 1139 2796 1158 2831; x_wconf 78' lang='grc' dir='ltr'><strong>ι</strong></span> <span class='ocrx_word' id='word_1_384' title='bbox 1204 2788 1259 2833; x_wconf 89' lang='lat' dir='ltr'><strong>et</strong></span> <span class='ocrx_word' id='word_1_385' title='bbox 1301 2792 1530 2833; x_wconf 84' lang='lat' dir='ltr'><strong>rursus:</strong></span> <span class='ocrx_word' id='word_1_386' title='bbox 1562 2795 1581 2827; x_wconf 78' lang='grc' dir='ltr'><strong>ι</strong></span> <span class='ocrx_word' id='word_1_387' title='bbox 1616 2776 1806 2846; x_wconf 89' lang='lat' dir='ltr'><strong>Itaque</strong></span> <span class='ocrx_word' id='word_1_388' title='bbox 1847 2776 1959 2847; x_wconf 86' lang='lat'><strong>(60)</strong></span> <span class='ocrx_word' id='word_1_389' title='bbox 1998 2777 2041 2831; x_wconf 86' lang='lat' dir='ltr'><strong>si</strong></span> 
     </span>
    </p>
   </div>
   <div class='ocr_carea' id='block_1_45' title="bbox 468 2868 2039 2941">
    <p class='ocr_par' dir='ltr' id='par_1_45' title="bbox 468 2868 2039 2941">
     <span class='ocr_line' id='line_1_45' title="bbox 468 2868 2039 2941; baseline -0.003 -17"><span class='ocrx_word' id='word_1_390' title='bbox 468 2872 593 2941; x_wconf 89' lang='lat' dir='ltr'><strong>quis</strong></span> <span class='ocrx_word' id='word_1_391' title='bbox 623 2872 676 2925; x_wconf 90' lang='lat' dir='ltr'><strong>in</strong></span> <span class='ocrx_word' id='word_1_392' title='bbox 722 2871 965 2935; x_wconf 83' lang='lat' dir='ltr'><strong>Christo,</strong></span> <span class='ocrx_word' id='word_1_393' title='bbox 1014 2884 1153 2924; x_wconf 86' lang='lat' dir='ltr'><strong>nova</strong></span> <span class='ocrx_word' id='word_1_394' title='bbox 1191 2878 1485 2934; x_wconf 86' lang='lat' dir='ltr'><strong>creatura;</strong></span> <span class='ocrx_word' id='word_1_395' title='bbox 1519 2886 1538 2921; x_wconf 78' lang='grc' dir='ltr'><strong>ι</strong></span> <span class='ocrx_word' id='word_1_396' title='bbox 1572 2868 1831 2923; x_wconf 81' lang='lat' dir='ltr'><strong>Romanis</strong></span> <span class='ocrx_word' id='word_1_397' title='bbox 1868 2883 1995 2922; x_wconf 90' lang='lat' dir='ltr'><strong>vero</strong></span> <span class='ocrx_word' id='word_1_398' title='bbox 2026 2885 2039 2920; x_wconf 94' lang='lat'><strong>:</strong></span> 
     </span>
    </p>
   </div>
   <div class='ocr_carea' id='block_1_46' title="bbox 472 2960 2042 3035">
    <p class='ocr_par' dir='ltr' id='par_1_46' title="bbox 472 2960 2042 3035">
     <span class='ocr_line' id='line_1_46' title="bbox 472 2960 2042 3035; baseline -0.001 -18"><span class='ocrx_word' id='word_1_399' title='bbox 472 2983 492 3017; x_wconf 77' lang='grc' dir='ltr'><strong>ι</strong></span> <span class='ocrx_word' id='word_1_400' title='bbox 527 2963 661 3019; x_wconf 75' lang='lat' dir='ltr'><strong>Nam</strong></span> <span class='ocrx_word' id='word_1_401' title='bbox 690 2963 776 3018; x_wconf 81' lang='lat' dir='ltr'><strong>lex</strong></span> <span class='ocrx_word' id='word_1_402' title='bbox 808 2962 918 3035; x_wconf 85' lang='grc'>(61)</span> <span class='ocrx_word' id='word_1_403' title='bbox 967 2961 1203 3032; x_wconf 89' lang='lat' dir='ltr'><strong>Spiritus</strong></span> <span class='ocrx_word' id='word_1_404' title='bbox 1239 2963 1361 3017; x_wconf 73' lang='lat' dir='ltr'><strong>vita:</strong></span> <span class='ocrx_word' id='word_1_405' title='bbox 1394 2962 1445 3016; x_wconf 94' lang='lat' dir='ltr'><strong>in</strong></span> <span class='ocrx_word' id='word_1_406' title='bbox 1493 2961 1711 3017; x_wconf 87' lang='lat' dir='ltr'><strong>Christo</strong></span> <span class='ocrx_word' id='word_1_407' title='bbox 1744 2960 1869 3016; x_wconf 80' lang='lat' dir='ltr'><strong>Jesu</strong></span> <span class='ocrx_word' id='word_1_408' title='bbox 1905 2961 2042 3015; x_wconf 92' lang='lat' dir='ltr'><strong>libe-</strong></span> 
     </span>
    </p>
   </div>
   <div class='ocr_carea' id='block_1_47' title="bbox 466 3052 2038 3125">
    <p class='ocr_par' dir='ltr' id='par_1_47' title="bbox 466 3052 2038 3125">
     <span class='ocr_line' id='line_1_47' title="bbox 466 3052 2038 3125; baseline -0.001 -16"><span class='ocrx_word' id='word_1_409' title='bbox 466 3055 609 3110; x_wconf 86' lang='lat' dir='ltr'><strong>ravit</strong></span> <span class='ocrx_word' id='word_1_410' title='bbox 667 3067 752 3109; x_wconf 87' lang='lat' dir='ltr'><strong>me</strong></span> <span class='ocrx_word' id='word_1_411' title='bbox 809 3070 840 3108; x_wconf 90' lang='lat' dir='ltr'><strong>a</strong></span> <span class='ocrx_word' id='word_1_412' title='bbox 890 3054 1009 3125; x_wconf 76' lang='lat' dir='ltr'><strong>lege</strong></span> <span class='ocrx_word' id='word_1_413' title='bbox 1062 3054 1292 3124; x_wconf 87' lang='lat' dir='ltr'><strong>peccati,</strong></span> <span class='ocrx_word' id='word_1_414' title='bbox 1345 3061 1402 3109; x_wconf 87' lang='lat' dir='ltr'><strong>et</strong></span> <span class='ocrx_word' id='word_1_415' title='bbox 1456 3053 1668 3108; x_wconf 89' lang='lat' dir='ltr'><strong>mortis.</strong></span> <span class='ocrx_word' id='word_1_416' title='bbox 1709 3071 1729 3105; x_wconf 76' lang='grc' dir='ltr'><strong>ι</strong></span> <span class='ocrx_word' id='word_1_417' title='bbox 1780 3052 2038 3109; x_wconf 85' lang='lat' dir='ltr'><strong>Eisdem:</strong></span> 
     </span>
    </p>
   </div>
   <div class='ocr_carea' id='block_1_48' title="bbox 475 3143 2038 3217">
    <p class='ocr_par' dir='ltr' id='par_1_48' title="bbox 475 3143 2038 3217">
     <span class='ocr_line' id='line_1_48' title="bbox 475 3143 2038 3217; baseline -0.001 -17"><span class='ocrx_word' id='word_1_418' title='bbox 475 3167 495 3200; x_wconf 73' lang='grc' dir='ltr'><strong>ι</strong></span> <span class='ocrx_word' id='word_1_419' title='bbox 531 3146 730 3203; x_wconf 90' lang='lat' dir='ltr'><strong>Omnes</strong></span> <span class='ocrx_word' id='word_1_420' title='bbox 744 3145 855 3217; x_wconf 82' lang='grc'>(62)</span> <span class='ocrx_word' id='word_1_421' title='bbox 879 3146 1022 3201; x_wconf 89' lang='lat' dir='ltr'><strong>enim</strong></span> <span class='ocrx_word' id='word_1_422' title='bbox 1049 3152 1436 3215; x_wconf 87' lang='lat' dir='ltr'><strong>peccaverunt,</strong></span> <span class='ocrx_word' id='word_1_423' title='bbox 1456 3156 1511 3199; x_wconf 90' lang='lat' dir='ltr'><strong>et</strong></span> <span class='ocrx_word' id='word_1_424' title='bbox 1534 3154 1694 3214; x_wconf 75' lang='lat' dir='ltr'><strong>egent</strong></span> <span class='ocrx_word' id='word_1_425' title='bbox 1715 3143 1879 3214; x_wconf 79' lang='lat' dir='ltr'><strong>gloria</strong></span> <span class='ocrx_word' id='word_1_426' title='bbox 1906 3144 1997 3198; x_wconf 90' lang='lat' dir='ltr'><strong>Dei</strong></span> <span class='ocrx_word' id='word_1_427' title='bbox 2024 3162 2038 3198; x_wconf 93' lang='lat'><strong>:</strong></span> 
     </span>
    </p>
   </div>
   <div class='ocr_carea' id='block_1_49' title="bbox 2146 1956 3721 2030">
    <p class='ocr_par' dir='ltr' id='par_1_49' title="bbox 2146 1956 3721 2030">
     <span class='ocr_line' id='line_1_49' title="bbox 2146 1956 3721 2030; baseline -0.006 -10"><span class='ocrx_word' id='word_1_428' title='bbox 2146 1957 2269 2027; x_wconf 73' lang='grc' dir='ltr'><strong>γῆς,</strong></span> <span class='ocrx_word' id='word_1_429' title='bbox 2295 1956 2364 2009; x_wconf 83' lang='grc' dir='ltr'><strong>τὰ</strong></span> <span class='ocrx_word' id='word_1_430' title='bbox 2390 1958 2562 2025; x_wconf 80' lang='grc' dir='ltr'>ὁρατὰ</span> <span class='ocrx_word' id='word_1_431' title='bbox 2591 1958 2683 2010; x_wconf 76' lang='grc' dir='ltr'><strong>καὶ</strong></span> <span class='ocrx_word' id='word_1_432' title='bbox 2710 1958 2828 2028; x_wconf 64' lang='lat' dir='ltr'><strong>[tim</strong></span> <span class='ocrx_word' id='word_1_433' title='bbox 2865 1957 2919 2030; x_wconf 71' lang='grc'>0]</span> <span class='ocrx_word' id='word_1_434' title='bbox 2959 1958 3030 2011; x_wconf 76' lang='grc' dir='ltr'>τὰ</span> <span class='ocrx_word' id='word_1_435' title='bbox 3074 1959 3316 2030; x_wconf 79' lang='grc' dir='ltr'>ἀόρατα⁶</span> <span class='ocrx_word' id='word_1_436' title='bbox 3361 1959 3468 2012; x_wconf 77' lang='grc' dir='ltr'>εἴτε</span> <span class='ocrx_word' id='word_1_437' title='bbox 3512 1958 3721 2030; x_wconf 83' lang='grc' dir='ltr'>θρόνοι,</span> 
     </span>
    </p>
   </div>
   <div class='ocr_carea' id='block_1_50' title="bbox 2145 2048 3723 2120">
    <p class='ocr_par' dir='ltr' id='par_1_50' title="bbox 2145 2048 3723 2120">
     <span class='ocr_line' id='line_1_50' title="bbox 2145 2048 3723 2120; baseline 0.002 -20"><span class='ocrx_word' id='word_1_438' title='bbox 2145 2048 2255 2100; x_wconf 75' lang='grc' dir='ltr'>εἴτε</span> <span class='ocrx_word' id='word_1_439' title='bbox 2278 2048 2617 2119; x_wconf 78' lang='grc' dir='ltr'><strong>κυριότητες,</strong></span> <span class='ocrx_word' id='word_1_440' title='bbox 2653 2049 2763 2101; x_wconf 77' lang='grc' dir='ltr'>εἴτε</span> <span class='ocrx_word' id='word_1_441' title='bbox 2792 2051 2980 2120; x_wconf 79' lang='grc' dir='ltr'>ἀρχαὶ,</span> <span class='ocrx_word' id='word_1_442' title='bbox 3014 2051 3123 2103; x_wconf 78' lang='grc' dir='ltr'>εἴτε</span> <span class='ocrx_word' id='word_1_443' title='bbox 3154 2049 3414 2114; x_wconf 75' lang='grc' dir='ltr'>ἐξουσίαι,</span> <span class='ocrx_word' id='word_1_444' title='bbox 3442 2048 3509 2102; x_wconf 73' lang='grc' dir='ltr'><strong>τά</strong></span> <span class='ocrx_word' id='word_1_445' title='bbox 3538 2051 3723 2103; x_wconf 78' lang='grc' dir='ltr'>πάντα</span> 
     </span>
    </p>
   </div>
   <div class='ocr_carea' id='block_1_51' title="bbox 2144 2136 3723 2211">
    <p class='ocr_par' dir='ltr' id='par_1_51' title="bbox 2144 2136 3723 2211">
     <span class='ocr_line' id='line_1_51' title="bbox 2144 2136 3723 2211; baseline 0 -20"><span class='ocrx_word' id='word_1_446' title='bbox 2144 2136 2214 2191; x_wconf 86' lang='grc' dir='ltr'>δι’</span> <span class='ocrx_word' id='word_1_447' title='bbox 2263 2137 2428 2191; x_wconf 85' lang='grc' dir='ltr'>αὐτοῦ</span> <span class='ocrx_word' id='word_1_448' title='bbox 2467 2140 2560 2192; x_wconf 76' lang='grc' dir='ltr'><strong>καὶ</strong></span> <span class='ocrx_word' id='word_1_449' title='bbox 2601 2140 2682 2203; x_wconf 76' lang='grc' dir='ltr'><strong>είς</strong></span> <span class='ocrx_word' id='word_1_450' title='bbox 2723 2140 2885 2192; x_wconf 77' lang='grc' dir='ltr'>αὐτὸν</span> <span class='ocrx_word' id='word_1_451' title='bbox 2934 2140 3198 2211; x_wconf 66' lang='grc' dir='ltr'>ἐκτίσθη*</span> <span class='ocrx_word' id='word_1_452' title='bbox 3245 2139 3339 2193; x_wconf 76' lang='grc' dir='ltr'>καὶ</span> <span class='ocrx_word' id='word_1_453' title='bbox 3389 2140 3549 2203; x_wconf 81' lang='grc' dir='ltr'>αὐτός</span> <span class='ocrx_word' id='word_1_454' title='bbox 3599 2141 3723 2191; x_wconf 81' lang='grc' dir='ltr'>ἐστι</span> 
     </span>
    </p>
   </div>
   <div class='ocr_carea' id='block_1_52' title="bbox 2147 2227 3714 2301">
    <p class='ocr_par' dir='ltr' id='par_1_52' title="bbox 2147 2227 3714 2301">
     <span class='ocr_line' id='line_1_52' title="bbox 2147 2227 3714 2301; baseline -0.001 -21"><span class='ocrx_word' id='word_1_455' title='bbox 2147 2227 2253 2298; x_wconf 84' lang='grc' dir='ltr'><strong>πρὸ</strong></span> <span class='ocrx_word' id='word_1_456' title='bbox 2283 2228 2523 2290; x_wconf 81' lang='grc' dir='ltr'>πάντων,</span> <span class='ocrx_word' id='word_1_457' title='bbox 2544 2229 2638 2282; x_wconf 74' lang='grc' dir='ltr'><strong>κα)⁵</strong></span> <span class='ocrx_word' id='word_1_458' title='bbox 2694 2228 2764 2282; x_wconf 82' lang='grc' dir='ltr'>τὰ</span> <span class='ocrx_word' id='word_1_459' title='bbox 2794 2229 2971 2283; x_wconf 82' lang='grc' dir='ltr'>πάντα</span> <span class='ocrx_word' id='word_1_460' title='bbox 3010 2231 3069 2283; x_wconf 81' lang='grc' dir='ltr'><strong>ἐν</strong></span> <span class='ocrx_word' id='word_1_461' title='bbox 3115 2228 3262 2300; x_wconf 87' lang='grc' dir='ltr'>αύτῷ</span> <span class='ocrx_word' id='word_1_462' title='bbox 3300 2229 3647 2301; x_wconf 79' lang='grc' dir='ltr'>συνέστηκεν.</span> <span class='ocrx_word' id='word_1_463' title='bbox 3687 2250 3714 2279; x_wconf 71' lang='grc' dir='ltr'><strong>ρ</strong></span> 
     </span>
    </p>
   </div>
   <div class='ocr_carea' id='block_1_53' title="bbox 2144 2319 3723 2393">
    <p class='ocr_par' dir='ltr' id='par_1_53' title="bbox 2144 2319 3723 2393">
     <span class='ocr_line' id='line_1_53' title="bbox 2144 2319 3723 2393; baseline 0 -21"><span class='ocrx_word' id='word_1_464' title='bbox 2144 2319 2454 2391; x_wconf 79' lang='grc' dir='ltr'>Κορινθίοις</span> <span class='ocrx_word' id='word_1_465' title='bbox 2495 2319 2594 2390; x_wconf 84' lang='grc' dir='ltr'>μὲν</span> <span class='ocrx_word' id='word_1_466' title='bbox 2640 2321 2698 2373; x_wconf 87' lang='lat' dir='ltr'><strong>tv</strong></span> <span class='ocrx_word' id='word_1_467' title='bbox 2744 2322 2810 2392; x_wconf 74' lang='grc' dir='ltr'>τῇ</span> <span class='ocrx_word' id='word_1_468' title='bbox 2858 2321 3051 2393; x_wconf 80' lang='grc' dir='ltr'><strong>πρώτῃ</strong></span> <span class='ocrx_word' id='word_1_469' title='bbox 3104 2321 3421 2393; x_wconf 74' lang='grc' dir='ltr'>Ἐπιστολῇο</span> <span class='ocrx_word' id='word_1_470' title='bbox 3488 2340 3508 2375; x_wconf 76' lang='grc' dir='ltr'><strong>ι</strong></span> <span class='ocrx_word' id='word_1_471' title='bbox 3554 2320 3723 2373; x_wconf 76' lang='grc' dir='ltr'><strong>Ἀλλᾶ</strong></span> 
     </span>
    </p>
   </div>
   <div class='ocr_carea' id='block_1_54' title="bbox 2145 2411 3719 2485">
    <p class='ocr_par' dir='ltr' id='par_1_54' title="bbox 2145 2411 3719 2485">
     <span class='ocr_line' id='line_1_54' title="bbox 2145 2411 3719 2485; baseline -0.001 -20"><span class='ocrx_word' id='word_1_472' title='bbox 2145 2411 2535 2477; x_wconf 79' lang='grc' dir='ltr'>ἀπελούσασθε,</span> <span class='ocrx_word' id='word_1_473' title='bbox 2579 2412 2694 2465; x_wconf 81' lang='grc' dir='ltr'>ἀλλ’</span> <span class='ocrx_word' id='word_1_474' title='bbox 2741 2412 3114 2484; x_wconf 74' lang='grc' dir='ltr'>ἐδικαιώθητε,</span> <span class='ocrx_word' id='word_1_475' title='bbox 3162 2413 3298 2467; x_wconf 81' lang='grc' dir='ltr'>ἀλλὰ</span> <span class='ocrx_word' id='word_1_476' title='bbox 3332 2413 3626 2485; x_wconf 80' lang='grc' dir='ltr'>ἡγιάσθητε</span> <span class='ocrx_word' id='word_1_477' title='bbox 3653 2415 3719 2464; x_wconf 80' lang='grc' dir='ltr'><strong>ἐν</strong></span> 
     </span>
    </p>
   </div>
   <div class='ocr_carea' id='block_1_55' title="bbox 2143 2501 3717 2577">
    <p class='ocr_par' dir='ltr' id='par_1_55' title="bbox 2143 2501 3717 2577">
     <span class='ocr_line' id='line_1_55' title="bbox 2143 2501 3717 2577; baseline 0.001 -22"><span class='ocrx_word' id='word_1_478' title='bbox 2143 2501 2223 2573; x_wconf 83' lang='grc' dir='ltr'><strong>τῷ</strong></span> <span class='ocrx_word' id='word_1_479' title='bbox 2250 2504 2475 2574; x_wconf 82' lang='grc' dir='ltr'>ὀνόματι</span> <span class='ocrx_word' id='word_1_480' title='bbox 2504 2503 2598 2556; x_wconf 87' lang='grc' dir='ltr'><strong>τοῦ</strong></span> <span class='ocrx_word' id='word_1_481' title='bbox 2624 2502 2830 2575; x_wconf 83' lang='grc' dir='ltr'>Κυρίου</span> <span class='ocrx_word' id='word_1_482' title='bbox 2872 2502 3047 2575; x_wconf 85' lang='grc' dir='ltr'>Ἰησοῦ</span> <span class='ocrx_word' id='word_1_483' title='bbox 3087 2504 3345 2577; x_wconf 80' lang='grc' dir='ltr'>Χριστοῦ,</span> <span class='ocrx_word' id='word_1_484' title='bbox 3396 2504 3490 2558; x_wconf 70' lang='grc' dir='ltr'><strong>κα)⁵</strong></span> <span class='ocrx_word' id='word_1_485' title='bbox 3544 2505 3600 2557; x_wconf 88' lang='lat' dir='ltr'><strong>tv</strong></span> <span class='ocrx_word' id='word_1_486' title='bbox 3632 2504 3717 2574; x_wconf 78' lang='grc' dir='ltr'><strong>τῷ</strong></span> 
     </span>
    </p>
   </div>
   <div class='ocr_carea' id='block_1_56' title="bbox 2145 2593 3718 2668">
    <p class='ocr_par' dir='ltr' id='par_1_56' title="bbox 2145 2593 3718 2668">
     <span class='ocr_line' id='line_1_56' title="bbox 2145 2593 3718 2668; baseline -0.001 -21"><span class='ocrx_word' id='word_1_487' title='bbox 2145 2593 2423 2665; x_wconf 87' lang='grc' dir='ltr'>Πνεύματι</span> <span class='ocrx_word' id='word_1_488' title='bbox 2450 2594 2545 2647; x_wconf 86' lang='grc' dir='ltr'><strong>τοῦ</strong></span> <span class='ocrx_word' id='word_1_489' title='bbox 2574 2593 2708 2648; x_wconf 88' lang='grc' dir='ltr'>Θεοῦ</span> <span class='ocrx_word' id='word_1_490' title='bbox 2739 2593 2958 2665; x_wconf 80' lang='grc' dir='ltr'>ήμῶνί</span> <span class='ocrx_word' id='word_1_491' title='bbox 2997 2596 3055 2647; x_wconf 86' lang='grc' dir='ltr'><strong>ἐν</strong></span> <span class='ocrx_word' id='word_1_492' title='bbox 3079 2595 3136 2648; x_wconf 85' lang='grc' dir='ltr'>δὲ</span> <span class='ocrx_word' id='word_1_493' title='bbox 3177 2599 3244 2668; x_wconf 75' lang='grc' dir='ltr'>τῇ</span> <span class='ocrx_word' id='word_1_494' title='bbox 3288 2595 3541 2667; x_wconf 75' lang='grc' dir='ltr'>δευτέρᾳ·</span> <span class='ocrx_word' id='word_1_495' title='bbox 3574 2613 3592 2645; x_wconf 79' lang='grc' dir='ltr'><strong>ι</strong></span> <span class='ocrx_word' id='word_1_496' title='bbox 3619 2595 3718 2666; x_wconf 81' lang='grc' dir='ltr'>Τῷ</span> 
     </span>
    </p>
   </div>
   <div class='ocr_carea' id='block_1_57' title="bbox 2143 2682 3715 2756">
    <p class='ocr_par' dir='ltr' id='par_1_57' title="bbox 2143 2682 3715 2756">
     <span class='ocr_line' id='line_1_57' title="bbox 2143 2682 3715 2756; baseline 0 -19"><span class='ocrx_word' id='word_1_497' title='bbox 2143 2684 2201 2737; x_wconf 82' lang='grc' dir='ltr'>δὲ</span> <span class='ocrx_word' id='word_1_498' title='bbox 2224 2682 2342 2755; x_wconf 89' lang='grc' dir='ltr'><strong>Θεῷ</strong></span> <span class='ocrx_word' id='word_1_499' title='bbox 2377 2683 2558 2755; x_wconf 86' lang='grc' dir='ltr'>χάρις,</span> <span class='ocrx_word' id='word_1_500' title='bbox 2590 2683 2668 2755; x_wconf 88' lang='grc' dir='ltr'><strong>τῷ</strong></span> <span class='ocrx_word' id='word_1_501' title='bbox 2698 2685 2928 2737; x_wconf 84' lang='grc' dir='ltr'>πάντοτε</span> <span class='ocrx_word' id='word_1_502' title='bbox 2959 2683 3343 2756; x_wconf 76' lang='grc' dir='ltr'>θριαμϐεύοντι</span> <span class='ocrx_word' id='word_1_503' title='bbox 3369 2686 3514 2756; x_wconf 78' lang='grc' dir='ltr'>ἡμᾶς</span> <span class='ocrx_word' id='word_1_504' title='bbox 3548 2685 3606 2738; x_wconf 86' lang='grc' dir='ltr'><strong>ἐν</strong></span> <span class='ocrx_word' id='word_1_505' title='bbox 3631 2685 3715 2755; x_wconf 84' lang='grc' dir='ltr'><strong>τῷ</strong></span> 
     </span>
    </p>
   </div>
   <div class='ocr_carea' id='block_1_58' title="bbox 2144 2771 3713 2845">
    <p class='ocr_par' dir='ltr' id='par_1_58' title="bbox 2144 2771 3713 2845">
     <span class='ocr_line' id='line_1_58' title="bbox 2144 2771 3713 2845; baseline 0.001 -19"><span class='ocrx_word' id='word_1_506' title='bbox 2144 2771 2385 2844; x_wconf 79' lang='grc' dir='ltr'>Χριστῷ,</span> <span class='ocrx_word' id='word_1_507' title='bbox 2434 2773 2530 2827; x_wconf 75' lang='grc' dir='ltr'><strong>καὶ</strong></span> <span class='ocrx_word' id='word_1_508' title='bbox 2572 2772 2670 2845; x_wconf 80' lang='grc' dir='ltr'><strong>τὴν</strong></span> <span class='ocrx_word' id='word_1_509' title='bbox 2708 2773 2885 2844; x_wconf 81' lang='grc' dir='ltr'>ὀσμὴν</span> <span class='ocrx_word' id='word_1_510' title='bbox 2915 2773 3017 2843; x_wconf 85' lang='grc' dir='ltr'><strong>τῆς</strong></span> <span class='ocrx_word' id='word_1_511' title='bbox 3063 2773 3315 2842; x_wconf 84' lang='grc' dir='ltr'>γνώσεως</span> <span class='ocrx_word' id='word_1_512' title='bbox 3347 2775 3511 2828; x_wconf 84' lang='grc' dir='ltr'>αὐτοῦ</span> <span class='ocrx_word' id='word_1_513' title='bbox 3542 2792 3713 2844; x_wconf 76' lang='grc' dir='ltr'>φανε-</span> 
     </span>
    </p>
   </div>
   <div class='ocr_carea' id='block_1_59' title="bbox 2146 2864 3716 2937">
    <p class='ocr_par' dir='ltr' id='par_1_59' title="bbox 2146 2864 3716 2937">
     <span class='ocr_line' id='line_1_59' title="bbox 2146 2864 3716 2937; baseline 0.003 -20"><span class='ocrx_word' id='word_1_514' title='bbox 2146 2865 2327 2937; x_wconf 86' lang='grc' dir='ltr'>ροῦντι</span> <span class='ocrx_word' id='word_1_515' title='bbox 2371 2865 2440 2918; x_wconf 80' lang='grc' dir='ltr'>δι’</span> <span class='ocrx_word' id='word_1_516' title='bbox 2489 2864 2684 2935; x_wconf 79' lang='grc' dir='ltr'><strong>ἡμῶνο</strong></span> <span class='ocrx_word' id='word_1_517' title='bbox 2736 2884 2755 2917; x_wconf 82' lang='lat' dir='ltr'><strong>s</strong></span> <span class='ocrx_word' id='word_1_518' title='bbox 2798 2865 2893 2918; x_wconf 76' lang='grc' dir='ltr'>καὶ</span> <span class='ocrx_word' id='word_1_519' title='bbox 2947 2864 3148 2918; x_wconf 87' lang='grc' dir='ltr'>πάλιν·</span> <span class='ocrx_word' id='word_1_520' title='bbox 3200 2882 3219 2916; x_wconf 75' lang='grc' dir='ltr'><strong>ι</strong></span> <span class='ocrx_word' id='word_1_521' title='bbox 3245 2866 3406 2918; x_wconf 84' lang='grc' dir='ltr'>Ὥστε</span> <span class='ocrx_word' id='word_1_522' title='bbox 3451 2867 3503 2920; x_wconf 83' lang='grc' dir='ltr'><strong>εῐ</strong></span> <span class='ocrx_word' id='word_1_523' title='bbox 3538 2884 3620 2930; x_wconf 89' lang='grc' dir='ltr'><strong>τις</strong></span> <span class='ocrx_word' id='word_1_524' title='bbox 3653 2870 3716 2920; x_wconf 84' lang='grc' dir='ltr'><strong>ἐν</strong></span> 
     </span>
    </p>
   </div>
   <div class='ocr_carea' id='block_1_60' title="bbox 2144 2952 3717 3027">
    <p class='ocr_par' dir='ltr' id='par_1_60' title="bbox 2144 2952 3717 3027">
     <span class='ocr_line' id='line_1_60' title="bbox 2144 2952 3717 3027; baseline 0.003 -22"><span class='ocrx_word' id='word_1_525' title='bbox 2144 2952 2384 3024; x_wconf 83' lang='grc' dir='ltr'>Χριστῷ,</span> <span class='ocrx_word' id='word_1_526' title='bbox 2397 2954 2558 3024; x_wconf 82' lang='grc' dir='ltr'>καινὴ</span> <span class='ocrx_word' id='word_1_527' title='bbox 2587 2953 2762 3017; x_wconf 79' lang='grc' dir='ltr'>κτίσις</span> <span class='ocrx_word' id='word_1_528' title='bbox 2778 2970 2791 2984; x_wconf 82' lang='grc'><em>’</em></span> <span class='ocrx_word' id='word_1_529' title='bbox 2828 2973 2848 3006; x_wconf 79' lang='lat' dir='ltr'><strong>s</strong></span> <span class='ocrx_word' id='word_1_530' title='bbox 2868 2954 3157 3023; x_wconf 83' lang='grc' dir='ltr'>Ῥωμαίοις</span> <span class='ocrx_word' id='word_1_531' title='bbox 3175 2954 3233 3007; x_wconf 86' lang='grc' dir='ltr'><strong>δέ</strong></span> <span class='ocrx_word' id='word_1_532' title='bbox 3249 2971 3262 2985; x_wconf 91' lang='grc'><strong>·</strong></span> <span class='ocrx_word' id='word_1_533' title='bbox 3295 2974 3314 3005; x_wconf 76' lang='grc' dir='ltr'><strong>ι</strong></span> <span class='ocrx_word' id='word_1_534' title='bbox 3336 2956 3394 3008; x_wconf 89' lang='grc' dir='ltr'>Ὀ</span> <span class='ocrx_word' id='word_1_535' title='bbox 3424 2957 3529 3026; x_wconf 76' lang='grc' dir='ltr'><strong>γὰρ</strong></span> <span class='ocrx_word' id='word_1_536' title='bbox 3550 2956 3717 3027; x_wconf 77' lang='grc' dir='ltr'>νόμος</span> 
     </span>
    </p>
   </div>
   <div class='ocr_carea' id='block_1_61' title="bbox 2141 3044 3717 3118">
    <p class='ocr_par' dir='ltr' id='par_1_61' title="bbox 2141 3044 3717 3118">
     <span class='ocr_line' id='line_1_61' title="bbox 2141 3044 3717 3118; baseline 0.003 -21"><span class='ocrx_word' id='word_1_537' title='bbox 2141 3046 2236 3098; x_wconf 87' lang='grc' dir='ltr'><strong>τοῦ</strong></span> <span class='ocrx_word' id='word_1_538' title='bbox 2262 3044 2579 3115; x_wconf 83' lang='grc' dir='ltr'>Πνεύματος</span> <span class='ocrx_word' id='word_1_539' title='bbox 2609 3046 2708 3115; x_wconf 76' lang='grc' dir='ltr'>τῆς</span> <span class='ocrx_word' id='word_1_540' title='bbox 2737 3045 2883 3115; x_wconf 82' lang='grc' dir='ltr'>ζωῆς</span> <span class='ocrx_word' id='word_1_541' title='bbox 2927 3047 2987 3099; x_wconf 85' lang='grc' dir='ltr'><strong>ἐν</strong></span> <span class='ocrx_word' id='word_1_542' title='bbox 3024 3045 3244 3117; x_wconf 83' lang='grc' dir='ltr'>Χριστῷ</span> <span class='ocrx_word' id='word_1_543' title='bbox 3288 3045 3460 3115; x_wconf 85' lang='grc' dir='ltr'>Ἰησοῦ</span> <span class='ocrx_word' id='word_1_544' title='bbox 3489 3047 3717 3118; x_wconf 69' lang='grc' dir='ltr'>ἠλευθέη</span> 
     </span>
    </p>
   </div>
   <div class='ocr_carea' id='block_1_62' title="bbox 2144 3134 3712 3208">
    <p class='ocr_par' dir='ltr' id='par_1_62' title="bbox 2144 3134 3712 3208">
     <span class='ocr_line' id='line_1_62' title="bbox 2144 3134 3712 3208; baseline 0.003 -21"><span class='ocrx_word' id='word_1_545' title='bbox 2144 3135 2318 3208; x_wconf 88' lang='grc' dir='ltr'>ρωσέν</span> <span class='ocrx_word' id='word_1_546' title='bbox 2353 3152 2421 3206; x_wconf 90' lang='grc' dir='ltr'><strong>με</strong></span> <span class='ocrx_word' id='word_1_547' title='bbox 2449 3135 2557 3188; x_wconf 79' lang='grc' dir='ltr'>ἀπὸ</span> <span class='ocrx_word' id='word_1_548' title='bbox 2584 3135 2676 3188; x_wconf 87' lang='grc' dir='ltr'><strong>τοῦ</strong></span> <span class='ocrx_word' id='word_1_549' title='bbox 2705 3136 2868 3205; x_wconf 86' lang='grc' dir='ltr'>νόμου</span> <span class='ocrx_word' id='word_1_550' title='bbox 2901 3134 3001 3205; x_wconf 82' lang='grc' dir='ltr'>τῆς</span> <span class='ocrx_word' id='word_1_551' title='bbox 3024 3136 3296 3207; x_wconf 79' lang='grc' dir='ltr'>ἁμαρτίας</span> <span class='ocrx_word' id='word_1_552' title='bbox 3317 3138 3410 3189; x_wconf 75' lang='grc' dir='ltr'><strong>καὶ</strong></span> <span class='ocrx_word' id='word_1_553' title='bbox 3432 3137 3525 3190; x_wconf 87' lang='grc' dir='ltr'><strong>τοῦ</strong></span> <span class='ocrx_word' id='word_1_554' title='bbox 3550 3139 3712 3192; x_wconf 84' lang='grc' dir='ltr'>θανά-</span> 
     </span>
    </p>
   </div>
   <div class='ocr_carea' id='block_1_63' title="bbox 467 3227 2043 3312">
    <p class='ocr_par' dir='ltr' id='par_1_63' title="bbox 467 3235 2041 3312">
     <span class='ocr_line' id='line_1_63' title="bbox 467 3235 2041 3312; baseline -0.004 -17"><span class='ocrx_word' id='word_1_555' title='bbox 467 3238 633 3312; x_wconf 63' lang='grc'><strong>416</strong></span> <span class='ocrx_word' id='word_1_556' title='bbox 657 3237 936 3308; x_wconf 72' lang='lat' dir='ltr'><strong>iustiﬁcati</strong></span> <span class='ocrx_word' id='word_1_557' title='bbox 965 3237 1136 3305; x_wconf 77' lang='lat' dir='ltr'><strong>gratis</strong></span> <span class='ocrx_word' id='word_1_558' title='bbox 1169 3251 1265 3306; x_wconf 89' lang='lat' dir='ltr'><strong>per</strong></span> <span class='ocrx_word' id='word_1_559' title='bbox 1312 3237 1542 3306; x_wconf 75' lang='lat' dir='ltr'><strong>gratiam</strong></span> <span class='ocrx_word' id='word_1_560' title='bbox 1584 3235 1772 3304; x_wconf 88' lang='lat' dir='ltr'><strong>ipsius,</strong></span> <span class='ocrx_word' id='word_1_561' title='bbox 1815 3250 1911 3303; x_wconf 86' lang='lat' dir='ltr'><strong>per</strong></span> <span class='ocrx_word' id='word_1_562' title='bbox 1943 3249 2041 3290; x_wconf 88' lang='lat' dir='ltr'><strong>re-</strong></span> 
     </span>
    </p>
   </div>
   <div class='ocr_carea' id='block_1_64' title="bbox 2145 3227 3718 3312">
    <p class='ocr_par' dir='ltr' id='par_1_64' title="bbox 2145 3227 3718 3300">
     <span class='ocr_line' id='line_1_64' title="bbox 2145 3227 3718 3300; baseline 0.003 -21"><span class='ocrx_word' id='word_1_563' title='bbox 2145 3242 2259 3279; x_wconf 88' lang='grc' dir='ltr'>του·</span> <span class='ocrx_word' id='word_1_564' title='bbox 2290 3244 2309 3278; x_wconf 75' lang='grc' dir='ltr'><strong>ι</strong></span> <span class='ocrx_word' id='word_1_565' title='bbox 2337 3228 2450 3290; x_wconf 87' lang='grc' dir='ltr'>τοῖς</span> <span class='ocrx_word' id='word_1_566' title='bbox 2474 3227 2656 3291; x_wconf 81' lang='grc' dir='ltr'>αὐτοῖς</span> <span class='ocrx_word' id='word_1_567' title='bbox 2679 3244 2694 3258; x_wconf 87' lang='grc'><strong>·</strong></span> <span class='ocrx_word' id='word_1_568' title='bbox 2734 3245 2752 3277; x_wconf 78' lang='grc' dir='ltr'><strong>ι</strong></span> <span class='ocrx_word' id='word_1_569' title='bbox 2785 3227 2991 3290; x_wconf 86' lang='grc' dir='ltr'>Πάντες</span> <span class='ocrx_word' id='word_1_570' title='bbox 3019 3228 3127 3298; x_wconf 81' lang='grc' dir='ltr'><strong>γὰρ</strong></span> <span class='ocrx_word' id='word_1_571' title='bbox 3150 3229 3413 3300; x_wconf 76' lang='grc' dir='ltr'>ἥμαρτον,</span> <span class='ocrx_word' id='word_1_572' title='bbox 3443 3229 3537 3282; x_wconf 70' lang='grc' dir='ltr'>καὶ</span> <span class='ocrx_word' id='word_1_573' title='bbox 3564 3230 3718 3284; x_wconf 83' lang='grc' dir='ltr'>ὑστε-</span> 
     </span>
    </p>
   </div>
   <div class='ocr_carea' id='block_1_65' title="bbox 466 3323 2042 3400">
    <p class='ocr_par' dir='ltr' id='par_1_65' title="bbox 466 3323 2042 3400">
     <span class='ocr_line' id='line_1_65' title="bbox 466 3323 2042 3400; baseline -0.004 -14"><span class='ocrx_word' id='word_1_574' title='bbox 466 3330 850 3400; x_wconf 83' lang='lat' dir='ltr'><strong>demptionem,</strong></span> <span class='ocrx_word' id='word_1_575' title='bbox 892 3343 1012 3398; x_wconf 75' lang='lat' dir='ltr'><strong>qna:</strong></span> <span class='ocrx_word' id='word_1_576' title='bbox 1057 3336 1143 3383; x_wconf 89' lang='lat' dir='ltr'><strong>est</strong></span> <span class='ocrx_word' id='word_1_577' title='bbox 1197 3327 1250 3381; x_wconf 89' lang='lat' dir='ltr'><strong>in</strong></span> <span class='ocrx_word' id='word_1_578' title='bbox 1290 3326 1510 3381; x_wconf 81' lang='lat' dir='ltr'><strong>Christo</strong></span> <span class='ocrx_word' id='word_1_579' title='bbox 1541 3324 1694 3380; x_wconf 79' lang='lat' dir='ltr'><strong>Jesu.</strong></span> <span class='ocrx_word' id='word_1_580' title='bbox 1743 3342 1763 3375; x_wconf 78' lang='grc' dir='ltr'><strong>ι</strong></span> <span class='ocrx_word' id='word_1_581' title='bbox 1794 3323 2042 3380; x_wconf 64' lang='lat' dir='ltr'><strong>llebrais</strong></span> 
     </span>
    </p>
   </div>
   <div class='ocr_carea' id='block_1_66' title="bbox 465 3417 2040 3487">
    <p class='ocr_par' dir='ltr' id='par_1_66' title="bbox 465 3417 2040 3487">
     <span class='ocr_line' id='line_1_66' title="bbox 465 3417 2040 3487; baseline -0.002 -10"><span class='ocrx_word' id='word_1_582' title='bbox 465 3440 635 3479; x_wconf 84' lang='lat' dir='ltr'><strong>vero:</strong></span> <span class='ocrx_word' id='word_1_583' title='bbox 670 3442 687 3475; x_wconf 77' lang='grc' dir='ltr'><strong>ι</strong></span> <span class='ocrx_word' id='word_1_584' title='bbox 719 3422 897 3476; x_wconf 82' lang='lat' dir='ltr'><strong>Multis</strong></span> <span class='ocrx_word' id='word_1_585' title='bbox 942 3421 1116 3476; x_wconf 86' lang='lat' dir='ltr'><strong>modis</strong></span> <span class='ocrx_word' id='word_1_586' title='bbox 1166 3419 1294 3474; x_wconf 91' lang='lat' dir='ltr'><strong>olim</strong></span> <span class='ocrx_word' id='word_1_587' title='bbox 1347 3419 1493 3473; x_wconf 88' lang='lat' dir='ltr'><strong>Dens</strong></span> <span class='ocrx_word' id='word_1_588' title='bbox 1541 3417 1768 3487; x_wconf 88' lang='lat' dir='ltr'><strong>loquens</strong></span> <span class='ocrx_word' id='word_1_589' title='bbox 1800 3417 2040 3486; x_wconf 80' lang='lat' dir='ltr'><strong>patribus</strong></span> 
     </span>
    </p>
   </div>
   <div class='ocr_carea' id='block_1_67' title="bbox 469 3508 2041 3585">
    <p class='ocr_par' dir='ltr' id='par_1_67' title="bbox 469 3508 2041 3585">
     <span class='ocr_line' id='line_1_67' title="bbox 469 3508 2041 3585; baseline -0.003 -15"><span class='ocrx_word' id='word_1_590' title='bbox 469 3517 525 3570; x_wconf 89' lang='lat' dir='ltr'><strong>in</strong></span> <span class='ocrx_word' id='word_1_591' title='bbox 557 3514 850 3585; x_wconf 87' lang='lat' dir='ltr'><strong>prophetis.</strong></span> <span class='ocrx_word' id='word_1_592' title='bbox 892 3512 946 3566; x_wconf 90' lang='lat' dir='ltr'><strong>in</strong></span> <span class='ocrx_word' id='word_1_593' title='bbox 990 3510 1300 3566; x_wconf 88' lang='lat' dir='ltr'><strong>novissimis</strong></span> <span class='ocrx_word' id='word_1_594' title='bbox 1325 3508 1440 3579; x_wconf 77' lang='lat'><strong>(63)</strong></span> <span class='ocrx_word' id='word_1_595' title='bbox 1483 3509 1673 3563; x_wconf 89' lang='lat' dir='ltr'><strong>diebus</strong></span> <span class='ocrx_word' id='word_1_596' title='bbox 1708 3509 1792 3564; x_wconf 88' lang='lat' dir='ltr'><strong>his</strong></span> <span class='ocrx_word' id='word_1_597' title='bbox 1827 3508 2041 3565; x_wconf 88' lang='lat' dir='ltr'><strong>locutus</strong></span> 
     </span>
    </p>
   </div>
   <div class='ocr_carea' id='block_1_68' title="bbox 468 3597 2042 3669">
    <p class='ocr_par' dir='ltr' id='par_1_68' title="bbox 468 3597 2042 3669">
     <span class='ocr_line' id='line_1_68' title="bbox 468 3597 2042 3669; baseline -0.003 -9"><span class='ocrx_word' id='word_1_598' title='bbox 468 3615 555 3660; x_wconf 81' lang='lat' dir='ltr'><strong>est</strong></span> <span class='ocrx_word' id='word_1_599' title='bbox 578 3605 730 3659; x_wconf 90' lang='lat' dir='ltr'><strong>nobis</strong></span> <span class='ocrx_word' id='word_1_600' title='bbox 755 3603 809 3657; x_wconf 93' lang='lat' dir='ltr'><strong>in</strong></span> <span class='ocrx_word' id='word_1_601' title='bbox 834 3602 991 3656; x_wconf 75' lang='lat' dir='ltr'><strong>Filio.</strong></span> <span class='ocrx_word' id='word_1_602' title='bbox 1026 3620 1045 3653; x_wconf 84' lang='grc' dir='ltr'><strong>ι</strong></span> <span class='ocrx_word' id='word_1_603' title='bbox 1077 3599 1274 3656; x_wconf 86' lang='lat' dir='ltr'><strong>Petrus</strong></span> <span class='ocrx_word' id='word_1_604' title='bbox 1298 3599 1353 3653; x_wconf 93' lang='lat' dir='ltr'><strong>in</strong></span> <span class='ocrx_word' id='word_1_605' title='bbox 1392 3599 1628 3667; x_wconf 86' lang='lat' dir='ltr'><strong>Epistola</strong></span> <span class='ocrx_word' id='word_1_606' title='bbox 1662 3597 1777 3669; x_wconf 88' lang='grc'>(64)</span> <span class='ocrx_word' id='word_1_607' title='bbox 1806 3615 1819 3653; x_wconf 90' lang='lat'><strong>:</strong></span> <span class='ocrx_word' id='word_1_608' title='bbox 1850 3617 1868 3650; x_wconf 79' lang='grc' dir='ltr'><strong>ι</strong></span> <span class='ocrx_word' id='word_1_609' title='bbox 1901 3599 2042 3655; x_wconf 91' lang='lat' dir='ltr'><strong>Deus</strong></span> 
     </span>
    </p>
   </div>
   <div class='ocr_carea' id='block_1_69' title="bbox 469 3691 2040 3764">
    <p class='ocr_par' dir='ltr' id='par_1_69' title="bbox 469 3691 2040 3764">
     <span class='ocr_line' id='line_1_69' title="bbox 469 3691 2040 3764; baseline -0.001 -15"><span class='ocrx_word' id='word_1_610' title='bbox 469 3707 648 3751; x_wconf 90' lang='lat' dir='ltr'><strong>autem</strong></span> <span class='ocrx_word' id='word_1_611' title='bbox 686 3694 862 3750; x_wconf 89' lang='lat' dir='ltr'><strong>omnis</strong></span> <span class='ocrx_word' id='word_1_612' title='bbox 908 3693 1113 3764; x_wconf 67' lang='lat' dir='ltr'><strong>gratiae,</strong></span> <span class='ocrx_word' id='word_1_613' title='bbox 1146 3692 1234 3762; x_wconf 91' lang='lat' dir='ltr'><strong>qui</strong></span> <span class='ocrx_word' id='word_1_614' title='bbox 1278 3691 1496 3746; x_wconf 88' lang='lat' dir='ltr'><strong>vocavit</strong></span> <span class='ocrx_word' id='word_1_615' title='bbox 1542 3706 1640 3746; x_wconf 89' lang='lat' dir='ltr'><strong>nos</strong></span> <span class='ocrx_word' id='word_1_616' title='bbox 1685 3691 1740 3746; x_wconf 91' lang='lat' dir='ltr'><strong>in</strong></span> <span class='ocrx_word' id='word_1_617' title='bbox 1784 3700 2040 3747; x_wconf 70' lang='lat' dir='ltr'><strong>aeternam</strong></span> 
     </span>
    </p>
   </div>
   <div class='ocr_carea' id='block_1_70' title="bbox 470 3782 1440 3857">
    <p class='ocr_par' dir='ltr' id='par_1_70' title="bbox 470 3782 1440 3857">
     <span class='ocr_line' id='line_1_70' title="bbox 470 3782 1440 3857; baseline -0.008 -14"><span class='ocrx_word' id='word_1_618' title='bbox 470 3802 625 3843; x_wconf 83' lang='lat' dir='ltr'><strong>suam</strong></span> <span class='ocrx_word' id='word_1_619' title='bbox 663 3786 889 3857; x_wconf 80' lang='lat' dir='ltr'><strong>gloriam</strong></span> <span class='ocrx_word' id='word_1_620' title='bbox 915 3785 967 3840; x_wconf 90' lang='lat' dir='ltr'><strong>in</strong></span> <span class='ocrx_word' id='word_1_621' title='bbox 994 3783 1216 3839; x_wconf 84' lang='lat' dir='ltr'><strong>Christo</strong></span> <span class='ocrx_word' id='word_1_622' title='bbox 1237 3782 1388 3839; x_wconf 85' lang='lat' dir='ltr'><strong>Jesu.</strong></span> <span class='ocrx_word' id='word_1_623' title='bbox 1420 3800 1440 3835; x_wconf 77' lang='grc' dir='ltr'><strong>ι</strong></span> 
     </span>
    </p>
   </div>
   <div class='ocr_carea' id='block_1_71' title="bbox 1067 3959 1449 4031">
    <p class='ocr_par' dir='ltr' id='par_1_71' title="bbox 1067 3959 1449 4031">
     <span class='ocr_line' id='line_1_71' title="bbox 1067 3959 1449 4031; baseline -0.013 -12"><span class='ocrx_word' id='word_1_624' title='bbox 1067 3963 1220 4019; x_wconf 84' lang='lat' dir='ltr'><strong>CAP.</strong></span> <span class='ocrx_word' id='word_1_625' title='bbox 1260 3959 1449 4031; x_wconf 84' lang='lat' dir='ltr'><strong>xx1v.</strong></span> 
     </span>
    </p>
   </div>
   <div class='ocr_carea' id='block_1_72' title="bbox 541 4052 2047 4129">
    <p class='ocr_par' dir='ltr' id='par_1_72' title="bbox 541 4052 2047 4129">
     <span class='ocr_line' id='line_1_72' title="bbox 541 4052 2047 4129; baseline -0.005 -13"><span class='ocrx_word' id='word_1_626' title='bbox 541 4060 765 4129; x_wconf 82' lang='lat' dir='ltr'><strong>Insuper</strong></span> <span class='ocrx_word' id='word_1_627' title='bbox 791 4056 966 4115; x_wconf 65' lang='lat' dir='ltr'><strong>Graeci</strong></span> <span class='ocrx_word' id='word_1_628' title='bbox 1001 4057 1136 4129; x_wconf 89' lang='lat'><strong>(65),</strong></span> <span class='ocrx_word' id='word_1_629' title='bbox 1161 4055 1253 4125; x_wconf 91' lang='lat' dir='ltr'><strong>qui</strong></span> <span class='ocrx_word' id='word_1_630' title='bbox 1281 4054 1599 4125; x_wconf 84' lang='lat' dir='ltr'><strong>sapientiam</strong></span> <span class='ocrx_word' id='word_1_631' title='bbox 1638 4052 1741 4109; x_wconf 78' lang='lat' dir='ltr'><strong>sibi</strong></span> <span class='ocrx_word' id='word_1_632' title='bbox 1782 4069 2047 4125; x_wconf 80' lang='lat' dir='ltr'><strong>arrogan-</strong></span> 
     </span>
    </p>
   </div>
   <div class='ocr_carea' id='block_1_73' title="bbox 474 4143 2042 4216">
    <p class='ocr_par' dir='ltr' id='par_1_73' title="bbox 474 4143 2042 4216">
     <span class='ocr_line' id='line_1_73' title="bbox 474 4143 2042 4216; baseline -0.004 -10"><span class='ocrx_word' id='word_1_633' title='bbox 474 4161 557 4208; x_wconf 89' lang='lat' dir='ltr'><strong>ter</strong></span> <span class='ocrx_word' id='word_1_634' title='bbox 606 4150 868 4214; x_wconf 88' lang='lat' dir='ltr'><strong>tribuunt,</strong></span> <span class='ocrx_word' id='word_1_635' title='bbox 908 4158 965 4204; x_wconf 91' lang='lat' dir='ltr'><strong>et</strong></span> <span class='ocrx_word' id='word_1_636' title='bbox 1009 4147 1351 4216; x_wconf 86' lang='lat' dir='ltr'><strong>stupidorum</strong></span> <span class='ocrx_word' id='word_1_637' title='bbox 1397 4143 1641 4199; x_wconf 88' lang='lat' dir='ltr'><strong>omnium</strong></span> <span class='ocrx_word' id='word_1_638' title='bbox 1686 4143 2042 4214; x_wconf 86' lang='lat' dir='ltr'><strong>stnpidissimi</strong></span> 
     </span>
    </p>
   </div>
   <div class='ocr_carea' id='block_1_74' title="bbox 471 4234 2042 4312">
    <p class='ocr_par' dir='ltr' id='par_1_74' title="bbox 471 4234 2042 4312">
     <span class='ocr_line' id='line_1_74' title="bbox 471 4234 2042 4312; baseline -0.006 -11"><span class='ocrx_word' id='word_1_639' title='bbox 471 4253 623 4308; x_wconf 83' lang='lat' dir='ltr'><strong>sunt,</strong></span> <span class='ocrx_word' id='word_1_640' title='bbox 662 4257 727 4297; x_wconf 88' lang='lat' dir='ltr'><strong>ac</strong></span> <span class='ocrx_word' id='word_1_641' title='bbox 755 4239 1134 4312; x_wconf 84' lang='lat' dir='ltr'><strong>superstitioso</strong></span> <span class='ocrx_word' id='word_1_642' title='bbox 1171 4236 1408 4309; x_wconf 90' lang='lat' dir='ltr'><strong>plurium</strong></span> <span class='ocrx_word' id='word_1_643' title='bbox 1447 4235 1671 4291; x_wconf 89' lang='lat' dir='ltr'><strong>deorum</strong></span> <span class='ocrx_word' id='word_1_644' title='bbox 1698 4234 1848 4291; x_wconf 88' lang='lat' dir='ltr'><strong>cultu</strong></span> <span class='ocrx_word' id='word_1_645' title='bbox 1883 4237 2042 4305; x_wconf 89' lang='lat' dir='ltr'><strong>ebrii,</strong></span> 
     </span>
    </p>
   </div>
   <div class='ocr_carea' id='block_1_75' title="bbox 544 4422 2039 4497">
    <p class='ocr_par' dir='ltr' id='par_1_75' title="bbox 544 4422 2039 4497">
     <span class='ocr_line' id='line_1_75' title="bbox 544 4422 2039 4497; baseline 0.001 -17"><span class='ocrx_word' id='word_1_646' title='bbox 544 4425 656 4497; x_wconf 81' lang='grc'>(47)</span> <span class='ocrx_word' id='word_1_647' title='bbox 692 4422 1134 4497; x_wconf 71' lang='lat' dir='ltr'><strong>Redemptionent.</strong></span> <span class='ocrx_word' id='word_1_648' title='bbox 1165 4424 1295 4480; x_wconf 85' lang='lat' dir='ltr'><strong>Post</strong></span> <span class='ocrx_word' id='word_1_649' title='bbox 1321 4425 1462 4497; x_wconf 82' lang='lat' dir='ltr'><strong>hanc</strong></span> <span class='ocrx_word' id='word_1_650' title='bbox 1485 4443 1675 4484; x_wconf 90' lang='lat' dir='ltr'><strong>vocem</strong></span> <span class='ocrx_word' id='word_1_651' title='bbox 1701 4429 1892 4485; x_wconf 60' lang='lat' dir='ltr'><strong>Graeca</strong></span> <span class='ocrx_word' id='word_1_652' title='bbox 1923 4429 2039 4483; x_wconf 76' lang='lat' dir='ltr'><strong>edi-</strong></span> 
     </span>
    </p>
   </div>
   <div class='ocr_carea' id='block_1_76' title="bbox 472 4494 2042 4571">
    <p class='ocr_par' dir='ltr' id='par_1_76' title="bbox 472 4494 2042 4571">
     <span class='ocr_line' id='line_1_76' title="bbox 472 4494 2042 4571; baseline 0.003 -23"><span class='ocrx_word' id='word_1_653' title='bbox 472 4494 722 4571; x_wconf 51' lang='lat' dir='ltr'><strong>tio_&#39;ad&#39;dit</strong></span> <span class='ocrx_word' id='word_1_654' title='bbox 748 4513 762 4571; x_wconf 68' lang='grc' dir='ltr'>ξ</span> <span class='ocrx_word' id='word_1_655' title='bbox 797 4494 894 4549; x_wconf 74' lang='grc' dir='ltr'>διὰ</span> <span class='ocrx_word' id='word_1_656' title='bbox 912 4494 1008 4550; x_wconf 88' lang='grc' dir='ltr'><strong>τοῦ</strong></span> <span class='ocrx_word' id='word_1_657' title='bbox 1039 4495 1268 4566; x_wconf 81' lang='grc' dir='ltr'>αἵματος</span> <span class='ocrx_word' id='word_1_658' title='bbox 1295 4495 1482 4563; x_wconf 82' lang='grc' dir='ltr'>αὑτοῦ,</span> <span class='ocrx_word' id='word_1_659' title='bbox 1516 4498 1569 4553; x_wconf 88' lang='lat' dir='ltr'><strong>id</strong></span> <span class='ocrx_word' id='word_1_660' title='bbox 1596 4509 1700 4565; x_wconf 85' lang='lat' dir='ltr'><strong>est,</strong></span> <span class='ocrx_word' id='word_1_661' title='bbox 1733 4517 1752 4551; x_wconf 76' lang='grc' dir='ltr'><strong>ι</strong></span> <span class='ocrx_word' id='word_1_662' title='bbox 1786 4514 1892 4571; x_wconf 83' lang='lat' dir='ltr'><strong>per</strong></span> <span class='ocrx_word' id='word_1_663' title='bbox 1914 4514 2042 4554; x_wconf 84' lang='lat' dir='ltr'><strong>san-</strong></span> 
     </span>
    </p>
   </div>
   <div class='ocr_carea' id='block_1_77' title="bbox 472 4567 906 4636">
    <p class='ocr_par' dir='ltr' id='par_1_77' title="bbox 472 4567 906 4636">
     <span class='ocr_line' id='line_1_77' title="bbox 472 4567 906 4636; baseline 0.007 -19"><span class='ocrx_word' id='word_1_664' title='bbox 472 4567 684 4636; x_wconf 70' lang='lat' dir='ltr'><strong>guinem</strong></span> <span class='ocrx_word' id='word_1_665' title='bbox 702 4567 850 4636; x_wconf 61' lang='lat' dir='ltr'><strong>eius.</strong></span> <span class='ocrx_word' id='word_1_666' title='bbox 886 4585 906 4620; x_wconf 76' lang='grc' dir='ltr'><strong>ι</strong></span> 
     </span>
    </p>
   </div>
   <div class='ocr_carea' id='block_1_78' title="bbox 544 4633 1348 4706">
    <p class='ocr_par' dir='ltr' id='par_1_78' title="bbox 544 4633 1348 4706">
     <span class='ocr_line' id='line_1_78' title="bbox 544 4633 1348 4706; baseline 0.005 -18"><span class='ocrx_word' id='word_1_667' title='bbox 544 4635 655 4706; x_wconf 75' lang='grc'>(48)</span> <span class='ocrx_word' id='word_1_668' title='bbox 692 4634 916 4706; x_wconf 57' lang='lat' dir='ltr'><strong>Paulus.</strong></span> <span class='ocrx_word' id='word_1_669' title='bbox 945 4633 1193 4706; x_wconf 33' lang='lat' dir='ltr'><strong>I‘Tltess.</strong></span> <span class='ocrx_word' id='word_1_670' title='bbox 1218 4651 1259 4701; x_wconf 89' lang='grc' dir='ltr'><strong>ι,</strong></span> <span class='ocrx_word' id='word_1_671' title='bbox 1294 4636 1348 4692; x_wconf 79' lang='grc'><strong>1.</strong></span> 
     </span>
    </p>
   </div>
   <div class='ocr_carea' id='block_1_79' title="bbox 479 4703 2050 4829">
    <p class='ocr_par' dir='ltr' id='par_1_79' title="bbox 479 4703 2050 4829">
     <span class='ocr_line' id='line_1_79' title="bbox 479 4703 2050 4829; baseline 0.001 -68"><span class='ocrx_word' id='word_1_672' title='bbox 479 4703 683 4829; x_wconf 44' lang='lat' dir='ltr'><strong>La(£938</strong></span> <span class='ocrx_word' id='word_1_673' title='bbox 706 4704 924 4762; x_wconf 79' lang='lat' dir='ltr'><strong>Nostro.</strong></span> <span class='ocrx_word' id='word_1_674' title='bbox 952 4703 1079 4762; x_wconf 64' lang='lat' dir='ltr'><strong>Haac</strong></span> <span class='ocrx_word' id='word_1_675' title='bbox 1106 4721 1210 4761; x_wconf 78' lang='lat' dir='ltr'><strong>vox</strong></span> <span class='ocrx_word' id='word_1_676' title='bbox 1238 4707 1394 4763; x_wconf 89' lang='lat' dir='ltr'><strong>deest</strong></span> <span class='ocrx_word' id='word_1_677' title='bbox 1432 4706 1488 4762; x_wconf 90' lang='lat' dir='ltr'><strong>in</strong></span> <span class='ocrx_word' id='word_1_678' title='bbox 1529 4704 1717 4763; x_wconf 90' lang='lat' dir='ltr'><strong>Bibliis</strong></span> <span class='ocrx_word' id='word_1_679' title='bbox 1751 4705 1960 4763; x_wconf 74' lang='lat' dir='ltr'><strong>Graecis</strong></span> <span class='ocrx_word' id='word_1_680' title='bbox 1984 4723 2050 4762; x_wconf 89' lang='lat' dir='ltr'><strong>ac</strong></span> 
     </span>
     <span class='ocr_line' id='line_1_80' title="bbox 601 4793 701 4829; baseline 0.03 -3"><span class='ocrx_word' id='word_1_681' title='bbox 601 4793 630 4826; x_wconf 84' lang='lat' dir='ltr'><strong>ll</strong></span> <span class='ocrx_word' id='word_1_682' title='bbox 688 4816 701 4829; x_wconf 83' lang='lat'><strong>.</strong></span> 
     </span>
    </p>
   </div>
   <div class='ocr_carea' id='block_1_80' title="bbox 521 4788 701 4829">
    <p class='ocr_par' dir='ltr' id='par_1_80' title="bbox 521 4788 701 4829">
     <span class='ocr_line' id='line_1_81' title="bbox 521 4788 701 4829; baseline 0.028 -4"><span class='ocrx_word' id='word_1_683' title='bbox 521 4788 701 4829; x_wconf 73' lang='lat' dir='ltr'><strong>allllls.</strong></span> 
     </span>
    </p>
   </div>
   <div class='ocr_carea' id='block_1_81' title="bbox 547 4842 2047 4914">
    <p class='ocr_par' dir='ltr' id='par_1_81' title="bbox 547 4842 2047 4914">
     <span class='ocr_line' id='line_1_82' title="bbox 547 4842 2047 4914; baseline 0.002 -18"><span class='ocrx_word' id='word_1_684' title='bbox 547 4843 660 4914; x_wconf 87' lang='lat'><strong>(50)</strong></span> <span class='ocrx_word' id='word_1_685' title='bbox 696 4842 756 4899; x_wconf 85' lang='lat' dir='ltr'><strong>Si</strong></span> <span class='ocrx_word' id='word_1_686' title='bbox 781 4854 977 4899; x_wconf 83' lang='lat' dir='ltr'><strong>autem.</strong></span> <span class='ocrx_word' id='word_1_687' title='bbox 1014 4845 1173 4902; x_wconf 87' lang='lat' dir='ltr'><strong>Rom.</strong></span> <span class='ocrx_word' id='word_1_688' title='bbox 1202 4862 1264 4910; x_wconf 92' lang='grc' dir='ltr'><strong>ιι,</strong></span> <span class='ocrx_word' id='word_1_689' title='bbox 1289 4845 1379 4900; x_wconf 84' lang='grc'><strong>17.</strong></span> <span class='ocrx_word' id='word_1_690' title='bbox 1414 4845 1602 4902; x_wconf 65' lang='lat' dir='ltr'><strong>Graeca</strong></span> <span class='ocrx_word' id='word_1_691' title='bbox 1638 4845 1808 4903; x_wconf 90' lang='lat' dir='ltr'><strong>editio</strong></span> <span class='ocrx_word' id='word_1_692' title='bbox 1838 4847 2047 4902; x_wconf 85' lang='lat' dir='ltr'><strong>habet:</strong></span> 
     </span>
    </p>
   </div>
   <div class='ocr_carea' id='block_1_82' title="bbox 478 4912 2052 4985">
    <p class='ocr_par' dir='ltr' id='par_1_82' title="bbox 478 4912 2052 4985">
     <span class='ocr_line' id='line_1_83' title="bbox 478 4912 2052 4985; baseline 0.002 -19"><span class='ocrx_word' id='word_1_693' title='bbox 478 4912 662 4985; x_wconf 70' lang='grc' dir='ltr'>ἴδε,ἱὰ</span> <span class='ocrx_word' id='word_1_694' title='bbox 690 4924 794 4977; x_wconf 91' lang='lat' dir='ltr'><strong>est,</strong></span> <span class='ocrx_word' id='word_1_695' title='bbox 834 4933 853 4966; x_wconf 78' lang='grc' dir='ltr'><strong>ι</strong></span> <span class='ocrx_word' id='word_1_696' title='bbox 887 4915 1026 4985; x_wconf 87' lang='lat' dir='ltr'><strong>vide.</strong></span> <span class='ocrx_word' id='word_1_697' title='bbox 1064 4933 1084 4967; x_wconf 76' lang='grc' dir='ltr'><strong>ι</strong></span> <span class='ocrx_word' id='word_1_698' title='bbox 1126 4914 1390 4985; x_wconf 77' lang='lat' dir='ltr'><strong>Vulgatus</strong></span> <span class='ocrx_word' id='word_1_699' title='bbox 1426 4916 1693 4985; x_wconf 88' lang='lat' dir='ltr'><strong>interpres</strong></span> <span class='ocrx_word' id='word_1_700' title='bbox 1720 4916 1848 4983; x_wconf 71' lang='lat' dir='ltr'><strong>legit</strong></span> <span class='ocrx_word' id='word_1_701' title='bbox 1878 4928 1937 4971; x_wconf 91' lang='lat' dir='ltr'><strong>ut</strong></span> <span class='ocrx_word' id='word_1_702' title='bbox 1967 4917 2052 4970; x_wconf 87' lang='lat' dir='ltr'><strong>Di-</strong></span> 
     </span>
    </p>
   </div>
   <div class='ocr_carea' id='block_1_83' title="bbox 481 4984 2048 5067">
    <p class='ocr_par' dir='ltr' id='par_1_83' title="bbox 481 4984 2048 5067">
     <span class='ocr_line' id='line_1_84' title="bbox 481 4984 2048 5067; baseline 0.003 -30"><span class='ocrx_word' id='word_1_703' title='bbox 481 4984 862 5067; x_wconf 47' lang='lat' dir='ltr'><strong>dytn&#39;us..Qui_n</strong></span> <span class='ocrx_word' id='word_1_704' title='bbox 897 4984 1165 5054; x_wconf 89' lang='lat' dir='ltr'><strong>Complnt.</strong></span> <span class='ocrx_word' id='word_1_705' title='bbox 1195 4984 1360 5041; x_wconf 88' lang='lat' dir='ltr'><strong>etiam</strong></span> <span class='ocrx_word' id='word_1_706' title='bbox 1393 4986 1482 5043; x_wconf 86' lang='lat' dir='ltr'><strong>ed.</strong></span> <span class='ocrx_word' id='word_1_707' title='bbox 1535 4984 1698 5041; x_wconf 86' lang='lat' dir='ltr'><strong>habet</strong></span> <span class='ocrx_word' id='word_1_708' title='bbox 1748 4989 1799 5040; x_wconf 80' lang='grc' dir='ltr'>εἰ</span> <span class='ocrx_word' id='word_1_709' title='bbox 1839 4986 1895 5040; x_wconf 84' lang='grc' dir='ltr'><strong>δέ</strong></span> <span class='ocrx_word' id='word_1_710' title='bbox 1920 5027 1936 5052; x_wconf 89' lang='grc'><strong>,</strong></span> <span class='ocrx_word' id='word_1_711' title='bbox 1997 4987 2048 5042; x_wconf 88' lang='lat' dir='ltr'><strong>id</strong></span> 
     </span>
    </p>
   </div>
   <div class='ocr_carea' id='block_1_84' title="bbox 481 5062 998 5113">
    <p class='ocr_par' dir='ltr' id='par_1_84' title="bbox 481 5062 998 5113">
     <span class='ocr_line' id='line_1_85' title="bbox 481 5062 998 5113; baseline 0.004 -7"><span class='ocrx_word' id='word_1_712' title='bbox 481 5063 580 5113; x_wconf 80' lang='lat' dir='ltr'><strong>est,</strong></span> <span class='ocrx_word' id='word_1_713' title='bbox 618 5069 637 5102; x_wconf 72' lang='grc' dir='ltr'><strong>ι</strong></span> <span class='ocrx_word' id='word_1_714' title='bbox 671 5062 716 5107; x_wconf 75' lang='lat' dir='ltr'><strong>Si</strong></span> <span class='ocrx_word' id='word_1_715' title='bbox 746 5062 945 5108; x_wconf 88' lang='lat' dir='ltr'><strong>autem.</strong></span> <span class='ocrx_word' id='word_1_716' title='bbox 978 5073 998 5108; x_wconf 77' lang='grc' dir='ltr'><strong>ι</strong></span> 
     </span>
    </p>
   </div>
   <div class='ocr_carea' id='block_1_85' title="bbox 481 5119 2050 5272">
    <p class='ocr_par' dir='ltr' id='par_1_85' title="bbox 481 5119 2050 5272">
     <span class='ocr_line' id='line_1_86' title="bbox 548 5119 2050 5244; baseline 0.002 -69"><span class='ocrx_word' id='word_1_717' title='bbox 548 5121 660 5244; x_wconf 47' lang='grc' dir='ltr'><strong>ξι)</strong></span> <span class='ocrx_word' id='word_1_718' title='bbox 699 5119 871 5204; x_wconf 75' lang='lat' dir='ltr'><strong>Unus.</strong></span> <span class='ocrx_word' id='word_1_719' title='bbox 904 5122 925 5176; x_wconf 93' lang='lat' dir='ltr'><strong>l</strong></span> <span class='ocrx_word' id='word_1_720' title='bbox 996 5122 1138 5206; x_wconf 35' lang='lat' dir='ltr'><strong>Cor,</strong></span> <span class='ocrx_word' id='word_1_721' title='bbox 1181 5139 1300 5209; x_wconf 76' lang='lat' dir='ltr'><strong>vttt,</strong></span> <span class='ocrx_word' id='word_1_722' title='bbox 1356 5125 1410 5181; x_wconf 82' lang='lat'><strong>6.</strong></span> <span class='ocrx_word' id='word_1_723' title='bbox 1441 5126 1627 5183; x_wconf 82' lang='lat' dir='ltr'><strong>Graeca</strong></span> <span class='ocrx_word' id='word_1_724' title='bbox 1682 5125 1848 5215; x_wconf 54' lang='lat' dir='ltr'><strong>editio</strong></span> <span class='ocrx_word' id='word_1_725' title='bbox 1887 5124 2050 5178; x_wconf 75' lang='lat' dir='ltr'><strong>habet</strong></span> 
     </span>
     <span class='ocr_line' id='line_1_87' title="bbox 481 5192 2043 5272; baseline 0.003 -29"><span class='ocrx_word' id='word_1_726' title='bbox 481 5200 539 5272; x_wconf 66' lang='grc' dir='ltr'><strong>ιιι</strong></span> <span class='ocrx_word' id='word_1_727' title='bbox 608 5192 818 5272; x_wconf 83' lang='lat' dir='ltr'><strong>tdytnus</strong></span> <span class='ocrx_word' id='word_1_728' title='bbox 840 5208 953 5262; x_wconf 88' lang='lat' dir='ltr'><strong>tpse</strong></span> <span class='ocrx_word' id='word_1_729' title='bbox 979 5202 1168 5248; x_wconf 89' lang='lat' dir='ltr'><strong>cttavtt</strong></span> <span class='ocrx_word' id='word_1_730' title='bbox 1187 5197 1343 5272; x_wconf 77' lang='lat' dir='ltr'><strong>altas,</strong></span> <span class='ocrx_word' id='word_1_731' title='bbox 1366 5212 1556 5265; x_wconf 86' lang='lat' dir='ltr'><strong>nempe</strong></span> <span class='ocrx_word' id='word_1_732' title='bbox 1577 5194 1637 5259; x_wconf 79' lang='grc' dir='ltr'>ἐξ</span> <span class='ocrx_word' id='word_1_733' title='bbox 1663 5213 1724 5250; x_wconf 92' lang='grc' dir='ltr'><strong>ου</strong></span> <span class='ocrx_word' id='word_1_734' title='bbox 1746 5194 2043 5272; x_wconf 39' lang='grc' dir='ltr'>τιὰ-πάντα,</span> 
     </span>
    </p>
   </div>
   <div class='ocr_carea' id='block_1_86' title="bbox 480 5258 2048 5384">
    <p class='ocr_par' dir='ltr' id='par_1_86' title="bbox 480 5258 2048 5384">
     <span class='ocr_line' id='line_1_88' title="bbox 480 5258 2048 5384; baseline 0.002 -70"><span class='ocrx_word' id='word_1_735' title='bbox 480 5258 677 5384; x_wconf 50' lang='grc' dir='ltr'><strong>Ξὲέιθει,</strong></span> <span class='ocrx_word' id='word_1_736' title='bbox 720 5277 740 5311; x_wconf 78' lang='grc' dir='ltr'><strong>ι</strong></span> <span class='ocrx_word' id='word_1_737' title='bbox 784 5258 883 5332; x_wconf 76' lang='lat' dir='ltr'><strong>per</strong></span> <span class='ocrx_word' id='word_1_738' title='bbox 913 5278 1072 5333; x_wconf 86' lang='lat' dir='ltr'><strong>quem</strong></span> <span class='ocrx_word' id='word_1_739' title='bbox 1110 5258 1338 5333; x_wconf 50' lang='lat' dir='ltr'><strong>omnia,</strong></span> <span class='ocrx_word' id='word_1_740' title='bbox 1364 5284 1384 5318; x_wconf 77' lang='grc' dir='ltr'><strong>ι</strong></span> <span class='ocrx_word' id='word_1_741' title='bbox 1423 5258 1528 5321; x_wconf 83' lang='lat' dir='ltr'><strong>non</strong></span> <span class='ocrx_word' id='word_1_742' title='bbox 1566 5258 1724 5332; x_wconf 82' lang='lat' dir='ltr'><strong>vero,</strong></span> <span class='ocrx_word' id='word_1_743' title='bbox 1763 5258 1831 5319; x_wconf 86' lang='grc' dir='ltr'>δι’</span> <span class='ocrx_word' id='word_1_744' title='bbox 1869 5258 1931 5319; x_wconf 80' lang='grc' dir='ltr'><strong>οὗ</strong></span> <span class='ocrx_word' id='word_1_745' title='bbox 1978 5265 2048 5317; x_wconf 77' lang='grc' dir='ltr'>τὰ</span> 
     </span>
     <span class='ocr_line' id='line_1_89' title="bbox 556 5346 676 5384; baseline 0.017 -2"><span class='ocrx_word' id='word_1_746' title='bbox 556 5346 676 5384; x_wconf 87' lang='grc' dir='ltr'>ντα.</span> 
     </span>
    </p>
   </div>
   <div class='ocr_carea' id='block_1_87' title="bbox 556 5346 676 5385">
    <p class='ocr_par' dir='ltr' id='par_1_87' title="bbox 556 5346 676 5385">
     <span class='ocr_line' id='line_1_90' title="bbox 556 5346 676 5385; baseline 0.025 -4"><span class='ocrx_word' id='word_1_747' title='bbox 556 5346 676 5385; x_wconf 89' lang='grc' dir='ltr'>ντα.</span> 
     </span>
    </p>
   </div>
   <div class='ocr_carea' id='block_1_88' title="bbox 547 5396 1362 5470">
    <p class='ocr_par' dir='ltr' id='par_1_88' title="bbox 547 5396 1362 5470">
     <span class='ocr_line' id='line_1_91' title="bbox 547 5396 1362 5470; baseline 0.006 -16"><span class='ocrx_word' id='word_1_748' title='bbox 547 5400 662 5470; x_wconf 87' lang='grc'>(52)</span> <span class='ocrx_word' id='word_1_749' title='bbox 709 5396 775 5470; x_wconf 45' lang='lat' dir='ltr'><strong>in</strong></span> <span class='ocrx_word' id='word_1_750' title='bbox 791 5399 923 5457; x_wconf 86' lang='lat' dir='ltr'><strong>Deo.</strong></span> <span class='ocrx_word' id='word_1_751' title='bbox 960 5402 1157 5466; x_wconf 80' lang='lat' dir='ltr'><strong>Ephes.</strong></span> <span class='ocrx_word' id='word_1_752' title='bbox 1189 5418 1274 5465; x_wconf 87' lang='grc' dir='ltr'>ιιι.</span> <span class='ocrx_word' id='word_1_753' title='bbox 1308 5403 1362 5459; x_wconf 91' lang='lat'><strong>9.</strong></span> 
     </span>
    </p>
   </div>
   <div class='ocr_carea' id='block_1_89' title="bbox 549 5467 1334 5538">
    <p class='ocr_par' dir='ltr' id='par_1_89' title="bbox 549 5467 1334 5538">
     <span class='ocr_line' id='line_1_92' title="bbox 549 5467 1334 5538; baseline 0.005 -14"><span class='ocrx_word' id='word_1_754' title='bbox 549 5467 665 5538; x_wconf 61' lang='grc'>(55⁷)</span> <span class='ocrx_word' id='word_1_755' title='bbox 706 5467 956 5538; x_wconf 65' lang='lat' dir='ltr'><strong>Tandem.</strong></span> <span class='ocrx_word' id='word_1_756' title='bbox 986 5471 1144 5527; x_wconf 92' lang='lat' dir='ltr'><strong>Rom.</strong></span> <span class='ocrx_word' id='word_1_757' title='bbox 1174 5489 1213 5538; x_wconf 92' lang='grc' dir='ltr'><strong>ι,</strong></span> <span class='ocrx_word' id='word_1_758' title='bbox 1245 5474 1334 5530; x_wconf 87' lang='grc'><strong>10.</strong></span> 
     </span>
    </p>
   </div>
   <div class='ocr_carea' id='block_1_90' title="bbox 551 5537 2049 5611">
    <p class='ocr_par' dir='ltr' id='par_1_90' title="bbox 551 5537 2049 5611">
     <span class='ocr_line' id='line_1_93' title="bbox 551 5537 2049 5611; baseline 0 -17"><span class='ocrx_word' id='word_1_759' title='bbox 551 5538 668 5611; x_wconf 85' lang='grc'>(54)</span> <span class='ocrx_word' id='word_1_760' title='bbox 709 5537 892 5594; x_wconf 82' lang='lat' dir='ltr'><strong>Orate.</strong></span> <span class='ocrx_word' id='word_1_761' title='bbox 940 5540 1053 5604; x_wconf 82' lang='lat' dir='ltr'><strong>Vel,</strong></span> <span class='ocrx_word' id='word_1_762' title='bbox 1090 5559 1110 5593; x_wconf 77' lang='grc' dir='ltr'><strong>ι</strong></span> <span class='ocrx_word' id='word_1_763' title='bbox 1151 5537 1341 5597; x_wconf 79' lang='lat' dir='ltr'><strong>oratis.</strong></span> <span class='ocrx_word' id='word_1_764' title='bbox 1378 5561 1399 5594; x_wconf 73' lang='grc' dir='ltr'><strong>ι</strong></span> <span class='ocrx_word' id='word_1_765' title='bbox 1440 5541 1592 5596; x_wconf 89' lang='lat' dir='ltr'><strong>Unde</strong></span> <span class='ocrx_word' id='word_1_766' title='bbox 1619 5542 1734 5597; x_wconf 66' lang='lat' dir='ltr'><strong>haec</strong></span> <span class='ocrx_word' id='word_1_767' title='bbox 1762 5544 1922 5597; x_wconf 87' lang='lat' dir='ltr'><strong>verba</strong></span> <span class='ocrx_word' id='word_1_768' title='bbox 1951 5542 2049 5595; x_wconf 66' lang='lat' dir='ltr'><strong>duo</strong></span> 
     </span>
    </p>
   </div>
   <div class='ocr_carea' id='block_1_91' title="bbox 482 5610 2047 5680">
    <p class='ocr_par' dir='ltr' id='par_1_91' title="bbox 482 5610 2047 5680">
     <span class='ocr_line' id='line_1_94' title="bbox 482 5610 2047 5680; baseline 0 -16"><span class='ocrx_word' id='word_1_769' title='bbox 482 5619 569 5664; x_wconf 78' lang='lat' dir='ltr'><strong>cta</strong></span> <span class='ocrx_word' id='word_1_770' title='bbox 611 5610 749 5673; x_wconf 86' lang='lat' dir='ltr'><strong>sint,</strong></span> <span class='ocrx_word' id='word_1_771' title='bbox 781 5610 982 5666; x_wconf 89' lang='lat' dir='ltr'><strong>nescio.</strong></span> <span class='ocrx_word' id='word_1_772' title='bbox 1011 5611 1199 5680; x_wconf 84' lang='lat' dir='ltr'><strong>Itaque</strong></span> <span class='ocrx_word' id='word_1_773' title='bbox 1237 5614 1429 5679; x_wconf 77' lang='lat' dir='ltr'><strong>ignoro</strong></span> <span class='ocrx_word' id='word_1_774' title='bbox 1469 5614 1671 5677; x_wconf 85' lang='lat' dir='ltr'><strong>etiam,</strong></span> <span class='ocrx_word' id='word_1_775' title='bbox 1717 5621 1895 5665; x_wconf 91' lang='lat' dir='ltr'><strong>utrum</strong></span> <span class='ocrx_word' id='word_1_776' title='bbox 1925 5627 2047 5667; x_wconf 87' lang='lat' dir='ltr'><strong>ver-</strong></span> 
     </span>
    </p>
   </div>
   <div class='ocr_carea' id='block_1_92' title="bbox 484 5680 1883 5743">
    <p class='ocr_par' dir='ltr' id='par_1_92' title="bbox 484 5680 1883 5743">
     <span class='ocr_line' id='line_1_95' title="bbox 484 5680 1883 5743; baseline -0.001 -9"><span class='ocrx_word' id='word_1_777' title='bbox 484 5680 639 5734; x_wconf 81' lang='lat' dir='ltr'><strong>tenda</strong></span> <span class='ocrx_word' id='word_1_778' title='bbox 690 5681 803 5732; x_wconf 83' lang='lat' dir='ltr'><strong>sint</strong></span> <span class='ocrx_word' id='word_1_779' title='bbox 850 5696 869 5730; x_wconf 77' lang='grc' dir='ltr'><strong>ι</strong></span> <span class='ocrx_word' id='word_1_780' title='bbox 903 5681 1090 5735; x_wconf 87' lang='lat' dir='ltr'><strong>orandi</strong></span> <span class='ocrx_word' id='word_1_781' title='bbox 1129 5700 1149 5732; x_wconf 75' lang='grc' dir='ltr'><strong>ι</strong></span> <span class='ocrx_word' id='word_1_782' title='bbox 1186 5682 1371 5743; x_wconf 86' lang='lat' dir='ltr'><strong>verbo.</strong></span> <span class='ocrx_word' id='word_1_783' title='bbox 1417 5698 1483 5736; x_wconf 87' lang='lat' dir='ltr'><strong>an</strong></span> <span class='ocrx_word' id='word_1_784' title='bbox 1517 5700 1536 5732; x_wconf 74' lang='grc' dir='ltr'><strong>ι</strong></span> <span class='ocrx_word' id='word_1_785' title='bbox 1575 5683 1822 5736; x_wconf 79' lang='lat' dir='ltr'><strong>voventli.</strong></span> <span class='ocrx_word' id='word_1_786' title='bbox 1865 5699 1883 5733; x_wconf 80' lang='grc' dir='ltr'><strong>ι</strong></span> 
     </span>
    </p>
   </div>
   <div class='ocr_carea' id='block_1_93' title="bbox 552 5747 1426 5818">
    <p class='ocr_par' dir='ltr' id='par_1_93' title="bbox 552 5747 1426 5818">
     <span class='ocr_line' id='line_1_96' title="bbox 552 5747 1426 5818; baseline 0.005 -17"><span class='ocrx_word' id='word_1_787' title='bbox 552 5747 665 5818; x_wconf 82' lang='grc'>(55)</span> <span class='ocrx_word' id='word_1_788' title='bbox 708 5747 815 5818; x_wconf 81' lang='lat' dir='ltr'><strong>Qui</strong></span> <span class='ocrx_word' id='word_1_789' title='bbox 845 5747 993 5818; x_wconf 74' lang='lat' dir='ltr'><strong>facit.</strong></span> <span class='ocrx_word' id='word_1_790' title='bbox 1020 5748 1179 5804; x_wconf 82' lang='lat' dir='ltr'><strong>Joan.</strong></span> <span class='ocrx_word' id='word_1_791' title='bbox 1209 5766 1291 5817; x_wconf 92' lang='grc' dir='ltr'>ιιι,</span> <span class='ocrx_word' id='word_1_792' title='bbox 1336 5750 1426 5805; x_wconf 88' lang='grc'><strong>21.</strong></span> 
     </span>
    </p>
   </div>
   <div class='ocr_carea' id='block_1_94' title="bbox 549 5817 1877 5892">
    <p class='ocr_par' dir='ltr' id='par_1_94' title="bbox 549 5817 1877 5892">
     <span class='ocr_line' id='line_1_97' title="bbox 549 5817 1877 5892; baseline 0.001 -20"><span class='ocrx_word' id='word_1_793' title='bbox 549 5817 665 5890; x_wconf 69' lang='grc'>(66)</span> <span class='ocrx_word' id='word_1_794' title='bbox 704 5817 899 5886; x_wconf 86' lang='lat' dir='ltr'><strong>Opera.</strong></span> <span class='ocrx_word' id='word_1_795' title='bbox 936 5817 1251 5875; x_wconf 85' lang='lat' dir='ltr'><strong>Addendum</strong></span> <span class='ocrx_word' id='word_1_796' title='bbox 1291 5822 1345 5875; x_wconf 89' lang='lat' dir='ltr'><strong>in</strong></span> <span class='ocrx_word' id='word_1_797' title='bbox 1380 5820 1590 5887; x_wconf 73' lang='lat' dir='ltr'><strong>Gmco,</strong></span> <span class='ocrx_word' id='word_1_798' title='bbox 1621 5819 1689 5873; x_wconf 67' lang='grc' dir='ltr'><strong>τά</strong></span> <span class='ocrx_word' id='word_1_799' title='bbox 1722 5818 1877 5892; x_wconf 76' lang='grc' dir='ltr'>ἔργα.</span> 
     </span>
    </p>
   </div>
   <div class='ocr_carea' id='block_1_95' title="bbox 2071 4541 2119 4596">
    <p class='ocr_par' dir='ltr' id='par_1_95' title="bbox 2071 4541 2119 4596">
     <span class='ocr_line' id='line_1_98' title="bbox 2071 4541 2119 4596; baseline 0 0"><span class='ocrx_word' id='word_1_800' title='bbox 2071 4541 2119 4596; x_wconf 88' lang='lat' dir='ltr'><strong>D</strong></span> 
     </span>
    </p>
   </div>
   <div class='ocr_carea' id='block_1_96' title="bbox 2147 3320 3715 3396">
    <p class='ocr_par' dir='ltr' id='par_1_96' title="bbox 2147 3320 3715 3396">
     <span class='ocr_line' id='line_1_99' title="bbox 2147 3320 3715 3396; baseline 0.003 -24"><span class='ocrx_word' id='word_1_801' title='bbox 2147 3320 2364 3392; x_wconf 89' lang='grc' dir='ltr'>ροῦνται</span> <span class='ocrx_word' id='word_1_802' title='bbox 2387 3321 2485 3393; x_wconf 85' lang='grc' dir='ltr'>τῆς</span> <span class='ocrx_word' id='word_1_803' title='bbox 2509 3321 2666 3392; x_wconf 80' lang='grc' dir='ltr'>δόξης</span> <span class='ocrx_word' id='word_1_804' title='bbox 2703 3320 2798 3374; x_wconf 85' lang='grc' dir='ltr'><strong>τοῦ</strong></span> <span class='ocrx_word' id='word_1_805' title='bbox 2828 3321 2986 3386; x_wconf 86' lang='grc' dir='ltr'>Θεοῦ,</span> <span class='ocrx_word' id='word_1_806' title='bbox 3021 3321 3389 3393; x_wconf 83' lang='grc' dir='ltr'>δικαιούμενοι</span> <span class='ocrx_word' id='word_1_807' title='bbox 3419 3323 3623 3396; x_wconf 79' lang='grc' dir='ltr'>δωρεὰν</span> <span class='ocrx_word' id='word_1_808' title='bbox 3645 3327 3715 3396; x_wconf 83' lang='grc' dir='ltr'>τῇ</span> 
     </span>
    </p>
   </div>
   <div class='ocr_carea' id='block_1_97' title="bbox 2144 3413 3717 3489">
    <p class='ocr_par' dir='ltr' id='par_1_97' title="bbox 2144 3413 3717 3489">
     <span class='ocr_line' id='line_1_100' title="bbox 2144 3413 3717 3489; baseline 0.001 -21"><span class='ocrx_word' id='word_1_809' title='bbox 2144 3414 2310 3469; x_wconf 80' lang='grc' dir='ltr'>αὐτοῦ</span> <span class='ocrx_word' id='word_1_810' title='bbox 2340 3415 2522 3487; x_wconf 88' lang='grc' dir='ltr'>χάριτι</span> <span class='ocrx_word' id='word_1_811' title='bbox 2559 3415 2648 3468; x_wconf 76' lang='grc' dir='ltr'>διὰ</span> <span class='ocrx_word' id='word_1_812' title='bbox 2683 3418 2783 3487; x_wconf 80' lang='grc' dir='ltr'>τῆς</span> <span class='ocrx_word' id='word_1_813' title='bbox 2814 3413 3242 3486; x_wconf 82' lang='grc' dir='ltr'>ἀπολυτρώσεως</span> <span class='ocrx_word' id='word_1_814' title='bbox 3266 3415 3368 3487; x_wconf 83' lang='grc' dir='ltr'>τῆς</span> <span class='ocrx_word' id='word_1_815' title='bbox 3402 3417 3461 3469; x_wconf 88' lang='grc' dir='ltr'><strong>ἐν</strong></span> <span class='ocrx_word' id='word_1_816' title='bbox 3495 3417 3717 3489; x_wconf 80' lang='grc' dir='ltr'>Χριστῷ</span> 
     </span>
    </p>
   </div>
   <div class='ocr_carea' id='block_1_98' title="bbox 2157 3503 3720 3578">
    <p class='ocr_par' dir='ltr' id='par_1_98' title="bbox 2157 3503 3720 3578">
     <span class='ocr_line' id='line_1_101' title="bbox 2157 3503 3720 3578; baseline 0.002 -20"><span class='ocrx_word' id='word_1_817' title='bbox 2157 3503 2332 3576; x_wconf 85' lang='grc' dir='ltr'>Ἰησοῦ</span> <span class='ocrx_word' id='word_1_818' title='bbox 2354 3524 2399 3557; x_wconf 81' lang='grc' dir='ltr'>·ι</span> <span class='ocrx_word' id='word_1_819' title='bbox 2443 3504 2712 3573; x_wconf 73' lang='grc' dir='ltr'>Ἑϐραίοις</span> <span class='ocrx_word' id='word_1_820' title='bbox 2741 3505 2831 3559; x_wconf 86' lang='grc' dir='ltr'>δέ·</span> <span class='ocrx_word' id='word_1_821' title='bbox 2870 3524 2889 3556; x_wconf 75' lang='grc' dir='ltr'><strong>ι</strong></span> <span class='ocrx_word' id='word_1_822' title='bbox 2919 3505 3279 3578; x_wconf 79' lang='grc' dir='ltr'>Πολυτρόπως</span> <span class='ocrx_word' id='word_1_823' title='bbox 3311 3506 3474 3560; x_wconf 85' lang='grc' dir='ltr'>πάλαι</span> <span class='ocrx_word' id='word_1_824' title='bbox 3514 3510 3542 3561; x_wconf 87' lang='grc' dir='ltr'>ὁ</span> <span class='ocrx_word' id='word_1_825' title='bbox 3580 3508 3720 3572; x_wconf 84' lang='grc' dir='ltr'>Θεὸς</span> 
     </span>
    </p>
   </div>
   <div class='ocr_carea' id='block_1_99' title="bbox 2140 3597 3719 3673">
    <p class='ocr_par' dir='ltr' id='par_1_99' title="bbox 2140 3597 3719 3673">
     <span class='ocr_line' id='line_1_102' title="bbox 2140 3597 3719 3673; baseline 0.003 -22"><span class='ocrx_word' id='word_1_826' title='bbox 2140 3597 2379 3670; x_wconf 86' lang='grc' dir='ltr'>λαλήσας</span> <span class='ocrx_word' id='word_1_827' title='bbox 2401 3599 2513 3660; x_wconf 86' lang='grc' dir='ltr'>τοῖς</span> <span class='ocrx_word' id='word_1_828' title='bbox 2536 3599 2806 3668; x_wconf 86' lang='grc' dir='ltr'>πατράσιν</span> <span class='ocrx_word' id='word_1_829' title='bbox 2830 3601 2887 3653; x_wconf 85' lang='grc' dir='ltr'><strong>ἐν</strong></span> <span class='ocrx_word' id='word_1_830' title='bbox 2913 3602 3028 3664; x_wconf 86' lang='grc' dir='ltr'>τοῖς</span> <span class='ocrx_word' id='word_1_831' title='bbox 3071 3601 3399 3673; x_wconf 81' lang='grc' dir='ltr'>προφήταις,</span> <span class='ocrx_word' id='word_1_832' title='bbox 3434 3602 3522 3654; x_wconf 80' lang='grc' dir='ltr'>ἐπ’</span> <span class='ocrx_word' id='word_1_833' title='bbox 3553 3601 3719 3671; x_wconf 79' lang='grc' dir='ltr'>ἐσχά-</span> 
     </span>
    </p>
   </div>
   <div class='ocr_carea' id='block_1_100' title="bbox 2139 3689 3720 3764">
    <p class='ocr_par' dir='ltr' id='par_1_100' title="bbox 2139 3689 3720 3764">
     <span class='ocr_line' id='line_1_103' title="bbox 2139 3689 3720 3764; baseline 0.001 -20"><span class='ocrx_word' id='word_1_834' title='bbox 2139 3708 2251 3744; x_wconf 87' lang='grc' dir='ltr'>των</span> <span class='ocrx_word' id='word_1_835' title='bbox 2275 3689 2500 3761; x_wconf 80' lang='grc' dir='ltr'>ἡμερῶν</span> <span class='ocrx_word' id='word_1_836' title='bbox 2522 3689 2727 3744; x_wconf 87' lang='grc' dir='ltr'>τούτων</span> <span class='ocrx_word' id='word_1_837' title='bbox 2754 3690 3015 3762; x_wconf 78' lang='grc' dir='ltr'>ἐλάλησεν</span> <span class='ocrx_word' id='word_1_838' title='bbox 3041 3694 3175 3764; x_wconf 79' lang='grc' dir='ltr'>ἡμῖν</span> <span class='ocrx_word' id='word_1_839' title='bbox 3199 3695 3259 3747; x_wconf 84' lang='grc' dir='ltr'><strong>ἐν</strong></span> <span class='ocrx_word' id='word_1_840' title='bbox 3299 3692 3434 3763; x_wconf 84' lang='grc' dir='ltr'>Υίῷ.</span> <span class='ocrx_word' id='word_1_841' title='bbox 3458 3712 3476 3744; x_wconf 80' lang='grc' dir='ltr'><strong>ι</strong></span> <span class='ocrx_word' id='word_1_842' title='bbox 3510 3693 3720 3764; x_wconf 80' lang='grc' dir='ltr'>Πέτρος</span> 
     </span>
    </p>
   </div>
   <div class='ocr_carea' id='block_1_101' title="bbox 2141 3780 3720 3856">
    <p class='ocr_par' dir='ltr' id='par_1_101' title="bbox 2141 3780 3720 3856">
     <span class='ocr_line' id='line_1_104' title="bbox 2141 3780 3720 3856; baseline 0.003 -22"><span class='ocrx_word' id='word_1_843' title='bbox 2141 3784 2199 3835; x_wconf 88' lang='grc' dir='ltr'><strong>ἐν</strong></span> <span class='ocrx_word' id='word_1_844' title='bbox 2233 3780 2517 3853; x_wconf 78' lang='grc' dir='ltr'>Ἐπιστολῇ</span> <span class='ocrx_word' id='word_1_845' title='bbox 2535 3797 2549 3813; x_wconf 77' lang='grc' dir='ltr'><strong>ο</strong></span> <span class='ocrx_word' id='word_1_846' title='bbox 2578 3799 2597 3832; x_wconf 78' lang='grc' dir='ltr'><strong>ι</strong></span> <span class='ocrx_word' id='word_1_847' title='bbox 2622 3782 2678 3834; x_wconf 86' lang='grc' dir='ltr'>Ὁ</span> <span class='ocrx_word' id='word_1_848' title='bbox 2703 3781 2759 3835; x_wconf 83' lang='grc' dir='ltr'>δὲ</span> <span class='ocrx_word' id='word_1_849' title='bbox 2786 3781 2917 3847; x_wconf 86' lang='grc' dir='ltr'>Θεὸς</span> <span class='ocrx_word' id='word_1_850' title='bbox 2943 3783 3123 3855; x_wconf 82' lang='grc' dir='ltr'>πάσης</span> <span class='ocrx_word' id='word_1_851' title='bbox 3154 3784 3393 3856; x_wconf 84' lang='grc' dir='ltr'>χάριτος,</span> <span class='ocrx_word' id='word_1_852' title='bbox 3422 3786 3451 3837; x_wconf 86' lang='grc' dir='ltr'>ὁ</span> <span class='ocrx_word' id='word_1_853' title='bbox 3480 3783 3720 3848; x_wconf 84' lang='grc' dir='ltr'>καλέσας</span> 
     </span>
    </p>
   </div>
   <div class='ocr_carea' id='block_1_102' title="bbox 2141 3872 3712 3949">
    <p class='ocr_par' dir='ltr' id='par_1_102' title="bbox 2141 3872 3712 3949">
     <span class='ocr_line' id='line_1_105' title="bbox 2141 3872 3712 3949; baseline 0.001 -21"><span class='ocrx_word' id='word_1_854' title='bbox 2141 3874 2287 3946; x_wconf 75' lang='grc' dir='ltr'>ἡμᾶς</span> <span class='ocrx_word' id='word_1_855' title='bbox 2318 3876 2399 3937; x_wconf 81' lang='grc' dir='ltr'><strong>εἰς</strong></span> <span class='ocrx_word' id='word_1_856' title='bbox 2425 3873 2523 3945; x_wconf 78' lang='grc' dir='ltr'>τὴν</span> <span class='ocrx_word' id='word_1_857' title='bbox 2547 3872 2763 3929; x_wconf 81' lang='grc' dir='ltr'>αἰώνιον</span> <span class='ocrx_word' id='word_1_858' title='bbox 2785 3874 2949 3928; x_wconf 78' lang='grc' dir='ltr'>αὑτοῦ</span> <span class='ocrx_word' id='word_1_859' title='bbox 2974 3875 3130 3941; x_wconf 83' lang='grc' dir='ltr'>δόξαν</span> <span class='ocrx_word' id='word_1_860' title='bbox 3148 3878 3204 3930; x_wconf 89' lang='lat' dir='ltr'><strong>tv</strong></span> <span class='ocrx_word' id='word_1_861' title='bbox 3228 3875 3446 3948; x_wconf 75' lang='grc' dir='ltr'>Χριστῷ</span> <span class='ocrx_word' id='word_1_862' title='bbox 3458 3874 3632 3949; x_wconf 81' lang='grc' dir='ltr'>Ἰησοῦ</span> <span class='ocrx_word' id='word_1_863' title='bbox 3692 3896 3712 3929; x_wconf 80' lang='lat' dir='ltr'><strong>s</strong></span> 
     </span>
    </p>
   </div>
   <div class='ocr_carea' id='block_1_103' title="bbox 2776 3967 3093 4022">
    <p class='ocr_par' dir='ltr' id='par_1_103' title="bbox 2776 3967 3093 4022">
     <span class='ocr_line' id='line_1_106' title="bbox 2776 3967 3093 4022; baseline 0.006 -2"><span class='ocrx_word' id='word_1_864' title='bbox 2776 3967 2937 4021; x_wconf 79' lang='grc' dir='ltr'><strong>ΚΕΦ.</strong></span> <span class='ocrx_word' id='word_1_865' title='bbox 2965 3969 3093 4022; x_wconf 81' lang='lat' dir='ltr'><strong>KA&#39;.</strong></span> 
     </span>
    </p>
   </div>
   <div class='ocr_carea' id='block_1_104' title="bbox 2214 4057 3717 4136">
    <p class='ocr_par' dir='ltr' id='par_1_104' title="bbox 2214 4057 3717 4136">
     <span class='ocr_line' id='line_1_107' title="bbox 2214 4057 3717 4136; baseline 0.005 -26"><span class='ocrx_word' id='word_1_866' title='bbox 2214 4058 2334 4111; x_wconf 90' lang='grc' dir='ltr'><strong>Ἔτι</strong></span> <span class='ocrx_word' id='word_1_867' title='bbox 2372 4057 2467 4112; x_wconf 74' lang='grc' dir='ltr'><strong>καὶ</strong></span> <span class='ocrx_word' id='word_1_868' title='bbox 2510 4059 2561 4111; x_wconf 91' lang='grc' dir='ltr'>οἱ</span> <span class='ocrx_word' id='word_1_869' title='bbox 2604 4059 2780 4131; x_wconf 83' lang='grc' dir='ltr'>οἰήσει</span> <span class='ocrx_word' id='word_1_870' title='bbox 2819 4060 2976 4130; x_wconf 72' lang='grc' dir='ltr'>σοφοὶ</span> <span class='ocrx_word' id='word_1_871' title='bbox 3018 4061 3114 4115; x_wconf 78' lang='grc' dir='ltr'><strong>καὶ</strong></span> <span class='ocrx_word' id='word_1_872' title='bbox 3158 4062 3343 4133; x_wconf 76' lang='grc' dir='ltr'>πάσης</span> <span class='ocrx_word' id='word_1_873' title='bbox 3385 4063 3717 4136; x_wconf 77' lang='grc' dir='ltr'>ἀδελτηρίας</span> 
     </span>
    </p>
   </div>
   <div class='ocr_carea' id='block_1_105' title="bbox 2138 4148 3712 4228">
    <p class='ocr_par' dir='ltr' id='par_1_105' title="bbox 2138 4148 3712 4228">
     <span class='ocr_line' id='line_1_108' title="bbox 2138 4148 3712 4228; baseline 0.006 -27"><span class='ocrx_word' id='word_1_874' title='bbox 2138 4148 2395 4203; x_wconf 81' lang='grc' dir='ltr'>ἐπέκεινα</span> <span class='ocrx_word' id='word_1_875' title='bbox 2415 4149 2694 4220; x_wconf 83' lang='grc' dir='ltr'>Ἕλληνες,</span> <span class='ocrx_word' id='word_1_876' title='bbox 2719 4152 2768 4205; x_wconf 87' lang='grc' dir='ltr'>οἱ</span> <span class='ocrx_word' id='word_1_877' title='bbox 2795 4151 3086 4217; x_wconf 87' lang='grc' dir='ltr'>πολυθεῖας</span> <span class='ocrx_word' id='word_1_878' title='bbox 3104 4153 3232 4228; x_wconf 76' lang='grc' dir='ltr'>δόξῃ</span> <span class='ocrx_word' id='word_1_879' title='bbox 3255 4154 3712 4227; x_wconf 85' lang='grc' dir='ltr'>καταμεθύοντες,</span> 
     </span>
    </p>
   </div>
   <div class='ocr_carea' id='block_1_106' title="bbox 2139 4241 3773 4321">
    <p class='ocr_par' dir='ltr' id='par_1_106' title="bbox 2139 4241 3773 4321">
     <span class='ocr_line' id='line_1_109' title="bbox 2139 4241 3773 4321; baseline 0.005 -28"><span class='ocrx_word' id='word_1_880' title='bbox 2139 4241 2236 4294; x_wconf 78' lang='grc' dir='ltr'>καὶ</span> <span class='ocrx_word' id='word_1_881' title='bbox 2279 4242 2509 4305; x_wconf 51' lang='grc' dir='ltr'>ἑαυτοὺς</span> <span class='ocrx_word' id='word_1_882' title='bbox 2546 4242 2845 4307; x_wconf 82' lang='grc' dir='ltr'>πείθοντες,</span> <span class='ocrx_word' id='word_1_883' title='bbox 2879 4245 3070 4317; x_wconf 79' lang='grc' dir='ltr'>ὅτιπερ</span> <span class='ocrx_word' id='word_1_884' title='bbox 3119 4245 3271 4318; x_wconf 86' lang='grc' dir='ltr'>μόνοι</span> <span class='ocrx_word' id='word_1_885' title='bbox 3303 4247 3443 4302; x_wconf 73' lang='grc' dir='ltr'>εἰσὶν</span> <span class='ocrx_word' id='word_1_886' title='bbox 3471 4248 3715 4321; x_wconf 80' lang='grc' dir='ltr'>πολυμα-</span> <span class='ocrx_word' id='word_1_887' title='bbox 3764 4284 3773 4294; x_wconf 86' lang='grc'><strong>-</strong></span> 
     </span>
    </p>
   </div>
   <div class='ocr_carea' id='block_1_107' title="bbox 2219 4429 3251 4502">
    <p class='ocr_par' dir='ltr' id='par_1_107' title="bbox 2219 4429 3251 4502">
     <span class='ocr_line' id='line_1_110' title="bbox 2219 4429 3251 4502; baseline 0 -16"><span class='ocrx_word' id='word_1_888' title='bbox 2219 4429 2334 4502; x_wconf 71' lang='lat'><strong>(57)</strong></span> <span class='ocrx_word' id='word_1_889' title='bbox 2374 4431 2657 4497; x_wconf 81' lang='lat' dir='ltr'><strong>Quoniam.</strong></span> <span class='ocrx_word' id='word_1_890' title='bbox 2684 4430 2893 4502; x_wconf 83' lang='lat' dir='ltr'><strong>Coloss.</strong></span> <span class='ocrx_word' id='word_1_891' title='bbox 2940 4446 2980 4496; x_wconf 90' lang='grc' dir='ltr'><strong>ι,</strong></span> <span class='ocrx_word' id='word_1_892' title='bbox 3013 4429 3116 4502; x_wconf 55' lang='grc'>16,</span> <span class='ocrx_word' id='word_1_893' title='bbox 3161 4430 3251 4486; x_wconf 89' lang='grc'><strong>17.</strong></span> 
     </span>
    </p>
   </div>
   <div class='ocr_carea' id='block_1_108' title="bbox 2220 4499 3146 4570">
    <p class='ocr_par' dir='ltr' id='par_1_108' title="bbox 2220 4499 3146 4570">
     <span class='ocr_line' id='line_1_111' title="bbox 2220 4499 3146 4570; baseline 0 -17"><span class='ocrx_word' id='word_1_894' title='bbox 2220 4499 2330 4570; x_wconf 89' lang='grc'>(58)</span> <span class='ocrx_word' id='word_1_895' title='bbox 2370 4502 2474 4557; x_wconf 85' lang='lat' dir='ltr'><strong>Sed</strong></span> <span class='ocrx_word' id='word_1_896' title='bbox 2494 4503 2683 4556; x_wconf 80' lang='lat' dir='ltr'><strong>abluti.</strong></span> <span class='ocrx_word' id='word_1_897' title='bbox 2726 4502 2746 4555; x_wconf 94' lang='lat' dir='ltr'><strong>l</strong></span> <span class='ocrx_word' id='word_1_898' title='bbox 2777 4500 2905 4557; x_wconf 89' lang='lat' dir='ltr'><strong>Cor.</strong></span> <span class='ocrx_word' id='word_1_899' title='bbox 2941 4517 3017 4565; x_wconf 82' lang='lat' dir='ltr'><strong>vt,</strong></span> <span class='ocrx_word' id='word_1_900' title='bbox 3060 4499 3146 4554; x_wconf 88' lang='grc'><strong>11.</strong></span> 
     </span>
    </p>
   </div>
   <div class='ocr_carea' id='block_1_109' title="bbox 2217 4570 2973 4641">
    <p class='ocr_par' dir='ltr' id='par_1_109' title="bbox 2217 4570 2973 4641">
     <span class='ocr_line' id='line_1_112' title="bbox 2217 4570 2973 4641; baseline 0 -18"><span class='ocrx_word' id='word_1_901' title='bbox 2217 4570 2330 4641; x_wconf 64' lang='lat'><strong>(59)</strong></span> <span class='ocrx_word' id='word_1_902' title='bbox 2373 4571 2502 4641; x_wconf 71' lang='lat' dir='ltr'><strong>Deo.</strong></span> <span class='ocrx_word' id='word_1_903' title='bbox 2536 4572 2578 4625; x_wconf 91' lang='lat' dir='ltr'><strong>ll</strong></span> <span class='ocrx_word' id='word_1_904' title='bbox 2618 4571 2744 4641; x_wconf 86' lang='lat' dir='ltr'><strong>Cor.</strong></span> <span class='ocrx_word' id='word_1_905' title='bbox 2791 4587 2850 4637; x_wconf 85' lang='lat' dir='ltr'><strong>tt,</strong></span> <span class='ocrx_word' id='word_1_906' title='bbox 2884 4570 2973 4624; x_wconf 85' lang='grc'><strong>14.</strong></span> 
     </span>
    </p>
   </div>
   <div class='ocr_carea' id='block_1_110' title="bbox 2244 4639 3025 4711">
    <p class='ocr_par' dir='ltr' id='par_1_110' title="bbox 2244 4639 3025 4711">
     <span class='ocr_line' id='line_1_113' title="bbox 2244 4639 3025 4711; baseline -0.001 -18"><span class='ocrx_word' id='word_1_907' title='bbox 2244 4639 2333 4710; x_wconf 90' lang='grc'><strong>60)</strong></span> <span class='ocrx_word' id='word_1_908' title='bbox 2375 4639 2581 4711; x_wconf 63' lang='lat' dir='ltr'><strong>Itaque.</strong></span> <span class='ocrx_word' id='word_1_909' title='bbox 2611 4640 2652 4695; x_wconf 89' lang='lat' dir='ltr'><strong>ll</strong></span> <span class='ocrx_word' id='word_1_910' title='bbox 2676 4640 2803 4696; x_wconf 89' lang='lat' dir='ltr'><strong>Cor.</strong></span> <span class='ocrx_word' id='word_1_911' title='bbox 2842 4656 2897 4707; x_wconf 91' lang='lat' dir='ltr'><strong>v,</strong></span> <span class='ocrx_word' id='word_1_912' title='bbox 2936 4640 3025 4694; x_wconf 86' lang='grc'><strong>17.</strong></span> 
     </span>
    </p>
   </div>
   <div class='ocr_carea' id='block_1_111' title="bbox 2245 4710 3085 4779">
    <p class='ocr_par' dir='ltr' id='par_1_111' title="bbox 2245 4710 3085 4779">
     <span class='ocr_line' id='line_1_114' title="bbox 2245 4710 3085 4779; baseline 0 -16"><span class='ocrx_word' id='word_1_913' title='bbox 2245 4711 2335 4779; x_wconf 88' lang='grc'>61)</span> <span class='ocrx_word' id='word_1_914' title='bbox 2377 4710 2520 4764; x_wconf 81' lang='lat' dir='ltr'><strong>Nam</strong></span> <span class='ocrx_word' id='word_1_915' title='bbox 2540 4710 2644 4765; x_wconf 64' lang='lat' dir='ltr'><strong>let.</strong></span> <span class='ocrx_word' id='word_1_916' title='bbox 2681 4711 2839 4765; x_wconf 85' lang='lat' dir='ltr'><strong>Rom.</strong></span> <span class='ocrx_word' id='word_1_917' title='bbox 2881 4726 2997 4773; x_wconf 82' lang='lat' dir='ltr'><strong>vttt,</strong></span> <span class='ocrx_word' id='word_1_918' title='bbox 3029 4710 3085 4763; x_wconf 82' lang='grc'>2.</span> 
     </span>
    </p>
   </div>
   <div class='ocr_carea' id='block_1_112' title="bbox 2242 4778 3166 4847">
    <p class='ocr_par' dir='ltr' id='par_1_112' title="bbox 2242 4778 3166 4847">
     <span class='ocr_line' id='line_1_115' title="bbox 2242 4778 3166 4847; baseline 0.001 -14"><span class='ocrx_word' id='word_1_919' title='bbox 2242 4778 2332 4847; x_wconf 86' lang='grc'><strong>62)</strong></span> <span class='ocrx_word' id='word_1_920' title='bbox 2370 4778 2583 4836; x_wconf 83' lang='lat' dir='ltr'><strong>Omnes.</strong></span> <span class='ocrx_word' id='word_1_921' title='bbox 2631 4781 2788 4834; x_wconf 88' lang='lat' dir='ltr'><strong>Rom.</strong></span> <span class='ocrx_word' id='word_1_922' title='bbox 2832 4796 2918 4842; x_wconf 85' lang='grc' dir='ltr'>ιιι,</span> <span class='ocrx_word' id='word_1_923' title='bbox 2946 4781 3039 4846; x_wconf 77' lang='grc'>25,</span> <span class='ocrx_word' id='word_1_924' title='bbox 3074 4779 3166 4835; x_wconf 82' lang='grc'>24.</span> 
     </span>
    </p>
   </div>
   <div class='ocr_carea' id='block_1_113' title="bbox 2221 4783 3719 4923">
    <p class='ocr_par' dir='ltr' id='par_1_113' title="bbox 2221 4783 3719 4923">
     <span class='ocr_line' id='line_1_116' title="bbox 2242 4783 3166 4847; baseline 0.001 -14"><span class='ocrx_word' id='word_1_925' title='bbox 2242 4783 2332 4847; x_wconf 86' lang='grc'><strong>62)</strong></span> <span class='ocrx_word' id='word_1_926' title='bbox 2370 4783 2583 4836; x_wconf 83' lang='lat' dir='ltr'><strong>Omnes.</strong></span> <span class='ocrx_word' id='word_1_927' title='bbox 2631 4783 2788 4834; x_wconf 88' lang='lat' dir='ltr'><strong>Rom.</strong></span> <span class='ocrx_word' id='word_1_928' title='bbox 2832 4796 2918 4842; x_wconf 87' lang='grc' dir='ltr'>ιιι,</span> <span class='ocrx_word' id='word_1_929' title='bbox 2946 4783 3039 4846; x_wconf 78' lang='grc'>25,</span> <span class='ocrx_word' id='word_1_930' title='bbox 3074 4783 3166 4835; x_wconf 84' lang='grc'>24.</span> 
     </span>
     <span class='ocr_line' id='line_1_117' title="bbox 2221 4783 3719 4923; baseline 0.001 -20"><span class='ocrx_word' id='word_1_931' title='bbox 2221 4783 2333 4920; x_wconf 49' lang='grc'>(65)</span> <span class='ocrx_word' id='word_1_932' title='bbox 2376 4847 2780 4923; x_wconf 52' lang='lat' dir='ltr'><strong>“novissimis.</strong></span> <span class='ocrx_word' id='word_1_933' title='bbox 2806 4851 3064 4923; x_wconf 63' lang='lat' dir='ltr'><strong>Didymus</strong></span> <span class='ocrx_word' id='word_1_934' title='bbox 3088 4849 3245 4923; x_wconf 85' lang='lat' dir='ltr'><strong>modo</strong></span> <span class='ocrx_word' id='word_1_935' title='bbox 3270 4848 3400 4923; x_wconf 77' lang='lat' dir='ltr'><strong>legit</strong></span> <span class='ocrx_word' id='word_1_936' title='bbox 3446 4851 3533 4904; x_wconf 83' lang='grc' dir='ltr'>ἐπ’</span> <span class='ocrx_word' id='word_1_937' title='bbox 3554 4850 3719 4923; x_wconf 78' lang='grc' dir='ltr'>ἐσχά-</span> 
     </span>
    </p>
   </div>
   <div class='ocr_carea' id='block_1_114' title="bbox 2148 4919 3715 5003">
    <p class='ocr_par' dir='ltr' id='par_1_114' title="bbox 2148 4919 3715 5003">
     <span class='ocr_line' id='line_1_118' title="bbox 2148 4919 3715 5003; baseline 0.003 -32"><span class='ocrx_word' id='word_1_938' title='bbox 2148 4919 2289 5003; x_wconf 79' lang='grc' dir='ltr'>των,</span> <span class='ocrx_word' id='word_1_939' title='bbox 2340 4930 2400 4974; x_wconf 85' lang='grc' dir='ltr'><strong>ιιι</strong></span> <span class='ocrx_word' id='word_1_940' title='bbox 2442 4919 2532 5003; x_wconf 62' lang='lat' dir='ltr'><strong>hic</strong></span> <span class='ocrx_word' id='word_1_941' title='bbox 2588 4930 2644 4974; x_wconf 90' lang='lat' dir='ltr'><strong>et</strong></span> <span class='ocrx_word' id='word_1_942' title='bbox 2695 4936 2881 5003; x_wconf 46' lang='grc' dir='ltr'><strong>εθειξι..</strong></span> <span class='ocrx_word' id='word_1_943' title='bbox 2907 4919 2975 4972; x_wconf 84' lang='grc'>27</span> <span class='ocrx_word' id='word_1_944' title='bbox 3001 4923 3071 5003; x_wconf 69' lang='lat' dir='ltr'><strong>_b_;</strong></span> <span class='ocrx_word' id='word_1_945' title='bbox 3114 4921 3273 5003; x_wconf 86' lang='lat' dir='ltr'><strong>modo</strong></span> <span class='ocrx_word' id='word_1_946' title='bbox 3317 4919 3404 5003; x_wconf 77' lang='grc' dir='ltr'>ἐπ’</span> <span class='ocrx_word' id='word_1_947' title='bbox 3454 4919 3715 5003; x_wconf 54' lang='lat' dir='ltr'><strong>egere»,</strong></span> 
     </span>
    </p>
   </div>
   <div class='ocr_carea' id='block_1_115' title="bbox 2150 4989 3719 5129">
    <p class='ocr_par' dir='ltr' id='par_1_115' title="bbox 2150 4989 3719 5129">
     <span class='ocr_line' id='line_1_119' title="bbox 2152 4989 3719 5060; baseline 0.006 -20"><span class='ocrx_word' id='word_1_948' title='bbox 2152 5001 2209 5043; x_wconf 87' lang='grc' dir='ltr'><strong>ιιι</strong></span> <span class='ocrx_word' id='word_1_949' title='bbox 2244 5004 2417 5060; x_wconf 78' lang='lat' dir='ltr'><strong>segm.</strong></span> <span class='ocrx_word' id='word_1_950' title='bbox 2465 4989 2534 5044; x_wconf 78' lang='grc'>15</span> <span class='ocrx_word' id='word_1_951' title='bbox 2573 5007 2627 5058; x_wconf 86' lang='lat' dir='ltr'><strong>a,</strong></span> <span class='ocrx_word' id='word_1_952' title='bbox 2661 5000 2717 5044; x_wconf 91' lang='lat' dir='ltr'><strong>et</strong></span> <span class='ocrx_word' id='word_1_953' title='bbox 2760 4991 2826 5045; x_wconf 89' lang='grc'>68</span> <span class='ocrx_word' id='word_1_954' title='bbox 2864 4991 2913 5054; x_wconf 84' lang='lat' dir='ltr'><strong>b,</strong></span> <span class='ocrx_word' id='word_1_955' title='bbox 2963 4999 3019 5044; x_wconf 91' lang='lat' dir='ltr'><strong>et</strong></span> <span class='ocrx_word' id='word_1_956' title='bbox 3047 4992 3100 5044; x_wconf 93' lang='lat' dir='ltr'><strong>in</strong></span> <span class='ocrx_word' id='word_1_957' title='bbox 3141 5000 3335 5045; x_wconf 87' lang='lat' dir='ltr'><strong>catena</strong></span> <span class='ocrx_word' id='word_1_958' title='bbox 3374 4991 3429 5045; x_wconf 81' lang='lat' dir='ltr'><strong>in</strong></span> <span class='ocrx_word' id='word_1_959' title='bbox 3472 4989 3719 5049; x_wconf 70' lang='lat' dir='ltr'><strong>Psalmos</strong></span> 
     </span>
     <span class='ocr_line' id='line_1_120' title="bbox 2150 5059 3713 5129; baseline 0.004 -20"><span class='ocrx_word' id='word_1_960' title='bbox 2150 5059 2357 5129; x_wconf 80' lang='lat' dir='ltr'><strong>calamo</strong></span> <span class='ocrx_word' id='word_1_961' title='bbox 2385 5068 2604 5129; x_wconf 65' lang='lat' dir='ltr'><strong>exarata</strong></span> <span class='ocrx_word' id='word_1_962' title='bbox 2626 5100 2642 5124; x_wconf 96' lang='lat'><strong>,</strong></span> <span class='ocrx_word' id='word_1_963' title='bbox 2685 5074 2819 5129; x_wconf 45' lang='lat' dir='ltr'><strong>quae</strong></span> <span class='ocrx_word' id='word_1_964' title='bbox 2836 5068 3013 5115; x_wconf 82' lang='lat' dir='ltr'><strong>exstat</strong></span> <span class='ocrx_word' id='word_1_965' title='bbox 3041 5061 3228 5115; x_wconf 86' lang='lat' dir='ltr'><strong>codice</strong></span> <span class='ocrx_word' id='word_1_966' title='bbox 3255 5059 3444 5117; x_wconf 67' lang='lat' dir='ltr'><strong>Graeco</strong></span> <span class='ocrx_word' id='word_1_967' title='bbox 3477 5077 3587 5115; x_wconf 82' lang='grc' dir='ltr'>ιιι-ιι</span> <span class='ocrx_word' id='word_1_968' title='bbox 3623 5062 3713 5115; x_wconf 87' lang='grc' dir='ltr'><strong>Βι-</strong></span> 
     </span>
    </p>
   </div>
   <div class='ocr_carea' id='block_1_116' title="bbox 2150 5127 3715 5201">
    <p class='ocr_par' dir='ltr' id='par_1_116' title="bbox 2150 5127 3715 5201">
     <span class='ocr_line' id='line_1_121' title="bbox 2150 5127 3715 5201; baseline 0.005 -23"><span class='ocrx_word' id='word_1_969' title='bbox 2150 5128 2432 5201; x_wconf 73' lang='grc' dir='ltr'>1ι1ἰοιΙιοεξιι</span> <span class='ocrx_word' id='word_1_970' title='bbox 2469 5127 2531 5201; x_wconf 88' lang='lat' dir='ltr'><strong>S.</strong></span> <span class='ocrx_word' id='word_1_971' title='bbox 2571 5127 2733 5201; x_wconf 79' lang='lat' dir='ltr'><strong>Marci</strong></span> <span class='ocrx_word' id='word_1_972' title='bbox 2782 5128 3153 5197; x_wconf 82' lang='lat' dir='ltr'><strong>Venetiarum,</strong></span> <span class='ocrx_word' id='word_1_973' title='bbox 3185 5145 3311 5201; x_wconf 80' lang='lat' dir='ltr'><strong>pag.</strong></span> <span class='ocrx_word' id='word_1_974' title='bbox 3337 5130 3443 5185; x_wconf 89' lang='grc'><strong>206</strong></span> <span class='ocrx_word' id='word_1_975' title='bbox 3483 5132 3549 5187; x_wconf 83' lang='lat' dir='ltr'><strong>ad</strong></span> <span class='ocrx_word' id='word_1_976' title='bbox 3581 5134 3715 5187; x_wconf 84' lang='lat' dir='ltr'><strong>titu-</strong></span> 
     </span>
    </p>
   </div>
   <div class='ocr_carea' id='block_1_117' title="bbox 2148 5196 2663 5266">
    <p class='ocr_par' dir='ltr' id='par_1_117' title="bbox 2148 5196 2663 5266">
     <span class='ocr_line' id='line_1_122' title="bbox 2148 5196 2663 5266; baseline 0.01 -18"><span class='ocrx_word' id='word_1_977' title='bbox 2148 5196 2258 5251; x_wconf 89' lang='lat' dir='ltr'><strong>lunt</strong></span> <span class='ocrx_word' id='word_1_978' title='bbox 2292 5199 2481 5266; x_wconf 91' lang='lat' dir='ltr'><strong>psalmi</strong></span> <span class='ocrx_word' id='word_1_979' title='bbox 2517 5200 2663 5253; x_wconf 89' lang='lat' dir='ltr'><strong>noni.</strong></span> 
     </span>
    </p>
   </div>
   <div class='ocr_carea' id='block_1_118' title="bbox 2242 5267 2976 5333">
    <p class='ocr_par' dir='ltr' id='par_1_118' title="bbox 2242 5267 2976 5333">
     <span class='ocr_line' id='line_1_123' title="bbox 2242 5267 2976 5333; baseline 0.003 -13"><span class='ocrx_word' id='word_1_980' title='bbox 2242 5267 2331 5333; x_wconf 86' lang='grc'><strong>64)</strong></span> <span class='ocrx_word' id='word_1_981' title='bbox 2374 5269 2582 5323; x_wconf 57' lang='lat' dir='ltr'><strong>Deum]</strong></span> <span class='ocrx_word' id='word_1_982' title='bbox 2615 5268 2764 5322; x_wconf 79' lang='lat' dir='ltr'><strong>Petr.</strong></span> <span class='ocrx_word' id='word_1_983' title='bbox 2804 5285 2859 5333; x_wconf 91' lang='lat' dir='ltr'><strong>v,</strong></span> <span class='ocrx_word' id='word_1_984' title='bbox 2887 5270 2976 5325; x_wconf 87' lang='lat' dir='ltr'><strong>l0.</strong></span> 
     </span>
    </p>
   </div>
   <div class='ocr_carea' id='block_1_119' title="bbox 2245 5268 3718 5409">
    <p class='ocr_par' dir='ltr' id='par_1_119' title="bbox 2245 5268 3718 5409">
     <span class='ocr_line' id='line_1_124' title="bbox 2245 5268 2976 5333; baseline 0.003 -13"><span class='ocrx_word' id='word_1_985' title='bbox 2245 5268 2308 5321; x_wconf 87' lang='grc'><strong>64</strong></span> <span class='ocrx_word' id='word_1_986' title='bbox 2374 5269 2582 5323; x_wconf 57' lang='lat' dir='ltr'><strong>Deum]</strong></span> <span class='ocrx_word' id='word_1_987' title='bbox 2615 5268 2764 5322; x_wconf 79' lang='lat' dir='ltr'><strong>Petr.</strong></span> <span class='ocrx_word' id='word_1_988' title='bbox 2804 5285 2859 5333; x_wconf 91' lang='lat' dir='ltr'><strong>v,</strong></span> <span class='ocrx_word' id='word_1_989' title='bbox 2887 5270 2976 5325; x_wconf 87' lang='lat' dir='ltr'><strong>l0.</strong></span> 
     </span>
     <span class='ocr_line' id='line_1_125' title="bbox 2245 5268 3718 5409; baseline 0.002 -18"><span class='ocrx_word' id='word_1_990' title='bbox 2245 5268 2334 5409; x_wconf 52' lang='lat'><strong>65;</strong></span> <span class='ocrx_word' id='word_1_991' title='bbox 2373 5336 2566 5392; x_wconf 77' lang='lat' dir='ltr'><strong>erct‘.</strong></span> <span class='ocrx_word' id='word_1_992' title='bbox 2592 5338 2780 5394; x_wconf 87' lang='lat' dir='ltr'><strong>Plures</strong></span> <span class='ocrx_word' id='word_1_993' title='bbox 2810 5342 2986 5394; x_wconf 87' lang='lat' dir='ltr'><strong>adlmc</strong></span> <span class='ocrx_word' id='word_1_994' title='bbox 3007 5326 3173 5394; x_wconf 69' lang='lat' dir='ltr'><strong>fuisse</strong></span> <span class='ocrx_word' id='word_1_995' title='bbox 3197 5339 3534 5396; x_wconf 73' lang='lat' dir='ltr'><strong>Alexandria:</strong></span> <span class='ocrx_word' id='word_1_996' title='bbox 3563 5338 3718 5394; x_wconf 65' lang='lat' dir='ltr'><strong>Grae-</strong></span> 
     </span>
    </p>
   </div>
   <div class='ocr_carea' id='block_1_120' title="bbox 2148 5409 3716 5480">
    <p class='ocr_par' dir='ltr' id='par_1_120' title="bbox 2148 5409 3716 5480">
     <span class='ocr_line' id='line_1_126' title="bbox 2148 5409 3716 5480; baseline 0.002 -19"><span class='ocrx_word' id='word_1_997' title='bbox 2148 5421 2262 5469; x_wconf 87' lang='lat' dir='ltr'><strong>cos.</strong></span> <span class='ocrx_word' id='word_1_998' title='bbox 2302 5410 2354 5461; x_wconf 90' lang='lat' dir='ltr'><strong>id</strong></span> <span class='ocrx_word' id='word_1_999' title='bbox 2384 5418 2468 5480; x_wconf 87' lang='lat' dir='ltr'><strong>e_st</strong></span> <span class='ocrx_word' id='word_1_1000' title='bbox 2500 5409 2789 5480; x_wconf 71' lang='lat' dir='ltr'><strong>ethnicos,_</strong></span> <span class='ocrx_word' id='word_1_1001' title='bbox 2804 5410 3021 5480; x_wconf 82' lang='lat' dir='ltr'><strong>Didymi</strong></span> <span class='ocrx_word' id='word_1_1002' title='bbox 3057 5418 3239 5476; x_wconf 67' lang='lat' dir='ltr'><strong>aetate,</strong></span> <span class='ocrx_word' id='word_1_1003' title='bbox 3278 5423 3484 5464; x_wconf 89' lang='lat' dir='ltr'><strong>certum</strong></span> <span class='ocrx_word' id='word_1_1004' title='bbox 3511 5420 3614 5480; x_wconf 77' lang='lat' dir='ltr'><strong>est.</strong></span> <span class='ocrx_word' id='word_1_1005' title='bbox 3660 5410 3716 5464; x_wconf 76' lang='grc' dir='ltr'><strong>ιιι</strong></span> 
     </span>
    </p>
   </div>
   <div class='ocr_carea' id='block_1_121' title="bbox 2149 5476 3717 5548">
    <p class='ocr_par' dir='ltr' id='par_1_121' title="bbox 2149 5476 3717 5548">
     <span class='ocr_line' id='line_1_127' title="bbox 2149 5476 3717 5548; baseline 0.002 -18"><span class='ocrx_word' id='word_1_1006' title='bbox 2149 5484 2377 5531; x_wconf 86' lang='lat' dir='ltr'><strong>testatur</strong></span> <span class='ocrx_word' id='word_1_1007' title='bbox 2405 5476 2632 5548; x_wconf 70' lang='lat' dir='ltr'><strong>Ruﬁnus</strong></span> <span class='ocrx_word' id='word_1_1008' title='bbox 2655 5478 2706 5532; x_wconf 87' lang='lat' dir='ltr'><strong>in</strong></span> <span class='ocrx_word' id='word_1_1009' title='bbox 2740 5477 2882 5532; x_wconf 83' lang='lat' dir='ltr'><strong>Hist.</strong></span> <span class='ocrx_word' id='word_1_1010' title='bbox 2912 5476 3097 5535; x_wconf 65' lang='lat' dir='ltr'><strong>eccles.</strong></span> <span class='ocrx_word' id='word_1_1011' title='bbox 3133 5480 3225 5533; x_wconf 90' lang='lat' dir='ltr'><strong>lib.</strong></span> <span class='ocrx_word' id='word_1_1012' title='bbox 3262 5495 3322 5544; x_wconf 90' lang='grc' dir='ltr'><strong>ιι,</strong></span> <span class='ocrx_word' id='word_1_1013' title='bbox 3357 5496 3479 5548; x_wconf 88' lang='lat' dir='ltr'><strong>cap.</strong></span> <span class='ocrx_word' id='word_1_1014' title='bbox 3508 5479 3717 5548; x_wconf 72' lang='lat' dir='ltr'><strong>2‘2;_id</strong></span> 
     </span>
    </p>
   </div>
   <div class='ocr_carea' id='block_1_122' title="bbox 2149 5546 3713 5619">
    <p class='ocr_par' dir='ltr' id='par_1_122' title="bbox 2149 5546 3713 5619">
     <span class='ocr_line' id='line_1_128' title="bbox 2149 5546 3713 5619; baseline 0.003 -19"><span class='ocrx_word' id='word_1_1015' title='bbox 2149 5548 2357 5619; x_wconf 65' lang='lat' dir='ltr'><strong>indicat</strong></span> <span class='ocrx_word' id='word_1_1016' title='bbox 2385 5559 2440 5603; x_wconf 88' lang='lat' dir='ltr'><strong>et</strong></span> <span class='ocrx_word' id='word_1_1017' title='bbox 2462 5546 2823 5619; x_wconf 81' lang='lat' dir='ltr'><strong>Hieronymus</strong></span> <span class='ocrx_word' id='word_1_1018' title='bbox 2868 5550 2960 5603; x_wconf 90' lang='lat' dir='ltr'><strong>lib.</strong></span> <span class='ocrx_word' id='word_1_1019' title='bbox 3003 5564 3132 5601; x_wconf 79' lang='lat' dir='ltr'><strong>svnt</strong></span> <span class='ocrx_word' id='word_1_1020' title='bbox 3163 5551 3214 5603; x_wconf 89' lang='lat' dir='ltr'><strong>in</strong></span> <span class='ocrx_word' id='word_1_1021' title='bbox 3247 5546 3440 5604; x_wconf 79' lang='lat' dir='ltr'><strong>Isaiam</strong></span> <span class='ocrx_word' id='word_1_1022' title='bbox 3464 5564 3585 5619; x_wconf 81' lang='lat' dir='ltr'><strong>cap.</strong></span> <span class='ocrx_word' id='word_1_1023' title='bbox 3619 5546 3713 5613; x_wconf 82' lang='lat'><strong>65,</strong></span> 
     </span>
    </p>
   </div>
   <div class='ocr_carea' id='block_1_123' title="bbox 2145 5613 3714 5688">
    <p class='ocr_par' dir='ltr' id='par_1_123' title="bbox 2145 5613 3714 5688">
     <span class='ocr_line' id='line_1_129' title="bbox 2145 5613 3714 5688; baseline 0.002 -19"><span class='ocrx_word' id='word_1_1024' title='bbox 2145 5626 2202 5669; x_wconf 88' lang='lat' dir='ltr'><strong>et</strong></span> <span class='ocrx_word' id='word_1_1025' title='bbox 2253 5613 2498 5670; x_wconf 83' lang='lat' dir='ltr'><strong>Julianus</strong></span> <span class='ocrx_word' id='word_1_1026' title='bbox 2540 5613 2797 5686; x_wconf 74' lang='lat' dir='ltr'><strong>Apostata</strong></span> <span class='ocrx_word' id='word_1_1027' title='bbox 2850 5619 3045 5686; x_wconf 68' lang='lat' dir='ltr'><strong>saepius</strong></span> <span class='ocrx_word' id='word_1_1028' title='bbox 3090 5638 3104 5674; x_wconf 92' lang='lat'><strong>:</strong></span> <span class='ocrx_word' id='word_1_1029' title='bbox 3152 5619 3246 5688; x_wconf 89' lang='lat' dir='ltr'><strong>qui</strong></span> <span class='ocrx_word' id='word_1_1030' title='bbox 3299 5621 3400 5674; x_wconf 93' lang='lat' dir='ltr'><strong>hac</strong></span> <span class='ocrx_word' id='word_1_1031' title='bbox 3444 5613 3607 5673; x_wconf 77' lang='lat' dir='ltr'><strong>etiam</strong></span> <span class='ocrx_word' id='word_1_1032' title='bbox 3645 5622 3714 5688; x_wconf 74' lang='lat' dir='ltr'><strong>de</strong></span> 
     </span>
    </p>
   </div>
   <div class='ocr_carea' id='block_1_124' title="bbox 2147 5687 3716 5759">
    <p class='ocr_par' dir='ltr' id='par_1_124' title="bbox 2147 5687 3716 5759">
     <span class='ocr_line' id='line_1_130' title="bbox 2147 5687 3716 5759; baseline 0.001 -20"><span class='ocrx_word' id='word_1_1033' title='bbox 2147 5701 2332 5759; x_wconf 79' lang='lat' dir='ltr'><strong>causa,</strong></span> <span class='ocrx_word' id='word_1_1034' title='bbox 2350 5697 2406 5759; x_wconf 78' lang='lat' dir='ltr'><strong>ut</strong></span> <span class='ocrx_word' id='word_1_1035' title='bbox 2426 5695 2576 5755; x_wconf 88' lang='lat' dir='ltr'><strong>puto,</strong></span> <span class='ocrx_word' id='word_1_1036' title='bbox 2603 5688 2655 5740; x_wconf 93' lang='lat' dir='ltr'><strong>in</strong></span> <span class='ocrx_word' id='word_1_1037' title='bbox 2678 5688 2900 5754; x_wconf 89' lang='lat' dir='ltr'><strong>epistola</strong></span> <span class='ocrx_word' id='word_1_1038' title='bbox 2914 5703 2953 5759; x_wconf 79' lang='grc' dir='ltr'><strong>ιι</strong></span> <span class='ocrx_word' id='word_1_1039' title='bbox 2975 5687 3364 5744; x_wconf 81' lang='lat' dir='ltr'><strong>Alexandriam</strong></span> <span class='ocrx_word' id='word_1_1040' title='bbox 3378 5698 3537 5746; x_wconf 88' lang='lat' dir='ltr'><strong>vocat</strong></span> <span class='ocrx_word' id='word_1_1041' title='bbox 3558 5687 3716 5759; x_wconf 74' lang='grc' dir='ltr'>ἱερὰν</span> 
     </span>
    </p>
   </div>
   <div class='ocr_carea' id='block_1_125' title="bbox 2148 5754 3229 5825">
    <p class='ocr_par' dir='ltr' id='par_1_125' title="bbox 2148 5754 3229 5825">
     <span class='ocr_line' id='line_1_131' title="bbox 2148 5754 3229 5825; baseline 0.001 -15"><span class='ocrx_word' id='word_1_1042' title='bbox 2148 5754 2323 5822; x_wconf 81' lang='grc' dir='ltr'>πόλιν,</span> <span class='ocrx_word' id='word_1_1043' title='bbox 2349 5756 2402 5812; x_wconf 91' lang='lat' dir='ltr'><strong>id</strong></span> <span class='ocrx_word' id='word_1_1044' title='bbox 2428 5754 2544 5825; x_wconf 78' lang='lat' dir='ltr'><strong>est,</strong></span> <span class='ocrx_word' id='word_1_1045' title='bbox 2575 5773 2593 5807; x_wconf 81' lang='grc' dir='ltr'><strong>ι</strong></span> <span class='ocrx_word' id='word_1_1046' title='bbox 2633 5771 2843 5812; x_wconf 83' lang='lat' dir='ltr'><strong>sacram</strong></span> <span class='ocrx_word' id='word_1_1047' title='bbox 2874 5758 3176 5814; x_wconf 87' lang='lat' dir='ltr'><strong>civitatem.</strong></span> <span class='ocrx_word' id='word_1_1048' title='bbox 3207 5776 3229 5811; x_wconf 68' lang='grc' dir='ltr'><strong>ι</strong></span> 
     </span>
    </p>
   </div>
  </div>
