4034 6400
447 431 551 493 959
1718 432 1953 489 DIDYMI
1992 431 2460 488 ALEXANDRINI
3595 441 3697 494 suo

449 559 572 599 nam
601 556 786 598 rerum
842 541 1082 598 omnium
1146 539 1394 598 conditor
1422 546 1532 597 tum
1566 545 1667 611 iis,
1698 548 1788 616 qui
1813 550 1881 604 ab
1931 550 2011 603 illo

2125 551 2216 602 τὸν
2253 550 2482 621 οὐρανὸν
2527 550 2620 604 καὶ
2661 553 2758 622 τὴν
2793 552 2894 622 γῆν
2941 552 3040 605 οὐκ
3075 553 3357 625 ἐποίησαν,
3389 555 3703 610 ἀπολέσθω-

447 643 657 705 petunt,
689 643 798 688 tum
827 633 895 688 iis
926 634 1018 704 qui
1042 648 1148 689 non
1197 644 1410 704 petunt,
1443 635 1537 690 sed
1576 637 1778 702 ﬁdeles,
1806 649 1859 694 et
1881 643 2011 711 grati

2127 656 2226 694 σαν
2262 642 2354 694 ἐπὶ
2380 642 2482 711 τῆς
2515 643 2638 712 γῆς.
2673 642 2877 713 Κύριος
2929 646 3151 714 ἐποίησε
3183 648 3308 711 τοὺς
3354 649 3616 717 οὐρανοὺς
3649 653 3702 702 ἐν

445 736 592 792 sunt,
622 739 686 779 ac
715 725 903 796 gratia:
924 725 1235 780 meminisse
1277 736 1494 790 norunt,
1525 729 1704 782 omnia
1728 745 1822 784 sua
1855 733 2011 795 bona1

2130 733 2366 797 συνέσει,
2398 733 2560 796 αὐτὸς
2599 733 2730 797 Θεὸς
2760 734 2866 798 ζῶν
2897 735 2990 787 καὶ
3013 735 3265 806 ἀληθινός
3285 753 3299 769 ·
3340 757 3359 789 ι
3391 739 3482 791 τὸν
3511 739 3568 792 δὲ
3602 743 3703 794 Aa-

445 817 547 872 etsi
575 817 674 886 ipsi
703 824 936 880 taceant,
986 817 1201 871 abunde
1248 819 1632 874 communicat.
1679 821 1866 877 Potius
1889 838 2011 894 ergo

2129 822 2214 876 υῒδ
2240 824 2298 875 ὲν
2330 830 2434 894 ριγ¹
2463 823 2732 889 ψάλλοντα
2752 839 2767 854 ·
2808 843 2825 875 ι
2868 825 2949 876 Τὰ
2979 825 3174 878 εἴδωλα
3197 827 3304 879 τῶν
3338 827 3508 881 ὲθνῶν
3534 830 3701 899 ἀργύ·

445 902 732 959 Jcremiam
761 907 1078 974 prophetam
1111 906 1285 976 legant
1315 908 1381 962 de
1419 908 1738 964 Grazcorum
1767 913 1894 979 diis,
1925 913 2011 982 qui

2124 931 2238 984 ριον
2283 915 2378 968 καὶ
2417 916 2659 985 χρυσίον,
2709 915 2846 987 ἔργα
2899 917 3098 988 χειρῶν
3148 918 3470 989 ἀνθρώπων.
3524 922 3702 991 Στόμα

448 1011 601 1063 reque
631 1011 695 1050 ac
732 997 832 1064 ipsi
895 999 1224 1067 pauperrimi
1275 1008 1448 1064 sunt,.
1483 1001 1596 1054 haec
1644 1001 2014 1072 inquientem:

453 1107 471 1140 ι
506 1089 584 1142 Dii
614 1089 745 1160 (78),
777 1089 867 1159 qui
899 1089 1095 1144 caalum
1126 1098 1182 1144 et
1231 1099 1433 1144 terrain
1463 1107 1566 1145 non
1596 1092 1860 1159 iecerunt,
1894 1109 2021 1163 per-

444 1190 570 1236 eant
617 1183 668 1236 in
706 1191 868 1236 terra.
901 1182 1157 1236 Dominus
1196 1180 1327 1236 fecit
1355 1182 1522 1236 cwlos
1561 1184 1612 1238 in
1648 1184 2020 1255 intelligentia:

445 1273 564 1344 ipse
593 1273 738 1330 Deus
792 1275 980 1329 vivens
1037 1286 1090 1329 et
1147 1289 1344 1340 verus;
1375 1293 1393 1326 ι
1431 1285 1484 1330 et
1523 1274 1776 1330 Davidcm
1808 1275 1862 1329 in
1889 1291 2021 1330 cxtn

444 1364 655 1434 psalmo
697 1375 1024 1420 canentem:
1065 1383 1084 1416 ι
1111 1365 1250 1419 ldola
1283 1365 1395 1435 (79)
1453 1369 1692 1436 gentium
1739 1377 2022 1433 argentum

443 1467 501 1511 et
536 1472 751 1522 aurum,
772 1472 934 1527 opera
961 1473 1216 1510 manuum
1253 1458 1554 1512 hominum.
1598 1458 1672 1514 Os
1702 1458 1923 1526 habent,
1963 1468 2017 1514 et

445 1564 553 1602 non
587 1548 906 1617 loquentur;
953 1547 1137 1603 oculos
1193 1548 1416 1613 habent,
1467 1558 1521 1602 et
1559 1565 1666 1603 non
1725 1549 2018 1616 videbunt;

2119 1002 2354 1072 ἔχουσιν,
2386 1006 2477 1058 καὶ
2506 1005 2566 1058 οὐ
2599 1005 2925 1075 λαλήσουσιν
2945 1023 2957 1036 °
2994 1007 3305 1078 ὀφθαλμοὺς
3331 1008 3566 1078 ἔχουσιν,
3609 1012 3703 1065 καὶ

2119 1094 2218 1146 οὐκ
2251 1094 2473 1164 ὄψονται
2497 1113 2510 1125 ·
2539 1089 2655 1149 ὦτα
2693 1097 2928 1167 ἔχουσιν,
2967 1099 3061 1150 καὶ
3089 1098 3188 1152 οὐκ
3215 1099 3574 1154 ἀκούσονταιο
3621 1104 3702 1172 ῥῖ-

2121 1200 2216 1247 νας
2244 1184 2455 1255 ἔχουσιν
2475 1225 2490 1250 ,
2525 1187 2618 1240 καὶ
2647 1188 2746 1240 οὐκ
2784 1187 3253 1258 ὀσφρανθήσονται
3275 1207 3288 1220 ·
3327 1193 3514 1262 χεῖρας
3551 1192 3702 1263 έχου-

2125 1293 2230 1342 σιν,
2277 1279 2371 1330 καὶ
2415 1280 2476 1332 οὐ
2520 1279 2935 1351 ψηλαφήσουσιν
2957 1299 2972 1314 ο
3008 1283 3176 1347 πόδας
3209 1283 3460 1355 ἔχουσιν,
3510 1288 3602 1341 καὶ
3638 1290 3699 1342 οὐ

2123 1371 2618 1441 περιπατήσουσιν·
2663 1373 2722 1425 οὐ
2758 1375 3100 1444 φωνήσουσιν
3139 1377 3196 1428 ὲν
3228 1377 3305 1447 τῷ
3339 1376 3572 1449 λάρυγγι
3603 1381 3700 1432 αῦ-

2125 1459 2220 1530 τῷ.
2260 1461 2477 1532 Ὅμοιοι
2521 1465 2704 1527 αὐτοῖς
2738 1465 2981 1532 γένοιντο
3009 1469 3058 1518 οἰ
3095 1467 3374 1533 ποιοῦντες
3406 1471 3566 1534 αὐτὰ,
3607 1471 3700 1524 καὶ

2130 1547 2328 1618 πάντες
2361 1557 2409 1608 οἰ
2438 1558 2760 1622 πεποιθότες
2790 1563 2876 1613 ἐπ’
2903 1561 3104 1624 αὐτοῖς.
3145 1581 3164 1612 ι
3205 1609 3214 1618 .

443 1652 609 1697 aures
639 1639 861 1705 habent,
896 1645 951 1693 et
982 1652 1085 1691 non
1153 1639 1414 1704 audient;
1451 1654 1610 1694 nares
1641 1640 1859 1705 habent,
1879 1650 1933 1694 et
1948 1656 2054 1696 non
2093 1645 2424 1714 odorabunt;
2455 1665 2647 1704 manus
2673 1651 2890 1715 habent,
2915 1661 2970 1705 et
2997 1668 3100 1706 non
3144 1653 3470 1724 palpabunt;
3538 1659 3698 1727 pedes

439 1728 670 1794 habent,
695 1737 752 1782 et
785 1743 890 1782 non
922 1728 1314 1792 ambulabunt;
1343 1745 1446 1783 non
1471 1728 1780 1784 clamabunt
1812 1729 1870 1784 in
1895 1739 2113 1800 gutture
2143 1749 2241 1791 suo
2287 1737 2420 1808 (80).
2479 1738 2694 1794 Similes
2731 1739 2832 1795 illis
2868 1742 2998 1794 liant
3055 1742 3146 1811 qui
3223 1742 3429 1799 iaciunt
3490 1760 3578 1813 ea,
3644 1761 3696 1806 et

439 1833 634 1876 omnes
661 1819 750 1889 qui
781 1817 1056 1873 conﬁdunt
1078 1819 1130 1870 in
1163 1817 1260 1870 cis.
1290 1837 1308 1868 ι

959 1908 1127 1981 (.13
1152 1909 1304 1964 CAP.
1340 1907 1504 1963 xxv.

511 2001 648 2059 Cum
672 2002 804 2058 satis
867 2002 1050 2070 itaque
1106 2001 1172 2055 de
1205 2001 1306 2055 hoc
1340 2001 1503 2054 etiam
1543 2002 1780 2071 capitulo
1813 2003 2014 2059 dictum

440 2094 535 2159 sit,
570 2093 636 2148 ad
673 2093 818 2148 aliud
860 2102 1223 2147 transeamus.
1255 2090 1636 2147 Haareticorum
1665 2095 1908 2166 magistri
1943 2106 2020 2151 at-

440 2202 547 2256 que
576 2186 904 2251 interpretes
934 2183 1002 2237 ad
1051 2181 1291 2250 turpiora
1347 2197 1560 2250 semper
1620 2185 1911 2252 proclives,
1961 2196 2018 2240 ut

441 2283 730 2338 veritatem
768 2281 1088 2344 dilacerent,
1137 2282 1189 2334 in
1219 2289 1494 2335 certamen
1532 2281 1780 2347 veniunt,
1805 2293 1859 2338 et
1887 2299 2020 2340 con-

444 2375 740 2430 troversias
769 2373 1026 2429 continue
1061 2383 1278 2427 movent
1340 2384 1503 2442 atque
1534 2375 1864 2444 excogitant,
1900 2393 2019 2445 qua:

442 2480 565 2520 cum
595 2476 743 2520 recto
770 2479 938 2534 scopo
971 2464 1104 2519 nihil
1148 2464 1304 2533 plane
1346 2467 1720 2535 conveniunt;
1763 2468 2020 2523 labuntur

442 2557 586 2611 enim
619 2571 683 2610 ac
711 2566 956 2624 peccant,
981 2557 1106 2610 dum
1143 2557 1390 2610 innoxias
1421 2559 1608 2622 etiam,
1654 2571 1710 2613 et
1736 2560 1992 2614 sublimio

443 2663 530 2704 res
553 2647 852 2702 sententias
875 2647 1152 2716 explicant
1185 2650 1359 2716 magni
1395 2648 1556 2711 illius,
1594 2659 1757 2720 atque
1777 2650 1845 2704 ab
1867 2651 2016 2706 omni

442 2752 663 2808 peccato
682 2740 936 2794 immunis
952 2739 1163 2807 Dei,qui
1179 2741 1246 2794 ob
1265 2755 1416 2794 suam
1435 2740 1858 2796 misericordiam
1878 2759 2020 2796 mor-

443 2836 562 2898 bos,
580 2834 632 2888 in
646 2849 783 2904 quos
799 2836 866 2887 ob
883 2842 1119 2888 nostram
1137 2833 1498 2903 insipientiam
1515 2835 1821 2902 incidimus,
1841 2847 2016 2901 sanat,

449 2937 611 2995 atque
627 2926 878 2980 omnibus
912 2939 1125 2995 semper
1162 2941 1316 2994 opem
1344 2925 1466 2987 fert,
1500 2939 1562 2978 ac
1587 2941 1763 2994 neque
1793 2941 1907 2986 eos.
1927 2927 2019 2995 qui

452 3028 602 3072 recte
616 3017 802 3071 vivunt
816 3031 880 3070 ac
903 3016 1062 3070 veluti
1086 3025 1249 3080 stant,
1273 3031 1370 3084 neq
1381 3032 1444 3069 ue
1462 3033 1556 3072 eos
1575 3019 1664 3086 qui
1691 3019 1742 3072 in
1762 3019 1865 3072 vita
1885 3019 2018 3088 lapsi

445 3111 668 3176 fuerint,
689 3109 910 3174 deserit,
944 3119 1037 3162 aut
1071 3119 1372 3163 aversatur.
1397 3110 1486 3164 Sic
1519 3120 1697 3165 autem
1725 3125 1785 3165 se
1818 3111 2020 3165 habent

437 3204 680 3276 ejusdem
718 3202 879 3258 verba
905 3217 919 3253 :
947 3221 966 3253 ι
1000 3199 1252 3256 Glorilica
1281 3201 1393 3272 (81)
1424 3218 1530 3264 me,
1573 3212 1626 3255 tu
1659 3201 1840 3265 Pater,
1871 3203 2011 3271 apud

437 3294 801 3359 temetipsum.
815 3293 1037 3347 iPutaut
1055 3307 1183 3346 vero
1198 3307 1318 3346 eum
1337 3292 1606 3362 propriam
1627 3308 1689 3345 ac
1707 3302 2010 3361 separatam

437 3383 636 3438 habere
663 3381 919 3452 gloriam;
954 3379 1055 3435 etsi
1085 3380 1444 3448 subjunxerit,
1468 3397 1486 3430 ι
1510 3379 1700 3447 gloria,
1727 3394 1890 3447 quam
1916 3377 2015 3430 ba-

436 3475 550 3538 bui,
586 3483 876 3544 antequam
907 3471 1140 3526 mundus
1175 3480 1338 3534 esset,
1369 3473 1507 3540 apud
1548 3481 1619 3532 te,
1646 3488 1666 3522 ν
1699 3481 1860 3539 atque
1900 3468 2017 3522 hinc

435 3565 765 3636 subjungens
779 3561 1125 3617 manifestum
1145 3561 1274 3617 illud
1293 3562 1500 3626 iecerit,
1516 3571 1772 3616 mternam
1791 3575 1873 3623 se,
1887 3575 2016 3630 qua-

435 3662 593 3709 tenus
610 3655 750 3709 Deus
761 3659 866 3718 est,
897 3663 953 3706 et
978 3652 1381 3706 connaturalem
1407 3652 1606 3706 habere
1626 3652 1874 3722 gloriam,
1893 3664 2015 3718 qua:

436 3759 712 3813 nunquam
734 3744 801 3798 ab
837 3743 956 3812 ipso
987 3743 1194 3812 abjecta
1232 3741 1372 3808 fuit;
1408 3742 1582 3797 deitas
1629 3742 1771 3796 enim
1798 3749 1882 3794 est
1915 3739 2016 3792 im-

438 3835 732 3890 mutabilis.
748 3834 1057 3904 lIaquehmc
1071 3835 1137 3888 ad
1155 3834 1375 3887 verbum
1393 3833 1729 3901 scripserunt
1745 3831 1969 3901 apostoli
1994 3846 2011 3884 :

434 3926 670 3994 inclytus
691 3926 805 3998 (8‘2)
834 3924 1052 3995 quidem
1085 3938 1150 3979 ac
1178 3923 1564 3979 celeberrimus
1597 3921 1834 3980 Joannes
1860 3941 1871 3975 :
1903 3941 1920 3974 ι
1950 3923 2014 3975 Ει

431 4015 669 4072 vidimus
699 4015 809 4088 (85)
839 4014 1062 4089 [inquit]
1081 4016 1304 4086 gloriam
1332 4015 1470 4086 ejus.
1489 4015 1714 4086 gloriam
1744 4014 2014 4083 utUnige-

438 4110 560 4165 niti.
593 4129 613 4163 ι
639 4109 732 4165 llle
758 4125 884 4165 vero
905 4121 1108 4164 aeterna
1137 4109 1396 4163 memoria
1428 4109 1641 4178 dignus,
1670 4119 1828 4178 atque
1859 4110 1909 4161 in
1930 4109 2012 4161 his

434 4201 594 4256 valde
653 4211 901 4256 versatus
941 4200 1215 4270 apostolus
1263 4200 1463 4255 Paulus
1495 4218 1509 4255 :
1575 4217 1593 4251 t
1625 4201 1682 4254 Si
1721 4200 1863 4254 enim
1897 4198 2010 4270 (84)

430 4295 816 4365 cognovissent
843 4291 979 4363 (85),
1020 4291 1311 4346 Dominum
1347 4291 1532 4360 glori:e
1571 4306 1677 4344 non
1707 4289 2010 4344 crucilixis-

430 4403 615 4447 senta
673 4391 940 4446 Caeterum
992 4390 1134 4459 quod
1169 4389 1389 4458 proprio
1459 4403 1620 4458 opere
1677 4387 2011 4458 glorificetur

432 4484 595 4549 Deus,
627 4482 871 4553 cogitare
926 4479 1080 4535 nel‘as
1119 4489 1200 4535 est
1245 4498 1261 4534 :
1314 4479 1496 4534 omnia
1537 4479 1679 4534 enim
1708 4494 1805 4548 per
1833 4480 2006 4546 ipsum

432 4575 575 4630 facta
611 4585 771 4640 sunt;
813 4589 934 4628 cum
964 4573 1086 4627 aliis
1117 4581 1296 4627 autem
1325 4571 1576 4625 omnibus
1608 4570 1747 4625 facta
1776 4582 1856 4624 est
1883 4585 2003 4623 om-

2738 1916 2891 1968 ΚΕΦ.
2935 1917 3060 1968 KE'.

2191 2004 2597 2068 Καταλιπόντες
2643 2000 2736 2058 οὖν
2787 2007 2886 2076 ἤδη
2946 2007 3038 2060 xu).
3075 2007 3137 2060 τὸ
3187 2007 3478 2076 κε’,ςάλαιον
3516 2009 3694 2071 τοῦτο.

2121 2095 2210 2148 ἐπὶ
2237 2095 2422 2167 ἕτερον
2465 2097 2821 2169 μεταϐῶμεν,
2853 2099 3158 2170 Αἱρετικῶν
3202 2099 3250 2151 οί
3284 2097 3566 2170 ἐξηγηταὶ,
3607 2118 3694 2153 νε-

2120 2189 2373 2252 νευκότες
2418 2189 2554 2259 πρὸς
2587 2191 2656 2243 τὰ
2697 2191 2893 2260 αἰσχίω
2917 2231 2932 2255 ,
2962 2191 3054 2244 τὸν
3098 2191 3285 2258 ἀγῶνα
3319 2193 3454 2262 πρὸς
3496 2192 3558 2244 τὸ
3598 2211 3692 2247 παι-

2124 2280 2490 2352 ραρῤηγνύναι
2506 2281 2603 2352 τὴν
2627 2281 2883 2352 ἀλήθειαν
2901 2283 3136 2353 ἔχουσιν,
3160 2285 3254 2334 καὶ
3295 2283 3460 2353 μηδὲν
3481 2283 3609 2354 [205
3640 2291 3696 2336 al

2119 2371 2264 2442 ὀρθῷ
2314 2373 2506 2444 σκοπῷ
2541 2374 2923 2443 προσηκούσας
2968 2374 3409 2445 ἀμφισϐητήσεις
3448 2377 3689 2429 ὲπινοοῦ·

2123 2481 2205 2516 σιν
2240 2465 2345 2518 ἀεί.
2395 2467 2800 2536 Προσπταίουσι
2849 2467 2955 2538 γὰρ
2996 2467 3088 2520 καὶ
3132 2467 3260 2538 περὶ
3299 2467 3396 2530 τὰς
3425 2469 3691 2532 ἀναιτίους

2121 2557 2214 2609 καὶ
2253 2556 2508 2626 μείζονας
2541 2559 2810 2622 συλλαϐὰς
2839 2558 2934 2610 τοῦ
2969 2559 3036 2612 τὰ
3067 2559 3403 2612 κακυνθέντα
3433 2561 3591 2631 ἡμῶν
3627 2561 3680 2614 δι

2120 2648 2395 2719 ἡμετέραν
2444 2649 2756 2719 ἀφροσύνην
2802 2649 3030 2718 ἰωμένου
3068 2649 3136 2702 δι’
3180 2650 3385 2703 οἰκείαν
3418 2651 3666 2721 εύσπλαγ

2122 2739 2312 2808 χνίαν,
2370 2741 2462 2792 καὶ
2513 2741 2812 2810 ἀρήγοντος
2865 2741 3094 2793 πάντοτε
3147 2742 3345 2805 πᾶσιν,
3397 2743 3492 2794 καὶ
3555 2745 3689 2813 μήτε

2121 2829 2318 2900 ὀρθῶν,
2360 2833 2495 2902 μήτε
2535 2831 2642 2883 τῶν
2683 2833 3062 2902 ὲπταισμένων
3111 2833 3207 2904 τὴν
3252 2832 3524 2887 πολιτείαν
3561 2835 3687 2888 ἀπο-

2124 2920 2492 2990 στρεφομένου
2545 2920 2782 2991 μεγάλου
2837 2922 2930 2972 καὶ
2969 2923 3356 2992 ἀναμαρτήτου
3393 2923 3561 2987 Θεοῦ,
3594 2924 3690 2987 τὰς

2122 3011 2352 3082 ἐχούσας
2381 3005 2482 3065 ὧδε
2507 3031 2520 3044 ·
2572 3031 2592 3064 ι
2629 3013 2861 3078 Δόξασόν
2888 3030 2956 3084 με
2987 3014 3074 3077 σὺ,
3102 3015 3304 3085 Πάτερ,
3346 3016 3497 3086 παρὰ
3537 3032 3668 3068 σεαυ

2119 3103 2197 3174 τῷ
2217 3119 2232 3135 ο
2268 3123 2286 3154 ι
2321 3104 2794 3175 ὑπολαμϐάνοντες
2830 3106 2964 3159 ἰδίαν
2993 3106 3155 3160 αὑτὸν
3185 3106 3486 3176 κεκτῆσθαι
3512 3106 3689 3174 δόξαν,

2122 3194 2300 3246 καίτοι
2327 3195 2696 3262 ἐπαγαγόντος
2718 3211 2731 3225 σ
2770 3213 2788 3245 ι
2823 3195 2900 3265 Τῇ
2931 3194 3077 3268 δόξῃ,
3173 3190 3318 3266 εἰχον
3349 3195 3454 3266 πρὸ
3481 3195 3574 3248 τοῦ
3601 3197 3688 3251 τὸς

2115 3287 2320 3357 κόσμον
2359 3283 2500 3340 εἶναι
2546 3286 2698 3358 παρά
2733 3286 2850 3338 σοί’
2904 3305 2922 3338 ι
2964 3287 3060 3339 καὶ
3101 3288 3424 3358 ποιήσαντος
3461 3286 3548 3340 διὰ
3593 3287 3686 3356 τῆς

2117 3377 2486 3447 συμφράσεως
2515 3377 2716 3447 ταύτης
2745 3376 2923 3456 δῆλρν,
2959 3378 3041 3430 ὅτι
3079 3377 3248 3430 ἀΐδιον
3280 3377 3372 3430 καὶ
3417 3376 3686 3448 σύμφυτον

2116 3468 2230 3539 ἔχει
2252 3466 2409 3533 δόξαν
2437 3469 2579 3522 κατά
2601 3468 2662 3520 τὸ
2686 3467 2886 3534 θεῖκὸν,
2916 3470 3038 3538 ἥτις
3066 3470 3166 3522 οὐκ
3189 3468 3469 3539 ἀπεϐλήθη
3501 3469 3686 3522 αὐτοῦ·

2115 3562 2490 3633 ἀμετάϐλητον
2513 3561 2620 3632 γὰρ
2643 3561 2703 3614 τὸ
2727 3562 2888 3615 θεῖον.
2923 3563 3170 3632 Ἐφασαν
3197 3563 3473 3632 τοιγάρτοι
3501 3564 3686 3627 αὑταῖς

2114 3654 2355 3719 λέξεσιν,
2387 3654 2414 3705 ό
2461 3654 2558 3723 μὲν
2605 3654 2848 3724 ἀοίδιμος
2901 3655 3185 3726 Ἰωάννης·
3247 3673 3265 3706 ι
3321 3657 3432 3711 Καὶ
3465 3655 3684 3709 ἐθεασάο

2118 3745 2256 3814 μεθα
2285 3743 2383 3814 τὴν
2411 3743 2567 3808 δόξαν
2600 3745 2788 3809 αὑτοῦ,
2820 3743 2976 3808 δόξαν
3007 3745 3082 3808 ὼς
3118 3747 3454 3815 Μονογενοῦς
3473 3763 3487 3778 ⁸
3520 3767 3536 3799 ι
3572 3750 3598 3800 ὁ
3630 3747 3686 3799 δὲ

2113 3836 2437 3907 ἀείμνηστος
2487 3837 2580 3889 καὶ
2626 3836 2955 3908 πολύπειρος
3003 3836 3207 3891 τούτων
3257 3838 3502 3902 Παῦλοςο
3555 3857 3573 3889 ι
3625 3839 3685 3890 Εἰ

2112 3927 2222 3998 γὰρ
2257 3927 2472 3998 ᾔδεσαν,
2499 3929 2598 3982 οὐκ
2631 3930 2695 3982 ἂν
2722 3929 2812 3981 τὸν
2852 3929 3056 4000 Κύριον
3097 3931 3197 4000 τῆς
3227 3931 3384 4001 δόξης
3410 3931 3683 4002 ἐσταύρω-

2116 4035 2233 4070 σαν.
2271 4037 2288 4069 ι
2329 4019 2436 4071 Καὶ
2470 4017 2645 4082 ἄλλως
2671 4019 2726 4072 δὲ
2749 4019 2809 4072 οὐ
2846 4019 3003 4089 θέμις
3034 4022 3193 4078 νοεῖν.
3225 4020 3298 4083 ὡς
3342 4020 3421 4089 τῷ
3455 4021 3566 4087 ἰδίῳ
3594 4019 3686 4091 έρ-

2113 4128 2195 4180 γῳ
2223 4110 2505 4175 δοξάζεται
2529 4113 2556 4162 ό
2601 4111 2731 4173 Θεὸς
2779 4111 2976 4179 (πάντα
3006 4110 3113 4183 γὰρ
3139 4111 3204 4164 δι’
3231 4111 3393 4165 αὐτοῦ
3425 4111 3686 4182 ἐγένετο),

2116 4204 2210 4256 σὺν
2245 4205 2410 4256 πᾶσιν
2445 4202 2501 4255 δὲ
2547 4203 2786 4266 πάντως,
2816 4203 2910 4256 καὶ
2939 4203 3006 4272 ἢν
3055 4201 3334 4273 νομίξουσι
3364 4201 3542 4267 δόξαν.
3577 4203 3684 4255 Καὶ

2112 4294 2246 4347 Θεοῦ
2290 4294 2347 4346 δὲ
2385 4293 2668 4364 δυνάμεως
2715 4293 2807 4346 καὶ
2848 4294 3040 4362 σοφίας
3088 4295 3220 4365 ἔργα
3273 4296 3368 4348 καὶ
3409 4294 3571 4348 δοῦλα
3617 4295 3684 4348 τὰ

2113 4387 2404 4458 σύμπαντα
2436 4384 2915 4457 κεχρησμῴδηται.
2955 4386 3062 4439 Τοῦ
3099 4385 3234 4439 Θεοῦ
3268 4386 3428 4456 σοφία
3467 4389 3563 4440 καὶ
3597 4387 3683 4440 δύο

2111 4496 2272 4549 ναμις
2314 4480 2342 4530 ό
2379 4477 2688 4546 Μονογενής
2749 4475 2916 4539 ἐστιν,
2973 4477 3069 4530 ἅτε
3121 4476 3448 4547 δημιουργὸς
3489 4477 3682 4546 Λόγος.

2123 4567 2463 4638 Ἦρμήνευσε
2510 4563 2796 4636 τοιγαροῦν
2845 4565 2995 4636 παρά
3033 4565 3107 4634 τῷ
3139 4565 3288 4636 αὐτῷ
3321 4566 3681 4636 εὐαγγελιστῇ

429 4665 561 4718 ιιίιιο
596 4663 683 4716 illa
713 4663 874 4718 etiam
899 4661 1094 4734 gloria,
1122 4675 1283 4731 quam
1330 4660 1420 4716 hic
1457 4659 1858 4728 intelligendam
1884 4674 2004 4712 esse

2117 4651 2260 4719 οὗτος
2285 4657 2313 4708 ὁ
2342 4655 2598 4725 εῦμικτος
2633 4656 2782 4718 Θεὸς,
2815 4656 2867 4707 τί
2905 4658 3050 4709 ἐστὶν
3090 4656 3170 4718 τὸ.
3200 4676 3218 4708 ι
3261 4658 3491 4724 Δόξασόν
3531 4675 3621 4727 με,
3658 4677 3677 4709 ι

431 4765 640 4824 putant.
679 4755 948 4808 Praeterea
1003 4767 1132 4807 vero
1158 4753 1320 4812 illius.
1357 4753 1448 4820 qui
1494 4752 1669 4806 virtus
1694 4759 1796 4817 est,
1833 4761 1889 4806 et
1918 4768 2008 4803 sa-

2117 4749 2246 4819 πρὸς
2273 4748 2363 4800 τὸν
2387 4747 2607 4820 Πατέρα
2635 4744 2804 4798 εἰπών
2831 4762 2843 4774 ·
2883 4765 2902 4798 ι
2957 4747 3095 4814 Ἐγώ
3124 4765 3182 4800 σε
3208 4747 3433 4811 ἐδόξασα
3462 4748 3554 4800 ἐπὶ
3579 4747 3680 4817 τῆς

429 4847 631 4914 pientia
675 4846 789 4911 Dei,
819 4861 984 4914 opera
1015 4859 1077 4898 ac
1100 4859 1254 4898 serva
1285 4859 1405 4898 esse
1447 4844 1626 4897 omnia
1678 4841 1929 4896 dicuntur
1953 4843 2004 4895 in

2117 4840 2236 4909 τῆς·
2272 4837 2334 4890 τὸ
2384 4836 2546 4907 ἔργον
2590 4836 2905 4900 έτελείωσα,
2949 4837 2978 4890 ὃ
3023 4839 3260 4902 δέδωκάς
3304 4838 3432 4910 [205
3495 4837 3547 4909 b]
3585 4856 3680 4908 μοι

430 4932 732 4998 Scriptura.
765 4935 833 4984 At
865 4932 955 4986 Dei
983 4933 1246 4999 sapientia
1269 4941 1324 4984 et
1350 4931 1520 4984 virtus
1552 4943 1635 4984 est
1659 4929 2002 5000 Unigenitus,

429 5035 616 5091 utpote
640 5023 886 5077 conditor
911 5022 1167 5077 Verbum.
1199 5025 1385 5091 itaque
1409 5022 1548 5090 apud
1566 5022 1812 5076 eumdem
1837 5035 2002 5074 evan-

2104 4929 2190 4981 ἵνα
2232 4928 2469 4998 ποιήσω·
2511 4945 2530 4978 ι
2580 4925 2701 4978 ἀντὶ
2742 4924 2837 4976 τοῦ
2859 4965 2872 4989 ,
2906 4924 3072 4979 Οὐδὲν
3103 4925 3300 4992 ἔξωθεν
3323 4926 3413 4979 τοῦ
3441 4926 3680 4996 θελήμαο

2100 5019 2192 5081 τός
2223 5035 2314 5070 σου
2352 5019 2385 5086 ἡ
2420 5015 2831 5086 ἐνανθρώπησίς
2879 5033 2979 5086 μου
3014 5018 3298 5088 ἐποίησεν,
3337 5017 3472 5071 ἀλλὰ
3503 5018 3680 5070 πάντα

498 5225 635 5298 (78)
656 5225 764 5280 Dii.
797 5227 997 5298 Jerem.
1031 5244 1086 5295 x,
1117 5228 1204 5282 10.
1239 5229 1374 5284 Vide
1395 5239 1507 5284 not.
1535 5227 1630 5293 38,
1657 5243 1780 5298 pag.
1813 5228 1904 5291 80,
1939 5236 1994 5280 et
2091 5225 2281 5281 Greece
2329 5227 2524 5282 dicitur
2557 5227 2804 5292 δοξάζειν
2835 5245 2848 5259 ·
2894 5228 3247 5298 interpretum
3280 5235 3465 5298 autem
3499 5228 3674 5279 varie-

425 5308 537 5351 not.
569 5297 659 5360 25,
692 5311 814 5366 pag.
839 5297 978 5350 σου

495 5367 608 5438 (79)
655 5367 842 5438 idola.
865 5368 1000 5420 Psal.
1027 5382 1183 5438 cam.
1218 5382 1246 5420 a
1278 5382 1420 5424 vers.
1456 5369 1524 5422 12
1556 5369 1620 5422 ad
1652 5366 1742 5421 16.

491 5435 604 5511 (80)
647 5435 776 5511 Suo.
808 5435 1021 5511 Qoder,
1049 5437 1237 5511 αὐτῷ,
1261 5439 1310 5491 id
1337 5451 1440 5501 est,
1473 5455 1493 5489 ι
1531 5439 1666 5506 ipso.
1703 5457 1722 5488 ι
1776 5437 1880 5491 Sed
1915 5436 1988 5491 le-

423 5506 655 5576 gendum
709 5506 910 5570 αὐτῶν,
947 5507 996 5576 id
1028 5518 1131 5574 est,
1171 5506 1192 5558 i
1229 5509 1486 5576 ipsorum.
1524 5526 1543 5556 ι

2096 5306 2210 5367 tate
2236 5297 2392 5367 aliter
2421 5310 2584 5367 atque
2615 5299 2772 5351 aliter
2803 5295 3050 5367 positum—
3076 5311 3159 5352 eSt
3188 5301 3240 5351 in
3278 5295 3493 5350 Latino.
3532 5315 3551 5348 ι

2170 5366 2282 5437 (8‘2)
2324 5365 2578 5437 luclyzhs.
2606 5365 2981 5437 _Simili‘modo
3029 5368 3264 5437 loquitur
3310 5367 3564 5437 Didymus
3607 5366 3671 5437 ad

2093 5431 2238 5506 vers.
2264 5431 2370 5497 ’17,
2397 5431 2514 5505 cap.
2551 5454 2564 5490 l
2597 5435 2738 5492 Jobi.
2784 5437 2924 5490 Ἀλλ’
2969 5439 3030 5491 οὐ
3063 5431 3304 5498 τοιοῦτος
3327 5431 3441 5506 ἦν’(
3464 5436 3669 5504 inquit)

2107 5505 2226 5577 Ῐιὼδ
2257 5507 2284 5560 ὁ
2318 5506 2581 5577 ἀοίδιμος,
2623 5509 2673 5562 id
2702 5517 2806 5571 est,
2849 5525 2868 5558 ι
2898 5508 2969 5562 At
3003 5508 3126 5562 talis
3154 5521 3260 5562 non
3291 5505 3410 5561 erat
3436 5505 3670 5575 inclytus

493 5579 606 5650 (8_l)
646 5576 922 5650 Gloriﬁcq.
966 5574 1126 5650 Joan.
1161 5574 1295 5650 _XV_I_I,
1339 5576 1390 5630 5.
1436 5576 1694 5645 Vulgatns
1720 5575 1988 5650 interpres
2094 5575 2332 5650 Jobu_s.i

419 5644 633 5705 vertit:
670 5665 690 5699 ‹
719 5647 990 5701 Clarilica.
1023 5665 1042 5698 ι
1075 5647 1178 5700 Sed
1219 5647 1360 5711 idem
1389 5657 1471 5701 est
1500 5644 1714 5702 sensus.
1743 5644 1811 5699 Ut
1841 5647 1984 5699 enim

419 5717 941 5791 ait.AI_tgustinus_in_
964 5717 1117 5791 libro
1134 5727 1319 5791 contra
1341 5729 1628 5791 sermonem
1654 5717 1979 5791 Arianorum

420 5785 540 5858 cap.
567 5785 658 5858 3i,
687 5803 809 5858 pag.
844 5786 968 5850 6M,
1003 5806 1022 5839 ι
1055 5786 1396 5850 Glorilicare,
1430 5796 1482 5840 et
1512 5787 1892 5849 honorilicare,
1923 5795 1982 5858 et

2073 5656 2080 5662 ‘
2163 5646 2276 5716 (85)
2319 5645 2387 5716 Et
2411 5647 2655 5716 vidimus.
2687 5645 2845 5700 Joan.
2875 5664 2913 5709 ι,
2947 5647 3034 5704 14.

2163 5714 2275 5785 (84)
2319 5714 2376 5768 Si
2409 5719 2566 5770 enim.
2603 5715 2620 5768 Ι
2649 5716 2775 5772 Cor.
2818 5733 2876 5780 ιι,
2904 5718 2957 5774 8.

2161 5783 2274 5854 (85)
2317 5785 2706 5857 Cognovissem.
2787 5785 2975 5843 Graeca
3030 5785 3231 5851 editio,
3287 5783 3531 5852 ἔγνωσαν
3576 5797 3674 5853 pro

420 5854 742 5924 clJrilicare,
761 5854 875 5912 tria
901 5858 1119 5930 quidem
1142 5859 1326 5924 verba,
1349 5859 1440 5913 sed
1468 5872 1554 5913 res
1586 5873 1688 5911 una
1711 5866 1813 5923 est,
1833 5855 1976 5924 quod
2085 5854 2304 5926 ᾔδεσαν.
