  <div class='ocr_page' id='page_1' title='image "/cluster/home/n/w/nwhite01/storage/ocr_20150623/39/coo.31924054869361/478.png"; bbox 0 0 4034 6392; ppageno 0'>
   <div class='ocr_carea' id='block_1_1' title="bbox 269 443 366 499">
    <p class='ocr_par' dir='ltr' id='par_1_1' title="bbox 269 443 366 499">
     <span class='ocr_line' id='line_1_1' title="bbox 269 443 366 499; baseline -0.01 0"><span class='ocrx_word' id='word_1_1' title='bbox 269 443 366 499; x_wconf 79' lang='grc' dir='ltr'>ςιι</span> 
     </span>
    </p>
   </div>
   <div class='ocr_carea' id='block_1_2' title="bbox 1329 396 2443 502">
    <p class='ocr_par' dir='ltr' id='par_1_2' title="bbox 1329 396 2443 502">
     <span class='ocr_line' id='line_1_2' title="bbox 1329 396 2443 502; baseline 0.005 -6"><span class='ocrx_word' id='word_1_2' title='bbox 1329 441 1417 496; x_wconf 85' lang='lat' dir='ltr'><strong>DE</strong></span> <span class='ocrx_word' id='word_1_3' title='bbox 1454 441 1829 498; x_wconf 79' lang='lat' dir='ltr'><strong>TRINITATE</strong></span> <span class='ocrx_word' id='word_1_4' title='bbox 1869 441 2074 500; x_wconf 79' lang='lat' dir='ltr'><strong>LIBER</strong></span> <span class='ocrx_word' id='word_1_5' title='bbox 2112 396 2443 502; x_wconf 64' lang='lat' dir='ltr'><strong>TERTIUS.</strong></span> 
     </span>
    </p>
   </div>
   <div class='ocr_carea' id='block_1_3' title="bbox 3417 453 3527 510">
    <p class='ocr_par' dir='ltr' id='par_1_3' title="bbox 3417 453 3527 510">
     <span class='ocr_line' id='line_1_3' title="bbox 3417 453 3527 510; baseline -0.009 0"><span class='ocrx_word' id='word_1_6' title='bbox 3417 453 3527 510; x_wconf 67' lang='grc'><strong>949.</strong></span> 
     </span>
    </p>
   </div>
   <div class='ocr_carea' id='block_1_4' title="bbox 273 555 1838 639">
    <p class='ocr_par' dir='ltr' id='par_1_4' title="bbox 273 555 1838 631">
     <span class='ocr_line' id='line_1_4' title="bbox 273 555 1838 631; baseline -0.001 -17"><span class='ocrx_word' id='word_1_7' title='bbox 273 555 595 631; x_wconf 81' lang='grc' dir='ltr'><strong>συμφώνως.</strong></span> <span class='ocrx_word' id='word_1_8' title='bbox 639 555 898 626; x_wconf 84' lang='grc' dir='ltr'>Ἐνόησαν</span> <span class='ocrx_word' id='word_1_9' title='bbox 923 555 981 610; x_wconf 85' lang='grc' dir='ltr'><strong>δέ</strong></span> <span class='ocrx_word' id='word_1_10' title='bbox 1008 573 1152 621; x_wconf 86' lang='grc' dir='ltr'>τινες</span> <span class='ocrx_word' id='word_1_11' title='bbox 1190 557 1397 622; x_wconf 82' lang='grc' dir='ltr'>πιστῶς</span> <span class='ocrx_word' id='word_1_12' title='bbox 1426 559 1519 622; x_wconf 77' lang='grc' dir='ltr'>τὸ,</span> <span class='ocrx_word' id='word_1_13' title='bbox 1557 577 1576 609; x_wconf 73' lang='grc' dir='ltr'><strong>ι</strong></span> <span class='ocrx_word' id='word_1_14' title='bbox 1619 558 1838 624; x_wconf 59' lang='grc' dir='ltr'>Δόξασόκ</span> 
     </span>
    </p>
   </div>
   <div class='ocr_carea' id='block_1_5' title="bbox 1941 555 3525 639">
    <p class='ocr_par' dir='ltr' id='par_1_5' title="bbox 1952 558 3525 639">
     <span class='ocr_line' id='line_1_5' title="bbox 1952 558 3525 639; baseline 0.007 -27"><span class='ocrx_word' id='word_1_15' title='bbox 1952 561 2196 628; x_wconf 84' lang='lat' dir='ltr'><strong>gelislam</strong></span> <span class='ocrx_word' id='word_1_16' title='bbox 2261 561 2524 630; x_wconf 87' lang='lat' dir='ltr'><strong>benignus</strong></span> <span class='ocrx_word' id='word_1_17' title='bbox 2582 558 2696 631; x_wconf 81' lang='lat'><strong>(80)</strong></span> <span class='ocrx_word' id='word_1_18' title='bbox 2748 560 2899 616; x_wconf 84' lang='lat' dir='ltr'><strong>hicce</strong></span> <span class='ocrx_word' id='word_1_19' title='bbox 2950 561 3094 639; x_wconf 85' lang='lat' dir='ltr'><strong>Deus</strong></span> <span class='ocrx_word' id='word_1_20' title='bbox 3139 562 3525 635; x_wconf 87' lang='lat' dir='ltr'><strong>interpretatus</strong></span> 
     </span>
    </p>
   </div>
   <div class='ocr_carea' id='block_1_6' title="bbox 275 648 1849 724">
    <p class='ocr_par' dir='ltr' id='par_1_6' title="bbox 275 648 1849 724">
     <span class='ocr_line' id='line_1_6' title="bbox 275 648 1849 724; baseline 0 -19"><span class='ocrx_word' id='word_1_21' title='bbox 275 670 364 724; x_wconf 87' lang='grc' dir='ltr'><strong>με,</strong></span> <span class='ocrx_word' id='word_1_22' title='bbox 399 670 420 704; x_wconf 73' lang='grc' dir='ltr'><strong>ι</strong></span> <span class='ocrx_word' id='word_1_23' title='bbox 453 648 707 721; x_wconf 80' lang='grc' dir='ltr'>είρῆσθαι</span> <span class='ocrx_word' id='word_1_24' title='bbox 735 648 826 702; x_wconf 83' lang='grc' dir='ltr'><strong>διὰ</strong></span> <span class='ocrx_word' id='word_1_25' title='bbox 860 650 960 720; x_wconf 85' lang='grc' dir='ltr'>τὴν</span> <span class='ocrx_word' id='word_1_26' title='bbox 997 650 1426 721; x_wconf 81' lang='grc' dir='ltr'><strong>περιγινομένην</strong></span> <span class='ocrx_word' id='word_1_27' title='bbox 1453 649 1611 716; x_wconf 80' lang='grc' dir='ltr'>δόξαν</span> <span class='ocrx_word' id='word_1_28' title='bbox 1632 655 1699 722; x_wconf 86' lang='grc' dir='ltr'>τῇ</span> <span class='ocrx_word' id='word_1_29' title='bbox 1731 653 1849 705; x_wconf 80' lang='grc' dir='ltr'>δου-</span> 
     </span>
    </p>
   </div>
   <div class='ocr_carea' id='block_1_7' title="bbox 269 739 1851 814">
    <p class='ocr_par' dir='ltr' id='par_1_7' title="bbox 269 739 1851 814">
     <span class='ocr_line' id='line_1_7' title="bbox 269 739 1851 814; baseline 0 -17"><span class='ocrx_word' id='word_1_30' title='bbox 269 743 394 814; x_wconf 84' lang='grc' dir='ltr'>λικῇ</span> <span class='ocrx_word' id='word_1_31' title='bbox 443 743 646 813; x_wconf 77' lang='grc' dir='ltr'>μορφῇ.</span> <span class='ocrx_word' id='word_1_32' title='bbox 684 739 870 794; x_wconf 82' lang='grc' dir='ltr'>ταῦτα</span> <span class='ocrx_word' id='word_1_33' title='bbox 902 740 979 804; x_wconf 83' lang='grc' dir='ltr'><strong>ὡς</strong></span> <span class='ocrx_word' id='word_1_34' title='bbox 1017 741 1077 794; x_wconf 80' lang='grc' dir='ltr'>ὲν</span> <span class='ocrx_word' id='word_1_35' title='bbox 1112 742 1359 813; x_wconf 85' lang='grc' dir='ltr'>ὲπιτόμῳ</span> <span class='ocrx_word' id='word_1_36' title='bbox 1388 742 1539 796; x_wconf 74' lang='grc' dir='ltr'>εἴδει.</span> <span class='ocrx_word' id='word_1_37' title='bbox 1572 744 1669 806; x_wconf 87' lang='grc' dir='ltr'><strong>Εἰς</strong></span> <span class='ocrx_word' id='word_1_38' title='bbox 1710 745 1851 813; x_wconf 83' lang='grc' dir='ltr'>ἀγω-</span> 
     </span>
    </p>
   </div>
   <div class='ocr_carea' id='block_1_8' title="bbox 269 833 1850 908">
    <p class='ocr_par' dir='ltr' id='par_1_8' title="bbox 269 833 1850 908">
     <span class='ocr_line' id='line_1_8' title="bbox 269 833 1850 908; baseline -0.001 -17"><span class='ocrx_word' id='word_1_39' title='bbox 269 834 543 898; x_wconf 78' lang='grc' dir='ltr'>νιστικοὺς</span> <span class='ocrx_word' id='word_1_40' title='bbox 581 833 858 905; x_wconf 81' lang='grc' dir='ltr'><strong>ἐρχόμεθα</strong></span> <span class='ocrx_word' id='word_1_41' title='bbox 889 833 1080 902; x_wconf 81' lang='grc' dir='ltr'><strong>λόγους</strong></span> <span class='ocrx_word' id='word_1_42' title='bbox 1107 835 1246 907; x_wconf 84' lang='grc' dir='ltr'>πρὸς</span> <span class='ocrx_word' id='word_1_43' title='bbox 1274 836 1400 899; x_wconf 83' lang='grc' dir='ltr'>τοὺς</span> <span class='ocrx_word' id='word_1_44' title='bbox 1435 836 1512 908; x_wconf 86' lang='grc' dir='ltr'>μὴ</span> <span class='ocrx_word' id='word_1_45' title='bbox 1554 836 1850 901; x_wconf 82' lang='grc' dir='ltr'>ἀκούοντας</span> 
     </span>
    </p>
   </div>
   <div class='ocr_carea' id='block_1_9' title="bbox 273 926 1849 1002">
    <p class='ocr_par' dir='ltr' id='par_1_9' title="bbox 273 926 1849 1002">
     <span class='ocr_line' id='line_1_9' title="bbox 273 926 1849 1002; baseline -0.001 -19"><span class='ocrx_word' id='word_1_46' title='bbox 273 930 374 1002; x_wconf 84' lang='grc' dir='ltr'>μὲν</span> <span class='ocrx_word' id='word_1_47' title='bbox 414 929 499 996; x_wconf 85' lang='grc' dir='ltr'><strong>τδ,</strong></span> <span class='ocrx_word' id='word_1_48' title='bbox 541 946 560 979; x_wconf 80' lang='grc' dir='ltr'><strong>ι</strong></span> <span class='ocrx_word' id='word_1_49' title='bbox 594 928 798 999; x_wconf 84' lang='grc' dir='ltr'><strong>Πάτερ,</strong></span> <span class='ocrx_word' id='word_1_50' title='bbox 834 947 851 979; x_wconf 77' lang='grc' dir='ltr'><strong>ι</strong></span> <span class='ocrx_word' id='word_1_51' title='bbox 887 926 1428 999; x_wconf 78' lang='grc' dir='ltr'>ἐπιλαμϐανομένους</span> <span class='ocrx_word' id='word_1_52' title='bbox 1457 927 1515 981; x_wconf 86' lang='grc' dir='ltr'>δὲ</span> <span class='ocrx_word' id='word_1_53' title='bbox 1541 927 1657 995; x_wconf 80' lang='grc' dir='ltr'>τοῦ,</span> <span class='ocrx_word' id='word_1_54' title='bbox 1693 946 1713 979; x_wconf 74' lang='grc' dir='ltr'><strong>ι</strong></span> <span class='ocrx_word' id='word_1_55' title='bbox 1751 929 1849 982; x_wconf 93' lang='grc' dir='ltr'><strong>Δό-</strong></span> 
     </span>
    </p>
   </div>
   <div class='ocr_carea' id='block_1_10' title="bbox 268 1015 1848 1092">
    <p class='ocr_par' dir='ltr' id='par_1_10' title="bbox 268 1015 1848 1092">
     <span class='ocr_line' id='line_1_10' title="bbox 268 1015 1848 1092; baseline -0.001 -17"><span class='ocrx_word' id='word_1_56' title='bbox 268 1022 452 1089; x_wconf 82' lang='grc' dir='ltr'>ξασον.</span> <span class='ocrx_word' id='word_1_57' title='bbox 494 1039 513 1073; x_wconf 72' lang='grc' dir='ltr'><strong>ι</strong></span> <span class='ocrx_word' id='word_1_58' title='bbox 543 1019 871 1074; x_wconf 85' lang='grc' dir='ltr'>Είπάτωσαν</span> <span class='ocrx_word' id='word_1_59' title='bbox 917 1019 1078 1073; x_wconf 86' lang='grc' dir='ltr'>ποίαν</span> <span class='ocrx_word' id='word_1_60' title='bbox 1119 1018 1279 1083; x_wconf 80' lang='grc' dir='ltr'>δόξαν</span> <span class='ocrx_word' id='word_1_61' title='bbox 1308 1019 1559 1090; x_wconf 75' lang='grc' dir='ltr'>ἐνόησαν.</span> <span class='ocrx_word' id='word_1_62' title='bbox 1592 1015 1742 1090; x_wconf 70' lang='grc' dir='ltr'>Ἀρα</span> <span class='ocrx_word' id='word_1_63' title='bbox 1780 1021 1848 1092; x_wconf 78' lang='grc' dir='ltr'>ἠν</span> 
     </span>
    </p>
   </div>
   <div class='ocr_carea' id='block_1_11' title="bbox 270 1109 1846 1186">
    <p class='ocr_par' dir='ltr' id='par_1_11' title="bbox 270 1109 1846 1186">
     <span class='ocr_line' id='line_1_11' title="bbox 270 1109 1846 1186; baseline -0.003 -17"><span class='ocrx_word' id='word_1_64' title='bbox 270 1116 367 1169; x_wconf 71' lang='grc' dir='ltr'><strong>καὶ</strong></span> <span class='ocrx_word' id='word_1_65' title='bbox 387 1116 549 1186; x_wconf 77' lang='grc' dir='ltr'>ἡμεῖς</span> <span class='ocrx_word' id='word_1_66' title='bbox 589 1111 935 1183; x_wconf 83' lang='grc' dir='ltr'>ἁναφέρομεν</span> <span class='ocrx_word' id='word_1_67' title='bbox 974 1111 1053 1181; x_wconf 83' lang='grc' dir='ltr'><strong>τῷ</strong></span> <span class='ocrx_word' id='word_1_68' title='bbox 1083 1110 1236 1181; x_wconf 84' lang='grc' dir='ltr'>Θεῷ;</span> <span class='ocrx_word' id='word_1_69' title='bbox 1267 1110 1453 1164; x_wconf 86' lang='grc' dir='ltr'><strong>Ἔστω</strong></span> <span class='ocrx_word' id='word_1_70' title='bbox 1483 1111 1664 1164; x_wconf 83' lang='grc' dir='ltr'>τοίνυν</span> <span class='ocrx_word' id='word_1_71' title='bbox 1706 1109 1846 1164; x_wconf 80' lang='grc' dir='ltr'>κατὰ</span> 
     </span>
    </p>
   </div>
   <div class='ocr_carea' id='block_1_12' title="bbox 270 1195 1847 1276">
    <p class='ocr_par' dir='ltr' id='par_1_12' title="bbox 270 1195 1847 1276">
     <span class='ocr_line' id='line_1_12' title="bbox 270 1195 1847 1276; baseline -0.005 -17"><span class='ocrx_word' id='word_1_72' title='bbox 270 1203 639 1276; x_wconf 79' lang='grc' dir='ltr'><strong>συγχώρησιν,</strong></span> <span class='ocrx_word' id='word_1_73' title='bbox 671 1201 869 1255; x_wconf 80' lang='grc' dir='ltr'>οὔκουν</span> <span class='ocrx_word' id='word_1_74' title='bbox 900 1203 966 1273; x_wconf 82' lang='grc' dir='ltr'><strong>τῇ</strong></span> <span class='ocrx_word' id='word_1_75' title='bbox 997 1200 1247 1272; x_wconf 82' lang='grc' dir='ltr'>ἀληθείᾳ.</span> <span class='ocrx_word' id='word_1_76' title='bbox 1281 1198 1381 1253; x_wconf 84' lang='grc' dir='ltr'><strong>Διὰ</strong></span> <span class='ocrx_word' id='word_1_77' title='bbox 1421 1200 1474 1252; x_wconf 91' lang='grc' dir='ltr'><strong>τί</strong></span> <span class='ocrx_word' id='word_1_78' title='bbox 1516 1195 1610 1254; x_wconf 79' lang='grc' dir='ltr'><strong>οὗν</strong></span> <span class='ocrx_word' id='word_1_79' title='bbox 1641 1200 1847 1271; x_wconf 79' lang='grc' dir='ltr'>κτίσμα</span> 
     </span>
    </p>
   </div>
   <div class='ocr_carea' id='block_1_13' title="bbox 268 1290 1847 1367">
    <p class='ocr_par' dir='ltr' id='par_1_13' title="bbox 268 1290 1847 1367">
     <span class='ocr_line' id='line_1_13' title="bbox 268 1290 1847 1367; baseline -0.004 -16"><span class='ocrx_word' id='word_1_80' title='bbox 268 1298 365 1351; x_wconf 70' lang='grc' dir='ltr'><strong>καὶ</strong></span> <span class='ocrx_word' id='word_1_81' title='bbox 390 1297 589 1367; x_wconf 83' lang='grc' dir='ltr'>ἥττονα</span> <span class='ocrx_word' id='word_1_82' title='bbox 630 1294 851 1363; x_wconf 81' lang='grc' dir='ltr'>λέγουσι</span> <span class='ocrx_word' id='word_1_83' title='bbox 891 1294 985 1347; x_wconf 83' lang='grc' dir='ltr'>τὸν</span> <span class='ocrx_word' id='word_1_84' title='bbox 1027 1293 1180 1357; x_wconf 77' lang='grc' dir='ltr'>Υίδν,</span> <span class='ocrx_word' id='word_1_85' title='bbox 1230 1291 1323 1345; x_wconf 83' lang='grc' dir='ltr'>τὸν</span> <span class='ocrx_word' id='word_1_86' title='bbox 1364 1292 1457 1345; x_wconf 80' lang='grc' dir='ltr'><strong>ὑπ’</strong></span> <span class='ocrx_word' id='word_1_87' title='bbox 1489 1290 1655 1346; x_wconf 76' lang='grc' dir='ltr'>αὐτοῦ</span> <span class='ocrx_word' id='word_1_88' title='bbox 1692 1292 1847 1358; x_wconf 81' lang='grc' dir='ltr'>δοξα-</span> 
     </span>
    </p>
   </div>
   <div class='ocr_carea' id='block_1_14' title="bbox 269 1379 1848 1459">
    <p class='ocr_par' dir='ltr' id='par_1_14' title="bbox 269 1379 1848 1459">
     <span class='ocr_line' id='line_1_14' title="bbox 269 1379 1848 1459; baseline -0.006 -17"><span class='ocrx_word' id='word_1_89' title='bbox 269 1388 515 1459; x_wconf 80' lang='grc' dir='ltr'>ζόμενον,</span> <span class='ocrx_word' id='word_1_90' title='bbox 543 1385 640 1439; x_wconf 83' lang='grc' dir='ltr'><strong>τοῦ</strong></span> <span class='ocrx_word' id='word_1_91' title='bbox 674 1382 922 1455; x_wconf 84' lang='grc' dir='ltr'>Πατρός;</span> <span class='ocrx_word' id='word_1_92' title='bbox 963 1382 1051 1435; x_wconf 86' lang='grc' dir='ltr'>Ἐν</span> <span class='ocrx_word' id='word_1_93' title='bbox 1078 1381 1187 1451; x_wconf 85' lang='grc' dir='ltr'><strong>γὰρ</strong></span> <span class='ocrx_word' id='word_1_94' title='bbox 1222 1380 1302 1450; x_wconf 85' lang='grc' dir='ltr'><strong>τῷ</strong></span> <span class='ocrx_word' id='word_1_95' title='bbox 1350 1379 1499 1451; x_wconf 82' lang='grc' dir='ltr'>αὐτῷ</span> <span class='ocrx_word' id='word_1_96' title='bbox 1529 1380 1848 1451; x_wconf 82' lang='grc' dir='ltr'>Εὐαγγελίῳ</span> 
     </span>
    </p>
   </div>
   <div class='ocr_carea' id='block_1_15' title="bbox 1949 651 3521 724">
    <p class='ocr_par' dir='ltr' id='par_1_15' title="bbox 1949 651 3521 724">
     <span class='ocr_line' id='line_1_15' title="bbox 1949 651 3521 724; baseline 0.002 -16"><span class='ocrx_word' id='word_1_97' title='bbox 1949 651 2115 724; x_wconf 68' lang='grc'><strong>419</strong></span> <span class='ocrx_word' id='word_1_98' title='bbox 2141 661 2224 707; x_wconf 87' lang='grc' dir='ltr'><strong>εει</strong></span> <span class='ocrx_word' id='word_1_99' title='bbox 2266 653 2512 720; x_wconf 79' lang='lat' dir='ltr'><strong>ipsemet,</strong></span> <span class='ocrx_word' id='word_1_100' title='bbox 2552 653 2678 721; x_wconf 89' lang='lat' dir='ltr'><strong>quid</strong></span> <span class='ocrx_word' id='word_1_101' title='bbox 2708 653 2780 708; x_wconf 92' lang='lat' dir='ltr'><strong>sit</strong></span> <span class='ocrx_word' id='word_1_102' title='bbox 2828 653 2978 721; x_wconf 88' lang='lat' dir='ltr'><strong>illud,</strong></span> <span class='ocrx_word' id='word_1_103' title='bbox 3015 675 3035 707; x_wconf 77' lang='grc' dir='ltr'><strong>ι</strong></span> <span class='ocrx_word' id='word_1_104' title='bbox 3071 654 3324 713; x_wconf 85' lang='lat' dir='ltr'><strong>Glorilica</strong></span> <span class='ocrx_word' id='word_1_105' title='bbox 3357 674 3463 722; x_wconf 85' lang='lat' dir='ltr'><strong>me,</strong></span> <span class='ocrx_word' id='word_1_106' title='bbox 3501 680 3521 711; x_wconf 75' lang='grc' dir='ltr'><strong>ι</strong></span> 
     </span>
    </p>
   </div>
   <div class='ocr_carea' id='block_1_16' title="bbox 1950 742 3520 816">
    <p class='ocr_par' dir='ltr' id='par_1_16' title="bbox 1950 742 3520 816">
     <span class='ocr_line' id='line_1_16' title="bbox 1950 742 3520 816; baseline 0.007 -21"><span class='ocrx_word' id='word_1_107' title='bbox 1950 757 2072 796; x_wconf 89' lang='lat' dir='ltr'><strong>cum</strong></span> <span class='ocrx_word' id='word_1_108' title='bbox 2107 743 2239 798; x_wconf 77' lang='lat' dir='ltr'><strong>dixit</strong></span> <span class='ocrx_word' id='word_1_109' title='bbox 2273 743 2449 797; x_wconf 81' lang='lat' dir='ltr'><strong>Patri:</strong></span> <span class='ocrx_word' id='word_1_110' title='bbox 2489 761 2508 795; x_wconf 80' lang='grc' dir='ltr'><strong>ι</strong></span> <span class='ocrx_word' id='word_1_111' title='bbox 2541 743 2652 812; x_wconf 79' lang='lat' dir='ltr'><strong>Ego</strong></span> <span class='ocrx_word' id='word_1_112' title='bbox 2681 751 2734 797; x_wconf 89' lang='lat' dir='ltr'><strong>te</strong></span> <span class='ocrx_word' id='word_1_113' title='bbox 2779 742 2894 816; x_wconf 89' lang='lat'><strong>(87)</strong></span> <span class='ocrx_word' id='word_1_114' title='bbox 2915 745 3213 815; x_wconf 77' lang='lat' dir='ltr'><strong>gloriﬁcavi</strong></span> <span class='ocrx_word' id='word_1_115' title='bbox 3255 749 3305 803; x_wconf 91' lang='lat' dir='ltr'><strong>in</strong></span> <span class='ocrx_word' id='word_1_116' title='bbox 3340 758 3520 806; x_wconf 83' lang='lat' dir='ltr'><strong>terra:</strong></span> 
     </span>
    </p>
   </div>
   <div class='ocr_carea' id='block_1_17' title="bbox 1950 833 3521 904">
    <p class='ocr_par' dir='ltr' id='par_1_17' title="bbox 1950 833 3521 904">
     <span class='ocr_line' id='line_1_17' title="bbox 1950 833 3521 904; baseline 0.006 -19"><span class='ocrx_word' id='word_1_117' title='bbox 1950 847 2088 901; x_wconf 89' lang='lat' dir='ltr'><strong>opus</strong></span> <span class='ocrx_word' id='word_1_118' title='bbox 2125 833 2327 903; x_wconf 78' lang='lat' dir='ltr'><strong>perfeci</strong></span> <span class='ocrx_word' id='word_1_119' title='bbox 2358 833 2500 904; x_wconf 93' lang='lat' dir='ltr'><strong>quod</strong></span> <span class='ocrx_word' id='word_1_120' title='bbox 2527 833 2719 889; x_wconf 85' lang='lat' dir='ltr'><strong>dedisti</strong></span> <span class='ocrx_word' id='word_1_121' title='bbox 2750 834 2881 889; x_wconf 90' lang='lat' dir='ltr'><strong>mihi</strong></span> <span class='ocrx_word' id='word_1_122' title='bbox 2909 844 2968 889; x_wconf 92' lang='lat' dir='ltr'><strong>ut</strong></span> <span class='ocrx_word' id='word_1_123' title='bbox 2990 835 3246 893; x_wconf 79' lang='lat' dir='ltr'><strong>facerem.</strong></span> <span class='ocrx_word' id='word_1_124' title='bbox 3289 858 3308 891; x_wconf 75' lang='grc' dir='ltr'><strong>ι</strong></span> <span class='ocrx_word' id='word_1_125' title='bbox 3339 839 3396 895; x_wconf 87' lang='lat' dir='ltr'><strong>Id</strong></span> <span class='ocrx_word' id='word_1_126' title='bbox 3417 851 3521 895; x_wconf 89' lang='lat' dir='ltr'><strong>est:</strong></span> 
     </span>
    </p>
   </div>
   <div class='ocr_carea' id='block_1_18' title="bbox 1949 923 3523 987">
    <p class='ocr_par' dir='ltr' id='par_1_18' title="bbox 1949 923 3523 987">
     <span class='ocr_line' id='line_1_18' title="bbox 1949 923 3523 987; baseline 0.005 -9"><span class='ocrx_word' id='word_1_127' title='bbox 1949 923 2095 979; x_wconf 80' lang='lat' dir='ltr'><strong>Nihil</strong></span> <span class='ocrx_word' id='word_1_128' title='bbox 2148 934 2302 980; x_wconf 81' lang='lat' dir='ltr'><strong>extra</strong></span> <span class='ocrx_word' id='word_1_129' title='bbox 2353 924 2683 980; x_wconf 84' lang='lat' dir='ltr'><strong>voluntatem</strong></span> <span class='ocrx_word' id='word_1_130' title='bbox 2728 936 2873 981; x_wconf 87' lang='lat' dir='ltr'><strong>tuam</strong></span> <span class='ocrx_word' id='word_1_131' title='bbox 2922 928 2977 983; x_wconf 93' lang='lat' dir='ltr'><strong>in</strong></span> <span class='ocrx_word' id='word_1_132' title='bbox 3005 928 3383 985; x_wconf 84' lang='lat' dir='ltr'><strong>Incarnatione</strong></span> <span class='ocrx_word' id='word_1_133' title='bbox 3404 946 3523 987; x_wconf 86' lang='lat' dir='ltr'><strong>mea</strong></span> 
     </span>
    </p>
   </div>
   <div class='ocr_carea' id='block_1_19' title="bbox 1949 1015 3522 1088">
    <p class='ocr_par' dir='ltr' id='par_1_19' title="bbox 1949 1015 3522 1088">
     <span class='ocr_line' id='line_1_19' title="bbox 1949 1015 3522 1088; baseline 0.006 -19"><span class='ocrx_word' id='word_1_134' title='bbox 1949 1015 2075 1081; x_wconf 81' lang='lat' dir='ltr'><strong>Ieci,</strong></span> <span class='ocrx_word' id='word_1_135' title='bbox 2107 1016 2201 1071; x_wconf 89' lang='lat' dir='ltr'><strong>sed</strong></span> <span class='ocrx_word' id='word_1_136' title='bbox 2227 1016 2406 1070; x_wconf 84' lang='lat' dir='ltr'><strong>omnia</strong></span> <span class='ocrx_word' id='word_1_137' title='bbox 2447 1016 2811 1073; x_wconf 89' lang='lat' dir='ltr'><strong>concorditer.</strong></span> <span class='ocrx_word' id='word_1_138' title='bbox 2848 1016 3076 1085; x_wconf 87' lang='lat' dir='ltr'><strong>Quidam</strong></span> <span class='ocrx_word' id='word_1_139' title='bbox 3109 1035 3239 1076; x_wconf 91' lang='lat' dir='ltr'><strong>vero</strong></span> <span class='ocrx_word' id='word_1_140' title='bbox 3269 1021 3522 1088; x_wconf 79' lang='lat' dir='ltr'><strong>ﬁdeliter.</strong></span> 
     </span>
    </p>
   </div>
   <div class='ocr_carea' id='block_1_20' title="bbox 1955 1108 3522 1182">
    <p class='ocr_par' dir='ltr' id='par_1_20' title="bbox 1955 1108 3522 1182">
     <span class='ocr_line' id='line_1_20' title="bbox 1955 1108 3522 1182; baseline 0.005 -20"><span class='ocrx_word' id='word_1_141' title='bbox 1955 1108 2058 1164; x_wconf 92' lang='lat' dir='ltr'><strong>hoc</strong></span> <span class='ocrx_word' id='word_1_142' title='bbox 2083 1116 2168 1163; x_wconf 86' lang='lat' dir='ltr'><strong>est</strong></span> <span class='ocrx_word' id='word_1_143' title='bbox 2230 1109 2499 1165; x_wconf 89' lang='lat' dir='ltr'><strong>catholice</strong></span> <span class='ocrx_word' id='word_1_144' title='bbox 2552 1109 2976 1178; x_wconf 84' lang='lat' dir='ltr'><strong>interpretantes</strong></span> <span class='ocrx_word' id='word_1_145' title='bbox 3029 1112 3191 1182; x_wconf 91' lang='lat' dir='ltr'><strong>illud,</strong></span> <span class='ocrx_word' id='word_1_146' title='bbox 3226 1113 3522 1170; x_wconf 69' lang='lat' dir='ltr'><strong>«Glorilica</strong></span> 
     </span>
    </p>
   </div>
   <div class='ocr_carea' id='block_1_21' title="bbox 1947 1198 3520 1273">
    <p class='ocr_par' dir='ltr' id='par_1_21' title="bbox 1947 1198 3520 1273">
     <span class='ocr_line' id='line_1_21' title="bbox 1947 1198 3520 1273; baseline 0.003 -21"><span class='ocrx_word' id='word_1_147' title='bbox 1947 1213 2056 1261; x_wconf 86' lang='lat' dir='ltr'><strong>me,</strong></span> <span class='ocrx_word' id='word_1_148' title='bbox 2085 1216 2105 1249; x_wconf 74' lang='grc' dir='ltr'><strong>ι</strong></span> <span class='ocrx_word' id='word_1_149' title='bbox 2144 1209 2401 1267; x_wconf 83' lang='lat' dir='ltr'><strong>putarunt</strong></span> <span class='ocrx_word' id='word_1_150' title='bbox 2433 1198 2637 1254; x_wconf 90' lang='lat' dir='ltr'><strong>dictum</strong></span> <span class='ocrx_word' id='word_1_151' title='bbox 2665 1214 2786 1255; x_wconf 87' lang='lat' dir='ltr'><strong>esse</strong></span> <span class='ocrx_word' id='word_1_152' title='bbox 2834 1210 3055 1272; x_wconf 87' lang='lat' dir='ltr'><strong>propter</strong></span> <span class='ocrx_word' id='word_1_153' title='bbox 3085 1202 3310 1273; x_wconf 81' lang='lat' dir='ltr'><strong>gloriam</strong></span> <span class='ocrx_word' id='word_1_154' title='bbox 3339 1204 3520 1259; x_wconf 84' lang='lat' dir='ltr'><strong>servili</strong></span> 
     </span>
    </p>
   </div>
   <div class='ocr_carea' id='block_1_22' title="bbox 1947 1288 3523 1363">
    <p class='ocr_par' dir='ltr' id='par_1_22' title="bbox 1947 1288 3523 1363">
     <span class='ocr_line' id='line_1_22' title="bbox 1947 1288 3523 1363; baseline 0.006 -21"><span class='ocrx_word' id='word_1_155' title='bbox 1947 1288 2118 1343; x_wconf 81' lang='lat' dir='ltr'><strong>forma</strong></span> <span class='ocrx_word' id='word_1_156' title='bbox 2152 1291 2437 1357; x_wconf 86' lang='lat' dir='ltr'><strong>potiorem.</strong></span> <span class='ocrx_word' id='word_1_157' title='bbox 2467 1288 2593 1346; x_wconf 61' lang='lat' dir='ltr'><strong>Hac</strong></span> <span class='ocrx_word' id='word_1_158' title='bbox 2610 1290 2755 1346; x_wconf 90' lang='lat' dir='ltr'><strong>velut</strong></span> <span class='ocrx_word' id='word_1_159' title='bbox 2774 1292 2826 1346; x_wconf 91' lang='lat' dir='ltr'><strong>in</strong></span> <span class='ocrx_word' id='word_1_160' title='bbox 2856 1294 3193 1363; x_wconf 90' lang='lat' dir='ltr'><strong>compendio.</strong></span> <span class='ocrx_word' id='word_1_161' title='bbox 3229 1292 3523 1351; x_wconf 78' lang='lat' dir='ltr'><strong>Veniamus</strong></span> 
     </span>
    </p>
   </div>
   <div class='ocr_carea' id='block_1_23' title="bbox 1939 1378 3519 1458">
    <p class='ocr_par' dir='ltr' id='par_1_23' title="bbox 1939 1378 3519 1458">
     <span class='ocr_line' id='line_1_23' title="bbox 1939 1378 3519 1458; baseline 0.005 -24"><span class='ocrx_word' id='word_1_162' title='bbox 1939 1378 2053 1449; x_wconf 85' lang='lat' dir='ltr'><strong>jam</strong></span> <span class='ocrx_word' id='word_1_163' title='bbox 2086 1380 2199 1453; x_wconf 91' lang='lat'><strong>(88)</strong></span> <span class='ocrx_word' id='word_1_164' title='bbox 2222 1382 2290 1436; x_wconf 88' lang='lat' dir='ltr'><strong>ad</strong></span> <span class='ocrx_word' id='word_1_165' title='bbox 2319 1391 2621 1445; x_wconf 83' lang='lat' dir='ltr'><strong>certamen,</strong></span> <span class='ocrx_word' id='word_1_166' title='bbox 2652 1393 2709 1439; x_wconf 91' lang='grc' dir='ltr'><strong>ει</strong></span> <span class='ocrx_word' id='word_1_167' title='bbox 2733 1393 2917 1440; x_wconf 90' lang='lat' dir='ltr'><strong>contra</strong></span> <span class='ocrx_word' id='word_1_168' title='bbox 2943 1399 3038 1441; x_wconf 89' lang='lat' dir='ltr'><strong>eos</strong></span> <span class='ocrx_word' id='word_1_169' title='bbox 3051 1387 3404 1456; x_wconf 87' lang='lat' dir='ltr'><strong>disputemus,</strong></span> <span class='ocrx_word' id='word_1_170' title='bbox 3426 1389 3519 1458; x_wconf 86' lang='lat' dir='ltr'><strong>qui</strong></span> 
     </span>
    </p>
   </div>
   <div class='ocr_carea' id='block_1_24' title="bbox 1944 1472 3521 1541">
    <p class='ocr_par' dir='ltr' id='par_1_24' title="bbox 1944 1472 3521 1541">
     <span class='ocr_line' id='line_1_24' title="bbox 1944 1472 3521 1541; baseline 0.008 -18"><span class='ocrx_word' id='word_1_171' title='bbox 1944 1486 2129 1526; x_wconf 87' lang='lat' dir='ltr'><strong>vocem</strong></span> <span class='ocrx_word' id='word_1_172' title='bbox 2144 1473 2360 1541; x_wconf 87' lang='lat' dir='ltr'><strong>quidem</strong></span> <span class='ocrx_word' id='word_1_173' title='bbox 2380 1472 2542 1541; x_wconf 85' lang='lat' dir='ltr'><strong>illam,</strong></span> <span class='ocrx_word' id='word_1_174' title='bbox 2562 1492 2583 1525; x_wconf 74' lang='grc' dir='ltr'><strong>ι</strong></span> <span class='ocrx_word' id='word_1_175' title='bbox 2597 1473 2806 1538; x_wconf 63' lang='lat' dir='ltr'><strong>Pater.»</strong></span> <span class='ocrx_word' id='word_1_176' title='bbox 2835 1491 2941 1531; x_wconf 91' lang='lat' dir='ltr'><strong>non</strong></span> <span class='ocrx_word' id='word_1_177' title='bbox 2959 1477 3411 1541; x_wconf 88' lang='lat' dir='ltr'><strong>audiunt,&#39;vocem</strong></span> <span class='ocrx_word' id='word_1_178' title='bbox 3433 1495 3521 1535; x_wconf 85' lang='lat' dir='ltr'><strong>ve-</strong></span> 
     </span>
    </p>
   </div>
   <div class='ocr_carea' id='block_1_25' title="bbox 1947 1561 3516 1639">
    <p class='ocr_par' dir='ltr' id='par_1_25' title="bbox 1947 1561 3516 1639">
     <span class='ocr_line' id='line_1_25' title="bbox 1947 1561 3516 1639; baseline 0.006 -22"><span class='ocrx_word' id='word_1_179' title='bbox 1947 1578 2031 1627; x_wconf 90' lang='lat' dir='ltr'><strong>ro,</strong></span> <span class='ocrx_word' id='word_1_180' title='bbox 2049 1582 2070 1615; x_wconf 87' lang='grc'><em>‹</em></span> <span class='ocrx_word' id='word_1_181' title='bbox 2089 1561 2370 1627; x_wconf 84' lang='lat' dir='ltr'><strong>Gloriﬁca,</strong></span> <span class='ocrx_word' id='word_1_182' title='bbox 2392 1583 2411 1614; x_wconf 67' lang='grc' dir='ltr'><strong>ι</strong></span> <span class='ocrx_word' id='word_1_183' title='bbox 2444 1565 2605 1619; x_wconf 81' lang='lat' dir='ltr'><strong>veluti</strong></span> <span class='ocrx_word' id='word_1_184' title='bbox 2627 1566 3058 1635; x_wconf 88' lang='lat' dir='ltr'><strong>apprehendunt.</strong></span> <span class='ocrx_word' id='word_1_185' title='bbox 3084 1567 3296 1636; x_wconf 86' lang='lat' dir='ltr'><strong>Dicant,</strong></span> <span class='ocrx_word' id='word_1_186' title='bbox 3314 1584 3516 1639; x_wconf 66' lang='lat' dir='ltr'><strong>quaeso,</strong></span> 
     </span>
    </p>
   </div>
   <div class='ocr_carea' id='block_1_26' title="bbox 267 1473 1847 1549">
    <p class='ocr_par' dir='ltr' id='par_1_26' title="bbox 267 1473 1847 1549">
     <span class='ocr_line' id='line_1_26' title="bbox 267 1473 1847 1549; baseline -0.004 -17"><span class='ocrx_word' id='word_1_187' title='bbox 267 1474 423 1532; x_wconf 75' lang='grc' dir='ltr'>εἴπεο</span> <span class='ocrx_word' id='word_1_188' title='bbox 456 1498 473 1529; x_wconf 80' lang='grc' dir='ltr'><strong>ι</strong></span> <span class='ocrx_word' id='word_1_189' title='bbox 507 1478 720 1549; x_wconf 83' lang='grc' dir='ltr'>Πάτερ,</span> <span class='ocrx_word' id='word_1_190' title='bbox 765 1474 991 1540; x_wconf 85' lang='grc' dir='ltr'>δόξασόν</span> <span class='ocrx_word' id='word_1_191' title='bbox 1021 1491 1114 1527; x_wconf 92' lang='grc' dir='ltr'><strong>σου</strong></span> <span class='ocrx_word' id='word_1_192' title='bbox 1140 1473 1231 1527; x_wconf 78' lang='grc' dir='ltr'>τὸν</span> <span class='ocrx_word' id='word_1_193' title='bbox 1261 1473 1407 1537; x_wconf 84' lang='grc' dir='ltr'>Υίδν,</span> <span class='ocrx_word' id='word_1_194' title='bbox 1433 1474 1520 1526; x_wconf 76' lang='grc' dir='ltr'><strong>ἵνα</strong></span> <span class='ocrx_word' id='word_1_195' title='bbox 1544 1473 1639 1527; x_wconf 72' lang='grc' dir='ltr'><strong>καὶ</strong></span> <span class='ocrx_word' id='word_1_196' title='bbox 1664 1474 1694 1526; x_wconf 79' lang='grc' dir='ltr'><strong>ό</strong></span> <span class='ocrx_word' id='word_1_197' title='bbox 1720 1473 1847 1537; x_wconf 85' lang='grc' dir='ltr'>Υίός</span> 
     </span>
    </p>
   </div>
   <div class='ocr_carea' id='block_1_27' title="bbox 270 1564 1844 1642">
    <p class='ocr_par' dir='ltr' id='par_1_27' title="bbox 270 1564 1844 1642">
     <span class='ocr_line' id='line_1_27' title="bbox 270 1564 1844 1642; baseline -0.005 -16"><span class='ocrx_word' id='word_1_198' title='bbox 270 1589 364 1626; x_wconf 86' lang='grc' dir='ltr'><strong>σου</strong></span> <span class='ocrx_word' id='word_1_199' title='bbox 392 1570 593 1642; x_wconf 82' lang='grc' dir='ltr'>δοξάσῃ</span> <span class='ocrx_word' id='word_1_200' title='bbox 618 1586 675 1623; x_wconf 88' lang='grc' dir='ltr'><strong>σε</strong></span> <span class='ocrx_word' id='word_1_201' title='bbox 698 1583 712 1597; x_wconf 77' lang='grc'><strong>⁸</strong></span> <span class='ocrx_word' id='word_1_202' title='bbox 752 1587 771 1620; x_wconf 77' lang='grc' dir='ltr'><strong>ι</strong></span> <span class='ocrx_word' id='word_1_203' title='bbox 814 1568 911 1622; x_wconf 73' lang='grc' dir='ltr'><strong>καὶ</strong></span> <span class='ocrx_word' id='word_1_204' title='bbox 953 1567 1149 1621; x_wconf 82' lang='grc' dir='ltr'>πάλιν·</span> <span class='ocrx_word' id='word_1_205' title='bbox 1190 1585 1210 1619; x_wconf 80' lang='grc' dir='ltr'><strong>ι</strong></span> <span class='ocrx_word' id='word_1_206' title='bbox 1268 1566 1395 1619; x_wconf 84' lang='grc' dir='ltr'><strong>Ἐὰν</strong></span> <span class='ocrx_word' id='word_1_207' title='bbox 1429 1564 1638 1632; x_wconf 78' lang='grc' dir='ltr'><strong>δοξάζω</strong></span> <span class='ocrx_word' id='word_1_208' title='bbox 1673 1568 1844 1636; x_wconf 83' lang='grc' dir='ltr'>ὲμαυ-</span> 
     </span>
    </p>
   </div>
   <div class='ocr_carea' id='block_1_28' title="bbox 267 1654 1838 1737">
    <p class='ocr_par' dir='ltr' id='par_1_28' title="bbox 267 1660 1838 1737">
     <span class='ocr_line' id='line_1_28' title="bbox 267 1660 1838 1737; baseline -0.006 -15"><span class='ocrx_word' id='word_1_209' title='bbox 267 1669 383 1733; x_wconf 59' lang='grc' dir='ltr'>τὰν,</span> <span class='ocrx_word' id='word_1_210' title='bbox 410 1668 446 1737; x_wconf 84' lang='grc' dir='ltr'><strong>ή</strong></span> <span class='ocrx_word' id='word_1_211' title='bbox 471 1663 599 1731; x_wconf 77' lang='grc' dir='ltr'>δόξα</span> <span class='ocrx_word' id='word_1_212' title='bbox 626 1680 727 1735; x_wconf 92' lang='grc' dir='ltr'><strong>μου</strong></span> <span class='ocrx_word' id='word_1_213' title='bbox 753 1663 812 1716; x_wconf 82' lang='grc' dir='ltr'>ὲν</span> <span class='ocrx_word' id='word_1_214' title='bbox 841 1661 1026 1724; x_wconf 79' lang='grc' dir='ltr'>αὐτοῖς</span> <span class='ocrx_word' id='word_1_215' title='bbox 1061 1663 1211 1715; x_wconf 76' lang='grc' dir='ltr'>ἐστιν</span> <span class='ocrx_word' id='word_1_216' title='bbox 1228 1677 1242 1691; x_wconf 89' lang='grc'><strong>·</strong></span> <span class='ocrx_word' id='word_1_217' title='bbox 1275 1661 1420 1714; x_wconf 81' lang='grc' dir='ltr'>ἔστιν</span> <span class='ocrx_word' id='word_1_218' title='bbox 1445 1662 1476 1713; x_wconf 86' lang='grc' dir='ltr'><strong>ὁ</strong></span> <span class='ocrx_word' id='word_1_219' title='bbox 1512 1660 1701 1733; x_wconf 83' lang='grc' dir='ltr'>Πατήρ</span> <span class='ocrx_word' id='word_1_220' title='bbox 1738 1677 1838 1730; x_wconf 85' lang='grc' dir='ltr'><strong>μου</strong></span> 
     </span>
    </p>
   </div>
   <div class='ocr_carea' id='block_1_29' title="bbox 1941 1654 3521 1737">
    <p class='ocr_par' dir='ltr' id='par_1_29' title="bbox 1946 1654 3521 1733">
     <span class='ocr_line' id='line_1_29' title="bbox 1946 1654 3521 1733; baseline 0.007 -27"><span class='ocrx_word' id='word_1_221' title='bbox 1946 1669 2108 1724; x_wconf 89' lang='lat' dir='ltr'><strong>quam</strong></span> <span class='ocrx_word' id='word_1_222' title='bbox 2144 1654 2368 1724; x_wconf 76' lang='lat' dir='ltr'><strong>gloriam</strong></span> <span class='ocrx_word' id='word_1_223' title='bbox 2396 1655 2698 1727; x_wconf 81' lang='lat' dir='ltr'><strong>intelligant</strong></span> <span class='ocrx_word' id='word_1_224' title='bbox 2729 1679 2740 1713; x_wconf 90' lang='lat'>:</span> <span class='ocrx_word' id='word_1_225' title='bbox 2767 1672 2836 1713; x_wconf 90' lang='lat' dir='ltr'><strong>an</strong></span> <span class='ocrx_word' id='word_1_226' title='bbox 2862 1674 3009 1725; x_wconf 88' lang='lat' dir='ltr'><strong>eam,</strong></span> <span class='ocrx_word' id='word_1_227' title='bbox 3037 1675 3199 1730; x_wconf 88' lang='lat' dir='ltr'><strong>quam</strong></span> <span class='ocrx_word' id='word_1_228' title='bbox 3249 1677 3347 1717; x_wconf 87' lang='lat' dir='ltr'><strong>nos</strong></span> <span class='ocrx_word' id='word_1_229' title='bbox 3374 1678 3521 1733; x_wconf 82' lang='lat' dir='ltr'><strong>quo-</strong></span> 
     </span>
    </p>
   </div>
   <div class='ocr_carea' id='block_1_30' title="bbox 266 1746 1838 1824">
    <p class='ocr_par' dir='ltr' id='par_1_30' title="bbox 266 1746 1838 1824">
     <span class='ocr_line' id='line_1_30' title="bbox 266 1746 1838 1824; baseline -0.008 -13"><span class='ocrx_word' id='word_1_230' title='bbox 266 1761 297 1811; x_wconf 85' lang='grc' dir='ltr'><strong>ὁ</strong></span> <span class='ocrx_word' id='word_1_231' title='bbox 323 1755 563 1821; x_wconf 75' lang='grc' dir='ltr'>δοξάζων</span> <span class='ocrx_word' id='word_1_232' title='bbox 606 1769 675 1824; x_wconf 61' lang='grc' dir='ltr'><strong>με</strong></span> <span class='ocrx_word' id='word_1_233' title='bbox 694 1769 708 1783; x_wconf 91' lang='grc'><strong>·</strong></span> <span class='ocrx_word' id='word_1_234' title='bbox 747 1771 767 1804; x_wconf 73' lang='grc' dir='ltr'><strong>ι</strong></span> <span class='ocrx_word' id='word_1_235' title='bbox 797 1751 892 1804; x_wconf 70' lang='grc' dir='ltr'><strong>καὶ</strong></span> <span class='ocrx_word' id='word_1_236' title='bbox 920 1749 1084 1804; x_wconf 84' lang='grc' dir='ltr'>πάλιν</span> <span class='ocrx_word' id='word_1_237' title='bbox 1112 1748 1220 1803; x_wconf 79' lang='grc' dir='ltr'><strong>ἀπὸ</strong></span> <span class='ocrx_word' id='word_1_238' title='bbox 1250 1748 1344 1802; x_wconf 78' lang='grc' dir='ltr'><strong>τοῦ</strong></span> <span class='ocrx_word' id='word_1_239' title='bbox 1374 1747 1588 1817; x_wconf 85' lang='grc' dir='ltr'>Πατρός</span> <span class='ocrx_word' id='word_1_240' title='bbox 1607 1764 1622 1777; x_wconf 89' lang='grc'><strong>·</strong></span> <span class='ocrx_word' id='word_1_241' title='bbox 1670 1766 1689 1797; x_wconf 72' lang='grc' dir='ltr'><strong>ι</strong></span> <span class='ocrx_word' id='word_1_242' title='bbox 1740 1746 1838 1799; x_wconf 79' lang='grc' dir='ltr'><strong>Καὶ</strong></span> 
     </span>
    </p>
   </div>
   <div class='ocr_carea' id='block_1_31' title="bbox 1941 1746 3520 1824">
    <p class='ocr_par' dir='ltr' id='par_1_31' title="bbox 1945 1746 3520 1816">
     <span class='ocr_line' id='line_1_31' title="bbox 1945 1746 3520 1816; baseline 0.005 -16"><span class='ocrx_word' id='word_1_243' title='bbox 1945 1762 2051 1816; x_wconf 88' lang='lat' dir='ltr'><strong>que</strong></span> <span class='ocrx_word' id='word_1_244' title='bbox 2077 1746 2190 1802; x_wconf 90' lang='lat' dir='ltr'><strong>Deo</strong></span> <span class='ocrx_word' id='word_1_245' title='bbox 2215 1747 2540 1803; x_wconf 79' lang='lat' dir='ltr'><strong>referimus?</strong></span> <span class='ocrx_word' id='word_1_246' title='bbox 2574 1748 2722 1811; x_wconf 85' lang='lat' dir='ltr'><strong>Esto,</strong></span> <span class='ocrx_word' id='word_1_247' title='bbox 2773 1765 2888 1805; x_wconf 91' lang='lat' dir='ltr'><strong>rem</strong></span> <span class='ocrx_word' id='word_1_248' title='bbox 2929 1752 3001 1806; x_wconf 89' lang='lat' dir='ltr'><strong>ita</strong></span> <span class='ocrx_word' id='word_1_249' title='bbox 3049 1767 3109 1807; x_wconf 90' lang='lat' dir='ltr'><strong>se</strong></span> <span class='ocrx_word' id='word_1_250' title='bbox 3151 1753 3352 1809; x_wconf 84' lang='lat' dir='ltr'><strong>habere</strong></span> <span class='ocrx_word' id='word_1_251' title='bbox 3387 1769 3520 1810; x_wconf 89' lang='lat' dir='ltr'><strong>con-</strong></span> 
     </span>
    </p>
   </div>
   <div class='ocr_carea' id='block_1_32' title="bbox 269 1835 1838 1914">
    <p class='ocr_par' dir='ltr' id='par_1_32' title="bbox 269 1835 1838 1914">
     <span class='ocr_line' id='line_1_32' title="bbox 269 1835 1838 1914; baseline -0.007 -11"><span class='ocrx_word' id='word_1_252' title='bbox 269 1848 517 1914; x_wconf 79' lang='grc' dir='ltr'>ἐδόξασα,</span> <span class='ocrx_word' id='word_1_253' title='bbox 555 1845 652 1899; x_wconf 80' lang='grc' dir='ltr'><strong>καὶ</strong></span> <span class='ocrx_word' id='word_1_254' title='bbox 694 1843 859 1898; x_wconf 73' lang='grc' dir='ltr'>πάλιν</span> <span class='ocrx_word' id='word_1_255' title='bbox 888 1841 1114 1906; x_wconf 81' lang='grc' dir='ltr'>δοξάσω.</span> <span class='ocrx_word' id='word_1_256' title='bbox 1156 1860 1175 1894; x_wconf 74' lang='grc' dir='ltr'><strong>ι</strong></span> <span class='ocrx_word' id='word_1_257' title='bbox 1223 1840 1363 1893; x_wconf 83' lang='grc' dir='ltr'>Ἀλλ’</span> <span class='ocrx_word' id='word_1_258' title='bbox 1387 1835 1498 1912; x_wconf 77' lang='grc' dir='ltr'>ἄρα</span> <span class='ocrx_word' id='word_1_259' title='bbox 1540 1840 1662 1893; x_wconf 75' lang='grc' dir='ltr'><strong>καθ’</strong></span> <span class='ocrx_word' id='word_1_260' title='bbox 1693 1839 1723 1893; x_wconf 83' lang='grc' dir='ltr'><strong>ὃ</strong></span> <span class='ocrx_word' id='word_1_261' title='bbox 1759 1839 1838 1892; x_wconf 79' lang='grc' dir='ltr'>δο-</span> 
     </span>
    </p>
   </div>
   <div class='ocr_carea' id='block_1_33' title="bbox 1941 1835 3519 1914">
    <p class='ocr_par' dir='ltr' id='par_1_33' title="bbox 1945 1839 3519 1914">
     <span class='ocr_line' id='line_1_33' title="bbox 1945 1839 3519 1914; baseline 0.006 -21"><span class='ocrx_word' id='word_1_262' title='bbox 1945 1840 2220 1903; x_wconf 88' lang='lat' dir='ltr'><strong>cedamus,</strong></span> <span class='ocrx_word' id='word_1_263' title='bbox 2250 1839 2352 1894; x_wconf 88' lang='lat' dir='ltr'><strong>etsi</strong></span> <span class='ocrx_word' id='word_1_264' title='bbox 2379 1853 2564 1894; x_wconf 81' lang='lat' dir='ltr'><strong>revera</strong></span> <span class='ocrx_word' id='word_1_265' title='bbox 2589 1856 2695 1894; x_wconf 89' lang='lat' dir='ltr'><strong>non</strong></span> <span class='ocrx_word' id='word_1_266' title='bbox 2720 1840 2792 1895; x_wconf 89' lang='lat' dir='ltr'><strong>ita</strong></span> <span class='ocrx_word' id='word_1_267' title='bbox 2824 1857 2884 1898; x_wconf 89' lang='lat' dir='ltr'><strong>se</strong></span> <span class='ocrx_word' id='word_1_268' title='bbox 2916 1843 3132 1898; x_wconf 80' lang='lat' dir='ltr'><strong>habeat.</strong></span> <span class='ocrx_word' id='word_1_269' title='bbox 3166 1844 3276 1900; x_wconf 92' lang='lat' dir='ltr'><strong>Cur</strong></span> <span class='ocrx_word' id='word_1_270' title='bbox 3304 1860 3436 1914; x_wconf 73' lang='lat' dir='ltr'><strong>ergo</strong></span> <span class='ocrx_word' id='word_1_271' title='bbox 3463 1858 3519 1902; x_wconf 82' lang='lat' dir='ltr'><strong>et</strong></span> 
     </span>
    </p>
   </div>
   <div class='ocr_carea' id='block_1_34' title="bbox 269 1905 1838 2007">
    <p class='ocr_par' dir='ltr' id='par_1_34' title="bbox 269 1905 1838 2005">
     <span class='ocr_line' id='line_1_34' title="bbox 269 1905 1838 2005; baseline -0.006 -13"><span class='ocrx_word' id='word_1_272' title='bbox 269 1905 594 2005; x_wconf 42' lang='lat' dir='ltr'><strong>EdCstat&#39;rb</strong></span> <span class='ocrx_word' id='word_1_273' title='bbox 633 1933 861 1987; x_wconf 77' lang='grc' dir='ltr'>ἔλαττον</span> <span class='ocrx_word' id='word_1_274' title='bbox 892 1905 1001 1986; x_wconf 66' lang='grc' dir='ltr'>ὓτιδ</span> <span class='ocrx_word' id='word_1_275' title='bbox 1048 1930 1142 1985; x_wconf 80' lang='grc' dir='ltr'>τοῦ</span> <span class='ocrx_word' id='word_1_276' title='bbox 1185 1905 1525 2001; x_wconf 73' lang='grc' dir='ltr'>κρείττονοςς</span> <span class='ocrx_word' id='word_1_277' title='bbox 1574 1929 1687 1984; x_wconf 69' lang='grc' dir='ltr'><strong>Καὶ</strong></span> <span class='ocrx_word' id='word_1_278' title='bbox 1724 1930 1838 1994; x_wconf 82' lang='grc' dir='ltr'><strong>πῶς</strong></span> 
     </span>
    </p>
   </div>
   <div class='ocr_carea' id='block_1_35' title="bbox 1941 1905 3520 2007">
    <p class='ocr_par' dir='ltr' id='par_1_35' title="bbox 1945 1905 3520 2007">
     <span class='ocr_line' id='line_1_35' title="bbox 1945 1905 3520 2007; baseline 0.006 -21"><span class='ocrx_word' id='word_1_279' title='bbox 1945 1939 2277 1994; x_wconf 86' lang='lat' dir='ltr'><strong>creaturam,</strong></span> <span class='ocrx_word' id='word_1_280' title='bbox 2311 1939 2367 1987; x_wconf 90' lang='lat' dir='ltr'><strong>et</strong></span> <span class='ocrx_word' id='word_1_281' title='bbox 2402 1932 2665 1987; x_wconf 89' lang='lat' dir='ltr'><strong>minorem</strong></span> <span class='ocrx_word' id='word_1_282' title='bbox 2696 1934 2882 1990; x_wconf 88' lang='lat' dir='ltr'><strong>dicunt</strong></span> <span class='ocrx_word' id='word_1_283' title='bbox 2924 1935 3118 1991; x_wconf 86' lang='lat' dir='ltr'><strong>Filium</strong></span> <span class='ocrx_word' id='word_1_284' title='bbox 3141 1977 3156 2001; x_wconf 86' lang='lat'><strong>,</strong></span> <span class='ocrx_word' id='word_1_285' title='bbox 3180 1938 3272 2007; x_wconf 88' lang='lat' dir='ltr'><strong>qui</strong></span> <span class='ocrx_word' id='word_1_286' title='bbox 3299 1905 3520 2007; x_wconf 16' lang='lat' dir='ltr'><strong>ab‘iipso</strong></span> 
     </span>
    </p>
   </div>
   <div class='ocr_carea' id='block_1_36' title="bbox 266 2022 1838 2102">
    <p class='ocr_par' dir='ltr' id='par_1_36' title="bbox 266 2022 1838 2102">
     <span class='ocr_line' id='line_1_36' title="bbox 266 2022 1838 2102; baseline -0.006 -18"><span class='ocrx_word' id='word_1_287' title='bbox 266 2031 366 2102; x_wconf 85' lang='grc' dir='ltr'>τὴν</span> <span class='ocrx_word' id='word_1_288' title='bbox 436 2027 705 2097; x_wconf 81' lang='grc' dir='ltr'>ἰσοτιμίαν</span> <span class='ocrx_word' id='word_1_289' title='bbox 747 2024 925 2096; x_wconf 76' lang='grc' dir='ltr'>ἐαυτῷ</span> <span class='ocrx_word' id='word_1_290' title='bbox 973 2022 1207 2094; x_wconf 76' lang='grc' dir='ltr'><strong>ἐφύλαξε</strong></span> <span class='ocrx_word' id='word_1_291' title='bbox 1244 2022 1334 2077; x_wconf 82' lang='grc' dir='ltr'>διὰ</span> <span class='ocrx_word' id='word_1_292' title='bbox 1379 2022 1496 2086; x_wconf 84' lang='grc' dir='ltr'>τοῦ,</span> <span class='ocrx_word' id='word_1_293' title='bbox 1551 2041 1571 2073; x_wconf 76' lang='grc' dir='ltr'><strong>ι</strong></span> <span class='ocrx_word' id='word_1_294' title='bbox 1610 2022 1838 2086; x_wconf 81' lang='grc' dir='ltr'>Δόξασον</span> 
     </span>
    </p>
   </div>
   <div class='ocr_carea' id='block_1_37' title="bbox 1941 2022 3520 2102">
    <p class='ocr_par' dir='ltr' id='par_1_37' title="bbox 1946 2023 3520 2101">
     <span class='ocr_line' id='line_1_37' title="bbox 1946 2023 3520 2101; baseline 0.006 -23"><span class='ocrx_word' id='word_1_295' title='bbox 1946 2024 2108 2078; x_wconf 84' lang='lat' dir='ltr'><strong>Patre</strong></span> <span class='ocrx_word' id='word_1_296' title='bbox 2135 2023 2513 2093; x_wconf 77' lang='lat' dir='ltr'><strong>gloriﬁcatur?</strong></span> <span class='ocrx_word' id='word_1_297' title='bbox 2542 2024 2674 2079; x_wconf 88' lang='lat' dir='ltr'><strong>Nam</strong></span> <span class='ocrx_word' id='word_1_298' title='bbox 2727 2027 2780 2080; x_wconf 90' lang='lat' dir='ltr'><strong>in</strong></span> <span class='ocrx_word' id='word_1_299' title='bbox 2832 2027 3020 2083; x_wconf 90' lang='lat' dir='ltr'><strong>eodem</strong></span> <span class='ocrx_word' id='word_1_300' title='bbox 3069 2028 3361 2101; x_wconf 84' lang='lat' dir='ltr'><strong>Evangelio</strong></span> <span class='ocrx_word' id='word_1_301' title='bbox 3383 2031 3520 2087; x_wconf 76' lang='lat' dir='ltr'><strong>dixit</strong></span> 
     </span>
    </p>
   </div>
   <div class='ocr_carea' id='block_1_38' title="bbox 266 2112 1838 2187">
    <p class='ocr_par' dir='ltr' id='par_1_38' title="bbox 266 2112 1838 2185">
     <span class='ocr_line' id='line_1_38' title="bbox 266 2112 1838 2185; baseline -0.008 -9"><span class='ocrx_word' id='word_1_302' title='bbox 266 2123 357 2176; x_wconf 83' lang='grc' dir='ltr'>τὸν</span> <span class='ocrx_word' id='word_1_303' title='bbox 409 2120 552 2184; x_wconf 79' lang='grc' dir='ltr'>Υἱὸν,</span> <span class='ocrx_word' id='word_1_304' title='bbox 587 2119 676 2171; x_wconf 83' lang='grc' dir='ltr'><strong>ἴνα</strong></span> <span class='ocrx_word' id='word_1_305' title='bbox 707 2117 804 2170; x_wconf 80' lang='grc' dir='ltr'>καὶ</span> <span class='ocrx_word' id='word_1_306' title='bbox 852 2116 979 2178; x_wconf 80' lang='grc' dir='ltr'><strong>Υἱὸς</strong></span> <span class='ocrx_word' id='word_1_307' title='bbox 1020 2113 1220 2185; x_wconf 79' lang='grc' dir='ltr'>δοξάσῃ</span> <span class='ocrx_word' id='word_1_308' title='bbox 1262 2129 1361 2170; x_wconf 70' lang='grc' dir='ltr'>σεξ</span> <span class='ocrx_word' id='word_1_309' title='bbox 1410 2131 1431 2167; x_wconf 72' lang='grc' dir='ltr'><strong>ι</strong></span> <span class='ocrx_word' id='word_1_310' title='bbox 1478 2112 1617 2166; x_wconf 79' lang='grc' dir='ltr'>Ἀλλ’</span> <span class='ocrx_word' id='word_1_311' title='bbox 1646 2112 1838 2183; x_wconf 77' lang='grc' dir='ltr'>ἑτέραν</span> 
     </span>
    </p>
   </div>
   <div class='ocr_carea' id='block_1_39' title="bbox 1941 2112 3521 2187">
    <p class='ocr_par' dir='ltr' id='par_1_39' title="bbox 1945 2113 3521 2187">
     <span class='ocr_line' id='line_1_39' title="bbox 1945 2113 3521 2187; baseline 0.005 -18"><span class='ocrx_word' id='word_1_312' title='bbox 1945 2113 2234 2171; x_wconf 84' lang='lat' dir='ltr'><strong>Christus:</strong></span> <span class='ocrx_word' id='word_1_313' title='bbox 2264 2133 2284 2167; x_wconf 79' lang='grc' dir='ltr'><strong>ι</strong></span> <span class='ocrx_word' id='word_1_314' title='bbox 2321 2114 2481 2169; x_wconf 89' lang='lat' dir='ltr'><strong>Pater</strong></span> <span class='ocrx_word' id='word_1_315' title='bbox 2505 2115 2641 2187; x_wconf 85' lang='lat'><strong>(89),</strong></span> <span class='ocrx_word' id='word_1_316' title='bbox 2677 2117 2917 2187; x_wconf 80' lang='lat' dir='ltr'><strong>gloriﬁca</strong></span> <span class='ocrx_word' id='word_1_317' title='bbox 2958 2118 3152 2174; x_wconf 81' lang='lat' dir='ltr'><strong>Filium</strong></span> <span class='ocrx_word' id='word_1_318' title='bbox 3181 2130 3351 2186; x_wconf 89' lang='lat' dir='ltr'><strong>tuum,</strong></span> <span class='ocrx_word' id='word_1_319' title='bbox 3381 2134 3439 2177; x_wconf 87' lang='lat' dir='ltr'><strong>ut</strong></span> <span class='ocrx_word' id='word_1_320' title='bbox 3462 2134 3521 2177; x_wconf 89' lang='lat' dir='ltr'><strong>et</strong></span> 
     </span>
    </p>
   </div>
   <div class='ocr_carea' id='block_1_40' title="bbox 268 2204 1838 2285">
    <p class='ocr_par' dir='ltr' id='par_1_40' title="bbox 268 2204 1838 2285">
     <span class='ocr_line' id='line_1_40' title="bbox 268 2204 1838 2285; baseline -0.006 -17"><span class='ocrx_word' id='word_1_321' title='bbox 268 2212 597 2285; x_wconf 80' lang='grc' dir='ltr'>ὐποθὼμεθα</span> <span class='ocrx_word' id='word_1_322' title='bbox 637 2209 828 2275; x_wconf 76' lang='grc' dir='ltr'>δόξανς</span> <span class='ocrx_word' id='word_1_323' title='bbox 872 2207 963 2273; x_wconf 81' lang='grc' dir='ltr'>Ἐξ</span> <span class='ocrx_word' id='word_1_324' title='bbox 1000 2208 1102 2261; x_wconf 80' lang='grc' dir='ltr'><strong>οὐκ</strong></span> <span class='ocrx_word' id='word_1_325' title='bbox 1126 2206 1298 2261; x_wconf 71' lang='grc' dir='ltr'>ὄντων</span> <span class='ocrx_word' id='word_1_326' title='bbox 1333 2204 1474 2277; x_wconf 71' lang='grc' dir='ltr'>αὕτη</span> <span class='ocrx_word' id='word_1_327' title='bbox 1507 2206 1838 2277; x_wconf 82' lang='grc' dir='ltr'>εὑρίσκεται.</span> 
     </span>
    </p>
   </div>
   <div class='ocr_carea' id='block_1_41' title="bbox 1941 2204 3520 2285">
    <p class='ocr_par' dir='ltr' id='par_1_41' title="bbox 1948 2206 3520 2285">
     <span class='ocr_line' id='line_1_41' title="bbox 1948 2206 3520 2285; baseline 0.004 -24"><span class='ocrx_word' id='word_1_328' title='bbox 1948 2206 2121 2262; x_wconf 91' lang='lat' dir='ltr'><strong>Filius</strong></span> <span class='ocrx_word' id='word_1_329' title='bbox 2161 2216 2284 2261; x_wconf 90' lang='lat' dir='ltr'><strong>tuus</strong></span> <span class='ocrx_word' id='word_1_330' title='bbox 2315 2207 2581 2278; x_wconf 82' lang='lat' dir='ltr'><strong>gloriﬁcet</strong></span> <span class='ocrx_word' id='word_1_331' title='bbox 2611 2219 2698 2276; x_wconf 89' lang='lat' dir='ltr'><strong>te;</strong></span> <span class='ocrx_word' id='word_1_332' title='bbox 2727 2229 2747 2263; x_wconf 75' lang='grc' dir='ltr'><strong>ι</strong></span> <span class='ocrx_word' id='word_1_333' title='bbox 2809 2220 2864 2266; x_wconf 88' lang='grc' dir='ltr'><strong>ει</strong></span> <span class='ocrx_word' id='word_1_334' title='bbox 2925 2228 3151 2268; x_wconf 89' lang='lat' dir='ltr'><strong>rursus:</strong></span> <span class='ocrx_word' id='word_1_335' title='bbox 3213 2232 3232 2267; x_wconf 83' lang='grc' dir='ltr'><strong>ι</strong></span> <span class='ocrx_word' id='word_1_336' title='bbox 3263 2215 3321 2268; x_wconf 89' lang='lat' dir='ltr'><strong>Si</strong></span> <span class='ocrx_word' id='word_1_337' title='bbox 3356 2211 3520 2285; x_wconf 80' lang='lat' dir='ltr'><strong>glori-</strong></span> 
     </span>
    </p>
   </div>
   <div class='ocr_carea' id='block_1_42' title="bbox 267 2297 1838 2379">
    <p class='ocr_par' dir='ltr' id='par_1_42' title="bbox 267 2297 1838 2373">
     <span class='ocr_line' id='line_1_42' title="bbox 267 2297 1838 2373; baseline -0.004 -14"><span class='ocrx_word' id='word_1_338' title='bbox 267 2306 378 2359; x_wconf 74' lang='grc' dir='ltr'><strong>Καὶ</strong></span> <span class='ocrx_word' id='word_1_339' title='bbox 417 2305 571 2357; x_wconf 82' lang='grc' dir='ltr'>ποῖον</span> <span class='ocrx_word' id='word_1_340' title='bbox 621 2302 735 2373; x_wconf 78' lang='grc' dir='ltr'>ἔχει</span> <span class='ocrx_word' id='word_1_341' title='bbox 768 2301 928 2369; x_wconf 87' lang='grc' dir='ltr'>λόγον</span> <span class='ocrx_word' id='word_1_342' title='bbox 970 2298 1061 2352; x_wconf 91' lang='grc' dir='ltr'><strong>τόν</strong></span> <span class='ocrx_word' id='word_1_343' title='bbox 1112 2315 1172 2351; x_wconf 83' lang='grc' dir='ltr'><strong>τε</strong></span> <span class='ocrx_word' id='word_1_344' title='bbox 1220 2297 1444 2371; x_wconf 80' lang='grc' dir='ltr'>Πατέρα</span> <span class='ocrx_word' id='word_1_345' title='bbox 1491 2298 1586 2352; x_wconf 84' lang='grc' dir='ltr'><strong>τόν</strong></span> <span class='ocrx_word' id='word_1_346' title='bbox 1611 2315 1673 2352; x_wconf 79' lang='grc' dir='ltr'><strong>τε</strong></span> <span class='ocrx_word' id='word_1_347' title='bbox 1712 2297 1838 2353; x_wconf 83' lang='grc' dir='ltr'>Υἰδν</span> 
     </span>
    </p>
   </div>
   <div class='ocr_carea' id='block_1_43' title="bbox 1941 2297 3509 2379">
    <p class='ocr_par' dir='ltr' id='par_1_43' title="bbox 1953 2298 3509 2379">
     <span class='ocr_line' id='line_1_43' title="bbox 1953 2298 3509 2379; baseline 0.007 -28"><span class='ocrx_word' id='word_1_348' title='bbox 1953 2298 2054 2352; x_wconf 85' lang='lat' dir='ltr'><strong>lico</strong></span> <span class='ocrx_word' id='word_1_349' title='bbox 2078 2298 2192 2370; x_wconf 84' lang='lat'><strong>(90)</strong></span> <span class='ocrx_word' id='word_1_350' title='bbox 2221 2300 2507 2370; x_wconf 90' lang='lat' dir='ltr'><strong>meipsum,</strong></span> <span class='ocrx_word' id='word_1_351' title='bbox 2558 2301 2728 2370; x_wconf 78' lang='lat' dir='ltr'><strong>gloria</strong></span> <span class='ocrx_word' id='word_1_352' title='bbox 2788 2318 2904 2359; x_wconf 89' lang='lat' dir='ltr'><strong>mea</strong></span> <span class='ocrx_word' id='word_1_353' title='bbox 2960 2305 3094 2360; x_wconf 83' lang='lat' dir='ltr'><strong>nihil</strong></span> <span class='ocrx_word' id='word_1_354' title='bbox 3131 2315 3216 2363; x_wconf 82' lang='lat' dir='ltr'><strong>est</strong></span> <span class='ocrx_word' id='word_1_355' title='bbox 3241 2307 3509 2379; x_wconf 78' lang='lat' dir='ltr'><strong>(9i):cst</strong></span> 
     </span>
    </p>
   </div>
   <div class='ocr_carea' id='block_1_44' title="bbox 266 2382 1838 2470">
    <p class='ocr_par' dir='ltr' id='par_1_44' title="bbox 266 2382 1535 2468">
     <span class='ocr_line' id='line_1_44' title="bbox 266 2382 1535 2468; baseline -0.002 -22"><span class='ocrx_word' id='word_1_356' title='bbox 266 2399 462 2468; x_wconf 79' lang='grc' dir='ltr'>ποιητῇ</span> <span class='ocrx_word' id='word_1_357' title='bbox 492 2395 619 2466; x_wconf 82' lang='grc' dir='ltr'>δόξη</span> <span class='ocrx_word' id='word_1_358' title='bbox 644 2392 788 2448; x_wconf 83' lang='grc' dir='ltr'>κατὰ</span> <span class='ocrx_word' id='word_1_359' title='bbox 810 2393 1000 2457; x_wconf 83' lang='grc' dir='ltr'>νοητὸν</span> <span class='ocrx_word' id='word_1_360' title='bbox 1022 2388 1374 2456; x_wconf 76' lang='grc' dir='ltr'>δοξάζεσθαις</span> <span class='ocrx_word' id='word_1_361' title='bbox 1526 2382 1535 2390; x_wconf 76' lang='grc'><em>’</em></span> 
     </span>
    </p>
   </div>
   <div class='ocr_carea' id='block_1_45' title="bbox 1941 2382 3519 2470">
    <p class='ocr_par' dir='ltr' id='par_1_45' title="bbox 1950 2391 3519 2470">
     <span class='ocr_line' id='line_1_45' title="bbox 1950 2391 3519 2470; baseline 0.005 -25"><span class='ocrx_word' id='word_1_362' title='bbox 1950 2391 2113 2447; x_wconf 88' lang='lat' dir='ltr'><strong>Pater</strong></span> <span class='ocrx_word' id='word_1_363' title='bbox 2144 2407 2300 2449; x_wconf 83' lang='lat' dir='ltr'><strong>meus</strong></span> <span class='ocrx_word' id='word_1_364' title='bbox 2340 2394 2430 2462; x_wconf 90' lang='lat' dir='ltr'><strong>qui</strong></span> <span class='ocrx_word' id='word_1_365' title='bbox 2484 2393 2747 2465; x_wconf 81' lang='lat' dir='ltr'><strong>gloriﬁcat</strong></span> <span class='ocrx_word' id='word_1_366' title='bbox 2798 2411 2922 2463; x_wconf 90' lang='lat' dir='ltr'><strong>me;</strong></span> <span class='ocrx_word' id='word_1_367' title='bbox 2953 2416 2972 2450; x_wconf 74' lang='grc' dir='ltr'><strong>ι</strong></span> <span class='ocrx_word' id='word_1_368' title='bbox 3006 2406 3057 2452; x_wconf 87' lang='grc' dir='ltr'><strong>ει</strong></span> <span class='ocrx_word' id='word_1_369' title='bbox 3086 2414 3275 2455; x_wconf 90' lang='lat' dir='ltr'><strong>rursus</strong></span> <span class='ocrx_word' id='word_1_370' title='bbox 3303 2414 3369 2455; x_wconf 78' lang='lat' dir='ltr'><strong>ex</strong></span> <span class='ocrx_word' id='word_1_371' title='bbox 3389 2414 3519 2470; x_wconf 89' lang='lat' dir='ltr'><strong>per-</strong></span> 
     </span>
    </p>
   </div>
   <div class='ocr_carea' id='block_1_46' title="bbox 282 2481 3515 2561">
    <p class='ocr_par' dir='ltr' id='par_1_46' title="bbox 282 2481 3515 2561">
     <span class='ocr_line' id='line_1_46' title="bbox 282 2481 3515 2561; baseline 0.001 -16"><span class='ocrx_word' id='word_1_372' title='bbox 282 2506 413 2545; x_wconf 88' lang='lat' dir='ltr'><strong>sona</strong></span> <span class='ocrx_word' id='word_1_373' title='bbox 447 2490 668 2544; x_wconf 86' lang='lat' dir='ltr'><strong>Patris:</strong></span> <span class='ocrx_word' id='word_1_374' title='bbox 707 2506 726 2539; x_wconf 82' lang='grc' dir='ltr'><strong>ι</strong></span> <span class='ocrx_word' id='word_1_375' title='bbox 758 2485 826 2541; x_wconf 84' lang='grc' dir='ltr'>Ει</span> <span class='ocrx_word' id='word_1_376' title='bbox 854 2484 1147 2554; x_wconf 79' lang='lat' dir='ltr'><strong>glorificavi</strong></span> <span class='ocrx_word' id='word_1_377' title='bbox 1191 2483 1330 2555; x_wconf 69' lang='grc'><strong>(92),</strong></span> <span class='ocrx_word' id='word_1_378' title='bbox 1382 2492 1441 2539; x_wconf 86' lang='grc' dir='ltr'><strong>ει</strong></span> <span class='ocrx_word' id='word_1_379' title='bbox 1508 2498 1697 2537; x_wconf 86' lang='lat' dir='ltr'><strong>rursus</strong></span> <span class='ocrx_word' id='word_1_380' title='bbox 1761 2481 2094 2553; x_wconf 81' lang='lat' dir='ltr'><strong>gloriﬁcabo.</strong></span> <span class='ocrx_word' id='word_1_381' title='bbox 2132 2504 2150 2536; x_wconf 73' lang='grc' dir='ltr'><strong>ι</strong></span> <span class='ocrx_word' id='word_1_382' title='bbox 2189 2484 2296 2542; x_wconf 86' lang='lat' dir='ltr'><strong>Sed</strong></span> <span class='ocrx_word' id='word_1_383' title='bbox 2322 2488 2616 2542; x_wconf 86' lang='lat' dir='ltr'><strong>secundum</strong></span> <span class='ocrx_word' id='word_1_384' title='bbox 2677 2488 2933 2559; x_wconf 86' lang='lat' dir='ltr'><strong>quidnam</strong></span> <span class='ocrx_word' id='word_1_385' title='bbox 2977 2491 3312 2561; x_wconf 83' lang='lat' dir='ltr'><strong>gloriﬁcatur</strong></span> <span class='ocrx_word' id='word_1_386' title='bbox 3380 2494 3515 2547; x_wconf 79' lang='lat' dir='ltr'><strong>infc-</strong></span> 
     </span>
    </p>
   </div>
   <div class='ocr_carea' id='block_1_47' title="bbox 269 2577 3514 2652">
    <p class='ocr_par' dir='ltr' id='par_1_47' title="bbox 269 2577 3514 2652">
     <span class='ocr_line' id='line_1_47' title="bbox 269 2577 3514 2652; baseline 0.002 -15"><span class='ocrx_word' id='word_1_387' title='bbox 269 2586 378 2639; x_wconf 88' lang='lat' dir='ltr'><strong>rior</strong></span> <span class='ocrx_word' id='word_1_388' title='bbox 404 2600 432 2638; x_wconf 89' lang='lat' dir='ltr'><strong>a</strong></span> <span class='ocrx_word' id='word_1_389' title='bbox 460 2583 771 2652; x_wconf 74' lang='lat' dir='ltr'><strong>superiore?</strong></span> <span class='ocrx_word' id='word_1_390' title='bbox 804 2580 871 2634; x_wconf 87' lang='lat' dir='ltr'><strong>Et</strong></span> <span class='ocrx_word' id='word_1_391' title='bbox 897 2579 1167 2650; x_wconf 89' lang='lat' dir='ltr'><strong>quomodo</strong></span> <span class='ocrx_word' id='word_1_392' title='bbox 1212 2586 1430 2632; x_wconf 83' lang='lat' dir='ltr'><strong>servata</strong></span> <span class='ocrx_word' id='word_1_393' title='bbox 1479 2577 1583 2631; x_wconf 94' lang='lat' dir='ltr'><strong>sibi</strong></span> <span class='ocrx_word' id='word_1_394' title='bbox 1615 2577 1836 2632; x_wconf 87' lang='lat' dir='ltr'><strong>honoris</strong></span> <span class='ocrx_word' id='word_1_395' title='bbox 1873 2579 2181 2648; x_wconf 79' lang='lat' dir='ltr'><strong>aequalitate</strong></span> <span class='ocrx_word' id='word_1_396' title='bbox 2209 2578 2290 2634; x_wconf 89' lang='lat' dir='ltr'><strong>sic</strong></span> <span class='ocrx_word' id='word_1_397' title='bbox 2315 2578 2525 2634; x_wconf 90' lang='lat' dir='ltr'><strong>locutus</strong></span> <span class='ocrx_word' id='word_1_398' title='bbox 2557 2590 2660 2645; x_wconf 86' lang='lat' dir='ltr'><strong>est,</strong></span> <span class='ocrx_word' id='word_1_399' title='bbox 2720 2600 2741 2633; x_wconf 85' lang='grc'><strong>‹</strong></span> <span class='ocrx_word' id='word_1_400' title='bbox 2778 2579 3035 2640; x_wconf 84' lang='lat' dir='ltr'><strong>Gloriﬁca</strong></span> <span class='ocrx_word' id='word_1_401' title='bbox 3095 2586 3312 2652; x_wconf 87' lang='lat' dir='ltr'><strong>Filium,</strong></span> <span class='ocrx_word' id='word_1_402' title='bbox 3367 2598 3425 2642; x_wconf 88' lang='lat' dir='ltr'><strong>ut</strong></span> <span class='ocrx_word' id='word_1_403' title='bbox 3457 2600 3514 2643; x_wconf 85' lang='lat' dir='ltr'><strong>et</strong></span> 
     </span>
    </p>
   </div>
   <div class='ocr_carea' id='block_1_48' title="bbox 264 2668 3521 2748">
    <p class='ocr_par' dir='ltr' id='par_1_48' title="bbox 264 2668 3521 2748">
     <span class='ocr_line' id='line_1_48' title="bbox 264 2668 3521 2748; baseline -0 -15"><span class='ocrx_word' id='word_1_404' title='bbox 264 2678 435 2733; x_wconf 83' lang='lat' dir='ltr'><strong>Filius</strong></span> <span class='ocrx_word' id='word_1_405' title='bbox 462 2676 724 2748; x_wconf 81' lang='lat' dir='ltr'><strong>gloriﬁcet</strong></span> <span class='ocrx_word' id='word_1_406' title='bbox 750 2674 842 2730; x_wconf 85' lang='lat' dir='ltr'><strong>te?</strong></span> <span class='ocrx_word' id='word_1_407' title='bbox 871 2693 889 2724; x_wconf 74' lang='grc' dir='ltr'><strong>ο</strong></span> <span class='ocrx_word' id='word_1_408' title='bbox 918 2672 1023 2727; x_wconf 88' lang='lat' dir='ltr'><strong>Sed</strong></span> <span class='ocrx_word' id='word_1_409' title='bbox 1051 2671 1119 2726; x_wconf 84' lang='lat' dir='ltr'><strong>de</strong></span> <span class='ocrx_word' id='word_1_410' title='bbox 1156 2669 1261 2725; x_wconf 86' lang='lat' dir='ltr'><strong>alia</strong></span> <span class='ocrx_word' id='word_1_411' title='bbox 1312 2668 1487 2741; x_wconf 81' lang='lat' dir='ltr'><strong>gloria</strong></span> <span class='ocrx_word' id='word_1_412' title='bbox 1532 2682 1839 2725; x_wconf 89' lang='lat' dir='ltr'><strong>sermonem</strong></span> <span class='ocrx_word' id='word_1_413' title='bbox 1878 2669 1949 2723; x_wconf 91' lang='lat' dir='ltr'><strong>ibi</strong></span> <span class='ocrx_word' id='word_1_414' title='bbox 1976 2683 2096 2727; x_wconf 81' lang='lat' dir='ltr'><strong>esse</strong></span> <span class='ocrx_word' id='word_1_415' title='bbox 2119 2684 2382 2739; x_wconf 87' lang='lat' dir='ltr'><strong>ponamus</strong></span> <span class='ocrx_word' id='word_1_416' title='bbox 2411 2669 2545 2742; x_wconf 82' lang='grc'><strong>(95).</strong></span> <span class='ocrx_word' id='word_1_417' title='bbox 2576 2671 2649 2725; x_wconf 84' lang='lat' dir='ltr'><strong>Ex</strong></span> <span class='ocrx_word' id='word_1_418' title='bbox 2705 2672 2873 2728; x_wconf 84' lang='lat' dir='ltr'><strong>nihilo</strong></span> <span class='ocrx_word' id='word_1_419' title='bbox 2910 2676 3051 2731; x_wconf 88' lang='lat' dir='ltr'><strong>hanc</strong></span> <span class='ocrx_word' id='word_1_420' title='bbox 3123 2691 3245 2732; x_wconf 89' lang='lat' dir='ltr'><strong>esse</strong></span> <span class='ocrx_word' id='word_1_421' title='bbox 3307 2678 3521 2738; x_wconf 85' lang='lat' dir='ltr'><strong>inveni-</strong></span> 
     </span>
    </p>
   </div>
   <div class='ocr_carea' id='block_1_49' title="bbox 265 2763 3520 2841">
    <p class='ocr_par' dir='ltr' id='par_1_49' title="bbox 265 2763 3520 2841">
     <span class='ocr_line' id='line_1_49' title="bbox 265 2763 3520 2841; baseline -0.001 -12"><span class='ocrx_word' id='word_1_422' title='bbox 265 2790 406 2829; x_wconf 81' lang='lat' dir='ltr'><strong>mus.</strong></span> <span class='ocrx_word' id='word_1_423' title='bbox 433 2773 701 2839; x_wconf 86' lang='lat' dir='ltr'><strong>Quidnam</strong></span> <span class='ocrx_word' id='word_1_424' title='bbox 733 2784 863 2825; x_wconf 91' lang='lat' dir='ltr'><strong>vero</strong></span> <span class='ocrx_word' id='word_1_425' title='bbox 895 2767 996 2824; x_wconf 88' lang='lat' dir='ltr'><strong>sibi</strong></span> <span class='ocrx_word' id='word_1_426' title='bbox 1023 2768 1127 2822; x_wconf 91' lang='lat' dir='ltr'><strong>hoc</strong></span> <span class='ocrx_word' id='word_1_427' title='bbox 1154 2766 1289 2832; x_wconf 87' lang='lat' dir='ltr'><strong>vult,</strong></span> <span class='ocrx_word' id='word_1_428' title='bbox 1314 2763 1462 2835; x_wconf 90' lang='lat' dir='ltr'><strong>quod</strong></span> <span class='ocrx_word' id='word_1_429' title='bbox 1519 2772 1576 2820; x_wconf 89' lang='lat' dir='ltr'><strong>et</strong></span> <span class='ocrx_word' id='word_1_430' title='bbox 1624 2764 1790 2819; x_wconf 85' lang='lat' dir='ltr'><strong>Pater</strong></span> <span class='ocrx_word' id='word_1_431' title='bbox 1854 2773 1911 2821; x_wconf 89' lang='lat' dir='ltr'><strong>et</strong></span> <span class='ocrx_word' id='word_1_432' title='bbox 1948 2764 2116 2821; x_wconf 85' lang='lat' dir='ltr'><strong>Filius</strong></span> <span class='ocrx_word' id='word_1_433' title='bbox 2147 2773 2330 2821; x_wconf 86' lang='lat' dir='ltr'><strong>creata</strong></span> <span class='ocrx_word' id='word_1_434' title='bbox 2387 2765 2559 2837; x_wconf 90' lang='lat' dir='ltr'><strong>gloria</strong></span> <span class='ocrx_word' id='word_1_435' title='bbox 2609 2780 2811 2823; x_wconf 88' lang='lat' dir='ltr'><strong>arcano</strong></span> <span class='ocrx_word' id='word_1_436' title='bbox 2868 2784 2931 2822; x_wconf 91' lang='lat' dir='ltr'><strong>ac</strong></span> <span class='ocrx_word' id='word_1_437' title='bbox 2964 2770 3195 2841; x_wconf 67' lang='grc' dir='ltr'><strong>πηγειίεο</strong></span> <span class='ocrx_word' id='word_1_438' title='bbox 3243 2773 3404 2827; x_wconf 85' lang='lat' dir='ltr'><strong>modo</strong></span> <span class='ocrx_word' id='word_1_439' title='bbox 3431 2786 3520 2826; x_wconf 83' lang='lat' dir='ltr'><strong>ac-</strong></span> 
     </span>
    </p>
   </div>
   <div class='ocr_carea' id='block_1_50' title="bbox 263 2861 811 2937">
    <p class='ocr_par' dir='ltr' id='par_1_50' title="bbox 263 2861 811 2937">
     <span class='ocr_line' id='line_1_50' title="bbox 263 2861 811 2937; baseline -0.011 -16"><span class='ocrx_word' id='word_1_440' title='bbox 263 2877 413 2937; x_wconf 83' lang='lat' dir='ltr'><strong>cepta</strong></span> <span class='ocrx_word' id='word_1_441' title='bbox 434 2864 766 2937; x_wconf 80' lang='lat' dir='ltr'><strong>gloriﬁcetur</strong></span> <span class='ocrx_word' id='word_1_442' title='bbox 783 2861 811 2916; x_wconf 65' lang='grc' dir='ltr'>ἲ</span> 
     </span>
    </p>
   </div>
   <div class='ocr_carea' id='block_1_51' title="bbox 887 2966 1838 3039">
    <p class='ocr_par' dir='ltr' id='par_1_51' title="bbox 887 2973 1232 3039">
     <span class='ocr_line' id='line_1_51' title="bbox 887 2973 1232 3039; baseline -0.006 -12"><span class='ocrx_word' id='word_1_443' title='bbox 887 2973 1046 3027; x_wconf 63' lang='lat' dir='ltr'><strong>nec.</strong></span> <span class='ocrx_word' id='word_1_444' title='bbox 1086 2974 1232 3039; x_wconf 71' lang='grc' dir='ltr'><strong>κεῖν.</strong></span> 
     </span>
    </p>
   </div>
   <div class='ocr_carea' id='block_1_52' title="bbox 1941 2966 2922 3039">
    <p class='ocr_par' dir='ltr' id='par_1_52' title="bbox 2544 2966 2922 3023">
     <span class='ocr_line' id='line_1_52' title="bbox 2544 2966 2922 3023; baseline 0.003 -1"><span class='ocrx_word' id='word_1_445' title='bbox 2544 2966 2696 3023; x_wconf 74' lang='lat' dir='ltr'><strong>CAP.</strong></span> <span class='ocrx_word' id='word_1_446' title='bbox 2734 2966 2922 3023; x_wconf 77' lang='lat' dir='ltr'><strong>XXVI.</strong></span> 
     </span>
    </p>
   </div>
   <div class='ocr_carea' id='block_1_53' title="bbox 332 3079 1838 3158">
    <p class='ocr_par' dir='ltr' id='par_1_53' title="bbox 332 3082 1838 3158">
     <span class='ocr_line' id='line_1_53' title="bbox 332 3082 1838 3158; baseline -0.007 -13"><span class='ocrx_word' id='word_1_447' title='bbox 332 3091 459 3156; x_wconf 83' lang='grc' dir='ltr'><strong>Πῶς</strong></span> <span class='ocrx_word' id='word_1_448' title='bbox 496 3086 609 3151; x_wconf 79' lang='grc' dir='ltr'>οὖν,</span> <span class='ocrx_word' id='word_1_449' title='bbox 642 3090 835 3158; x_wconf 70' lang='grc' dir='ltr'>φησὶν,</span> <span class='ocrx_word' id='word_1_450' title='bbox 864 3087 923 3140; x_wconf 78' lang='grc' dir='ltr'>ὲν</span> <span class='ocrx_word' id='word_1_451' title='bbox 960 3086 1039 3157; x_wconf 82' lang='grc' dir='ltr'>τῷ</span> <span class='ocrx_word' id='word_1_452' title='bbox 1078 3087 1220 3140; x_wconf 84' lang='grc' dir='ltr'>κατὰ</span> <span class='ocrx_word' id='word_1_453' title='bbox 1262 3086 1489 3158; x_wconf 83' lang='grc' dir='ltr'>Μάρκον</span> <span class='ocrx_word' id='word_1_454' title='bbox 1519 3082 1838 3153; x_wconf 79' lang='grc' dir='ltr'>Εὐαγγελίῳ</span> 
     </span>
    </p>
   </div>
   <div class='ocr_carea' id='block_1_54' title="bbox 1941 3079 3517 3158">
    <p class='ocr_par' dir='ltr' id='par_1_54' title="bbox 2016 3079 3517 3150">
     <span class='ocr_line' id='line_1_54' title="bbox 2016 3079 3517 3150; baseline 0.004 -18"><span class='ocrx_word' id='word_1_455' title='bbox 2016 3079 2115 3146; x_wconf 85' lang='lat' dir='ltr'><strong>Qui</strong></span> <span class='ocrx_word' id='word_1_456' title='bbox 2169 3080 2226 3134; x_wconf 82' lang='lat' dir='ltr'><strong>lit</strong></span> <span class='ocrx_word' id='word_1_457' title='bbox 2254 3095 2407 3149; x_wconf 84' lang='lat' dir='ltr'><strong>ergo,</strong></span> <span class='ocrx_word' id='word_1_458' title='bbox 2433 3080 2700 3147; x_wconf 85' lang='lat' dir='ltr'><strong>inquiunt,</strong></span> <span class='ocrx_word' id='word_1_459' title='bbox 2729 3089 2786 3132; x_wconf 91' lang='lat' dir='ltr'><strong>ut</strong></span> <span class='ocrx_word' id='word_1_460' title='bbox 2824 3080 2876 3133; x_wconf 93' lang='lat' dir='ltr'><strong>in</strong></span> <span class='ocrx_word' id='word_1_461' title='bbox 2910 3080 3197 3150; x_wconf 84' lang='lat' dir='ltr'><strong>Evangelio</strong></span> <span class='ocrx_word' id='word_1_462' title='bbox 3221 3083 3517 3138; x_wconf 88' lang='lat' dir='ltr'><strong>secundum</strong></span> 
     </span>
    </p>
   </div>
   <div class='ocr_carea' id='block_1_55' title="bbox 262 3170 1838 3252">
    <p class='ocr_par' dir='ltr' id='par_1_55' title="bbox 262 3173 1835 3252">
     <span class='ocr_line' id='line_1_55' title="bbox 262 3173 1835 3252; baseline -0.004 -17"><span class='ocrx_word' id='word_1_463' title='bbox 262 3184 443 3252; x_wconf 76' lang='grc' dir='ltr'>λέγει’</span> <span class='ocrx_word' id='word_1_464' title='bbox 494 3199 513 3232; x_wconf 82' lang='grc' dir='ltr'><strong>ι</strong></span> <span class='ocrx_word' id='word_1_465' title='bbox 558 3181 730 3233; x_wconf 82' lang='grc' dir='ltr'>Ὅταν</span> <span class='ocrx_word' id='word_1_466' title='bbox 763 3178 890 3250; x_wconf 69' lang='grc' dir='ltr'><strong>ἔλθῃ</strong></span> <span class='ocrx_word' id='word_1_467' title='bbox 919 3180 978 3232; x_wconf 86' lang='grc' dir='ltr'>ὲν</span> <span class='ocrx_word' id='word_1_468' title='bbox 1021 3181 1089 3250; x_wconf 78' lang='grc' dir='ltr'>τῇ</span> <span class='ocrx_word' id='word_1_469' title='bbox 1125 3177 1251 3249; x_wconf 82' lang='grc' dir='ltr'>δόξῃ</span> <span class='ocrx_word' id='word_1_470' title='bbox 1282 3178 1377 3231; x_wconf 77' lang='grc' dir='ltr'><strong>τοῦ</strong></span> <span class='ocrx_word' id='word_1_471' title='bbox 1416 3176 1629 3249; x_wconf 82' lang='grc' dir='ltr'>Πατρδς</span> <span class='ocrx_word' id='word_1_472' title='bbox 1669 3173 1835 3229; x_wconf 81' lang='grc' dir='ltr'>αὑτοῦ</span> 
     </span>
    </p>
   </div>
   <div class='ocr_carea' id='block_1_56' title="bbox 1941 3170 3515 3252">
    <p class='ocr_par' dir='ltr' id='par_1_56' title="bbox 1943 3170 3515 3243">
     <span class='ocr_line' id='line_1_56' title="bbox 1943 3170 3515 3243; baseline 0.003 -18"><span class='ocrx_word' id='word_1_473' title='bbox 1943 3170 2181 3226; x_wconf 79' lang='lat' dir='ltr'><strong>Marcum</strong></span> <span class='ocrx_word' id='word_1_474' title='bbox 2216 3173 2360 3226; x_wconf 88' lang='lat' dir='ltr'><strong>dicat</strong></span> <span class='ocrx_word' id='word_1_475' title='bbox 2386 3172 2632 3226; x_wconf 85' lang='lat' dir='ltr'><strong>Christus</strong></span> <span class='ocrx_word' id='word_1_476' title='bbox 2664 3189 2678 3226; x_wconf 85' lang='lat'><strong>:</strong></span> <span class='ocrx_word' id='word_1_477' title='bbox 2709 3191 2729 3223; x_wconf 78' lang='grc' dir='ltr'><strong>ι</strong></span> <span class='ocrx_word' id='word_1_478' title='bbox 2785 3172 3008 3239; x_wconf 87' lang='lat' dir='ltr'><strong>Quando</strong></span> <span class='ocrx_word' id='word_1_479' title='bbox 3055 3174 3168 3243; x_wconf 79' lang='grc'><strong>(94)</strong></span> <span class='ocrx_word' id='word_1_480' title='bbox 3220 3178 3428 3231; x_wconf 75' lang='lat' dir='ltr'><strong>venerit</strong></span> <span class='ocrx_word' id='word_1_481' title='bbox 3462 3178 3515 3230; x_wconf 92' lang='lat' dir='ltr'><strong>in</strong></span> 
     </span>
    </p>
   </div>
   <div class='ocr_carea' id='block_1_57' title="bbox 266 3263 1838 3346">
    <p class='ocr_par' dir='ltr' id='par_1_57' title="bbox 266 3266 1836 3346">
     <span class='ocr_line' id='line_1_57' title="bbox 266 3266 1836 3346; baseline -0.004 -19"><span class='ocrx_word' id='word_1_482' title='bbox 266 3272 406 3346; x_wconf 83' lang='grc' dir='ltr'>μετὰ</span> <span class='ocrx_word' id='word_1_483' title='bbox 437 3271 544 3324; x_wconf 79' lang='grc' dir='ltr'>τῶν</span> <span class='ocrx_word' id='word_1_484' title='bbox 597 3269 844 3338; x_wconf 76' lang='grc' dir='ltr'>ἀγγέλων</span> <span class='ocrx_word' id='word_1_485' title='bbox 882 3268 990 3323; x_wconf 85' lang='grc' dir='ltr'><strong>τῶν</strong></span> <span class='ocrx_word' id='word_1_486' title='bbox 1040 3268 1248 3338; x_wconf 72' lang='grc' dir='ltr'>ἁγίων,</span> <span class='ocrx_word' id='word_1_487' title='bbox 1303 3287 1321 3321; x_wconf 75' lang='grc' dir='ltr'><strong>ι</strong></span> <span class='ocrx_word' id='word_1_488' title='bbox 1372 3268 1545 3346; x_wconf 82' lang='grc' dir='ltr'>Τοῦτο</span> <span class='ocrx_word' id='word_1_489' title='bbox 1579 3266 1689 3340; x_wconf 84' lang='grc' dir='ltr'><strong>γάρ</strong></span> <span class='ocrx_word' id='word_1_490' title='bbox 1720 3267 1836 3321; x_wconf 78' lang='grc' dir='ltr'>ἐστι</span> 
     </span>
    </p>
   </div>
   <div class='ocr_carea' id='block_1_58' title="bbox 1941 3263 3516 3346">
    <p class='ocr_par' dir='ltr' id='par_1_58' title="bbox 1944 3263 3516 3335">
     <span class='ocr_line' id='line_1_58' title="bbox 1944 3263 3516 3335; baseline 0.002 -17"><span class='ocrx_word' id='word_1_491' title='bbox 1944 3263 2112 3335; x_wconf 85' lang='lat' dir='ltr'><strong>gloria</strong></span> <span class='ocrx_word' id='word_1_492' title='bbox 2141 3263 2321 3320; x_wconf 82' lang='lat' dir='ltr'><strong>Patris</strong></span> <span class='ocrx_word' id='word_1_493' title='bbox 2355 3263 2435 3318; x_wconf 92' lang='lat' dir='ltr'><strong>sui</strong></span> <span class='ocrx_word' id='word_1_494' title='bbox 2471 3279 2592 3320; x_wconf 93' lang='lat' dir='ltr'><strong>cum</strong></span> <span class='ocrx_word' id='word_1_495' title='bbox 2622 3264 2826 3333; x_wconf 85' lang='lat' dir='ltr'><strong>angelis</strong></span> <span class='ocrx_word' id='word_1_496' title='bbox 2862 3265 3104 3321; x_wconf 82' lang='lat' dir='ltr'><strong>sanctis?</strong></span> <span class='ocrx_word' id='word_1_497' title='bbox 3129 3285 3147 3317; x_wconf 75' lang='grc' dir='ltr'><strong>ι</strong></span> <span class='ocrx_word' id='word_1_498' title='bbox 3184 3264 3289 3322; x_wconf 85' lang='lat' dir='ltr'><strong>Sed</strong></span> <span class='ocrx_word' id='word_1_499' title='bbox 3320 3268 3420 3323; x_wconf 90' lang='lat' dir='ltr'><strong>hoc</strong></span> <span class='ocrx_word' id='word_1_500' title='bbox 3448 3270 3516 3321; x_wconf 87' lang='lat' dir='ltr'><strong>il-</strong></span> 
     </span>
    </p>
   </div>
   <div class='ocr_carea' id='block_1_59' title="bbox 261 3338 1838 3439">
    <p class='ocr_par' dir='ltr' id='par_1_59' title="bbox 261 3338 1838 3439">
     <span class='ocr_line' id='line_1_59' title="bbox 261 3338 1838 3439; baseline -0.004 -22"><span class='ocrx_word' id='word_1_501' title='bbox 261 3338 322 3418; x_wconf 72' lang='grc' dir='ltr'>τὸ</span> <span class='ocrx_word' id='word_1_502' title='bbox 367 3364 499 3435; x_wconf 80' lang='grc' dir='ltr'>παρ’</span> <span class='ocrx_word' id='word_1_503' title='bbox 569 3360 865 3434; x_wconf 77' lang='grc' dir='ltr'>ὀρθοδόξων</span> <span class='ocrx_word' id='word_1_504' title='bbox 908 3359 1221 3439; x_wconf 62' lang='grc' dir='ltr'>λεγόμενον,</span> <span class='ocrx_word' id='word_1_505' title='bbox 1264 3360 1348 3413; x_wconf 83' lang='grc' dir='ltr'>ὄτι</span> <span class='ocrx_word' id='word_1_506' title='bbox 1392 3359 1482 3413; x_wconf 83' lang='grc' dir='ltr'>διὰ</span> <span class='ocrx_word' id='word_1_507' title='bbox 1520 3338 1749 3431; x_wconf 48' lang='grc' dir='ltr'><strong>βοείη]</strong></span> <span class='ocrx_word' id='word_1_508' title='bbox 1789 3359 1838 3412; x_wconf 80' lang='grc' dir='ltr'>τέ</span> 
     </span>
    </p>
   </div>
   <div class='ocr_carea' id='block_1_60' title="bbox 1941 3338 3515 3439">
    <p class='ocr_par' dir='ltr' id='par_1_60' title="bbox 1953 3356 3515 3427">
     <span class='ocr_line' id='line_1_60' title="bbox 1953 3356 3515 3427; baseline 0.001 -17"><span class='ocrx_word' id='word_1_509' title='bbox 1953 3358 2039 3414; x_wconf 87' lang='lat' dir='ltr'><strong>Iud</strong></span> <span class='ocrx_word' id='word_1_510' title='bbox 2067 3359 2239 3426; x_wconf 86' lang='lat' dir='ltr'><strong>ipsum</strong></span> <span class='ocrx_word' id='word_1_511' title='bbox 2273 3368 2380 3421; x_wconf 87' lang='grc' dir='ltr'>εει,</span> <span class='ocrx_word' id='word_1_512' title='bbox 2405 3357 2547 3427; x_wconf 90' lang='lat' dir='ltr'><strong>quod</strong></span> <span class='ocrx_word' id='word_1_513' title='bbox 2575 3357 2861 3412; x_wconf 79' lang='lat' dir='ltr'><strong>orthodoxi</strong></span> <span class='ocrx_word' id='word_1_514' title='bbox 2887 3358 3057 3419; x_wconf 88' lang='lat' dir='ltr'><strong>aiunt,</strong></span> <span class='ocrx_word' id='word_1_515' title='bbox 3087 3357 3157 3410; x_wconf 87' lang='lat' dir='ltr'><strong>ob</strong></span> <span class='ocrx_word' id='word_1_516' title='bbox 3183 3356 3515 3413; x_wconf 85' lang='lat' dir='ltr'><strong>identitatem</strong></span> 
     </span>
    </p>
   </div>
   <div class='ocr_carea' id='block_1_61' title="bbox 267 3446 1838 3525">
    <p class='ocr_par' dir='ltr' id='par_1_61' title="bbox 267 3450 1832 3525">
     <span class='ocr_line' id='line_1_61' title="bbox 267 3450 1832 3525; baseline -0.004 -15"><span class='ocrx_word' id='word_1_517' title='bbox 267 3455 456 3510; x_wconf 79' lang='grc' dir='ltr'>ταυτὸν</span> <span class='ocrx_word' id='word_1_518' title='bbox 502 3454 603 3525; x_wconf 78' lang='grc' dir='ltr'>τῆς</span> <span class='ocrx_word' id='word_1_519' title='bbox 653 3452 908 3522; x_wconf 81' lang='grc' dir='ltr'>θεότητος</span> <span class='ocrx_word' id='word_1_520' title='bbox 941 3452 1038 3505; x_wconf 80' lang='grc' dir='ltr'><strong>καὶ</strong></span> <span class='ocrx_word' id='word_1_521' title='bbox 1070 3450 1346 3520; x_wconf 81' lang='grc' dir='ltr'>βασιλείας</span> <span class='ocrx_word' id='word_1_522' title='bbox 1388 3451 1448 3503; x_wconf 84' lang='grc' dir='ltr'>ὲν</span> <span class='ocrx_word' id='word_1_523' title='bbox 1484 3453 1551 3520; x_wconf 81' lang='grc' dir='ltr'>τῇ</span> <span class='ocrx_word' id='word_1_524' title='bbox 1592 3452 1832 3520; x_wconf 85' lang='grc' dir='ltr'>πατρικῇ</span> 
     </span>
    </p>
   </div>
   <div class='ocr_carea' id='block_1_62' title="bbox 1941 3446 3513 3525">
    <p class='ocr_par' dir='ltr' id='par_1_62' title="bbox 1945 3446 3513 3517">
     <span class='ocr_line' id='line_1_62' title="bbox 1945 3446 3513 3517; baseline -0.001 -17"><span class='ocrx_word' id='word_1_525' title='bbox 1945 3460 2139 3515; x_wconf 87' lang='lat' dir='ltr'><strong>nempe</strong></span> <span class='ocrx_word' id='word_1_526' title='bbox 2180 3447 2397 3500; x_wconf 86' lang='lat' dir='ltr'><strong>deitatis</strong></span> <span class='ocrx_word' id='word_1_527' title='bbox 2445 3461 2508 3500; x_wconf 90' lang='lat' dir='ltr'><strong>ac</strong></span> <span class='ocrx_word' id='word_1_528' title='bbox 2536 3447 2685 3515; x_wconf 86' lang='lat' dir='ltr'><strong>regni</strong></span> <span class='ocrx_word' id='word_1_529' title='bbox 2709 3461 2832 3500; x_wconf 92' lang='lat' dir='ltr'><strong>eum</strong></span> <span class='ocrx_word' id='word_1_530' title='bbox 2860 3447 2912 3499; x_wconf 93' lang='lat' dir='ltr'><strong>in</strong></span> <span class='ocrx_word' id='word_1_531' title='bbox 2944 3456 3166 3516; x_wconf 87' lang='lat' dir='ltr'><strong>paterna</strong></span> <span class='ocrx_word' id='word_1_532' title='bbox 3190 3446 3357 3517; x_wconf 87' lang='lat' dir='ltr'><strong>gloria</strong></span> <span class='ocrx_word' id='word_1_533' title='bbox 3380 3462 3513 3503; x_wconf 67' lang='lat' dir='ltr'><strong>ven~</strong></span> 
     </span>
    </p>
   </div>
   <div class='ocr_carea' id='block_1_63' title="bbox 259 3537 1838 3620">
    <p class='ocr_par' dir='ltr' id='par_1_63' title="bbox 259 3540 1834 3620">
     <span class='ocr_line' id='line_1_63' title="bbox 259 3540 1834 3620; baseline -0.006 -18"><span class='ocrx_word' id='word_1_534' title='bbox 259 3548 384 3620; x_wconf 77' lang='grc' dir='ltr'>δόξῃ</span> <span class='ocrx_word' id='word_1_535' title='bbox 410 3546 715 3600; x_wconf 72' lang='grc' dir='ltr'>ἐλεύσεται·</span> <span class='ocrx_word' id='word_1_536' title='bbox 743 3544 886 3598; x_wconf 82' lang='grc' dir='ltr'>τοῦτ’</span> <span class='ocrx_word' id='word_1_537' title='bbox 931 3543 1068 3609; x_wconf 74' lang='grc' dir='ltr'>ἐστι,</span> <span class='ocrx_word' id='word_1_538' title='bbox 1099 3544 1200 3615; x_wconf 79' lang='grc' dir='ltr'><strong>τὴν</strong></span> <span class='ocrx_word' id='word_1_539' title='bbox 1253 3543 1376 3613; x_wconf 78' lang='grc' dir='ltr'>ἴσην</span> <span class='ocrx_word' id='word_1_540' title='bbox 1408 3541 1563 3609; x_wconf 81' lang='grc' dir='ltr'>δόξαν</span> <span class='ocrx_word' id='word_1_541' title='bbox 1593 3541 1731 3612; x_wconf 79' lang='grc' dir='ltr'>ἔχων</span> <span class='ocrx_word' id='word_1_542' title='bbox 1757 3540 1834 3611; x_wconf 84' lang='grc' dir='ltr'><strong>τῷ</strong></span> 
     </span>
    </p>
   </div>
   <div class='ocr_carea' id='block_1_64' title="bbox 1941 3537 3516 3620">
    <p class='ocr_par' dir='ltr' id='par_1_64' title="bbox 1944 3537 3516 3609">
     <span class='ocr_line' id='line_1_64' title="bbox 1944 3537 3516 3609; baseline 0.001 -16"><span class='ocrx_word' id='word_1_543' title='bbox 1944 3549 2124 3593; x_wconf 90' lang='lat' dir='ltr'><strong>turum</strong></span> <span class='ocrx_word' id='word_1_544' title='bbox 2159 3554 2300 3605; x_wconf 80' lang='lat' dir='ltr'><strong>esse,</strong></span> <span class='ocrx_word' id='word_1_545' title='bbox 2328 3539 2378 3591; x_wconf 92' lang='lat' dir='ltr'><strong>id</strong></span> <span class='ocrx_word' id='word_1_546' title='bbox 2415 3547 2520 3601; x_wconf 87' lang='lat' dir='ltr'><strong>est,</strong></span> <span class='ocrx_word' id='word_1_547' title='bbox 2552 3537 2811 3607; x_wconf 61' lang='lat' dir='ltr'><strong>aequalem</strong></span> <span class='ocrx_word' id='word_1_548' title='bbox 2839 3538 3013 3607; x_wconf 88' lang='lat' dir='ltr'><strong>ipsum</strong></span> <span class='ocrx_word' id='word_1_549' title='bbox 3061 3539 3285 3609; x_wconf 83' lang='lat' dir='ltr'><strong>gloriam</strong></span> <span class='ocrx_word' id='word_1_550' title='bbox 3317 3540 3516 3595; x_wconf 86' lang='lat' dir='ltr'><strong>habere</strong></span> 
     </span>
    </p>
   </div>
   <div class='ocr_carea' id='block_1_65' title="bbox 270 3632 1832 3710">
    <p class='ocr_par' dir='ltr' id='par_1_65' title="bbox 270 3632 1832 3710">
     <span class='ocr_line' id='line_1_65' title="bbox 270 3632 1832 3710; baseline -0.005 -16"><span class='ocrx_word' id='word_1_551' title='bbox 270 3641 602 3710; x_wconf 67' lang='grc' dir='ltr'>γεννήσαντι.</span> <span class='ocrx_word' id='word_1_552' title='bbox 635 3637 804 3692; x_wconf 87' lang='grc' dir='ltr'>Πάλιν</span> <span class='ocrx_word' id='word_1_553' title='bbox 837 3635 946 3708; x_wconf 83' lang='grc' dir='ltr'><strong>γὰρ</strong></span> <span class='ocrx_word' id='word_1_554' title='bbox 971 3638 1029 3690; x_wconf 83' lang='grc' dir='ltr'>ὲν</span> <span class='ocrx_word' id='word_1_555' title='bbox 1060 3634 1325 3706; x_wconf 85' lang='grc' dir='ltr'>Ματθαίῳ</span> <span class='ocrx_word' id='word_1_556' title='bbox 1350 3636 1378 3687; x_wconf 87' lang='grc' dir='ltr'>ὁ</span> <span class='ocrx_word' id='word_1_557' title='bbox 1415 3634 1576 3696; x_wconf 76' lang='grc' dir='ltr'>αὐτὸς</span> <span class='ocrx_word' id='word_1_558' title='bbox 1607 3632 1832 3704; x_wconf 81' lang='grc' dir='ltr'>Κύριος,</span> 
     </span>
    </p>
   </div>
   <div class='ocr_carea' id='block_1_66' title="bbox 261 3722 1835 3799">
    <p class='ocr_par' dir='ltr' id='par_1_66' title="bbox 261 3722 1835 3799">
     <span class='ocr_line' id='line_1_66' title="bbox 261 3722 1835 3799; baseline -0.006 -14"><span class='ocrx_word' id='word_1_559' title='bbox 261 3730 322 3785; x_wconf 74' lang='grc' dir='ltr'><strong>τὺ</strong></span> <span class='ocrx_word' id='word_1_560' title='bbox 359 3729 653 3799; x_wconf 82' lang='grc' dir='ltr'>κεφάλαιον</span> <span class='ocrx_word' id='word_1_561' title='bbox 693 3725 852 3780; x_wconf 81' lang='grc' dir='ltr'>τοῦτο</span> <span class='ocrx_word' id='word_1_562' title='bbox 904 3725 1299 3795; x_wconf 79' lang='grc' dir='ltr'>φθεγγόμενος,</span> <span class='ocrx_word' id='word_1_563' title='bbox 1338 3724 1434 3779; x_wconf 73' lang='grc' dir='ltr'><strong>καὶ</strong></span> <span class='ocrx_word' id='word_1_564' title='bbox 1473 3723 1688 3786; x_wconf 83' lang='grc' dir='ltr'>δεικνὺς</span> <span class='ocrx_word' id='word_1_565' title='bbox 1736 3722 1835 3793; x_wconf 77' lang='grc' dir='ltr'>τὴν</span> 
     </span>
    </p>
   </div>
   <div class='ocr_carea' id='block_1_67' title="bbox 260 3810 1837 3895">
    <p class='ocr_par' dir='ltr' id='par_1_67' title="bbox 260 3810 1837 3895">
     <span class='ocr_line' id='line_1_67' title="bbox 260 3810 1837 3895; baseline -0.006 -19"><span class='ocrx_word' id='word_1_566' title='bbox 260 3822 429 3895; x_wconf 80' lang='grc' dir='ltr'>αὐτὴν</span> <span class='ocrx_word' id='word_1_567' title='bbox 457 3816 595 3874; x_wconf 74' lang='grc' dir='ltr'>εἶναι</span> <span class='ocrx_word' id='word_1_568' title='bbox 630 3820 789 3887; x_wconf 81' lang='grc' dir='ltr'>δόξαν</span> <span class='ocrx_word' id='word_1_569' title='bbox 817 3817 967 3889; x_wconf 83' lang='grc' dir='ltr'>αὐτῷ</span> <span class='ocrx_word' id='word_1_570' title='bbox 996 3835 1057 3870; x_wconf 81' lang='grc' dir='ltr'><strong>τε</strong></span> <span class='ocrx_word' id='word_1_571' title='bbox 1087 3818 1182 3871; x_wconf 71' lang='grc' dir='ltr'><strong>καὶ</strong></span> <span class='ocrx_word' id='word_1_572' title='bbox 1210 3815 1289 3887; x_wconf 81' lang='grc' dir='ltr'><strong>τῷ</strong></span> <span class='ocrx_word' id='word_1_573' title='bbox 1324 3816 1519 3884; x_wconf 76' lang='grc' dir='ltr'>Πατρὶ.</span> <span class='ocrx_word' id='word_1_574' title='bbox 1558 3813 1733 3877; x_wconf 71' lang='grc' dir='ltr'>οὕτως</span> <span class='ocrx_word' id='word_1_575' title='bbox 1761 3810 1837 3866; x_wconf 86' lang='grc' dir='ltr'><strong>εἷ-</strong></span> 
     </span>
    </p>
   </div>
   <div class='ocr_carea' id='block_1_68' title="bbox 261 3897 1834 3982">
    <p class='ocr_par' dir='ltr' id='par_1_68' title="bbox 261 3897 1834 3982">
     <span class='ocr_line' id='line_1_68' title="bbox 261 3897 1834 3982; baseline -0.006 -16"><span class='ocrx_word' id='word_1_576' title='bbox 261 3930 363 3966; x_wconf 88' lang='grc' dir='ltr'><strong>πεν</strong></span> <span class='ocrx_word' id='word_1_577' title='bbox 387 3930 402 3943; x_wconf 88' lang='grc'><strong>·</strong></span> <span class='ocrx_word' id='word_1_578' title='bbox 435 3930 455 3964; x_wconf 74' lang='lat' dir='ltr'><strong>t</strong></span> <span class='ocrx_word' id='word_1_579' title='bbox 504 3914 674 3966; x_wconf 81' lang='grc' dir='ltr'>Ὅταν</span> <span class='ocrx_word' id='word_1_580' title='bbox 701 3911 757 3965; x_wconf 74' lang='grc' dir='ltr'>δὲ</span> <span class='ocrx_word' id='word_1_581' title='bbox 802 3910 932 3982; x_wconf 76' lang='grc' dir='ltr'><strong>ἔλθῃ</strong></span> <span class='ocrx_word' id='word_1_582' title='bbox 968 3910 997 3962; x_wconf 84' lang='grc' dir='ltr'><strong>ό</strong></span> <span class='ocrx_word' id='word_1_583' title='bbox 1036 3907 1166 3970; x_wconf 79' lang='grc' dir='ltr'>Υἱὸς</span> <span class='ocrx_word' id='word_1_584' title='bbox 1213 3905 1308 3960; x_wconf 83' lang='grc' dir='ltr'><strong>τοῦ</strong></span> <span class='ocrx_word' id='word_1_585' title='bbox 1349 3897 1639 3975; x_wconf 81' lang='grc' dir='ltr'>ἀνθρώπου</span> <span class='ocrx_word' id='word_1_586' title='bbox 1671 3906 1729 3957; x_wconf 80' lang='grc' dir='ltr'>ἐν</span> <span class='ocrx_word' id='word_1_587' title='bbox 1767 3905 1834 3975; x_wconf 79' lang='grc' dir='ltr'><strong>τῇ</strong></span> 
     </span>
    </p>
   </div>
   <div class='ocr_carea' id='block_1_69' title="bbox 259 3994 1724 4077">
    <p class='ocr_par' dir='ltr' id='par_1_69' title="bbox 259 3994 1724 4077">
     <span class='ocr_line' id='line_1_69' title="bbox 259 3994 1724 4077; baseline -0.01 -15"><span class='ocrx_word' id='word_1_588' title='bbox 259 4004 388 4077; x_wconf 78' lang='grc' dir='ltr'>δόξῃ</span> <span class='ocrx_word' id='word_1_589' title='bbox 420 4003 606 4072; x_wconf 82' lang='grc' dir='ltr'>αὐτοῦ,</span> <span class='ocrx_word' id='word_1_590' title='bbox 638 4003 732 4057; x_wconf 71' lang='grc' dir='ltr'><strong>καὶ</strong></span> <span class='ocrx_word' id='word_1_591' title='bbox 766 4002 968 4065; x_wconf 84' lang='grc' dir='ltr'>πάντες</span> <span class='ocrx_word' id='word_1_592' title='bbox 1007 4000 1058 4053; x_wconf 82' lang='grc' dir='ltr'>οἱ</span> <span class='ocrx_word' id='word_1_593' title='bbox 1096 3997 1317 4068; x_wconf 77' lang='grc' dir='ltr'>ἄγγελοι</span> <span class='ocrx_word' id='word_1_594' title='bbox 1342 3997 1458 4068; x_wconf 81' lang='grc' dir='ltr'>μετ’</span> <span class='ocrx_word' id='word_1_595' title='bbox 1482 3994 1669 4049; x_wconf 82' lang='grc' dir='ltr'>αὐτοῦ.</span> <span class='ocrx_word' id='word_1_596' title='bbox 1704 4015 1724 4048; x_wconf 73' lang='grc' dir='ltr'><strong>ι</strong></span> 
     </span>
    </p>
   </div>
   <div class='ocr_carea' id='block_1_70' title="bbox 888 4124 1211 4186">
    <p class='ocr_par' dir='ltr' id='par_1_70' title="bbox 888 4124 1211 4186">
     <span class='ocr_line' id='line_1_70' title="bbox 888 4124 1211 4186; baseline 0.006 -2"><span class='ocrx_word' id='word_1_597' title='bbox 888 4129 1047 4184; x_wconf 77' lang='grc' dir='ltr'><strong>ΚΕΦ.</strong></span> <span class='ocrx_word' id='word_1_598' title='bbox 1083 4124 1211 4186; x_wconf 85' lang='grc' dir='ltr'><strong>ΚΖ’.</strong></span> 
     </span>
    </p>
   </div>
   <div class='ocr_carea' id='block_1_71' title="bbox 342 4239 1845 4317">
    <p class='ocr_par' dir='ltr' id='par_1_71' title="bbox 342 4239 1845 4317">
     <span class='ocr_line' id='line_1_71' title="bbox 342 4239 1845 4317; baseline -0.003 -18"><span class='ocrx_word' id='word_1_599' title='bbox 342 4244 627 4317; x_wconf 76' lang='grc' dir='ltr'>Ἀληθείας</span> <span class='ocrx_word' id='word_1_600' title='bbox 662 4242 720 4297; x_wconf 80' lang='grc' dir='ltr'>δὲ</span> <span class='ocrx_word' id='word_1_601' title='bbox 762 4240 1032 4304; x_wconf 85' lang='grc' dir='ltr'>παντοίως</span> <span class='ocrx_word' id='word_1_602' title='bbox 1058 4239 1380 4311; x_wconf 69' lang='grc' dir='ltr'>ἀλλότριον,</span> <span class='ocrx_word' id='word_1_603' title='bbox 1420 4240 1518 4293; x_wconf 67' lang='grc' dir='ltr'><strong>κα)⁸</strong></span> <span class='ocrx_word' id='word_1_604' title='bbox 1564 4239 1625 4293; x_wconf 78' lang='grc' dir='ltr'>τὸ</span> <span class='ocrx_word' id='word_1_605' title='bbox 1665 4239 1845 4308; x_wconf 86' lang='grc' dir='ltr'>λέγειν</span> 
     </span>
    </p>
   </div>
   <div class='ocr_carea' id='block_1_72' title="bbox 257 4332 1843 4408">
    <p class='ocr_par' dir='ltr' id='par_1_72' title="bbox 257 4332 1843 4408">
     <span class='ocr_line' id='line_1_72' title="bbox 257 4332 1843 4408; baseline -0.004 -16"><span class='ocrx_word' id='word_1_606' title='bbox 257 4338 457 4402; x_wconf 77' lang='grc' dir='ltr'>αὐτοὺς</span> <span class='ocrx_word' id='word_1_607' title='bbox 498 4336 701 4408; x_wconf 81' lang='grc' dir='ltr'>μεταξὺ</span> <span class='ocrx_word' id='word_1_608' title='bbox 734 4336 834 4406; x_wconf 81' lang='grc' dir='ltr'>τῆς</span> <span class='ocrx_word' id='word_1_609' title='bbox 871 4333 1060 4404; x_wconf 80' lang='grc' dir='ltr'>οεῖκῆς</span> <span class='ocrx_word' id='word_1_610' title='bbox 1097 4332 1313 4404; x_wconf 83' lang='grc' dir='ltr'>φύσεως</span> <span class='ocrx_word' id='word_1_611' title='bbox 1351 4333 1447 4387; x_wconf 79' lang='grc' dir='ltr'><strong>καὶ</strong></span> <span class='ocrx_word' id='word_1_612' title='bbox 1470 4332 1572 4403; x_wconf 82' lang='grc' dir='ltr'>τῆς</span> <span class='ocrx_word' id='word_1_613' title='bbox 1615 4336 1843 4403; x_wconf 82' lang='grc' dir='ltr'>κτιστῆς</span> 
     </span>
    </p>
   </div>
   <div class='ocr_carea' id='block_1_73' title="bbox 255 4423 1839 4504">
    <p class='ocr_par' dir='ltr' id='par_1_73' title="bbox 255 4423 1839 4504">
     <span class='ocr_line' id='line_1_73' title="bbox 255 4423 1839 4504; baseline -0.006 -17"><span class='ocrx_word' id='word_1_614' title='bbox 255 4430 400 4487; x_wconf 74' lang='grc' dir='ltr'>εἶναι</span> <span class='ocrx_word' id='word_1_615' title='bbox 434 4430 658 4504; x_wconf 68' lang='grc' dir='ltr'>τὴντοῦ</span> <span class='ocrx_word' id='word_1_616' title='bbox 708 4427 838 4483; x_wconf 77' lang='grc' dir='ltr'>Υίοῧ</span> <span class='ocrx_word' id='word_1_617' title='bbox 882 4427 1066 4497; x_wconf 86' lang='grc' dir='ltr'>φύσιν,</span> <span class='ocrx_word' id='word_1_618' title='bbox 1121 4423 1521 4497; x_wconf 81' lang='grc' dir='ltr'>μεταφέροντες</span> <span class='ocrx_word' id='word_1_619' title='bbox 1564 4425 1645 4488; x_wconf 83' lang='grc' dir='ltr'><strong>είς</strong></span> <span class='ocrx_word' id='word_1_620' title='bbox 1681 4423 1839 4477; x_wconf 83' lang='grc' dir='ltr'>τοῦτο</span> 
     </span>
    </p>
   </div>
   <div class='ocr_carea' id='block_1_74' title="bbox 256 4514 1835 4593">
    <p class='ocr_par' dir='ltr' id='par_1_74' title="bbox 256 4514 1835 4593">
     <span class='ocr_line' id='line_1_74' title="bbox 256 4514 1835 4593; baseline -0.008 -14"><span class='ocrx_word' id='word_1_621' title='bbox 256 4523 448 4587; x_wconf 77' lang='grc' dir='ltr'>κακῶς</span> <span class='ocrx_word' id='word_1_622' title='bbox 496 4520 593 4593; x_wconf 78' lang='grc' dir='ltr'>τὴν</span> <span class='ocrx_word' id='word_1_623' title='bbox 646 4518 827 4582; x_wconf 84' lang='grc' dir='ltr'>καλῶς</span> <span class='ocrx_word' id='word_1_624' title='bbox 878 4517 1154 4590; x_wconf 81' lang='grc' dir='ltr'>φέρουσαν</span> <span class='ocrx_word' id='word_1_625' title='bbox 1204 4515 1461 4586; x_wconf 66' lang='grc' dir='ltr'>Γραφήνο</span> <span class='ocrx_word' id='word_1_626' title='bbox 1519 4533 1538 4566; x_wconf 76' lang='grc' dir='ltr'><strong>ι</strong></span> <span class='ocrx_word' id='word_1_627' title='bbox 1591 4514 1835 4585; x_wconf 82' lang='grc' dir='ltr'>Μεσίτης</span> 
     </span>
    </p>
   </div>
   <div class='ocr_carea' id='block_1_75' title="bbox 334 4754 1899 4831">
    <p class='ocr_par' dir='ltr' id='par_1_75' title="bbox 334 4754 1899 4831">
     <span class='ocr_line' id='line_1_75' title="bbox 334 4754 1899 4831; baseline -0.007 -13"><span class='ocrx_word' id='word_1_628' title='bbox 334 4761 446 4829; x_wconf 82' lang='lat'><strong>(86)</strong></span> <span class='ocrx_word' id='word_1_629' title='bbox 486 4760 776 4831; x_wconf 80' lang='lat' dir='ltr'><strong>Benignus.</strong></span> <span class='ocrx_word' id='word_1_630' title='bbox 805 4758 1100 4831; x_wconf 27' lang='lat' dir='ltr'><strong>lianc‘esse</strong></span> <span class='ocrx_word' id='word_1_631' title='bbox 1127 4758 1437 4831; x_wconf 77' lang='lat' dir='ltr'><strong>genuinam,</strong></span> <span class='ocrx_word' id='word_1_632' title='bbox 1460 4754 1566 4831; x_wconf 80' lang='lat' dir='ltr'><strong>isto</strong></span> <span class='ocrx_word' id='word_1_633' title='bbox 1593 4769 1822 4831; x_wconf 67' lang='lat' dir='ltr'><strong>prazser-</strong></span> <span class='ocrx_word' id='word_1_634' title='bbox 1855 4756 1899 4811; x_wconf 88' lang='lat' dir='ltr'><strong>D</strong></span> 
     </span>
    </p>
   </div>
   <div class='ocr_carea' id='block_1_76' title="bbox 259 4825 1824 4900">
    <p class='ocr_par' dir='ltr' id='par_1_76' title="bbox 259 4825 1824 4900">
     <span class='ocr_line' id='line_1_76' title="bbox 259 4825 1824 4900; baseline -0.005 -16"><span class='ocrx_word' id='word_1_635' title='bbox 259 4825 360 4886; x_wconf 77' lang='lat' dir='ltr'><strong>nm</strong></span> <span class='ocrx_word' id='word_1_636' title='bbox 388 4825 441 4886; x_wconf 88' lang='lat' dir='ltr'><strong>in</strong></span> <span class='ocrx_word' id='word_1_637' title='bbox 471 4825 890 4900; x_wconf 62' lang='lat' dir='ltr'><strong>loco,&#39;vocahuli</strong></span> <span class='ocrx_word' id='word_1_638' title='bbox 922 4827 1182 4900; x_wconf 78' lang='grc' dir='ltr'>εΰμικτος</span> <span class='ocrx_word' id='word_1_639' title='bbox 1222 4825 1824 4900; x_wconf 62' lang='lat' dir='ltr'><strong>signiticationetnnul-</strong></span> 
     </span>
    </p>
   </div>
   <div class='ocr_carea' id='block_1_77' title="bbox 257 4894 1830 4969">
    <p class='ocr_par' dir='ltr' id='par_1_77' title="bbox 257 4894 1830 4969">
     <span class='ocr_line' id='line_1_77' title="bbox 257 4894 1830 4969; baseline -0.006 -14"><span class='ocrx_word' id='word_1_640' title='bbox 257 4902 350 4955; x_wconf 89' lang='lat' dir='ltr'><strong>lus</strong></span> <span class='ocrx_word' id='word_1_641' title='bbox 400 4894 605 4956; x_wconf 70' lang='lat' dir='ltr'><strong>dubito.</strong></span> <span class='ocrx_word' id='word_1_642' title='bbox 650 4900 705 4953; x_wconf 89' lang='lat' dir='ltr'><strong>Id</strong></span> <span class='ocrx_word' id='word_1_643' title='bbox 751 4899 943 4969; x_wconf 86' lang='lat' dir='ltr'><strong>colligo</strong></span> <span class='ocrx_word' id='word_1_644' title='bbox 972 4894 1094 4953; x_wconf 76' lang='lat' dir='ltr'><strong>cum</strong></span> <span class='ocrx_word' id='word_1_645' title='bbox 1140 4894 1504 4969; x_wconf 25' lang='lat' dir='ltr'><strong>ex‘a&#39;ﬁinibus</strong></span> <span class='ocrx_word' id='word_1_646' title='bbox 1552 4894 1830 4948; x_wconf 87' lang='lat' dir='ltr'><strong>vocabulis</strong></span> 
     </span>
    </p>
   </div>
   <div class='ocr_carea' id='block_1_78' title="bbox 256 4966 1826 5042">
    <p class='ocr_par' dir='ltr' id='par_1_78' title="bbox 256 4966 1826 5042">
     <span class='ocr_line' id='line_1_78' title="bbox 256 4966 1826 5042; baseline -0.004 -18"><span class='ocrx_word' id='word_1_647' title='bbox 256 4970 578 5042; x_wconf 82' lang='grc' dir='ltr'>ὲπίμικτος,</span> <span class='ocrx_word' id='word_1_648' title='bbox 616 4966 1043 5042; x_wconf 41' lang='lat' dir='ltr'><strong>summatim;</strong></span> <span class='ocrx_word' id='word_1_649' title='bbox 1092 4976 1145 5022; x_wconf 92' lang='lat' dir='ltr'><strong>et</strong></span> <span class='ocrx_word' id='word_1_650' title='bbox 1177 4966 1578 5042; x_wconf 72' lang='grc' dir='ltr'>εὐεπιμίκτως,</span> <span class='ocrx_word' id='word_1_651' title='bbox 1611 4972 1723 5017; x_wconf 91' lang='lat' dir='ltr'><strong>tum</strong></span> <span class='ocrx_word' id='word_1_652' title='bbox 1746 4979 1826 5042; x_wconf 58' lang='grc' dir='ltr'>ἐκ</span> 
     </span>
    </p>
   </div>
   <div class='ocr_carea' id='block_1_79' title="bbox 254 5035 1832 5111">
    <p class='ocr_par' dir='ltr' id='par_1_79' title="bbox 254 5035 1832 5111">
     <span class='ocr_line' id='line_1_79' title="bbox 254 5035 1832 5111; baseline -0.006 -15"><span class='ocrx_word' id='word_1_653' title='bbox 254 5035 580 5106; x_wconf 67' lang='lat' dir='ltr'><strong>contrariis,</strong></span> <span class='ocrx_word' id='word_1_654' title='bbox 624 5035 919 5111; x_wconf 77' lang='grc' dir='ltr'>δύσμικτος</span> <span class='ocrx_word' id='word_1_655' title='bbox 942 5078 980 5111; x_wconf 82' lang='lat'><strong>,_</strong></span> <span class='ocrx_word' id='word_1_656' title='bbox 999 5037 1229 5108; x_wconf 79' lang='grc' dir='ltr'>ἄμικτος</span> <span class='ocrx_word' id='word_1_657' title='bbox 1246 5078 1291 5111; x_wconf 89' lang='lat'><strong>,_</strong></span> <span class='ocrx_word' id='word_1_658' title='bbox 1303 5035 1705 5111; x_wconf 59' lang='grc' dir='ltr'>ἀὲτρόσμικτος,</span> <span class='ocrx_word' id='word_1_659' title='bbox 1726 5035 1832 5111; x_wconf 33' lang='grc' dir='ltr'>’άν-</span> 
     </span>
    </p>
   </div>
   <div class='ocr_carea' id='block_1_80' title="bbox 254 5103 1832 5182">
    <p class='ocr_par' dir='ltr' id='par_1_80' title="bbox 254 5103 1832 5182">
     <span class='ocr_line' id='line_1_80' title="bbox 254 5103 1832 5182; baseline -0.005 -18"><span class='ocrx_word' id='word_1_660' title='bbox 254 5103 588 5182; x_wconf 71' lang='grc' dir='ltr'>επιμίκτως,</span> <span class='ocrx_word' id='word_1_661' title='bbox 615 5103 917 5182; x_wconf 55' lang='lat' dir='ltr'><strong>Nattiapud</strong></span> <span class='ocrx_word' id='word_1_662' title='bbox 952 5103 1214 5182; x_wconf 79' lang='lat' dir='ltr'><strong>Joannem</strong></span> <span class='ocrx_word' id='word_1_663' title='bbox 1260 5103 1580 5182; x_wconf 56' lang='lat' dir='ltr'><strong>Stob&#39;ensem</strong></span> <span class='ocrx_word' id='word_1_664' title='bbox 1612 5103 1832 5182; x_wconf 66' lang='lat' dir='ltr'><strong>quidem</strong></span> 
     </span>
    </p>
   </div>
   <div class='ocr_carea' id='block_1_81' title="bbox 254 5197 1834 5321">
    <p class='ocr_par' dir='ltr' id='par_1_81' title="bbox 254 5197 1834 5321">
     <span class='ocr_line' id='line_1_81' title="bbox 254 5197 1834 5251; baseline -0.006 -17"><span class='ocrx_word' id='word_1_665' title='bbox 254 5197 404 5251; x_wconf 73' lang='grc' dir='ltr'>Λογῳ</span> <span class='ocrx_word' id='word_1_666' title='bbox 433 5198 507 5236; x_wconf 80' lang='lat' dir='ltr'><strong>xx</strong></span> <span class='ocrx_word' id='word_1_667' title='bbox 536 5197 625 5235; x_wconf 86' lang='lat' dir='ltr'><strong>mc</strong></span> <span class='ocrx_word' id='word_1_668' title='bbox 653 5197 925 5246; x_wconf 62' lang='lat' dir='ltr'><strong>l‘turlplals</strong></span> <span class='ocrx_word' id='word_1_669' title='bbox 961 5197 1152 5232; x_wconf 86' lang='lat' dir='ltr'><strong>versus</strong></span> <span class='ocrx_word' id='word_1_670' title='bbox 1180 5197 1394 5247; x_wconf 67' lang='lat' dir='ltr'><strong>tegitur:</strong></span> <span class='ocrx_word' id='word_1_671' title='bbox 1419 5197 1600 5238; x_wconf 81' lang='grc' dir='ltr'>ΨιΑοις</span> <span class='ocrx_word' id='word_1_672' title='bbox 1629 5197 1660 5225; x_wconf 82' lang='grc' dir='ltr'><strong>τ</strong></span> <span class='ocrx_word' id='word_1_673' title='bbox 1705 5197 1834 5243; x_wconf 82' lang='grc' dir='ltr'>αμι·</span> 
     </span>
     <span class='ocr_line' id='line_1_82' title="bbox 254 5244 1834 5321; baseline -0.005 -17"><span class='ocrx_word' id='word_1_674' title='bbox 254 5251 387 5315; x_wconf 68' lang='grc' dir='ltr'>κτός</span> <span class='ocrx_word' id='word_1_675' title='bbox 411 5251 648 5321; x_wconf 34' lang='grc' dir='ltr'>ἑστι-και</span> <span class='ocrx_word' id='word_1_676' title='bbox 671 5250 821 5321; x_wconf 79' lang='grc' dir='ltr'>πάσῃ</span> <span class='ocrx_word' id='word_1_677' title='bbox 849 5247 1034 5307; x_wconf 86' lang='grc' dir='ltr'>πόλει.</span> <span class='ocrx_word' id='word_1_678' title='bbox 1065 5246 1117 5321; x_wconf 81' lang='lat' dir='ltr'><strong>id</strong></span> <span class='ocrx_word' id='word_1_679' title='bbox 1147 5256 1230 5301; x_wconf 85' lang='lat' dir='ltr'><strong>est</strong></span> <span class='ocrx_word' id='word_1_680' title='bbox 1257 5264 1272 5300; x_wconf 91' lang='lat'><strong>:</strong></span> <span class='ocrx_word' id='word_1_681' title='bbox 1310 5244 1474 5321; x_wconf 69' lang='lat' dir='ltr'><strong>c_N_ec_</strong></span> <span class='ocrx_word' id='word_1_682' title='bbox 1492 5244 1701 5321; x_wconf 72' lang='lat' dir='ltr'><strong>amicis,</strong></span> <span class='ocrx_word' id='word_1_683' title='bbox 1732 5256 1834 5321; x_wconf 71' lang='lat' dir='ltr'><strong>nec</strong></span> 
     </span>
    </p>
   </div>
   <div class='ocr_carea' id='block_1_82' title="bbox 253 5312 1832 5384">
    <p class='ocr_par' dir='ltr' id='par_1_82' title="bbox 253 5312 1832 5384">
     <span class='ocr_line' id='line_1_83' title="bbox 253 5312 1832 5384; baseline -0.005 -10"><span class='ocrx_word' id='word_1_684' title='bbox 253 5312 465 5374; x_wconf 77' lang='lat' dir='ltr'><strong>civitati</strong></span> <span class='ocrx_word' id='word_1_685' title='bbox 521 5312 843 5374; x_wconf 78' lang='lat' dir='ltr'><strong>familiareih</strong></span> <span class='ocrx_word' id='word_1_686' title='bbox 884 5327 943 5373; x_wconf 73' lang='lat' dir='ltr'><strong>ac</strong></span> <span class='ocrx_word' id='word_1_687' title='bbox 981 5318 1182 5384; x_wconf 60' lang='lat' dir='ltr'><strong>praebet</strong></span> <span class='ocrx_word' id='word_1_688' title='bbox 1212 5326 1268 5370; x_wconf 89' lang='lat' dir='ltr'><strong>et</strong></span> <span class='ocrx_word' id='word_1_689' title='bbox 1298 5313 1591 5384; x_wconf 69' lang='lat' dir='ltr'><strong>affabilem.</strong></span> <span class='ocrx_word' id='word_1_690' title='bbox 1622 5332 1642 5365; x_wconf 75' lang='grc' dir='ltr'><strong>ι</strong></span> <span class='ocrx_word' id='word_1_691' title='bbox 1676 5312 1832 5381; x_wconf 82' lang='lat' dir='ltr'><strong>Apud</strong></span> 
     </span>
    </p>
   </div>
   <div class='ocr_carea' id='block_1_83' title="bbox 251 5382 1827 5455">
    <p class='ocr_par' dir='ltr' id='par_1_83' title="bbox 251 5382 1827 5455">
     <span class='ocr_line' id='line_1_84' title="bbox 251 5382 1827 5455; baseline -0.006 -10"><span class='ocrx_word' id='word_1_692' title='bbox 251 5389 533 5445; x_wconf 87' lang='lat' dir='ltr'><strong>Pollucem</strong></span> <span class='ocrx_word' id='word_1_693' title='bbox 566 5404 696 5444; x_wconf 90' lang='lat' dir='ltr'><strong>vero</strong></span> <span class='ocrx_word' id='word_1_694' title='bbox 724 5389 819 5442; x_wconf 92' lang='lat' dir='ltr'><strong>lib.</strong></span> <span class='ocrx_word' id='word_1_695' title='bbox 852 5403 908 5453; x_wconf 91' lang='lat' dir='ltr'><strong>v,</strong></span> <span class='ocrx_word' id='word_1_696' title='bbox 933 5382 1053 5455; x_wconf 82' lang='lat' dir='ltr'><strong>cap.</strong></span> <span class='ocrx_word' id='word_1_697' title='bbox 1079 5386 1172 5451; x_wconf 76' lang='grc'><strong>51,</strong></span> <span class='ocrx_word' id='word_1_698' title='bbox 1195 5386 1336 5441; x_wconf 88' lang='lat' dir='ltr'><strong>idem</strong></span> <span class='ocrx_word' id='word_1_699' title='bbox 1373 5383 1482 5440; x_wconf 77' lang='lat' dir='ltr'><strong>fere</strong></span> <span class='ocrx_word' id='word_1_700' title='bbox 1507 5382 1691 5455; x_wconf 76' lang='lat' dir='ltr'><strong>valent</strong></span> <span class='ocrx_word' id='word_1_701' title='bbox 1714 5384 1827 5455; x_wconf 69' lang='lat' dir='ltr'><strong>haec</strong></span> 
     </span>
    </p>
   </div>
   <div class='ocr_carea' id='block_1_84' title="bbox 252 5452 1828 5528">
    <p class='ocr_par' dir='ltr' id='par_1_84' title="bbox 252 5452 1828 5528">
     <span class='ocr_line' id='line_1_85' title="bbox 252 5452 1828 5528; baseline -0.006 -14"><span class='ocrx_word' id='word_1_702' title='bbox 252 5461 513 5526; x_wconf 88' lang='lat' dir='ltr'><strong>nomina,</strong></span> <span class='ocrx_word' id='word_1_703' title='bbox 542 5452 922 5528; x_wconf 65' lang='lat' dir='ltr'><strong>60npoalatro¢_</strong></span> <span class='ocrx_word' id='word_1_704' title='bbox 956 5452 1267 5528; x_wconf 78' lang='lat' dir='ltr'><strong>[legendum</strong></span> <span class='ocrx_word' id='word_1_705' title='bbox 1308 5464 1475 5524; x_wconf 90' lang='lat' dir='ltr'><strong>puto.</strong></span> <span class='ocrx_word' id='word_1_706' title='bbox 1516 5452 1828 5528; x_wconf 58' lang='lat' dir='ltr'><strong>Qvaquda-</strong></span> 
     </span>
    </p>
   </div>
   <div class='ocr_carea' id='block_1_85' title="bbox 251 5476 1827 5602">
    <p class='ocr_par' dir='ltr' id='par_1_85' title="bbox 251 5476 1827 5602">
     <span class='ocr_line' id='line_1_86' title="bbox 252 5476 1827 5528; baseline -0.006 -14"><span class='ocrx_word' id='word_1_707' title='bbox 252 5476 513 5526; x_wconf 87' lang='lat' dir='ltr'><strong>nomtna,</strong></span> <span class='ocrx_word' id='word_1_708' title='bbox 542 5476 650 5514; x_wconf 88' lang='grc' dir='ltr'><strong>ουπ</strong></span> <span class='ocrx_word' id='word_1_709' title='bbox 717 5476 900 5520; x_wconf 82' lang='grc' dir='ltr'>σιατος</span> <span class='ocrx_word' id='word_1_710' title='bbox 958 5476 1267 5528; x_wconf 66' lang='lat' dir='ltr'><strong>[legentium</strong></span> <span class='ocrx_word' id='word_1_711' title='bbox 1308 5476 1475 5524; x_wconf 81' lang='lat' dir='ltr'><strong>pulo.</strong></span> <span class='ocrx_word' id='word_1_712' title='bbox 1516 5476 1827 5520; x_wconf 77' lang='grc' dir='ltr'>ουσπρυσ-</span> 
     </span>
     <span class='ocr_line' id='line_1_87' title="bbox 251 5476 1827 5602; baseline -0.006 -18"><span class='ocrx_word' id='word_1_713' title='bbox 251 5528 437 5602; x_wconf 76' lang='grc' dir='ltr'>ιτος],</span> <span class='ocrx_word' id='word_1_714' title='bbox 459 5476 867 5602; x_wconf 38' lang='grc' dir='ltr'>δυσπρόσοδος.-</span> <span class='ocrx_word' id='word_1_715' title='bbox 890 5525 1146 5602; x_wconf 63' lang='grc' dir='ltr'>άμικτος,</span> <span class='ocrx_word' id='word_1_716' title='bbox 1182 5524 1479 5602; x_wconf 70' lang='grc' dir='ltr'>δύσμικτος</span> <span class='ocrx_word' id='word_1_717' title='bbox 1496 5564 1512 5587; x_wconf 88' lang='grc'><strong>,</strong></span> <span class='ocrx_word' id='word_1_718' title='bbox 1541 5522 1827 5602; x_wconf 75' lang='grc' dir='ltr'>δυσέντευ-</span> 
     </span>
    </p>
   </div>
   <div class='ocr_carea' id='block_1_86' title="bbox 248 5593 1824 5665">
    <p class='ocr_par' dir='ltr' id='par_1_86' title="bbox 248 5593 1824 5665">
     <span class='ocr_line' id='line_1_88' title="bbox 248 5593 1824 5665; baseline -0.006 -12"><span class='ocrx_word' id='word_1_719' title='bbox 248 5593 782 5665; x_wconf 68' lang='grc' dir='ltr'>κτοςζσκυθρωπός,</span> <span class='ocrx_word' id='word_1_720' title='bbox 808 5593 1105 5664; x_wconf 71' lang='lat' dir='ltr'><strong>itidemque</strong></span> <span class='ocrx_word' id='word_1_721' title='bbox 1131 5593 1408 5659; x_wconf 80' lang='lat' dir='ltr'><strong>adverbia,</strong></span> <span class='ocrx_word' id='word_1_722' title='bbox 1429 5593 1824 5665; x_wconf 73' lang='grc' dir='ltr'>δυσπροσίτοις,</span> 
     </span>
    </p>
   </div>
   <div class='ocr_carea' id='block_1_87' title="bbox 248 5663 1824 5740">
    <p class='ocr_par' dir='ltr' id='par_1_87' title="bbox 248 5663 1824 5740">
     <span class='ocr_line' id='line_1_89' title="bbox 248 5663 1824 5740; baseline -0.005 -17"><span class='ocrx_word' id='word_1_723' title='bbox 248 5670 536 5739; x_wconf 84' lang='grc' dir='ltr'>ἁμίκτως,</span> <span class='ocrx_word' id='word_1_724' title='bbox 573 5663 917 5740; x_wconf 78' lang='grc' dir='ltr'>δυσμίκτως,</span> <span class='ocrx_word' id='word_1_725' title='bbox 946 5663 1392 5740; x_wconf 60' lang='grc' dir='ltr'><strong>Δὰιίιροσμίκτως,</strong></span> <span class='ocrx_word' id='word_1_726' title='bbox 1426 5663 1824 5740; x_wconf 54' lang='grc' dir='ltr'>ἀνετξιμίκτως.</span> 
     </span>
    </p>
   </div>
   <div class='ocr_carea' id='block_1_88' title="bbox 248 5681 1826 5862">
    <p class='ocr_par' dir='ltr' id='par_1_88' title="bbox 248 5681 1826 5862">
     <span class='ocr_line' id='line_1_90' title="bbox 248 5681 1824 5787; baseline -0.005 -64"><span class='ocrx_word' id='word_1_727' title='bbox 248 5681 536 5739; x_wconf 80' lang='grc' dir='ltr'>αμικτως,</span> <span class='ocrx_word' id='word_1_728' title='bbox 573 5681 917 5750; x_wconf 72' lang='grc' dir='ltr'>δυσμίκτως,</span> <span class='ocrx_word' id='word_1_729' title='bbox 946 5681 1392 5748; x_wconf 49' lang='grc' dir='ltr'>μπροσμικτως,</span> <span class='ocrx_word' id='word_1_730' title='bbox 1426 5681 1824 5787; x_wconf 38' lang='lat' dir='ltr'><strong>«vaginis:ch</strong></span> 
     </span>
     <span class='ocr_line' id='line_1_91' title="bbox 248 5734 1826 5862; baseline -0.004 -70"><span class='ocrx_word' id='word_1_731' title='bbox 248 5741 417 5862; x_wconf 57' lang='grc' dir='ltr'>Αἱιιιι</span> <span class='ocrx_word' id='word_1_732' title='bbox 457 5739 812 5793; x_wconf 78' lang='lat' dir='ltr'><strong>Athanasium</strong></span> <span class='ocrx_word' id='word_1_733' title='bbox 839 5737 1070 5803; x_wconf 77' lang='lat' dir='ltr'><strong>denique</strong></span> <span class='ocrx_word' id='word_1_734' title='bbox 1106 5747 1237 5789; x_wconf 92' lang='lat' dir='ltr'><strong>tom.</strong></span> <span class='ocrx_word' id='word_1_735' title='bbox 1280 5734 1322 5816; x_wconf 75' lang='lat' dir='ltr'><strong>Il</strong></span> <span class='ocrx_word' id='word_1_736' title='bbox 1351 5749 1472 5804; x_wconf 86' lang='lat' dir='ltr'><strong>pag.</strong></span> <span class='ocrx_word' id='word_1_737' title='bbox 1507 5736 1540 5789; x_wconf 78' lang='grc'>5</span> <span class='ocrx_word' id='word_1_738' title='bbox 1564 5804 1577 5815; x_wconf 42' lang='lat'><em>.</em></span> <span class='ocrx_word' id='word_1_739' title='bbox 1618 5776 1633 5798; x_wconf 89' lang='lat'><strong>,</strong></span> <span class='ocrx_word' id='word_1_740' title='bbox 1659 5750 1826 5813; x_wconf 64' lang='lat' dir='ltr'><strong>suasa-</strong></span> 
     </span>
     <span class='ocr_line' id='line_1_92' title="bbox 248 5803 1821 5862; baseline -0.003 -1"><span class='ocrx_word' id='word_1_741' title='bbox 248 5826 283 5861; x_wconf 83' lang='grc' dir='ltr'><strong>τ</strong></span> <span class='ocrx_word' id='word_1_742' title='bbox 335 5825 531 5862; x_wconf 74' lang='grc' dir='ltr'>μικτος</span> <span class='ocrx_word' id='word_1_743' title='bbox 563 5827 583 5861; x_wconf 74' lang='grc' dir='ltr'><strong>ι</strong></span> <span class='ocrx_word' id='word_1_744' title='bbox 615 5814 980 5862; x_wconf 85' lang='lat' dir='ltr'><strong>mansuetum.</strong></span> <span class='ocrx_word' id='word_1_745' title='bbox 1013 5824 1033 5856; x_wconf 73' lang='grc' dir='ltr'><strong>ι</strong></span> <span class='ocrx_word' id='word_1_746' title='bbox 1071 5814 1167 5861; x_wconf 87' lang='lat' dir='ltr'><strong>aut</strong></span> <span class='ocrx_word' id='word_1_747' title='bbox 1204 5824 1222 5857; x_wconf 80' lang='grc' dir='ltr'><strong>ι</strong></span> <span class='ocrx_word' id='word_1_748' title='bbox 1252 5814 1437 5862; x_wconf 75' lang='lat' dir='ltr'><strong>mitem</strong></span> <span class='ocrx_word' id='word_1_749' title='bbox 1476 5823 1494 5856; x_wconf 75' lang='grc' dir='ltr'><strong>ι</strong></span> <span class='ocrx_word' id='word_1_750' title='bbox 1535 5803 1821 5862; x_wconf 69' lang='lat' dir='ltr'><strong>signiﬁcat.</strong></span> 
     </span>
    </p>
   </div>
   <div class='ocr_carea' id='block_1_89' title="bbox 245 5803 1821 5879">
    <p class='ocr_par' dir='ltr' id='par_1_89' title="bbox 245 5803 1821 5879">
     <span class='ocr_line' id='line_1_93' title="bbox 245 5803 1821 5879; baseline -0.003 -18"><span class='ocrx_word' id='word_1_751' title='bbox 245 5803 531 5879; x_wconf 75' lang='grc' dir='ltr'>τᾶμικτος</span> <span class='ocrx_word' id='word_1_752' title='bbox 563 5827 583 5861; x_wconf 76' lang='lat' dir='ltr'><strong>t</strong></span> <span class='ocrx_word' id='word_1_753' title='bbox 615 5814 980 5879; x_wconf 73' lang='lat' dir='ltr'><strong>mansuetum,</strong></span> <span class='ocrx_word' id='word_1_754' title='bbox 1013 5824 1033 5856; x_wconf 72' lang='grc' dir='ltr'><strong>ι</strong></span> <span class='ocrx_word' id='word_1_755' title='bbox 1071 5814 1167 5879; x_wconf 77' lang='lat' dir='ltr'><strong>aut</strong></span> <span class='ocrx_word' id='word_1_756' title='bbox 1204 5824 1222 5857; x_wconf 83' lang='grc' dir='ltr'><strong>ι</strong></span> <span class='ocrx_word' id='word_1_757' title='bbox 1252 5803 1439 5862; x_wconf 78' lang='lat' dir='ltr'><strong>mitem</strong></span> <span class='ocrx_word' id='word_1_758' title='bbox 1476 5823 1494 5856; x_wconf 74' lang='grc' dir='ltr'><strong>ι</strong></span> <span class='ocrx_word' id='word_1_759' title='bbox 1535 5803 1821 5875; x_wconf 83' lang='lat' dir='ltr'><strong>signiﬁcat.</strong></span> 
     </span>
    </p>
   </div>
   <div class='ocr_carea' id='block_1_90' title="bbox 330 5874 1150 5950">
    <p class='ocr_par' dir='ltr' id='par_1_90' title="bbox 330 5874 1150 5950">
     <span class='ocr_line' id='line_1_94' title="bbox 330 5874 1150 5950; baseline -0.002 -18"><span class='ocrx_word' id='word_1_760' title='bbox 330 5874 444 5948; x_wconf 82' lang='grc'><strong>(87)</strong></span> <span class='ocrx_word' id='word_1_761' title='bbox 484 5879 596 5950; x_wconf 78' lang='lat' dir='ltr'><strong>Ego</strong></span> <span class='ocrx_word' id='word_1_762' title='bbox 632 5888 704 5935; x_wconf 78' lang='lat' dir='ltr'><strong>te.</strong></span> <span class='ocrx_word' id='word_1_763' title='bbox 740 5875 895 5932; x_wconf 83' lang='lat' dir='ltr'><strong>Joan.</strong></span> <span class='ocrx_word' id='word_1_764' title='bbox 928 5889 1065 5943; x_wconf 75' lang='lat' dir='ltr'><strong>xvn,</strong></span> <span class='ocrx_word' id='word_1_765' title='bbox 1097 5874 1150 5930; x_wconf 72' lang='grc'><strong>4.</strong></span> 
     </span>
    </p>
   </div>
   <div class='ocr_carea' id='block_1_91' title="bbox 433 5173 1834 5247">
    <p class='ocr_par' dir='ltr' id='par_1_91' title="bbox 433 5173 1834 5247">
     <span class='ocr_line' id='line_1_95' title="bbox 433 5173 1834 5247; baseline -0.008 -11"><span class='ocrx_word' id='word_1_766' title='bbox 433 5198 507 5236; x_wconf 81' lang='lat' dir='ltr'><strong>xx</strong></span> <span class='ocrx_word' id='word_1_767' title='bbox 535 5173 625 5235; x_wconf 85' lang='lat' dir='ltr'><strong>hic</strong></span> <span class='ocrx_word' id='word_1_768' title='bbox 652 5173 925 5246; x_wconf 82' lang='lat' dir='ltr'><strong>Euripidis</strong></span> <span class='ocrx_word' id='word_1_769' title='bbox 961 5193 1152 5247; x_wconf 87' lang='lat' dir='ltr'><strong>versus</strong></span> <span class='ocrx_word' id='word_1_770' title='bbox 1179 5176 1405 5247; x_wconf 54' lang='lat' dir='ltr'><strong>legitur;</strong></span> <span class='ocrx_word' id='word_1_771' title='bbox 1419 5174 1600 5247; x_wconf 79' lang='grc' dir='ltr'>Φίλοις</span> <span class='ocrx_word' id='word_1_772' title='bbox 1629 5173 1678 5247; x_wconf 77' lang='grc' dir='ltr'>τ’</span> <span class='ocrx_word' id='word_1_773' title='bbox 1705 5173 1834 5243; x_wconf 82' lang='grc' dir='ltr'>ἄμι-</span> 
     </span>
    </p>
   </div>
   <div class='ocr_carea' id='block_1_92' title="bbox 1941 3630 3517 3687">
    <p class='ocr_par' dir='ltr' id='par_1_92' title="bbox 1941 3630 3517 3687">
     <span class='ocr_line' id='line_1_96' title="bbox 1941 3630 3517 3687; baseline -0.001 -1"><span class='ocrx_word' id='word_1_774' title='bbox 1941 3646 2063 3687; x_wconf 90' lang='lat' dir='ltr'><strong>cum</strong></span> <span class='ocrx_word' id='word_1_775' title='bbox 2087 3631 2366 3686; x_wconf 76' lang='lat' dir='ltr'><strong>Genitore.</strong></span> <span class='ocrx_word' id='word_1_776' title='bbox 2398 3631 2596 3686; x_wconf 90' lang='lat' dir='ltr'><strong>lterum</strong></span> <span class='ocrx_word' id='word_1_777' title='bbox 2622 3631 2765 3685; x_wconf 90' lang='lat' dir='ltr'><strong>enim</strong></span> <span class='ocrx_word' id='word_1_778' title='bbox 2806 3631 2860 3685; x_wconf 92' lang='lat' dir='ltr'><strong>in</strong></span> <span class='ocrx_word' id='word_1_779' title='bbox 2886 3630 3139 3687; x_wconf 66' lang='lat' dir='ltr'><strong>Matthato</strong></span> <span class='ocrx_word' id='word_1_780' title='bbox 3162 3631 3303 3686; x_wconf 90' lang='lat' dir='ltr'><strong>idem</strong></span> <span class='ocrx_word' id='word_1_781' title='bbox 3329 3631 3517 3686; x_wconf 85' lang='lat' dir='ltr'><strong>Domi-</strong></span> 
     </span>
    </p>
   </div>
   <div class='ocr_carea' id='block_1_93' title="bbox 1944 3722 3517 3795">
    <p class='ocr_par' dir='ltr' id='par_1_93' title="bbox 1944 3722 3517 3795">
     <span class='ocr_line' id='line_1_97' title="bbox 1944 3722 3517 3795; baseline 0.001 -19"><span class='ocrx_word' id='word_1_782' title='bbox 1944 3737 2048 3777; x_wconf 85' lang='lat' dir='ltr'><strong>nus</strong></span> <span class='ocrx_word' id='word_1_783' title='bbox 2073 3723 2315 3775; x_wconf 81' lang='lat' dir='ltr'><strong>eamdcm</strong></span> <span class='ocrx_word' id='word_1_784' title='bbox 2343 3736 2458 3775; x_wconf 89' lang='lat' dir='ltr'><strong>rem</strong></span> <span class='ocrx_word' id='word_1_785' title='bbox 2486 3736 2784 3791; x_wconf 73' lang='lat' dir='ltr'><strong>exponens,</strong></span> <span class='ocrx_word' id='word_1_786' title='bbox 2816 3731 2867 3777; x_wconf 88' lang='lat' dir='ltr'><strong>et</strong></span> <span class='ocrx_word' id='word_1_787' title='bbox 2921 3722 3167 3777; x_wconf 85' lang='lat' dir='ltr'><strong>eamdem</strong></span> <span class='ocrx_word' id='word_1_788' title='bbox 3219 3723 3320 3778; x_wconf 84' lang='lat' dir='ltr'><strong>sibi</strong></span> <span class='ocrx_word' id='word_1_789' title='bbox 3350 3723 3517 3795; x_wconf 68' lang='grc'><strong>420</strong></span> 
     </span>
    </p>
   </div>
   <div class='ocr_carea' id='block_1_94' title="bbox 1942 3813 3513 3881">
    <p class='ocr_par' dir='ltr' id='par_1_94' title="bbox 1942 3813 3513 3881">
     <span class='ocr_line' id='line_1_98' title="bbox 1942 3813 3513 3881; baseline 0 -13"><span class='ocrx_word' id='word_1_790' title='bbox 1942 3828 2067 3868; x_wconf 89' lang='lat' dir='ltr'><strong>cum</strong></span> <span class='ocrx_word' id='word_1_791' title='bbox 2095 3813 2257 3869; x_wconf 86' lang='lat' dir='ltr'><strong>Patre</strong></span> <span class='ocrx_word' id='word_1_792' title='bbox 2291 3813 2519 3881; x_wconf 85' lang='lat' dir='ltr'><strong>gloriam</strong></span> <span class='ocrx_word' id='word_1_793' title='bbox 2546 3828 2671 3868; x_wconf 87' lang='lat' dir='ltr'><strong>esse</strong></span> <span class='ocrx_word' id='word_1_794' title='bbox 2703 3814 3016 3878; x_wconf 88' lang='lat' dir='ltr'><strong>ostendens,</strong></span> <span class='ocrx_word' id='word_1_795' title='bbox 3051 3813 3132 3869; x_wconf 90' lang='lat' dir='ltr'><strong>sic</strong></span> <span class='ocrx_word' id='word_1_796' title='bbox 3156 3813 3366 3871; x_wconf 88' lang='lat' dir='ltr'><strong>locutus</strong></span> <span class='ocrx_word' id='word_1_797' title='bbox 3387 3827 3468 3871; x_wconf 87' lang='lat' dir='ltr'><strong>est</strong></span> <span class='ocrx_word' id='word_1_798' title='bbox 3499 3835 3513 3869; x_wconf 89' lang='lat'><strong>:</strong></span> 
     </span>
    </p>
   </div>
   <div class='ocr_carea' id='block_1_95' title="bbox 1948 3904 3515 3980">
    <p class='ocr_par' dir='ltr' id='par_1_95' title="bbox 1948 3904 3515 3980">
     <span class='ocr_line' id='line_1_99' title="bbox 1948 3904 3515 3980; baseline 0.004 -22"><span class='ocrx_word' id='word_1_799' title='bbox 1948 3924 1968 3958; x_wconf 72' lang='grc' dir='ltr'><strong>ι</strong></span> <span class='ocrx_word' id='word_1_800' title='bbox 2002 3905 2137 3961; x_wconf 88' lang='lat' dir='ltr'><strong>Cum</strong></span> <span class='ocrx_word' id='word_1_801' title='bbox 2164 3915 2343 3962; x_wconf 88' lang='lat' dir='ltr'><strong>autem</strong></span> <span class='ocrx_word' id='word_1_802' title='bbox 2380 3904 2491 3979; x_wconf 80' lang='lat'><strong>(95)</strong></span> <span class='ocrx_word' id='word_1_803' title='bbox 2545 3907 2755 3962; x_wconf 88' lang='lat' dir='ltr'><strong>venerit</strong></span> <span class='ocrx_word' id='word_1_804' title='bbox 2787 3906 2958 3962; x_wconf 86' lang='lat' dir='ltr'><strong>Filius</strong></span> <span class='ocrx_word' id='word_1_805' title='bbox 3004 3908 3239 3966; x_wconf 86' lang='lat' dir='ltr'><strong>hominis</strong></span> <span class='ocrx_word' id='word_1_806' title='bbox 3266 3910 3515 3980; x_wconf 86' lang='lat' dir='ltr'><strong>ingloria</strong></span> 
     </span>
    </p>
   </div>
   <div class='ocr_carea' id='block_1_96' title="bbox 1943 3996 3011 4068">
    <p class='ocr_par' dir='ltr' id='par_1_96' title="bbox 1943 3996 3011 4068">
     <span class='ocr_line' id='line_1_100' title="bbox 1943 3996 3011 4068; baseline 0.002 -18"><span class='ocrx_word' id='word_1_807' title='bbox 1943 4011 2063 4065; x_wconf 89' lang='lat' dir='ltr'><strong>sua,</strong></span> <span class='ocrx_word' id='word_1_808' title='bbox 2086 4004 2141 4050; x_wconf 89' lang='lat' dir='ltr'><strong>et</strong></span> <span class='ocrx_word' id='word_1_809' title='bbox 2166 4010 2356 4052; x_wconf 88' lang='lat' dir='ltr'><strong>omnes</strong></span> <span class='ocrx_word' id='word_1_810' title='bbox 2394 3997 2570 4068; x_wconf 83' lang='lat' dir='ltr'><strong>angeli</strong></span> <span class='ocrx_word' id='word_1_811' title='bbox 2595 3996 2707 4067; x_wconf 78' lang='lat'><strong>(96)</strong></span> <span class='ocrx_word' id='word_1_812' title='bbox 2740 4013 2863 4052; x_wconf 90' lang='lat' dir='ltr'><strong>cum</strong></span> <span class='ocrx_word' id='word_1_813' title='bbox 2891 4012 3011 4054; x_wconf 64' lang='lat' dir='ltr'><strong>eo.»</strong></span> 
     </span>
    </p>
   </div>
   <div class='ocr_carea' id='block_1_97' title="bbox 2519 4126 2923 4185">
    <p class='ocr_par' dir='ltr' id='par_1_97' title="bbox 2519 4126 2923 4185">
     <span class='ocr_line' id='line_1_101' title="bbox 2519 4126 2923 4185; baseline -0.002 -1"><span class='ocrx_word' id='word_1_814' title='bbox 2519 4126 2670 4185; x_wconf 84' lang='lat' dir='ltr'><strong>CAP.</strong></span> <span class='ocrx_word' id='word_1_815' title='bbox 2711 4128 2923 4185; x_wconf 80' lang='lat' dir='ltr'><strong>XXVII.</strong></span> 
     </span>
    </p>
   </div>
   <div class='ocr_carea' id='block_1_98' title="bbox 2012 4241 3507 4314">
    <p class='ocr_par' dir='ltr' id='par_1_98' title="bbox 2012 4241 3507 4314">
     <span class='ocr_line' id='line_1_102' title="bbox 2012 4241 3507 4314; baseline 0.002 -18"><span class='ocrx_word' id='word_1_816' title='bbox 2012 4241 2059 4296; x_wconf 85' lang='lat' dir='ltr'><strong>A</strong></span> <span class='ocrx_word' id='word_1_817' title='bbox 2093 4242 2324 4297; x_wconf 89' lang='lat' dir='ltr'><strong>veritate</strong></span> <span class='ocrx_word' id='word_1_818' title='bbox 2348 4243 2570 4297; x_wconf 91' lang='lat' dir='ltr'><strong>omnino</strong></span> <span class='ocrx_word' id='word_1_819' title='bbox 2593 4242 2826 4297; x_wconf 89' lang='lat' dir='ltr'><strong>alienum</strong></span> <span class='ocrx_word' id='word_1_820' title='bbox 2857 4250 2942 4299; x_wconf 89' lang='lat' dir='ltr'><strong>est</strong></span> <span class='ocrx_word' id='word_1_821' title='bbox 2967 4245 3129 4299; x_wconf 85' lang='lat' dir='ltr'><strong>etiam</strong></span> <span class='ocrx_word' id='word_1_822' title='bbox 3159 4245 3302 4314; x_wconf 88' lang='lat' dir='ltr'><strong>quod</strong></span> <span class='ocrx_word' id='word_1_823' title='bbox 3333 4245 3507 4309; x_wconf 85' lang='lat' dir='ltr'><strong>aiunt.</strong></span> 
     </span>
    </p>
   </div>
   <div class='ocr_carea' id='block_1_99' title="bbox 1941 4331 3508 4390">
    <p class='ocr_par' dir='ltr' id='par_1_99' title="bbox 1941 4331 3508 4390">
     <span class='ocr_line' id='line_1_103' title="bbox 1941 4331 3508 4390; baseline 0.002 -4"><span class='ocrx_word' id='word_1_824' title='bbox 1941 4331 2083 4388; x_wconf 89' lang='lat' dir='ltr'><strong>inter</strong></span> <span class='ocrx_word' id='word_1_825' title='bbox 2106 4334 2343 4389; x_wconf 87' lang='lat' dir='ltr'><strong>divinam</strong></span> <span class='ocrx_word' id='word_1_826' title='bbox 2381 4343 2629 4389; x_wconf 87' lang='lat' dir='ltr'><strong>naturam</strong></span> <span class='ocrx_word' id='word_1_827' title='bbox 2679 4344 2735 4389; x_wconf 89' lang='lat' dir='ltr'><strong>et</strong></span> <span class='ocrx_word' id='word_1_828' title='bbox 2782 4345 3023 4390; x_wconf 89' lang='lat' dir='ltr'><strong>creatam</strong></span> <span class='ocrx_word' id='word_1_829' title='bbox 3081 4336 3310 4390; x_wconf 82' lang='lat' dir='ltr'><strong>mediam</strong></span> <span class='ocrx_word' id='word_1_830' title='bbox 3340 4337 3508 4390; x_wconf 77' lang='lat' dir='ltr'><strong>inter-</strong></span> 
     </span>
    </p>
   </div>
   <div class='ocr_carea' id='block_1_100' title="bbox 1937 4427 3507 4499">
    <p class='ocr_par' dir='ltr' id='par_1_100' title="bbox 1937 4427 3507 4499">
     <span class='ocr_line' id='line_1_104' title="bbox 1937 4427 3507 4499; baseline 0.003 -18"><span class='ocrx_word' id='word_1_831' title='bbox 1937 4428 2131 4483; x_wconf 92' lang='lat' dir='ltr'><strong>cedere</strong></span> <span class='ocrx_word' id='word_1_832' title='bbox 2161 4437 2407 4482; x_wconf 89' lang='lat' dir='ltr'><strong>naturam</strong></span> <span class='ocrx_word' id='word_1_833' title='bbox 2442 4427 2586 4492; x_wconf 83' lang='lat' dir='ltr'><strong>Filii,</strong></span> <span class='ocrx_word' id='word_1_834' title='bbox 2618 4428 2759 4497; x_wconf 88' lang='lat' dir='ltr'><strong>quod</strong></span> <span class='ocrx_word' id='word_1_835' title='bbox 2814 4436 2873 4482; x_wconf 88' lang='lat' dir='ltr'><strong>ut</strong></span> <span class='ocrx_word' id='word_1_836' title='bbox 2930 4428 3178 4497; x_wconf 87' lang='lat' dir='ltr'><strong>probent,</strong></span> <span class='ocrx_word' id='word_1_837' title='bbox 3222 4444 3507 4499; x_wconf 82' lang='lat' dir='ltr'><strong>perperam</strong></span> 
     </span>
    </p>
   </div>
   <div class='ocr_carea' id='block_1_101' title="bbox 1941 4516 3510 4589">
    <p class='ocr_par' dir='ltr' id='par_1_101' title="bbox 1941 4516 3510 4589">
     <span class='ocr_line' id='line_1_105' title="bbox 1941 4516 3510 4589; baseline 0.003 -19"><span class='ocrx_word' id='word_1_838' title='bbox 1941 4516 2047 4572; x_wconf 93' lang='lat' dir='ltr'><strong>huc</strong></span> <span class='ocrx_word' id='word_1_839' title='bbox 2075 4516 2407 4573; x_wconf 79' lang='lat' dir='ltr'><strong>transferunt</strong></span> <span class='ocrx_word' id='word_1_840' title='bbox 2446 4516 2742 4588; x_wconf 79' lang='lat' dir='ltr'><strong>Scriptura:</strong></span> <span class='ocrx_word' id='word_1_841' title='bbox 2787 4517 2985 4583; x_wconf 87' lang='lat' dir='ltr'><strong>locum,</strong></span> <span class='ocrx_word' id='word_1_842' title='bbox 3014 4519 3067 4574; x_wconf 93' lang='lat' dir='ltr'><strong>in</strong></span> <span class='ocrx_word' id='word_1_843' title='bbox 3106 4534 3212 4589; x_wconf 91' lang='lat' dir='ltr'><strong>quo</strong></span> <span class='ocrx_word' id='word_1_844' title='bbox 3243 4531 3392 4577; x_wconf 90' lang='lat' dir='ltr'><strong>recte</strong></span> <span class='ocrx_word' id='word_1_845' title='bbox 3421 4520 3510 4575; x_wconf 86' lang='lat' dir='ltr'><strong>di-</strong></span> 
     </span>
    </p>
   </div>
   <div class='ocr_carea' id='block_1_102' title="bbox 1996 4753 3042 4831">
    <p class='ocr_par' dir='ltr' id='par_1_102' title="bbox 1996 4753 3042 4831">
     <span class='ocr_line' id='line_1_106' title="bbox 1996 4753 3042 4831; baseline 0.002 -21"><span class='ocrx_word' id='word_1_846' title='bbox 2150 4756 2294 4831; x_wconf 61' lang='lat' dir='ltr'><strong>ng.</strong></span> <span class='ocrx_word' id='word_1_847' title='bbox 2329 4756 2531 4831; x_wconf 65' lang='lat' dir='ltr'><strong>Codex,</strong></span> <span class='ocrx_word' id='word_1_848' title='bbox 2566 4757 2893 4831; x_wconf 65' lang='lat' dir='ltr'><strong>cfSELJLego</strong></span> <span class='ocrx_word' id='word_1_849' title='bbox 2918 4757 3042 4830; x_wconf 74' lang='grc' dir='ltr'>ἤδη.</span> 
     </span>
    </p>
   </div>
   <div class='ocr_carea' id='block_1_103' title="bbox 2006 4824 2777 4895">
    <p class='ocr_par' dir='ltr' id='par_1_103' title="bbox 2006 4824 2777 4895">
     <span class='ocr_line' id='line_1_107' title="bbox 2006 4824 2777 4895; baseline 0.003 -15"><span class='ocrx_word' id='word_1_850' title='bbox 2006 4825 2121 4895; x_wconf 88' lang='grc'><strong>(89)</strong></span> <span class='ocrx_word' id='word_1_851' title='bbox 2163 4824 2343 4881; x_wconf 80' lang='lat' dir='ltr'><strong>Pater.</strong></span> <span class='ocrx_word' id='word_1_852' title='bbox 2374 4826 2529 4884; x_wconf 85' lang='lat' dir='ltr'><strong>Joan.</strong></span> <span class='ocrx_word' id='word_1_853' title='bbox 2563 4843 2700 4894; x_wconf 73' lang='lat' dir='ltr'><strong>xvu,</strong></span> <span class='ocrx_word' id='word_1_854' title='bbox 2728 4829 2777 4883; x_wconf 82' lang='lat' dir='ltr'><strong>l.</strong></span> 
     </span>
    </p>
   </div>
   <div class='ocr_carea' id='block_1_104' title="bbox 2007 4895 3385 4965">
    <p class='ocr_par' dir='ltr' id='par_1_104' title="bbox 2007 4895 3385 4965">
     <span class='ocr_line' id='line_1_108' title="bbox 2007 4895 3385 4965; baseline 0.004 -16"><span class='ocrx_word' id='word_1_855' title='bbox 2007 4896 2121 4961; x_wconf 84' lang='lat'><strong>(90)</strong></span> <span class='ocrx_word' id='word_1_856' title='bbox 2158 4895 2218 4965; x_wconf 83' lang='lat' dir='ltr'><strong>Si</strong></span> <span class='ocrx_word' id='word_1_857' title='bbox 2250 4896 2506 4965; x_wconf 78' lang='lat' dir='ltr'><strong>glori/ica.</strong></span> <span class='ocrx_word' id='word_1_858' title='bbox 2537 4896 2691 4951; x_wconf 82' lang='lat' dir='ltr'><strong>Joan.</strong></span> <span class='ocrx_word' id='word_1_859' title='bbox 2731 4914 2852 4965; x_wconf 73' lang='lat' dir='ltr'><strong>vm,</strong></span> <span class='ocrx_word' id='word_1_860' title='bbox 2877 4899 2968 4955; x_wconf 68' lang='grc'><strong>54.</strong></span> <span class='ocrx_word' id='word_1_861' title='bbox 3106 4942 3114 4961; x_wconf 94' lang='grc'><strong>,</strong></span> <span class='ocrx_word' id='word_1_862' title='bbox 3380 4912 3385 4919; x_wconf 82' lang='lat'><strong>&#39;</strong></span> 
     </span>
    </p>
   </div>
   <div class='ocr_carea' id='block_1_105' title="bbox 2000 4964 3500 5038">
    <p class='ocr_par' dir='ltr' id='par_1_105' title="bbox 2000 4964 3500 5038">
     <span class='ocr_line' id='line_1_109' title="bbox 2000 4964 3500 5038; baseline 0.007 -17"><span class='ocrx_word' id='word_1_863' title='bbox 2000 4966 2118 5036; x_wconf 69' lang='grc'><strong>,(91)</strong></span> <span class='ocrx_word' id='word_1_864' title='bbox 2151 4964 2454 5038; x_wconf 56' lang='lat' dir='ltr'><strong>suum.</strong></span> <span class='ocrx_word' id='word_1_865' title='bbox 2495 4967 2674 5038; x_wconf 82' lang='lat' dir='ltr'><strong>Codex</strong></span> <span class='ocrx_word' id='word_1_866' title='bbox 2713 4964 2873 5024; x_wconf 85' lang='lat' dir='ltr'><strong>habet</strong></span> <span class='ocrx_word' id='word_1_867' title='bbox 2922 4972 2983 5024; x_wconf 80' lang='grc' dir='ltr'>ὲν</span> <span class='ocrx_word' id='word_1_868' title='bbox 3024 4973 3210 5038; x_wconf 82' lang='grc' dir='ltr'>αὐτοῖς</span> <span class='ocrx_word' id='word_1_869' title='bbox 3237 4973 3407 5036; x_wconf 67' lang='grc' dir='ltr'>ἔστιν.</span> <span class='ocrx_word' id='word_1_870' title='bbox 3446 4975 3500 5031; x_wconf 88' lang='lat' dir='ltr'><strong>id</strong></span> 
     </span>
    </p>
   </div>
   <div class='ocr_carea' id='block_1_106' title="bbox 1933 5036 3504 5117">
    <p class='ocr_par' dir='ltr' id='par_1_106' title="bbox 1933 5036 3504 5117">
     <span class='ocr_line' id='line_1_110' title="bbox 1933 5036 3504 5117; baseline 0.007 -27"><span class='ocrx_word' id='word_1_871' title='bbox 1933 5046 2038 5117; x_wconf 68' lang='lat' dir='ltr'><strong>est,</strong></span> <span class='ocrx_word' id='word_1_872' title='bbox 2090 5054 2108 5087; x_wconf 74' lang='grc' dir='ltr'><strong>ι</strong></span> <span class='ocrx_word' id='word_1_873' title='bbox 2147 5036 2370 5117; x_wconf 43' lang='lat' dir='ltr'><strong>inLips-is</strong></span> <span class='ocrx_word' id='word_1_874' title='bbox 2406 5047 2571 5117; x_wconf 34' lang='lat' dir='ltr'><strong>est.»</strong></span> <span class='ocrx_word' id='word_1_875' title='bbox 2600 5037 2716 5117; x_wconf 75' lang='lat' dir='ltr'><strong>Sed</strong></span> <span class='ocrx_word' id='word_1_876' title='bbox 2746 5041 2958 5096; x_wconf 86' lang='lat' dir='ltr'><strong>videtur</strong></span> <span class='ocrx_word' id='word_1_877' title='bbox 3001 5036 3278 5100; x_wconf 80' lang='lat' dir='ltr'><strong>tuendum.</strong></span> <span class='ocrx_word' id='word_1_878' title='bbox 3315 5046 3504 5117; x_wconf 82' lang='lat' dir='ltr'><strong>ltaque</strong></span> 
     </span>
    </p>
   </div>
   <div class='ocr_carea' id='block_1_107' title="bbox 1933 5105 2732 5175">
    <p class='ocr_par' dir='ltr' id='par_1_107' title="bbox 1933 5105 2732 5175">
     <span class='ocr_line' id='line_1_111' title="bbox 1933 5105 2732 5175; baseline 0.006 -17"><span class='ocrx_word' id='word_1_879' title='bbox 1933 5105 2051 5175; x_wconf 86' lang='lat' dir='ltr'><strong>lego</strong></span> <span class='ocrx_word' id='word_1_880' title='bbox 2082 5121 2148 5159; x_wconf 81' lang='lat' dir='ltr'><strong>ex</strong></span> <span class='ocrx_word' id='word_1_881' title='bbox 2178 5105 2388 5170; x_wconf 86' lang='lat' dir='ltr'><strong>Bibliis,</strong></span> <span class='ocrx_word' id='word_1_882' title='bbox 2413 5106 2567 5161; x_wconf 81' lang='grc' dir='ltr'>οὐδέν</span> <span class='ocrx_word' id='word_1_883' title='bbox 2596 5110 2732 5163; x_wconf 78' lang='grc' dir='ltr'>ἐστι.</span> 
     </span>
    </p>
   </div>
   <div class='ocr_carea' id='block_1_108' title="bbox 2002 5175 3037 5245">
    <p class='ocr_par' dir='ltr' id='par_1_108' title="bbox 2002 5175 3037 5245">
     <span class='ocr_line' id='line_1_112' title="bbox 2002 5175 3037 5245; baseline 0.009 -16"><span class='ocrx_word' id='word_1_884' title='bbox 2002 5176 2124 5245; x_wconf 75' lang='grc'><strong>(92)</strong></span> <span class='ocrx_word' id='word_1_885' title='bbox 2162 5175 2231 5245; x_wconf 62' lang='grc' dir='ltr'><strong>ζει</strong></span> <span class='ocrx_word' id='word_1_886' title='bbox 2268 5176 2780 5244; x_wconf 80' lang='lat' dir='ltr'><strong>gloriﬁcavi.&#39;Joan.</strong></span> <span class='ocrx_word' id='word_1_887' title='bbox 2815 5196 2913 5245; x_wconf 81' lang='lat' dir='ltr'><strong>xu,</strong></span> <span class='ocrx_word' id='word_1_888' title='bbox 2945 5180 3037 5238; x_wconf 72' lang='lat'><strong>28.</strong></span> 
     </span>
    </p>
   </div>
   <div class='ocr_carea' id='block_1_109' title="bbox 2003 5242 3504 5326">
    <p class='ocr_par' dir='ltr' id='par_1_109' title="bbox 2003 5242 3504 5326">
     <span class='ocr_line' id='line_1_113' title="bbox 2003 5242 3504 5326; baseline 0.008 -26"><span class='ocrx_word' id='word_1_889' title='bbox 2003 5242 2114 5326; x_wconf 77' lang='grc'><strong>(9⁸5)</strong></span> <span class='ocrx_word' id='word_1_890' title='bbox 2155 5242 2774 5326; x_wconf 35' lang='lat' dir='ltr'><strong>Ponuntustjrihrarius</strong></span> <span class='ocrx_word' id='word_1_891' title='bbox 2804 5242 3201 5326; x_wconf 73' lang='lat' dir='ltr'><strong>interrogantis</strong></span> <span class='ocrx_word' id='word_1_892' title='bbox 3224 5254 3343 5326; x_wconf 69' lang='lat' dir='ltr'><strong>haec</strong></span> <span class='ocrx_word' id='word_1_893' title='bbox 3375 5272 3504 5326; x_wconf 50' lang='lat' dir='ltr'><strong>esse</strong></span> 
     </span>
    </p>
   </div>
   <div class='ocr_carea' id='block_1_110' title="bbox 1932 5316 3503 5393">
    <p class='ocr_par' dir='ltr' id='par_1_110' title="bbox 1932 5316 3503 5393">
     <span class='ocr_line' id='line_1_114' title="bbox 1932 5316 3503 5393; baseline 0.008 -27"><span class='ocrx_word' id='word_1_894' title='bbox 1932 5316 2369 5393; x_wconf 69' lang='lat' dir='ltr'><strong>putansscripsit</strong></span> <span class='ocrx_word' id='word_1_895' title='bbox 2397 5334 2410 5369; x_wconf 95' lang='lat'>:</span> <span class='ocrx_word' id='word_1_896' title='bbox 2449 5316 3157 5393; x_wconf 48' lang='grc' dir='ltr'>’Λλλίέτέρανύποθώμεθα</span> <span class='ocrx_word' id='word_1_897' title='bbox 3185 5325 3365 5390; x_wconf 83' lang='grc' dir='ltr'>δόξαν,</span> <span class='ocrx_word' id='word_1_898' title='bbox 3392 5324 3503 5380; x_wconf 79' lang='lat' dir='ltr'><strong>ﬂu-</strong></span> 
     </span>
    </p>
   </div>
   <div class='ocr_carea' id='block_1_111' title="bbox 1926 5384 3497 5465">
    <p class='ocr_par' dir='ltr' id='par_1_111' title="bbox 1926 5384 3497 5465">
     <span class='ocr_line' id='line_1_115' title="bbox 1926 5384 3497 5465; baseline 0.008 -28"><span class='ocrx_word' id='word_1_899' title='bbox 1926 5384 2164 5465; x_wconf 55' lang='lat' dir='ltr'><strong>Lnstnodi</strong></span> <span class='ocrx_word' id='word_1_900' title='bbox 2182 5385 2326 5465; x_wconf 76' lang='lat' dir='ltr'><strong>enim</strong></span> <span class='ocrx_word' id='word_1_901' title='bbox 2357 5388 2603 5465; x_wconf 81' lang='lat' dir='ltr'><strong>est_a_pud</strong></span> <span class='ocrx_word' id='word_1_902' title='bbox 2629 5384 2777 5444; x_wconf 77' lang='lat' dir='ltr'><strong>illum</strong></span> <span class='ocrx_word' id='word_1_903' title='bbox 2799 5384 3241 5465; x_wconf 69' lang='lat' dir='ltr'><strong>interrogationis</strong></span> <span class='ocrx_word' id='word_1_904' title='bbox 3257 5384 3497 5465; x_wconf 72' lang='lat' dir='ltr'><strong>signum.</strong></span> 
     </span>
    </p>
   </div>
   <div class='ocr_carea' id='block_1_112' title="bbox 1930 5454 3501 5576">
    <p class='ocr_par' dir='ltr' id='par_1_112' title="bbox 1930 5454 3501 5576">
     <span class='ocr_line' id='line_1_116' title="bbox 1930 5454 3501 5576; baseline 0.006 -68"><span class='ocrx_word' id='word_1_905' title='bbox 1930 5454 2037 5576; x_wconf 42' lang='grc' dir='ltr'><strong>ἔξ</strong></span> <span class='ocrx_word' id='word_1_906' title='bbox 2059 5454 2385 5576; x_wconf 50' lang='grc' dir='ltr'><strong>ἤριῃείηηίον</strong></span> <span class='ocrx_word' id='word_1_907' title='bbox 2418 5454 2631 5512; x_wconf 82' lang='lat' dir='ltr'><strong>videtur</strong></span> <span class='ocrx_word' id='word_1_908' title='bbox 2672 5463 2963 5531; x_wconf 83' lang='lat' dir='ltr'><strong>sententia,</strong></span> <span class='ocrx_word' id='word_1_909' title='bbox 3000 5454 3048 5518; x_wconf 68' lang='lat' dir='ltr'><strong>si</strong></span> <span class='ocrx_word' id='word_1_910' title='bbox 3072 5464 3146 5519; x_wconf 87' lang='lat' dir='ltr'><strong>ita</strong></span> <span class='ocrx_word' id='word_1_911' title='bbox 3177 5454 3415 5537; x_wconf 75' lang='lat' dir='ltr'><strong>legatur,</strong></span> <span class='ocrx_word' id='word_1_912' title='bbox 3442 5474 3501 5518; x_wconf 90' lang='lat' dir='ltr'><strong>ut</strong></span> 
     </span>
     <span class='ocr_line' id='line_1_117' title="bbox 2146 5541 3173 5576; baseline 0 0"><span class='ocrx_word' id='word_1_913' title='bbox 2146 5541 2184 5576; x_wconf 83' lang='grc' dir='ltr'><strong>Ι.</strong></span> <span class='ocrx_word' id='word_1_914' title='bbox 3168 5571 3173 5576; x_wconf 92' lang='grc'><strong>.</strong></span> 
     </span>
    </p>
   </div>
   <div class='ocr_carea' id='block_1_113' title="bbox 1997 5539 3173 5581">
    <p class='ocr_par' dir='ltr' id='par_1_113' title="bbox 1997 5539 3173 5581">
     <span class='ocr_line' id='line_1_118' title="bbox 1997 5539 3173 5581; baseline -0.002 -2"><span class='ocrx_word' id='word_1_915' title='bbox 1997 5539 2030 5579; x_wconf 89' lang='grc'><strong>0</strong></span> <span class='ocrx_word' id='word_1_916' title='bbox 2061 5539 2184 5581; x_wconf 65' lang='lat' dir='ltr'><strong>lem.</strong></span> <span class='ocrx_word' id='word_1_917' title='bbox 3168 5571 3173 5577; x_wconf 90' lang='lat'><strong>.</strong></span> 
     </span>
    </p>
   </div>
   <div class='ocr_carea' id='block_1_114' title="bbox 1927 5538 2870 5666">
    <p class='ocr_par' dir='ltr' id='par_1_114' title="bbox 1927 5538 2870 5666">
     <span class='ocr_line' id='line_1_119' title="bbox 1927 5538 2184 5593; baseline 0.012 -15"><span class='ocrx_word' id='word_1_918' title='bbox 1927 5539 2030 5593; x_wconf 83' lang='lat' dir='ltr'><strong>ego</strong></span> <span class='ocrx_word' id='word_1_919' title='bbox 2061 5538 2184 5593; x_wconf 78' lang='lat' dir='ltr'><strong>legi.</strong></span> 
     </span>
     <span class='ocr_line' id='line_1_120' title="bbox 2002 5592 2870 5666; baseline 0.005 -15"><span class='ocrx_word' id='word_1_920' title='bbox 2002 5592 2113 5666; x_wconf 60' lang='grc'><strong>(94)</strong></span> <span class='ocrx_word' id='word_1_921' title='bbox 2157 5592 2405 5666; x_wconf 81' lang='lat' dir='ltr'><strong>Quando.</strong></span> <span class='ocrx_word' id='word_1_922' title='bbox 2439 5594 2605 5666; x_wconf 81' lang='lat' dir='ltr'><strong>Marc.</strong></span> <span class='ocrx_word' id='word_1_923' title='bbox 2635 5613 2750 5666; x_wconf 86' lang='lat' dir='ltr'><strong>vm,</strong></span> <span class='ocrx_word' id='word_1_924' title='bbox 2777 5599 2870 5655; x_wconf 77' lang='lat'><strong>58.</strong></span> 
     </span>
    </p>
   </div>
   <div class='ocr_carea' id='block_1_115' title="bbox 1998 5662 3009 5734">
    <p class='ocr_par' dir='ltr' id='par_1_115' title="bbox 1998 5662 3009 5734">
     <span class='ocr_line' id='line_1_121' title="bbox 1998 5662 3009 5734; baseline 0.009 -17"><span class='ocrx_word' id='word_1_925' title='bbox 1998 5662 2111 5734; x_wconf 67' lang='grc'><strong>(95)</strong></span> <span class='ocrx_word' id='word_1_926' title='bbox 2148 5664 2280 5734; x_wconf 69' lang='lat' dir='ltr'><strong>Cum</strong></span> <span class='ocrx_word' id='word_1_927' title='bbox 2309 5662 2518 5723; x_wconf 57' lang='lat' dir='ltr'><strong>autem.’</strong></span> <span class='ocrx_word' id='word_1_928' title='bbox 2537 5662 2742 5726; x_wconf 56' lang='lat' dir='ltr'><strong>Matth.</strong></span> <span class='ocrx_word' id='word_1_929' title='bbox 2761 5686 2887 5734; x_wconf 78' lang='lat' dir='ltr'><strong>xxv.</strong></span> <span class='ocrx_word' id='word_1_930' title='bbox 2918 5670 3009 5727; x_wconf 82' lang='grc'><strong>51.</strong></span> 
     </span>
    </p>
   </div>
   <div class='ocr_carea' id='block_1_116' title="bbox 1997 5732 3502 5806">
    <p class='ocr_par' dir='ltr' id='par_1_116' title="bbox 1997 5732 3502 5806">
     <span class='ocr_line' id='line_1_122' title="bbox 1997 5732 3502 5806; baseline 0.005 -17"><span class='ocrx_word' id='word_1_931' title='bbox 1997 5732 2111 5803; x_wconf 90' lang='grc'><strong>(96)</strong></span> <span class='ocrx_word' id='word_1_932' title='bbox 2153 5732 2349 5806; x_wconf 59' lang='lat' dir='ltr'><strong>aneg</strong></span> <span class='ocrx_word' id='word_1_933' title='bbox 2385 5736 2576 5806; x_wconf 79' lang='lat' dir='ltr'><strong>angeli.</strong></span> <span class='ocrx_word' id='word_1_934' title='bbox 2608 5737 2797 5793; x_wconf 73' lang='lat' dir='ltr'><strong>Grmca</strong></span> <span class='ocrx_word' id='word_1_935' title='bbox 2829 5732 3040 5799; x_wconf 83' lang='lat' dir='ltr'><strong>editio:</strong></span> <span class='ocrx_word' id='word_1_936' title='bbox 3082 5764 3106 5795; x_wconf 72' lang='grc' dir='ltr'><strong>ι</strong></span> <span class='ocrx_word' id='word_1_937' title='bbox 3141 5757 3333 5799; x_wconf 84' lang='lat' dir='ltr'><strong>omnes</strong></span> <span class='ocrx_word' id='word_1_938' title='bbox 3375 5757 3502 5798; x_wconf 83' lang='lat' dir='ltr'><strong>san-</strong></span> 
     </span>
    </p>
   </div>
   <div class='ocr_carea' id='block_1_117' title="bbox 1924 5802 3499 5931">
    <p class='ocr_par' dir='ltr' id='par_1_117' title="bbox 1924 5802 3499 5931">
     <span class='ocr_line' id='line_1_123' title="bbox 1924 5802 3499 5931; baseline 0.007 -76"><span class='ocrx_word' id='word_1_939' title='bbox 1924 5802 2413 5931; x_wconf 46' lang='lat' dir='ltr'><strong>atiimaigggiﬁeamSed</strong></span> <span class='ocrx_word' id='word_1_940' title='bbox 2446 5802 2629 5862; x_wconf 76' lang='lat' dir='ltr'><strong>vocem</strong></span> <span class='ocrx_word' id='word_1_941' title='bbox 2654 5826 2673 5862; x_wconf 81' lang='grc' dir='ltr'><strong>ι</strong></span> <span class='ocrx_word' id='word_1_942' title='bbox 2702 5811 2881 5869; x_wconf 86' lang='lat' dir='ltr'><strong>sancti</strong></span> <span class='ocrx_word' id='word_1_943' title='bbox 2910 5829 2933 5867; x_wconf 70' lang='grc' dir='ltr'><strong>ι</strong></span> <span class='ocrx_word' id='word_1_944' title='bbox 2962 5827 3030 5871; x_wconf 87' lang='lat' dir='ltr'><strong>ne</strong></span> <span class='ocrx_word' id='word_1_945' title='bbox 3056 5812 3252 5870; x_wconf 83' lang='lat' dir='ltr'><strong>Latina</strong></span> <span class='ocrx_word' id='word_1_946' title='bbox 3279 5814 3499 5885; x_wconf 79' lang='lat' dir='ltr'><strong>quidem</strong></span> 
     </span>
    </p>
   </div>
  </div>
