4034 6424
448 504 555 563 9⁸3
1691 507 1929 565 DIDYMI
1969 508 1995 563 Α

2107 510 2438 569 XANDRINI
3610 516 3715 571 9i!

446 625 628 678 citur:
664 640 684 674 ι
722 621 991 678 Mediator
1035 622 1146 693 (97)
1187 623 1280 678 Dei
1331 631 1386 679 et
1432 623 1710 678 hominum
1771 626 1995 680 Domino

2129 625 2266 680 Θεοῦ
2301 628 2394 681 καὶ
2424 626 2728 699 ἀνθρώπων
2756 629 2785 680 6
2818 628 3024 700 Κύριος
3064 629 3225 702 ήμῶν
3274 629 3488 701 Ἰησοῦς
3524 630 3557 682 6
3585 630 3718 701 Χρι-

447 724 633 771 noster
655 712 816 771 Jesus
845 715 1117 772 Christus.
1148 733 1167 765 ι
1199 713 1331 769 Nam
1358 716 1402 770 si
1439 731 1526 770 res
1554 717 1625 770 ita
1665 731 1724 771 se
1752 715 1938 781 habet,
1964 732 1995 768 u

2132 718 2275 780 στός.
2323 739 2340 770 ι
2389 718 2729 790 Διολισθήσει
2765 721 2875 790 γὰρ
2906 721 3091 776 λοιπὸν
3121 721 3218 775 τοῦ
3264 721 3400 785 Θεὸς
3444 717 3589 775 εἶναι
3627 721 3718 773 κα)¹

448 804 590 867 Deus
608 806 832 876 quidem
863 807 995 872 erit,
1025 821 1124 862 nec
1150 806 1321 863 Filius
1347 822 1507 862 verus
1547 825 1563 863 :
1601 823 1720 875 qua:
1748 810 1857 861 duo
1881 821 1995 863 rect

2131 809 2259 873 Υἱὸς
2285 810 2557 881 ἀληθινὸς,
2586 812 2721 881 ὅπερ
2748 812 3014 883 ὑπάρχειν
3038 813 3184 867 κατά
3208 813 3300 866 τὸν
3328 812 3492 885 όρθδν
3519 812 3718 883 τρόπον

444 905 611 949 sensu
639 891 690 948 ei
714 894 1011 949 convenire
1032 905 1310 949 ostensum
1337 904 1422 949 est
1448 911 1461 947 :
1514 894 1644 962 quin
1665 893 1821 961 juxta
1852 894 1995 949 hare

2126 900 2520 955 ἀποδέδεικται·
2549 902 2871 972 ἐκφεύξεται
2895 904 2953 957 δὲ
2973 905 3148 958 καὶτὸ
3170 904 3430 972 νοεῖσθαι,
3455 904 3605 957 κατὰ
3628 904 3718 955 τὸν

451 985 684 1041 ticorum
718 985 1049 1040 sententiam
1082 1000 1151 1040 ne
1174 995 1424 1041 creatura
1457 986 1675 1055 quidem
1702 986 1812 1040 erit
1837 1002 1850 1038 :
1880 1000 1995 1054 quo.

2126 992 2401 1061 αἱρετικὸν
2427 993 2606 1062 λόγον.
2634 995 2878 1066 ποίημα,
2912 997 3050 1068 ὅπερ
3081 994 3196 1051 οὔτ’
3234 997 3405 1059 ἔστιν,
3452 995 3580 1050 οὗτε
3627 994 3716 1063 γέ-

446 1087 626 1132 tamen
663 1091 861 1133 nomen
886 1090 1074 1133 revera
1094 1078 1146 1132 ei
1181 1092 1288 1133 non
1308 1079 1561 1132 convenit
1585 1094 1600 1141 ;
1643 1077 1687 1131 is
1708 1077 1853 1131 enim
1871 1093 1995 1132 crea

2125 1098 2369 1153 γραπται
2393 1100 2407 1114 ·
2452 1086 2548 1140 καὶ
2570 1086 2701 1155 γοῦν
2732 1088 2825 1141 καὶ
2860 1088 3019 1143 τοῦτο
3047 1091 3105 1142 ὲν
3148 1090 3351 1161 Ἡσαΐᾳ
3383 1085 3715 1159 κεχρησμῴ·

444 1178 569 1224 tura
606 1183 710 1224 nec
735 1170 913 1241 reipsa
946 1178 1052 1234 est,
1106 1183 1209 1225 nec
1243 1183 1472 1240 usquam
1527 1170 1580 1223 in
1631 1168 1915 1239 Scriptura
1942 1170 1994 1223 di

2122 1175 2314 1246 δηται·
2364 1194 2384 1227 t
2432 1180 2507 1231 Οὑ
2559 1179 2827 1249 πρέσϐις.
2879 1182 2978 1234 οὑκ
3015 1181 3268 1249 ἄγγελος,
3319 1180 3436 1235 ἀλλ’
3478 1179 3641 1243 αὑτὸς
3686 1179 3715 1229 6

446 1270 572 1316 ctus
599 1260 721 1315 luit.
765 1262 876 1317 Imo
910 1275 942 1316 e
995 1261 1272 1317 contrario
1330 1262 1388 1315 in
1430 1260 1566 1315 Isaia
1601 1262 1866 1331 scriptmn
1895 1272 1979 1317 est

2122 1267 2329 1339 Κύριος
2358 1267 2561 1320 ἔσωσεν
2597 1269 2793 1331 αὑτούς
2819 1287 2834 1302 ·
2868 1291 2886 1320 ι
2916 1272 3216 1333 τουτέστιν,
3240 1272 3302 1324 οὑ
3333 1271 3564 1341 κτίσμα,
3595 1258 3712 1321 ἀλλ’

449 1371 469 1405 t
499 1353 614 1407 Non
646 1352 856 1420 legatus
885 1352 1024 1423 (98),
1052 1368 1159 1407 non
1200 1352 1443 1423 angelus,
1481 1354 1576 1406 sed
1614 1354 1730 1421 ipse
1759 1351 1995 1408 Dotninu‘

2121 1357 2284 1420 αὐτὸς
2320 1360 2349 1410 6
2386 1358 2542 1422 Θεὸς,
2576 1358 2604 1408 6
2646 1358 3023 1430 πρεσϐυτέρας
3075 1360 3184 1411 τῶν
3216 1360 3507 1431 ἡμετέρων
3551 1361 3707 1429 αἰτήο

442 1446 671 1501 salvavit
704 1461 828 1500 eos:
862 1464 882 1497 ι
941 1447 994 1499 id
1023 1454 1128 1509 est,
1157 1461 1261 1500 non
1319 1455 1570 1501 creatura
1624 1447 1763 1517 (99),
1787 1446 1880 1500 sed
1907 1446 1995 1515 ipst

2122 1464 2258 1500 σεων
2282 1447 2382 1511 τάς
2410 1448 2562 1518 αὑτῷ
2590 1450 2904 1519 πρεπούσας
2933 1451 3013 1512 είς
3040 1451 3190 1520 ἡμᾶς
3215 1451 3395 1513 δόσεις
3429 1449 3707 1521 χορηγῶν.

440 1538 602 1599 Deus.
635 1537 727 1607 qui
762 1546 1049 1605 antequam
1078 1553 1200 1591 eum
1229 1551 1538 1607 precemur,
1571 1539 1709 1592 dona
1743 1538 1897 1592 nobis
1912 1538 1995 1592 lar

2132 1538 2222 1592 Ἑν
2252 1541 2317 1607 τῇ
2347 1538 2631 1608 οἰκονομίᾳ
2654 1537 2833 1591 τοίνυν
2861 1540 2894 1609 ή
2923 1538 3191 1607 μεσιτεία·
3228 1541 3287 1592 ὲν
3405 1540 3547 1609 ὑπὲρ
3574 1555 3710 1591 παν-

437 1629 582 1697 gitur
608 1628 713 1683 sibi
744 1628 1152 1692 convenientia,
1217 1642 1410 1698 nempe
1474 1628 1583 1681 Deo
1621 1630 1804 1698 iligna.
1835 1628 1889 1683 In
1929 1628 1995 1683 In<

2118 1628 2210 1693 τὸς
2230 1628 2325 1682 τοῦ
2355 1628 2693 1700 ἀνθρωπείου
2724 1630 2914 1697 γένους
2940 1630 3132 1683 ἑαυτὸν
3162 1630 3460 1700 ἀφράστως
3492 1632 3709 1701 ίερουρ-

434 1720 748 1779 carnatione
772 1734 903 1789 ergo
933 1730 1019 1775 est
1053 1721 1346 1785 mediatio;
1387 1722 1441 1774 in
1470 1720 1846 1774 Incarnatione
1871 1722 1995 1775 enin

2118 1722 2296 1791 γήσας
2316 1761 2333 1785 ,
2364 1720 2456 1773 καὶ
2489 1722 2548 1773 ὲν
2574 1719 2726 1786 τάξει
2749 1720 3095 1791 θυμιάματος
3120 1721 3313 1792 νοητοῦ
3336 1720 3415 1793 τῷ
3449 1720 3565 1790 ἰδίῳ
3592 1721 3709 1773 lla.-

434 1825 531 1880 pro
555 1821 672 1868 toto
701 1812 943 1867 humano
1002 1826 1202 1881 genere
1251 1811 1608 1879 semetipsum
1673 1811 1995 1867 ineﬂ'abilitel

2115 1811 2209 1883 τρὶ⁵
2240 1810 2639 1883 προσαγαγὼν,
2689 1812 2852 1865 αὑτόν
2884 1829 2943 1865 τε
2993 1811 3431 1881 ἐξεδυσώπησεν,
3480 1810 3575 1863 καὶ
3610 1810 3709 1863 τὸν

434 1903 741 1970 imtnolans,
785 1913 841 1959 et
923 1903 1189 1973 spiritalis
1244 1919 1310 1959 ac
1369 1903 1586 1976 mystici
1637 1905 1995 1975 thymiamati:

2117 1902 2502 1974 ἐπηρτημένον
2526 1902 2606 1973 τῷ
2630 1902 2793 1973 κοινῷ
2818 1903 2965 1971 γένει
2995 1902 3225 1957 θάνατον
3252 1902 3578 1965 ἀπέσϐεσεν,
3606 1900 3704 1953 καὶ

433 1993 551 2048 loco
574 2008 697 2049 sese
719 1968 969 2065 proprio-
990 1993 1139 2049 Patri
1162 1992 1398 2050 offerens
1426 1968 1503 2049 vet
1522 2009 1645 2049 eum
1679 1968 1936 2064 placavit,
1959 2011 1991 2052 e

2116 1968 2267 2063 ήμιῖς
2452 1968 2688 2049 είδώλων
2736 1968 3084 2065 ἀπέστησεν,
3142 1997 3238 2048 κα).
3283 1996 3351 2065 τῇ
3402 1992 3708 2062 θεογνωσίᾳ

430 2084 830 2154 impendentem
865 2084 1120 2139 universo
1152 2085 1390 2140 humano
1429 2087 1612 2156 generi
1655 2096 1886 2141 mortem
1913 2103 1995 2142 ex-

2121 2083 2251 2156 [204
2283 2083 2337 2156 b]
2386 2086 2726 2158 προσήνωσε,
2772 2085 2863 2137 τόν
2906 2101 2967 2137 τε
3036 2085 3365 2156 παράδεισον
3395 2084 3701 2145 ἀπέδωκεν,

428 2176 642 2240 stinxit,
682 2184 738 2229 et
773 2187 875 2230 nos
905 2175 975 2229 ab
1003 2174 1162 2229 idolis
1185 2176 1479 2243 abstraxit,
1513 2186 1568 2230 et
1603 2191 1701 2246 per
1725 2178 1889 2233 unius
1917 2178 1990 2233 De

2117 2176 2213 2229 καὶ
2238 2176 2320 2239 εἰς
2358 2176 2621 2248 οὐρανοὺς
2646 2177 2943 2248 ἀνήγαγεν,
2980 2176 3244 2245 συνάψας,
3279 2177 3355 2240 ὡς
3391 2176 3521 2238 Θεὸς
3547 2173 3703 2239 ἐξου-

427 2267 793 2336 cognitionem
821 2281 919 2321 nos
948 2264 1242 2336 copulavit,
1271 2277 1323 2321 et
1348 2268 1657 2337 paradisum
1686 2269 1995 2336 reddidit,cl

2118 2267 2367 2337 σιαστής,
2390 2268 2459 2321 τά
2486 2267 2706 2337 ὲπίγεια
2743 2270 2855 2331 τοῖς
2889 2268 3254 2339 ἐπουρανίοις,
3287 2268 3383 2322 καὶ
3407 2267 3501 2337 τὴν
3539 2283 3701 2335 γενο-

428 2359 483 2413 in
509 2358 682 2414 caelos
705 2357 947 2423 reduxit,
974 2365 1190 2412 terrena
1236 2367 1294 2412 ut
1324 2358 1464 2413 Deus
1496 2359 1805 2413 dominator
1843 2360 1995 2415 coele‘

2119 2360 2288 2431 μένην
2325 2360 2606 2413 διάστασιν
2651 2359 3033 2430 συναρμόσας,
3077 2361 3173 2414 καὶ
3202 2357 3559 2429 ἐπαναγαγὼν
3601 2358 3701 2410 τὸν

428 2453 603 2505 stibus
657 2450 1018 2521 coniungens,
1049 2463 1226 2519 eaque
1275 2465 1398 2505 cum
1436 2450 1580 2505 inter
1630 2464 1691 2506 se
1721 2452 1995 2518 distarent,

2114 2452 2403 2523 ἄνθρωπον
2446 2454 2526 2515 εἰς
2573 2451 2788 2522 ἐκείνην
2823 2450 2920 2522 τὴν
2954 2452 3136 2523 χάριν,
3173 2452 3268 2522 ἀφ’
3293 2448 3361 2525 ἦς
3389 2449 3699 2506 διώλισθεν·

428 2551 841 2612 coagmentatis,
880 2551 937 2597 et
968 2541 1242 2595 hominem
1274 2542 1327 2595 in
1356 2542 1501 2595 illam
1546 2543 1801 2611 gratiam,
1831 2559 1860 2597 a
1898 2561 1995 2615 qua

2111 2541 2189 2605 ὡς
2216 2541 2308 2593 τὸν
2352 2541 2692 2606 Ἀπύστολον,
2715 2539 3015 2611 νικώμενον
3040 2545 3107 2613 τῇ
3141 2543 3414 2615 ὑπερϐολῇ
3439 2542 3534 2612 τῆς
3558 2558 3668 2594 κατ

427 2636 734 2699 exciderat,
772 2635 1065 2690 restituens
1087 2651 1101 2699 ;
1126 2635 1263 2690 adeo
1293 2647 1352 2689 ut
1378 2635 1671 2705 Apostolus
1714 2650 1824 2705 pra!
1852 2638 1995 2706 hujut

2112 2631 2391 2701 αλλαγῆς,
2422 2632 2741 2704 θεοφράστῳ
2777 2632 2993 2705 γλώττῃ
3043 2635 3473 2706 ἀνακηρύττειν·
3518 2652 3537 2684 t
3589 2635 3697 2686 A6-

427 2725 887 2782 reconciliationis
927 2726 1240 2795 prastantia
1286 2740 1351 2780 ac
1407 2726 1777 2796 magnitudine
1803 2728 1995 2781 attoni.

2110 2722 2206 2785 τός
2247 2723 2457 2793 ὲστινή
2498 2723 2690 2793 εἰρήνη
2735 2722 2930 2792 ἡμῶν,
2972 2725 3001 2776 ὁ
3042 2726 3274 2794 ποιήσας
3305 2724 3375 2778 τά
3408 2724 3699 2794 ἀμφότερα.

428 2827 536 2881 tus,
567 2816 753 2870 divina
809 2830 905 2870 sua
963 2815 1146 2885 lingua
1207 2816 1323 2870 haec
1372 2815 1748 2884 praedicaverit
1781 2833 1798 2872 :
1835 2835 1857 2869 ι
1888 2816 1995 2887 Ipse

2111 2816 2192 2879 ἒν,
2227 2815 2323 2868 καὶ
2346 2815 2407 2868 τὸ
2434 2815 2747 2886 μεσότοιχον
2771 2815 2866 2868 τοῦ
2897 2816 3155 2887 φραγμοῦ
3182 2816 3350 2880 λύσας
3368 2835 3381 2848 ·
3414 2836 3435 2871 r
3462 2817 3551 2871 καὶ
3586 2818 3671 2870 πά

423 2920 509 2967 est
533 2910 612 2982 (ί)
642 2925 745 2980 pax
772 2920 979 2975 nostra,
1004 2910 1096 2979 qui
1132 2908 1260 2963 fecit
1313 2920 1544 2978 utraque
1589 2924 1782 2975 unum,
1811 2919 1867 2966 et
1887 2926 1995 2967 me-

2110 2907 2231 2961 λιν·
2280 2925 2299 2958 t
2337 2905 2728 2970 Δικαιωθέντες
2768 2902 2861 2960 οὖν
2903 2909 2969 2961 ὲκ
3007 2907 3278 2975 πίστεως,
3311 2910 3527 2981 εἰρήνην
3560 2906 3695 2978 ἐχο-

424 3001 569 3056 dium
594 3001 855 3070 parietem
889 2999 1137 3054 maceria:
1162 2999 1277 3071 (aut
1318 3000 1480 3069 septi)
1524 2998 1686 3055 solvit
1709 3016 1725 3067 ;
1750 3018 1771 3053 ι
1802 3009 1860 3057 et
1884 3017 1995 3056 rur-

2112 3015 2215 3069 μεν
2242 2996 2380 3067 πρὸς
2404 2997 2495 3051 τὸν
2522 2996 2654 3049 Θεὸν
2675 2996 2767 3049 διά
2786 2998 2881 3050 τοῦ
2907 2999 3112 3072 Κυρίου
3150 2999 3308 3071 ήμῶν
3354 2997 3521 3070 Ἰησοῦ
3550 3000 3676 3071 Χριι

422 3105 553 3147 sus:
589 3110 607 3143 ι
635 3088 927 3145 Justiﬁcati
960 3088 1037 3161 (Ξ)
1078 3104 1210 3160 ergo
1259 3104 1323 3144 ex
1366 3089 1487 3152 (ide,
1521 3103 1708 3160 pacem
1739 3090 1995 3147 habemus

2111 3087 2261 3145 στοῦ.
2290 3107 2311 3141 ›

421 3182 487 3238 ad
518 3184 685 3238 Deum
714 3198 811 3254 per
838 3180 1125 3237 Dominum
1158 3189 1404 3237 nostrum
1432 3179 1615 3236 Jesum
1647 3180 1947 3238 Christum.
1973 3200 1993 3234 ι

878 3273 1041 3347 ωι
1084 3273 1240 3329 CAP.
1296 3271 1533 3331 xxvut.

2716 3270 2874 3325 ΚΕΦ.
2940 3271 3076 3324 κη’.

487 3366 719 3436 Quidam
760 3379 890 3422 vero
918 3382 985 3421 ex
1011 3366 1285 3421 hatreticis
1324 3368 1471 3420 omni
1502 3382 1726 3437 prorsus
1766 3366 1875 3421 lide
1909 3367 1995 3422 de«

2177 3362 2422 3428 Πίστεως
2442 3362 2500 3417 δὲ
2529 3363 2591 3417 τὸ
2619 3363 2741 3418 καθ’
2769 3364 2892 3418 ὅλου
2924 3361 3250 3435 χηρεύοντές
3282 3380 3427 3427 τινες
3467 3361 3568 3416 τῶν
3601 3366 3689 3417 cti-

419 3460 596 3515 stituti
640 3460 787 3515 aliud
824 3460 989 3515 etiam
1030 3459 1319 3529 objiciunt,
1354 3460 1501 3530 quod
1531 3475 1656 3513 cum
1698 3460 2000 3530 suspicari,

419 3562 533 3607 tum
568 3551 737 3606 multo
769 3551 943 3621 magis
970 3552 1156 3606 dicere
1185 3551 1471 3606 ridiculum
1497 3561 1602 3605 est.
1627 3552 1795 3606 Aiunt
1817 3552 1960 3607 enim
1983 3593 1999 3619 ,

418 3643 561 3697 dona
592 3640 864 3695 creaturis
889 3648 1017 3695 ante
1061 3639 1341 3700 stabilem,
1388 3648 1444 3692 et
1485 3637 1694 3701 fixum,
1738 3653 1802 3693 ac
1845 3639 2001 3693 heni-

417 3748 585 3805 gnum
619 3730 922 3787 Salvatoris
952 3729 1157 3785 Christi
1181 3731 1235 3782 in
1260 3728 1449 3784 orbem
1486 3738 1758 3783 terrarum
1792 3728 2000 3783 adven—

420 3836 535 3883 tum
565 3824 692 3879 data
711 3863 728 3890 ,
762 3839 792 3876 a
825 3822 941 3879 solo
969 3821 1081 3877 Deo
1114 3820 1279 3875 Patre
1309 3820 1505 3876 donata
1536 3834 1659 3874 esse
1678 3860 1695 3887 ,
1727 3835 1834 3874 non
1868 3835 2001 3875 vero

417 3934 449 3975 a
481 3918 752 3981 beneﬁca,
778 3931 842 3971 ac
870 3914 1090 3984 proprio
1120 3912 1290 3983 ipsius
1320 3912 1459 3967 Filio
1484 3910 1687 3977 Verbo,
1714 3922 1998 3983 propterea

417 4012 630 4067 scilicet
669 4010 815 4080 quod
861 4010 967 4063 iste
1012 4005 1293 4074 subjectus
1322 4006 1414 4061 sit.
1454 4006 1525 4058 At
1553 4006 1600 4059 si
1630 4007 1838 4074 partem
1868 4005 1950 4075 (ὅ)
1978 4044 1996 4070 ,

416 4118 483 4160 ac
509 4112 711 4159 sortem
743 4118 866 4157 cum
897 4102 964 4157 iis
994 4100 1259 4155 haberent
1280 4138 1296 4163 ,
1326 4099 1417 4166 qui
1455 4097 1814 4166 theologicam
1849 4098 1998 4153 illam

417 4195 744 4251 sententiam
788 4193 1251 4264 pronuntiarunt:
1283 4208 1303 4240 ι
1333 4188 1528 4244 Omnia
1569 4187 1649 4259 (4)
1694 4202 1792 4258 per
1821 4189 1997 4257 ipsmn

418 4287 558 4343 facta
590 4297 749 4352 sunt,
780 4297 837 4341 et
866 4287 986 4340 sine
1018 4286 1140 4356 ipso
1169 4282 1376 4337 factum
1403 4292 1487 4337 est
1521 4281 1655 4335 nihil
1684 4298 1698 4335 :
1729 4301 1749 4334 ι
1779 4282 1797 4350 (
1822 4282 1875 4335 in
1908 4298 1998 4335 re-

419 4397 540 4436 rum
570 4390 752 4435 autem
782 4378 1026 4434 omnium
1051 4392 1220 4432 censu
1251 4374 1395 4428 venit
1425 4374 1605 4428 omnis
1634 4374 1861 4427 donatio
1900 4389 1999 4443 per

419 4473 633 4541 ipsum,
681 4479 739 4525 et
779 4472 849 4525 ab
879 4469 1000 4539 ipso
1042 4468 1229 4527 facta;
1272 4479 1464 4521 eorum
1496 4465 1644 4520 enim
1683 4477 1807 4533 quae
1855 4463 1996 4517 facta

422 4560 612 4625 fuere,
641 4558 949 4631 hujusmodi
981 4557 1145 4611 etiam
1174 4555 1500 4609 donationes
1531 4569 1660 4625 pars
1687 4563 1856 4619 sunt;
1887 4570 1994 4623 qua

2108 3456 2363 3531 ρετικῶν.
2397 3458 2490 3510 καὶ
2521 3458 2649 3512 ἀλλο
2689 3458 2899 3527 γελοῖον
2929 3457 3221 3511 ὑπολαϐεῖν
3262 3475 3321 3510 τε
3376 3457 3469 3512 καὶ
3505 3457 3691 3530 πολλῷ

2104 3550 2268 3603 πλέον
2293 3550 2468 3602 εἰπεῖν
2494 3550 2795 3618 φάσκουσιν
2814 3563 2827 3576 ·
2862 3548 2944 3602 ὃτι
2977 3547 3046 3602 τά
3073 3548 3180 3621 πρὸ
3203 3549 3302 3620 τῆς
3324 3551 3383 3604 ὲν
3406 3552 3470 3621 τῇ
3505 3550 3658 3603 οίκου

2106 3643 2249 3716 μένῃ
2285 3642 2620 3713 ἀστεμφοῦς,
2668 3641 2767 3696 καὶ
2805 3640 3127 3706 ἀσαλεύτου,
3174 3643 3270 3695 καὶ
3303 3641 3686 3711 φιλανθρώπου

2102 3731 2405 3804 παρουσίας
2442 3731 2535 3785 τοῦ
2571 3732 2823 3803 Σωτῆρος
2849 3729 3090 3801 Χριστοῦ
3133 3733 3202 3802 τῇ
3243 3731 3417 3784 κτίσει
3460 3729 3687 3785 δοθέντα

2102 3824 2439 3897 χαρίσματα,
2477 3823 2582 3891 ὑπὸ
2612 3823 2707 3876 τοῦ
2741 3822 2878 3875 Θεοῦ
2911 3821 3126 3892 Πατρὸς
3158 3822 3323 3892 μόνου
3362 3821 3687 3892 δεδώρηται,

2101 3919 2231 3972 ἄνευ
2259 3914 2352 3968 τοῦ
2386 3914 2515 3967 ἰδίου
2544 3915 2707 3968 αὑτοῦ
2733 3913 3076 3984 ἀγαθουργοῦ
3106 3913 3240 3967 Υἱοῦ
3268 3914 3461 3983 Λόγου,
3485 3913 3558 3976 ὡς
3585 3912 3655 3985 δῆ

2101 4010 2195 4063 θεν
2221 4006 2387 4061 αὑτοῦ
2419 4005 2737 4071 ὑπεξουσίου
2761 4004 3146 4076 τυγχάνοντος.
3185 4005 3246 4058 Ei
3275 4005 3332 4058 δὲ
3364 4004 3554 4076 μερίδα
3581 4006 3689 4059 καὶ

2100 4101 2303 4171 κλῆρον
2331 4093 2478 4168 εἶχον
2504 4097 2643 4169 μετά
2679 4097 2789 4151 τῶν
2820 4096 3284 4167 θεολογησάντών,
3326 4115 3345 4147 t
3386 4095 3567 4150 Πάντα
3610 4096 3687 4149 δι’

2099 4188 2268 4245 αὑτοῦ
2301 4188 2541 4257 ἐγένετο,
2574 4189 2670 4241 καὶ
2694 4188 2862 4259 χωρὶς
2881 4186 3049 4241 αὑτοῦ
3081 4187 3302 4255 ἐγένετο
3330 4188 3449 4241 οὐδὲ
3472 4187 3528 4240 ἓν
3550 4205 3568 4238 ι
3598 4189 3688 4255 (ὲν

2098 4278 2181 4346 οἷς
2212 4282 2364 4334 πᾶσα
2388 4279 2536 4343 δόσις
2563 4278 2628 4333 δι’
2665 4277 2832 4332 αὑτοῦ
2877 4277 2974 4331 καὶ
3023 4279 3156 4349 παρ’
3206 4279 3372 4333 αὑτοῦ
3402 4277 3681 4350 ὑπῆρξεν·

2102 4372 2270 4444 μέρος
2302 4371 2413 4441 γὰρ
2444 4370 2554 4424 τῶν
2596 4371 2978 4442 γεγενημένων
3018 4371 3114 4423 καὶ
3155 4372 3318 4424 αὐταί
3364 4374 3529 4425 εἰσιν·
3554 4370 3686 4425 ὅθεν

2098 4463 2196 4516 καὶ
2229 4461 2517 4533 ἀνείρηται
2537 4477 2551 4490 ·
2575 4480 2594 4513 t
2618 4457 2787 4526 Οὗτός
2828 4464 2945 4515 ἐστι
2984 4462 3206 4516 πάντων
3252 4464 3470 4534 Κύριος,
3507 4481 3527 4515 ι
3555 4464 3685 4521 καί·

2104 4573 2122 4605 ι
2141 4552 2295 4615 Θεὸς.
2313 4552 2568 4623 Ἰσχυρὸς,
2585 4553 3016 4624 Ἐξουσιαστής·ι
3044 4554 3158 4608 καί·
3182 4553 3292 4610 «οὑ
3305 4554 3687 4625 λογισθήσεται

419 4651 484 4707 de
526 4666 695 4708 causa
739 4650 1089 4720 przedicatmn
1131 4646 1319 4701 l‘uitu
1351 4645 1448 4701 llic
1496 4657 1582 4702 est
1625 4645 1701 4718 (5)
1751 4647 1992 4702 omnium

2102 4646 2285 4715 ἕτερος
2314 4642 2441 4715 [205
2470 4643 2527 4716 a]
2558 4644 2691 4715 πρὸς
2717 4643 2881 4697 αὑτὸν
2915 4648 2987 4711 ι),
3012 4646 3107 4698 καὶ
3138 4647 3187 4699 εἰ
3228 4648 3454 4717 ἐνόησαν
3497 4646 3553 4699 δὲ
3580 4648 3683 4701 καὶ

420 4742 717 4807 Dominus;
746 4761 769 4795 ι
792 4752 887 4798 et:
919 4760 938 4791 ι
972 4741 1112 4795 Deus
1143 4740 1222 4809 (6)
1257 4777 1273 4803 ,
1322 4737 1535 4804 Fortis,
1568 4740 1925 4806 DOminator;
1968 4757 1988 4788 ι

419 4844 476 4887 et
502 4854 515 4887 :
546 4851 566 4884 ι
596 4832 712 4889 Non
761 4831 1104 4903 reputabitur
1136 4831 1216 4900 (7)
1239 4831 1379 4884 alter
1416 4843 1528 4899 pra:
1575 4830 1669 4884 illo
1699 4847 1715 4884 :
1754 4849 1773 4881 ι
1801 4831 1821 4901 )
1850 4847 1914 4883 ac
1945 4831 1989 4883 si

420 4933 541 4975 eum
570 4929 829 4989 praeterea
856 4918 1289 4981 intellexissent,
1316 4917 1406 4984 qui
1435 4917 1550 4970 ait:
1580 4935 1599 4967 ‹
1628 4915 1777 4971 Unus
1802 4929 1884 4971 est
1910 4916 1989 4984 (8)

421 5008 719 5078 legislator,
747 5021 805 5064 et
827 5008 992 5078 judex
1016 5048 1035 5072 ,
1064 5009 1155 5076 qui
1191 5007 1342 5062 solus
1370 5007 1582 5061 salvare
1610 5016 1788 5076 potest
1813 5024 1831 5074 ;
1865 5026 1885 5059 ι
1919 5022 1989 5061 ne

492 5226 604 5296 (9'7)
680 5224 962 5280 lediator.
1004 5228 1024 5281 l
1064 5228 1202 5282 Tim.
1279 5244 1350 5290 tt,
1425 5229 1480 5280 5.
1528 5227 1717 5283 Graeca
1769 5229 1936 5283 editio
1978 5248 1995 5283 :

419 5295 658 5417 ξῖεσίτη..
704 5295 843 5349 Θεοῦ
885 5298 984 5351 καὶ
1029 5297 1368 5369 ἀνθρώπων,
1421 5297 1708 5366 ἄνθρωπος
1757 5300 1994 5369 Χριστὸς

473 5383 659 5417 ησους.

473 5383 659 5435 ησους.

492 5434 606 5506 (98)
648 5434 772 5506 Non
792 5435 1015 5504 legatus.
1040 5436 1148 5506 Visa.
1176 5454 1333 5501 thtt,
1383 5438 1437 5492 9.
1479 5436 1669 5491 Graeca
1693 5436 1861 5491 editio
1894 5441 1992 5494 ha-

420 5501 511 5559 bet
539 5501 783 5569 πρέσϐυς
822 5501 920 5572 pro
948 5505 1192 5575 πρέσϐις.

493 5577 604 5645 (99)
650 5575 771 5629 Non
815 5571 1081 5645 creatura.
1131 5576 1325 5631 Allinia
1368 5573 1604 5643 legimus
1646 5571 1699 5645 in
1739 5574 1879 5631 libro
1913 5577 1988 5633 De

423 5640 520 5718 Sp.
554 5640 615 5701 S.
651 5661 797 5718 num.
824 5645 914 5718 46.
939 5664 958 5696 ι
990 5644 1125 5711 Quia
1162 5640 1493 5718 igituribens
1519 5652 1637 5693 erat
1658 5642 1870 5718 (inquit)
1890 5649 1989 5715 qui

420 5714 646 5770 salutem
673 5717 946 5784 prmbebat
971 5713 1253 5790 aeternam,
1289 5717 1503 5771 dictum
1534 5719 1662 5790 est_:
1691 5727 1712 5790 ς
1755 5713 1870 5770 Non
1912 5713 1991 5773 le-

419 5793 596 5854 gatus,
623 5780 809 5854 neque
839 5786 1078 5854 angelus.
1113 5804 1133 5838 ι
1169 5780 1312 5854 Lege
1337 5794 1562 5845 caetera,
1587 5780 1633 5835 si
1661 5780 1855 5850 placet.

494 5853 572 5926 (ᾒ
610 5853 731 5926 tm
761 5865 861 5911 ut.
896 5853 1093 5926 Ephes.
1120 5872 1182 5923 ll,
1211 5853 1305 5915 Π.

492 5923 570 5988 (2)
608 5924 914 5994 Jaatiﬁcatt'.
944 5923 1105 5983 Rom.
1140 5944 1193 5991 γ,
1224 5928 1278 5983 l.

2099 4735 2193 4788 τὸν
2214 4733 2664 4804 διαγορεύσαντα,
2698 4755 2717 4786 t
2740 4730 2837 4801 Εἷς
2866 4737 3014 4789 ἐστιν
3036 4738 3066 4789 6
3090 4735 3387 4808 νομοθέτης
3424 4738 3517 4791 καὶ
3550 4754 3684 4809 κρι-

2098 4826 2200 4896 τὴς
2227 4826 2257 4878 ό
2281 4824 2440 4894 μόνος
2475 4825 2667 4890 σώζειν
2688 4827 3049 4897 δυνάμενοςσι
3079 4828 3275 4899 ᾔδεσαν
3318 4830 3407 4891 ἀν,
3447 4829 3523 4893 ὡς
3552 4829 3684 4900 δίχα

2097 4916 2194 4971 τοῦ
2220 4917 2603 4988 γενεσιουργοῦ
2632 4920 2724 4973 καὶ
2749 4920 2975 4990 δοτῆρος
2994 4919 3105 4981 τῶν
3137 4920 3381 4988 ἀγαθῶν,
3405 4920 3592 4993 κριτοῦ
3617 4940 3682 4975 τε

2098 5009 2216 5080 ἅμα
2257 5008 2355 5062 καὶ
2384 5007 2660 5080 λυτρωτοῦ
2699 5009 3019 5081 μονογενοῦς
3053 5011 3183 5064 Υίοῦ
3224 5012 3422 5080 Λόγου,
3456 5012 3686 5083 οὐδεμία

2178 5226 2256 5295 (3)
2281 5226 2517 5282 Partem.
2555 5228 2778 5283 Locutio
2800 5229 2994 5282 hiblica
3029 5231 3247 5283 estct.
3278 5244 3404 5294 rm,
3434 5229 3525 5286 21.

2175 5296 2253 5359 (Δ)
2287 5295 2475 5350 Omnia
2515 5298 2671 5352 1mm.
2705 5315 2742 5351 t.
2773 5301 2828 5353 ὅ.

2175 5366 2252 5436 (5)
2291 5364 2393 5418 Hic
2426 5378 2524 5421 est.
2566 5369 2787 5422 Videtur
2823 5367 3092 5435 respicere
3110 5365 3274 5422 Pauli
3311 5368 3483 5422 verba
3520 5388 3536 5424 :
3570 5371 3685 5424 κύ.

2105 5452 2221 5508 ριος
2253 5436 2470 5489 πάντων
2490 5438 2588 5501 ὥν,
2619 5438 2791 5500 idest,
2819 5456 2839 5489 ε
2862 5452 2985 5508 cum
3013 5438 3080 5492 sit
3106 5436 3364 5492 Dominus
3378 5442 3598 5493 Otttniun
3626 5463 3676 5505 ,ι

2088 5507 2449 5576 ηυεγεκειιηι
2471 5511 2529 5576 in
2563 5508 2735 5575 Epist.
2767 5509 2831 5562 ad
2861 5507 3037 5563 Galat.
3064 5522 3140 5571 tv,
3176 5508 3229 5559 l.

2161 5574 2241 5643 (ti)
2276 5575 2435 5643 ρεαδ.
2469 5575 2573 5631 lsa.
2602 5574 2678 5640 ιι,
2710 5580 2767 5635 6.

2158 5641 2239 5717 (
2268 5641 2390 5717 on
2422 5650 2770 5717 reputabitur.
2790 5646 2998 5717 Bartsch
3028 5662 3112 5717 ut.
3139 5643 3213 5700 92
3239 5646 3355 5717 (seu
3381 5646 3496 5717 56).

2159 5711 2408 5782 (8)0“:
2429 5711 2526 5769 est.
2567 5714 2754 5772 Jacob.
2806 5734 2882 5779 ιν,
2924 5716 3007 5769 12.
3061 5711 3259 5771 Crteca'
3299 5711 3468 5772 editio
3520 5733 3535 5770 :
3581 5711 3681 5781 Εἷς

2088 5786 2238 5859 ἐστιν
2260 5786 2668 5859 όνομοθέτηςό
2687 5787 2984 5859 δυνάμενος
3019 5785 3211 5842 σῶσαι.
3244 5786 3296 5859 i_t‘.
3330 5783 3679 5859 ¢st_._._um.s

2087 5865 2174 5926 est
2205 5853 2505 5926 legislator,
2544 5853 2633 5923 qui
2674 5853 2854 5923 potest
2906 5858 3140 5912 salvare.
3170 5875 3191 5908 ι
3248 5855 3359 5911 δαὶ
3409 5855 3678 5926 Vulgata:

2087 5925 2355 5990 interpres
2385 5924 2515 5992 legit
2550 5937 2608 5982 ut
2640 5928 2924 5999 Didymus.
