4034 6410
415 315 519 369 945

1466 314 1553 369 DE
1591 311 1972 368 TRINITATE
2011 310 2215 369 LIBER
2251 311 2575 369 TERTIUS.

3555 312 3659 377 9-13

420 428 631 497 γέγονεν
656 426 864 483 ἄνωθεν
885 426 1089 498 δωρεά·
1128 426 1248 481 οὐδὲ
1277 427 1487 499 χρόνος,
1516 428 1549 500 ἢ
1574 428 1731 496 γένος
1754 427 1984 497 κτισμά-

2094 430 2194 482 lioc
2226 427 2440 495 quidem
2470 426 2818 496 ignorarent,
2838 424 2982 492 quod
3012 423 3128 479 sine
3150 425 3454 492 conditore,
3479 434 3533 480 et
3564 430 3658 481 bo-

415 535 539 585 των,
570 516 758 572 κακῶν
796 534 856 570 τε
893 516 1090 587 ἠφείθη
1133 516 1227 571 καὶ
1267 517 1524 589 προνοίας
1554 517 1760 587 ἠξιώθη
1784 535 1796 546 ·
1830 516 1904 579 ὡς
1943 515 1987 569 δ’

412 605 478 663 αὖ
510 607 675 662 πάλιν
709 607 815 675 ἔξω
839 608 937 679 τῆς
966 607 1133 661 αὐτοῦ
1159 606 1393 678 κρίσεώς
1417 609 1565 660 ἐστιν
1586 607 1707 660 οὐδὲ
1736 607 1795 660 ἓν
1814 623 1827 636 ·
1874 605 1988 659 ἀλλ’

411 699 759 773 ἁρμόζουσαν
785 699 1004 754 ἕκαστοι
1029 700 1127 770 τὴν
1155 699 1336 771 κρίσιν
1364 697 1782 771 φιλανθρώπως,
1821 698 1915 751 καὶ
1942 697 1994 750 εἴ

411 809 462 845 τι
489 792 650 844 πλέον
678 791 794 844 ἐστὶ
826 790 1017 844 τούτου
1055 793 1248 856 εἰπεῖν,
1294 790 1329 862 ἢ
1363 791 1572 860 νοῆσαι,
1603 790 1636 861 ἢ
1675 790 1750 861 μὴ
1777 790 1986 860 νοῆσαι,

408 881 827 954 ὑποστησόμεθα
866 884 994 953 παρ’
1042 881 1227 941 αὐτοῦ,
1262 883 1391 953 παρ’
1425 877 1486 936 οὗ
1535 882 1630 935 καὶ
1677 882 1745 935 τὰ
1786 881 1987 950 ἀγαθὰ,

407 972 624 1042 εὐδοκία
646 971 738 1026 τοῦ
766 974 877 1026 Πατ
888 973 977 1043 ρὸς
1004 972 1098 1025 κα)⁸
1126 971 1414 1044 συμφωνίᾳ
1436 971 1531 1025 τοῦ
1558 973 1713 1040 ἁγίου
1736 972 1991 1039 Πνεύμα-

406 1080 520 1128 τος,
551 1064 609 1128 ἐξ
647 1065 823 1134 ἀρχῆς
856 1063 1252 1133 ὲκομισάμεθα.
1296 1062 1420 1126 Πῶς
1451 1063 1560 1134 γὰρ
1590 1063 1693 1116 οὐκ
1725 1061 1991 1115 ἀδικώτα-

407 1171 498 1209 τον
531 1155 626 1208 καὶ
673 1154 1097 1207 δυσσεϐέστατον
1138 1154 1200 1207 τὸ
1241 1154 1443 1223 λέγειν,
1475 1153 1508 1224 ἢ
1543 1152 1680 1217 ὅλως
1717 1154 1991 1208 ὑποτοπά-

406 1244 544 1309 ζειν,
589 1246 671 1299 ὅτι
719 1245 902 1298 ἔκτισε
947 1247 1046 1316 μὲν
1116 1245 1213 1299 καὶ
1261 1244 1655 1316 ἐνομοθέτησεν
1708 1244 1889 1310 αὐτὸς,
1926 1245 1988 1297 οὐ

406 1337 705 1408 προενόησε
771 1337 848 1398 δὲ.
897 1338 1035 1408 ὅπερ
1078 1337 1174 1391 τοῦ
1218 1338 1403 1391 κτίσαι
1436 1336 1820 1410 προκρίνεται·
1853 1335 1991 1390 ἀλλὰ

377 1427 547 1498 ,μετὰ
576 1427 673 1479 ὅλα
702 1425 771 1480 τὰ
799 1428 948 1499 τῇδε,
981 1426 1077 1480 καὶ
1106 1428 1281 1497 κρίνει
1311 1428 1439 1490 τοὺς
1468 1428 1599 1498 παρ’
1626 1426 1813 1497 ἑτέρου
1839 1426 1991 1493 δεξα-

406 1518 604 1589 μένους
647 1519 717 1572 τὰ
753 1518 952 1587 ἀγαθὰ,
1003 1520 1099 1578 καὶ
1150 1518 1520 1582 ἀπολέσαντας
1572 1517 1713 1572 αὐτὰ
1762 1517 1990 1590 ἀϐουλίᾳ

402 1607 582 1679 οἰκείᾳ
622 1609 716 1661 καὶ
760 1599 1070 1682 ἀφρόσύνῃς
1126 1610 1159 1679 ἢ
1212 1607 1330 1670 πῶς
1373 1609 1435 1662 οὑ
1485 1608 1793 1680 παράλογον
1830 1607 1990 1662 τοῦτο

405 1698 832 1769 ὑπολαμϐάνειν,
863 1699 946 1753 ὅτι
974 1701 1125 1770 ἡμᾶς
1154 1699 1254 1770 μὲν
1287 1698 1689 1763 αὑτεξουσίους,
1736 1700 1873 1770 ὅπερ
1908 1699 1987 1753 εί-

2097 534 2288 572 norum
2319 518 2564 571 omnium
2598 516 2888 583 largitore,
2921 525 2975 569 et
2998 515 3177 583 judice
3221 516 3381 571 simul
3415 556 3430 581 ,
3466 532 3531 572 ac
3573 533 3664 573 re-

2090 611 2369 680 demptore
2400 609 2680 678 unigenito
2713 607 2849 662 Filio
2878 605 3058 663 Verbo
3094 606 3294 662 nullum
3331 624 3364 663 e
3388 608 3528 665 coelo
3568 609 3665 665 do-

2089 719 2216 755 num
2235 701 2467 766 exstitit,
2502 714 2602 755 uec
2636 700 2746 753 ullo
2775 715 3013 770 unquam
3045 710 3286 769 tempore
3314 700 3478 755 ullum
3509 715 3667 758 crea-

2089 802 2332 847 turarum
2362 807 2535 863 genus
2564 806 2593 844 a
2632 790 2789 845 malis
2820 792 2937 845 sine
2968 792 3082 859 ipso
3113 800 3353 859 ereptum
3403 789 3506 845 fuit
3550 788 3660 863 (9),

2090 894 2183 940 aut
2210 886 2404 940 divina:
2430 884 2777 955 providentiae
2802 883 3061 939 beneﬁcia
3090 893 3444 938 consecutum
3468 882 3667 939 est.Ne

2089 978 2219 1033 illud
2247 976 2464 1047 quidem
2494 991 2587 1031 eos
2617 975 2843 1035 lateret,
2887 974 3029 1043 quod
3062 974 3232 1044 ipsius
3270 973 3473 1041 judicio
3502 986 3666 1028 nemo
3711 960 3716 965 ’

2088 1068 2357 1123 obnoxius
2390 1082 2495 1121 non
2527 1076 2613 1121 est
2643 1107 2656 1129 ,
2693 1067 2785 1121 sed
2815 1067 3144 1121 conveniens
3172 1065 3364 1135 singuli
3400 1064 3664 1134 judicium

2091 1158 2391 1214 subihimns
2412 1199 2426 1221 ,
2461 1157 2725 1228 benigne,
2772 1166 2829 1211 et
2865 1156 2910 1211 si
2952 1155 3079 1224 quid
3114 1154 3286 1223 majus
3320 1154 3422 1209 dici
3454 1162 3663 1223 potest,

2091 1260 2183 1305 ant
2209 1251 2573 1321 cogitari,-aut
2599 1264 2703 1303 non
2729 1248 2971 1317 cogitari.
2993 1251 3140 1303 abeo
3161 1248 3530 1309 faciendum,a
3557 1260 3668 1317 quo

2090 1340 2253 1393 etiam
2287 1339 2425 1392 bona
2458 1337 2613 1391 initio
2677 1336 2960 1392 retulimus
3003 1336 3339 1406 beneplacito
3385 1336 3571 1391 Patris
3611 1342 3669 1391 et

2090 1429 2447 1485 consensione
2470 1426 2704 1496 Spiritus
2733 1428 2930 1483 sancti.
2954 1426 3239 1494 Quomodo
3265 1427 3409 1481 enim
3432 1440 3538 1481 non
3571 1426 3670 1480 iiii-

2091 1521 2386 1588 quissimus
2468 1519 2813 1589 maximeque
2878 1520 3077 1589 impius
3123 1519 3309 1574 haberi
3355 1527 3541 1590 posset
3572 1519 3665 1587 qui

2090 1610 2331 1674 diceret,
2382 1618 2471 1664 aut
2520 1609 2744 1663 omnino
2786 1610 3178 1680 suspicaretur,
3224 1622 3349 1664 eum
3390 1609 3669 1665 creavisse

2091 1700 2308 1770 quidem
2329 1740 2344 1764 ,
2377 1710 2436 1754 et
2471 1700 2621 1772 leges
2652 1702 2869 1764 tulisse,
2901 1702 2996 1756 sed
3030 1717 3136 1756 non
3171 1701 3516 1771 providisse?
3542 1717 3667 1757 cum

404 1807 565 1862 ρηται
589 1790 870 1857 πολλάκις,
899 1792 1200 1861 πεποίηκεν
1221 1808 1236 1822 ·
1260 1790 1424 1851 αὐτὸς
1453 1791 1511 1844 δὲ
1536 1791 1637 1844 οὐκ
1658 1790 1785 1862 ἔσχε
1809 1790 1986 1856 τοῦτο,

2094 1802 2274 1847 tamen
2346 1794 2487 1848 istud
2546 1793 2719 1861 majus
2763 1795 2836 1848 sit
2904 1794 3168 1865 nobisque
3220 1794 3440 1860 utilius,
3499 1809 3666 1865 quam

404 1881 541 1952 ὅπερ
566 1880 770 1945 ἄλλοις,
803 1882 947 1936 κατὰ
977 1883 1038 1935 τὸ
1068 1881 1269 1954 μέτρον
1301 1883 1400 1953 τῆς
1424 1882 1640 1951 φύσεως
1666 1882 1867 1944 αὐτῶν,
1894 1883 1990 1935 καὶ

406 1968 547 2022 κατὰ
601 1970 661 2023 τὸ
699 1970 982 2041 προσῆκον
1020 1971 1316 2042 ἁπένειμε;
1361 1971 1633 2043 Συνορῶσι
1674 1972 1738 2043 δὴ
1763 1968 1875 2036 οὖν,
1911 1966 1989 2024 οἷς

406 2078 529 2132 μαι,
556 2063 652 2116 καὶ
677 2064 851 2127 αὐτοὶ,
875 2058 950 2118 ὧν
972 2066 1022 2117 οἱ
1050 2064 1197 2133 λόγοι
1218 2063 1328 2119 τῶν
1352 2064 1566 2136 ἀληθῶν
1585 2065 1989 2135 ἁμαρτάνουσιν

368 2200 373 2203 .
406 2154 690 2225 αἱρετικοὶ,
720 2155 802 2208 ὄτι
841 2157 1219 2226 ἁντικείμενόν
1245 2172 1299 2209 τι
1327 2158 1441 2219 τοῖς
1474 2155 1629 2227 ἡμῶν
1661 2155 1990 2228 θελήσαντες

407 2242 600 2305 εἰπεῖν,
640 2243 740 2314 οὐχ
777 2243 1011 2307 ἕξουσιν.
1056 2246 1135 2317 Τῇ
1180 2244 1290 2318 γὰρ
1320 2244 1701 2316 δυσανασχὲτῳ
1736 2244 1830 2298 καὶ
1855 2245 1991 2297 ἀκα-

405 2332 581 2405 θέκτῳ
612 2333 739 2406 [ιὶθὸ
781 2335 833 2409 ὁ]
864 2338 1035 2408 κακίᾳ.
1057 2337 1236 2392 αὐτῶν
1262 2337 1582 2409 μαχόμενοι,
1612 2336 1691 2406 τῷ
1714 2336 1772 2389 δὲ
1791 2335 1852 2389 τὸ
1872 2336 1992 2406 χαί-

404 2447 520 2502 ρειν
545 2431 725 2484 κοινὸν
751 2434 918 2486 πᾶσιν
945 2432 1200 2486 δεδωκότι
1241 2434 1481 2505 Σωτῆρι,
1528 2431 1624 2484 καὶ
1662 2429 1811 2484 ἄλλοι
1855 2429 1993 2501 πρὸς

411 2524 517 2585 τοῖς
548 2524 997 2594 μνημονευθεῖσιν
1028 2523 1297 2596 ἀξιόχρεοι
1343 2525 1437 2578 καὶ
1481 2523 1688 2594 βέϐαιοι
1734 2522 1827 2575 τὸν
1866 2521 1992 2591 τρό-

410 2631 505 2666 πον
550 2614 764 2687 ἅνδρες,
819 2617 919 2687 οὐχ
969 2616 1155 2681 ἁπλῶς
1208 2612 1486 2687 ἄνθρωποι
1512 2655 1526 2677 ,
1587 2613 1992 2685 μαρτυροῦντες

406 2705 705 2772 φαίνονται.
750 2709 1027 2780 Ζαχαρίας
1079 2709 1178 2781 μὲν
1209 2708 1319 2780 γὰρ
1362 2710 1492 2778 περὶ
1533 2705 1991 2778 παρεληλυθότων

404 2800 500 2852 καὶ
530 2799 834 2870 μελλόντων
878 2801 1314 2873 διακεκριμένως
1358 2800 1482 2871 βοᾷ·
1534 2819 1552 2850 ι
1581 2799 1648 2852 EE
1686 2816 1737 2851 τι
1786 2797 1990 2866 ἀγαθὸν

406 2891 591 2953 αὐτοῦ,
628 2894 723 2945 καὶ
755 2895 885 2947 εἴτι
916 2893 1100 2959 καλὸν,
1135 2894 1265 2963 παρ’
1291 2891 1457 2945 αὐτοῦ
1502 2890 1675 2944 ἔσται.
1702 2909 1721 2941 ι
1765 2890 1992 2952 Ἡσαΐας

408 2979 462 3033 δὲ
488 2980 608 3033 καθ’
633 2982 838 3050 ὁμαλοῦ
886 2982 1143 3054 κηρύττει
1175 2982 1305 3054 περὶ
1326 2981 1490 3036 αὑτοῦ
1509 2999 1521 3011 ·
1556 3001 1573 3032 ι
1605 2980 1758 3044 Θεὸς,
1808 2981 1982 3049 ’ἰσχυ-

2087 1883 2335 1938 creatio:
2380 1884 2472 1939 sed
2502 1896 2701 1952 pneter
2730 1885 2817 1939 illa
2854 1885 3034 1939 omnia
3056 1925 3074 1952 ,
3123 1900 3245 1954 quae
3277 1900 3377 1954 pro
3407 1885 3566 1941 nobis
3609 1885 3665 1939 in

2090 1973 2194 2027 hoc
2218 1973 2416 2028 saecqu
2452 1972 2618 2038 fecit,
2655 1973 3022 2041 iudicaturum
3066 1974 3231 2029 etiam
3277 1988 3400 2029 esse
3439 1988 3537 2030 eos
3571 1971 3665 2039 qui

2090 2062 2159 2114 ab
2185 2061 2355 2116 altero
2381 2061 2517 2117 bona
2553 2063 2896 2129 acceperint,
2926 2078 3099 2133 eaque
3141 2063 3214 2119 ob
3261 2063 3535 2133 propriam
3580 2061 3668 2116 'rn-

2090 2150 2394 2221 sipientiam
2435 2163 2488 2206 et
2530 2152 2797 2219 ignaviam
2842 2152 3169 2207 amiserint?
3237 2154 3345 2210 Aut
3392 2152 3662 2222 quomodo

2092 2253 2276 2310 posset
2322 2243 2618 2297 absurdum
2653 2257 2756 2297 non
2786 2243 2992 2308 videri,
3043 2245 3087 2299 si
3138 2244 3263 2314 quis
3309 2243 3365 2299 in
3409 2259 3471 2299 ea
3524 2253 3669 2300 esset

2089 2333 2377 2401 opinione,
2410 2332 2578 2404 422
2608 2342 2663 2388 ut
2699 2334 2815 2402 ipse
2843 2336 3061 2403 quidem
3094 2334 3268 2391 Filius
3296 2350 3396 2391 nos
3441 2336 3668 2406 propria

2093 2425 2347 2492 praiditos
2372 2434 2641 2494 potestate
2676 2424 2863 2481 fecerit
2883 2467 2898 2492 ,
2928 2428 3069 2483 sicut
3100 2427 3297 2499 smpius
3321 2428 3520 2483 dictum
3546 2440 3664 2491 est,

2092 2514 2209 2585 ipse
2239 2531 2369 2571 vero
2401 2516 2527 2570 illud
2560 2532 2665 2571 non
2693 2517 2941 2573 habuerit
2966 2558 2982 2583 ,
3013 2519 3155 2588 quod
3185 2518 3307 2573 aliis
3332 2517 3489 2587 juxta
3517 2533 3668 2574 men-

2090 2623 2276 2662 suram
2305 2617 2514 2664 naturae
2542 2608 2788 2675 illorum,
2821 2619 2877 2664 et
2901 2619 3169 2679 quatenus
3192 2611 3527 2666 conveniens
3551 2619 3667 2674 est,

2092 2698 2332 2755 tribuit?
2362 2696 2464 2768 Ipsi
2493 2713 2626 2770 ergo
2657 2700 2821 2754 etiam
2857 2698 3131 2766 haeretici,
3162 2715 3391 2769 quorum
3420 2701 3669 2757 doctrina

2093 2802 2122 2840 a
2171 2788 2402 2844 veritate
2445 2789 2624 2843 aliena
2660 2799 2780 2853 est,
2819 2790 3005 2844 vident
3048 2805 3203 2858 aeque
3247 2804 3314 2845 ac
3356 2804 3490 2856 nos,
3540 2790 3669 2845 dum

2091 2878 2297 2947 aliquid
2326 2880 2509 2935 dicere
2541 2881 2729 2936 volunt
2749 2922 2765 2945 ,
2795 2881 2937 2949 quod
2973 2881 3176 2935 nostris
3202 2879 3546 2950 dogmatibus
3570 2880 3670 2933 ad-

2091 2981 2367 3033 versetur,
2397 2985 2458 3026 se
2489 2972 2539 3025 id
2566 2970 2749 3027 facere
2775 2972 2999 3027 omnino
3029 2988 3133 3026 non
3166 2986 3346 3042 posse.
3396 2970 3531 3025 Nam
3580 2970 3667 3025 in-

405 3070 519 3141 ρὸς,
557 3072 960 3145 Ἐξουσιαστής.
989 3095 1007 3126 ι
1044 3076 1169 3137 Τοῖς
1190 3075 1366 3142 ἁγίοις
1398 3073 1455 3126 δὲ
1495 3072 1725 3138 τούτοις,
1770 3066 1852 3133 οἷς
1893 3071 1989 3123 σὺν

2095 3061 2391 3116 toleranda:
2435 3072 2598 3130 atque
2629 3060 2821 3117 effreni
2862 3077 3052 3116 eorum
3084 3062 3340 3131 nequitiae
3371 3063 3668 3125 resistunt,

406 3159 524 3231 ὥρᾳ
562 3162 660 3215 καὶ
699 3163 884 3234 χάριτι
916 3162 1193 3235 πανταχοῦ
1219 3162 1329 3216 τῶν
1367 3162 1542 3231 λόγων
1578 3158 1902 3214 ἐπανθοῦσιν
1929 3162 1985 3213 αί

2092 3169 2157 3209 ac
2214 3154 2449 3208 vicissim
2499 3153 2798 3207 Salvatoris
2838 3153 2929 3221 qui
2971 3153 3225 3208 omnibus
3265 3152 3319 3207 in
3363 3166 3658 3216 commune

407 3250 695 3319 θεολογίαι,
727 3254 1054 3325 ἐφεπόμενοι
1093 3270 1210 3317 πως
1259 3256 1319 3307 ὲν
1356 3252 1436 3322 τῷ
1482 3252 1640 3323 μέρει
1684 3251 1859 3320 τούτῳ
1894 3251 1987 3304 καὶ

2094 3243 2406 3298 hominibus
2431 3242 2689 3312 gaudium
2717 3242 3089 3311 comparavit,
3132 3241 3498 3297 testimonium
3538 3254 3664 3309 per-

407 3343 455 3395 si
484 3342 609 3409 ἔξω,
637 3345 926 3416 πρόσφορα
966 3347 1097 3417 περὶ
1146 3345 1240 3399 τοῦ
1266 3342 1611 3416 Δημιουργοῦ
1644 3343 1739 3395 καὶ
1764 3342 1989 3413 παμϐα-

2094 3333 2284 3388 hibent
2325 3343 2524 3401 praeter
2552 3347 2680 3395 eos,
2729 3332 2821 3402 qui
2865 3333 3277 3387 commemorati
3322 3333 3431 3401 jam
3491 3341 3665 3395 sunt,

407 3434 598 3500 σιλέως
623 3437 952 3508 ὑμνήκασιν.
986 3438 1234 3506 Ἐφασαν
1269 3437 1408 3506 γάρ’

2094 3432 2183 3486 alii
2207 3433 2370 3487 etiam
2405 3430 2510 3488 ﬁde
2540 3431 2728 3503 digni,
2756 3442 2812 3488 et
2843 3432 3148 3488 constantia
3178 3429 3528 3497 moribusque
3552 3440 3670 3495 spe-

406 3526 535 3579 ctati
568 3528 701 3592 viri,
730 3528 875 3597 iique
907 3545 1012 3582 non
1052 3530 1299 3584 homines
1337 3528 1677 3598 simpliciter,
1714 3527 1809 3582 sed
1854 3528 2148 3597 prophetae.
2189 3525 2483 3582 Zacharias
2548 3529 2693 3583 enim
2762 3543 2885 3583 cum
2927 3528 2994 3583 de
3033 3526 3352 3597 praeteritis,
3419 3514 3533 3578 tum
3601 3520 3670 3576 de

408 3618 606 3674 futuris
635 3636 883 3677 seorsum
919 3623 1147 3693 loquens
1171 3623 1410 3678 clamat:
1440 3642 1461 3675 ι
1499 3623 1555 3676 Si
1622 3624 1751 3694 quid
1782 3623 1897 3695 (10)
1938 3633 2024 3679 est
2062 3625 2259 3678 bonum
2284 3662 2299 3686 ,
2354 3624 2525 3691 ipsius
2589 3632 2709 3681 est:
2754 3634 2809 3678 et
2853 3624 2902 3678 si
2944 3624 3072 3694 quid
3104 3621 3422 3691 praeclarum
3450 3658 3466 3684 ,
3505 3617 3574 3672 ab
3607 3631 3672 3673 eo

409 3719 534 3772 erit.
565 3737 585 3770 ι
614 3716 784 3772 Isaias
811 3733 941 3773 vero
968 3734 1120 3788 aeque
1180 3721 1460 3790 perspicue
1516 3720 1582 3775 de
1644 3720 1761 3790 ipso
1826 3720 1943 3775 haec
2007 3720 2302 3789 praedicat:
2337 3737 2356 3770 ι
2386 3717 2527 3774 Deus
2556 3720 2707 3789 (Η),
2738 3719 2920 3775 Fortis
2942 3760 2955 3784 ,
2991 3718 3208 3788 propria
3239 3724 3503 3787 potestate
3537 3728 3673 3785 prae-

407 3816 588 3877 ditus,
635 3815 973 3871 Donnnator.
1008 3835 1026 3867 ι
1058 3815 1232 3871 llosce
1260 3832 1427 3887 porro
1453 3828 1710 3881 sanctos,
1776 3830 2006 3887 quorum
2040 3816 2164 3872 libri
2202 3816 2476 3887 praeclaris
2510 3818 2579 3871 de
2613 3816 2735 3872 Filii
2771 3818 3057 3873 divinitate
3126 3814 3451 3872 testimoniis
3513 3813 3666 3883 quasi

409 3910 632 3965 ﬂoribus
693 3910 894 3981 ubique
947 3911 1061 3982 (l2)
1125 3927 1249 3966 cum
1311 3922 1596 3968 venustate
1675 3923 1730 3968 et
1776 3911 1948 3983 gratia
1987 3922 2346 3977 exornantur,
2412 3912 2583 3967 secuti
2630 3912 3033 3982 quodammodo
3074 3912 3175 3965 hac
3235 3910 3289 3965 in
3339 3918 3493 3978 parte
3540 3912 3672 3962 sunt

414 4002 581 4056 etiam
634 4003 843 4072 profani
932 4016 1116 4070 vates,
1162 4015 1220 4060 et
1261 4007 1503 4075 quaedam
1549 4022 1655 4062 nun
1704 4006 1915 4062 inutilia
1993 4005 2060 4061 de
2119 4004 2379 4060 Creatore
2447 4014 2504 4061 et
2552 4005 2925 4061 universorum
2984 4017 3110 4073 rege
3152 4002 3502 4063 cecinerunt,
3550 4010 3671 4068 quae

408 4105 541 4150 Sunt
590 4095 897 4158 huiusmodi
933 4114 946 4150 :

411 4188 613 4264 ῃᾴιςτᾳ
643 4191 750 4264 γὰρ
790 4190 1155 4264 ἀνθρῴποισι
1192 4193 1342 4264 Θεοῦ
1371 4196 1541 4247 πέλει
1572 4194 1769 4264 ἀγλαὰ
1797 4194 1985 4263 δῶρα⁶

410 4261 533 4313 Εἶτ’
560 4260 786 4329 ἀγαθόν
813 4278 868 4314 τι
900 4261 1132 4331 πέφυκε
1164 4265 1262 4317 καί
1289 4263 1514 4331 ὄλϐιον,
1537 4260 1659 4318 εἴτε
1684 4260 1989 4334 φέριστον,

2172 4191 2366 4245 Omnia
2391 4190 2526 4245 enim
2554 4188 2788 4241 homines
2812 4203 2843 4240 a
2871 4187 2973 4240 Deo
3001 4186 3186 4238 habent
3213 4183 3470 4253 praeclara
3494 4178 3633 4253 dona
3653 4219 3669 4241 ,

2170 4260 2289 4315 Siue
2320 4261 2516 4315 bonum
2556 4259 2761 4329 aliquid
2804 4257 3133 4329 fueritnipsis
3154 4294 3169 4316 ,
3196 4250 3266 4329 _a_c_
3288 4256 3528 4329 beatum,
3565 4250 3670 4302 sire

2971 4321 3274 4398 [quid_(l5)
3307 4321 3598 4398 Optimum,

410 4394 551 4449 Εἴτε
577 4392 859 4464 ἐραστὸν,
911 4394 1063 4451 πᾶσι
1111 4397 1260 4451 Θεοῦ
1302 4398 1460 4452 καλὰ
1496 4397 1653 4469 δῶρά
1692 4398 1987 4456 τέτυκται.

411 4552 524 4604 Καὶ
556 4551 719 4605 πάλιν
738 4570 752 4584 ·

413 4641 642 4715 Κιξρτος
674 4643 1023 4715 ἀμετρήτοιο
1066 4647 1214 4700 Θεοῦ
1243 4647 1341 4701 καὶ
1374 4647 1674 4715 ἀπείριτος
1700 4646 1865 4715 ἀλκὴ

411 4712 661 4768 Πάντων
690 4712 1078 4784 ιλὲνίκρατέει,
1113 4716 1410 4772 πάντεσσι
1443 4712 1523 4771 δὲ’
1536 4712 1765 4786 μοῦνος
1800 4712 1989 4860 daric-

1874 4804 1991 4842 σει.

1039 4877 1196 4930 ΚΕΦ.
1240 4877 1370 4930 ΚΘ.

488 4963 599 5017 Καὶ
647 4963 708 5018 ὲν
754 4963 834 5034 τῷ
868 4964 1134 5036 Ματθαίῳ
1193 4966 1441 5039 αἰτούσῃ,
1492 4966 1647 5036 φησὶ,
1692 4970 1758 5039 τῇ
1814 4967 1999 5021 καλλί-

416 5051 569 5104 παιδι
616 5053 787 5124 μητρὶ
817 5050 927 5105 τῶν
961 5053 1096 5106 υἱῶν
1138 5053 1443 5117 Ζεϐεδαίου,
1479 5054 1622 5108 ὥστε
1657 5055 1998 5126 ἑκατέρωθεν

416 5142 607 5206 αὐτοῦ,
640 5144 705 5197 ὲκ
750 5144 941 5210 δεξιῶν
974 5146 1068 5198 καὶ
1103 5144 1162 5210 ἐξ
1211 5145 1527 5216 εὐωνύμων,
1563 5145 1873 5211 συνθώκους
1899 5148 1999 5200 αὐ-

412 5234 511 5287 τοῦ
538 5236 791 5305 γενέσθαι
820 5239 878 5290 ὲν
910 5239 978 5308 τῇ
1008 5237 1254 5311 βασιλείᾳ
1280 5238 1443 5293 αὐτοῦ
1467 5238 1575 5291 τῶν
1604 5239 1850 5310 οὐρανῶν
1874 5242 2000 5305 τοὺς

493 5420 568 5491 (9)
600 5417 852 5487 Ereptum
897 5419 1021 5489 fuit.
1072 5420 1273 5485 Codex,
1317 5420 1509 5492 ἡφίθη.
1547 5420 1772 5476 Videtur
1818 5420 1999 5490 legen-

415 5485 798 5561 dum‘licpsiﬂq.
851 5560 857 5561 γ
906 5559 940 5561 _
1018 5560 1021 5561 ν
1214 5560 1223 5561 7
1290 5516 1293 5519 ‘
1399 5558 1411 5561 _
1633 5559 1667 5561 μ
1902 5558 1968 5561 __

495 5558 605 5629 (tu)
649 5560 709 5631 _Si
733 5558 877 5627 quid.
905 5559 1069 5613 Zach.
1096 5575 1169 5626 ix,
1206 5560 1290 5614 l7.
1318 5558 1450 5616 Vide
1483 5571 1596 5615 not.
1622 5559 1715 5625 27,
1748 5575 1870 5631 pag.
1901 5558 1993 5614 37.

494 5631 605 5696 (li)
637 5629 795 5683 Deus.
830 5631 929 5683 lsa.
965 5646 1040 5691 ts,
1073 5632 1125 5687 6.

497 5636 575 5696 (Ii
637 5636 795 5683 Deus.
830 5636 929 5683 lsa.
965 5646 1040 5691 ts,
1073 5636 1125 5687 6.

497 5636 611 5768 (Ml
650 5698 897 5771 Ubique.“
925 5698 980 5752 In
1012 5700 1225 5764 Grzrco,
1257 5700 1532 5771 πανταχοῦ
1570 5700 1679 5753 τῶν
1714 5700 1908 5769 λόγων,
1934 5698 1988 5751 itl

417 5779 526 5834 est,
571 5789 590 5823 ι
619 5771 820 5840 ubique
867 5769 1164 5835 librorum,
1193 5789 1211 5823 ι
1260 5779 1352 5825 aut
1401 5769 1771 5827 tScrmunum.
1800 5790 1818 5821 ι
1867 5771 1986 5836 Quo

2020 4443 2067 4499 Β

2173 4400 2300 4457 Siue
2339 4402 2468 4472 quid
2514 4397 2774 4463 amabile,
2817 4387 2993 4452 omne}
3023 4387 3071 4449 ἀ
3114 4393 3224 4472 οερ
3249 4387 3518 4472 ξρνὰεείατα
3559 4387 3670 4472 ίιαέ

3190 4461 3205 4533 Ι
3226 4463 3364 4515 dona
3382 4459 3599 4512 habent.
3632 4476 3639 4481 ·

2096 4563 2162 4619 Ει
2196 4577 2380 4618 rursus
2416 4578 2430 4615 :

2167 4652 2415 4708 Potentia
2440 4650 2679 4706 immensi
2711 4650 2805 4705 Dei
2851 4660 2896 4704 et
2927 4648 3167 4714 inﬁnitus
3196 4645 3343 4713 vigor

2168 4724 2239 4779 Et
2272 4725 2448 4777 omnia
2481 4732 2654 4788 tenet,
2686 4731 2733 4775 et
2763 4718 3003 4775 omnibus
3031 4717 3173 4772 solus
3204 4717 3313 4784 ipse
3344 4714 3568 4783 imperat

2676 4871 2827 4928 CAP.
2870 4867 3060 4927 XXIX.

2168 4969 2322 5038 Apud
2351 4968 2662 5022 Matthmum
2693 4981 2908 5035 quoque
2935 5002 2952 5026 .
2978 4961 3266 5031 inquiunt,
3309 4957 3513 5028 petenti
3544 4955 3673 5026 pul-

2097 5062 2348 5115 chrorum
2400 5058 2645 5113 Zebedaei
2699 5056 2933 5111 ﬁliorum
2985 5052 3184 5115 matri,
3229 5061 3289 5105 ut
3332 5065 3399 5105 ex
3444 5056 3674 5117 utroque

2096 5153 2300 5207 Christi
2332 5152 2497 5204 latere
2520 5165 2547 5202 λ
2576 5149 2783 5203 dextris
2809 5159 2864 5201 et
2916 5161 2945 5200 a
2970 5144 3208 5200 sinistris
3237 5143 3290 5196 in
3321 5141 3530 5198 caelesti
3560 5141 3674 5208 ejus

2100 5242 2273 5312 regno
2308 5244 2415 5295 dun
2467 5243 2707 5310 ejusdem
2755 5239 3004 5295 mulieris
3054 5236 3147 5293 lilii
3172 5278 3188 5302 ,
3218 5236 3310 5306 qui
3341 5245 3500 5291 erant
3543 5230 3673 5304 apo-

2106 5420 2265 5474 modn
2296 5418 2488 5473 Latine
2524 5417 2755 5472 dicimus
2788 5435 2801 5472 :
2835 5436 2853 5467 ι
2876 5417 3077 5486 ubique
3128 5426 3416 5470 terrarum.
3445 5432 3464 5465 ι
3505 5412 3675 5477 Quem

2108 5491 2479 5544 ln-llenismum
2531 5489 2774 5543 imitatus
2824 5489 3157 5544 Anaustinns
3210 5487 3302 5539 lib.
3352 5486 3427 5537 xu
3492 5491 3675 5533 contra

2105 5558 2387 5622 Faustum,
2413 5574 2531 5626 cap.
2551 5556 2644 5621 ‘27,
2675 5561 2752 5613 ait
2778 5576 2791 5610 :
2822 5575 2840 5608 ι
2866 5555 3076 5627 Ubique
3104 5557 3313 5611 illorum
3347 5555 3673 5608 librorum...

2102 5630 2303 5699 ubique
2330 5630 2546 5699 illarum
2572 5630 2998 5699 Scripturarum.
3018 5644 3048 5699 _i

2166 5682 2603 5819 ξ’[ξὶοδέιέετῖιρὶιι.
2648 5682 2957 5769 Legendum
3011 5696 3241 5752 fortasse
3298 5691 3380 5765 [ut
3412 5697 3467 5744 et
3512 5682 3672 5761 lego],

2093 5772 2213 5824 ait-'5‘
2226 5785 2321 5840 pro
2346 5772 2401 5822 εί
2424 5782 2497 5819 τι.
