4034 6390
525 303 632 360 947

1778 309 2016 364 DIDYMI
2053 311 2524 368 ALE'XANDRINI

3672 326 3762 381 948

521 412 647 470 stoli
671 453 686 479 ,
739 413 1088 469 considerent
1135 413 1282 484 (ﬂ),
1320 414 1393 468 ita
1434 417 1712 485 respondit
1758 419 1909 488 (£5):
1942 440 1959 470 ι
1992 420 2085 475 Not

2209 422 2302 476 δύο
2332 425 2504 495 αὐτῆς
2528 426 2698 490 υἱοὺς,
2721 425 3053 492 ἀποστόλους
3086 427 3265 495 δντας,
3289 433 3561 505 απεκρίθη
3580 449 3595 464 ·
3626 455 3643 487 ι
3663 440 3760 491 ῦῦκ

521 514 607 561 est
653 520 834 562 meum
881 507 1046 572 dare,
1094 507 1189 561 sed
1234 507 1433 577 quibus
1478 519 1727 576 paratum
1773 522 1914 566 esta
1945 512 2104 568 Patre

521 596 686 669 E23
721 612 861 653 meo.
897 597 1050 653 rSed
1094 614 1162 654 ne
1210 599 1314 654 hoc
1365 601 1580 668 quidem
1633 601 1740 655 ullo
1796 605 1959 658 modo
1987 604 2104 671 ejus

523 694 695 744 decus
727 688 840 760 (16)
873 690 1146 744 imminuit
1175 708 1190 756 ;
1241 705 1339 746 nec
1366 691 1508 744 enim
1547 707 1763 761 semper
1809 695 2101 763 contingit,

521 790 580 834 ut
607 781 786 852 qualis
811 791 896 836 est
926 782 1068 836 nuda
1097 783 1479 856 vocabulorum
1509 786 1707 852 positio
1730 825 1745 849 ,
1775 786 1908 842 tales
1936 789 2100 842 etiam

521 873 638 929 sint
673 888 760 929 res
801 874 972 944 ipsae:
1023 874 1118 929 sed
1165 874 1456 944 aliquando
1504 878 1832 931 sententiam
1885 879 2103 947 perﬁcit

523 962 643 1032 ipsa
669 964 877 1020 veritas
899 1003 916 1030 ,
948 978 1012 1018 ea
1044 965 1342 1034 supplendo
1363 1006 1378 1029 ,
1411 981 1531 1034 qua:
1565 982 1668 1020 non
1706 969 1980 1024 dicuntur.
2022 971 2098 1026 lta

519 1069 654 1125 ergo
677 1048 900 1111 locutus
912 1066 996 1111 est
1019 1055 1290 1125 Christus,
1313 1058 1439 1126 quia
1463 1059 1712 1113 servilem
1743 1062 1962 1131 gerebat
1986 1061 2100 1116 for-

518 1159 663 1198 mam
691 1162 708 1212 ;
741 1155 836 1200 aut
869 1147 1059 1214 potius
1091 1149 1214 1218 quia
1260 1150 1466 1207 invisos
1501 1151 1612 1206 Deo
1649 1155 1941 1210 ostendere
1978 1157 2098 1211 illos

518 1235 721 1301 voluit,
757 1236 849 1305 qui
884 1237 1074 1306 primae
1099 1239 1246 1294 sedis
1298 1241 1561 1296 honorem
1617 1253 1796 1312 spreta
1833 1247 2094 1316 gradumn

519 1339 574 1383 et
601 1332 872 1398 aequitatis
909 1333 1122 1387 ratione
1152 1344 1456 1404 appetunt;
1491 1345 1587 1390 aut
1614 1339 1780 1392 etiam
1814 1341 1941 1408 quia
1971 1356 2094 1394 mu-

517 1419 618 1477 iier
645 1423 834 1478 isthatc
861 1424 1046 1478 animo
1071 1425 1210 1478 clam
1242 1425 1572 1483 eﬂ'erebatur
1596 1430 1666 1484 ob
1694 1430 1928 1485 ﬁliorum
1955 1447 2094 1500 pra:-

516 1514 774 1568 stantiam
840 1529 906 1570 ac
937 1516 1400 1585 pulchritudinem
1423 1563 1439 1587 ,
1483 1535 1624 1590 quos
1655 1535 1778 1575 cum
1810 1523 2090 1591 apostolici

516 1604 821 1675 primatus,
876 1617 990 1662 tum
1051 1608 1252 1664 divinae
1300 1612 1670 1668 consessionis
1724 1612 1915 1682 dignos
1969 1628 2094 1668 esse

514 1697 856 1752 existimabat
886 1716 902 1752 :
937 1687 1038 1756 nec
1067 1701 1215 1755 enim
1247 1716 1370 1756 eum
1407 1702 1657 1757 latebant
1705 1714 1918 1758 secreta
1966 1720 2092 1758 cor-

2208 514 2353 568 ἐστιν
2386 517 2518 587 ἐμὸν
2559 517 2762 583 δοῦναι,
2793 518 2906 572 ἀλλ’
2936 514 3016 582 οἷς
3059 522 3382 593 ἡτοίμασται
3410 525 3517 578 ὑπὸ
3543 527 3634 580 τοῦ
3671 529 3761 584 Ila-

2205 607 2331 674 τρός
2378 624 2500 676 μου.
2527 625 2546 658 ι
2589 609 2702 661 Καὶ
2747 608 2904 662 τοῦτο
2936 610 2994 664 δὲ
3029 611 3183 666 οὐδὲν
3229 613 3394 667 αὐτοῦ
3453 618 3761 676 καταϐάλλει

2203 695 2266 747 τὸ
2301 698 2490 768 γέρας.
2541 701 2616 753 Οὐ
2659 699 2770 772 γὰρ
2815 702 2935 765 ἀεὶ,
2985 701 3061 766 ὡς
3094 704 3230 774 μόνη
3281 707 3315 776 ὴ
3361 707 3470 760 τῶν
3523 712 3761 780 ῥημάτων

2205 782 2317 853 ἔχει
2349 785 2620 852 σύνταξις,
2656 787 2800 841 οὕτω
2839 791 2930 842 καὶ
2979 791 3050 844 τὰ
3097 794 3430 864 πράγματα·
3478 799 3591 852 ἀλλ’
3631 802 3762 855 ἔστιν

2203 875 2292 928 ὅτε
2322 877 2607 948 ἀπαρτίζει
2638 881 2737 951 τὴν
2772 881 2901 951 [206
2930 882 2986 954 aj
3036 884 3273 939 διάνοιαν
3304 890 3396 942 καὶ
3429 891 3567 961 πρὸς
3604 893 3667 945 τὰ
3695 897 3760 965 μὴ

2201 967 2470 1038 λεγόμενα
2515 972 2548 1040 ἡ
2605 972 2854 1044 ἀλήθεια.
2919 976 3157 1047 Ἐῥρηθη
3205 974 3300 1032 οὖν
3342 979 3486 1033 οὕτω
3539 984 3626 1038 διὰ
3675 988 3759 1056 τὴν

2199 1056 2448 1128 δουλικὴν
2479 1062 2711 1132 μορφὴν,
2743 1065 2775 1135 ἢ
2807 1065 3007 1134 μᾶλλον
3026 1067 3114 1120 διὰ
3141 1069 3203 1122 τὸ
3227 1072 3488 1142 συστῆναι
3511 1074 3760 1147 θεομισείς

2198 1147 2298 1240 τὰς
2440 1152 2580 1204 κατὰ
2615 1153 2822 1225 βαθμὸν
2865 1157 2959 1210 καὶ
2993 1160 3134 1214 κατὰ
3183 1161 3342 1229 λόγον
3377 1167 3758 1240 εἰσπροεδρίας,

2198 1237 2230 1306 ἢ
2263 1239 2357 1291 καὶ
2381 1240 2472 1293 διὰ
2497 1243 2559 1294 τὸ
2585 1245 2800 1316 ἐκείνην
2831 1249 3008 1319 οἴησιν
3036 1251 3329 1322 ἐσχηκέναι
3359 1237 3660 1323 εὐπαιδίας,
3680 1264 3761 1314 καὶ

2197 1327 2292 1381 τοῦ
2334 1331 2518 1397 ἀξίους
2549 1331 2692 1387 εἶναι
2727 1339 2854 1402 τοὺς
2892 1341 3090 1405 παῖδας
3129 1344 3300 1414 αὐτῆς
3329 1347 3428 1418 τῆς
3459 1365 3519 1401 τε
3552 1351 3763 1405 ἀποστο-

2197 1419 2354 1491 λικῆς
2386 1426 2659 1495 πρωτείας
2706 1429 2801 1482 καὶ
2838 1431 2938 1501 τῆς
2970 1432 3161 1504 θεῖκῆς
3212 1439 3640 1511 συγκαθεδρίαςο
3672 1445 3760 1496 οὐκ

2196 1513 2485 1569 ἐλάνθανεν
2521 1519 2630 1586 γὰρ
2660 1520 2823 1574 αὑτὸν
2853 1523 2922 1577 τὰ
2962 1525 3246 1610 ὲγκάρδια,
3281 1529 3358 1593 ὠς
3397 1532 3650 1605 Ἰωάννης
3688 1536 3761 1588 λέο

2196 1615 2280 1670 τει
2300 1619 2315 1633 ⁸
2355 1624 2374 1655 ι
2397 1605 2569 1670 Αὐτὸς
2602 1608 2658 1660 δὲ
2690 1609 2721 1661 6
2765 1610 2970 1680 Ἰησοῦς
3000 1613 3098 1666 οὐκ
3137 1605 3418 1670 ἐπίστευεν
3448 1621 3652 1684 αὐτοῖς,
3683 1622 3760 1675 διὰ

2195 1693 2255 1746 τὸ
2285 1694 2444 1747 αὐτὸν
2471 1696 2764 1764 γινώσκειν
2790 1702 3020 1767 πάντας,
3051 1707 3145 1758 καὶ
3183 1705 3258 1778 μὴ
3289 1709 3481 1779 χρείαν
3511 1710 3654 1781 ἔχειν
3683 1713 3758 1766 ἵνα

513 1787 658 1842 dium
683 1828 699 1854 ,
729 1787 888 1858 juxta
925 1791 977 1845 id
1009 1792 1155 1859 quod
1185 1791 1430 1848 Joannes
1460 1795 1535 1847 ait
1566 1813 1581 1847 :
1611 1813 1631 1846 ι
1667 1794 1785 1864 Ipse
1815 1811 1943 1850 vero
1975 1797 2085 1868 (17)

2194 1803 2278 1848 τις
2308 1791 2633 1876 μαρτυρήσῃ
2674 1794 2804 1864 περὶ
2841 1795 2934 1848 τοῦ
2971 1767 3492 1869 evomam-"sors;
3525 1767 3632 1876 fni?
3659 1806 3758 1873 ἐγί-

513 1876 667 1934 Jesus
696 1895 801 1935 non
833 1882 1091 1936 credebat
1127 1883 1207 1937 eis
1235 1882 1350 1954 (18)
1377 1924 1392 1948 ,
1421 1887 1550 1954 quia
1583 1885 1700 1952 ipse
1732 1889 2090 1954 cognoscebat

510 1983 698 2024 omnes
721 2009 737 2036 ,
774 1980 830 2025 et
863 1986 998 2041 opus
1032 1972 1082 2026 ei
1119 1987 1228 2026 non
1262 1983 1382 2027 erat
1413 1973 1563 2044 (l9),
1597 1983 1658 2028 ut
1691 1977 1812 2043 quis
1849 1978 2090 2032 testimo-

511 2061 658 2115 nium
688 2062 1000 2132 perhiberet
1029 2063 1096 2116 de
1139 2064 1404 2119 homine:
1445 2067 1560 2134 ipse
1601 2066 1745 2121 enim
1789 2082 2086 2138 cognosce-

509 2155 602 2206 bat
625 2194 642 2219 ,
671 2154 801 2222 quid
838 2163 984 2209 esset
1015 2154 1068 2208 in
1102 2155 1340 2210 homine.
1368 2174 1388 2206 ι
1414 2155 1530 2209 Jam
1562 2173 1693 2213 vero
1723 2159 1846 2214 audi
1874 2175 1935 2214 ea
1967 2176 2087 2229 quae

508 2253 834 2313 sequuntur,
865 2259 1062 2312 meque
1105 2246 1158 2298 in
1209 2247 1328 2316 ejus
1371 2247 1475 2301 loci
1512 2247 1959 2316 interpretatione
1992 2254 2085 2307 de-

508 2343 726 2404 ceptum
760 2350 864 2390 non
893 2350 1015 2390 esse
1041 2337 1141 2390 tibi
1172 2339 1520 2405 persuadeas.
1553 2338 1746 2394 Statim
1781 2343 1923 2396 enim
1952 2343 2083 2398 sub-

508 2425 683 2495 iungit
730 2425 1037 2492 Matthaeus,
1068 2445 1086 2475 ι
1115 2427 1247 2481 Cum
1290 2427 1414 2482 irati
1453 2439 1636 2484 essent
1661 2429 1774 2502 (20)
1807 2450 1825 2483 ι
1879 2434 2083 2488 duode-

508 2516 614 2570 eim
651 2516 765 2586 (21)
806 2536 824 2567 ι
859 2518 929 2571 ob
962 2518 1098 2572 duos
1137 2517 1300 2573 hosce
1347 2518 1548 2573 fratres
1572 2560 1587 2586 ,
1614 2539 1632 2572 ι
1661 2522 1863 2577 dixisse
1903 2523 2085 2579 Domi-

475 2621 640 2664 .num
673 2623 688 2659 :
723 2623 743 2654 ι
768 2604 824 2658 lu
857 2607 1008 2660 vobis
1055 2606 1168 2677 (‘22)
1222 2608 1534 2678 quicunque
1582 2611 1815 2667 voluerit
1861 2629 2087 2684 magnus

507 2709 630 2752 esse
652 2737 669 2761 ,
695 2697 799 2752 erit
829 2697 942 2767 (25)
971 2708 1152 2753 vester
1180 2699 1449 2764 minister,
1478 2712 1532 2754 et
1558 2703 1867 2772 quicunque
1895 2706 2087 2760 volue-

505 2787 578 2842 rit
605 2802 728 2843 esse
755 2789 981 2858 primus,
1021 2790 1126 2844 erit
1155 2789 1266 2860 (24)
1304 2800 1482 2845 vester
1521 2808 1730 2849 servus.
1763 2812 1782 2844 ι
1805 2794 2086 2861 Quomodo

507 2888 686 2933 autem
711 2881 848 2948 apud
864 2878 1060 2934 Lucam
1079 2882 1190 2953 (ἳὸ)
1208 2899 1426 2952 quoque
1439 2884 1518 2951 pri
1529 2900 1628 2938 ma:
1651 2886 1796 2940 sedis
1841 2903 1905 2941 ac
1927 2887 2084 2956 primi

505 2969 788 3025 accubitus
817 2972 1076 3026 honorem
1102 2973 1171 3028 de
1196 2975 1458 3028 industria
1487 2975 1776 3044 qttaesitum
1805 2976 2082 3045 impediat,

502 3060 832 3116 audivimus.
877 3061 987 3117 Nec
1031 3064 1178 3118 enim
1226 3075 1345 3120 erat
1386 3064 1520 3132 justi
1567 3065 1698 3130 Dei,
1732 3067 1823 3137 qui
1858 3069 2080 3137 praemia

502 3149 558 3204 in
593 3148 777 3204 futura
808 3153 920 3206 vita
949 3153 1172 3209 cuilibet
1197 3153 1350 3223 juxta
1384 3156 1812 3226 uniuscujusque
1838 3159 2081 3216 actiones

499 3251 802 3311 praeparat,
831 3233 1015 3314 largiri
1043 3245 1296 3315 cuiquam
1322 3248 1462 3317 quod
1492 3247 1688 3316 injuste
1732 3259 1788 3304 et
1814 3264 2078 3319 arrogan-

501 3341 584 3386 ter
625 3335 935 3402 petebatur,
967 3345 1021 3390 et
1074 3338 1278 3404 primos
1316 3340 1370 3392 in
1424 3341 1678 3396 secundis
1705 3342 1934 3397 sedibus
1963 3343 2078 3396 col-

497 3421 684 3478 locare
715 3423 833 3496 (26)
863 3465 879 3492 ,
908 3437 965 3482 et
995 3430 1273 3498 apostolos
1302 3432 1664 3498 contristare,
1695 3433 1786 3502 qui
1818 3443 2078 3488 constan-

498 3525 586 3569 ter
615 3517 664 3572 ei
691 3517 881 3573 ﬁdeles
927 3517 1186 3584 fuerant;
1219 3537 1394 3591 neque
1447 3523 1810 3591 principatum
1853 3534 2079 3592 optave-

498 3614 656 3670 rant,
705 3615 761 3660 et
800 3621 907 3662 una
961 3623 1083 3662 cum
1124 3610 1257 3678 ipsis
1305 3621 1491 3680 patres
1519 3612 1682 3664 etiam
1711 3623 1930 3668 nostros
1961 3613 2077 3684 (27)

496 3697 857 3764 contristare,
884 3700 975 3770 qui
1011 3701 1062 3755 ei
1093 3710 1254 3756 antea
1303 3702 1656 3771 placuerant,
1698 3713 1755 3757 et
1785 3704 1856 3758 ob
1908 3705 2079 3759 virtu-

498 3798 608 3843 tem
643 3789 947 3847 admirandi
980 3792 1234 3859 fuerant,
1271 3795 1590 3863 quibuscum
1622 3795 1800 3850 faedus
1829 3796 2033 3852 inierat
2059 3839 2075 3861 ,

496 3889 552 3932 et
579 3879 777 3948 quibus
803 3882 1008 3950 primas
1031 3899 1097 3939 ex
1127 3893 1356 3952 utroque
1385 3885 1502 3954 ejus
1529 3885 1701 3942 latere
1725 3887 1884 3942 sedes
1913 3898 2074 3944 antea

497 3973 800 4038 promissas
830 3972 998 4030 fuisse
1026 3977 1250 4032 omnino
1280 3977 1576 4034 verisimile
1600 3988 1721 4043 est,
1753 3980 1806 4033 in
1840 3995 2074 4049 quorum

495 4067 664 4120 etiam
694 4067 924 4124 sinubus
960 4069 1012 4123 hi
1035 4106 1054 4133 ,
1086 4069 1154 4124 de
1181 4067 1378 4137 quibus
1401 4077 1484 4123 est
1509 4083 1691 4124 sermo
1715 4109 1732 4136 ,
1767 4071 2069 4140 requieturi

491 4168 650 4214 erant
686 4159 849 4231 (28);
906 4161 1128 4231 insuper
1181 4175 1312 4215 vero
1358 4162 1524 4216 etiam
1571 4160 1810 4230 Moysem
1867 4163 2075 4217 contri-

491 4259 662 4308 stare.
693 4251 861 4325 424
887 4252 1339 4324 Quandoquidem
1376 4255 1490 4324 ipse
1523 4263 1606 4310 est
1633 4268 1757 4310 cum
1789 4254 1864 4309 rei
1895 4269 1925 4306 a
1958 4269 2078 4308 mu-

490 4341 626 4399 liere
655 4347 868 4415 petitae,
902 4357 1016 4403 tum
1063 4349 1232 4404 totius
1266 4347 1457 4415 judicii
1504 4347 1801 4412 Dominus,
1846 4356 1904 4403 et
1957 4347 2073 4416 ipse

2192 1891 2386 1936 νωσκε.
2417 1878 2471 1930 τί
2509 1875 2578 1950 ἦν
2617 1881 2678 1935 ὲν
2721 1883 2800 1953 τῷ
2842 1885 3131 1958 ἀνθρώπῳ.
3169 1908 3188 1940 ι
3233 1891 3430 1944 Ἄκουε
3457 1892 3523 1964 δὴ
3547 1875 3637 1946 οὖν
3662 1893 3760 1946 τῶν

2190 1966 2339 2036 ἑξῆς,
2364 1969 2459 2022 καὶ
2476 1972 2775 2038 πείθου,ὡς
2794 1975 2894 2029 οὐκ
2926 1979 3130 2052 ἐσφάλη
3160 1998 3251 2050 μοι
3281 1983 3344 2036 τὸ
3371 1984 3464 2054 νόη
3476 2004 3571 2056 μα.
3601 1987 3759 2051 Εὐθὺς

2189 2057 2299 2128 γὰρ
2317 2058 2451 2128 ἔχει,
2468 2062 2571 2124 ὅτι,
2597 2084 2615 2114 ι
2653 2065 3168 2139 Ἀγανακτησάντων
3193 2089 3212 2122 ι
3243 2074 3353 2126 τῶν
3378 2075 3589 2130 δώδεκα
3607 2096 3624 2128 ι
3647 2080 3758 2147 περὶ

2188 2147 2298 2202 τῶν
2327 2151 2421 2202 δύο
2450 2153 2654 2206 τούτων
2674 2155 2942 2225 ἀδελφῶν,
2980 2179 2998 2210 ι
3037 2157 3191 2215 εἶπεν
3222 2165 3252 2217 6
3278 2167 3560 2238 Δεσπότης
3584 2185 3599 2199 ·
3631 2189 3649 2220 ι
3681 2171 3760 2223 Ἐν

2189 2239 2318 2309 ὑμῖν
2347 2241 2406 2305 ὃς
2435 2242 2530 2296 ἐὰν
2566 2244 2695 2320 θέλῃ
2731 2249 2906 2317 μέγας
2935 2252 3207 2320 γενέσθαι,
3232 2255 3382 2310 ἔσται
3409 2259 3570 2328 ὑμῶν
3595 2261 3757 2315 διάκο-

2188 2348 2306 2394 νος·
2339 2334 2434 2385 καὶ
2460 2335 2520 2398 ὃς
2557 2337 2653 2389 ἐὰν
2691 2339 2818 2410 θέλῃ
2851 2337 2990 2394 εἶναι
3021 2344 3254 2414 πρῶτος,
3286 2349 3438 2402 ἔσται
3479 2353 3631 2423 ὑμῶν
3654 2354 3758 2406 δοῦ-

2188 2421 2298 2486 λος.
2323 2442 2341 2474 r
2383 2425 2570 2490 Ὅπως
2598 2428 2655 2481 δὲ
2687 2433 2782 2483 καὶ
2811 2434 2870 2487 ὲν
2898 2433 2979 2504 τῷ
3009 2435 3193 2508 Λουκᾷ
3223 2441 3420 2494 κωλύει
3441 2421 3546 2506 τὰς
3568 2444 3626 2510 ἐξ
3653 2447 3758 2497 sm-

2187 2511 2866 2592 λογῆς¹πρωτοκαθεδρίας
2913 2526 3006 2578 καὶ
3053 2529 3480 2598 πρωτοκλισίας,
3533 2537 3756 2603 ἡκούσα-

2189 2621 2310 2674 μεν.
2341 2607 2450 2660 Καὶ
2487 2609 2596 2680 γὰρ
2629 2612 2729 2665 οὐκ
2768 2609 2838 2684 ἦν
2864 2615 2959 2668 τοῦ
2991 2617 3198 2672 δικαίου
3231 2621 3389 2690 Θεοῦ,
3420 2625 3519 2678 τοῦ
3554 2629 3756 2698 ἑτοιμά-

2186 2695 2370 2760 ζοντος
2420 2701 2558 2754 κατὰ
2607 2703 2705 2774 τὴν
2759 2706 2991 2760 ἑκάστου
3037 2709 3319 2764 πολιτείαν
3365 2713 3434 2766 τὰ
3488 2695 3754 2786 μέλλοντα,

2186 2792 2491 2857 παρασχεῖν
2519 2809 2624 2845 τινι
2669 2795 2743 2864 μὴ
2774 2795 3012 2862 δικαίαν,
3043 2800 3075 2870 ἢ
3113 2802 3502 2874 αὑχηματικὴν
3533 2808 3753 2876 αἴτησιν.

2185 2880 2279 2931 καὶ
2307 2879 2464 2946 τάξαι
2495 2885 2622 2947 τοὺς
2654 2885 2902 2956 πρώτους
2930 2891 2990 2942 ὲν
3015 2891 3287 2964 ὑστέροις,
3317 2897 3410 2948 καὶ
3440 2899 3755 2970 παραλυπῆ-

2184 2987 2278 3022 σαι
2310 2974 2436 3035 τοὺς
2461 2974 2560 3044 τὴν
2583 2975 2738 3041 τάξιν
2777 2983 2852 3051 μὴ
2880 2981 3152 3048 λιπόντας,
3192 2986 3315 3056 μηδ’
3346 2989 3523 3058 ἀρχῆς
3556 2993 3754 3060 ἐφιεμέ-

2184 3079 2310 3124 νους
2337 3063 2687 3136 ἀποστόλους,
2724 3072 2820 3124 καὶ
2848 3074 2945 3126 σὺν
2977 3075 3161 3140 αὐτοῖς
3193 3081 3319 3142 τοὺς
3351 3083 3752 3153 προαρέσαντας

2185 3153 2357 3245 αὐτῷ,
2419 3158 2512 3245 καὶ
2567 3161 2654 3212 ἐπ’
2711 3162 2882 3236 ἀρετῇ
2941 3165 3358 3238 θαυμασθέντας
3412 3175 3751 3245 προπάτορας

2184 3243 2365 3314 ἡμῶν,
2403 3241 2484 3310 οἷς
2535 3250 2806 3320 συνέθετο,
2864 3257 2959 3308 καὶ⁷
3003 3254 3084 3320 οἷς
3121 3261 3230 3313 πᾶν
3282 3263 3429 3314 ἐστιν
3459 3241 3624 3328 Ῠείκὸς
3664 3241 3752 3333 τὴν

2185 3336 2526 3427 ἑκατέρωθεν
2555 3341 2720 3396 αὑτοῦ
2749 3347 3043 3418 προεδρίαν
3063 3348 3191 3420 [206
3232 3351 3747 3427 ὁ]προῦποσχέσθαι.

2181 3420 2258 3480 ὧν
2287 3429 2380 3481 καὶ
2409 3431 2490 3493 είς
2513 3433 2639 3495 τοὺς
2662 3435 2894 3502 κόλπους
2919 3434 3086 3504 οὗτοι,
3114 3446 3242 3513 περὶ
3267 3420 3358 3499 ὧν⁷
3376 3449 3405 3499 6
3435 3420 3609 3517 λόγος,
3629 3467 3748 3502 κατ-

2183 3519 2560 3574 αναπαύεσθαι
2593 3523 2816 3592 ἔμελλον
2834 3542 2849 3556 ο
2878 3530 3014 3601 πρὸς
3043 3532 3254 3598 τούτοις
3291 3535 3351 3588 δὲ
3376 3539 3470 3590 καὶ
3500 3541 3747 3594 Μωῡσέαο

2181 3611 2390 3664 ὲπείτοι
2423 3615 2517 3666 καὶ
2549 3617 2710 3680 αὐτός
2740 3620 2886 3674 ἐστιν
2916 3625 2944 3676 6
2982 3625 3076 3677 καὶ
3120 3627 3214 3679 τοῦ
3249 3631 3568 3700 αἰτηθέντος
3620 3634 3747 3703 πρά-

2181 3719 2392 3772 γματος
2409 3705 2501 3757 καὶ
2520 3706 2621 3772 τῆς
2642 3709 2876 3777 κρίσεως
2902 3714 3082 3786 πάσης
3111 3717 3334 3790 Κύριος,
3369 3723 3462 3775 καὶ
3488 3727 3517 3776 6
3541 3726 3747 3796 προορί-

2183 3811 2282 3858 σας
2327 3797 2438 3857 τοῖς
2486 3797 2808 3865 ἀποστόλοις
2863 3806 2988 3868 τοὺς
3037 3806 3292 3877 θρόνους,
3357 3811 3748 3882 βασιλικώτατα

2180 3889 2628 3960 προαγαγόμενος
2651 3894 2848 3958 αὐτοὺς
2873 3898 2967 3948 καὶ
2995 3901 3463 3972 ἐπαγγειλάμενος
3482 3921 3496 3934 ο
3523 3922 3543 3956 ι
3575 3904 3748 3974 Ὑμεῖς

2180 3979 2583 4050 καθεσθήσεσθε
2603 3985 2695 4037 ἐπὶ
2728 3985 2937 4042 δώδεκα
2965 3989 3195 4061 θρόνων,
3228 3994 3507 4063 κρίνοντες
3533 3995 3631 4058 τὰς
3656 3995 3748 4047 δὼ-

2176 4071 2310 4124 δεκα
2351 4071 2523 4139 φυλὰς
2548 4074 2642 4127 τοῦ
2681 4077 2920 4150 Ἰσραήλ.
2946 4099 2964 4132 ο
3005 4082 3166 4153 Ὄρον
3195 4085 3327 4151 γοῦν
3359 4086 3456 4138 ἕνα
3485 4087 3587 4140 οὐκ
3612 4085 3748 4140 ἀντία

2177 4161 2366 4214 λεκτον
2395 4161 2487 4214 τοῦ
2519 4165 2593 4235 μὴ
2623 4169 2836 4236 μεγάλα
2865 4171 3054 4241 αὐχεῖν
3081 4190 3207 4226 τινα
3242 4176 3339 4228 καὶ
3368 4178 3548 4248 ἐαυτῷ
3574 4177 3746 4231 ἀποδι-

2175 4255 2323 4309 δόναι
2348 4255 2518 4318 τιθεὶς
2545 4258 2744 4325 φάσκει
2763 4277 2776 4289 ·
2810 4280 2829 4312 ι
2863 4260 2989 4316 Ἐὰν
3013 4263 3124 4332 ἐγὼ
3151 4267 3415 4338 μαρτυρῶ
3441 4271 3568 4340 περὶ
3593 4272 3727 4338 ἐμαυ

2175 4349 2292 4414 τοῦ,
2324 4350 2358 4418 ἡ
2395 4351 2670 4419 μαρτυρία
2703 4369 2802 4422 μου
2835 4353 2986 4408 οὐδέν
3015 4357 3162 4409 ἐστιν
3182 4373 3197 4389 ·
3230 4359 3347 4412 ἀλλ’
3377 4360 3526 4415 ἔστιν
3553 4363 3586 4413 6'
3614 4375 3743 4429 μαρ-

493 4439 752 4506 apostolis
776 4442 937 4499 sedes
961 4443 1293 4512 praestituit,
1325 4455 1530 4510 eosque
1559 4449 1621 4494 ut
1647 4455 1862 4495 summo
1890 4439 2069 4504 impe-

2184 4442 2354 4513 τυρῶν
2382 4442 2510 4511 περὶ
2547 4443 2704 4512 ἐμοῦ,
2732 4463 2750 4496 ι
2808 4448 2837 4498 6
2887 4447 3079 4516 λέγων,
3106 4452 3258 4520 φησὶ,
3286 4453 3476 4524 Ηατήρ
3495 4469 3509 4482 ·
3547 4473 3565 4503 ι
3589 4449 3743 4513 Οὗτός

558 4548 670 4624 (ἔξ)
690 4551 1053 4624 quiderent.
1070 4555 1273 4618 Codex,
1289 4553 1580 4616 συνθόκους
1621 4568 1721 4624 pro
1738 4551 2066 4616 cruvihbxoug.

561 4616 673 4685 (15)
705 4621 827 4676 Non
855 4633 952 4678 est.
989 4625 1177 4678 Matth.
1209 4616 1300 4688 xx,
1321 4624 1413 4678 25.

561 4688 675 4827 (16)
699 4690 890 4746 Decus.
929 4693 1131 4760 Codex,
1161 4698 1357 4766 γῆρας.
1392 4693 1535 4763 Lego
1577 4693 1769 4766 γέρας.

561 4753 651 4827 (17
712 4759 836 4824 Ipse
859 4780 999 4817 vero.
1034 4763 1191 4820 Joan.
1234 4782 1293 4827 ιι,
1341 4765 1433 4827 24,
1481 4765 1575 4819 25.

588 4756 675 4829 17)
712 4759 836 4829 Ipse
859 4780 999 4817 vero.
1034 4756 1191 4820 ,ιοέηὶ
1219 4756 1293 4829 ἶι,
1319 4756 1433 4827 ⁷24,
1466 4756 1575 4819 ⁷25.

563 4826 674 4895 (18)
704 4828 828 4884 Non
868 4835 1108 4887 credebat
1148 4837 1246 4888 eis.
1281 4826 1487 4890 Graeca
1542 4849 1607 4889 ac
1640 4832 1833 4888 Latina
1894 4830 2064 4885 Biblia

491 4890 689 4948 habent
721 4914 734 4950 :
771 4917 790 4948 ι
816 4916 920 4954 non
956 4905 1212 4958 credebat
1239 4906 1592 4958 semetipsum
1621 4907 1722 4958 eis.
1753 4922 1772 4954 ι

721 4914 734 4950 :
771 4917 790 4948 ι
816 4916 920 4954 non
956 4914 1212 4958 credebat
1239 4914 1592 4960 semetipsum
1621 4914 1722 4960 eis.

567 4921 689 4948 ocul.
721 4921 734 4950 :
771 4921 790 4948 ι
816 4921 920 4954 non
956 4921 1212 4958 creaeuat
1239 4921 1592 4970 semetipsum
1621 4921 1722 4960 eIS.
1753 4922 1772 4954 ι

564 4964 678 5034 (19)
712 4965 779 5019 Et
829 4985 958 5035 opus
1007 4973 1056 5024 ei
1103 4990 1207 5027 non
1253 4986 1387 5028 erat.
1425 4975 1614 5029 Graeca
1667 4975 1837 5030 editio
1878 4973 2068 5030 eodem

490 5029 882 5113 Itlatle‘Zseusur-z
908 5039 1001 5092 καὶ
1031 5041 1129 5113 ὅτι-
1145 5042 1212 5113 οὐ
1241 5043 1430 5113 χρείαν
1454 5039 1622 5112 εἶχεν.

709 5103 848 5176 I_ratt'
886 5120 1073 5176 essenl.
1113 5099 1300 5166 Match
1334 5129 1426 5176 xx,
1460 5099 1552 5166 Ξῖ.

578 5169 668 5248 ἓξ)
703 5173 1340 5248 Duodecim._l.egentlum
1368 5169 1522 5243 δέκα,
1565 5181 1616 5235 id
1648 5191 1753 5247 est,
1787 5184 2059 5237 «decem.»

578 5238 670 5316 ἓξ)
705 5241 771 5316 ζμ
791 5245 962 5316 μαθέ..
992 5238 1181 5302 Matii].
1213 5265 1304 5313 xx,
1332 5251 1423 5316 eo,
1477 5238 1568 5305 2’7.

581 5309 672 5385 23;)
708 5311 845 5385 ιρι-ξι.
874 5311 1059 5385 ρτωοα
1088 5309 1466 5385 εόίιίοζέστω,
1494 5322 1547 5374 id
1569 5327 1676 5379 est,
1717 5339 1736 5371 ι
1762 5321 1852 5375 sit.
1877 5340 1896 5371 ι

486 5380 672 5460 ξᾷ-(24)
704 5380 1282 5460 Erit._Graaca_editio,
1318 5399 1376 5443 ut
1402 5380 1584 5450 antea,
1616 5385 1775 5444 ἔστω.
1807 5391 2066 5460 Vulgatus

485 5450 753 5522 interpres
773 5450 917 5522 legit
936 5463 996 5506 ut
1024 5450 1297 5522 Didymus.

555 5466 628 5502 [ef
669 5466 753 5505 res
773 5466 901 5519 tegit
936 5466 996 5506 ut
1024 5466 1297 5522 Didymus.

555 5466 668 5592 (ᾷῶ
699 5521 851 5592 ᾼριιά
884 5519 1102 5576 Lucam.
1130 5524 1260 5592 Cap.
1292 5542 1404 5590 xiv,
1431 5543 1575 5582 vers.
1602 5529 1654 5581 7.

555 5588 1001 5668 (2(ij_Collocare._
1028 5588 1242 5668 Codex,
1289 5588 1516 5666 μεταξύ.
1564 5598 1710 5668 Lego
1757 5596 1940 5662 τάξαι,
1971 5608 2062 5652 aut

487 5658 762 5731 συντάξαι,
790 5672 886 5715 aut
911 5665 1039 5731 quid
1075 5658 1273 5720 simile.

555 5726 665 5798 (Ἦ)
699 5731 886 5790 Patres
929 5726 1099 5790 'etiam
1145 5744 1368 5797 nostros.
1429 5735 1815 5808 Abrahamutn
1844 5733 2051 5792 scilicet

651 5102 674 5312 ξ

555 5174 578 5448 ἓ

2177 4553 2546 4679 potissimum,
2571 4555 2814 4625 aliosque
2838 4556 3144 4626 hujusmodi
3172 4563 3512 4629 patriarchas
3545 4562 3741 4618 Veteris

2223 4633 2468 4678 estamen
2498 4638 2534 4674 ι.

2223 4633 2338 4678 esta
2347 4632 2534 4675 ll'lellll.

2240 4691 2354 4762 (28)
2396 4689 2697 4758 Requieluri
2726 4706 2895 4753 erant.
2922 4695 2979 4750 In
3028 4699 3150 4752 sinu
3181 4699 3475 4756 Ahrahami
3525 4711 3741 4756 caetero-

2175 4776 2406 4839 rumque
2442 4763 2870 4839 patriarcharum
2923 4769 3263 4839 requieturos
3295 4770 3467 4825 fuisse
3497 4784 3614 4839 post
3640 4771 3743 4824 obi-

2173 4845 2284 4910 tum
2311 4831 2571 4910 Jacobuln
2621 4848 2684 4910 ac
2705 4832 2967 4910 Joannem
2989 4831 3066 4910 a_it
3088 4837 3364 4910 Didymus.
3389 4831 3563 4895 Simili
3593 4840 3742 4895 modo

2174 4903 2227 4955 in
2258 4903 2605 4976 enarratione
2644 4903 2705 4976 in
2740 4904 2910 4970 Epist.
2938 4905 2964 4958 Ι
2995 4906 3163 4973 Petr.,
3185 4903 3318 4976 'cap.
3348 4926 3363 4962 I
3394 4913 3461 4964 ad
3500 4927 3638 4966 vers.
3680 4912 3733 4961 11

2169 4988 2235 5026 ac
2261 4971 2329 5024 12
2367 4971 2545 5045 inquit
2574 4989 2587 5023 :
2624 4990 2643 5023 ι
2669 4971 2870 5045 Omnes
2899 4978 3084 5045 utique
3115 4971 3206 5044 qui
3244 4971 3541 5034 secundum
3589 4981 3738 5036 Chri-

2168 5054 2312 5121 stum
2350 5040 2640 5121 .liniuntur,
2677 5044 2730 5121 in
2769 5045 2885 5121 ejus
2932 5040 3522 5121 (itempe‘Abrahatni)
3572 5053 3737 5105 sinum

2172 5110 2618 5191 proﬁciscuntur.
2639 5112 2830 5191 r-lude
2871 5110 3049 5168 tamen
3095 5110 3288 5171 inferri
3327 5110 3533 5188 nequit,
3568 5122 3731 5191 ipsum

2172 5177 2226 5234 iu
2261 5196 2326 5258 ea
2349 5177 2788 5258 fuisseppinioue
2817 5194 3172 5258 utceuseret,
3197 5177 3429 5242 sanctos'
3453 5177 3602 5244 nulla
3618 5205 3736 5258 pur-

2171 5251 2391 5320 gatioue
2420 5248 2720 5320 indigentes
2755 5253 3004 5308 intuitiva
3056 5271 3122 5310 ac
3151 5248 3392 5312 benefica
3420 5248 3631 5314 visione
3652 5259 3735 5314 Dei

2173 5318 2279 5393 non
2336 5318 2444 5370 frui
2493 5328 2619 5371 ante
2661 5332 2964 5393 extremum
3008 5325 3198 5393 judicii
3248 5328 3426 5392 diem;
3485 5331 3597 5383 sive
3641 5330 3735 5381 hac

2169 5389 2518 5463 fruerettt_ur_
2543 5389 2868 5463 patriarcha:
2925 5389 3050 5450 ante
3090 5396 3298 5451 Christi
3341 5389 3659 5463 adventum,
3686 5403 3738 5448 ut

2171 5458 2457 5532 contendit
2487 5455 2683 5532 doctus
2709 5462 2790 5513 vir
2839 5463 3078 5520 Joannes
3120 5465 3453 5532 Cadonicus,
3517 5455 3657 5524 sive'
3680 5480 3736 5519 ea

2165 5544 2278 5606 non
2313 5527 2640 5606 fruerentur.
2655 5527 2820 5606 ἔθεε,
2846 5536 2896 5600 si
2910 5537 3100 5606 placet,
3125 5552 3244 5604 quae
3263 5541 3330 5592 de
3347 5527 3648 5606 hujusmodi
3671 5537 3737 5588 lo-

2163 5601 2383 5676 cutioue
2408 5597 2611 5676 scribit
2652 5597 2981 5676 bini-atomus
3007 5605 3058 5658 iu
3087 5597 3230 5660 iibro
3261 5607 3339 5661 De
3379 5597 3649 5676 paradiso,
3677 5620 3736 5659 ac

2161 5668 2466 5794 gallerinii,
2515 5679 2635 5737 Cap.
2681 5671 3201 5743 10.Dissertationis
3232 5693 3272 5732 ιι
3318 5668 3462 5736 ίιίδ.
3507 5668 3732 5743 Zenonis

2209 5754 2360 5794 nera.

2207 5754 2360 5807 pera.
