4034 6384
291 328 398 383 955

1357 330 1446 386 DE
1484 330 1863 390 ΤΠΙΝΙΤΛΤΕ
1903 337 2105 394 LIBER
2143 339 2466 397 TERTIUS.

3450 330 3559 402 est

296 460 392 515 μα’
425 463 444 496 3
471 442 712 497 δείκνυσι
738 444 830 498 διὰ
861 435 1078 501 πάντων
1108 447 1336 507 τούτων,
1359 449 1434 513 ὼς
1457 452 1535 515 είς
1554 451 1616 505 τὸ
1650 452 1832 523 ἀέριον
1859 456 1887 507 ὁ

2000 474 2093 508 non
2140 472 2294 519 vero,
2353 458 2444 526 qui
2496 459 2674 512 creari
2723 457 2836 530 (55)
2890 459 3158 529 spiritum,
3216 462 3442 528 etprius
3474 477 3561 525 ι)οσ

294 532 447 598 λῦγος
478 531 840 587 ἀποτείνεται.
869 535 1118 599 Σπανίως
1145 536 1255 608 γὰρ
1275 537 1336 591 τὸ
1360 538 1512 606 ἅγιον
1538 542 1762 613 Πνεῦμα
1790 545 1882 598 τοῦ

295 618 430 672 Θεοῦ
462 618 583 689 δίχα
609 620 703 673 τοῦ
730 622 1094 677 συνάπτεσθαι
1123 625 1272 695 αὐτῷ
1302 626 1381 690 τὸ,
1408 627 1584 695 ἅγιον,
1609 629 1642 700 ἢ
1679 631 1758 694 τὸ,
1785 631 1881 684 τοῦ

294 710 452 766 Θεοῦ.
485 711 601 781 se
620 711 844 782 ἄρθρον,
879 714 911 784 ἦ
946 713 1075 784 [208
1099 714 1155 787 τι]
1186 718 1285 785 τὴν
1319 720 1554 788 μετοχὴν
1582 722 1777 775 αὐτοῦ’
1808 723 1885 787 ὠς

296 802 460 871 ⁴ἡνίκα
508 803 739 873 γράφει·
780 823 797 854 ι
839 803 1062 874 Πνεῦμα
1103 806 1288 859 Ἠλία·
1330 827 1348 859 3
1396 812 1511 875 καὶ,
1557 831 1574 862 ι
1615 812 1890 882 Πνεῦματι

299 898 671 966 περιπατεῖτε.
705 915 723 947 3
758 915 776 945 ι
809 897 1026 961 κτίζων
1066 917 1084 949 3
1114 898 1183 952 δὲ’
1206 918 1223 948 ι
1249 900 1471 971 Πνεῦμα
1500 921 1518 953 3
1544 900 1686 968 εἷπε,
1710 904 1798 957 διὰ
1830 905 1891 958 τὸ

296 987 640 1057 ἐπιγίνεσθαι
668 988 728 1041 τὸ
752 989 959 1058 ἀέριον,
989 990 1118 1043 ὅταν
1148 993 1338 1062 καιρὸς
1366 995 1528 1066 καλῇ,
1557 995 1693 1066 πρὸς
1719 996 1780 1049 τὸ
1804 996 1893 1049 λυ-

298 1080 542 1133 σιτελοῦν
598 1084 718 1145 ταῖς
776 1081 1009 1152 χρείαις,
1065 1081 1132 1134 δι’
1177 1084 1243 1146 ἃς
1305 1085 1549 1153 γέγονεν.
1605 1087 1891 1157 Εἰώθαμεν

297 1173 410 1244 γὰρ
466 1174 559 1227 καὶ
607 1175 702 1227 νῦν
742 1174 956 1243 λέγειν·
1010 1175 1256 1243 Ἐγένετο
1286 1174 1485 1247 ἄνεμος
1514 1177 1719 1242 πολύς·
1769 1178 1885 1232 ἀλλ’

299 1266 400 1335 οὐχ
453 1263 529 1329 ὡς
581 1264 674 1319 νῦν
716 1266 977 1335 κτισθεὶς,
1027 1267 1142 1322 ἀλλ’
1199 1269 1275 1332 ὡς
1313 1269 1436 1341 ἄρτι
1488 1269 1662 1340 βίαιος
1725 1273 1884 1341 ἐγερ-

301 1355 436 1421 θείς.

1992 559 2079 602 nat
2117 548 2228 619 (54)
2256 550 2477 603 tonitrni
2516 551 2900 614 lirmationem,
2926 552 3118 606 deimle
3163 552 3387 618 spiritus
3411 568 3566 606 erea-

1992 640 2216 701 tiouem.
2251 656 2314 695 ac
2340 650 2599 709 praeterea
2652 642 2769 696 sine
2802 643 3030 696 articulo
3081 643 3140 697 τό
3187 643 3322 714 (55),
3354 654 3406 698 ει
3449 646 3565 698 sine

1995 746 2145 795 voce,
2198 740 2471 795 sanctum,
2534 734 2675 785 unde
2704 734 2781 786 sic
2829 732 3111 801 loquatur:
3153 734 3316 806 427
3364 735 3565 799 κτίζων

1995 820 2234 891 πνεῦμα,
2294 822 2346 877 id
2384 833 2465 877 εει
2506 840 2691 878 creatis
2742 826 3024 893 spiritum;
3084 838 3307 897 apparet
3361 844 3426 882 ex
3485 830 3568 882 bis

1992 906 2264 975 euntibus,
2289 912 2355 966 ad
2389 913 2636 980 spiritum
2700 916 2907 967 aerium
2960 917 3232 983 pertinere
3265 934 3384 985 qua:
3415 919 3565 973 dicit.

1999 1000 2141 1055 ltaro
2175 1002 2319 1055 enim
2346 1001 2460 1074 (56)
2494 1009 2715 1057 sanctus
2749 1005 2841 1058 Dei
2894 1005 3128 1074 Spiritus
3170 1022 3569 1061 commemora-

1997 1103 2104 1157 tur,
2150 1094 2279 1162 quin
2338 1095 2568 1148 addatur
2613 1111 2713 1149 vox
2774 1106 3018 1160 sanctus,
3054 1108 3148 1152 aut
3192 1114 3293 1152 vox
3326 1098 3442 1163 Dei,
3477 1109 3571 1154 aut

1990 1184 2252 1239 articulus
2294 1184 2355 1239 τό
2404 1186 2609 1239 nomini
2652 1186 2868 1257 πνεῦμα
2901 1189 3277 1259 conjungatur,
3303 1200 3396 1243 aut
3425 1190 3573 1259 ejus-

1990 1275 2112 1328 dem
2158 1274 2394 1346 Spiritus
2435 1279 2779 1349 participatio
2811 1279 3185 1349 significetur:
3216 1289 3275 1334 ut
3295 1296 3415 1335 cum
3438 1281 3574 1335 scri—

1986 1365 2132 1420 bitur
2162 1385 2174 1419 :
2212 1387 2230 1419 ι
2268 1368 2506 1436 Spiritus
2532 1370 2657 1425 Elite
2688 1372 2805 1443 (57)
2832 1390 2880 1436 ;3
2913 1385 2995 1427 et:
3022 1391 3041 1424 ι
3080 1371 3284 1442 Spiritu
3307 1372 3420 1445 (58)
3454 1389 3572 1427 am-

303 1450 554 1505 bulate.3
589 1451 711 1508 Ideo
743 1461 927 1507 autem
987 1453 1439 1522 dixitproplieta.
1473 1473 1493 1507 ι
1528 1469 1722 1510 creans
1796 1455 2067 1523 spiritum,
2123 1479 2143 1511 3
2202 1462 2328 1535 quia
2381 1462 2627 1517 exoritur
2682 1463 2796 1536 (59)
2838 1464 3019 1519 aerius
3074 1465 3323 1535 spiritus,
3351 1469 3571 1535 quando

302 1544 699 1611 Opportunitas.
717 1559 782 1600 ac
816 1556 1002 1600 nostra
1051 1545 1260 1599 utilitas
1302 1546 1352 1600 id
1419 1547 1678 1615 exposcit,
1713 1548 1778 1600 ad
1823 1547 2096 1604 ferendam
2132 1553 2184 1605 in
2233 1553 2672 1621 necessitatibus,
2706 1567 2929 1624 propter
3002 1571 3137 1626 quas
3206 1556 3385 1612 factus
3449 1567 3554 1621 est,

302 1647 481 1700 opem.
507 1633 900 1691 Coiisuevimus
922 1638 1065 1690 enim
1102 1652 1243 1691 nunc
1267 1651 1480 1706 qu0que
1520 1637 1742 1692 dicere:
1777 1637 1977 1695 Factus
2034 1652 2118 1697 est
2180 1654 2373 1699 ventus
2441 1644 2679 1699 multus:
2714 1660 2817 1700 non
2841 1647 2995 1716 quasi
3056 1662 3199 1702 nunc
3235 1654 3451 1702 creatus
3479 1649 3569 1714 sit,

313 1726 408 1781 sed
438 1727 580 1794 quod
605 1728 901 1784 vehemens
920 1743 1091 1797 nuper
1121 1729 1387 1783 excitatus
1412 1728 1593 1782 fuerit.

378 1819 740 1891 Προφητικῶς
776 1821 954 1873 τοίνυν
999 1822 1094 1875 καὶ
1141 1821 1524 1892 ὑστερομέσως
1557 1822 1751 1893 ἐλέχθη
1788 1823 1895 1875 ἀπὸ

2077 1822 2401 1890 Proplietice
2423 1836 2575 1887 ergo,
2608 1830 2662 1875 et
2693 1820 2976 1875 verborum
3013 1821 3205 1874 ordine
3252 1822 3565 1890 aliquantu-

303 1910 401 1963 τοῦ
426 1909 610 1964 θεῖκοῦ
637 1911 955 1982 Πνεῦματος
977 1913 1205 1967 οὐτωσί’
1233 1933 1251 1965 ι
1282 1914 1642 1986 Κατέστρεψα
1669 1916 1833 1985 ὑμᾶς,
1869 1935 1886 1966 3

2004 1915 2112 1967 lum
2146 1917 2363 1968 inverso
2398 1912 2512 1986 (60)
2542 1913 2781 1980 loquitur
2832 1913 2999 1966 Amos
3028 1927 3092 1965 ex
3128 1927 3356 1980 persona
3407 1913 3571 1966 divini

304 2001 451 2056 τοῦτ’
481 2002 619 2062 ἔστι,
639 2022 658 2055 ι
682 2004 809 2068 τοὺς
837 2005 1349 2078 σκληροτραχήλους
1365 2007 1458 2059 καὶ
1486 2007 1894 2076 ἀπεριτμήτους

2002 2004 2233 2073 Spiritus
2262 2006 2315 2058 in
2360 2006 2501 2057 hunc
2526 2004 2782 2055 modum:
2819 2020 2837 2052 ι
2876 2000 3125 2056 Subverti
3168 2017 3295 2065 vos;
3331 2021 3347 2053 3
3393 2002 3444 2054 id
3469 2008 3572 2068 est,

306 2097 375 2165 τῇ
398 2094 597 2165 καρδίᾳ
624 2114 643 2145 ι
689 2097 1007 2161 Ἰουδαίους,
1038 2116 1056 2147 3
1078 2097 1262 2162 καθὼς
1304 2097 1670 2169 κατέστρεψεν
1704 2096 1732 2148 ὁ
1761 2097 1894 2162 Θεὸς

304 2186 517 2256 Σόδομα
543 2188 637 2240 καὶ
660 2189 931 2261 Γόμορρα·
955 2208 972 2240 3
990 2190 1089 2254 τὰς
1120 2191 1434 2261 ἐσχηκυίας.
1468 2191 1653 2259 φησιν,
1682 2191 1894 2259 οίκήτο-

309 2292 432 2347 ρας,
448 2276 649 2346 ὁμοίως
665 2278 937 2339 Ἰουδαίοις
960 2280 1322 2350 ἀμεταμελῶς
1341 2279 1435 2349 βεό
1443 2279 1688 2343 ιωκότας.
1702 2279 1892 2334 Τοίνυν

313 2386 333 2416 ι
360 2367 647 2438 ἐτοιμάζου
671 2369 764 2423 τοῦ
787 2371 1165 2425 ἐπικαλεῖσθαι
1198 2372 1435 2426 τὸνθεόν
1467 2390 1584 2437 σου,
1609 2372 1844 2445 Ἰσραήλ·
1867 2392 1885 2425 3

306 2457 391 2520 ὃν,
415 2460 600 2531 φησὶν,
630 2460 784 2515 οὔπω
815 2464 911 2516 καὶ
937 2464 1176 2534 τήμερον
1201 2464 1445 2535 ἐκδήλως
1475 2466 1731 2534 ἐπιγνοὺς
1758 2467 1893 2537 ἐφά-

309 2567 431 2622 νης.
462 2552 655 2623 Ἔλεγε
680 2554 738 2609 δὲ
765 2555 857 2610 τὸν
880 2555 1144 2627 μονογενῆ
1176 2555 1306 2609 Υίὸν
1330 2554 1425 2609 τοῦ
1459 2555 1614 2613 Θεοῦ.
1651 2576 1670 2610 ι
1702 2557 1896 2612 Διότιὸ

390 2730 505 2797 (55)
546 2729 669 2785 Non
707 2747 847 2795 vero,
890 2732 1198 2802 quicreavi.
1251 2730 1466 2799 Amnia,
1530 2733 1641 2787 imo
1697 2731 1891 2787 eadem

313 2801 614 2873 dictaverat
646 2802 697 2855 in
726 2802 819 2856 lib.
857 2800 934 2856 De
967 2800 1170 2870 Spiritu
1201 2817 1382 2856 sancto
1431 2818 1556 2857 num
1589 2802 1658 2857 15
1681 2819 1696 2856 :
1723 2821 1741 2854 ι
1773 2802 1886 2873 Ego

312 2869 566 2942 [rectius
590 2873 755 2927 codex
788 2882 973 2942 noster
1005 2869 1191 2941 tergo,
1242 2885 1302 2925 ut
1354 2881 1522 2926 totum
1557 2873 1731 2926 locum
1764 2869 1886 2941 per-

314 2940 573 3011 pendenti
605 2940 848 3012 patebit]
894 2941 997 2996 hoc
1057 2940 1198 3010 quod
1231 2943 1442 3000 dicitur.
1474 2962 1492 2993 ι
1542 2942 1680 2997 Creo
1729 2940 1887 3008 spiri-

318 3021 435 3065 tum
480 3028 502 3063 3
545 3025 697 3079 reque
753 3012 990 3065 arbitror
1050 3017 1323 3078 positum,
1380 3026 1445 3067 ac
1499 3012 1543 3066 si
1596 3014 1888 3073 diceretur,

319 3098 340 3132 ι
368 3080 573 3151 Creans
612 3092 852 3136 ventum.
880 3122 893 3136 .
928 3119 943 3134 .
970 3118 983 3151 ι
1015 3100 1035 3133 3
1090 3081 1233 3135 Bene
1261 3091 1437 3135 autem
1474 3081 1716 3151 quodin
1773 3082 1886 3151 ipsa

313 3150 584 3205 sententia
626 3167 730 3205 non
771 3151 868 3215 ait,
908 3170 927 3201 ι
956 3150 1055 3217 Qui
1100 3152 1305 3212 creavi,
1336 3171 1354 3202 3
1400 3155 1513 3216 sed,
1566 3169 1585 3201 ι
1615 3150 1715 3217 Qui
1764 3150 1890 3204 creo

313 3222 632 3286 Spiritutn.3
698 3223 756 3275 Si
824 3223 966 3275 enim
1020 3223 1085 3272 de
1145 3222 1601 3274 substaiitialitate
1658 3221 1892 3289 Spiritus

314 3290 491 3345 sancti
523 3306 703 3345 sermo
723 3301 885 3353 esset,
918 3291 1141 3343 dixisset
1169 3292 1372 3359 utique,
1418 3309 1437 3342 ι
1468 3292 1567 3358 Qui
1610 3292 1825 3346 creavi:
1867 3310 1886 3342 3

316 3376 495 3422 neque
518 3363 659 3430 enim
700 3377 912 3430 semper
934 3364 1180 3413 etimtlem
1206 3371 1374 3413 creat.
1397 3379 1416 3412 3

391 3430 504 3499 (54)
537 3429 606 3485 Ει
638 3429 1012 3501 ρνίιιεροιιηι.
1062 3441 1169 3483 etc.
1212 3430 1357 3484 Hanc
1403 3431 1666 3483 rationem
1723 3429 1895 3485 fusius

314 3498 540 3568 exponit
570 3498 741 3555 inlib.
792 3498 865 3553 De
899 3498 1101 3564 Spiritu
1142 3512 1323 3552 murto
1364 3517 1511 3554 unm.
1566 3501 1654 3554 M.
1713 3520 1731 3551 ι
1757 3502 1894 3555 Deus

314 3572 464 3623 enim
508 3570 748 3641 (inquit)
776 3573 865 3640 qni
897 3586 956 3623 se
980 3572 1232 3641 spiritum
1273 3574 1505 3623 condere
1538 3570 1713 3641 fuerat
1753 3586 1894 3636 prre-

318 3639 533 3695 locutus
559 3639 632 3693 et,
661 3639 865 3704 facere;
897 3651 951 3693 et
978 3639 1268 3711 tonitruum
1290 3640 1424 3694 dixit
1457 3642 1670 3692 lirtnare
1701 3639 1890 3711 [codex

318 3720 508 3764 noster
546 3712 725 3775 aliter,
774 3725 1013 3780 nempe:
1048 3709 1185 3763 Deus
1233 3711 1370 3762 enim
1416 3713 1506 3773 qui
1552 3728 1605 3761 se
1649 3709 1892 3779 spiritum

315 3781 544 3834 condere
563 3780 1089 3850 fueratprqzlocutus,
1118 3781 1314 3850 puriter
1349 3781 1546 3848 aifatu:
1577 3792 1650 3831 est
1681 3792 1726 3834 et
1741 3782 1894 3850 _tuni-

317 3858 503 3904 lruum
527 3848 580 3904 se
612 3848 884 3922 ﬁrmare],
907 3861 986 3922 Aet
1025 3849 1339 3922 tlilut‘ulum,
1382 3859 1445 3922 et
1472 3851 1696 3905 nebulas
1740 3848 1892 3922 [eet].

317 3929 510 3975 uoster
541 3937 554 3973 :
585 3918 865 3988 nebulam]
901 3918 1095 3972 facere.
1130 3937 1150 3968 3
1204 3918 1344 3985 Lege
1375 3921 1601 3988 reliqua.

394 3988 523 4061 (55)
569 3988 699 4045 Sine
750 3988 977 4043 articulo
1027 3989 1108 4042 τό.
1170 3988 1321 4061 llanc
1344 4005 1573 4061 _quouue
1630 3992 1893 4045 rationem

320 4058 598 4128 copiosius
657 4070 1019 4115 exornaverat
1078 4063 1127 4111 in
1194 4059 1288 4113 lib.
1334 4058 1410 4112 De
1454 4058 1662 4127 Spiritu
1713 4074 1895 4114 sancto

321 4145 477 4201 num.
521 4131 615 4201 j5.
674 4128 909 4201 «Neque
930 4131 1084 4201 enim
1107 4128 1310 4201 (rustra
1354 4130 1465 4201 [ita
1516 4132 1681 4183 editio
1732 4131 1898 4186 Vero-

323 4198 544 4283 pensisJ
576 4201 692 4282 sine
707 4198 970 4283 articulo,
998 4199 1089 4268 qui
1116 4200 1169 4253 in
1211 4198 1400 4283 Graeco
1438 4215 1686 4254 sermone
1712 4204 1897 4283 Siligti-

325 4269 561 4324 laritatis
584 4270 921 4337 signiﬁcator
956 4279 1061 4337 est,
1097 4283 1240 4323 nunc
1267 4269 1490 4338 spiritus
1520 4283 1732 4326 creatus
1762 4271 1896 4325 dici-

327 4341 740 4411 tur;_quoniam
782 4356 889 4395 non
930 4350 1017 4395 est
1050 4349 1291 4411 sanctus,
1323 4354 1447 4393 cum
1495 4354 1631 4409 pene
1683 4357 1897 4411 semper

327 4409 564 4477 Spiritus
619 4418 841 4464 sanctus
889 4426 1011 4464 cum
1059 4409 1287 4463 articulo
1339 4410 1670 4475 nominetur,
1718 4422 1777 4465 ut
1805 4409 1812 4411 ⁷
1841 4415 1890 4464 ιιι

2007 2115 2024 2148 ι
2054 2097 2218 2149 durus
2247 2096 2460 2149 cervice
2487 2094 2600 2166 (61)
2634 2092 3571 2149 etincircumcisoscorde3Jndaeos:

2008 2209 2026 2241 ι
2065 2190 2207 2243 sicut
2239 2187 2506 2242 subvertit
2536 2188 2676 2242 Deus
2708 2186 2999 2241 Sodomam
3033 2196 3087 2240 et
3124 2186 3478 2241 Gouiorrliam
3505 2205 3520 2253 ;
3550 2208 3573 2240 3

2001 2294 2230 2349 quarum
2268 2279 2480 2341 incola},
2508 2279 2706 2348 inquit,
2743 2278 2996 2333 similiter
3023 2294 3088 2333 ac
3114 2277 3306 2341 Judaei,
3339 2280 3410 2332 ita
3426 2278 3576 2333 vixe-

2006 2383 2155 2437 runt,
2188 2379 2248 2426 ut
2271 2386 2551 2440 nunquam
2605 2373 2952 2440 resipuerint.
2980 2372 3169 2441 Itaque
3194 2390 3213 2421 ι
3244 2385 3486 2441 praepara
3526 2381 3579 2426 te

2004 2465 2071 2518 ad
2098 2464 2456 2518 invocantium
2495 2465 2663 2519 Deum
2699 2475 2926 2532 tuum,o
2962 2464 3159 2520 lSraeI:
3192 2484 3209 2516 3
3258 2478 3419 2532 quem
3446 2478 3579 2516 non-

2004 2556 2154 2624 dum,
2182 2557 2379 2626 inquit,
2412 2572 2584 2626 usque
2609 2557 2675 2612 ad
2707 2560 2850 2613 hanc
2892 2558 3034 2613 diem
3084 2573 3113 2611 a
3151 2567 3200 2611 te
3227 2555 3443 2635 agnosci
3474 2572 3583 2611 ma-

1995 2743 2160 2804 tatur,
2210 2735 2374 2790 etiam
2412 2736 2518 2789 alta
2577 2735 2693 2791 Dei.
2726 2755 2745 2788 3
2793 2736 2859 2790 Et
2906 2735 3070 2789 multa
3120 2734 3358 2804 qnmmde
3406 2734 3582 2789 sacris

1991 2803 2172 2860 Libris
2204 2808 2220 2867 (
2243 2815 2337 2857 aut
2359 2804 2583 2860 Litteris
2614 2824 2628 2858 :
2660 2808 2828 2861 codex
2861 2805 3005 2859 enim
3036 2803 3199 2861 habet
3231 2803 3367 2876 (iris)
3396 2820 3582 2860 excer—

1990 2889 2122 2943 pere
2164 2876 2417 2942 passiltile
2443 2885 2546 2929 est.
2589 2894 2609 2927 3

2068 2945 2182 3012 (56)
2224 2944 2365 2998 Raro
2401 2946 2560 3006 enim,
2587 2954 2695 3000 etc.
2739 2945 2893 2998 Hunc
2929 2943 3103 2997 locum
3137 2944 3446 2997 accuratius
3489 2944 3577 2997 hic

1997 3022 2215 3076 tractat,
2268 3030 2429 3082 quam
2483 3013 2683 3069 fecerat
2739 3014 2792 3068 in
2843 3014 2936 3067 lib.
2996 3014 3072 3067 De
3142 3012 3347 3081 Spiritu
3401 3024 3582 3066 sancto

1997 3100 2143 3138 num.
2173 3084 2264 3150 15,
2300 3085 2390 3137 ubi
2433 3093 2610 3138 tamen
2660 3084 2838 3150 aliqua
2885 3083 3214 3138 liabetliisce
3260 3082 3568 3136 simillima.

2003 3174 2022 3205 ι
2043 3152 2197 3220 Quod
2231 3153 2401 3208 sicubi
2432 3167 2575 3215 raro,
2618 3154 2812 3220 inquit,
2859 3152 2975 3207 sine
3001 3151 3228 3205 articulo
3270 3154 3582 3205 nominatur

1999 3224 2232 3293 Spiritus
2274 3233 2523 3286 sanctus,
2564 3224 2844 3277 sciendum
2893 3233 3006 3281 est,
3056 3222 3580 3293 cuinadditamento

1996 3291 2119 3348 eum
2153 3293 2419 3348 nominari
2455 3293 2798 3356 signiﬁcante
2838 3292 3290 3359 magnificentiam
3317 3293 3454 3357 ejus.
3491 3291 3583 3344 Si-

1997 3363 2213 3431 quidem
2242 3364 2441 3417 dicitnr
2467 3363 2763 3432 aliquando
2796 3372 2850 3417 et
2886 3366 3002 3416 sine
3026 3361 3277 3424 articulo,
3310 3376 3432 3432 cum
3466 3376 3573 3414 non

1998 3430 2113 3503 ipse
2160 3449 2256 3503 per
2304 3448 2383 3494 se,
2438 3434 2531 3503 sed
2552 3430 2930 3503 fparticipatio
2982 3432 3100 3501 ejus
3144 3430 3491 3503 ostenditur:
3524 3440 3582 3482 nt

1998 3499 2176 3571 puta,’
2197 3522 2216 3554 ι
2243 3503 2481 3573 Spiritus
2524 3502 2672 3565 Elite,
2705 3521 2723 3554 3
2763 3499 2816 3556 et
2861 3520 2879 3553 ι
2911 3499 3114 3573 Spiritu
3148 3499 3442 3573 ambulate,
3470 3519 3504 3573 3_
3526 3510 3579 3551 et

1997 3570 2337 3642 quaecunque
2392 3574 2476 3626 his
2528 3574 2725 3626 similia
2784 3585 2972 3626 sunt.3
3048 3570 3128 3642 Ita
3180 3572 3344 3642 etiam
3408 3570 3581 3642 codex

1999 3638 2210 3705 noster,
2239 3638 2342 3695 nisi
2374 3645 2515 3711 quod
2541 3658 2636 3710 pro
2672 3662 2691 3693 ι
2716 3642 3006 3709 aliquando
3061 3659 3078 3691 3
3110 3641 3281 3711 habet
3334 3658 3352 3691 ι
3379 3638 3584 3708 aliquo-

1999 3714 2122 3777 ties,
2178 3731 2197 3764 3
2256 3710 2402 3782 quod
2451 3713 2583 3766 nihil
2624 3710 3186 3782 refertzacvoqulas
3243 3723 3399 3782 oper
3441 3725 3498 3763 se
3546 3729 3575 3782 Α»

1997 3785 2214 3836 omittit.
2275 3776 2338 3837 in
2374 3785 2723 3836 enarratione
2766 3798 2896 3835 vero
2935 3781 2988 3834 in
3041 3779 3210 3846 Epist.
3266 3776 3317 3833 1⁷
3356 3776 3584 3831 Joannis

1998 3865 2122 3918 cap.
2163 3868 2237 3921 tv,
2264 3853 2429 3908 simili
2480 3854 2642 3907 modo
2693 3853 2893 3920 accipit
2942 3851 3117 3921 verba,
3147 3849 3263 3915 illa,
3306 3848 3584 3921 «Spiritus

1998 3922 2151 3985 Elite,
2180 3940 2197 3973 3
2227 3919 2507 3976 nimirum
2543 3924 2609 3974 de
2645 3919 3065 3989 participatione
3101 3920 3338 3988 Spiritus
3382 3919 3581 3989 sancti.

2004 4011 2022 4043 ι
2052 3990 2203 4046 Unus
2231 4003 2284 4045 et
2312 3994 2452 4047 idem
2483 3992 2721 4061 Spiritus
2759 3993 2872 4055 Dei,
2920 3992 3115 4057 inquit,
3152 3988 3424 4061 est_Patri
3461 3988 3583 4061 nui-

1997 4077 2094 4116 cus
2117 4071 2172 4115 et
2202 4062 2339 4117 Filio
2374 4081 2387 4118 :
2419 4059 2832 4132 qui'pluraliter
2862 4062 3197 4132 nominatur,
3246 4059 3300 4111 in
3344 4059 3578 4132 diversis

1998 4132 2349 4197 describitur,
2385 4127 2472 4201 qui
2510 4127 2575 4186 eo
2600 4133 3033 4201 participantur;
3065 4129 3223 4196 quale
3247 4138 3333 4182 est
3369 4146 3387 4176 ‹
3420 4127 3587 4194 Spiri-

2000 4210 2086 4255 tus
2118 4202 2267 4266 Eliie,
2296 4223 2314 4254 3
2360 4199 2415 4255 et
2457 4201 2695 4267 Spiritus
2745 4199 3171 4268 uniusrujusqne
3218 4209 3525 4251 sanctorum
3567 4214 3579 4248 :

2001 4272 2071 4325 ita
2112 4283 2169 4325 ιιι
2198 4274 2332 4326 tanti
2366 4272 2604 4342 Spiritus
2630 4287 2753 4326 esse
2781 4273 3088 4335 videantur,
3121 4268 3309 4337 quanti
3344 4277 3467 4320 sunt
3493 4268 3583 4333 qui

1997 4355 2063 4395 eo
2103 4343 2510 4411 partiripantur.
2535 4362 2553 4393 3

2073 4412 2185 4483 (57)
2217 4404 2453 4482 Spiritus
2524 4411 2679 4464 Elim.
2745 4413 2812 4467 IV
2848 4411 3105 4483 Πεᾳεῴιι,
3153 4406 3221 4460 16
3278 4407 3405 4474 (seu
3455 4404 3578 4467 15).

325 4460 442 4542 ilio,
465 4499 493 4552 3
528 4479 661 4533 αὐτὸ
690 4479 750 4552 ab
782 4479 1028 4552 Πνεῦμα,
1064 4479 1116 4552 id
1141 4490 1244 4543 est,
1298 4498 1317 4531 ι
1339 4481 1467 4552 ipse
1489 4460 1721 4552 Spiritus
1746 4483 1895 4552 testi-

2004 4460 2763 4552 Ibi‘lninéi’.'iégiquﬁiiou;
2789 4460 3121 4552 hascine.

327 4551 567 4604 Inoninm
599 4550 849 4619 perhibet
878 4549 1089 4619 spiritui
1132 4559 1335 4603 nostro.
1366 4568 1385 4602 3
1431 4550 1498 4603 Et
1540 4550 1667 4605 alibi
1699 4570 1710 4605 :
1741 4550 1902 4614 αὐτός

327 4621 478 4673 ἐστιν
517 4619 578 4673 τὸ
611 4619 932 4686 ζωοποιοῦν,
963 4620 1015 4674 id
1038 4629 1141 4685 est,
1168 4638 1185 4671 ι
1209 4622 1322 4686 ipse
1346 4630 1427 4673 est
1457 4621 1547 4689 qui
1584 4622 1843 4676 viviticat.
1878 4640 1897 4671 3

328 4690 397 4744 Et
423 4705 658 4753 rursum,
718 4710 737 4742 ε
770 4691 864 4746 Sic
893 4701 949 4744 et
979 4706 1096 4759 quae
1131 4690 1224 4743 Dei
1262 4700 1416 4753 sunt,
1459 4705 1618 4759 nemo
1654 4702 1904 4757 cognimt

267 4769 275 4775 '
328 4759 534 4832 nisis?)
572 4760 859 4832 Πνεῦμα,›
911 4758 1127 4832 ἰιίλξεει,
1181 4777 1200 4810 ι
1236 4759 1465 4832 Spiritus
1500 4758 1628 4817 Dei:
1660 4780 1679 4813 3
1713 4761 1774 4814 τὸ
1798 4761 1906 4832 γὰρ

328 4830 578 4902 Πνεῦμα,
614 4829 736 4886 ὶιοε
758 4840 862 4897 εει,
889 4851 937 4902 il
961 4829 1197 4902 Spiritus
1213 4831 1356 4902 enim
1393 4839 1668 4902 scrutatur
1695 4829 1900 4886 omnia}

328 4901 496 4955 etiam
522 4902 629 4955 alta
658 4903 775 4956 Dei.
803 4919 821 4952 3
866 4901 928 4956 Et
951 4901 1116 4954 multa
1152 4916 1273 4970 qua:
1309 4901 1374 4955 tle
1408 4901 1705 4970 Scripturis
1731 4904 1904 4956 sacris

330 4984 626 5041 excerpere
677 4972 934 5041 possibile
992 4979 1097 5041 est.
1153 4968 1367 5041 Placet»
1396 4968 1736 5041 antein_b:ec
1791 4972 1905 5040 ipsa

331 5039 652 5111 concinnius
676 5039 740 5097 ex
762 5052 946 5096 nostro
973 5040 1159 5096 codice
1177 5039 1518 5111 exscribere;
1545 5039 1759 5111 «Neque
1782 5039 1910 5094 vero

330 5109 537 5165 frustra
566 5113 685 5167 sine
713 5112 966 5177 articulo,
1004 5111 1094 5179 qui
1121 5110 1174 5164 in
1207 5125 1457 5165 sermone
1491 5109 1686 5165 emi-0‘
1718 5112 1907 5180 singu—

331 5180 570 5237 laritatis
615 5181 952 5252 signiﬁcator
992 5190 1107 5248 est,
1148 5196 1291 5243 nunc
1334 5198 1353 5230 ι
1380 5180 1602 5249 spiritus
1640 5189 1855 5236 creatus
1884 5200 1902 5232 3

332 5252 568 5318 dicitur;
608 5253 865 5320 quoniam
896 5266 1003 5306 non
1035 5263 1117 5306 est
1149 5260 1399 5312 sanctus;
1443 5267 1565 5304 cum
1606 5266 1742 5319 pene
1768 5267 1910 5305 sem-

331 5335 436 5392 per
482 5323 722 5392 Spiritus
761 5332 993 5392 sanctus
1030 5321 1430 5392 cutnarticulo
1461 5323 1808 5392 nominetur;
1852 5330 1911 5373 ut

334 5388 392 5447 in
418 5392 508 5445 illo
525 5388 560 5447 ἰ
595 5411 613 5443 ι
643 5391 787 5445 Αὐτὸ
813 5391 875 5445 τὸ
910 5388 1173 5462 Πνεῦμα(
1189 5391 1239 5462 id
1276 5401 1379 5454 εει,
1420 5409 1439 5443 ι
1460 5390 1578 5458 Ipse
1601 5390 1835 5462 Spiritus
1863 5392 1909 5461 3)

334 5463 704 5516 testimonium
766 5463 1014 5530 perhibet
1066 5460 1292 5529 'spiritui
1353 5472 1561 5515 nostro.
1592 5479 1611 5512 3
1646 5460 1903 5516 Etalibi:

332 5531 411 5603 Ῑὺ
429 5532 654 5603 Πνεῦμα
689 5529 778 5602 (id
803 5543 904 5597 εει,
941 5551 959 5584 ι
995 5529 1295 5603 Spiritus3)
1356 5541 1439 5586 est
1474 5532 1565 5600 qui
1601 5532 1861 5603 viviﬁcat.
1888 5548 1906 5581 3

330 5600 410 5656 Et
433 5600 645 5656 rursum
684 5600 709 5654 :'
740 5620 760 5653 ι
787 5602 879 5656 Sic
905 5613 956 5653 et
988 5600 1110 5670 qum
1138 5600 1232 5654 Dei
1269 5610 1415 5664 sunt,
1449 5617 1607 5656 nemo
1640 5601 1910 5670 cognovit,

337 5672 534 5745 Lusijb
580 5672 809 5745 Πνεῦμα
854 5670 989 5724 Θεοῦ
1019 5671 1244 5745 (idest,
1269 5690 1287 5721 ι
1322 5670 1562 5745 Spiritus
1612 5671 1704 5745 Dei
1729 5670 1773 5740 3)
1807 5687 1822 5724 :
1852 5670 1913 5723 τὸ

338 5740 697 5815 Πνεῦμιΐγάρ
720 5740 857 5813 (hoc
878 5753 978 5807 est,
1001 5760 1019 5792 ι
1041 5741 1274 5809 Spiritus
1298 5745 1441 5798 enim
1468 5741 1515 5812 3)
1539 5743 1721 5796 omnia
1769 5757 1913 5796 scru-

2101 4553 2192 4621 58)
2236 4551 2460 4618 Spiritu.
2505 4552 2686 4605 Galal.
2726 4551 2896 4617 ν,16.

2101 4617 2190 4693 59)
2232 4617 2371 4686 Quia
2401 4624 2662 4693 exoritur,
2693 4632 2800 4676 etc.
2847 4622 2902 4675 In
2941 4619 3141 4693 lib._De
3171 4617 3373 4693 Spiritu
3406 4627 3590 4690 sane/{1

2007 4688 2181 4747 nuin/
2218 4694 2303 4753 14,
2371 4694 2437 4746 15
2487 4692 2601 4746 haec
2666 4695 2826 4747 habet
2872 4706 2887 4743 :
2951 4709 2969 4740 ι
3015 4689 3084 4744 Ut
3135 4688 3387 4742 salutaris
3458 4688 3594 4753 ain

2008 4741 2326 4831 ὖιῦβέἱτιιὶιῖειε
2375 4741 2613 4816 Πειῑῖίῆᾦ
2951 4741 3154 4833 (codex
3202 4767 3388 4833 ιιοξιει-
3431 4741 3595 4833 Ιιιίςηη

2006 4812 2166 4896 iiii-ii
2185 4812 2369 4901 ilﬂt
2394 4812 2845 4903 ’ᾖῌιιιῶρόξιίῖὲ
2870 4812 3017 4885 Deus
3032 4812 3249 4903 quippe
3272 4826 3428 4903 flatus
3466 4812 3589 4897 itus,

2009 4903 2098 4968 qui
2148 4898 2245 4971 per
2275 4898 2428 4956 aeris
2461 4898 2661 4955 motum
2716 4902 3043 4965 elliciuntur,
3071 4898 3463 4967 ’dispositiotiet
3494 4913 3590 4971 sua

2009 4968 2183 5024 duxit:
2211 4991 2228 5021 3
2282 4972 2345 5026 Et
2397 4988 2515 5025 mox
2554 4990 2567 5026 :
2607 4991 2625 5023 ι
2654 4972 2810 5026 Nunc
2857 4982 3036 5026 autem
3084 4977 3481 5039 consequenter
3524 4968 3594 5039 de

2007 5040 2133 5094 ﬂatu
2188 5042 2389 5096 dictum
2450 5052 2564 5107 est,
2593 5061 2612 5094 ι
2660 5043 2761 5109 Qui
2812 5044 2976 5105 creo‘,
3020 5059 3039 5093 3
3082 5043 3208 5109 quia
3271 5038 3375 5091 nou
3425 5038 3591 5109 semel

2010 5111 2154 5233 Fenti
2180 5111 2307 5166 facti
2331 5121 2480 5179 sunt,
2521 5115 2617 5166 sed
2652 5108 2705 5167 in
2733 5128 2797 5167 eo
2820 5112 2961 5181 Quod
2984 5111 3318 5175 subsistunt,
3353 5108 3595 5178 quotidie

2027 5190 2163 5233 tuut.
2186 5199 2204 5231 3

2027 5181 2163 5236 inut.
2186 5199 2204 5231 3

2082 5250 2196 5321 (60)
2274 5250 2567 5305 Verborum
2638 5252 2823 5306 ordine
2887 5251 3277 5322 aliquantulum
3361 5250 3587 5301 inverso.

2011 5319 2221 5387 Graece,
2264 5322 2679 5392 ὑστερομέσως·
2721 5339 2882 5393 quam
2926 5319 3113 5393 vocet!)
3149 5319 3374 5374 Latinus
3414 5333 3593 5393 sermo

2013 5405 2120 5461 uno
2178 5390 2443 5447 vocabulo
2472 5390 2754 5448 reddere
2794 5394 2997 5461 nequit.
3051 5390 3204 5445 Tunc
3246 5399 3424 5461 autem
3472 5390 3595 5461 quis

2010 5459 2252 5533 loquitur
2289 5462 2693 5533 ὑπερομέσως,
2737 5456 2953 5532 quando
2992 5463 3044 5516 id
3087 5462 3230 5530 quod
3267 5458 3498 5533 tneditun
3539 5456 3592 5507 in

2014 5532 2236 5599 periodo
2267 5528 2508 5602 ponitur,
2546 5534 2625 5587 sic
2647 5528 3017 5604 accipiendum
3045 5528 3148 5598 esi,
3177 5528 3332 5600 quasi
3361 5539 3593 5596 ponere-

2013 5609 2100 5653 tur
2137 5613 2461 5657 extremum.

2088 5669 2202 5740 (61)
2242 5672 2415 5724 ουτοι
2444 5674 2661 5739 cervice,
2686 5682 2789 5728 etc.
2813 5670 3013 5726 Biblica
3038 5668 3236 5726 locutio
3261 5682 3323 5723 es
3348 5663 3470 5719 Act.
3492 5677 3595 5725 vn,

2017 5740 2106 5809 5|,
2135 5744 2437 5810 desumpta.
3446 5753 3451 5758 ‘
