4034 6404
477 331 586 385 935

1692 329 1922 384 DIDYMI
1965 331 2434 386 ALEXANDRINI

3632 332 3739 388 956

481 446 682 502 nifesto
709 443 1014 500 ostendisti.
1050 443 1308 512 Designat
1353 450 1531 496 autem
1578 445 1841 510 propheta
1875 443 1976 497 hoc
2006 445 2056 497 in

2171 447 2396 517 στερεῶν
2429 445 2678 516 βροντὴν,
2712 445 2805 499 καὶ
2834 445 3035 510 κτίζων
3062 446 3298 517 πνεῦμα,
3330 447 3423 499 καὶ
3456 448 3618 500 ποιῶν
3642 450 3742 519 ὅρ-

485 536 607 592 Ιοεο
631 535 964 605 unigenitum
983 533 1176 588 Filium
1203 531 1316 584 Dei.
1355 548 1374 582 ι
1417 531 1551 597 Quia
1589 531 1810 582 iirmans
1841 528 2056 599 (ϐῆ)ιο-

478 631 737 690 nitruum,
772 636 826 682 et
876 642 1068 681 creans
1111 625 1384 694 spiritum,
1436 635 1492 678 et
1531 623 1734 677 faciens
1768 623 2058 677 diluculum

479 729 536 770 et
568 718 848 782 nebulam,
885 725 937 770 et
966 715 1268 769 ascendens
1307 714 1373 767 ad
1403 710 1616 768 excelsa
1650 723 1836 767 terrae:
1881 713 2061 767 Domi-

484 827 592 865 nus
653 809 792 864 Deus
839 808 1205 875 omnipotens,
1264 821 1455 859 nomen
1503 805 1550 859 ei
1600 821 1614 856 :
1668 819 1798 859 ecce
1850 820 2061 858 annun-

486 904 630 956 tians
684 901 797 970 (65)
834 902 974 954 inter
1022 899 1273 953 homines
1303 896 1469 967 428
1507 896 1782 950 Christum
1831 911 2010 950 suum.
2037 915 2054 948 ι

484 995 840 1059 Quandonam
867 992 980 1064 (64)
1001 1007 1152 1060 ergo,
1183 999 1235 1044 et
1261 991 1529 1058 quomodo
1547 988 1885 1041 annuntiavit
1905 987 2063 1041 eum?

486 1087 716 1154 Quando
748 1085 884 1140 dixit
947 1100 978 1139 e
1031 1084 1212 1138 coelo:
1264 1101 1282 1132 ι
1322 1081 1417 1134 Hic
1441 1090 1523 1134 est
1563 1080 1730 1133 Filius
1756 1093 1906 1133 meus
1932 1079 2064 1133 dile—

489 1191 633 1242 cms,
663 1180 716 1233 in
744 1193 852 1248 quo
876 1179 1014 1232 bene
1043 1173 1370 1245 complacui.
1397 1193 1414 1224 ι
1462 1172 1642 1226 Multis
1677 1187 1805 1225 vero
1846 1171 1897 1224 in
1930 1170 2063 1224 locis

495 1286 657 1325 unam
698 1285 762 1325 ex
794 1268 965 1322 tribus
1003 1267 1199 1321 divinis
1254 1263 1640 1336 hypnstasibus
1699 1262 1764 1315 de
1795 1261 1897 1312 alia
1958 1276 2061 1312 una

489 1371 580 1414 aut
609 1360 816 1414 duabus
845 1357 986 1427 loqui
1021 1364 1255 1418 constat,
1319 1354 1461 1424 quod
1489 1355 1540 1406 in
1593 1352 1768 1422 primo
1784 1350 1929 1420 λόγῳ
1945 1350 2060 1421 (65)

2161 535 2288 604 θρον
2321 535 2415 587 καὶ
2453 535 2706 606 ὁμίχλην,
2750 536 2844 588 καὶ
2875 535 3166 590 ἐπιϐαίνων
3197 538 3290 588 ἐπὶ
3317 536 3387 589 τὰ
3422 538 3603 608 ὑψηλὰ
3637 541 3743 609 τῆς

2158 630 2283 695 γῆς·
2315 625 2518 696 Κύριος
2544 627 2573 678 6
2593 627 2726 690 Θεὸς
2754 629 2784 680 6
2816 628 3208 698 παντοκράτωρ
3232 628 3402 698 δνομα
3426 629 3572 699 αὐτῷ
3591 647 3605 660 ο
3622 631 3743 684 ἰδοὺ

2159 715 2518 784 ἀπαγγέλλων
2549 717 2626 778 εἰς
2639 715 2958 787 ἀνθρώπους
2973 718 3062 770 τὸν
3081 718 3121 771 Χ
3135 718 3316 788 ριστὸν
3344 719 3528 773 αὑτοῦ.
3556 739 3574 771 ι
3601 721 3747 774 Πότε

2160 803 2273 870 οὖν,
2304 806 2542 871 καὶπῶς
2581 808 2916 879 ἀπήγγειλεν
2963 809 3157 875 αὑτόν;
3195 811 3322 862 Ὅτε
3371 810 3568 880 ἔφησεν
3609 813 3748 881 ὑψό-

2163 899 2274 952 θεν*
2297 917 2316 949 ι
2337 894 2502 962 Οὗτός
2527 901 2672 954 ἐστιν
2698 901 2726 952 6
2749 901 2875 964 Υίός
2894 919 2996 971 μου
3013 904 3041 954 6
3061 902 3359 971 ἀγαπητὸς,
3374 906 3430 956 ὲν
3447 899 3490 970 ᾧ
3513 905 3748 976 εὐδόκη-

2164 1004 2251 1040 σα.
2284 1007 2302 1038 ι
2348 987 2620 1058 Πολλαχοῦ
2655 987 2712 1040 δὲ
2751 988 2849 1058 μία
2887 991 2951 1041 ὲκ
2975 989 3083 1042 τῶν
3115 989 3282 1061 τριῶν
3316 990 3471 1044 θείων
3505 993 3750 1047 ὑποπά-

2166 1095 2302 1130 σεων
2325 1079 2576 1151 περὶτῆς
2621 1080 2786 1150 ἄλλης
2817 1083 2943 1151 μιᾶς
2980 1082 3012 1152 ἥ
3044 1081 3154 1134 τῶν
3199 1081 3292 1134 δύο
3338 1082 3564 1152 λέγουσα
3610 1085 3753 1152 φαί-

2163 1187 2331 1233 νεται,
2365 1170 2510 1223 καθὰ
2539 1174 2596 1224 ὲν
2625 1173 2703 1242 τῷ
2732 1171 2932 1243 πρώτῳ
2969 1172 3112 1243 λόγῳ
3138 1173 3384 1227 πλείοσιν
3437 1175 3752 1240 ἀποδείξεσι

2163 1263 2222 1313 τὸ
2267 1263 2396 1333 περὶ
2445 1263 2639 1316 τούτου
2677 1265 2972 1332 κεφάλαιον
3013 1265 3353 1337 ἡρμηνεύθη.
3402 1265 3609 1336 ’Δμέλει
3639 1267 3756 1319 καὶ

2161 1353 2261 1423 τῆς
2309 1355 2771 1426 μνημονευθείσης
2815 1355 2908 1408 τοῦ
2949 1355 3131 1426 Ἀμὼς
3185 1359 3516 1429 προφητείας
3554 1359 3755 1430 μικρῷ

487 1449 731 1521 pluribus
793 1447 972 1502 allatis
1015 1448 1310 1513 Scriptura:
1349 1444 1671 1499 testimoniis
1708 1452 1868 1510 atque
1898 1442 2067 1495 inter-

2171 1441 2398 1511 πρόσθεν
2430 1443 2586 1497 τοῦτο
2610 1445 2944 1516 εὑρίσκεται⁹
2981 1447 3146 1517 φησιν
3181 1448 3288 1519 γάρ
3309 1463 3323 1477 ·
3361 1468 3380 1500 ι
3421 1449 3554 1502 Τάδε
3586 1449 3755 1517 λέγει.

490 1538 890 1608 pretationihus
905 1538 1330 1592 demonstratum
1353 1543 1454 1588 εει.
1482 1531 1560 1588 Ac
1585 1533 1759 1602 reipsa
1784 1540 1841 1587 et
1863 1531 1917 1585 in
1948 1530 2064 1600 (66)

2171 1531 2399 1602 Κύριος·
2444 1534 2568 1587 Ἐπὶ
2607 1537 2728 1599 ταῖς
2753 1536 2932 1608 τρισὶν
2966 1537 3241 1603 ἀσεϐείαις
3274 1539 3405 1592 υίῶν
3446 1541 3607 1596 Ἰούδα
3637 1544 3757 1596 καὶ

496 1640 792 1688 memorata
843 1629 1027 1684 Amosi
1086 1626 1394 1696 prephetia,
1449 1625 1610 1695 paulo
1663 1634 1789 1678 ante
1854 1623 2065 1689 objecta

2171 1624 2259 1676 ἐπὶ
2287 1627 2404 1683 ταῖς
2435 1625 2722 1694 τέτταρσιν
2751 1627 2878 1699 [208
2901 1627 2953 1700 ὸ]
2983 1630 3082 1683 οὐκ
3125 1631 3610 1703 ἀποστραφήσομαι
3635 1635 3757 1688 αὐ-

489 1723 676 1784 verba.
714 1721 766 1776 id
800 1721 973 1790 ipsum
1005 1723 1298 1774 observare
1339 1717 1462 1770 licet
1493 1731 1510 1781 ;
1559 1714 1636 1768 ait
1668 1714 1853 1768 enim:
1892 1731 1910 1763 ι
1942 1711 2066 1768 Haec

2171 1717 2314 1778 τοὺς,
2361 1716 2521 1770 ἕνεκα
2549 1716 2642 1769 τοῦ
2677 1719 2931 1773 ἰάσασθαι
2961 1721 3177 1784 αὐτούς.
3203 1722 3308 1774 Τὸν
3345 1723 3502 1792 νόμον
3530 1726 3755 1794 Κυρίου

493 1813 632 1868 dicit
661 1813 772 1884 (67)
810 1812 1066 1869 Dominus
1093 1829 1106 1864 :
1137 1812 1192 1865 In
1227 1810 1400 1864 tribus
1427 1807 1802 1878 impietatibus
1830 1807 2060 1862 ﬁliorum

2171 1808 2260 1860 καὶ
2286 1806 2352 1860 τὰ
2375 1810 2770 1879 προστάγματα
2800 1811 2962 1865 αὑτοῦ
2986 1813 3088 1866 οὐκ
3115 1813 3384 1882 ἐφύλαξαν
3409 1831 3422 1844 ·
3453 1816 3540 1868 καὶ
3568 1816 3754 1870 ἐπλά-

489 1904 648 1968 Juda,
680 1915 733 1958 et
764 1905 818 1958 in
853 1914 1086 1973 quatuor
1137 1918 1242 1955 non
1293 1902 1585 1956 aversabor
1633 1915 1760 1965 eos,
1789 1910 1843 1952 ut
1877 1914 2062 1954 sanem

487 1994 710 2066 eos(68)
738 2011 754 2061 ;
778 1993 948 2063 legem
983 1991 1193 2046 Domini
1254 2000 1310 2044 ει
1349 1999 1616 2058 praecepta
1644 1990 1762 2058 ejus
1814 2005 1919 2043 non
1955 2006 2072 2046 ser-

490 2096 775 2151 vaverunt,
805 2095 860 2139 et
883 2085 1218 2140 seduxerunt
1268 2096 1363 2136 eos
1408 2080 1588 2134 inania
1633 2096 1752 2148 qua:
1790 2080 2059 2144 fecerunt,

491 2195 613 2250 qua:
638 2178 811 2234 secuti
857 2185 982 2231 sunt
1011 2185 1195 2244 patres
1228 2188 1415 2227 eorum
1465 2183 1581 2240 post
1622 2172 1738 2240 ipsa
1779 2189 1793 2226 :
1831 2182 1886 2227 et
1913 2174 2072 2228 emit-

493 2283 602 2325 tam
646 2270 825 2338 ignem
875 2284 1039 2335 super
1083 2265 1298 2328 .ludam,
1353 2273 1407 2318 et
1459 2264 1684 2318 devorat
1720 2263 2061 2318 fundamenta

490 2361 811 2416 Jerusalem.
845 2378 862 2410 ι
918 2357 1212 2428 Oportebat
1264 2370 1392 2424 ergo
1426 2363 1503 2420 ut,
1539 2355 1584 2408 si
1623 2369 1728 2408 non
1771 2356 1836 2408 de
1882 2367 2065 2421 vento,

493 2453 684 2506 saltem
731 2453 796 2506 de
843 2450 1064 2520 proprio
1105 2464 1290 2503 eorum
1341 2449 1531 2518 spiritu
1589 2448 1701 2520 (69)
1755 2451 2069 2518 prophetam

495 2543 640 2612 loqui
678 2550 930 2611 putarent
952 2540 1216 2598 haeretici.
1249 2539 1402 2608 cujus
1424 2539 1646 2608 spiritus
1669 2541 1857 2593 crebro
1888 2540 2069 2594 divina

494 2635 714 2689 oracula
749 2635 1076 2689 mentionem
1109 2631 1314 2686 faciunt
1349 2645 1361 2679 :
1391 2641 1450 2684 ut
1482 2646 1602 2684 cum
1618 2631 1816 2684 Paulus
1849 2631 2075 2686 Thcssa-

498 2729 865 2783 lonicensibus
909 2727 961 2780 in
1008 2727 1178 2796 prima
1240 2724 1480 2794 Epistola
1519 2725 1737 2778 scribit:
1769 2743 1787 2774 ι
1823 2723 1944 2793 Ipse
1975 2742 2072 2778 au-

499 2832 605 2878 tein
639 2821 749 2894 (70)
782 2821 920 2874 Deus
965 2819 1116 2889 pacis
1155 2817 1460 2871 sanctiﬁcet
1494 2816 1605 2887 (71)
1637 2831 1736 2872 vos
1769 2815 2070 2885 perfectos;

571 3023 681 3097 (62)
748 3023 1016 3080 Firmum.
1081 3023 1304 3097 Videtur
1347 3023 1435 3078 hic
1497 3024 1772 3097 accipere
1811 3025 2066 3096 Didymus

497 3093 680 3159 Voces,
745 3097 774 3148 6
829 3097 1084 3165 στερεῶν,
1131 3093 1350 3159 κτίζων,
1395 3095 1582 3155 ποιῶν.
1638 3093 1963 3160 ἀναϐαίνων,
2011 3105 2067 3150 ιιι

2171 3096 2265 3148 ἐπὶ
2293 3096 2391 3165 τῆς

499 3168 733 3226 valeant,
811 3170 942 3233 «qui
994 3170 1194 3230 lirmat,
1252 3165 1340 3231 qni
1393 3175 1560 3228 creat,
1616 3167 1703 3234 qui
1773 3166 1922 3228 fat-it,
1977 3167 2066 3232 qui

501 3237 766 3294 :Ist't'lltlil,
799 3255 816 3286 ι
874 3252 976 3287 non
1031 3251 1176 3299 vero,
1230 3237 1359 3302 (qui
1418 3234 1588 3291 firmo.
1644 3236 1734 3304 qui
1776 3251 1921 3297 creo,
1975 3237 2065 3304 qui

505 3306 667 3370 fat-io,
715 3307 806 3375 qui
838 3308 1131 3360 ascendo.»
1181 3306 1333 3370 Quod
1376 3305 1568 3375 mirum
1606 3321 1737 3358 sane
1777 3317 1862 3360 est
1892 3307 1942 3360 in
1982 3305 2070 3357 Di-

504 3385 698 3447 dymo,
736 3373 830 3444 qui
865 3377 1111 3443 superius
1149 3390 1316 3443 segni.
1347 3373 1450 3447 lli
1481 3393 1513 3428 a
1551 3377 1834 3447 haereticos
1887 3376 2069 3443 objur-

503 3445 668 3514 gavit,
704 3447 848 3514 quod
876 3460 1059 3499 vocem
1114 3462 1133 3495 ι
1169 3459 1336 3514 θεοί)
1377 3445 1462 3497 hic
1495 3461 1596 3500 non
1631 3445 1886 3512 legerent.

577 3517 686 3587 (65)
724 3513 857 3587 Ecce
886 3513 1226 3587 annuntians.
1263 3513 1496 3587 En_illud
1528 3515 1667 3583 quod
1691 3515 2068 3586 ὑστερομέσως

505 3583 705 3638 dictum
740 3586 904 3638 fuisse
929 3583 1214 3637 allirmavit
1242 3583 1396 3655 paulo
1428 3594 1553 3655 ante
1573 3602 1585 3637 :
1605 3583 1849 3639 extrema
1881 3583 2064 3655 itaque

507 3656 597 3707 hic
634 3655 781 3723 ponit
828 3655 1081 3724 Didymus
1120 3669 1240 3722 quas
1279 3654 1450 3706 media
1491 3653 1654 3707 Amos
1700 3653 1988 3724 posuerat.‘
2013 3656 2069 3709 ld

508 3725 685 3792 ipsum
717 3739 866 3794 vero,
895 3724 1164 3794 quamvis
1189 3724 1647 3794 ininus_dis_tincte
1700 3736 1862 3792 atque
1899 3727 2070 3794 expli-

506 3791 651 3859 cate,
683 3793 1011 3847 indicat/crat
1059 3793 1110 3844 in
1155 3792 1292 3846 libro
1342 3791 1417 3845 De
1462 3792 1663 3859 Spiritu
1707 3791 1887 3848 sancto
1919 3791 2065 3850 ntim.

507 3863 602 3925 15,
635 3864 721 3916 ubi
747 3865 889 3916 edita
918 3862 1242 3925 exemplaria
1287 3863 1398 3915 haec
1437 3863 1676 3917 habent:
1712 3883 1730 3913 ι
1761 3864 1823 3917 Et
1865 3867 1928 3918 ad
1970 3867 2070 3919 hoc

508 3933 936 4000 respondendum
989 3942 1113 3997 est,
1167 3932 1291 3998 quia
1346 3934 1561 3997 quidam
1616 3934 1851 3988 haeretici
1903 3936 2067 3988 alium

507 4013 663 4055 extra
705 4012 1006 4057 creatorem
1037 4002 1316 4055 Dominum
1351 4003 1561 4054 Patrem
1592 4001 1887 4058 Salvatoris
1918 4021 2066 4059 men-

511 4074 736 4133 tiuntur,
771 4073 874 4125 hoc
907 4071 1226 4140 impiissime
1263 4074 1653 4138 praedicantes:
1685 4089 1789 4126 non
1829 4075 2065 4128 scelera-

507 4150 618 4196 tam
652 4157 836 4212 eorum
867 4143 1226 4210 suspicionem
1261 4143 1600 4210 providentes
1628 4159 1656 4194 a
1691 4143 1800 4196 Deo
1840 4146 2066 4212 percuti,

509 4213 764 4266 dicente:
795 4211 905 4280 Ego
945 4212 1186 4264 formans
1231 4213 1546 4274 tonitruum,
1594 4222 1648 4264 et
1682 4211 1873 4266 creatis
1907 4215 2064 4281 spiri-

511 4292 647 4345 tum,
679 4294 733 4334 et
757 4282 890 4336 alias
920 4282 1102 4336 mundi
1144 4292 1326 4348 partes
1377 4281 1599 4346 faciens,
1641 4294 1695 4335 et
1740 4285 2066 4350 gubernans.

509 4353 773 4405 annuntio
832 4354 882 4405 in
945 4353 1190 4406 homines
1245 4350 1518 4403 Christum
1579 4367 1824 4404 meum.»
1883 4353 2059 4407 Codex

510 4432 697 4476 noster
732 4437 830 4488 pro
875 4439 894 4474 ι
921 4422 1263 4490 providentes
1285 4439 1302 4471 ι
1358 4421 1522 4473 habet
1576 4439 1592 4470 ι
1625 4422 1969 4489 providentur
1998 4441 2016 4472 ι
2051 4444 2062 4476 :

511 4495 651 4560 quod
701 4496 744 4547 si
787 4492 1024 4562 ejusdem
1069 4493 1271 4545 codicis
1312 4491 1594 4544 lectionem
1636 4505 1946 4560 sequamur,
2004 4506 2069 4546 ac

513 4563 822 4617 mendosam
857 4578 1037 4616 vocem
1083 4562 1506 4629 «providentur»
1553 4563 1924 4626 cmendemus,
1974 4563 2074 4617 mi-

513 4648 616 4684 nus
638 4633 912 4701 perplexa,
951 4634 1056 4685 imo
1092 4634 1260 4684 multo
1291 4631 1605 4684 concinnior
1642 4631 2068 4701 eritisententia.

515 4701 700 4769 Itaque
739 4700 837 4756 sic
889 4703 1006 4772 lego
1064 4716 1132 4754 ex
1196 4703 1380 4754 eodem
1409 4701 1662 4772 codice:
1696 4719 1714 4752 ι
1748 4700 1821 4772 Ει
1859 4702 1950 4772 ad”
1976 4703 2077 4754 hoc

513 4769 1103 4837 respomlemlum'est,
1152 4774 1278 4840 quia
1329 4771 1544 4840 quidam
1585 4770 1823 4824 hazretici
1885 4769 2074 4834 alium,

515 4853 665 4892 cura
721 4841 1063 4904 Creatorem,
1129 4837 1414 4894 Dominum
1483 4837 1694 4892 Patrem
1779 4840 2076 4894 Salvatoris

520 4913 868 4972 mentiuntur,
929 4911 1031 4964 hoc
1101 4911 1417 4978 impiissime
1473 4909 1870 4976 praedicantes,
1933 4926 2077 4964 nime

517 4979 835 5033 sceleratam
861 4995 1047 5034 eorum
1071 4981 1431 5047 suspicionem
1482 4980 1830 5046 providenter
1880 4996 1910 5034 a
1967 4981 2075 5033 Deo

519 5051 746 5115 percuti,
803 5049 1016 5103 dicente
1076 5067 1090 5103 :
1137 5050 1292 5118 «Ego
1348 5049 1568 5102 ﬁrrnans
1634 5051 1970 5114 tonitruum,
2022 5061 2079 5103 et

517 5133 712 5172 creans
751 5120 1018 5187 spiritum,
1047 5137 1066 5170 ι
1115 5121 1325 5173 etalias
1360 5119 1540 5170 mundi
1585 5129 1764 5185 partes
1794 5121 1999 5174 faciens
2023 5130 2078 5172 et

517 5189 843 5256 gubernans,
874 5206 893 5238 ι
921 5189 1182 5242 annuntio
1201 5191 1250 5241 in
1270 5189 1514 5241 homines
1532 5188 1806 5242 Christum
1829 5206 2025 5245 meum.
2051 5209 2070 5241 ι

611 5256 701 5324 64)
767 5257 1114 5323 Quandonam
1141 5296 1154 5310 .
1186 5297 1199 5310 .
1227 5297 1241 5310 .
1276 5296 1290 5310 .
1344 5260 1718 5313 annuntiavit?
1791 5271 1897 5314 etc.
1957 5259 2074 5313 Non

519 5327 768 5382 dissimili
801 5327 1307 5397 IIIOdOWAlllltl'OSlllS
1343 5327 1435 5382 lib.
1473 5341 1511 5380 ιι
1545 5329 1620 5380 De
1655 5329 1861 5397 Spiritu
1897 5341 2076 5383 sancto

518 5415 638 5467 cap.
666 5397 720 5460 6,
751 5412 926 5467 segni.
951 5396 1040 5459 57,
1095 5414 1114 5447 ι
1136 5398 1374 5459 Addidit,
1405 5397 1600 5466 inquit,
1633 5396 1774 5466 quod
1806 5401 2079 5452 nitntiaret

515 5466 854 5525 inhomines
897 5466 1171 5520 Christum
1207 5481 1362 5518 suum
1399 5481 1414 5517 :
1447 5469 1785 5522 annuntiavit
1832 5471 1980 5524 enim
2022 5470 2075 5524 in

518 5539 858 5606 baptismate,
893 5537 1078 5590 dicens
1113 5557 1125 5590 :
1165 5553 1184 5585 ‹
1208 5535 1287 5588 Tu
1315 5551 1373 5606 es
1402 5535 1589 5602 Filius,
1609 5554 1627 5587 ι
1655 5545 1760 5590 etc.

589 5604 698 5677 (65)
757 5605 826 5659 1η
883 5606 1052 5675 primo
1097 5605 1264 5674 λόγῳ.
1327 5604 1383 5660 Si
1436 5607 1591 5676 primi
1645 5606 1805 5673 λόγου
1863 5607 2078 5662 nomine

558 5679 750 5730 rltlltlm
785 5678 944 5748 hujus
973 5679 1152 5745 operis
1179 5683 1372 5732 horum
1402 5682 1641 5743 denotat,
1675 5679 1894 5748 respicit
1918 5689 2079 5747 caput

558 5694 750 5730 rtnium
786 5694 944 5744 hujus
973 5694 1023 5745 οι

519 5694 589 5804 ἵε
613 5749 847 5814 ejusdem
881 5747 1023 5801 libri.

2171 1915 2331 1968 νησεν
2368 1899 2566 1964 αὐτοὺς
2587 1900 2654 1953 τὰ
2678 1903 2903 1972 μάταια,
2929 1903 2964 1958 ἃ
2984 1905 3138 1976 ὲποίη
3149 1923 3264 1969 σαν,
3285 1901 3365 1970 οἷς
3387 1906 3755 1978 ἐξηκολούθη-

2172 2005 2268 2042 σαν
2296 1992 2344 2043 οἱ
2374 1991 2606 2062 πατέρες
2642 1993 2819 2046 αὐτῶν
2848 1995 3021 2048 ὀπίσω
3048 1997 3255 2050 αὐτῶν·
3286 1999 3375 2051 καὶ
3400 1999 3754 2065 ἐξαποστελιῦ

2170 2078 2282 2151 πῦρ
2329 2082 2422 2133 ἐπὶ
2459 2082 2679 2149 Ἰούδαν,
2715 2086 2809 2137 καὶ
2854 2087 3228 2154 καταφάγεται
3277 2089 3346 2142 τὰ
3389 2089 3604 2160 θεμέλια
3637 2092 3754 2144 Ἱε-

2168 2177 2469 2248 ρουσαλὴμ.
2511 2199 2529 2231 ι
2558 2179 2686 2233 Δέον
2732 2180 2931 2244 τοίνυν,
2978 2182 3026 2233 εἰ
3082 2181 3157 2252 μὴ
3209 2183 3337 2253 περὶ
3366 2181 3456 2235 τοῦ
3491 2182 3750 2252 ἀνεμίθυ,

2167 2269 2295 2338 περὶ
2326 2268 2456 2338 γοῦν
2477 2270 2571 2323 τοῦ
2603 2271 2732 2324 ίδίου
2765 2271 2941 2326 αὐτῶν
2973 2273 3277 2342 πνεύματος
3299 2271 3532 2342 νομίζειν
3557 2273 3750 2326 διαλέ-

2167 2357 2356 2423 γεσθαι
2386 2356 2482 2427 τὴν
2507 2359 2864 2430 προφητείαν,
2904 2353 2965 2413 οὗ
2999 2361 3255 2425 πολλάκις
3300 2361 3368 2415 τὰ
3422 2361 3571 2428 λόγια
3601 2379 3754 2432 parn-

2173 2449 2424 2520 μονεύει·
2478 2450 2554 2514 ὡς
2607 2451 2735 2504 ὅταν
2781 2452 2990 2517 Παῦλος
3037 2453 3512 2510 Θεσσαλονικεῦσιν
3558 2455 3615 2507 ὲν
3666 2459 3750 2526 τῇ

2170 2543 2362 2612 πρώτῃ
2394 2541 2685 2613 Ἐπιστολῇ
2711 2544 2945 2613 γράφει·
2983 2564 3000 2595 ι
3036 2545 3207 2608 Αὐτὸς
3237 2545 3293 2598 δὲ
3319 2547 3348 2598 ὁ
3380 2546 3509 2610 Θεὸς
3530 2547 3628 2615 τῆς
3653 2551 3751 2601 εί-

2173 2633 2342 2703 ρήνης
2383 2631 2584 2704 ἁγιάσῃ
2615 2633 2756 2703 ὑμᾶς
2801 2635 3095 2698 ὁλοτελεῖςο
3131 2638 3222 2687 καὶ
3256 2636 3541 2708 ὁλόκληρον
3584 2637 3751 2708 ὑμῶν

2170 2724 2230 2776 τὸ
2261 2724 2496 2795 πνεῦμα,
2529 2725 2624 2778 καὶ
2669 2727 2702 2796 ἡ
2739 2725 2904 2796 ψυχὴ,
2940 2726 3034 2779 καὶ
3061 2725 3122 2779 τὸ
3155 2725 3311 2796 σῶμα
3341 2729 3642 2797 ἄμεμπτον,
3675 2730 3749 2782 ἐν

2171 2819 2238 2888 τῇ
2271 2817 2541 2888 παρουσίᾳ
2563 2817 2659 2871 τοῦ
2693 2817 2891 2888 Κυρίου
2910 2816 3067 2888 ἡμῶν
3107 2817 3277 2888 Ἰησοῦ
3312 2819 3539 2890 Χριστοῦ
3565 2837 3751 2891 τηρη-

2243 3025 2359 3100 (66)
2410 3024 2476 3078 Et
2508 3027 2584 3086 in.
2622 3039 2729 3100 etc.
2765 3027 2968 3100 Codex,
3002 3028 3095 3081 καὶ
3141 3027 3259 3097 τῆς,
3297 3038 3403 3084 ειε.
3442 3027 3578 3100 Lego
3643 3031 3748 3084 καὶ

2469 3115 2531 3167 νη
2542 3099 2910 3166 μονευθείσης.

2241 3166 2352 3236 (67)
2399 3166 2528 3236 om
2557 3169 2704 3221 dicit.
2743 3171 2908 3220 Amos
2940 3183 2997 3222 ll.
3032 3167 3088 3231 4,
3149 3167 3201 3222 5.

2243 3235 2353 3304 (68)
2395 3235 2462 3288 Ut
2511 3255 2689 3290 sonam
2740 3255 2844 3291 eos.
2912 3238 3099 3292 Graeca
3156 3237 3368 3291 editio:
3406 3239 3603 3291 Ἕνεκα
3643 3237 3746 3290 τοῦ

2169 3305 2494 3358 ἀπώσασθαι
2517 3306 2606 3359 τὸν
2632 3307 2815 3374 νόμον,
2849 3319 2982 3370 etc.,
3012 3308 3062 3360 id
3089 3317 3192 3370 est,
3227 3327 3244 3357 ι
3277 3309 3398 3372 quia
3435 3309 3746 3374 repulerunt

2171 3375 2362 3442 legem,
2392 3395 2409 3425 ι
2467 3389 2570 3432 etc.
2621 3377 2752 3443 Quae
2788 3389 2868 3431 est
2920 3377 3152 3441 genuina
3207 3377 3348 3431 LXX
3385 3378 3744 3445 Interpretum

2173 3446 2480 3508 translatio,
2519 3454 2575 3498 ιιι
2616 3458 2759 3514 patet
2784 3463 2847 3501 ex
2897 3447 3204 3515 Hieronymi
3239 3447 3636 3500 commentariis
3684 3449 3742 3500 in

2172 3516 2311 3568 hunc
2348 3517 2545 3568 locum.
2574 3518 2720 3570 Alias
2752 3519 2900 3582 parvi
2934 3518 3187 3570 momenti
3213 3521 3500 3570 varietates
3527 3518 3742 3570 omitto.

2169 3585 2428 3638 Conferat
2468 3586 2636 3638 lector
2676 3589 2965 3641 editionem
3006 3587 3441 3653 Complutensem
3486 3601 3604 3641 cum
3646 3587 3744 3640 Di-

2170 3657 2354 3723 dymo,
2389 3666 2444 3708 et
2477 3671 2598 3707 cum
2623 3657 2862 3710 editione
2893 3655 3350 3711 Francofurtensi.

2242 3743 2354 3815 (69)
2393 3743 2471 3796 De
2498 3747 2710 3812 proprio
2755 3762 2934 3798 eorum
2974 3747 3184 3815 spiritu.
3232 3745 3380 3800 Hanc
3428 3746 3745 3815 explicatio-

2171 3831 2314 3887 nem,
2350 3831 2474 3887 seu_
2499 3817 2900 3887 responsionem
2951 3832 3054 3870 non
3102 3827 3364 3870 memorat
3402 3817 3655 3887 Didymus
3685 3820 3744 3872 in

2170 3884 2305 3937 libro
2336 3884 2412 3936 De
2435 3882 2636 3946 Spiritu
2666 3897 2868 3950 sancto,
2899 3887 3022 3938 dum
3053 3887 3232 3940 Amosi
3267 3882 3536 3955 prophetae
3565 3887 3744 3942 locum

2168 3955 2423 4021 explicat,
2464 3957 2705 4026 sedeam
2733 3955 2888 4026 aﬂ'ert
2935 3955 3293 4026 Hieronymus
3322 3957 3374 4008 in
3405 3969 3741 4010 connuenta-

2173 4027 2265 4076 riis
2303 4026 2366 4095 ad
2405 4025 2969 4095 euindenrprophetm
3024 4025 3197 4078 locum
3243 4027 3335 4079 lib.
3395 4040 3458 4089 ll,
3511 4042 3629 4095 cap.
3682 4028 3740 4092 5,

2169 4110 2289 4164 pag.
2324 4093 2447 4158 279,
2485 4103 2614 4148 tom.
2645 4093 2735 4148 Vl.
2767 4095 2899 4148 Eum
2932 4095 3065 4164 lege,
3093 4095 3137 4149 si
3174 4095 3369 4164 placet.

2241 4185 2353 4256 (70)
2390 4185 2510 4253 Ipse
2539 4196 2734 4241 autem.
2775 4186 2794 4241 Ι
2825 4187 3013 4244 Thess.
3053 4204 3106 4250 v.
3137 4187 3227 4243 25.
3259 4187 3313 4241 In
3345 4188 3480 4241 libro
3514 4189 3583 4242 De
3613 4189 3742 4255 Spi-

2169 4256 2284 4327 rittt
2327 4266 2532 4320 sancto,
2594 4272 2741 4327 mnu.
2795 4257 2889 4323 54,
2947 4260 3038 4323 55,
3089 4259 3158 4313 56
3194 4260 3462 4325 copiosius
3510 4259 3746 4327 loquitur

2169 4326 2424 4399 Didymus
2476 4327 2542 4399 de
2584 4326 2758 4399 variis
2816 4330 3059 4382 vocabuli
3093 4349 3132 4399 il
3154 4329 3375 4398 spiritus
3402 4348 3430 4399 »ί
3479 4326 3742 4399 significa-

2173 4397 2425 4467 tionibus.
2478 4397 2554 4450 Ac
2600 4396 2669 4449 ibi
2699 4411 2912 4467 quoque
2951 4401 3055 4453 duo
3082 4396 3374 4467 Scriptura:
3419 4396 3741 4463 loca'alfert,

2172 4480 2293 4534 qua:
2341 4466 2429 4536 hic
2458 4467 2716 4531 citantur,
2772 4466 2836 4520 ex
2889 4471 3059 4536 prima
3117 4471 3182 4523 ad
3213 4466 3744 4522 'Tbessalonicenses

2175 4535 2436 4605 Epistola,
2463 4545 2625 4602 atque
2653 4551 2684 4589 e
2720 4535 2947 4605 septimo
2976 4541 3232 4594 Actorum
3276 4539 3472 4603 capite.
3503 4538 3740 4590 Primum

2175 4603 2332 4658 all'ert
2359 4621 2512 4674 num.
2539 4605 2631 4668 55,
2656 4605 2744 4660 ubi
2781 4603 3048 4674 legimus:
3080 4629 3098 4660 ι
3125 4608 3204 4661 Ad
3239 4606 3744 4662 TheSSalonicenses

2175 4688 2409 4742 quoque,
2450 4691 2468 4724 ι
2496 4673 2730 4745 Integer.
2743 4673 2953 4748 inquit,
2982 4681 3201 4748 spiritus
3234 4686 3431 4740 vester,
3459 4689 3514 4748 et
3539 4680 3739 4738 anima,

2175 4755 2251 4816 et,
2278 4759 2474 4816 corpus
2516 4783 2573 4816 ..
2602 4784 2617 4799 .
2646 4764 2702 4816 ,ρ
2743 4745 2820 4800 De
2882 4745 3116 4802 humano
3169 4763 3319 4816 ergo,
3377 4758 3437 4800 ut
3488 4747 3742 4816 diximus.

2176 4815 2366 4882 spiritu
2416 4814 2468 4867 in
2515 4815 2617 4870 hoc
2656 4814 2900 4884 Apostoli
2960 4831 3140 4872 sermo
3199 4813 3426 4870 tostatus
3454 4827 3554 4870 est.
3593 4835 3609 4867 ι
3638 4813 3743 4871 Sed

2177 4885 2344 4956 codex
2383 4886 2806 4956 nosterrmelius;
2840 4903 3112 4956 nampr0¢
3142 4889 3194 4942 in
3236 4890 3374 4956 hoc;
3402 4887 3592 4952 ubabet
3641 4905 3659 4936 ι
3693 4889 3745 4940 in

2179 4954 2280 5007 hoc
2304 4953 2442 5008 loco.
2474 4972 2494 5004 ι
2527 4955 2767 5009 Alterum
2800 4972 2928 5009 vero
2960 4953 3113 5011 affert
3139 4974 3285 5011 nmn.
3310 4955 3380 5009 54
3421 4956 3504 5012 his
3539 4957 3590 5010 in
3626 4971 3748 5010 ver-

2180 5025 2302 5098 his:
2343 5021 2628 5098 rVocatur
2688 5034 2743 5098 ει
2794 5028 2973 5080 anima
3024 5029 3246 5098 spiritus
3269 5067 3309 5098 ,_
3350 5035 3421 5098 ut
3458 5027 3511 5080 in
3560 5025 3747 5080 Jacobi

2180 5093 2414 5158 Epistola
2451 5108 2466 5145 :
2503 5093 2781 5160 Quomodo
2828 5110 3025 5164 corpus
3056 5093 3241 5150 'tuum
3292 5095 3491 5167 [codex
3562 5107 3749 5167 noster

2177 5173 2326 5217 caret
2370 5177 2500 5236 voce
2534 5176 2702 5226 luunt,
2734 5180 2852 5233 quae
2907 5163 3080 5236 reipsa
3111 5163 3324 5220 videtur
3375 5163 3749 5236 expungenda]

2179 5236 2295 5286 sine
2337 5233 2527 5300 spiritu
2576 5243 2846 5288 mortuum
2890 5233 3000 5300 est,
3026 5247 3118 5291 »ει
3144 5233 3748 5304 ι-ειίῳιεΛΜειιίίεειὶεέ
3793 5257 3796 5260 ·

2177 5305 2313 5356 sime
2339 5305 2482 5356 enim
2507 5304 2728 5370 spiritus
2780 5304 2868 5359 hic
2904 5307 3034 5358 nihil
3071 5308 3214 5359 aliud
3257 5306 3357 5360 nisi
3395 5307 3571 5359 anima
3607 5321 3750 5358 nuu-

2177 5383 2424 5444 cupatur.
2479 5372 2640 5426 Juxta
2689 5389 2848 5442 quam
2890 5376 3298 5444 intelligentiam
3342 5389 3397 5433 et
3443 5375 3751 5442 Stephanus

2177 5443 2417 5513 animam
2449 5457 2601 5513 suam
2641 5445 2886 5510 spiritum
2929 5460 3149 5511 vocans,
3205 5465 3222 5496 ι
3249 5447 3499 5507 Domine,
3554 5445 3751 5513 inquit.

2178 5511 2329 5574 Jesu,
2356 5512 2570 5581 suscipe
2595 5515 2843 5581 spiritum
2881 5529 3080 5567 meum.
3114 5536 3133 5568 ι
3178 5515 3309 5570 Vide
3345 5520 3506 5572 etiam
3557 5511 3752 5568 librum

2179 5581 2312 5636 Ααυ.
2345 5580 2601 5648 Manich.,
2626 5580 2763 5653 pag.
2795 5583 2898 5637 207
2925 5595 2979 5639 et
3005 5585 3129 5641 268.

2249 5671 2366 5748 (Π)
2406 5668 2726 5748 sancti/iret.
2761 5672 2946 5728 Graeca
2973 5676 3170 5748 editio,
3196 5678 3421 5748 ἁγιάσαι
3453 5691 3552 5747 pro
3590 5677 3752 5743 ἁγιά-

2185 5758 2268 5814 σῃ.
2315 5744 2427 5798 luto
2466 5744 2579 5810 ipse
2617 5742 2874 5813 Didymus
2906 5763 3074 5816 segni.
3115 5742 3256 5820 72o
3291 5742 3470 5804 habet'
3505 5742 3750 5814 ἁγιάσαι.
