4034 6400
359 344 471 399 957

1457 347 1543 403 DE
1584 348 1960 404 'I‘IiINITATE
2006 351 2204 406 LIBER
2255 350 2581 410 TERTIUS.

3525 364 3630 421 958

357 455 518 525 θείη·
554 472 572 504 .
621 453 715 506 καὶ
764 453 839 517 ὡς
890 456 1054 527 ἡνίκα
1107 458 1376 526 Στέφανος
1439 461 1733 530 εὐχόμενος
1777 464 1940 534 λέγτι“

2060 473 2113 517 ει
2143 465 2352 535 inleger
2383 467 2605 534 spiritus
2623 475 2832 529 vester,
2863 477 2918 520 et
2941 467 3161 537 ianima,
3197 480 3250 524 et
3279 485 3476 538 corpus
3513 475 3628 532 sine

359 565 385 600 ε
414 545 587 619 Κύριε
643 546 852 618 Ἰησοῦ,
904 549 1054 612 δέξαι
1098 550 1159 602 τὸ
1216 550 1436 620 πνεῦμά
1483 570 1618 622 μου·
1652 573 1670 604 3
1717 555 1812 606 καὶ
1870 554 1944 616 ὡς

355 637 580 700 Λουκᾶς
608 637 666 688 ὲν
699 637 1034 707 Εὐαγγελίῳ,
1060 640 1149 691 ὅτε
1182 640 1211 691 6
1279 640 1467 712 Σωτὴρ
1511 643 1710 712 νεκράν
1755 643 1943 714 ἦγειρε

352 727 460 796 τὴν
496 728 682 788 παῖδα,
727 727 866 797 ἔφη·
909 747 926 779 t
953 729 1062 780 Καὶ
1109 730 1412 800 ἐπέστρεψε
1455 732 1517 784 τὸ
1584 732 1800 802 πνεῦμα
1848 735 1944 786 αὺ-

351 818 483 886 τῆς.
515 838 532 869 3
587 819 712 870 Δέον
753 818 894 872 οὕτω
932 819 1198 883 δοξάζειν,
1235 823 1284 873 εἱ
1339 823 1574 893 μετρίως
1621 825 1857 877 ὲποίουψ
1893 825 1942 877 οἳ

352 911 418 962 δὲ
446 913 506 964 οὑ
546 911 607 963 τὸ
654 911 869 982 πνεῦμα
906 911 1065 964 τοῦτο
1100 909 1240 965 εἷναι
1277 914 1605 984 ὑπενόησαν,
1645 919 1726 979 εἰς
1755 917 1810 968 δὲ
1845 917 1943 988 τὴν

354 1004 537 1072 ἄκραν
578 1003 926 1074 βλασφημίαν
1000 1006 1374 1074 ἀφικνοῦνται.
1421 1009 1672 1079 Προσῆκε
1715 1009 1769 1061 δὲ
1811 1011 1941 1080 ὁρᾷν

356 1095 662 1158 καὶτοῦτο,
703 1098 894 1166 ὅτιπερ
927 1097 1060 1167 ἔχει,
1099 1118 1114 1148 ι
1155 1100 1538 1168 Ἀπαγγέλλων
1578 1101 1668 1154 τὸν
1707 1101 1940 1170 Χριστὸν

351 1187 587 1247 αῦτοῦ,ι
632 1191 660 1241 6
710 1189 842 1252 Θεὸς
891 1191 985 1242 καὶ
1032 1191 1244 1263 Πατὴρ,
1293 1193 1414 1262 οὐχ).
1471 1193 1563 1258 δὲ,
1617 1211 1635 1242 ι
1664 1193 1884 1255 κτίζων.
1914 1212 1934 1245 3

353 1278 494 1348 napi.
522 1278 631 1349 γὰρ
663 1278 770 1331 τῶν
804 1282 1290 1351 ἐπικρυπτομένως
1336 1284 1760 1352 φανερουμένων
1805 1285 1938 1354 ἡμῖν

349 1369 518 1423 ἕνεκα
544 1371 642 1438 τῆς
684 1371 924 1442 ὰῤῥήτου
965 1373 1231 1444 Τριάδος,
1275 1374 1491 1444 ἐγράφη
1515 1391 1529 1405 ο
1573 1395 1589 1424 ι
1615 1375 1709 1439 Τίς
1754 1375 1936 1443 σοφὸς,

349 1463 450 1515 καὶ
483 1465 703 1533 συνήσει
738 1463 946 1528 ταῦτα;
977 1483 995 1516 3
1039 1465 1274 1529 Ἐκεῖνος
1311 1466 1369 1518 δὲ
1423 1467 1709 1538 πρόδηλον,
1738 1470 1766 1520 6
1807 1485 1940 1538 πρε-

348 1555 564 1616 πόντως
601 1553 696 1608 καὶ
729 1570 812 1606 vos
823 1554 930 1625 ρῶς
955 1557 1172 1626 νοήσας.
1197 1555 1286 1627 Τῷ
1309 1557 1421 1609 ὄντι
1450 1558 1558 1628 γὰρ
1605 1558 1838 1628 χαλεπὸν
1868 1561 1935 1630 τῇ

347 1644 608 1716 ἀκριϐείᾳ
641 1645 750 1698 τῶν
789 1644 1018 1717 Γραφῶν
1072 1647 1359 1716 ἐπιστῆναι
1407 1650 1532 1712 τοὺς
1597 1649 1855 1720 κοσμικά,
1901 1651 1934 1720 ἢ

347 1737 604 1805 αἱρετικὰ
657 1738 1024 1809 ἠσκημένους.
1056 1738 1220 1792 Ὅθεν
1277 1739 1415 1811 ἔφη·
1472 1742 1591 1794 «Οὐ
1645 1743 1718 1813 μὴ
1768 1748 1936 1796 κάτα-

2047 553 2270 619 qtterela
2297 553 2410 622 (7‘2)
2439 553 2491 606 in
2525 554 2754 607 adventu
2791 554 3001 607 Domini
3047 558 3219 610 nostri
3260 556 3385 612 Jesu
3427 560 3627 617 Christi

2047 652 2325 705 servetur;
2360 643 2557 715 »429
2579 652 2632 698 et
2654 659 2773 697 eum
2795 645 3102 713 Stephanus
3121 663 3286 703 orans
3305 651 3434 705 dicit
3454 671 3498 706 ει
3526 655 3628 707 Do-

2046 735 2492 805 mine(75)Jcsu,
2543 737 2757 804 suscipe
2799 739 3050 804 Spiritum
3083 756 3294 806 meum;
3322 761 3340 793 3
3380 753 3434 796 et
3457 743 3629 801 Lucas

2045 823 2097 876 in
2131 825 2426 894 Evangelio
2464 835 2731 879 mortuam
2782 827 3015 894 puellam
3060 843 3091 882 a
3137 829 3418 886 Salvatore
3450 836 3628 888 susci-

2047 927 2215 971 tatam
2256 934 2509 981 narrans,
2540 917 2655 970 ait:
2717 936 2735 969 ι
2763 919 2827 971 Et
2877 935 3125 974 reversus
3167 922 3378 992 (74)εει
3405 926 3629 994 spiritus

2043 1010 2181 1078 ejus.
2212 1028 2230 1060 3
2267 1009 2364 1073 Ita,
2392 1009 2608 1078 inquam
2635 1051 2648 1073 ,
2687 1010 2891 1063 sentire
2936 1012 3190 1066 deberent
3217 1053 3234 1079 ,
3291 1014 3334 1068 si
3386 1017 3630 1072 modeste

2043 1117 2202 1171 agere
2249 1100 2464 1163 vellent,
2517 1117 2623 1154 non
2683 1117 2813 1154 vero
2867 1113 3207 1169 arroganter.
3251 1106 3321 1157 At
3369 1107 3467 1174 ipsi
3511 1107 3628 1177 (75)

2041 1209 2147 1247 non
2177 1193 2242 1246 de
2269 1193 2370 1246 hoc
2401 1192 2590 1261 spiritu
2635 1193 2910 1262 propheta:
2957 1196 3120 1248 verba
3156 1197 3469 1264 accipienda
3507 1213 3629 1254 esse

2041 1283 2294 1352 suspicati
2319 1295 2466 1347 sunt,
2489 1285 2582 1338 sed
2625 1285 2691 1337 ad
2729 1301 3000 1340 summum
3033 1286 3383 1356 blasphemiae
3401 1290 3627 1358 gradum

2040 1384 2422 1448 pervenerunt.
2459 1374 2591 1429 Illud
2629 1376 2791 1430 etiam
2835 1377 3266 1432 animadvertere
3306 1379 3626 1448 oportebat,

2040 1470 2182 1539 quod
2223 1469 2481 1537 propheta
2506 1466 2603 1530 ait,
2642 1485 2662 1519 ι
2698 1467 3047 1522 Annuntians
3087 1467 3360 1522 Christum
3395 1485 3576 1533 suum,
3601 1491 3623 1524 3

2041 1574 2230 1628 nempe
2262 1559 2400 1612 Deus
2423 1566 2477 1610 et
2506 1554 2686 1622 Pater,
2721 1572 2823 1609 non
2857 1571 2987 1612 vero
3028 1571 3240 1611 ereans.
3278 1556 3412 1611 Nam
3440 1559 3507 1614 de
3536 1559 3625 1626 iis,

2039 1667 2158 1721 quae
2173 1650 2326 1705 nobis
2339 1663 2541 1702 arcano
2554 1649 2712 1701 modo
2731 1657 2952 1717 prapter
2963 1647 3289 1703 ineffabilem
3306 1649 3628 1705 Trinitatem

2041 1741 2378 1796 manifestata
2395 1747 2543 1806 sunt,
2569 1739 2837 1808 scriptum
2858 1738 2989 1792 fuit:
3021 1757 3039 1790 ι
3073 1739 3205 1804 Quis
3252 1740 3469 1808 sapiens
3488 1739 3624 1810 (76),

352 1831 515 1901 μείνῃ
542 1831 604 1883 τὸ
651 1831 873 1902 Πνεῦμα
910 1831 997 1883 ἐπ’
1043 1831 1172 1903 [209
1195 1831 1250 1903 α]
1306 1834 1524 1897 αὐτοὺς,
1567 1811 1656 1886 διά
1695 1811 1755 1888 τὸ
1800 1831 1937 1889 εἶναι

2048 1846 2096 1890 ει
2125 1833 2386 1902 intelliget
2419 1830 2572 1886 haec?
2601 1849 2620 1882 3
2673 1829 2765 1884 Ille
2801 1843 3015 1899 nempe,
3063 1841 3120 1884 ut
3152 1833 3494 1900 perspicuum
3521 1842 3626 1894 εει,

348 1924 549 1985 αὐτοὺς
593 1924 822 1995 σάρκας.
860 1943 877 1974 3
917 1925 1030 1994 Τὴν
1067 1929 1181 1989 τοῖς
1219 1925 1514 1996 Θησαυροῖς
1558 1927 1765 1991 τούτοις
1807 1929 1940 1998 κρύ-

2048 1927 2133 1994 qui
2189 1923 2537 1977 convettiettti
2590 1930 2644 1976 et
2699 1921 2931 1990 spiritali
2969 1936 3132 1976 sensu
3178 1921 3450 1991 intelligit.
3489 1922 3624 1977 Nam

349 2032 476 2083 φιον
507 2015 731 2086 δύναμιν
773 2016 1064 2084 διάγνωσίν
1097 2035 1157 2069 τε
1194 2019 1287 2070 καὶ
1333 2020 1364 2088 ή
1422 2018 1526 2083 ἔξω
1561 2019 1720 2088 σοφία
1763 2038 1940 2091 παρα-

2048 2019 2258 2073 dilIicile
2294 2031 2480 2070 revera
2514 2015 2630 2068 ﬁeri
2672 2021 2868 2083 potest,
2920 2024 2979 2066 ιιι
3025 2024 3339 2068 accuratam
3372 2013 3623 2082 Scriptu-

346 2106 562 2158 δίδωσιν
589 2108 654 2160 ἐκ
679 2107 837 2172 Θεοῦ,
879 2109 954 2172 ὼς
984 2109 1078 2162 καὶ
1103 2109 1172 2163 τά
1200 2111 1398 2175 πάντα,
1431 2111 1716 2182 ὑπάρχειν,
1743 2112 1940 2166 οὑτωσὶ

2048 2128 2225 2167 rarum
2294 2108 2800 2176 interpretationem
2831 2114 3191 2174 assequamur
3229 2105 3322 2174 qui
3349 2104 3623 2158 mundana

349 2201 640 2267 φάσκουσα
655 2216 670 2230 ⁶

2048 2204 2299 2274 cogitant,
2336 2209 2427 2254 aut
2456 2198 2568 2269 (77)
2604 2197 2854 2251 haeretica
2926 2208 3346 2266 persequuntur.
3365 2195 3538 2262 Quam
3556 2202 3626 2250 ol3

351 2308 467 2348 rem
507 2294 768 2363 scriptum
803 2304 926 2349 est:
981 2313 1000 2347 ι
1056 2294 1409 2365 Nequaquam
1446 2298 1560 2370 (78)
1600 2301 1940 2369 permanebit
2009 2300 2253 2370 Spiritus
2323 2311 2486 2364 super
2542 2295 2708 2362 ipsos,
2764 2293 2888 2361 quia
2932 2293 3032 2362 ipsi
3068 2307 3264 2347 carnes
3300 2301 3444 2346 sunt.
3474 2310 3492 2342 3
3523 2290 3626 2344 La-

348 2395 551 2440 tentem
578 2401 742 2456 porro
780 2389 832 2442 in
862 2389 1128 2444 thesauris
1181 2391 1332 2446 hisce
1369 2394 1478 2446 vim
1526 2409 1589 2447 ac
1643 2395 1928 2450 scientiam
1967 2413 2035 2452 ex
2100 2396 2210 2450 Deo
2247 2408 2393 2456 esse,
2445 2400 2504 2444 ut
2567 2400 2764 2444 caetera
2807 2389 2987 2442 omnia
3019 2428 3036 2456 ,
3089 2387 3305 2457 profani
3339 2387 3502 2442 etiam
3537 2403 3628 2441 sa-

351 2477 568 2556 pientes
600 2477 960 2546 tradidernnt,
995 2481 1076 2534 sic
1115 2480 1396 2549 loquentes
1427 2482 1540 2554 (79)
1567 2504 1580 2539 :

349 2567 554 2622 Πάντα
583 2569 698 2692 [ap
724 2570 1088 2638 ἀνθρώποισι
1124 2573 1270 2638 Θεὸς
1297 2573 1722 2644 διετεκμήρατο

349 2637 523 2691 Ὄσσ⁹
615 2640 805 2692 θέλει.
869 2641 1112 2692 πάντων
1181 2661 1241 2692 τε
1311 2645 1544 2692 ϐηθτοῖρ
1612 2647 1722 2692 ἡδί.

349 2637 523 2691 Ὄσσ⁹
583 2637 805 2702 ἐθέλει,
838 2637 1112 2694 στάντων
1181 2637 1257 2695 rei
1299 2637 1590 2712 ,Bporoir"
1612 2647 1932 2788 ἱὶάδίὂᾳκτος

1676 2735 1858 2771 κουει.

991 2805 1148 2855 ΚΕΦ.
1185 2805 1305 2856 AB'.

435 2892 613 2953 Ἀλλὰ,
651 2912 668 2944 ι
693 2892 897 2957 Πάντα,
926 2915 942 2943 3
982 2896 1166 2963 φησιν,
1194 2913 1214 2946 ι
1238 2895 1326 2948 διὰ
1355 2895 1450 2948 τοῦ
1484 2898 1612 2950 Υίοῦ
1645 2899 1888 2967 ἐγένετο’
1913 2916 1932 2947 3

350 2986 401 3036 εἰ
437 3002 452 3032 t
478 2983 659 3034 Πάντα
685 3002 700 3030 3
736 2977 830 3035 οῦν
882 2977 1076 3045 iactv,"
1099 2984 1192 3035 καὶ
1222 2984 1283 3035 τὸ
1331 2986 1486 3052 ἅγιον
1521 2987 1764 3057 Πνεῦμα.
1795 2987 1936 3039 Ἀλλ’

352 3071 494 3137 εἷπε,
537 3093 554 3123 ι
600 3075 802 3134 Πάντα,
836 3091 855 3123 3
889 3072 1032 3126 τοῦτ’
1080 3074 1196 3126 ἔστι
1243 3074 1310 3128 τὰ
1365 3077 1584 3128 κτιστά·
1619 3077 1857 3146 οὐδαμοῦ
1885 3078 1941 3131 δὲ

2052 2575 2240 2630 Omma
2275 2587 2415 2625 enim
2443 2569 2738 2622 nominibus
2775 2569 2914 2622 Deus
2948 2569 3251 2639 signiﬁcare
3294 2570 3554 2622 consuevit

2054 2650 2394 2712 Quwrunque
2423 2642 2554 2704 vult,
2579 2650 2629 2693 et
2653 2657 2829 2693 omnes
2867 2641 3221 2712 mortalesper
3249 2657 3304 2692 se
3333 2643 3444 2692 sine
3468 2641 3628 2712 uilius

3107 2708 3223 2781 [ope
3243 2712 3389 2763 audit
3420 2710 3555 2780 ($0).

2625 2799 2780 2856 CAP.
2823 2797 3040 2853 XXXII.

2115 2894 2186 2946 At
2209 2893 2412 2957 omnia,
2445 2891 2717 2961 inquiunt,
2754 2908 2848 2960 per
2869 2891 3064 2944 Filium
3082 2889 3221 2946 facta
3242 2900 3406 2954 sunt;
3437 2891 3481 2945 si
3511 2889 3629 2961 (8i)

2047 3004 2065 3036 ι
2101 2985 2282 3040 omnia
2311 3002 2329 3034 3
2369 2999 2500 3038 vero
2533 2985 2673 3036 facta
2705 2992 2870 3047 sunt,
2923 2984 3087 3036 etiam
3143 2981 3380 3050 Spiritus
3409 2992 3630 3036 sanctus

2047 3079 2220 3132 factus
2251 3086 2355 3131 est.
2393 3076 2501 3129 Sed
2528 3091 2648 3127 cum
2681 3075 2818 3128 dixit
2850 3072 3092 3128 Joannes
3131 3092 3150 3125 ι
3177 3074 3382 3140 omnia,
3411 3092 3432 3125 3
3473 3089 3630 3129 crea-

350 3167 660 3236 γέγραπται
688 3165 749 3218 τὸ
778 3165 1000 3236 Πνεῦμα
1025 3166 1120 3219 τοῦ
1143 3167 1278 3219 Θεοῦ
1305 3167 1530 3238 κτίσμα,
1552 3168 1629 3232 ὼς
1650 3169 1770 3222 οὐδὲ
1794 3170 1939 3233 Υἱός.

2049 3177 2197 3221 turas
2239 3182 2432 3221 omnes
2484 3165 2826 3233 designavit:
2871 3179 3136 3234 nusquam
3191 3178 3321 3219 vero
3364 3165 3626 3234 scriptum

350 3258 426 3312 Τὸ
457 3261 564 3331 γὰρ
592 3258 797 3330 κτίσμα
827 3259 1012 3313 δοῦλον
1033 3276 1047 3290 ·
1077 3261 1137 3313 τὸ
1183 3261 1240 3313 δὲ
1271 3260 1455 3314 δοῦλον
1482 3260 1606 3314 οὔτε
1644 3263 1944 3333 ἐλευθεροῖ,

349 3351 426 3415 ὡς
461 3351 523 3405 τὸ
556 3353 709 3418 ἅγιον
740 3351 982 3421 Πνεῦμα,
1045 3351 1168 3404 οὕτε
1213 3347 1344 3416 οἶδε,
1392 3353 1446 3405 τί
1505 3356 1650 3407 ποιεῖ
1696 3355 1862 3407 αὐτοῦ
1912 3357 1941 3407 6

351 3440 577 3510 Κύριος,
618 3440 742 3494 οὔτε
771 3440 1055 3504 ἀνακτίζει
1089 3443 1152 3495 τὸ
1188 3443 1340 3514 παρὰ
1373 3444 1469 3496 τοῦ
1501 3444 1774 3496 Δεσπὸτου
1819 3463 1938 3498 κτι-

354 3531 503 3593 σθὲν,
541 3531 664 3584 οὔτε
695 3532 824 3585 ναὸν
869 3531 1106 3603 ἔχειτὸν
1143 3533 1430 3604 ἄνθρωπον
1467 3533 1597 3598 ἴσως
1645 3535 1736 3589 τοῦ
1777 3537 1934 3600 Θεοῦ,
1984 3577 1996 3592 .

350 3625 473 3678 οὐδὲ
514 3625 656 3678 θεῖον
695 3624 1028 3696 γέγραπται.
1096 3625 1310 3688 ’Ἄλλως
1355 3643 1415 3678 τε
1463 3626 1520 3679 δὲ
1567 3629 1870 3698 σεσήμαται
1914 3631 1942 3682 6

355 3717 790 3784 πρωτοκτιστος,
831 3717 889 3779 ὃς
935 3715 1036 3785 τῆς
1082 3716 1357 3786 πρωτείας
1400 3715 1466 3767 δι’
1497 3717 1702 3770 οἰκείαν
1749 3718 1941 3782 ἀλαζο-

353 3805 502 3859 νείαν
532 3807 610 3868 είς
637 3807 708 3859 τὰ
736 3805 938 3876 ἔσχατα
965 3805 1072 3858 τῶν
1099 3805 1343 3874 ἐσχάτων
1373 3806 1597 3877 ἐρρίφη.

2047 3269 2148 3324 εει,
2184 3259 2446 3328 Spiritum
2478 3257 2571 3312 Dei
2612 3272 2734 3312 esse
2785 3267 3115 3322 creaturam,
3153 3258 3292 3312 sicut
3337 3272 3403 3311 ne
3428 3257 3626 3311 Filium

2044 3353 2283 3420 quidem.
2309 3350 2447 3404 Nam
2473 3360 2722 3406 creatura
2755 3361 2839 3406 est
2868 3365 3060 3414 serva;
3092 3364 3286 3404 servus
3313 3359 3494 3403 autem
3527 3363 3624 3401 ne—

2043 3460 2148 3512 que
2189 3443 2402 3510 liberat,
2434 3455 2492 3496 ttt
2521 3443 2756 3512 Spiritus
2787 3453 3031 3507 sanctus,
3092 3457 3266 3512 neque
3320 3442 3471 3496 novit
3494 3442 3623 3509 quid

2044 3535 2206 3589 faciat
2268 3535 2387 3606 ejus
2431 3535 2712 3601 Dominus,
2773 3549 2948 3604 neque
2995 3538 3173 3589 denuo
3227 3543 3376 3588 creat
3423 3534 3564 3603 quod
3596 3550 3626 3585 a

2048 3628 2279 3682 Domino
2307 3638 2550 3682 creatqu
2579 3636 2684 3691 est,
2716 3641 2890 3694 neque
2944 3625 3200 3694 templum
3244 3625 3409 3680 habet
3447 3625 3622 3678 homio

2048 3737 2192 3786 nem,
2231 3721 2373 3775 sicut
2402 3722 2529 3775 illud
2564 3722 2729 3776 habet
2763 3722 2904 3775 Deus
2933 3759 2948 3784 ,
3005 3734 3181 3789 neque
3211 3719 3427 3774 divinus
3453 3717 3629 3772 dictus

2049 3824 2133 3868 est
2162 3815 2214 3868 itt
2242 3813 2548 3882 Scriptura.
2584 3814 2765 3869 Prima
2815 3829 2944 3868 vero
2973 3825 3250 3877 creatura,
3305 3827 3424 3882 qua!
3457 3813 3628 3892 apri-

363 3904 512 3950 tuatu
560 3900 630 3951 ob
679 3897 952 3968 propriam
997 3898 1364 3969 arrogantiam
1407 3899 1646 3965 excidit,
1690 3909 1856 3969 atque
1884 3899 1940 3956 in
1980 3913 2225 3960 extrema
2298 3898 2674 3960 extremorum
2740 3904 2980 3973 proiecta
3025 3915 3130 3968 est,
3167 3905 3290 3959 aliis
3322 3903 3628 3958 nominibus

357 3990 624 4059 appellata
652 3988 765 4047 fuit.

983 4083 1139 4135 ΚΕΦ.
1177 4084 1300 4136 AI".

424 4171 534 4225 Καὶ
571 4170 842 4224 Ἰουδαίων
872 4172 928 4224 δὲ
957 4173 1252 4242 οἰηθέντων
1308 4175 1400 4228 τὸν
1446 4177 1671 4246 Κύριον,
1724 4178 1799 4248 μῂ
1841 4178 1935 4232 τοῦ

354 4261 514 4326 Θεοῦ,
541 4263 675 4315 ἀλλὰ
699 4264 795 4315 τοῦ
836 4263 998 4316 Δαυῖδ
1040 4263 1177 4316 εἶναι
1213 4266 1348 4329 υἱὸν,
1378 4269 1470 4320 καὶ
1504 4269 1670 4321 αὑτοῦ
1700 4271 1940 4341 πυθομέ-

356 4372 449 4407 νου
483 4354 660 4409 αύτῶν
688 4356 817 4427 περὶ
863 4357 1080 4419 ἑαυτοῦ,
1103 4358 1247 4420 τίνος
1281 4359 1428 4411 ἐστὶν
1471 4359 1610 4423 υίὸς,
1657 4362 1751 4413 καὶ
1803 4362 1940 4414 ἀπο-

357 4447 720 4518 κριναμένων,
757 4447 851 4500 τοῦ
876 4447 1058 4512 Δαυῒδ,
1092 4445 1210 4502 εἶτα
1244 4451 1518 4520 φήσαντος
1544 4453 1747 4516 αὐτοῖς,
1780 4473 1797 4502 ι
1831 4456 1940 4507 Καὶ

2512 4086 2676 4158 530
2705 4087 2858 4142 CAP.
2902 4086 3141 4142 xxxm.

2110 4179 2244 4234 Cum
2275 4195 2402 4235 vero
2430 4179 2600 4234 Judaei
2629 4179 3009 4234 existimarent
3065 4179 3351 4233 Dominum
3377 4192 3481 4232 non
3507 4176 3622 4240 Dei,

2045 4274 2140 4327 sed
2168 4271 2391 4326 Davidis
2423 4287 2542 4326 esse
2574 4271 2767 4338 tilium,
2799 4273 2913 4340 ipse
2940 4272 3062 4325 illos
3089 4272 3156 4324 de
3188 4270 3476 4338 semetipso
3492 4267 3623 4336 quid

2043 4365 2313 4419 sentirent
2346 4364 2726 4433 interrogavit,
2783 4375 2839 4417 et
2890 4362 3179 4429 cujusnam
3239 4369 3386 4414 esset
3442 4359 3622 4420 ﬁlius;

2043 4456 2192 4524 iique
2219 4454 2635 4522 responderunt,
2691 4453 2946 4508 Davidis:
2980 4463 3091 4506 tum
3139 4452 3246 4506 illis
3275 4452 3411 4505 dixit
3442 4450 3623 4503 Domi-

356 4539 476 4602 πῶς
517 4538 679 4593 Δαυῖδ
721 4539 780 4592 ἐν
832 4541 1111 4612 Πνεύματι
1154 4543 1294 4612 ἁγίῳ
1323 4543 1478 4596 καλεῖ
1504 4544 1666 4597 αὐτὸν
1705 4544 1930 4616 Κύριον,

2048 4564 2175 4602 nus:
2210 4565 2228 4598 ι
2268 4547 2334 4600 Ει
2360 4546 2628 4616 quomodo
2652 4544 2763 4616 (82)
2793 4545 2962 4599 David
2984 4543 3036 4598 in
3065 4544 3267 4613 Spiritu
3290 4542 3404 4612 (85)
3434 4552 3623 4597 sancto

357 4741 636 4812 Videinot.
669 4741 762 4807 47,
791 4757 912 4812 pag.
949 4741 1070 4796 “2.
1127 4741 1483 4811 Hieronymus
1520 4741 1574 4795 in
1621 4740 1780 4810 epist.
1829 4743 1930 4797 120

356 4815 425 4865 ad
471 4811 748 4865 Hedibiam
772 4811 803 4874 ,⁷
845 4829 992 4865 num.
1025 4813 1117 4873 I‘Z,
1180 4813 1293 4866 hare
1354 4813 1514 4864 habet
1547 4829 1560 4862 :
1602 4830 1619 4862 ι
1654 4813 1794 4864 Deus
1827 4851 1840 4864 .
1873 4851 1884 4865 .
1911 4853 1925 4867 .

358 4881 504 4949 pacis
543 4883 842 4936 sanetilicet
894 4897 990 4936 vos
1030 4898 1122 4950 per
1168 4884 1378 4943 omnia,
1423 4882 1498 4934 vel
1545 4883 1596 4934 in
1640 4882 1926 4943 omnibus,

357 4953 464 5073 sive
492 4952 678 5073 βὶεὲιοε
705 4964 867 5020 atque
890 4951 1158 5022 perfectos
1181 4973 1194 5005 ;
1220 4971 1238 5003 3
1275 4953 1375 5006 hoc
1395 4951 1538 5004 enim
1563 4952 1736 5021 magis
1756 4963 1937 5019 .sonat

359 5037 387 5073 ο
419 5039 506 5073 οτε
542 5038 566 5073 ε
593 5039 640 5073 ε.

359 5037 640 5084 οΑοτεΑεις.

428 5093 542 5160 (72)
583 5091 708 5146 Sine
730 5091 964 5162 querela.
994 5090 1181 5147 Grteea
1216 5090 1401 5155 editio,
1424 5089 1579 5161 ἁμέμ

363 5179 387 5232 «γ
410 5162 700 5229 inculpate,
729 5181 748 5213 3
801 5172 893 5214 aut
933 5180 952 5213 ι
975 5162 1542 5232 irreprehensibiliter.
1572 5179 1591 5212 3
1636 5163 1894 5232 Didymus
1922 5181 1936 5215 :

359 5231 666 5352 άμειμπτον,
699 5235 750 5288 id
789 5240 892 5296 est,
931 5251 950 5284 ι
977 5231 1329 5299 inculpatum,
1359 5251 1378 5283 3
1413 5242 1504 5284 aut
1543 5249 1562 5280 ι
1592 5231 1940 5300 irreprehett-

359 5317 401 5352 st
423 5319 456 5352 »ι
482 5318 530 5352 e.
557 5320 576 5351 3

357 5309 530 5356 sitnle.
557 5320 576 5351 3

450 5370 543 5438 73)
586 5370 824 5425 Domine.
856 5370 975 5427 Act.
1009 5385 1108 5434 vn,
1143 5370 1232 5426 59.

456 5439 543 5498 74)
583 5440 650 5494 Et
677 5457 929 5494 reversus.
961 5439 1092 5495 Luc.
1127 5455 1242 5498 vm.
1279 5441 1369 5494 55.

426 5509 541 5580 (75)
579 5513 646 5563 At
694 5512 810 5578 ipsi.
845 5510 1046 5574 Codex,
1098 5513 1148 5564 ot
1216 5509 1294 5564 δέ.
1339 5511 1420 5564 Αη
1466 5510 1744 5578 legendum
1783 5511 1945 5565 οῖ’δεῖ

428 5580 542 5646 (76)
582 5581 735 5646 Quis.
766 5580 904 5635 Osee
940 5597 1048 5644 xw,
1082 5580 1170 5634 IO.

430 5651 544 5722 (77)
581 5651 684 5722 {Qui
733 5651 1221 5722 Itwretica.ACodex
1261 5649 1536 5722 mendose,
1581 5651 1614 5720 ὴ
1659 5652 1928 5722 αἱρετικά.

429 5717 542 5790 (78)
586 5717 950 5790 Nequaquam.
1008 5720 1144 5776 Gen.
1187 5735 1262 5782 νι,
1303 5720 1356 5774 5.
1403 5721 1545 5790 Citat
1587 5717 1756 5790 magis
1803 5741 1930 5778 se..-

359 5789 500 5859 sum,
539 5789 699 5860 quam
738 5791 898 5845 verba
935 5791 1066 5861 ipsa.
1115 5789 1246 5846 Vide
1282 5806 1450 5860 scgtu.
1589 5810 1640 5844 a.

1583 5107 1752 5156 πτως,
1785 5092 1836 5145 id
1857 5103 1940 5146 est

2111 4741 2224 4811 (79)
2279 4740 2369 4794 Sic
2419 4739 2707 4811 loquentes.
2746 4739 2948 4805 Codex,
2997 4737 3172 4801 οὕτως
3229 4739 3262 4809 ἡ
3315 4739 3621 4808 φάσκουσα.

2036 4810 2180 4876 Lego
2208 4810 2439 4864 οὑτωσεὶ
2468 4810 2772 4878 φάσκουσα.

2108 4882 2218 4951 (80)
2257 4883 2438 4934 Audit.
2486 4883 2568 4934 An
2603 4879 2887 4948 legendum
2941 4878 2995 4932 in
3046 4878 3235 4934 Graaco
3281 4879 3501 4932 πάντων
3562 4897 3624 4932 τε

2035 4951 2240 5022 βροτῶν

2106 5022 2218 5089 (8i)
2259 5019 2337 5074 Si.
2375 5019 2577 5082 Codex,
2615 5019 2685 5072 εἰ.
2715 5016 3024 5089 Legendum
3060 5017 3292 5089 fortasse
3324 5021 3424 5082 εἰς.

2109 5087 2219 5159 (8‘2)
2266 5091 2329 5142 Et
2379 5095 2660 5159 qugmado.
2713 5088 2902 5142 Matth.
2959 5105 3094 5155 uti,
3163 5087 3255 5153 4⁵5,
3294 5090 3383 5142 Μ.
3434 5087 3623 5143 Grau-a

2035 5154 2226 5224 editio,
2257 5159 2375 5222 πῶς
2391 5154 2522 5213 οὖν.

2109 5232 2221 5302 (85)
2262 5229 2329 5282 1η
2345 5228 2549 5302 Spiritu
2579 5239 2781 5302 sancto_.
2813 5225 2930 5302 Vox;
2960 5247 2978 5279 ‹
3002 5237 3191 5302 sancto
3226 5245 3244 5277 ι
3270 5227 3420 5302 (ιςρει
3453 5227 3506 5280 in
3532 5227 3621 5302 [ἐξ-

2041 5295 2165 5357 bliis
2193 5295 2314 5354 eum
2345 5295 2571 5363 Graecis,
2609 5311 2719 5352 tum
2749 5297 2981 5362 Latinis,
3013 5298 3120 5351 imo
3151 5297 3293 5366 apud
3324 5298 3498 5367 ipsum
3534 5295 3624 5367 Di-

2045 5373 2266 5442 dymum
2306 5369 2360 5422 in
2393 5369 2487 5442 lib.
2517 5369 2592 5422 De
2626 5369 2771 5442 Spir.
2797 5379 2976 5442 saneto
3008 5383 3160 5442 num.
3194 5367 3285 5442 ἓξ).
3320 5366 3504 5442 Itaque
3535 5366 3624 5442 h'c

2040 5435 2263 5496 additur
2295 5442 2362 5493 ab
2416 5439 2532 5505 ipso
2557 5435 2934 5507 explicationis
2973 5439 3170 5507 gratia,
3206 5437 3346 5490 sicut
3380 5435 3621 5507 vicissim

2040 5512 2092 5566 in
2131 5510 2219 5563 lib.
2250 5509 2323 5562 De
2351 5507 2493 5578 Spir.
2517 5506 2868 5578 sanetonum.
2893 5506 3241 5574 29,afferens
3257 5506 3499 5578 proxime
3521 5518 3616 5578 se-

2037 5581 2257 5649 quentia
2297 5573 2498 5633 Christi
2533 5582 2672 5647 apud
2702 5573 2979 5649 Joannem
3002 5573 3333 5649 verba,g¢fSi
3363 5573 3621 5649 ergo_l)a-

2036 5642 2125 5704 vid
2162 5661 2316 5704 vocat
2352 5664 2474 5702 eum
2527 5642 2837 5714 Dominum,
2863 5666 2882 5698 3
2916 5648 2984 5701 de
3016 5661 3115 5701 suo
3149 5646 3320 5711 addit,
3360 5663 3378 5695 ι
3405 5642 3460 5698 in
3491 5642 3616 5714 Spi-

2037 5723 2140 5774 ritu
2192 5729 2401 5772 sancto.
2425 5737 2443 5769 3
2495 5717 2616 5772 Hzec
2645 5719 2789 5770 enim
2824 5713 2897 5771 ibi
2940 5717 3167 5786 legimus
3203 5731 3336 5786 pag.
3362 5715 3464 5786 I236
3503 5713 3617 5766 edi-

2038 5792 2198 5846 tionis
2232 5789 2554 5844 Veronensis
2584 5807 2598 5844 ;
2634 5784 3016 5857 «Interrogans
3051 5785 3247 5856 quippe
3281 5784 3609 5850 Pharisaeos,
