4034 6414
364 448 467 506 961

1434 445 1525 500 DE
1563 444 1947 501 TRINITATE
1986 440 2193 498 LIBER
2230 441 2557 500 TERTIUS.

3536 455 3647 508 962

366 562 666 617 ἀνάστασιν
713 561 742 614 ὁ
794 558 1072 631 Δεσπότης
1128 559 1364 631 Χριστὸς
1432 564 1694 633 ἐμφυσων
1762 563 1840 625 είς
1891 562 1957 614 τὰ

2071 560 2373 619 siverimns.
2407 562 2543 614 Cum
2596 577 2721 615 vero
2778 561 3070 618 virtutilms
3105 578 3201 634 per
3240 565 3504 635 spiritalia
3533 582 3650 621 cer-

367 654 641 724 πρόσωπα
678 651 787 705 τῶν
843 651 1159 711 ἀποστόλων
1201 648 1360 705 εἷπε·
1427 672 1444 703 ι
1489 655 1697 707 Λάϐετε
1738 654 1961 725 Πνεῦμα

354 744 560 812 ,ἆγιονο
589 763 608 796 ι
653 745 749 797 καὶ
799 742 938 815 μετά
976 742 1078 813 τὴν
1123 743 1392 815 ἀνάληψιν
1441 743 1608 797 αὑτοῦ
1651 747 1715 815 τῇ
1750 746 1959 815 Πεντη-

366 839 535 907 κοστῇ
560 835 906 907 ἐπεφοίτησε,
930 835 1183 907 πυρίναις
1196 834 1468 905 γλώσσαις
1494 835 1678 906 ὀφθὲν·
1705 856 1722 888 ι
1746 836 1963 891 Ἐκάθι-

366 942 466 980 οεν
525 927 582 979 δὲ
632 926 719 996 ἐφ’
760 926 858 981 ἐνα
908 926 1138 980 ἕκαστον
1189 928 1393 988 αὐτῶν,
1460 929 1556 981 καὶ
1611 928 1960 1001 ἐπλήσθησαν

368 1019 528 1087 ἀγίου
556 1018 895 1090 Πνεύματος,
926 1018 1022 1073 καὶ
1057 1018 1294 1091 ἦρξαντο
1331 1019 1512 1073 λαλεῖν
1541 1020 1755 1092 ἑτέραις
1786 1019 1962 1089 γλώσ-

370 1127 518 1174 σαις,
558 1110 746 1175 καθὼς
789 1111 851 1164 τὸ
880 1110 1108 1181 Πνεῦμα
1160 1112 1333 1165 ἐδίδου
1375 1112 1824 1183 ἀποφθέγγεσθαι
1859 1114 1958 1167 αὐ-

367 1207 505 1267 τοῖς,
533 1222 552 1255 ι
593 1204 671 1267 ὡς
713 1203 1085 1275 μαρτυροῦσιν
1123 1205 1177 1257 αἱ
1227 1203 1484 1275 Πράξεις.
1519 1204 1610 1258 Διὸ
1653 1206 1748 1259 καὶ
1788 1207 1824 1258 6‘
1862 1208 1959 1258 Δε-

371 1298 582 1367 σπότης
603 1296 902 1367 προέλεγεν
919 1298 1123 1359 αὐτοῖς·
1154 1315 1172 1347 ι
1214 1297 1407 1367 Ὑμεῖς
1437 1297 1494 1350 δὲ
1526 1296 1769 1368 λήψεσθε
1803 1296 1963 1352 δύνα-

375 1407 492 1459 μιν,
521 1388 835 1450 ἐπελθόντος
865 1387 958 1441 τοῦ
990 1389 1145 1457 ἁγίου
1174 1389 1491 1460 Πνεύματος
1520 1390 1606 1459 ἐφ’
1637 1391 1802 1461 ὑμᾶς.
1834 1411 1850 1441 ι
1888 1391 1963 1444 Τὸ

369 1480 451 1544 δὲ,
482 1500 500 1533 ι
535 1479 743 1552 Ἰησοῦς
771 1478 924 1532 οὔπω
948 1480 1231 1551 ἐδοξάσθη,
1254 1500 1271 1531 ι
1295 1481 1413 1534 ἀντὶ
1442 1480 1556 1545 τοῦ,
1587 1482 1773 1553 φησὶν,
1809 1482 1963 1537 οὔπω

371 1569 584 1632 παθὼν,
621 1571 717 1623 καὶ
752 1570 1012 1635 ἀναστὰς,
1040 1571 1136 1624 καὶ
1180 1571 1502 1644 συνεγείρας
1536 1573 1713 1644 ἐαυτῷ
1759 1575 1963 1645 πλῆθος

370 1662 609 1732 νεκρῶν,
640 1662 734 1716 καὶ
762 1661 1114 1732 ἀναληφθείς.
1144 1663 1312 1717 Οὔπω
1338 1664 1447 1736 γάρ
1473 1665 1624 1737 παρά
1650 1668 1817 1719 πᾶσιν
1846 1669 1965 1720 ἐπι-

373 1754 573 1826 στεύθη
607 1749 746 1809 εῖναι
775 1757 803 1809 ό
844 1755 1173 1827 προαιώνιος
1200 1757 1486 1828 ἀγαπητὸς
1515 1757 1642 1822 Υἱός
1670 1760 1765 1812 τοῦ
1801 1759 1961 1824 Θεοῦ,

370 1846 469 1899 καὶ
518 1844 779 1917 ἐδοξάσθη
829 1845 906 1908 ὼς
948 1845 1081 1909 Θεὸς
1113 1845 1224 1899 τῶν
1269 1846 1556 1919 πατέρων·
1609 1848 1755 1903 τοῦτ’
1793 1849 1960 1915 ἔστιν,

2068 652 2268 705 lamina
2332 653 2661 721 comparatis
2722 652 2834 727 (91)
2898 656 3205 726 purjlicati.
3260 658 3402 727 digni
3468 657 3645 712 effecti

2066 741 2349 805 fuerimus,
2384 755 2511 798 tunc
2541 744 2765 812 ipsemet
2810 762 2963 800 suam
3001 748 3156 801 nobis
3198 759 3393 818 sponte
3422 750 3653 820 largitur

2066 832 2509 891 illustrationem.
2549 835 2684 890 Nam
2718 847 2835 906 post
2877 841 3337 895 resurrectionem
3388 840 3651 896 Dominus

2064 920 2312 979 Christus
2368 924 2648 980 insuﬂlans
2708 926 2761 980 in
2816 926 2982 983 facies
3044 930 3412 999 apostolorum
3469 930 3652 986 dixit:

2070 1032 2089 1066 ι
2121 1014 2363 1085 Accipite
2392 1016 2503 1088 (92)
2533 1015 2795 1088 Spiritum
2827 1032 3077 1075 sanetum
3099 1041 3146 1075 ε»
3176 1023 3291 1090 ipse
3319 1038 3449 1076 vero
3476 1022 3651 1091 Spiri-

2067 1116 2152 1161 tus
2174 1116 2395 1162 sanetus
2428 1118 2548 1177 post
2591 1111 2797 1165 Christi
2850 1116 3278 1182 assumptionem
3327 1114 3499 1183 igneis
3551 1114 3655 1166 lin-

2064 1199 2184 1268 guis
2211 1214 2478 1268 apparens
2505 1203 2725 1258 advenit
2759 1205 2812 1259 in
2840 1205 3182 1272 Pentecoste,
3215 1226 3234 1259 ι
3266 1208 3513 1276 seditque
3536 1206 3653 1280 (93)

2064 1305 2226 1359 supra
2263 1292 2505 1362 singulos
2536 1309 2747 1359 eorum,
2793 1306 2847 1351 et
2900 1297 3089 1365 rep‘leti
3128 1309 3254 1352 sunt
3300 1309 3491 1353 sancto
3525 1296 3655 1368 Spi-

2065 1384 2197 1450 ritu,
2232 1393 2288 1439 et
2317 1396 2600 1455 coeperunt
2643 1387 2789 1457 loqui
2842 1388 2966 1443 aliis
3016 1390 3234 1459 linguis,
3277 1400 3437 1459 prout
3480 1390 3657 1454 Spiri-

2068 1486 2157 1530 tus
2189 1477 2354 1531 dabat
2387 1478 2567 1548 eloqui
2599 1480 2726 1544 illis,
2770 1500 2789 1532 ι
2827 1482 2967 1535 sicut
3011 1484 3142 1536 Acta
3187 1492 3477 1539 testantur.
3530 1485 3656 1540 Ideo

2066 1566 2229 1620 etiam
2277 1566 2535 1622 Dominus
2570 1572 2822 1640 praedixit
2870 1571 3012 1626 illis:
3050 1592 3070 1625 ι
3110 1572 3219 1628 Vos
3263 1590 3392 1631 vero
3418 1563 3531 1647 (94)
3559 1593 3656 1630 aco

2066 1657 2279 1727 cipietis
2312 1658 2592 1725 virtutem,
2644 1664 3061 1731 superveniente
3107 1663 3313 1732 Spiritu
3362 1679 3552 1721 sancto
3597 1669 3652 1722 in

2068 1764 2183 1803 vos.
2225 1768 2243 1801 ι
2287 1749 2380 1805 Illa
2409 1761 2589 1806 autem
2624 1755 2809 1821 verba,
2845 1773 2864 1807 ι
2906 1753 3065 1810 Jesus
3096 1760 3332 1811 nondum
3378 1759 3656 1829 glorifica-

2071 1848 2157 1895 tus
2200 1840 2400 1907 fuerat,
2467 1863 2487 1895 ι
2540 1842 2643 1899 hoc
2701 1846 2804 1901 sibi
2873 1848 3059 1902 volunt
3107 1867 3121 1903 :
3176 1851 3414 1903 nondum
3468 1864 3658 1919 passus

370 1935 527 1992 οὔπω
582 1939 616 2008 ἡ
656 1938 785 2010 περὶ
834 1937 1001 1992 αὑτοῦ
1046 1937 1173 2002 δόξα
1219 1937 1521 2011 ἐϐεϐαιώθη
1574 1953 1725 2012 παρα
1779 1944 1960 1995 πᾶσι·

2071 1944 2183 1987 erat
2210 1933 2346 2006 (95),
2391 1952 2493 1989 nec
2526 1950 2923 2001 resurrexerat,
2966 1955 3065 1994 nec
3087 1941 3246 1995 simul
3287 1957 3410 1995 cum
3451 1952 3656 1996 semet-

369 2026 455 2080 διὸ
481 2026 627 2095 λέγει
659 2027 917 2100 ὕστερονσ
955 2046 975 2079 ι
1003 2029 1206 2099 Πάτερ,
1238 2028 1495 2100 ἐλήλυθεν
1529 2032 1563 2101 ἡ
1589 2030 1741 2101 ὤρα-
1772 2051 1790 2082 »
1818 2031 1962 2085 τοῦτ’

371 2119 510 2181 ἔστι,
545 2120 722 2173 πάντα
761 2121 1117 2193 πεπλήρωται
1151 2123 1218 2176 τὰ
1256 2124 1385 2194 περὶ
1428 2124 1563 2195 ἐμοῦ
1596 2128 1718 2189 ταῖς
1751 2127 1965 2198 ἀπαρακ

372 2210 560 2275 ϐάτοις
607 2212 853 2282 Γραφαϊς
918 2212 1341 2285 προρρηθέντα’
1398 2232 1416 2264 ι
1446 2214 1679 2281 Δόξασόν
1725 2233 1820 2268 σου
1871 2216 1974 2270 τὸν

376 2302 524 2362 Υίὸν,
554 2303 641 2355 ἴνα
672 2304 764 2356 καὶ
802 2304 831 2356 ὁ
868 2303 997 2367 Υἱός
1026 2321 1120 2357 σου
1151 2304 1353 2376 δοξάσῃ
1390 2322 1470 2357 σε.
1497 2324 1516 2357 ι
1562 2306 1652 2369 Ὠς
1685 2306 1752 2360 ἀν
1781 2307 1964 2360 τοίνυν

370 2398 575 2466 νοήσῃς
602 2394 686 2460 τὸ,
727 2415 746 2447 ι
769 2396 977 2467 Ἰησοῦς
1009 2395 1162 2449 οὔπω
1206 2396 1489 2468 ἐδοξάσθη.
1521 2417 1540 2450 ι
1575 2397 1749 2462 οὔτως
1781 2400 1847 2453 ἂν
1873 2402 1966 2454 ἐκ·

371 2487 560 2552 λάϐοις
593 2489 674 2550 τὸ,
716 2506 734 2539 ι
762 2487 932 2542 Οὔπω
972 2484 1041 2560 ἦν
1082 2488 1306 2560 Πνεῦμα
1340 2489 1530 2559 ἅγιον
1556 2509 1575 2542 ι
1628 2491 1751 2546 ἐπεὶ
1797 2492 1961 2563 μήγε,

374 2578 481 2633 κάν
530 2579 605 2651 μὴ
640 2580 705 2633 σὺ
748 2579 929 2652 λέξῃς.
966 2579 1195 2651 φανείης
1223 2581 1376 2634 οὐδὲν
1401 2576 1562 2653 ἦττον
1596 2581 1769 2646 οὔτως
1791 2582 1962 2654 ἔχων·

371 2669 567 2740 ὅτιπερ
614 2668 1047 2742 πρεσϐυτερεύει
1098 2670 1167 2722 τά
1228 2671 1335 2742 πρὸ
1397 2671 1493 2725 τοῦ
1542 2671 1716 2725 ταῦτα
1766 2673 1966 2727 οὑτωσὶ

373 2762 686 2834 φρασθῆναι
751 2762 846 2815 τοῦ
907 2762 1242 2828 πνεύσαντος
1308 2763 1448 2817 αὐτὰ
1496 2762 1714 2836 [2191)]
1780 2764 1963 2818 θεῖκοῦ

372 2854 719 2925 Πνεῦματος·
767 2847 921 2921 ᾧτινι
981 2854 1126 2925 λόγῳ
1176 2855 1267 2908 καὶ
1334 2855 1648 2927 ἀπόκρισιν,
1699 2856 1775 2920 ὡς
1835 2856 1966 2929 ψιλὴ

373 2947 586 3011 ἔννοια,
635 2947 697 3000 τὸ
751 2946 816 3018 δὴ
869 2947 1183 3016 λεγόμενον,
1248 2947 1513 3018 τρέχοντα
1562 2946 1963 3019 παρεξετάσαι,

376 3038 697 3111 ὑπερϐαίνει
741 3041 921 3093 πᾶσαν
977 3040 1360 3113 ἀναισθησίαν.
1398 3040 1639 3112 Ἑτέροις
1670 3041 1727 3094 δὲ
1767 3041 1962 3115 ἐνοήθη

374 3133 624 3205 εἰρῆσθαι·
660 3133 743 3195 τὸ,
785 3152 803 3183 ι
844 3132 1051 3203 Ἰησοῦς
1092 3132 1245 3187 οὔπω
1288 3133 1572 3204 ἐδοξάσθη,
1598 3153 1615 3185 ι
1656 3133 1688 3203 ἢ
1732 3133 1821 3187 διὰ
1866 3135 1965 3206 τὴν

372 3223 626 3296 δουλικὴν
682 3225 917 3296 μορφὴν,
976 3226 1041 3297 ἢν
1100 3224 1297 3295 ἔφερεν
1351 3224 1536 3287 αὐτὸς,
1578 3225 1660 3277 ὅτι
1710 3224 1865 3279 οὔπω
1895 3221 1964 3296 ἦν

2072 2027 2187 2095 ipso
2236 2039 2572 2083 mortuorum
2622 2031 3021 2085 multitudinem
3067 2035 3418 2100 excitaverat,
3458 2050 3561 2091 nec
3602 2036 3659 2091 in

2068 2124 2265 2177 coelum
2319 2135 2631 2194 assumptus
2686 2126 2883 2181 fuerat.
2937 2126 3187 2182 Nondum
3254 2130 3398 2183 cnim
3465 2146 3658 2185 omnes

2067 2198 2362 2266 credebant
2385 2230 2506 2268 eum
2525 2230 2646 2269 esse
2674 2214 2934 2271 dilectum
2973 2215 3064 2272 Dei
3095 2217 3313 2279 Filium.
3337 2229 3463 2274 ante
3485 2219 3653 2292 432

2070 2302 2263 2355 εωοιιιςι
2310 2305 2688 2368 exsistentem,
2726 2322 2790 2360 ac
2831 2307 3065 2361 nondum
3101 2309 3436 2377 glorificatus
3480 2309 3661 2365 fuerat

2072 2384 2127 2443 ut
2163 2390 2304 2446 Deus
2332 2405 2585 2462 patrum;
2632 2396 2684 2450 id
2740 2407 2843 2464 est,
2887 2399 3124 2451 nondum
3174 2398 3292 2467 ejus
3338 2399 3662 2469 gloritlcatio

2071 2482 2272 2551 ubique
2318 2483 2495 2539 fuerat
2529 2486 2789 2541 stabilita.
2822 2487 3004 2555 Quare
3040 2490 3175 2543 dixit
3209 2500 3394 2560 postea
3433 2515 3446 2544 :
3483 2510 3503 2543 ι
3558 2492 3663 2546 Pa—

2070 2580 2151 2627 ter
2177 2571 2315 2644 (96),
2343 2575 2490 2629 venit
2507 2576 2636 2630 hora
2663 2593 2677 2631 :
2700 2595 2718 2629 ι
2749 2578 2801 2631 id
2827 2587 2929 2642 est,
2955 2579 3303 2648 Qua-cunque
3326 2581 3394 2635 de
3418 2596 3505 2637 me
3526 2597 3555 2635 a
3580 2584 3662 2637 di-

2067 2665 2207 2720 vinis
2247 2659 2677 2737 induhitatisque
2732 2670 3031 2736 Scripturis
3081 2674 3444 2741 prrenuutiata
3481 2673 3657 2740 fuere,

2063 2755 2175 2824 jam
2227 2756 2494 2825 completa
2563 2769 2729 2812 sunt:
2769 2777 2788 2810 ι
2824 2758 3085 2815 Gloriiica
3134 2760 3331 2815 Filium
3380 2774 3553 2829 tuum,
3602 2772 3663 2819 ut

2068 2858 2121 2901 et
2156 2848 2325 2902 Filius
2358 2861 2480 2904 tuus
2506 2849 2770 2921 glorificet
2800 2862 2872 2907 te.
2964 2853 3082 2921 Quo
3121 2871 3283 2911 sensu
3319 2858 3484 2928 igitur
3514 2862 3664 2925 ac,ci-

2069 2939 2154 3008 pis
2193 2939 2346 3005 illud,
2384 2959 2403 2993 ι
2435 2939 2596 2995 Jesus
2626 2945 2863 2997 nondum
2904 2945 3238 3014 glorificatus
3277 2948 3475 3018 fuerat,
3517 2971 3537 3003 ι
3570 2968 3664 3007 co-

2070 3026 2193 3080 dem
2232 3027 2472 3097 intellige
2508 3040 2563 3084 et
2587 3028 2742 3094 illud,
2772 3047 2791 3080 ι
2833 3028 3080 3085 Nondum
3118 3045 3236 3088 erat
3263 3033 3498 3105 Spiritus
3528 3053 3662 3093 sau-

2070 3127 2210 3173 ctus.
2249 3137 2269 3170 ι
2304 3119 2558 3188 Alioquin
2607 3136 2785 3175 nonne
2814 3121 2942 3175 illud
2995 3123 3310 3191 imprudens
3358 3128 3545 3183 dicere
3572 3131 3661 3183 vi»

2071 3212 2309 3278 deberis,
2343 3211 2486 3282 quod
2539 3226 2608 3266 ne
2655 3221 2707 3266 ιιι
2754 3214 2971 3281 quidem
3019 3215 3120 3280 ais,
3156 3233 3218 3272 ea
3265 3218 3491 3277 scilicet.
3538 3236 3664 3291 qua:

375 3315 748 3387 ἀναϐεϐηκυῖα
800 3317 880 3378 είς
927 3316 1216 3386 οὐρανοὺς,
1263 3315 1490 3387 ἀπαρχὴ
1539 3317 1807 3388 γενομένη
1853 3323 1963 3383 τοῖς

2077 3316 2367 3361 narrantur
2393 3314 2520 3359 ante
2551 3305 2695 3359 hunc
2722 3317 2951 3371 textum,
2990 3326 3009 3359 ι
3050 3308 3294 3364 Nondum
3324 3322 3445 3366 erat
3480 3283 3663 3384 Spiri-

376 3411 587 3473 πιστοῖς
623 3410 723 3479 τῆς
753 3426 811 3461 τε
849 3409 1014 3480 ἄλλης
1044 3410 1225 3480 πάσης
1266 3409 1674 3481 μακαριότητος
1702 3413 1796 3465 καὶ
1839 3413 1966 3483 μέν·

371 3518 457 3554 τοι
490 3502 583 3555 καὶ
622 3501 723 3571 τῆς
753 3503 833 3565 εἰς
862 3503 1123 3569 οὐρανοὺς
1165 3500 1353 3554 ἀνόδου
1400 3500 1645 3573 (ἀπαρχὴ
1682 3499 1790 3572 γὰρ
1826 3501 1964 3570 Χρι-

377 3593 509 3655 στὸς
560 3592 638 3656 ὡς
699 3592 959 3664 ἀνωτέρω
1024 3592 1298 3663 εἴρηται)·
1348 3592 1380 3662 ἦ
1433 3593 1498 3645 δι’
1550 3594 1729 3663 ἡμᾶς,
1782 3586 1968 3663 ὦνπερ

375 3683 600 3756 ἀπαρχὴ
633 3684 775 3739 κατὰ
804 3684 902 3756 τὴν
937 3684 1349 3756 ἐνανθρὼπησιν
1380 3685 1543 3749 αὐτὸς
1584 3680 1725 3738 εἶναι
1761 3684 1968 3755 γέγρα-

376 3792 537 3829 πται·
574 3776 635 3830 ὃν
667 3777 866 3850 τρόπον
908 3778 1153 3849 εἴρηται·
1196 3796 1216 3830 ι
1259 3776 1401 3847 Ἐγὼ
1446 3775 1660 3846 ἁγιάζω
1696 3777 1960 3849 ἐμαυτὸν,

375 3871 463 3923 ἴνα
489 3865 623 3926 ὦσιν
652 3872 747 3925 καὶ
783 3870 937 3924 αὐτοὶ
965 3872 1291 3943 ἡγιασμένοι
1322 3864 1380 3925 ἐν
1416 3872 1647 3944 ἀληθείᾳ
1666 3888 1679 3900 ·
1704 3892 1722 3924 ι
1766 3872 1859 3925 καὶ
1889 3873 1965 3935 ὡς

377 3962 588 4027 Παῦλος
634 3962 1008 4034 συνομολογῶν
1051 3963 1391 4017 ἐπιστέλλειο
1428 3982 1448 4014 ι
1487 3965 1819 4035 Συνήγειρεν
1867 3965 1965 4018 καὶ

378 4054 729 4111 συνεκάθισεν
774 4059 835 4110 ἐν
879 4059 993 4121 τοῖς
1042 4055 1387 4129 ἐπουρανίοις
1435 4057 1583 4126 ἡμᾶς
1639 4058 1697 4108 ἐν
1742 4054 1965 4126 Χριστῷ

386 4147 593 4217 Ἰησοῦ
624 4169 643 4202 ι
683 4151 779 4202 καὶ
821 4148 1016 4203 πάλιν⁸
1058 4168 1076 4202 ι
1111 4147 1302 4221 Ἠμῶν
1346 4147 1403 4201 δὲ
1449 4148 1509 4200 τὸ
1558 4146 1861 4218 πολίτευμα
1908 4149 1966 4199 ἐν

375 4241 624 4311 οὐρανοῖς
651 4241 906 4314 ὑπάρχει.
921 4260 941 4292 ι

2078 3411 2163 3455 tus
2193 3407 2435 3461 sanctus,
2472 3418 2491 3450 ι
2540 3400 2813 3454 anteriora
2858 3415 3001 3465 esse,
3046 3418 3109 3455 ac
3147 3402 3311 3457 veluti
3358 3407 3663 3461 vetustiora

2075 3494 2257 3547 divino
2287 3490 2516 3562 Spiritu,
2547 3507 2656 3562 quo
2696 3490 2912 3548 aﬂlante
2953 3494 3041 3548 ille
3074 3505 3252 3550 textus
3281 3488 3517 3569 scriptus
3538 3500 3663 3554 est?

2074 3588 2225 3654 Quod
2269 3587 2312 3640 si
2348 3584 2470 3655 quis
2519 3587 2636 3640 haec
2680 3589 2906 3650 diceret,
2956 3589 3005 3641 ei
3042 3589 3123 3640 vel
3170 3601 3445 3653 currente,
3485 3604 3543 3646 ut
3580 3593 3663 3646 lo-

2073 3688 2336 3751 quuntur,
2372 3681 2586 3733 calamo
2645 3689 2704 3733 ut
2756 3681 2984 3749 simplex
3030 3683 3205 3737 currit
3241 3684 3521 3754 cogitatio,
3572 3702 3663 3741 re-

2073 3774 2343 3843 spondere
2381 3772 2757 3827 stultissimum
2795 3773 2953 3827 foret.
2993 3774 3097 3827 Alii
3129 3790 3254 3830 vero
3277 3780 3354 3831 sic
3389 3779 3661 3848 interpre—

2076 3867 2170 3919 tati
2203 3875 2332 3920 sunt
2380 3866 2543 3919 verba
2595 3865 2705 3929 illa,
2759 3885 2778 3917 ι
2841 3864 3002 3921 Jesus
3039 3871 3277 3922 nondum
3328 3870 3666 3941 glorilicatus

2076 3959 2275 4024 fuerat,
2313 3977 2333 4010 ι
2388 3968 2575 4011 utaut
2628 3960 2771 4013 dicta
2824 3963 2934 4014 sint
2974 3962 3046 4015 ob
3097 3963 3348 4017 servilem
3407 3963 3663 4032 formam,
3754 3958 3775 3984 ⁵

2075 4068 2237 4123 quam
2267 4052 2382 4121 ipse
2429 4052 2699 4122 gestabat,
2750 4054 2875 4123 quia
2928 4055 3163 4108 nondmn
3216 4056 3330 4109 hanc
3380 4056 3433 4109 in
3494 4057 3664 4113 ccelos

2078 4145 2434 4205 ascenderat.
2501 4161 2602 4200 nec
2667 4145 2916 4200 fidelibus
2986 4148 3240 4214 primitia:
3313 4148 3428 4219 (97)
3483 4150 3664 4203 adhuc

2077 4238 2217 4292 facta
2262 4246 2384 4291 erat
2439 4251 2563 4290 cum
2618 4236 2858 4306 cujusvis
2914 4237 3143 4292 alterius
3186 4238 3483 4305 felicitatis,
3546 4249 3662 4292 tum

374 4337 539 4391 etiam
594 4338 931 4392 ascensionis
981 4337 1036 4391 in
1102 4334 1326 4397 caelos;
1393 4349 1519 4390 nam
1589 4332 1842 4405 primitiae
1873 4344 1956 4387 est
1994 4331 2265 4394 Christus,
2326 4340 2384 4385 ut
2451 4331 2702 4401 superius
2762 4330 2876 4405 (98)
2911 4332 3063 4388 dixi:
3104 4344 3199 4389 aut
3255 4345 3313 4389 ut
3364 4333 3510 4391 dicta
3551 4338 3662 4389 sint

377 4440 599 4497 propter
630 4444 749 4493 nos,
779 4444 1015 4497 quorum
1050 4430 1304 4498 primitiae
1333 4431 1451 4500 ipse
1487 4429 1689 4485 dicitur
1713 4429 1767 4482 in
1802 4427 2101 4498 Scripturis
2165 4436 2433 4497 quatenus
2496 4429 2551 4481 in
2597 4443 2760 4483 carne
2828 4433 3107 4505 exsistens
3139 4450 3154 4485 :
3197 4447 3306 4500 quo
3369 4446 3530 4485 sensu
3577 4433 3663 4483 di-

376 4532 522 4577 ctum
565 4524 702 4581 fuit:
737 4543 757 4576 ι
802 4527 913 4595 Ego
958 4526 1073 4595 (99)
1103 4527 1388 4583 sanctifico
1416 4542 1501 4580 me
1544 4527 1721 4596 ipsum
1751 4536 1811 4580 ut
1856 4524 1964 4581 sint
2001 4535 2058 4579 et
2116 4525 2215 4593 ipsi
2286 4523 2613 4580 sanctilicati
2649 4527 2702 4579 in
2745 4526 3001 4589 veritate;
3037 4543 3056 4575 ι
3091 4534 3147 4578 et
3174 4523 3367 4576 Paulus
3411 4523 3496 4576 his
3531 4538 3663 4576 con-

376 4628 636 4673 sentanea
663 4622 908 4677 scribens
932 4622 1008 4675 ait
1039 4640 1052 4676 :
1088 4639 1107 4673 ι
1145 4620 1607 4678 Conresuscitarit
1646 4619 1725 4690 (li
1791 4629 1845 4673 et
1910 4619 2204 4674 consedere
2248 4619 2376 4675 fecit
2448 4619 2503 4671 in
2545 4618 2855 4675 caelestibus
2904 4634 3003 4674 nos
3047 4618 3104 4671 in
3159 4616 3378 4671 Christo
3441 4616 3599 4682 Jesu;
3635 4637 3657 4670 ι

377 4722 435 4768 et
476 4729 666 4768 rursus
697 4731 712 4767 :
746 4732 765 4765 ι
799 4713 995 4769 Nostra
1040 4714 1120 4786 (2)
1159 4725 1338 4768 autem
1388 4714 1732 4768 conversatio
1769 4712 1821 4765 in
1856 4712 2013 4766 cmlis
2048 4719 2153 4766 est.
2186 4730 2207 4762 ι

1011 4807 1168 4860 ΚΕΦ.
1203 4802 1329 4859 AE'.

2660 4801 2812 4859 CAP.
2863 4800 3081 4858 XXXV.

449 4896 565 4951 Οὔκ
609 4895 723 4969 ἔχει
770 4898 957 4963 αὐτοῖς
994 4898 1167 4969 ὑγιῶς
1197 4897 1293 4953 καὶ
1320 4895 1382 4950 τὸ
1415 4893 1618 4965 Παύλῳ
1671 4893 1963 4967 Ῥωμαίοις

2145 4897 2224 4953 Ne
2249 4895 2378 4950 illud
2412 4892 2630 4965 quidem
2659 4910 2795 4951 sano
2818 4911 2979 4950 sensu
3026 4891 3332 4963 intelligunt
3358 4893 3503 4962 quod
3528 4892 3667 4952 Pau-

376 5081 705 5138 scientibus:
744 5099 764 5134 ι
804 5081 900 5149 Qui
957 5081 1166 5137 ienim.
1210 5080 1315 5144 ait,
1363 5096 1383 5130 ι
1420 5093 1508 5149 me
1540 5077 1667 5130 vidit
1694 5117 1711 5138 ,
1746 5078 1879 5149 vidit
1908 5086 1963 5149 et

377 5154 631 5208 Patrem;
651 5151 699 5224 ι]
726 5146 882 5207 Pater
908 5168 1125 5224 quoque
1152 5150 1401 5204 revelaus
1427 5148 1623 5203 Filium
1653 5149 1738 5202 his
1762 5146 1851 5224 qui
1891 5148 1960 5201 ad

375 5224 579 5280 calcem
608 5220 852 5278 scientiae
883 5220 1164 5289 pervenire
1205 5230 1543 5283 meruerunt,
1583 5238 1601 5270 ι
1640 5228 1697 5271 et
1728 5220 1957 5283 reliqua.

454 5295 566 5365 (91)
606 5293 713 5347 Per
751 5293 1342 5365 spiritaliaicertamina
1375 5292 1714 5365 comparatis.
1752 5290 1958 5365 tlpdex,

378 5366 438 5418 ἐν
463 5360 719 5432 ἀγωνίοις
742 5365 982 5435 ἀρεταῖς.
1025 5363 1202 5415 Malim
1216 5380 1241 5435 _:
1276 5360 1590 5428 ἐναγωνίοις
1620 5360 1865 5430 ἀρεταῖς.

455 5431 568 5508 (θὲλ)
607 5431 863 5508 Accipite.
892 5432 1046 5508 Joan.
1087 5449 1187 5508 xx,
1678 5462 1683 5467 ι

452 5502 566 5571 (De)
609 5502 876 5570 Seditque.
921 5507 1041 5557 Act.
1072 5520 1133 5566 ιι,
1159 5502 1213 5564 5,
1249 5503 1303 5557 ιι.

453 5504 543 5571 (De
609 5505 876 5570 Seditque.
921 5507 1041 5557 Act.
1072 5520 1133 5566 ιι,
1159 5504 1213 5564 5,
1249 5504 1303 5557 ιι.

453 5504 566 5648 (94)
620 5574 723 5648 γορ
747 5592 894 5648 ivero.
935 5576 1058 5628 Aet.
1091 5590 1132 5639 ι,
1174 5573 1230 5627 8.
1267 5574 1454 5630 Graeca
1487 5571 1655 5625 editio
1686 5586 1783 5639 pro
1805 5570 1966 5641 ὑμεῖς

377 5646 441 5702 δέ
466 5646 645 5700 habet
676 5646 833 5698 ἀλλά.
1666 5657 1679 5699 ι

452 5717 567 5788 (95)
607 5714 861 5769 Nondum
890 5724 1250 5788 manserat.
1277 5714 1493 5788 _E_odem
1536 5711 1699 5765 modo
1745 5708 1968 5788 Joan_n_is

381 5780 812 5856 \‘erlia'explicat
838 5780 899 5840 in
946 5786 1039 5839 Ιιι).
1073 5784 1149 5837 De
1193 5784 1400 5853 Spiritu
1442 5795 1623 5856 sancto
1666 5797 1844 5856 puni,
1872 5780 1962 5856 34,

386 5859 474 5912 ubi
513 5852 798 5927 postquam
832 5872 894 5910 ea
930 5855 1195 5916 recitavut,
1236 5852 1557 5927 subiungit:
1598 5868 1619 5901 ι
1655 5852 1965 5927 Gloriiicari

384 5923 567 5984 dicens
601 5923 819 5992 Iesum,
859 5937 1085 5981 mortem
1119 5937 1337 5995 gustare
1386 5923 1540 5995 feud.
1585 5923 1775 5978 muter
1808 5945 1817 5976 ;
1866 5937 1965 5985 gu-

2066 5086 2286 5130 stantem

2066 5075 2315 5147 stantem]
2383 5090 2482 5139 pro
2525 5075 2757 5128 cunctis.
2803 5075 2993 5141 Itaque
3038 5081 3161 5141 post
3206 5075 3662 5128 resurrectionem

2065 5161 2336 5216 apparens
2381 5146 2660 5211 discipulis
2707 5145 2821 5199 suis
2845 5183 2870 5216 ,Α
2914 5153 2970 5198 et
3003 5140 3301 5216 insufflaus
3357 5143 3410 5196 in
3468 5144 3662 5197 faciem

2066 5212 2278 5283 eorum,
2331 5234 2351 5269 ι
2407 5216 2672 5283 Accipite,
2725 5214 2939 5282 inquit,
2997 5212 3261 5283 Spiritum
3308 5226 3581 5268 sanctum.
3636 5231 3658 5263 ι

2070 5287 2137 5340 Et
2182 5302 2399 5341 rursum
2442 5305 2457 5340 :
2509 5282 2868 5353 c’Aecipietis
2898 5285 3154 5338 virtutem
3195 5282 3442 5353 Spiritus
3482 5284 3662 5339 sancti

2069 5358 2338 5412 venientis
2367 5372 2543 5425 superi
2564 5371 2685 5409 vos.
2725 5375 2745 5407 ι

2138 5427 2255 5497 (96)
2293 5424 2479 5481 Pater.
2517 5424 2675 5497 Juau.
2711 5441 2845 5497 xvn,
2878 5425 2931 5481 Ι.

2166 5497 2259 5566 97)
2287 5497 2572 5552 Primitiae.
2607 5496 2683 5550 Ex
2726 5496 2742 5549 Ι
2798 5497 2923 5553 Cor.
2955 5509 3045 5555 xv,
3076 5495 3149 5549 90
3174 5501 3231 5549 et
3261 5492 3355 5548 25.

2168 5568 2257 5639 98)
2299 5568 2572 5639 Sttperitts.
2618 5567 2749 5622 Vide
2776 5581 2948 5639 segni.
2984 5566 3088 5621 165
3116 5566 3169 5621 b.

2171 5637 2264 5711 99⁷)
2294 5637 2442 5711 ΑΕᾳο.
2482 5637 2641 5692 Joan.
2677 5653 2825 5711 X_Vlt_,_
2844 5637 2931 5711 19.

2175 5704 2254 5779 1)’
2277 5704 2745 5779 ϐοὴνεειιερὶιιιυὶι.
2784 5705 2982 5779 Epltes.
2998 5721 3079 5779 Δ11,
3390 5772 3416 5779 η

2146 5771 2504 5851 (ξὶνΝοειιοα.
2532 5778 2762 5847 Philipp.
2817 5771 2900 5843 ιίι,
2952 5775 3044 5829 20.
3098 5771 3289 5828 Gnaeo
3334 5772 3526 5839 elitio,
3556 5772 3669 5850 γάρ

2077 5850 2174 5921 pro
2206 5850 2285 5906 δέ.

2383 5090 2482 5155 pro
2502 5074 2757 5155 ncunctis.
2779 5071 2993 5155 _ltaque
3019 5074 3664 5155 .postnrcsurrectioneu:
