4034 6448
435 456 536 512 965

1728 437 1966 493 DIDYMI
2007 435 2477 492 ALEXANDRINI

3613 436 3723 492 966

438 585 524 625 .us
563 567 628 622 ad
670 565 945 622 Romanos
993 563 1248 632 scripsit:
1289 579 1307 611 ι
1348 560 1464 630 Ipse
1513 557 1748 628 Spiritus
1797 559 1875 628 (5)
1903 560 2014 628 ’ρο-

2123 557 2348 627 γραφὲν,
2376 556 2477 607 ὅτι·
2509 573 2524 602 ι
2549 551 2689 604 Δὺτὸ
2724 551 2785 603 τὸ
2811 552 3036 623 Πνεῦμα
3064 552 3540 623 ὑπερεντυγχάνει
3573 556 3721 628 ὑπὲρ

437 661 603 715 stulat
656 675 753 730 pro
805 658 958 712 nobis
1019 657 1307 726 gemitibus
1369 652 1866 709 iuenarrabilibus:
1922 649 2013 717 qui

439 763 619 808 autem
648 758 925 805 scrutatur
956 745 1140 812 corda,
1186 747 1287 801 scit
1312 745 1440 813 quid
1468 743 1742 797 desideret
1783 740 1861 809 (4)
1893 738 2015 808 Spi-

441 845 601 909 ritus,
630 841 756 911 quia
799 839 877 912 (5)
927 838 1221 893 secundum
1256 837 1425 890 Deum
1459 834 1695 904 postulat
1738 847 1836 901 pro
1884 846 2014 884 san-

440 935 564 990 ctis.
604 953 622 986 ι
665 933 798 986 Nam
844 946 974 986 voce
1007 930 1095 984 illa
1140 947 1159 977 ι
1207 925 1665 982 ineuarrabilibus
1736 941 1756 973 ι
1793 921 2012 990 potissi-

446 1040 592 1079 mum
645 1023 992 1093 signiﬁcavit,
1049 1020 1448 1087 investigandas
1488 1032 1594 1070 non
1648 1028 1772 1069 esse
1826 1013 2014 1081 hujus-

441 1115 588 1170 modi
625 1130 712 1168 res
740 1133 753 1178 ;
797 1112 953 1182 quasi
987 1111 1190 1166 diceret
1218 1129 1230 1162 :
1266 1104 1841 1176 lucomprehensibiles
1869 1111 2016 1156 -suut

439 1214 494 1260 ct
519 1203 837 1258 iueﬂabiles.
866 1201 1057 1256 Verbis
1100 1213 1228 1254 vero
1266 1197 1371 1250 illis
1407 1214 1425 1246 ι
1452 1195 1748 1250 secundum
1778 1191 1944 1245 Deum
1991 1207 2010 1240 ι

439 1299 666 1364 indicat,
701 1296 1136 1366 postulationem,
1163 1294 1230 1348 de
1260 1308 1364 1362 qua
1407 1291 1666 1360 loquitur,
1708 1287 1871 1360 433
1915 1302 2015 1340 no-

440 1401 568 1445 stra:
590 1387 820 1442 similem
853 1402 959 1440 non
993 1400 1136 1448 esse,
1175 1398 1354 1452 neque
1396 1383 1510 1436 haec
1539 1381 1694 1448 juxta
1721 1378 2017 1432 humanam

440 1480 884 1536 consuetudinem
932 1477 1102 1546 accipi
1143 1476 1377 1538 debere;
1413 1481 1674 1542 superant
1720 1471 1863 1524 enim
1901 1483 2019 1522 om-

440 1590 560 1628 nem
613 1582 869 1634 mentem,
924 1581 980 1624 et
1023 1569 1291 1622 sermonis
1339 1565 1414 1634 (6)
1467 1576 1713 1618 naturam
1761 1569 2013 1631 arguunt.

439 1663 641 1718 Deinde
683 1679 786 1715 non
827 1661 965 1714 dixit
1014 1658 1276 1722 absolute,
1352 1654 1618 1721 Postulat,
1660 1661 1774 1715 aut,
1824 1651 2017 1704 Postu-

440 1754 512 1809 lat
538 1764 725 1808 contra
765 1768 882 1819 nos,
933 1761 988 1805 et
1040 1757 1231 1803 contra
1273 1756 1509 1807 sanctos,
1561 1745 1678 1808 scd,
1711 1763 1729 1796 ι
1770 1741 2019 1798 Postulat

439 1859 536 1914 pro
588 1843 763 1904 nobis,
819 1859 839 1893 ι
887 1851 989 1895 ει(
1038 1854 1135 1908 pro
1173 1837 1396 1893 sanctis.
1443 1855 1462 1889 ι
1519 1834 1754 1904 Spiritus
1800 1831 2016 1902 quidem

2116 650 2272 720 ἡμῶν
2297 650 2619 718 στεναγμοῖς
2653 647 2972 716 ἀλαλήτοις·
3007 647 3037 698 6
3071 647 3128 699 δὲ
3167 647 3400 718 ἐρευνῶν
3424 647 3537 711 τὰς
3568 666 3717 720 καρ-

2122 743 2240 805 δίας
2302 737 2485 805 οἶδεν,
2534 740 2588 793 τί
2639 739 2701 792 τὸ
2747 739 3005 809 φρόνημα
3053 737 3148 790 τοῦ
3202 738 3533 808 Πνεῦματος
3562 782 3579 805 ,
3637 741 3723 793 ὅτι

2115 832 2255 887 κατὰ
2289 833 2419 886 Θεὸν
2463 831 2778 900 ἐντυγχάνει
2827 829 2967 900 ὑπὲρ
3006 829 3239 897 ἁγίων.)
3289 830 3558 884 Μάλιστα
3608 831 3721 903 γὰρ

2114 924 2356 992 ἐσήμηνε
2402 919 2480 991 τῷ
2527 920 2669 990 ἔχειν
2724 937 2742 970 ι
2771 917 3084 989 ἀλαλήτοις,
3126 937 3145 970 ι
3201 918 3276 990 μὴ
3313 919 3614 989 ζητεῖσθαι
3653 921 3722 972 τά

2113 1015 2363 1067 τοιαῦτα·
2397 1013 2757 1083 ἀκατάληπτα
2795 1012 2924 1084 γὰρ,
2951 1013 3140 1081 φησὶν,
3171 1012 3264 1065 καὶ
3296 1011 3602 1084 ἄφραστα*
3642 1011 3723 1080 τῷ
3792 1037 3796 1042 -

2114 1106 2172 1159 δὲ
2208 1105 2356 1175 ἔχειν
2400 1125 2418 1156 ι
2461 1105 2599 1157 κατὰ
2647 1104 2801 1168 Θεὸν,
2831 1123 2849 1154 ι
2886 1104 2961 1174 μὴ
2997 1103 3122 1156 καθ’
3160 1105 3308 1174 ἡμᾶς
3334 1102 3479 1157 εἶναι
3511 1103 3720 1166 ταῦτα,

2119 1198 2254 1268 μηδὲ
2303 1201 2503 1270 χρῆναι
2554 1197 2797 1250 νοεῖσθαι
2853 1196 2993 1250 κατὰ
3043 1197 3143 1268 τὴν
3175 1197 3539 1270 ἀνθρωπίνην
3593 1214 3723 1250 συν-

2115 1287 2334 1358 ήΘειαν·
2369 1288 2626 1358 ὑπερέχει
2666 1288 2778 1358 γὰρ
2818 1288 2996 1342 πάντα
3035 1287 3160 1342 νοῦν
3201 1288 3296 1340 καὶ
3337 1288 3504 1356 λόγου
3550 1289 3723 1358 φύσιν

2116 1380 2346 1450 ἐλέγχει.
2393 1383 2622 1432 Ἔπειτα
2679 1381 2781 1433 οὐκ
2853 1376 3010 1432 εἶπεν
3072 1379 3540 1450 ἀπολελυμένας,
3594 1382 3724 1434 Ἑν·-

2116 1474 2405 1542 τυγχάνει,
2452 1472 2485 1543 ἢ
2545 1472 2971 1541 κατεντυγχάνει
3027 1472 3148 1524 καθ’
3189 1472 3366 1542 ἡμῶν.
3415 1474 3520 1526 καὶ
3572 1473 3722 1526 κατὰ

2119 1563 2238 1636 [ΞΗ
2259 1563 2315 1633 a]
2340 1564 2512 1632 ἁγίων
2530 1581 2544 1594 ο
2569 1565 2708 1629 ἀλλ’,
2739 1582 2756 1613 ι
2791 1564 3276 1634 Ὑπερεντυγχάνει
3303 1564 3444 1636 ὑπὲρ
3475 1565 3671 1636 ἡμῶν,
3695 1586 3713 1616 ι

2117 1657 2240 1719 καὶ,
2287 1675 2306 1706 ι
2339 1657 2484 1726 ὑπὲρ
2531 1655 2722 1724 ἁγίων.
2751 1676 2769 1707 ι
2826 1656 2931 1708 Τοῦ
2985 1656 3139 1724 ἁγίου
3187 1657 3506 1727 [Ινεύματος
3557 1657 3717 1716 ἴδιον,

2117 1746 2192 1809 ὡς
2233 1745 2389 1810 Θεοῦ,
2431 1747 2492 1799 τὸ
2522 1745 2923 1816 φιλάνθρωπον.
2960 1747 3148 1816 Ὅμως
3197 1747 3383 1818 ἐπειδὴ
3425 1746 3580 1801 κατὰ
3623 1747 3719 1801 ἄν·

2119 1837 2336 1909 Θρωπον
2385 1837 2590 1901 ταῦτα,
2643 1839 2736 1891 καὶ
2788 1838 2850 1890 οὑ
2899 1835 3252 1908 θεοπρεπῶς,
3308 1837 3717 1907 προφέρουσιν,

436 1935 636 1996 sancti,
663 1942 848 2001 utpote
877 1930 998 1996 Dei,
1032 1929 1310 1999 proprimn
1344 1937 1449 1993 est,
1497 1937 1556 1980 ut
1587 1926 1658 1980 sit
1679 1939 1806 1994 erga
1839 1923 2018 1977 homi-

2123 1929 2414 1998 γνώτωσαν
2445 1930 2544 2000 ὸψέ
2573 1928 2704 1998 γοῦν
2754 1945 2904 1989 ποτε,
2950 1930 3025 1992 ὼς
3067 1930 3305 1998 ἐντυχεῖν
3345 1929 3439 1981 καὶ
3476 1929 3542 1982 τὸ
3587 1945 3720 1982 σκο-

437 2039 535 2078 ncs
572 2023 858 2092 benignus,
887 2031 942 2074 et
971 2020 1193 2072 humani
1240 2017 1454 2087 generis
1493 2030 1704 2070 amans.
1750 2014 2015 2080 Quoniam

436 2121 615 2168 tamen
646 2115 757 2168 haec
790 2112 1066 2182 proferunt
1103 2110 1259 2181 quasi
1292 2115 1532 2163 humano
1563 2120 1714 2160 more
1733 2105 2011 2174 accipien-

436 2208 502 2260 da
530 2209 660 2272 siut,
702 2221 806 2261 non
834 2220 964 2260 vero
991 2220 1058 2258 eo
1095 2220 1256 2259 sensu
1289 2205 1379 2272 qui
1414 2202 1522 2254 Deo
1563 2201 1757 2270 dignus
1785 2199 1878 2264 sit,
1920 2214 2017 2252 uo-

439 2299 550 2352 rint
593 2297 811 2351 tandem
861 2296 1150 2366 aliquando
1178 2295 1342 2348 verbo
1371 2294 1611 2362 ἐντυχεῖν
1641 2293 1800 2345 etiam
1841 2307 1860 2341 ι
1889 2305 2019 2344 con-

441 2388 719 2441 siderandi
771 2408 790 2440 ι
825 2401 891 2440 ac
933 2403 952 2436 ‹
985 2384 1316 2455 ξερεουιθηάἰ
1355 2402 1373 2434 ι
1414 2383 1855 2452 signiﬁcationem
1892 2379 2020 2434 sub—

435 2493 576 2533 esse.
601 2477 675 2531 lta
690 2477 917 2545 exempli
935 2477 1105 2546 gratia
1124 2476 1306 2530 dicere
1322 2475 1700 2528 consuevimus
1724 2493 1736 2527 :
1759 2471 2016 2542 ἐνέτυχον

437 2574 504 2642 τῇ
535 2570 722 2640 βίϐλῳ,
755 2571 805 2624 id
845 2579 951 2634 est,
976 2578 1208 2621 versatus
1241 2583 1357 2621 sum
1409 2568 1465 2619 in
1510 2565 1666 2618 libro.
1715 2565 1893 2634 Atque
1917 2564 2020 2620 hoc

439 2677 602 2715 sensu
637 2661 711 2731 (7)
747 2661 918 2728 magis
949 2658 1170 2729 proprie
1220 2656 1508 2710 adhibetur
1563 2654 1785 2709 verbum
1829 2655 2021 2722 ἐντυγ-

438 2751 628 2821 χάνειν
657 2767 670 2780 ’
705 2766 828 2804 nam
863 2749 1212 2803 libidinosum
1237 2748 1398 2802 etiam
1423 2761 1770 2815 congressum
1801 2747 2017 2815 quidam

438 2850 638 2898 vocant
665 2839 928 2903 ἔντευξιν.
961 2842 1030 2894 At
1077 2839 1367 2908 postulatio
1405 2839 1604 2892 rectius
1641 2838 2020 2907 designaretur

438 2931 606 2986 verbo
641 2930 992 3002 αἰτήσασθαι,
1043 2946 1206 2999 quam
1253 2930 1517 2999 ἐντυχεῖν.
1559 2927 1805 2982 Gemitus
1838 2937 2016 2981 autem

439 3024 530 3079 hic
559 3023 933 3078 miserationes
963 3022 1114 3077 dicit.
1147 3021 1239 3074 Ait
1271 3035 1400 3091 ergo
1435 3039 1448 3074 :
1496 3019 1732 3090 Spiritus
1757 3020 1852 3074 Dei
1891 3033 2019 3087 spe-

439 3115 653 3170 culatur
677 3129 797 3184 quae
825 3123 951 3168 sunt
978 3129 1075 3184 pro
1111 3113 1288 3178 nobis,
1333 3112 1774 3167 miserationibus
1813 3110 2018 3165 incom-

440 3207 914 3278 prehensibilibus.
949 3205 1085 3260 Nam
1125 3207 1227 3260 hoc
1256 3205 1443 3266 etiam,
1484 3205 1628 3273 quod
1662 3203 1891 3274 mystice
1939 3203 2019 3258 sic

440 3301 642 3353 dictum
675 3299 796 3364 fuit,
835 3307 1100 3354 creaturae
1127 3309 1377 3352 naturam
1412 3305 1467 3352 et
1517 3296 1880 3351 conditionem
1919 3310 2016 3348 ex-
2049 3270 2094 3332 ο

439 3391 605 3455 cedit,
642 3390 767 3460 quia
814 3391 998 3444 statim
1049 3388 1247 3444 Paulus
1300 3390 1408 3443 Deo
1457 3388 1700 3441 cordium
1753 3386 2015 3455 cognitori

443 3493 697 3551 tanquam
733 3481 936 3551 aliquid
967 3497 1220 3551 magnum
1260 3482 1362 3536 hoc
1387 3479 1596 3542 tribuit,
1635 3479 1780 3548 quod
1808 3485 2013 3540 noscat,

446 3593 466 3626 ι
498 3575 627 3642 quid
672 3576 846 3642 sapiat
894 3573 1029 3643 (aut,
1099 3569 1388 3642 desideret)
1439 3570 1676 3640 Spiritus
1725 3579 1966 3624 sanctus.
1995 3587 2013 3620 ι

441 3663 649 3719 Deinde
676 3679 808 3718 vero
837 3663 1007 3718 Filius
1035 3678 1253 3733 quoque
1298 3661 1459 3717 simili
1491 3661 1648 3716 modo
1679 3659 2019 3730 ἐντυγχάνει,

443 3756 495 3810 id
520 3763 624 3821 est,
669 3755 974 3824 speculatur
1004 3771 1098 3824 pro
1139 3754 1308 3818 nobis,
1351 3754 1452 3809 etsi
1488 3771 1507 3804 ι
1543 3769 1791 3822 magnus,
1834 3762 1889 3806 et
1930 3753 2020 3807 do-

441 3845 703 3910 minator,
731 3855 787 3899 et
821 3861 984 3900 verus
1024 3847 1166 3900 Deus
1215 3845 1318 3910 sit;
1367 3863 1387 3897 ι
1432 3860 1558 3898 nam
1607 3843 1676 3898 de
1703 3844 1794 3897 illo
1833 3844 2022 3898 scribit

443 3936 584 3989 idem
615 3934 904 4004 Apostolus
932 3935 997 3988 ad
1036 3934 1289 3990 Hebraeos
1315 3936 1534 4005 quidem
1573 3953 1586 3990 :
1623 3953 1641 3988 ι
1679 3934 1908 4004 Semper
1939 3935 2022 3988 vi-

443 4039 576 4079 vens
601 4022 788 4096 (8)ιείς
809 4023 869 4077 τὸ
898 4023 1266 4094 ἐντυγχάνειν,
1301 4025 1389 4096 (id
1417 4034 1502 4080 est
1533 4026 1600 4078 ad
1623 4025 2017 4092 speculandum,

442 4118 1118 4188 autiuterpellandum)pro
1146 4118 1277 4188 ipsis
1294 4116 1402 4188 (9th
1440 4133 1459 4168 ι
1483 4116 1548 4170 ad
1564 4115 1836 4170 Romanos
1857 4131 2022 4170 vero:

448 4230 468 4264 ι
515 4212 767 4267 Christus
817 4210 979 4266 Jesus
1010 4213 1124 4284 (10)
1176 4211 1267 4282 qui
1327 4219 1577 4264 mortuus
1613 4220 1718 4274 est,
1774 4211 1882 4263 imo
1933 4210 2024 4277 qui

443 4304 718 4358 excitatus
747 4313 829 4358 est
849 4318 878 4357 a
913 4303 1142 4358 mortuis
1170 4302 1305 4372 (ll),
1338 4302 1430 4370 qui
1456 4311 1539 4355 est
1568 4300 1620 4354 in
1655 4301 1878 4354 dextera
1908 4299 2020 4364 Dei,

444 4395 536 4462 qui
571 4395 733 4452 etiam
762 4392 1102 4466 ἐντυγχάνει,
1135 4395 1211 4466 (id
1234 4403 1338 4458 est,
1369 4393 1692 4463 speculatur,
1731 4401 1826 4446 aut
1856 4394 2026 4446 inter-

517 4617 595 4684 (5)
629 4618 750 4686 Ipse
775 4615 1028 4683 Spiritus.
1082 4616 1240 4686 Rom.
1285 4631 1406 4681 vm,
1434 4613 1525 4681 26,
1563 4614 1655 4671 27.

517 4683 595 4755 (4)
621 4683 759 4752 Quid
783 4687 1060 4740 desideret.
1097 4685 1230 4739 Vide
1256 4699 1370 4741 not.
1405 4686 1474 4739 84
1510 4701 1629 4755 pag.
1664 4683 1786 4739 169.

518 4753 595 4826 (5)
645 4758 805 4821 Quid.
844 4757 899 4809 In
941 4758 1033 4811 lib.
1070 4757 1143 4810 De
1177 4757 1381 4826 Spiritu
1404 4753 1762 4810 sancto—num.
1790 4753 1882 4816 27,
1923 4753 2019 4806 ali-

448 4826 530 4898 te'r
567 4826 790 4898 dictavit
836 4828 1113 4898 Didymus,
1158 4827 1202 4880 si
1237 4829 1377 4880 edita
1413 4827 1744 4893 exemplaria
1776 4831 2020 4898 spectes;

450 4897 648 4949 habent
680 4897 827 4950 enim
879 4915 899 4947 ι
936 4895 1208 4965 quomodo
1263 4915 1281 4948 ι
1318 4913 1415 4965 pro
1457 4915 1477 4946 ι
1506 4898 1654 4965 quia.
1693 4914 1712 4947 ι
1760 4897 1828 4949 At
1850 4895 2023 4947 codex

450 4975 636 5034 noster
665 4965 734 5018 ibi
765 4967 947 5031 habet,
979 4985 998 5016 ‹
1023 4967 1278 5034 quoniam
1309 4967 1604 5020 secundum
1643 4965 1810 5018 Deum
1837 4976 1990 5033 postu
2011 4990 2026 5002 ε

447 5033 535 5157 lat!
568 5050 664 5103 pro
705 5036 928 5089 sanctis.
966 5055 986 5086 ι
1036 5033 1114 5089 Ac
1160 5051 1343 5090 revera
1389 5038 1460 5089 ita
1503 5037 1700 5089 ibidem
1740 5035 2022 5105 legendum

449 5119 500 5157 Vl
539 5117 682 5157 etur.

449 5117 682 5159 thetur.

523 5174 600 5246 (6)
651 5173 954 5246 Sermonis.
981 5173 1039 5228 lu
1081 5173 1270 5246 Graaco
1311 5175 1578 5246 sententia
1605 5184 1688 5227 est
1712 5174 2024 5246 valde__per3

449 5242 630 5315 ple—Xa.
669 5243 751 5315 An
800 5245 1047 5297 eamdem
1075 5244 1279 5315 indicat
1307 5244 1540 5312 Spiritus
1570 5247 1742 5315 sancti
1770 5260 1836 5298 ac
1862 5242 2019 5297 Verbi

452 5313 738 5384 naturam?
766 5327 830 5384 a_c
855 5324 1146 5384 (utrumque
1185 5314 1343 5379 legati
1386 5329 1608 5368 munere
1653 5313 1839 5384 fungi,
1867 5323 1925 5368 ut
1951 5316 2027 5366 ait

453 5386 507 5439 in
535 5385 625 5437 lib.
664 5382 740 5436 De
771 5380 974 5450 Spiritu
1007 5380 1206 5445 sa’ncto,
1245 5400 1391 5436 num.
1426 5384 1538 5436 27?

522 5453 598 5524 (7)
635 5453 800 5520 Atque
832 5454 936 5524 Irae
959 5468 1178 5509 sensu...
1209 5470 1363 5522 quam
1393 5454 1652 5523 ἐντυχεῖν.
1680 5451 1779 5506 llic
1800 5451 1950 5507 locus
1971 5454 2023 5506 in

450 5521 636 5578 codice
663 5537 780 5575 mea
813 5521 1030 5590 quidem
1058 5521 1320 5591 sententia
1358 5524 1429 5576 ita
1464 5521 1792 5591 depravatus
1823 5533 1928 5580 est.
1967 5533 2025 5575 ut

451 5606 506 5648 et
535 5592 794 5646 nonnulla
818 5592 1062 5645 omiserit
1083 5590 1354 5655 librarius,
1381 5607 1504 5661 qua:
1525 5590 1771 5660 supplere
1794 5601 2026 5658 nequeat

452 5664 557 5717 nisi
587 5663 677 5730 qui
718 5662 958 5716 divinare
988 5661 1240 5725 voluerit,
1282 5672 1335 5716 et
1359 5664 1603 5730 quaedam
1641 5663 1805 5714 verba
1839 5676 2027 5730 perpe-

454 5747 570 5786 ram
603 5734 904 5800 scripserit.
944 5732 1205 5802 Equidcm
1239 5747 1336 5802 pro
1364 5731 1714 5784 αἰτιάσασθαι
1745 5731 2024 5802 legendum

452 5816 572 5855 esse
621 5802 947 5882 αἰτήσασθαι
981 5801 1087 5859 non
1124 5802 1309 5859 dubito
1333 5842 1349 5869 ,
1397 5819 1519 5858 cum
1559 5803 1626 5858 tle
1671 5801 2027 5872 postulatione

454 5885 632 5925 sermo
654 5880 742 5926 sit.

2121 2023 2292 2092 πῆσαι
2328 2021 2572 2089 λέγεται·
2614 2015 2726 2073 οἷον
2757 2021 2832 2083 ὡς
2859 2019 3132 2090 εἰώθαμεν
3170 2019 3382 2087 λέγειν·
3419 2022 3721 2093 Ἐνέτυχον

2119 2117 2185 2184 τῇ
2225 2113 2420 2183 βίϐλῳ·
2463 2113 2558 2166 καὶ
2601 2111 2763 2164 πλέον
2813 2109 2972 2164 τοῦτο
3019 2111 3369 2182 κυριωτέρως
3407 2113 3549 2183 φαίη
3594 2129 3711 2176 τις·

2117 2205 2180 2258 τὸ
2229 2204 2338 2275 γὰρ
2384 2204 2521 2275 πρὸς
2571 2202 2764 2274 ἡδονὴν
2823 2203 2917 2256 καὶ
2979 2201 3218 2268 ἕντευξίν
3265 2220 3411 2267 τινες
3480 2204 3717 2256 καλοῦσι

2121 2298 2470 2368 ποιήσασθαι.
2517 2296 2854 2368 Αἱτήσασθαι
2907 2296 3106 2368 μᾶλλον
3143 2299 3287 2370 ἥπερ
3327 2299 3579 2368 ἐντυχεῖν
3626 2298 3716 2350 λέ-

2118 2406 2294 2458 γεται.
2323 2389 2667 2459 Στεναγμοὺς
2690 2388 2746 2441 δὲ
2773 2387 3007 2440 ἐνταῦθα
3032 2387 3158 2450 τοὺς
3185 2389 3508 2459 οἰκτιρμοὺς
3536 2387 3712 2454 λέγει.

2120 2479 2194 2532 Τὸ
2249 2475 2341 2532 οῦν
2390 2481 2638 2547 Πνεῦμα,
2684 2480 2839 2548 φησὶ,
2889 2477 2983 2532 τοῦ
3049 2478 3184 2531 θεοῦ
3241 2479 3590 2549 ὑπερσκοπεῖ
3643 2478 3710 2529 τά

2123 2568 2262 2638 ὑπὲρ
2293 2565 2451 2638 ἡμῶν
2485 2570 2788 2638 οἰκτιρμοῖς
2829 2567 3236 2638 ἀκαταλήπτοις
3257 2585 3270 2598 ·
3309 2567 3570 2621 τοσοῦτον
3604 2567 3712 2638 γάρ

2128 2661 2226 2714 καὶ
2259 2661 2418 2713 τοῦτο
2465 2660 2742 2730 μυστικῶς
2776 2659 3067 2731 εἰρημένον
3101 2659 3416 2730 ὑπερϐαίνει
3449 2661 3555 2732 τὴν
3602 2661 3712 2714 κτί-

2123 2769 2229 2813 σιν,
2277 2752 2358 2804 ὃτι
2401 2752 2562 2816 εὐθὺς
2607 2751 2686 2822 τῷ
2742 2751 3154 2823 καρδιογνώστῃ
3194 2751 3312 2822 Θεῷ
3345 2754 3421 2815 ὡς
3466 2756 3616 2824 μέγα
3653 2754 3712 2805 τὸ

2121 2841 2319 2894 εἰδέναι
2348 2842 2408 2894 τὸ
2437 2842 2694 2913 φρόνημα
2721 2841 2813 2895 τοῦ
2849 2843 3006 2910 ἁγίου
3038 2842 3356 2914 Πνεὺματος
3386 2843 3705 2913 ἀπένειμεν.

2124 2936 2355 2988 Ἔπειτα
2412 2935 2469 2987 δέ
2521 2935 2614 2987 καὶ
2658 2934 2686 2986 6
2731 2935 2861 2997 Υἱὸς
2931 2934 3133 3004 ὁμοίως
3201 2935 3519 3005 ἐντυγχάνει
3568 2935 3710 3002 ὑπὲρ

2119 3026 2312 3096 ἡμῶν·
2345 3027 2439 3079 καὶ
2485 3028 2636 3096 ὅμως
2678 3025 2874 3096 μέγας,
2919 3025 3010 3079 καὶ
3040 3026 3411 3096 ἐξουσιαστὴς,
3449 3027 3547 3079 καὶ
3580 3027 3710 3095 άλη-

2121 3115 2267 3180 θινός
2314 3116 2445 3179 Θεός
2483 3119 2650 3170 ἐστιν.
2690 3117 2895 3186 Γράφει
2938 3115 3046 3188 γάρ
3093 3118 3221 3188 περὶ
3258 3116 3422 3169 αὑτοῦ
3464 3119 3494 3169 6
3545 3115 3707 3177 αὐτὸς

2123 3211 2451 3276 ἀπόστολος,
2491 3210 2764 3282 Ἑϐραίοις
2827 3209 2960 3279 μέν’
3011 3228 3028 3260 ι
3059 3210 3299 3262 Πάντοτε
3358 3207 3466 3272 ζῶν
3514 3213 3598 3274 εἰς
3649 3209 3709 3261 τὸ

2125 3303 2469 3372 ἐντυγχάνειν
2502 3302 2643 3372 ὑπὲρ
2669 3301 2848 3355 αὐτῶν
2868 3319 2880 3332 ο
2908 3321 2925 3353 ι
2973 3301 3266 3372 Ῥωμαίοις
3293 3301 3380 3354 δέ·
3427 3322 3445 3353 ι
3471 3303 3706 3374 Χριστὸς

2137 3392 2339 3462 Ἰησοῦς
2375 3392 2402 3442 6
2429 3387 2738 3450 ἀποθανὼν,
2773 3390 2971 3461 μᾶλλον
3014 3390 3071 3443 δέ
3101 3391 3344 3462 ἐγερθεὶς
3370 3393 3434 3444 ἐκ
3464 3393 3705 3462 νεκρῶν·

2125 3484 2183 3548 ὃς
2219 3485 2364 3536 ἐστιν
2393 3486 2451 3535 ἐν
2483 3480 2634 3553 δεξιᾷ
2664 3481 2759 3536 τοῦ
2796 3483 2954 3551 Θεοῦ,
2985 3483 3045 3547 ὃς
3077 3485 3170 3536 καὶ
3213 3484 3531 3556 ἐντυγχάνει
3568 3486 3704 3556 ὑπὲρ

2124 3574 2341 3646 ἡμῶν.»
2387 3575 2510 3626 ’Ὁτι
2555 3574 2611 3627 δέ
2640 3575 2701 3627 τὸ
2741 3574 2912 3645 ὄνομα
2945 3575 3039 3628 τοῦ
3085 3575 3466 3646 Παρακλητου,
3509 3579 3606 3632 καὶ
3647 3577 3706 3628 τὸ

2126 3666 2473 3735 ἐντυγχάνειν
2513 3666 2650 3736 ὑπὲρ
2679 3665 2858 3735 ἡμῶν,
2894 3667 2955 3718 οὑ
2984 3667 3128 3720 κατὰ
3153 3668 3216 3720 τὸ
3241 3667 3431 3722 δοκοῦν
3459 3672 3526 3740 τῇ
3565 3668 3704 3731 λέξει

2125 3757 2218 3811 καὶ
2260 3756 2356 3827 τὴν
2389 3757 2658 3827 κοσμικὴν
2686 3758 2904 3828 ὁμιλίαν
2943 3759 3258 3830 ἐκδέχεσθαι
3299 3761 3423 3832 χρὴ,
3455 3760 3602 3814 ἐστιν
3647 3761 3704 3824 ἐξ

2124 3850 2492 3920 ὁμοιοτρόπων
2539 3849 2800 3918 ῥημάτων
2848 3849 3200 3922 διδαχθῆναι·
3245 3852 3321 3916 ὡς
3364 3851 3526 3923 ήνίκα
3575 3851 3702 3922 περὶ

2125 3939 2220 3992 τοῦ
2255 3938 2390 3990 Θεοῦ
2426 3940 2520 3992 καὶ
2551 3939 2762 4010 Πατρὸς
2792 3941 2997 4011 γράφει
3032 3945 3089 3995 ἐν
3121 3942 3204 3994 πε¹
3233 3942 3466 4013 ψαλμῷ·
3498 3962 3518 3995 ε
3551 3943 3703 4010 Ποίη.

2130 4047 2221 4082 σον
2263 4030 2378 4100 μετ’
2404 4030 2538 4100 ἐμοῦ
2578 4035 2802 4102 σημεῖον
2836 4035 2915 4096 εἰς
2952 4033 3177 4102 ἀγαθὸν,
3218 4035 3312 4087 καὶ
3362 4034 3618 4088 ίδέτωσαν
3653 4033 3700 4084 οἱ

2128 4122 2412 4192 μισοῦντές
2473 4140 2563 4193 με,
2614 4123 2708 4175 καὶ
2741 4125 3210 4196 αίσχυνοήτωσαν,
3253 4126 3336 4178 ὅτι
3385 4127 3471 4188 σὺ,
3509 4126 3700 4196 Κύριε,

2124 4210 2428 4282 ἐϐοήθησάς
2463 4229 2554 4280 μοι
2588 4212 2683 4264 xui
2714 4211 3096 4282 παρεκάλεσάς
3142 4228 3243 4283 με’
3266 4231 3284 4263 ι
3324 4213 3418 4264 καὶ
3459 4211 3697 4274 Παῦλος⁶

2128 4319 2147 4350 ι
2181 4300 2348 4363 Αὐτὸς
2366 4300 2422 4352 δὲ
2438 4302 2466 4350 6
2485 4300 2688 4371 Κύριος
2713 4300 2870 4370 ἡμῶν
2900 4301 3106 4370 Ἰησοῦς
3125 4303 3380 4373 Χριστὸς,
3403 4303 3495 4356 καὶ
3518 4305 3547 4354 6
3573 4303 3700 4363 Θεὸς

2122 4396 2216 4448 καὶ
2251 4396 2438 4466 Πατὴρ
2467 4394 2836 4464 παρακαλέσει
2871 4394 3023 4446 ὑμῶν
3046 4394 3166 4465 [2H
3204 4394 3257 4467 b]
3276 4397 3375 4456 τάς
3397 4396 3650 4467 καρδίας
3676 4413 3693 4444 ι

2205 4613 2280 4683 (8)
2319 4610 2530 4681 Semper
2558 4616 2748 4667 vivens.
2788 4613 2952 4667 Hebr.
2990 4630 3087 4677 vn,
3123 4614 3212 4669 25.
3714 4657 3716 4659 -

2201 4685 2278 4754 (9)
2311 4683 2418 4736 Pro
2446 4685 2594 4752 ipsis.
2627 4684 2814 4737 Latina
2844 4683 3011 4738 Biblia
3044 4687 3246 4739 habent
3299 4705 3318 4735 ι
3350 4699 3446 4753 pro
3470 4686 3642 4740 nobis.
3676 4707 3693 4733 ν

2127 4753 2500 4823 AtDidymus
2553 4755 2690 4823 legit
2733 4771 2751 4806 ι
2801 4769 2898 4820 pro
2924 4755 3077 4822 ipsis.
3121 4774 3139 4806 ι
3180 4755 3340 4807 etiam
3376 4759 3427 4808 in
3461 4756 3594 4810 libro
3629 4757 3700 4808 lle
3797 4788 3799 4791 -

2128 4823 2330 4892 Spiritu
2361 4836 2543 4876 sancto
2577 4841 2727 4878 num.
2774 4823 2876 4888 27,
2913 4824 3001 4876 ubi
3049 4825 3127 4878 sic
3171 4825 3449 4892 loquitur:
3501 4845 3520 4876 ι
3568 4827 3697 4880 Cum

2128 4895 2270 4949 enim
2324 4893 2574 4949 Salvator
2637 4895 2951 4948 mediatoris
2986 4903 3041 4946 et
3086 4894 3240 4962 legati
3278 4910 3565 4964 personam
3606 4896 3699 4949 ha-

2127 4965 2286 5029 beat,
2315 4975 2370 5017 et
2409 4979 2511 5027 qua
2561 4964 2799 5033 pentilex
2850 4965 3172 5032 deprecetur
3209 4980 3306 5033 pro
3338 4966 3571 5032 peccatis
3602 4983 3698 5018 no-

2128 5034 2275 5097 stris,
2313 5052 2330 5084 ι
2366 5033 2583 5097 salvans
2617 5036 2670 5088 in
2696 5035 3080 5102 sempiternum
3112 5049 3226 5096 eos,
3260 5037 3350 5103 qui
3394 5049 3489 5102 per
3524 5036 3691 5099 ipsum

2129 5105 2569 5174 accesseruutad
2607 5105 2769 5158 Deum
2793 5143 2808 5168 ,
2839 5105 2963 5173 quia
2989 5119 3209 5174 semper
3231 5107 3419 5158 vivens
3447 5105 3696 5174 interpel-

2128 5174 2202 5227 lat
2233 5189 2330 5240 pro
2365 5174 2443 5226 eis
2475 5173 2687 5229 Patrem
2725 5193 2742 5222 ι
2787 5184 2842 5227 et
2888 5173 3124 5227 caztera.
3149 5177 3450 5228 Aduotatur
3484 5173 3696 5242 quidem

2130 5245 2182 5297 in
2225 5244 2463 5296 editione
2537 5243 2867 5306 Veronensi,
2921 5245 3155 5313 aliquem
3204 5244 3444 5298 codicem
3495 5243 3689 5299 habere

2132 5332 2152 5364 ι
2194 5328 2291 5381 pro
2323 5313 2520 5383 nobis,
2561 5333 2580 5365 ι
2617 5317 2708 5368 sed
2748 5314 3028 5383 legendum
3061 5326 3190 5383 puto
3251 5331 3270 5363 ι
3326 5329 3423 5382 pro
3448 5314 3560 5381 eis,
3590 5335 3610 5367 ι
3645 5323 3699 5366 ut

2127 5384 2292 5438 editio
2321 5381 2407 5434 illa
2442 5395 2498 5436 et
2551 5385 2722 5436 codex
2748 5381 2931 5437 uoster
2964 5381 3072 5438 ms.
3098 5383 3280 5437 habet.

2199 5452 2308 5522 (10)
2352 5452 2590 5506 Christus
2623 5451 2799 5506 Jesus.
2837 5451 2994 5505 Rom.
3033 5468 3152 5517 \‘lll,
3177 5455 3266 5507 54.
3331 5453 3524 5508 Vocem
3561 5474 3580 5506 ι
3615 5455 3701 5509 Jeo

2128 5538 2221 5578 sus
2269 5543 2287 5573 ι
2329 5537 2434 5574 non
2463 5524 2661 5575 habent
2685 5522 2872 5576 Graeca
2899 5522 3091 5591 lliblia,
3119 5525 3214 5580 sed
3236 5539 3354 5578 cum
3385 5526 3581 5581 habent
3604 5526 3698 5579 La-

2130 5595 2239 5647 tina
2284 5601 2339 5645 et
2379 5592 2547 5644 codex
2573 5593 2993 5647 Alexandrinus.

2201 5663 2286 5715 Η.
2332 5664 2370 5713 Α
2401 5663 2647 5716 mortuis.
2695 5664 2852 5715 lict-St
2883 5663 2983 5716 huc
3017 5664 3071 5717 in
3117 5663 3326 5719 Bibliis.
3367 5664 3550 5718 Grzeca
3585 5665 3698 5718 edi—

2129 5731 2202 5785 tio
2225 5733 2302 5810 sic
2331 5733 2490 5785 habet
2521 5746 2550 5810 :_
2578 5732 2778 5810 μᾶλλον
2810 5732 2991 5810 δ’ἐκαὶ
3024 5736 3290 5805 ἐγερθεὶς,
3319 5734 3378 5798 ὃς
3415 5737 3509 5789 καὶ
3533 5736 3694 5797 ἐστιν,

2126 5813 2181 5855 et
2208 5802 2411 5868 reliqua
2442 5811 2501 5853 ut
2540 5803 2786 5858 hic..Sed
2815 5805 2918 5859 duo
2977 5802 3074 5860 illa
3094 5802 3187 5860 καί
3229 5809 3424 5860 desunt
3454 5807 3614 5861 ctiam
3645 5823 3696 5859 ιιι

2128 5872 2316 5926 codice
2340 5871 2726 5930 Alexandrino.
