4034 6442
470 399 576 455 937

1775 395 2013 453 DIDYMI
2052 394 2520 450 ALEXANDRINI

3613 393 3714 448 968

469 529 607 568 IltllS.
643 511 700 566 Si
730 525 859 581 ergo
885 511 936 565 in
970 510 1301 578 cognitione,
1332 524 1437 579 qua
1475 511 1820 579 cognoscitur
1850 510 2031 570 l'atcr,

2144 510 2350 581 Πατρὺς
2382 511 2476 562 καὶ
2507 511 2598 563 τοῦ
2646 508 2797 574 Υἱοῦ,
2840 510 2956 564 ἔστι
3004 510 3223 580 γνῶσις.
3265 504 3361 563 καὶ
3407 510 3469 562 τὸ
3492 508 3718 581 Πνεῦμα

465 616 519 659 et
544 604 733 669 Filius,
773 603 875 656 sita
918 609 1003 655 est
1051 602 1156 655 vita
1201 610 1438 667 aeterna,
1481 600 1742 670 Spiritttnt
1778 616 1904 653 vero
1943 600 2036 653 de.

469 702 822 749 monstratum
852 702 1078 747 estesse
1101 708 1222 746 cum
1249 693 1435 755 vitam,
1469 701 1579 745 tum
1621 690 1883 759 Spiritum
1920 690 2034 753 Dei,

467 787 713 855 sequitur
765 793 823 838 ut
871 784 985 852 ipse
1016 783 1181 837 etiam
1225 782 1296 836 sit
1337 781 1483 836 solus
1531 796 1692 835 verus
1725 780 1885 844 Deus,
1928 796 2036 833 una

467 894 589 932 cum
646 876 808 930 Patre
860 890 1076 944 semper
1124 874 1522 945 intelligendus,
1583 883 1766 941 utpote
1801 872 2038 941 Spiritus

465 969 604 1035 ejus.
637 967 841 1020 Idcirco
865 966 918 1019 in
959 982 1061 1019 una
1100 966 1207 1018 vita
1237 976 1441 1019 aeterna
1479 980 1639 1016 unam
1677 963 2037 1031 cognitionem

469 1059 727 1121 admittit,
769 1074 873 1110 non
909 1072 1036 1111 vero
1067 1057 1310 1110 diversas
1345 1056 1564 1107 allatum
1600 1056 1893 1120 capitulum
1961 1059 2039 1105 Ac

466 1151 793 1219 evangelista
840 1164 1055 1218 quoque
1102 1163 1223 1201 cum
1288 1146 1379 1209 ait,
1430 1165 1448 1197 ι
1481 1146 1533 1199 In
1572 1147 1672 1199 hoc
1705 1144 1818 1213 (25)
1849 1159 2041 1212 cogno-

468 1242 689 1305 scimus,
732 1241 946 1306 quodin
999 1240 1152 1293 nobis
1202 1249 1285 1293 est
1334 1238 1492 1300 Deus,
1561 1252 1626 1289 ex
1672 1236 1878 1304 Spiritu
1920 1236 2037 1302 ejus

469 1345 627 1398 quem
669 1330 817 1383 dedit
854 1329 1029 1391 nobis,
1053 1347 1071 1379 ι
1112 1336 1294 1395 aperte
1334 1326 1558 1389 indicat,
1610 1323 1872 1392 Spiritum
1911 1340 2040 1378 san-

469 1433 614 1474 ctum
647 1420 805 1474 simul
838 1429 892 1472 et
921 1417 1359 1481 commemorari,
1390 1426 1445 1471 et
1477 1419 1668 1470 adesse
1705 1432 1825 1469 cum
1856 1414 2036 1469 Patre.

469 1513 622 1578 Quod
668 1522 844 1564 autem
892 1526 956 1564 ne
992 1510 1159 1565 Filius
1204 1510 1419 1577 quidem
1460 1509 1576 1562 sine
1604 1506 1811 1576 Spiritu
1848 1516 2041 1561 sancto

481 1601 830 1669 intelligatur,
871 1600 1212 1669 perspicuum
1261 1611 1343 1654 εει
1373 1616 1388 1664 ;
1416 1599 1546 1652 dicit
1575 1599 1719 1653 enim
1755 1600 1802 1652 ei
1832 1597 1992 1650 Pater
2023 1617 2037 1651 :

480 1708 501 1739 ε
532 1690 768 1759 Spiritus
809 1689 922 1759 (‘26)
968 1705 1119 1743 utens
1152 1689 1242 1758 qui
1276 1697 1361 1742 est
1390 1689 1443 1742 in
1484 1698 1533 1741 te
1554 1705 1568 1754 ;
1593 1707 1611 1741 ι
1649 1690 1761 1757 ipse
1791 1702 1919 1742 vero
1952 1687 2041 1742 Fi-

472 1781 577 1833 lius
614 1782 783 1849 inquit
812 1799 826 1835 :
862 1799 880 1831 ι
907 1780 1141 1849 Spiritus
1181 1780 1294 1849 (27)
1338 1781 1547 1834 Domini
1583 1796 1746 1850 super
1776 1796 1880 1836 me.
1910 1799 1929 1832 ι
1961 1782 2038 1835 Ac

2139 601 2195 653 δὲ
2226 602 2599 655 ἀποδέδεικται
2640 597 2778 654 εἶναι
2804 602 2917 672 ζωή
2948 619 3007 653 τε
3040 601 3134 653 κα)⁵
3171 600 3394 671 Πνεῦμα
3422 600 3518 654 τοῦ
3552 601 3716 655 Θεοῦ·

2140 694 2249 763 ἄρα
2274 694 2366 745 καὶ
2386 693 2545 757 αὐτὸς
2570 693 2729 763 μόνος
2762 692 3013 762 ἀληθινὸς
3041 692 3172 754 Θεὸς
3212 693 3468 764 ὑπάρχει,
3503 691 3721 763 νοούμε·

2140 802 2229 848 νος
2267 785 2353 836 ἀεὶ
2381 782 2519 854 μετὰ
2544 783 2637 836 τοῦ
2673 783 2903 855 Πατρδς,
2930 785 3005 846 ὡς
3040 783 3265 853 Πνεῦμα
3295 782 3484 837 αὐτοῦ.
3513 783 3605 835 Arb
3627 785 3721 854 μιᾷ

2140 874 2340 944 αἰωνίῳ
2363 876 2473 944 ζωῇ
2513 874 2642 944 μίαν
2670 873 2887 941 γνῶσιν,
2924 874 3020 927 καὶ
3049 874 3109 927 οὐ
3143 873 3419 945 διάφορον,
3451 876 3720 945 ἑπομένην

2142 968 2198 1018 ὲν
2224 965 2302 1035 τῷ
2337 966 2644 1036 ἐκκειμένῳ
2692 965 2970 1036 κεφαλαίῳ
3014 965 3266 1030 ἐδίδαξεν.
3325 967 3513 1036 Λέγων
3543 967 3599 1018 δὲ
3633 968 3722 1019 καὶ

2140 1057 2551 1128 εὐαγγελιστὴς,
2604 1075 2618 1108 l
2657 1058 2743 1109 Ἑν
2768 1056 2937 1127 τούτῳ
2980 1056 3342 1127 γινώσκομεν,
3394 1059 3474 1111 ὅτι
3505 1060 3564 1110 ἐν
3594 1060 3721 1128 ἡμῖν

2140 1149 2287 1201 ἐστιν
2318 1150 2346 1201 6
2374 1148 2546 1217 Θεὸς,
2580 1150 2644 1202 ὲκ
2688 1149 2780 1202 τοῦ
2836 1150 3151 1219 Πνεῦματος
3205 1149 3390 1213 αὑτοῦ,
3424 1145 3485 1203 οὗ
3528 1150 3723 1204 ἔδωκεν

2140 1243 2293 1312 ἡμῖν,
2326 1260 2342 1291 ι
2381 1239 2935 1310 συμμνημονεύεσθαι
2966 1241 3096 1294 αὐτὸ
3128 1242 3222 1294 καὶ
3253 1245 3621 1313 συμπαρεῖναι
3649 1241 3724 1310 τῷ

2143 1332 2316 1403 [Ιατρὶ
2342 1332 2510 1402 δηλοῖ.
2566 1332 2687 1385 Ὅτι
2741 1331 2799 1384 δὲ
2836 1331 2959 1385 οὔτε
3015 1336 3044 1385 6
3078 1332 3205 1394 Υἱὸς
3254 1334 3420 1404 χωρὶς
3450 1332 3546 1386 τοῦ
3574 1332 3724 1400 ἁγίου

2142 1422 2459 1493 Πνεῦματος
2490 1423 2709 1482 νοεῖται,
2744 1420 2996 1492 εὔδηλονο
3023 1421 3170 1489 λέγει
3205 1422 3312 1492 γὰρ
3358 1424 3385 1474 6
3411 1423 3509 1492 μὲν
3540 1423 3725 1493 Πατὴρ

2143 1513 2277 1584 πρὸς
2309 1512 2501 1565 αὐτόν’
2546 1530 2564 1562 t
2585 1512 2659 1565 Τδ
2678 1511 2899 1583 Πνεῦμα
2929 1512 2989 1565 τὸ
3018 1512 3169 1582 ἐμὸν,
3208 1513 3236 1565 ὃ
3262 1516 3409 1565 ἐστιν
3440 1513 3532 1566 ἐπὶ
3568 1514 3678 1566 σοι’
3704 1533 3722 1565 ι

2142 1605 2303 1668 αὐτὸς
2347 1604 2405 1657 δέ
2454 1620 2622 1675 φησι·
2692 1624 2710 1655 ι
2738 1604 2963 1675 Πνεῦμα
3012 1605 3216 1676 Κυρίου
3246 1604 3335 1658 ἐπ’
3365 1605 3482 1676 ἐμέ.
3516 1626 3534 1657 ι
3573 1607 3726 1660 Καὶὸ

2144 1694 2355 1757 Παῦλος
2381 1695 2459 1759 δὲ,
2489 1694 2590 1765 τῆς
2626 1694 2877 1764 θεότητος
2907 1696 2968 1748 τὸ
2992 1696 3286 1761 ἐπίκοινον,
3322 1697 3415 1750 καὶ
3440 1697 3501 1750 τὸ
3532 1714 3726 1750 συνεκ-

2145 1787 2440 1857 φωνεῖσθαι
2477 1787 2537 1840 τὸ
2568 1787 2721 1856 ἅγιον
2754 1786 2978 1858 Πνεῦμα
3009 1790 3074 1859 τῇ
3100 1788 3305 1856 διανοίᾳ
3353 1790 3450 1859 τῆς
3485 1789 3727 1859 Γραφῆς,

473 1871 670 1926 Paulus
710 1888 923 1942 quoque
956 1873 1175 1927 deitatis
1198 1873 1636 1927 communionem
1674 1873 2039 1927 identitatem-

2143 1881 2244 1934 xiv
2278 1882 2487 1951 μήποτε
2550 1880 2734 1943 ἰδικῶς
2772 1881 3102 1951 ἐμφέρηται,
3161 1885 3461 1951 σημαίνων,
3487 1884 3687 1950 γράφει
3710 1899 3725 1912 ·

470 1979 577 2031 que
604 1962 939 2033 signiﬁcans,
967 1973 1023 2016 et
1048 1965 1200 2031 juxta
1232 1977 1547 2034 germanum
1585 1962 1883 2032 Scriptura:
1916 1978 2039 2017 sen-

444 2068 591 2108 sum
639 2053 901 2123 Spiritum
947 2064 1194 2107 sanctum
1243 2052 1574 2122 subintelligi
1624 2055 1888 2117 indicans,
1942 2061 2037 2106 aut

471 2144 901 2214 superintelligi,
954 2143 1111 2212 quasi
1159 2151 1214 2197 et
1262 2144 1376 2213 ipse
1417 2146 1746 2208 nominetur,
1790 2145 1892 2199 etsi
1936 2145 2038 2199 ali-

466 2237 687 2305 quando
734 2234 1079 2304 peculiariter
1127 2249 1233 2288 non
1283 2234 1613 2299 nominetur,
1651 2235 1765 2289 haec
1798 2235 1990 2289 scribit
2025 2252 2039 2289 :
2070 2224 2071 2227 “

475 2347 497 2381 ι
524 2329 788 2383 Curantes
818 2325 931 2397 (28)
965 2341 1185 2380 servare
1232 2327 1492 2380 unitatem
1545 2325 1781 2394 Spiritus
1822 2329 1876 2381 in
1926 2328 2044 2381 vin-

471 2418 597 2474 culo
624 2418 792 2487 pacis.
819 2436 837 2469 ι
877 2416 1064 2484 itaque
1092 2415 1218 2469 alibi
1252 2430 1436 2470 rursus
1473 2416 1709 2485 Spiritus
1736 2418 1910 2472 sancti
1942 2426 2035 2472 aut

471 2508 666 2573 solius,
712 2516 807 2562 aut
873 2506 1032 2562 simul
1073 2504 1240 2578 436
1296 2520 1417 2560 cum
1480 2505 1640 2562 Patre
1709 2512 2040 2562 mentionem

475 2599 628 2653 facit.
682 2596 920 2652 Necesse
970 2612 1101 2667 ergo
1142 2612 1260 2652 mea
1287 2597 1503 2667 quidem
1535 2599 1803 2652 sententia
1832 2610 1937 2662 est,
1977 2609 2035 2653 ut

475 2688 607 2746 illud
663 2689 844 2758 potius
913 2688 1128 2753 dicant,
1184 2689 1329 2758 quod
1384 2688 1819 2756 sapientissimus
1868 2688 2044 2744 Moses

474 2783 653 2839 dixit:
696 2800 717 2835 t
743 2783 799 2838 Si
832 2782 1011 2837 inveni
1044 2780 1154 2850 (£9)
1183 2782 1413 2851 gratiam
1446 2782 1585 2850 apud
1623 2792 1673 2837 te
1697 2783 1834 2850 ('50),
1872 2786 2041 2838 mani-

477 2875 614 2932 festa
644 2875 773 2930 mihi
802 2875 1029 2945 teipsum
1050 2891 1063 2928 :
1087 2876 1253 2943 probe
1284 2888 1502 2928 noscam
1522 2871 1629 2945 (vel
1650 2875 1882 2947 videam)
1910 2887 1990 2931 te:
2019 2897 2038 2929 ι

476 2977 535 3024 ut
556 2970 769 3023 tandem
802 2968 1090 3036 aliquando
1125 2964 1445 3019 Trinitatem
1488 2974 1678 3020 natura
1733 2976 2041 3025 etconcor-

2148 1990 2165 2023 t
2190 1971 2583 2035 Σπουδάζοντες
2626 1975 2814 2042 τηρεῖν
2874 1971 2973 2043 τὴν
3004 1973 3235 2042 ἑνότητα
3295 1972 3386 2025 τοῦ
3413 1972 3727 2043 Πνεύματος

2141 2067 2199 2117 ὲν
2230 2065 2307 2135 τῷ
2332 2064 2613 2134 συνδέσμῳ
2645 2063 2744 2134 τῆς
2806 2065 3050 2135 εἰρήνης.
3077 2082 3095 2115 ι
3138 2064 3358 2117 Ἀλλοτε
3422 2060 3516 2118 οὖν
3566 2064 3727 2117 πάλιν

2141 2156 2235 2209 τοῦ
2269 2156 2424 2224 ἁγίου
2450 2155 2787 2227 Πνεῦματος,
2810 2155 2845 2226 ἦ
2876 2155 3015 2209 κατὰ
3047 2156 3234 2227 μόνας,
3264 2156 3297 2226 ἦ
3323 2156 3419 2209 σὺν
3446 2155 3525 2225 τῷ
3552 2156 3728 2225 Πατρὶ

2148 2247 2494 2319 μνημονεύει.
2536 2248 2857 2315 Ἀναγκαῖον
2886 2242 2980 2301 οῦν
3006 2242 3159 2318 οἶμαι
3196 2246 3395 2318 μᾶλλον
3424 2246 3599 2315 λέγειν
3634 2250 3729 2299 a6-

2141 2341 2268 2402 τοὺς
2299 2340 2373 2402 ὡς
2421 2341 2450 2392 6
2502 2338 2777 2408 πάνσοφος
2824 2338 3097 2408 Μωῦσῆς·
3139 2339 3243 2390 (Εἰ
3308 2337 3517 2409 εὕρηκα
3568 2338 3728 2409 χάριν

2144 2430 2295 2501 παρὰ
2322 2431 2423 2493 σοι,
2447 2430 2745 2500 ἐμφάνισον
2773 2446 2862 2499 μοι
2890 2427 3114 2481 σεαυτόν
3136 2445 3149 2457 ο
3169 2428 3424 2496 γνωστῶς
3456 2426 3549 2479 ἴδω
3583 2444 3644 2480 σε
3664 2445 3675 2453 ·
3702 2447 3721 2478 ι

2143 2521 2211 2577 ἶν’
2244 2520 2342 2590 ὀψέ
2364 2526 2492 2572 ποτε
2519 2522 2694 2588 γνοῖεν
2714 2518 2811 2589 τὴν
2837 2520 2901 2589 τῇ
2933 2517 3089 2585 φύσει
3123 2518 3216 2571 καὶ
3245 2516 3533 2588 συμφωνίᾳ
3552 2516 3727 2569 ἀδιαί-

2152 2629 2304 2683 ρετον
2337 2610 2562 2681 Τριὰδα.
2599 2611 2686 2672 Ὡς
2710 2608 2884 2663 ἔοικεν
2910 2609 3040 2680 γὰρ,
3065 2607 3217 2663 οὔπω
3246 2606 3501 2676 γνωστῶς
3526 2609 3725 2668 ἴσασιν,

2148 2702 2184 2756 ἃ
2216 2700 2397 2754 πολλοὶ
2422 2701 2520 2770 μὲν
2547 2699 2820 2771 προφῆται
2843 2700 2935 2753 καὶ
2965 2698 3093 2770 [212
3113 2698 3164 2771 b]
3192 2698 3429 2769 βασιλεῖς
3458 2698 3728 2769 ἠθέλησαν

2152 2791 2280 2844 ίδεῖν
2311 2792 2404 2843 καὶ
2432 2788 2685 2853 ἀκοῦσαι,
2733 2788 2826 2841 καὶ
2884 2789 2983 2841 οὐκ
3031 2788 3249 2858 ἔτυχονσ
3289 2790 3449 2858 ἡμεῖς
3496 2786 3555 2840 δὲ
3605 2788 3727 2857 οὐχὶ

2150 2880 2419 2951 ἀκούομεν
2454 2879 2630 2951 μόνον,
2661 2879 2796 2932 ἀλλὰ
2826 2879 2923 2932 καὶ
2950 2878 3240 2950 βλέπομεν,
3265 2878 3340 2941 ὡς
3370 2877 3519 2950 παρὰ
3543 2879 3725 2948 Aecci

2150 2975 2320 3042 λέγει.

476 3060 564 3114 dia
610 3059 938 3114 individuam
974 3066 1293 3126 agnoscant.
1342 3056 1586 3111 Nondum
1618 3059 1784 3125 enim,
1831 3070 1885 3115 ut
1949 3064 2182 3132 videtur,
2218 3064 2385 3134 probe
2448 3062 2624 3116 sciunt
2685 3076 2769 3127 ea,
2808 3076 2929 3131 qua:
2964 3063 3113 3115 multi
3155 3060 3506 3134 (3l)quidem
3543 3078 3564 3112 ι
3606 3075 3727 3130 pro-.-

475 3154 655 3222 plietze
689 3166 754 3205 ac
834 3165 989 3220 reges
1022 3150 1304 3204 Voluerunt
1357 3150 1560 3214 videre,
1600 3160 1653 3205 et
1696 3153 1946 3220 audire”
1991 3168 2075 3211 ast
2112 3160 2163 3213 id
2198 3156 2473 3213 consecuti
2525 3172 2630 3212 non
2664 3165 2825 3210 sunt:
2854 3170 2952 3210 nos
3010 3170 3140 3210 vero
3171 3172 3275 3210 non
3343 3156 3501 3210 modo
3533 3167 3596 3209 ea
3624 3170 3722 3207 au-

476 3242 678 3308 dimus,
725 3244 819 3298 sed
874 3243 1036 3297 etiam
1100 3244 1368 3307 videmus,
1408 3249 1467 3295 ιιι
1511 3245 1651 3313 apud
1678 3242 1879 3301 Lucam
1910 3251 2171 3322 scriptmn
2201 3263 2304 3307 est.

1031 3332 1185 3389 CAP.
1230 3331 1487 3390 XXXVII.

545 3423 605 3479 ιιι
657 3425 761 3482 hoc
799 3426 962 3480 etiam
1011 3440 1039 3478 a
1080 3428 1306 3479 veritate
1354 3425 1635 3494 aequaliter
1702 3427 2048 3493 aberrarunt,

473 3519 623 3589 quod
675 3534 839 3587 prave
885 3534 948 3573 ea
997 3518 1345 3588 acceperint,
1397 3534 1516 3586 qua:
1559 3519 1757 3588 scripta
1817 3529 1945 3573 sunt
1993 3520 2046 3573 in

480 3613 668 3667 Luca:
707 3629 727 3662 ι
757 3610 924 3665 Nemo
952 3611 1064 3681 (ὖῖ)
1102 3611 1246 3665 novit
1290 3609 1506 3675 Filium,
1557 3611 1659 3665 ιιιδί
1716 3610 1899 3677 Pater,
1950 3629 2048 3667 ne-

478 3720 587 3774 que
618 3702 832 3758 Patrem
864 3704 985 3772 quis
1019 3701 1190 3767 novit,
1219 3702 1321 3757 nisi
1362 3699 1558 3765 Filius,
1597 3711 1650 3754 et
1692 3702 1781 3757 cui
1818 3701 2049 3756 voluerit

480 3796 650 3851 Filius
688 3796 959 3861 revelare;
984 3814 1004 3847 ι
1048 3805 1104 3849 et
1139 3794 1307 3848 alibi:
1346 3812 1364 3846 ι
1403 3792 1520 3848 Νοιι
1574 3794 1699 3863 quia
1727 3793 1842 3865 (55)
1879 3792 2045 3849 Deum

480 3970 790 4027 vocavimus
842 3977 1003 4039 caput
1051 3968 1319 4039 decimum
1362 3975 1574 4021 sextum
1619 3984 1635 4022 :
1686 3968 1740 4023 in
1786 3982 1852 4024 eo
1901 3982 2045 4023 enim

472 4043 748 4097 decimum
796 4038 1049 4111 quartum
1097 4038 1463 4111 objectionum
1503 4046 1665 4107 caput
1699 4039 2041 4111 dissolvitur.

481 4113 749 4167 Nimirum
792 4108 932 4180 quod
984 4124 1106 4180 nos,
1151 4108 1745 4180 inscripsimuscaput
1792 4110 2044 4174 tertium,

482 4184 709 4254 Didymo
760 4177 1049 4254 estAcaput
1086 4179 1150 4244 i;
1192 4177 1339 4247 quod
1382 4177 1691 4235 notavimus
1730 4193 1955 4235 numero
1992 4181 2043 4245 4,

483 4249 708 4318 Didymo
739 4260 823 4305 est
856 4249 911 4313 ‘2,
933 4259 1001 4318 iet,
1030 4250 1102 4302 ila
1135 4263 1320 4318 porro.

553 4317 664 4393 (25)
692 4318 761 4393 Ir_t
786 4323 901 4393 ltoc.
928 4317 951 4371 Ι
974 4317 1243 4393 Ιοιιιιίιιι,
1270 4317 1362 4393 24..

553 4387 972 4462 (‘26)ASpt'ritus.
1023 4387 1125 4462 isa.
1170 4404 1259 4462 1.1x
1277 4388 1417 4462 ,__2L
1464 4388 1643 4462 11ιιιιιι⁸
1675 4390 1825 4446 Isaia:
1873 4391 2048 4446 locum

477 4459 936 4557 affert’g‘itly'ittps
965 4461 1142 4557 etiam
1193 4461 1246 4512 in
1295 4459 1560 4557 liblro'De
1606 4460 1811 4529 Spiritu
1859 4471 2042 4557 uti:le
2075 4499 2118 4557 υ

482 4550 631 4588 num.
669 4532 738 4587 50
758 4529 901 4585 {sed
934 4532 977 4584 si
1004 4530 1146 4584 edita
1167 4530 1493 4600 exemplaria
1525 4546 1838 4600 sequamur,
1869 4531 2038 4585 videri

482 4602 747 4674 potestibi
769 4615 902 4674 eum
925 4601 1005 4674 sic
1022 4599 1407 4674 accepisse,’ut
1432 4600 1542 4654 sint
1566 4599 1727 4674 verba
1757 4599 1900 4674 Filii,
1933 4617 2036 4653 non

485 4671 701 4727 Patris:
732 4672 809 4724 ait
853 4671 998 4724 enim
1030 4683 1153 4724 esse
1192 4671 1352 4723 verba
1388 4672 1638 4736 D0tnini;
1677 4672 1875 4739 passim
1912 4685 2038 4724 vero

485 4744 742 4813 Didymus
800 4757 820 4791 ι
857 4740 1067 4794 Domini
1115 4758 1141 4813 r_
1180 4740 1438 4813 vocabulo
1497 4740 1691 4794 Filium
1747 4740 2035 4813 intelligit,

488 4830 509 4862 ι
553 4809 644 4865 D'ei
697 4828 714 4861 ι
766 4817 947 4864 autem
1001 4809 1219 4862 nomine
1260 4809 1492 4864 Patrem.
1544 4813 1609 4864 At
1649 4826 1737 4865 res
1776 4809 1941 4864 aliter,
1980 4825 2039 4864 se

484 4881 736 4944 habebit,
770 4881 815 4935 si
864 4890 1107 4933 nostrum
1143 4880 1388 4934 codicem
1436 4882 1782 4935 consulamus
1821 4897 1835 4933 :
1892 4881 2039 4935 clare

481 4950 629 5004 enim
662 4951 971 5019 apparebit,
1008 4951 1079 5001 ibi
1118 4964 1329 5018 quoque
1383 4949 1686 5019 Didymum,
1731 4951 2036 5018 loquentem
2075 4976 2085 4985 ι

485 5020 661 5074 facere
687 5017 793 5073 non
835 5017 1029 5071 Filium
1054 5058 1070 5084 ,
1106 5020 1201 5072 sed
1231 5017 1467 5083 Patrem,
1485 5017 1561 5073 ‘ut
1593 5020 1718 5074 facit
1745 5017 1921 5074 in’hoc
1951 5034 2037 5072 se-

485 5097 705 5157 gmento
754 5098 808 5142 et
856 5087 1105 5159 superius
1125 5103 1307 5159 segni.
1357 5089 1418 5143 ’at
1458 5091 1529 5159 ib.
1583 5088 1709 5144 lirec
1758 5090 1939 5159 itaque
1968 5090 2037 5142 ibi

485 5156 775 5228 leguntur:
807 5175 827 5208 ι
868 5156 1000 5209 Nam
1039 5157 1090 5209 in
1125 5156 1575 5228 his’sermonibus
1611 5162 1750 5215 Deus
1785 5178 1807 5212 ι
1842 5156 2039 5213 vocans

488 5248 509 5279 ί
548 5226 644 5297 per
667 5227 823 5282 ﬁdem
852 5244 871 5277 ι
906 5228 959 5279 iu
988 5226 1495 5297 sanctiiicationem,
1524 5246 1544 5281 ι
1576 5230 1626 5281 id
1654 5240 1757 5294 est,
1784 5238 1842 5283 ιιι
1865 5231 2038 5285 sancti

484 5296 720 5368 Spiritus
748 5298 938 5350 tierent
981 5296 1265 5369 credentes
1322 5297 1513 5369 [multo
1557 5300 1896 5363 concinnior,
1954 5308 2039 5353 at-

484 5366 593 5437 que
646 5369 781 5421 adeo
836 5366 1068 5437 genuina
1120 5376 1224 5437 est_
1254 5366 1425 5423 nostri
1473 5369 1677 5423 codicis
1718 5369 1917 5435 lectio,
1947 5369 2037 5436 qui

485 5433 688 5492 uitiissa
718 5433 861 5506 voce'
880 5433 1111 5503 Spiritus
1142 5435 1303 5490 habet
1331 5454 1346 5490 :
1380 5438 1433 5489 id
1452 5446 1551 5505 est,
1576 5447 1634 5490 ut
1660 5441 1829 5492 sancti
1855 5433 2039 5506 ﬁerent

484 5505 809 5578 credentes],
859 5505 1006 5578 dedit
1035 5506 1132 5578 cis
1185 5506 1444 5578 Spiritum
1496 5505 1862 5578 sanctunt....’
1892 5507 2043 5563 Unde

487 5591 674 5648 poenas
720 5575 870 5648 hient
910 5576 1001 5645 qui
1034 5575 1135 5629 ista
1184 5575 1571 5648 commiserunt
1615 5577 1759 5648 (cod.
1806 5589 2037 5632 noster:

484 5644 908 5718 commiserint],_
930 5644 1034 5699 non
1066 5647 1217 5712 quasi
1260 5647 1553 5718 hominem,
1585 5644 1678 5702 sed
1703 5647 1854 5718 quasi
1872 5649 2041 5701 Deum

486 5716 936 5786 spernentes—Et
957 5725 1014 5770 ut
1047 5718 1281 5771 sciamus
1314 5716 1597 5770 Dominum
1629 5731 1752 5770 esse
1779 5716 2040 5786 Spiritum

488 5785 734 5844 sanctum
783 5785 1027 5860 (melius,
1079 5795 1138 5842 ut
1184 5796 1349 5856 puto,
1390 5788 1559 5841 codex
1607 5796 1791 5843 uoster
1825 5785 1840 5841 :
1870 5787 2041 5842 Deum.

2785 3336 2941 3389 ΚΕΦ.
2973 3337 3092 3391 ΛΖ’.

2232 3430 2320 3484 Ἐν
2349 3427 2448 3500 ἴσῳ
2475 3428 2848 3499 πεπλάνηνται
2886 3429 2981 3482 καὶ
3000 3425 3214 3498 περὶ-τὺ
3242 3425 3626 3499 γεγραμμένον
3671 3427 3729 3478 ὲν

2149 3520 2227 3591 τῷ
2253 3522 2434 3591 Λουκᾷ
2453 3538 2468 3552 ·
2522 3538 2542 3573 t
2566 3520 2750 3583 Οὐδεὶς
2783 3520 3039 3588 γινώσκει
3073 3519 3164 3571 τὸν
3192 3518 3340 3579 Υἰὸν,
3381 3519 3429 3570 εί
3456 3518 3531 3589 μὴ
3555 3519 3585 3569 6
3614 3517 3727 3570 Ila.-

2148 3616 2255 3684 τήρ
2273 3630 2287 3644 ο
2310 3612 2431 3665 οὐδὲ
2455 3613 2545 3666 τὸν
2569 3612 2791 3683 Πατέρα
2826 3629 2912 3675 τις
2945 3608 3314 3679 ἐπιγινώσκει,
3338 3608 3387 3660 εί
3418 3608 3495 3681 μὴ
3515 3609 3543 3661 6
3576 3608 3725 3672 Υἱὸς,

2149 3706 2245 3758 καὶ
2277 3697 2320 3772 ᾧ
2365 3703 2460 3757 ἐὰν
2496 3703 2750 3775 βούληται
2780 3706 2809 3756 6
2842 3704 2969 3766 Υἱὸς
3003 3699 3380 3768 ἀποκαλύψαι·
3410 3719 3429 3751 ι
3487 3699 3582 3753 καὶ
3608 3700 3726 3752 ἐτέ-

2151 3795 2285 3867 ρωοι
2303 3812 2318 3826 ο
2347 3814 2366 3846 ι
2388 3796 2500 3866 Οὐχ
2524 3796 2606 3848 ὅτι
2632 3797 2723 3848 τὸν
2749 3796 2881 3849 Θεόν
2911 3813 2995 3859 τις
3016 3794 3282 3867 ἑώρακεν,
3318 3795 3367 3847 εί
3391 3792 3467 3866 μὴ
3493 3794 3522 3847 6
3554 3793 3628 3847 ὢν
3659 3795 3727 3847 ἐκ

2141 3986 2254 4023 esse
2304 3968 2563 4038 Spiritum
2591 3977 2831 4022 sanctum
2859 3986 2879 4023 :
2914 3971 3016 4023 hoc
3045 3969 3193 4024 enim
3238 3969 3585 4038 peculiariter
3614 3974 3726 4027 vnit

2145 4040 2419 4109 Didymus,
2472 4039 2735 4108 Spiritum
2783 4050 3031 4093 sanctum
3063 4055 3183 4094 esse
3226 4040 3415 4109 Deum.
3449 4054 3551 4093 non
3593 4058 3725 4096 vero

2142 4108 2373 4182 probare
2421 4110 2765 4182 peculiariter
2817 4112 2961 4174 vult,
3014 4126 3136 4182 eum
3197 4125 3318 4164 esse
3370 4108 3720 4182 Dominum],

2139 4181 2233 4249 qui
2283 4180 2440 4232 datur
2482 4180 2855 4244 credentibus,
2901 4195 2968 4233 ex
3030 4180 3202 4246 ipsius
3247 4179 3520 4248 prepheta:
3571 4179 3725 4235 Isaia:

2141 4248 2416 4304 discamus
2456 4249 2690 4317 eloquio,
2731 4251 2820 4317 qui
2855 4248 3060 4303 inducit
3093 4251 3162 4303 ad
3201 4251 3723 4317 quctnpiatn_dicen-

2145 4328 2252 4372 tem
2305 4315 2591 4373 Dominum
2650 4315 2867 4389 [codex
2931 4327 3133 4382 noster,
3187 4315 3380 4389 Deum]
3427 4331 3444 4372 :
3490 4315 3726 4388 Spiritus

2146 4403 2301 4443 meus
2360 4390 2414 4443 in
2455 4398 2528 4449 te.
2583 4388 2855 4443 et’vcrba
2912 4404 3028 4443 mea
3085 4389 3211 4443 dedi
3263 4388 3317 4442 in
3362 4388 3434 4442 ‘os
3489 4397 3661 4448 tuum.
3698 4409 3717 4441 ι

2146 4458 2420 4513 Hactenus
2458 4458 2768 4529 Didymus.
2837 4458 2991 4525 Quod
3062 4468 3271 4529 autent,
3308 4458 3361 4511 itt
3434 4462 3724 4527 postremis

2146 4529 2296 4581 hisce
2325 4527 2504 4581 verbis
2544 4527 2827 4597 legendum
2858 4533 2930 4582 sit
2969 4528 3150 4597 potius
3192 4547 3211 4580 ι
3251 4528 3463 4599 Deum,
3500 4546 3520 4580 ι
3554 4544 3720 4599 quam

2145 4616 2165 4648 ι
2212 4599 2518 4661 Dominum,
2558 4615 2577 4648 ι
2617 4608 2841 4667 apparet
2887 4600 3055 4651 etiam
3094 4614 3164 4652 ex
3200 4598 3381 4652 verbis
3406 4636 3423 4661 ,
3450 4598 3727 4666 quaapro-

2141 4668 2285 4721 xime
2331 4667 2695 4739 subjiciuntur
2727 4682 2757 4721 a
2784 4667 3032 4739 Didymo,
3054 4681 3439 4739 (qumque‘non
3474 4671 3630 4739 modo
3661 4669 3719 4720 in

2140 4745 2324 4790 nostro
2359 4739 2568 4801 codice,
2599 4738 2696 4791 sed
2723 4736 2903 4791 etiam‘
2918 4741 2970 4792 in
2995 4736 3235 4792 editione
3272 4736 3353 4792 sic
3379 4752 3441 4791 se
3473 4737 3673 4792 habent
3703 4756 3718 4790 :

2144 4825 2163 4858 ι
2198 4809 2514 4861 Ustcnditur
2559 4808 2706 4861 enim
2757 4824 2826 4861 ex
2860 4821 3111 4862 sermone
3160 4810 3414 4875 praesenti
3449 4807 3595 4876 (hoc
3636 4817 3721 4861 est

2137 4892 2206 4930 ex
2241 4877 2360 4931 loco
2408 4876 2560 4930 isaia:
2597 4891 2757 4944 quem
2814 4893 2956 4931 nunc
2991 4876 3170 4931 attulit
3213 4876 3517 4948 Didymus)
3574 4882 3722 4945 quod

2139 4948 2229 5013 qui
2275 4948 2547 5015 acceperit
2594 4948 2857 5013 Spiritum
2896 4967 2914 4998 ι
2968 4949 3085 5012 Det,
3139 4967 3159 4999 ι
3195 4948 3358 5001 simul
3387 4962 3510 5001 cum
3562 4963 3629 5001 eo
3661 4958 3717 4999 et

2139 5018 2303 5071 verba
2338 5034 2358 5067 ι
2397 5018 2485 5070 Dei
2520 5033 2540 5066 ι
2582 5020 2876 5083 possideat.
2917 5036 2936 5067 ι
2972 5015 3091 5070 Non
3118 5019 3194 5072 ait
3222 5015 3527 5085 Didymus:
3570 5033 3590 5068 t
3625 5020 3719 5085 qui

2139 5087 2407 5154 acceperit
2446 5087 2710 5156 Spiritum
2741 5087 2952 5141 Domini
2983 5125 2999 5140 .
3033 5124 3049 5139 .
3084 5124 3103 5142 .
3137 5090 3303 5142 verba

2144 5157 2338 5209 sideat.
2378 5175 2398 5209 ι

2212 5225 2323 5295 (27)
2356 5225 2605 5291 Spiritus.
2645 5226 2751 5281 lsa.
2793 5243 2905 5292 ut,
2935 5229 2985 5281 1.

2211 5296 2327 5366 (28)
2371 5296 2649 5350 Curantes.
2697 5298 2896 5366 Ephcs.
2931 5314 3004 5363 tv,
3032 5298 3090 5353 '5.

2210 5364 2328 5436 (29)
2371 5366 2431 5421 St
2455 5367 2649 5421 inveni.
2683 5364 2851 5422 Eiod.
2883 5384 3079 5433 xum,
3115 5366 3204 5421 15.

2211 5439 2325 5506 (δυ)
2375 5437 2530 5504 Apud
2553 5447 2622 5491 te.
2666 5437 2854 5493 Graeca
2887 5443 3058 5495 editio
3086 5455 3102 5492 :
3128 5436 3372 5491 ἐναντίον
3404 5451 3525 5503 σου,
3566 5437 3616 5490 id
3638 5445 3721 5487 cst

2144 5523 2166 5557 ε
2198 5522 2384 5561 coram
2419 5515 2490 5558 te.
2531 5523 2550 5556 ι
2624 5516 2637 5531 ⁸

2212 5577 2324 5645 (51)
2369 5574 2546 5645 diuiti.
2581 5575 2662 5630 Ex
2694 5576 2826 5633 Luc.
2862 5595 2925 5642 ιι,
2960 5580 3052 5633 24.

2213 5642 2327 5718 (52)
2370 5642 2559 5700 Nemo.
2609 5646 2738 5718 Luc.
2769 5662 2822 5710 ιι,
2862 5650 2953 5703 22.
2992 5651 3050 5705 In
3083 5649 3276 5710 Bibliis
3300 5654 3444 5712 idem
3472 5661 3559 5711 est
3585 5665 3709 5709 sett-

2143 5731 2258 5780 sus,
2287 5719 2382 5769 sed
2405 5719 2573 5784 verba
2599 5717 2993 5784 aliquantulum
3022 5722 3256 5778 diversa.

2213 5785 2327 5848 (53)
2366 5783 2489 5839 Non
2516 5790 2664 5849 quia.
2694 5783 2860 5843 Joau.
2891 5806 2963 5857 vt,
3000 5793 3091 5845 46.

3380 5087 3551 5142 omini
3590 5102 3718 5156 pos-
