4034 6410
315 359 425 418 969

1389 358 1478 413 DE
1515 354 1886 412 TRINITATE
1924 353 2124 410 LIBER
2164 354 2466 416 TERTIUS

3454 359 3557 418 970

314 469 412 524 τοῦ
441 467 596 524 Θεοῦ.
625 487 644 522 1
693 469 980 539 Ἦγοῦνται
1005 469 1134 542 γάρ,
1170 469 1244 534 ὡς
1275 471 1329 542 ἡ,
1366 490 1384 522 ι
1411 473 1599 534 Οὐδεὶς
1632 471 1788 533 ἄλλος
1815 487 1887 539 γι-

2002 471 2114 541 (54)
2167 471 2300 526 vidit
2343 471 2650 542 quisquam,
2713 471 2813 527 nisi
2857 473 2948 542 qui
2997 488 3062 529 ex
3108 474 3218 530 Deo
3255 473 3369 546 (55)
3399 483 3502 530 est.
3533 493 3554 527 ι

314 563 537 627 νώσκει,
565 583 584 616 ι
649 562 797 626 λέξις
834 563 1025 629 ἐξωθεῖ
1045 565 1142 634 τῆς
1174 563 1320 628 θείας
1351 563 1602 632 γνώσεως
1628 564 1690 616 τὸ
1718 565 1895 617 θεῖκὸν

314 653 572 724 Πνεῦμα·
605 653 664 706 οὐ
698 654 1076 725 προσέχοντες,
1120 655 1194 718 ὡς
1230 657 1263 724 ἡ
1301 654 1532 722 λέγουσα
1575 656 1746 726 φωνὴ,
1788 673 1807 707 t
1847 657 1896 708 εὶ

320 745 397 814 μὴ
431 747 458 796 6
483 744 559 797 ὢν
584 745 649 796 ἐκ
673 743 764 797 τοῦ
799 744 954 804 Θεοῦ,
979 764 996 796 ι
1055 744 1156 798 ούκ
1199 744 1444 798 ἐκϐάλλει
1473 744 1604 798 αὐτὸ
1643 745 1737 798 τοῦ
1766 747 1895 816 ὁρᾷν

316 836 412 888 καὶ
433 833 722 902 γινώσκειν
776 835 867 889 τὸν
915 837 1154 907 Πατέρα,
1192 836 1286 888 ἆτε
1320 837 1413 889 καὶ
1443 837 1655 890 Παύλου
1699 839 1897 908 ὁμοίως

314 923 627 994 γράψαντος
661 924 787 995 περὶ
824 925 988 977 αὑτοῦ
1010 942 1024 957 ο
1063 944 1081 977 ι
1106 925 1326 996 Πνεῦμα
1366 926 1427 979 τὸ
1453 929 1516 979 ἐκ
1545 925 1636 980 τοῦ
1669 927 1803 980 Θεοῦ
1830 943 1843 958 ·
1871 947 1890 979 ι

314 1013 524 1067 καὶτοῦ
554 1014 684 1067 Υἱοῦ
727 1017 995 1086 φήσαντος
1015 1033 1027 1046 ·
1087 1035 1104 1068 ι
1126 1017 1368 1088 Πνεῦμα,
1422 1018 1449 1070 ὃ
1478 1018 1628 1090 παρὰ
1666 1019 1759 1072 τοῦ
1786 1021 1896 1072 Πα-

313 1105 444 1178 τρδς
486 1106 876 1178 ἐκπορεύεται·
905 1128 921 1158 ι
977 1102 1096 1160 εἶτα
1150 1109 1244 1161 καὶ
1301 1110 1360 1162 ἐν
1392 1109 1564 1180 ἑτέρῳ
1604 1110 1766 1163 πάλιν
1803 1111 1895 1164 τοῦ

314 1179 530 1252 Παύλου
591 1200 960 1271 σιωπήσαντος
991 1200 1089 1270 μὲν
1151 1203 1214 1271 τῇ
1240 1200 1402 1267 λέξει,
1437 1179 1557 1272 οὐχ)
1605 1203 1662 1255 δὲ
1689 1203 1766 1274 τῷ
1798 1203 1894 1274 νῷ,

314 1287 406 1339 τὸν
435 1288 580 1352 Υὶὺν,
609 1289 915 1352 διδάξαντος
939 1290 994 1344 δὲ
1015 1291 1075 1342 τὸ
1109 1291 1332 1361 Πνεῦμα
1369 1292 1525 1361 μόνον
1549 1294 1680 1364 ὁρᾷν
1703 1295 1797 1345 καὶ
1823 1296 1897 1347 εξ-

313 1378 460 1431 δέναι
489 1379 578 1431 τὸν
639 1381 856 1451 Πατέρα
915 1382 973 1433 ἐν
1015 1385 1137 1444 ταῖς
1188 1382 1477 1446 συλλαϐαῖς
1522 1384 1739 1436 ταῖσδε·
1778 1405 1796 1436 ι
1822 1385 1896 1437 Τδ

316 1469 540 1538 Πνεῦμα
566 1471 741 1526 πάντα
762 1474 958 1544 ὲρευνᾷ
985 1475 1077 1527 καὶ
1099 1474 1166 1527 τὰ
1197 1475 1334 1545 βάθη
1355 1475 1446 1527 τοῦ
1475 1475 1607 1528 Θεοῦ
1624 1493 1637 1506 ·
1667 1477 1750 1540 τίς
1786 1479 1895 1550 γὰρ

313 1555 454 1611 οἶδεν
478 1559 776 1631 ἀνθρώπων
796 1563 862 1615 τὰ
890 1564 983 1616 τοῦ
1037 1565 1346 1636 ἀνθρώπου,
1411 1569 1459 1621 εἰ
1495 1569 1568 1640 μὴ
1592 1569 1652 1623 τὸ
1675 1571 1894 1643 πνεῦμα

312 1651 408 1704 τοῦ
439 1653 723 1722 ἀνθρώπου
762 1654 822 1707 τὸ
867 1657 923 1706 ὲν
972 1656 1156 1726 aii-cfp;
1215 1657 1356 1711 οὕτω
1395 1660 1488 1712 καὶ
1526 1660 1593 1712 τὰ
1613 1661 1706 1714 τοῦ
1759 1663 1892 1716 Θεοῦ

313 1743 488 1805 οὐδεὶς
517 1739 676 1804 οἶδεν,
706 1745 754 1796 εἰ
780 1743 852 1814 μὴ
878 1745 936 1796 τὸ
969 1745 1191 1816 Πνεῦμα
1221 1747 1314 1800 τοῦ
1333 1748 1465 1801 Θεοῦ
1488 1768 1501 1780 ο
1524 1767 1542 1800 ι
1582 1749 1676 1803 καὶ
1699 1750 1888 1804 πάλινο

1995 564 2127 618 Nam
2149 563 2328 618 verbis
2350 563 2475 628 illis,
2510 562 2708 618 «Nemo
2730 563 2866 618 alius
2891 567 3091 630 novit,»
3123 567 3362 621 divinum
3387 565 3560 636 Spiri-

1997 667 2108 711 tum
2139 657 2227 711 Dei
2255 657 2564 727 cognitione
2583 658 2894 712 destitutum
2927 659 3150 714 indicari
3185 659 3554 714 arbitrantur:

1997 762 2173 816 neque
2207 747 2666 812 animadvertunt,
2705 749 2882 804 verbis
2902 765 3019 820 qua:
3042 749 3224 804 statim
3265 749 3556 813 adduntur,

2001 855 2020 888 ι
2047 839 2147 892 nisi
2179 838 2269 908 qui
2305 853 2371 892 ex
2421 836 2531 892 Deo
2559 846 2663 904 est,
2696 857 2715 890 ι
2755 837 2927 893 Patris
2967 839 3232 894 visionem
3279 847 3336 894 et
3365 838 3554 908 cogni-

2001 927 2198 980 tionem
2230 926 2404 980 eidem
2445 926 2603 980 tribui
2631 945 2644 980 :
2685 927 2882 996 quippe
2914 942 3036 982 cum
3068 928 3231 982 etiam
3266 926 3465 982 Paulus
3493 927 3562 982 de

1998 1017 2088 1070 illo
2133 1017 2385 1071 similiter
2430 1017 2751 1085 scripserit:
2788 1037 2806 1069 ι
2837 1017 3074 1086 Spiritus
3103 1019 3213 1090 (56)
3238 1019 3328 1088 qui
3352 1034 3416 1075 ex
3450 1019 3562 1074 Deo

1994 1116 2172 1174 θείς»
2237 1118 2290 1164 et
2340 1109 2508 1164 Filius
2559 1110 2793 1166 dixerit:
2831 1129 2848 1162 ι
2885 1111 3120 1181 Spiritus
3165 1115 3256 1181 qui
3307 1127 3338 1166 a
3396 1109 3556 1166 Patre

1995 1199 2279 1268 procedit:
2321 1218 2342 1253 ι
2377 1215 2441 1254 ac
2465 1210 2725 1269 prasterea
2759 1202 2812 1256 in
2849 1203 2955 1258 alio
3006 1203 3314 1258 testimonio
3371 1217 3561 1259 rursus

1995 1287 2193 1342 Paulus
2244 1289 2423 1342 verbis
2471 1290 2688 1358 quidem
2762 1289 2954 1346 Filium
3009 1293 3260 1358 tacuerit,
3306 1292 3400 1348 sed
3451 1307 3558 1346 non

1994 1391 2191 1443 sensu;
2252 1393 2280 1432 a
2310 1380 2424 1432 solo
2467 1389 2644 1436 autem
2693 1381 2894 1450 Spiritu
2935 1383 3104 1437 videri
3145 1393 3198 1438 et
3249 1384 3400 1439 nosci
3451 1383 3557 1438 Pa-

1996 1478 2129 1522 trem
2169 1470 2414 1524 docuerit
2462 1471 2609 1527 hisce
2654 1475 2874 1529 verbis:
2908 1493 2927 1526 ι
2953 1475 3190 1545 Spiritus
3235 1476 3349 1547 (57)
3373 1477 3556 1531 omnia

1992 1570 2284 1627 scrutatur,
2335 1562 2497 1615 etiam
2539 1563 2799 1631 profunda
2847 1566 2978 1621 Dei:
3014 1567 3135 1636 quis
3185 1567 3329 1621 enim
3383 1568 3557 1622 homi-

1991 1663 2120 1701 num
2169 1651 2316 1703 novit
2345 1665 2464 1718 qua:
2495 1655 2917 1720 suntliominis,
2965 1657 3065 1710 nisi
3112 1659 3334 1727 Spiritus
3379 1658 3559 1712 homi-

1993 1740 2077 1794 nis
2115 1741 2228 1812 (58)
2259 1743 2348 1810 qui
2385 1744 2436 1796 in
2464 1744 2580 1813 ipso
2609 1745 2770 1816 437
2795 1748 2922 1802 est?
2950 1747 3030 1802 sic
3058 1758 3113 1803 et
3140 1764 3259 1819 qua:
3282 1763 3410 1803 sunt
3435 1749 3554 1814 Dei,

321 1851 342 1881 ‹
370 1833 487 1882 ’Ὁτι
523 1835 550 1884 6
573 1831 703 1896 Θεὸς
731 1829 892 1895 οἶδεν,
927 1835 978 1886 τί
1007 1836 1067 1887 τὸ
1097 1837 1349 1907 φρόνημα
1387 1837 1480 1891 τοῦ
1511 1839 1842 1910 Πνεύματος.
1867 1858 1884 1891 ι

1994 1846 2152 1886 nemo
2184 1834 2334 1886 novit
2370 1835 2470 1888 nisi
2515 1835 2750 1905 Spiritus
2781 1838 2873 1892 Dei
2905 1859 2918 1894 :
2955 1857 2972 1891 ι
3009 1851 3064 1894 et
3097 1856 3283 1896 rursus
3313 1841 3551 1897 dixerit:

330 1920 554 1990 Ἐρευνᾷ
574 1921 628 1972 δὲ
662 1921 751 1974 τὸν
786 1922 914 1974 Θεὸν
949 1925 1045 1994 οὐχ
1073 1925 1101 1976 6
1125 1923 1200 1996 μὴ
1237 1925 1398 1994 ὁρῶν,
1435 1928 1568 1998 μηδὲ
1593 1927 1764 1981 συνὼν
1796 1929 1891 1981 αύ-

315 2011 394 2080 τῷ
415 2028 430 2042 ο
465 2013 557 2064 καὶ
581 2008 718 2066 οἶδεν
744 2013 811 2067 τὰ
839 2015 931 2067 τοῦ
961 2016 1094 2070 Θεοῦ
1122 2019 1218 2088 οὐχ
1245 2021 1272 2071 6
1302 2019 1375 2090 μὴ
1403 2019 1683 2087 γινώσκων
1708 2021 1887 2084 αὐτὸν,

319 2107 454 2175 μηδὲ
501 2106 576 2160 ὢν
597 2110 692 2178 τῆς
722 2110 890 2181 αὐτῆς
921 2110 1172 2182 θεότητος
1194 2130 1208 2144 ·
1268 2114 1528 2168 ἀδύνατον
1560 2115 1668 2187 γὰρ
1695 2117 1889 2170 εἰδέναι

315 2197 385 2249 τὰ
414 2199 505 2250 τοῦ
539 2199 672 2252 Θεοῦ
736 2201 926 2265 οὕτως,
971 2203 1046 2266 ὡς
1088 2200 1226 2258 οἶδεν
1255 2206 1393 2259 αὐτὰ
1425 2209 1452 2258 6
1483 2206 1631 2270 Θεὸς.
1667 2207 1761 2260 καὶ
1790 2207 1890 2278 τὴν

318 2287 440 2359 ῐσην
469 2289 664 2356 γνῶσιν
693 2291 985 2361 κεκτῆσθαι
1013 2292 1182 2364 αύτῷ,
1208 2295 1281 2364 μὴ
1311 2295 1409 2363 τῆς
1436 2295 1602 2366 αὐτῆς
1628 2295 1775 2366 αύτῷ
1802 2297 1892 2348 ού-

317 2379 439 2444 σίας
462 2382 554 2433 καὶ
580 2380 830 2449 γνώσεως
859 2383 1187 2454 ὑπάρχοντα.
1219 2385 1291 2436 Τὸ
1315 2385 1370 2437 δὲ
1386 2385 1524 2448 εἰδὸς
1549 2384 1616 2437 τὰ
1638 2384 1731 2437 τοῦ
1755 2384 1888 2439 Θεοῦ

317 2473 410 2524 καὶ
437 2471 495 2523 ὃν
517 2471 642 2544 [215
673 2472 728 2544 α]
781 2475 873 2527 ἐπὶ
905 2475 996 2530 τὸν
1026 2475 1174 2541 Υἱὸν,
1205 2472 1343 2530 οἶδεν
1383 2477 1476 2529 καὶ.
1507 2477 1575 2530 τὰ
1613 2478 1706 2531 τοῦ
1735 2478 1886 2533 Υἱοῦ.

329 2564 418 2628 Ὠς
450 2565 584 2636 πρὸς
630 2567 756 2630 τοὺς
786 2568 1036 2631 κτιστούς
1070 2570 1185 2623 ἐστι
1213 2569 1391 2622 τοίνυν
1423 2569 1503 2632 τὸ,
1553 2589 1570 2620 ι
1595 2571 1780 2635 Οὐδεὶς
1805 2590 1891 2641 γι-

314 2653 512 2708 νώσκει
543 2653 632 2709 τὸν
664 2657 904 2729 Πατέρα.
934 2678 951 2710 ι
1003 2658 1036 2730 ἢ
1071 2659 1198 2713 «τὸν
1241 2659 1369 2713 Υἱὸν
1401 2677 1414 2691 ·
1443 2679 1461 2711 ι
1494 2659 1616 2713 οὔτε
1655 2662 1760 2734 μὴν
1788 2663 1891 2734 ὁρᾷ

315 2743 488 2807 οὕτως
517 2745 592 2808 ὡς
609 2745 788 2801 ἐστιν·
832 2747 953 2800 οὕτε
983 2749 1090 2820 γὰρ
1146 2751 1180 2822 ἡ
1219 2751 1532 2823 ὲγχωροῦσα
1569 2753 1892 2824 κατανόησις

317 2840 376 2891 ὲν
405 2841 588 2903 πᾶσιν,
621 2839 744 2892 ἐπεὶ
781 2840 856 2911 μὴ
876 2841 1072 2904 πάντες
1093 2841 1361 2915 άξιόχρεοι
1378 2860 1390 2872 ο
1411 2844 1502 2896 καὶ
1523 2845 1580 2896 ἐν
1606 2840 1686 2906 οἷς
1720 2845 1888 2908 ἐστιν,

315 2929 416 2981 οὐκ
445 2930 531 3000 ἴση
570 2931 786 3001 ἑκάστῳ
835 2931 1086 3002 ὑπάρχει.
1119 2934 1276 2986 Κατὰ
1303 2934 1411 3005 γὰρ
1447 2934 1537 2986 τὸν
1571 2934 1781 2988 Παύλου
1806 2934 1892 2987 λό-

316 3037 444 3089 γον’
483 3040 500 3072 ι
530 3023 706 3092 Ἀλλῳ
737 3023 835 3092 μὲν
868 3024 1069 3077 δίδοται
1119 3024 1318 3092 γνῶσις
1359 3025 1567 3092 σοφίας,
1592 3044 1611 3077 ι
1659 3024 1800 3095 ἄλλῳ
1831 3023 1888 3076 δὲ

316 3111 430 3164 τόδε
525 3113 642 3166 τόδε
664 3129 676 3140 ·
707 3113 845 3168 κατὰ
867 3114 923 3166 δὲ
945 3115 1004 3167 τὸ
1031 3115 1378 3184 Εὐαγγέλιον,
1406 3103 1450 3182 ᾧ
1472 3116 1668 3170 δίδοται
1702 3133 1890 3187 περισ-

319 3206 553 3277 σότερον,
584 3206 972 3278 περισσοτέρας
1014 3207 1242 3270 εὐθύνας
1285 3208 1569 3276 ἐπάγεται.
1612 3209 1886 3280 Ᾱερετικοὶ

315 3295 373 3349 δέ
398 3311 558 3363 φασιν
578 3313 591 3327 ·
623 3315 641 3347 ι
666 3297 891 3367 Ἐρευνᾷ
918 3295 986 3348 τὰ
1025 3295 1159 3367 βάθη
1185 3296 1276 3349 τοῦ
1312 3294 1467 3357 Θεοῦ,
1491 3315 1506 3346 ι
1528 3297 1604 3360 ὡς
1636 3297 1881 3365 ἀγνοοῦν.

331 3384 467 3437 Ἀλλ’
495 3385 790 3456 ἐπήγαγεν,
815 3383 892 3448 ὡς
931 3403 948 3436 ι
967 3380 1117 3437 Οἶδεν
1141 3384 1209 3437 τὰ
1237 3385 1329 3437 τοῦ
1354 3384 1507 3438 Θεοῦ.
1531 3404 1549 3436 ι

1997 1939 2016 1972 ι
2053 1923 2191 1976 Deus
2228 1924 2377 1978 novit
2409 1925 2520 1996 (59)
2551 1929 2676 1996 quid
2704 1929 2978 1984 desideret
3003 1931 3120 2001 (aut
3153 1930 3348 2002 sapiat)
3379 1930 3556 2001 Spiri-

1989 2022 2096 2068 tus.
2130 2035 2148 2068 ι
2187 2017 2256 2069 At
2288 2032 2415 2071 vero
2445 2019 2610 2072 Deum
2655 2035 2763 2075 non
2795 2031 3072 2076 scrutatur
3113 2023 3204 2093 qui
3261 2039 3384 2079 eum
3437 2039 3547 2078 non

1989 2104 2156 2168 videt,
2175 2107 2373 2174 quique
2397 2122 2517 2160 cum
2541 2121 2605 2161 eo
2620 2123 2721 2161 non
2740 2111 3234 2180 coexsistitzneque
3262 2111 3409 2166 novit
3431 2127 3553 2182 qua:

1991 2195 2084 2250 Dei
2127 2207 2250 2250 sunt
2301 2199 2392 2266 qui
2441 2199 2614 2267 ipsum
2665 2201 2831 2254 Deum
2866 2217 2968 2255 non
3023 2205 3554 2274 cognoscit,quique

1991 2303 2094 2340 non
2129 2297 2213 2342 est
2241 2288 2479 2354 eiusdem
2512 2305 2632 2344 cum
2663 2291 2780 2361 ipso
2803 2293 3043 2348 deitatis.
3084 2293 3228 2350 Fieri
3260 2295 3404 2350 enim
3444 2309 3550 2348 non

1990 2390 2191 2448 potest,
2224 2390 2284 2434 ut
2313 2381 2355 2434 is
2379 2381 2467 2448 qui
2495 2397 2598 2436 non
2630 2385 2700 2437 sit
2733 2382 2973 2452 ejusdem
3009 2399 3131 2440 cum
3164 2386 3272 2440 Deo
3301 2385 3555 2442 essentia

1988 2477 2043 2524 et
2069 2471 2256 2524 eadem
2281 2472 2586 2541 cognitione
2613 2476 2892 2544 praeditus,
2925 2487 3111 2531 noscat
3139 2493 3260 2547 qua:
3283 2477 3375 2533 Dei
3405 2487 3552 2542 sunt,

1989 2560 2131 2615 sicut
2186 2563 2338 2616 novit
2399 2577 2462 2618 ea
2499 2563 2659 2631 Deus,
2695 2574 2750 2619 et
2776 2566 3032 2636 aequalem
3062 2583 3182 2623 cum
3215 2569 3330 2639 ipso
3362 2569 3556 2625 habeat

1989 2653 2374 2722 cognitionem.
2401 2655 2501 2722 Qui
2524 2667 2700 2711 autem
2725 2667 2780 2712 et
2811 2658 3098 2729 novitquaa
3130 2659 3222 2715 Dei
3241 2669 3383 2726 sunt,
3403 2670 3558 2719 etest

1990 2743 2043 2797 in
2091 2742 2250 2807 Filio,
2301 2745 2346 2798 is
2377 2747 2524 2799 novit
2561 2747 2724 2800 etiam
2753 2763 2874 2816 quae
2915 2762 3040 2804 sunt
3069 2750 3212 2806 Filii.
3246 2751 3429 2822 Itaque
3454 2769 3546 2810 re-

1990 2847 2178 2905 speclu
2228 2849 2600 2892 creaturarum
2656 2840 2855 2895 dicitur
2904 2841 3083 2900 illud:
3141 2842 3360 2900 «Nemo
3404 2847 3556 2902 novit

1989 2925 2229 2992 Patrem,
2265 2947 2284 2980 ι
2327 2938 2419 2983 aut
2457 2946 2476 2980 ‹
2504 2929 2723 2995 Filium,
2758 2951 2776 2984 ι
2809 2945 2906 2986 nec
2934 2934 3218 3003 quisquam
3248 2950 3370 2990 eum
3405 2937 3553 2992 videt

1989 3017 2147 3073 sicuti
2179 3029 2261 3075 est
2288 3038 2301 3075 :
2328 3036 2450 3074 nam
2495 3037 2562 3076 ne
2602 3021 2691 3075 illa
2733 3023 2948 3088 quidem
3000 3025 3308 3092 cognitione
3349 3041 3414 3083 ac
3467 3028 3554 3082 vi-

1989 3111 2180 3175 sione,
2229 3125 2347 3179 quae
2392 3112 2662 3181 possibilis
2710 3123 2814 3177 est,
2862 3114 3116 3170 fruuntur
3163 3132 3393 3184 omnes;
3451 3133 3552 3173 nec

1989 3203 2132 3257 enim
2167 3218 2354 3257 omnes
2382 3214 2508 3258 sunt
2541 3220 2602 3258 ea
2635 3206 2781 3276 digni
2811 3224 2826 3262 :
2860 3207 2949 3276 qui
2983 3222 3112 3261 vero
3139 3209 3224 3261 illa
3251 3210 3550 3278 poliuntur,

1990 3295 2266 3363 :equalitcr
2289 3295 2481 3363 singuli
2537 3311 2642 3350 non
2689 3297 2986 3367 potiuntur.
3033 3296 3165 3352 Nam
3211 3299 3365 3368 juxta
3411 3299 3552 3357 Pau-

1990 3386 2126 3448 lum,
2154 3385 2352 3440 «Alteri
2376 3387 2486 3457 (40)
2515 3388 2728 3458 quidem
2755 3391 2913 3444 datur
2939 3391 3172 3459 cognitio
3197 3392 3497 3462 sapientia,
3525 3415 3546 3448 1

316 3477 472 3531 alteri
495 3486 671 3531 autem
709 3478 833 3543 hoc,
856 3488 948 3530 aut
983 3478 1105 3532 hoc.
1171 3476 1331 3532 Juxta
1366 3478 1710 3550 Evangelium
1772 3493 1923 3547 vero,
1963 3479 2009 3535 is
2075 3479 2160 3534 cui
2193 3480 2349 3534 datur
2391 3481 2504 3551 (Μ)
2555 3481 2939 3546 abundantius,
2983 3484 3239 3550 majorem
3282 3482 3547 3540 rationem

392 3639 503 3711 {54)
532 3641 715 3695 Deum.
755 3642 940 3697 Graeca
967 3643 1132 3698 editio
1163 3639 1286 3694 ετὺν
1311 3638 1552 3709 Πατέρα,
1576 3638 1629 3692 id
1664 3638 1890 3694 esttPa-

321 3721 482 3764 trem.
520 3729 538 3760 ι

392 3782 501 3848 (55)
551 3779 641 3852 βπ
672 3780 796 3832 Deo.
830 3781 1017 3836 Grreca
1046 3781 1210 3834 editio
1239 3799 1254 3835 :
1288 3779 1436 3852 παρὰ
1461 3778 1553 3832 τοῦ
1583 3777 1742 3832 Θεοῦ.

391 3852 500 3919 (56)
540 3849 790 3915 Spiritus.
846 3852 860 3903 I
891 3853 1014 3904 Cor.
1045 3867 1105 3914 It,
1137 3852 1219 3902 1‘2.

390 3921 500 3985 (57)
540 3919 786 3987 Spiritus.
822 3921 839 3973 I
879 3922 1004 3975 Cor.
1036 3937 1095 3981 ll,
1131 3919 1312 3977 10.”.

393 3991 504 4059 (58)
545 3989 778 4058 Spiritus
816 3990 1060 4044 hominis.
1097 3991 1219 4044 Ihm:
1250 3989 1406 4042 verba
1449 3989 1566 4042 sine
1601 3987 1763 4040 dubio
1796 4003 1884 4041 ac-

320 4061 460 4127 cepit
483 4059 745 4130 Didymus
778 4062 842 4114 de
879 4061 1112 4112 humano
1139 4070 1323 4130 creato
1345 4060 1532 4124 spiritu
1554 4097 1595 4130 ,4
1619 4070 1674 4110 ut
1709 4059 1880 4130 reipsa

323 4127 630 4196 accipienda
663 4141 826 4182 sunt:
858 4130 1107 4197 quamvis
1143 4129 1284 4181 hunc
1313 4127 1487 4195 ipsum
1520 4128 1766 4192 spiritum
1813 4129 1880 4181 ab

321 4199 500 4251 anima
557 4198 893 4263 distinxerit,
939 4207 996 4252 ut
1046 4198 1284 4252 nonnulli
1331 4199 1420 4249 alii
1472 4198 1713 4249 iecerant
1755 4208 1882 4251 ante

323 4267 616 4337 ipsutn,de
653 4284 756 4337 qua
787 4285 843 4322 re
891 4270 942 4322 in
973 4284 1208 4336 praesens
1250 4268 1430 4320 dicere
1464 4267 1879 4334 inopportuumn

325 4336 482 4389 foret.
516 4336 696 4405 Itaque
729 4339 961 4391 nendum
992 4340 1126 4391 satis
1166 4337 1462 4405 intelligere
1506 4337 1650 4400 potui
1685 4351 1784 4388 cur
1830 4337 1880 4388 iti

323 4406 458 4459 Iihro
498 4406 573 4459 De
618 4407 822 4473 Spiritu
862 4417 1042 4461 sancto
1076 4422 1222 4460 num.
1257 4407 1345 4467 54,
1411 4405 1677 4472 vulgatam
1723 4414 1882 4472 atque

321 4479 477 4538 adeo,
506 4487 562 4529 ut
587 4480 830 4544 equidem
877 4493 1020 4541 reor,
1055 4479 1342 4544 genuinam
1377 4474 1656 4528 lectionem
1686 4475 1882 4528 immu—

323 4546 454 4597 tarit
488 4546 566 4598 vir
595 4547 664 4600 cl.
711 4545 1021 4601 Vallarsius.
1079 4547 1251 4601 Utres
1273 4545 1551 4613 perspicua
1585 4547 1653 4597 sit
1679 4584 1693 4606 ,
1737 4545 1884 4612 prius

326 4614 489 4670 aiiero
545 4630 668 4669 eum
719 4615 925 4686 Didymi
975 4617 1147 4669 locum
1196 4631 1258 4667 ex
1307 4615 1879 4686 etlitioueerrouensi

326 4700 444 4737 cum
491 4698 673 4738 nostro
713 4685 898 4741 codice
937 4701 966 4738 a
1015 4701 1099 4740 me
1131 4686 1343 4740 collata.
1391 4701 1409 4732 t
1456 4685 1660 4737 Dicitur
1701 4686 1880 4747 etiam,

325 4765 543 4823 exe-epla
591 4757 792 4817 anima,
828 4767 882 4811 et
909 4767 1133 4821 excepto
1169 4756 1358 4824 spiritu
1393 4764 1608 4816 nostro,
1647 4754 1882 4820 Spiritus

325 4826 598 4896 aliusquis
618 4840 736 4878 esse
763 4825 814 4879 in
845 4827 1061 4880 homine
1100 4825 1291 4896 [codex
1320 4837 1538 4896 nostcr_:
1582 4835 1631 4875 et
1673 4833 1882 4896 excepto

327 4893 523 4959 Spiritu
559 4904 740 4947 sancto
764 4934 778 4958 ,
817 4897 954 4948 alius
990 4891 1121 4963 quis-
1139 4911 1248 4948 esse
1283 4897 1337 4947 in
1381 4892 1586 4944 homine
1617 4891 1882 4962 spiritus],

328 4966 392 5016 de
424 4979 530 5030 quo
568 4964 762 5017 Paulus
807 4967 1035 5020 scribit:
1082 4983 1100 5017 ι
1137 4967 1267 5031 Quis
1299 4965 1441 5016 enim
1473 4963 1576 5017 scit
1608 4963 1883 5015 hominum

326 5047 389 5084 ea
413 5049 532 5100 qua:
571 5043 698 5086 sunt
735 5036 988 5098 hominis,
1037 5037 1139 5089 nisi
1176 5033 1398 5102 spiritus
1442 5033 1672 5085 hominis
1706 5033 1794 5100 qui
1830 5033 1881 5084 in

326 5115 392 5154 eo
423 5103 546 5155 est?
592 5123 612 5155 ι
669 5104 726 5157 Si
771 5107 912 5158 enim
957 5106 1188 5159 voluerit
1233 5105 1559 5158 contendere
1597 5102 1880 5169 quispiam,

328 5173 565 5243 animam
614 5175 702 5227 hie
743 5176 1036 5243 signiﬁcari
1070 5177 1122 5228 in
1156 5175 1371 5242 spiritu,
1411 5174 1531 5242 quis
1565 5177 1676 5243 erit
1702 5174 1880 5235 homo,

327 5242 483 5308 cujus
525 5240 915 5312 cogitationes,
960 5253 1013 5298 et
1047 5240 1276 5306 arcana,
1324 5253 1379 5296 et
1413 5240 1625 5312 secreta
1661 5240 1885 5312 [rectius

327 5313 496 5385 codex
532 5310 718 5367 noster
753 5331 766 5367 :
799 5314 1010 5385 secreti]
1042 5315 1219 5368 cordis
1245 5312 1450 5366 occulta
1485 5310 1693 5385 nesciat
1722 5311 1884 5385 homo

329 5375 466 5450 [cod.
500 5391 699 5444 noster,
734 5385 869 5436 alius
898 5375 1075 5452 horuoi
1105 5385 1207 5437 nisi
1235 5385 1456 5450 spiritus
1475 5381 1636 5450 ejus?
1659 5379 1790 5452 Quia
1818 5379 1886 5431 de

329 5449 552 5518 torpore
594 5453 838 5522 solitario
885 5455 988 5508 hoc
1039 5449 1338 5522 intelligere
1385 5449 1518 5506 velle
1567 5449 1883 5522 perstultuin

327 5517 433 5597 est.
458 5520 608 5597 Quod
658 5524 701 5575 si
742 5535 929 5597 arguta
969 5522 1114 5595 [θοὰ.
1155 5517 1375 5597 noster;
1407 5517 1650 5597 argutus]
1683 5520 1887 5597 iiititur

325 5584 511 5641 Sraude
543 5584 833 5663 surrepere
847 5584 990 5663 [ροιιῖ
1019 5602 1201 5648 noster
1228 5611 1242 5646 :
1271 5584 1557 5663 subripere]
1587 5584 1650 5643 dé
1681 5588 1885 5663 Spiritu

325 5671 512 5730 sancto
542 5661 657 5714 haec
692 5658 891 5730 scripta
923 5671 1262 5725 contestans;
1306 5664 1351 5716 si
1401 5658 1682 5729 diligenter
1724 5658 1885 5730 verba

327 5727 436 5796 ipsa
477 5727 820 5793 consideret,
855 5732 1088 5786 cessabit
1121 5746 1366 5786 asserere
1401 5727 1757 5784 mendacium.
1795 5727 1885 5780 Si-

325 5800 538 5866 qdidem
564 5801 637 5853 ita
661 5804 920 5868 scripturn
942 5813 1062 5855 est:
1099 5821 1118 5854 ι
1151 5801 1280 5867 Quis
1301 5809 1443 5854 enim
1476 5802 1579 5855 scit
1609 5799 1884 5854 hominum

643 5890 914 5954 Parnoc.
953 5894 1068 5952 Gn.
1104 5889 1404 5952 XXXIX.

1994 3655 2114 3714 qua;
2153 3649 2278 3714 sunt
2318 3638 2583 3700 hominis,
2628 3641 2730 3694 nisi
2752 3642 2984 3714 spiritus
3015 3642 3247 3714 hominis
3280 3645 3370 3714 qui
3405 3645 3458 3699 in
3488 3660 3552 3700 eo

1995 3709 2116 3764 est?
2149 3709 2237 3764 Sic
2267 3723 2319 3764 et
2342 3728 2410 3782 Aea
2443 3711 2866 3782 quaasuntDei,
2903 3727 3059 3767 nemo
3085 3713 3207 3778 scit,
3240 3709 3339 3768 nisi
3387 3714 3552 3782 Spiri-

1995 3789 2082 3832 tus
2120 3781 2232 3834 Dei.
2271 3799 2289 3830 ι
2327 3779 2442 3846 Quo
2474 3780 2630 3832 modo
2652 3781 2794 3832 enim
2821 3783 2958 3837 alitis
2983 3791 3066 3836 est
3094 3783 3272 3847 homo,
3303 3779 3441 3838 alius
3469 3798 3551 3841 est

1991 3849 2164 3914 Deus;
2193 3852 2272 3904 sic
2305 3863 2354 3904 et
2376 3850 2612 3922 spiritus
2647 3851 2878 3922 hominis
2901 3891 2917 3916 ,
2946 3852 3038 3922 qui
3072 3862 3153 3905 est
3182 3853 3235 3907 in
3269 3868 3352 3914 eo,
3393 3869 3552 3920 sepa-

1991 3930 2141 3972 ratur
2169 3936 2198 3972 a
2244 3921 2450 3992 Spiritu
2478 3919 2590 3982 Dei,
2633 3920 2720 3988 qui
2755 3931 2838 3975 est
2871 3925 2921 3976 in
2952 3919 3016 3976 eo
3049 3939 3063 3974 :
3099 3936 3257 3990 quem
3289 3919 3547 3992 Spiritum

1990 3999 2235 4042 sanctum
2272 4007 2391 4043 esse
2435 3989 2644 4061 [vocem
2685 4005 2793 4044 esse
2839 3993 2978 4046 addo
3022 4007 3085 4045 ex
3117 3989 3307 4046 nostro
3332 3989 3548 4116 'codicel

1990 4056 2301 4116 frequenter
2347 4059 2698 4113 ostendimus.
2756 4080 2773 4110 ι
2830 4059 3102 4114 Hactenus
3144 4060 3416 4116 Didvmus.
3458 4079 3526 4116 au

1988 4056 2301 4132 frequenter
2347 4056 2698 4113 ostendimus.
2756 4080 2773 4110 ι
2830 4059 3416 4132 HactenusDidymus,
3458 4079 3526 4132 qu

1987 4138 2097 4200 tres
2133 4130 2218 4180 hic
2248 4138 2511 4200 memorat
2536 4135 2680 4184 vocis
2710 4149 2728 4181 ι
2775 4131 2997 4198 spiritus
3029 4149 3047 4180 ι
3083 4129 3501 4200 signiﬁcationes
3528 4149 3544 4188 :

1986 4197 2216 4269 primam
2246 4214 2350 4267 qua
2383 4199 2616 4262 Spiritus
2653 4197 2903 4266 sanctus,
2934 4197 3158 4254 alteram
3192 4215 3295 4269 qua
3331 4203 3508 4253 anima
3530 4241 3546 4266 ,

1990 4267 2200 4320 tertiam
2243 4285 2345 4336 qua
2396 4269 2615 4336 spiritus
2650 4282 2865 4323 creatus
2919 4271 2970 4323 in
3009 4267 3223 4323 homine
3267 4270 3333 4322 ab
3368 4270 3546 4325 anima

1987 4336 2234 4390 diversus
2261 4338 2613 4407 signiﬁcatur.
2648 4341 2834 4407 Itaque
2862 4355 2964 4392 non
3001 4341 3152 4392 video
3182 4353 3278 4391 cur
3300 4339 3546 4394 clarissi-

1989 4421 2110 4476 tnus
2147 4407 2320 4460 editor
2368 4407 2689 4462 Veronensis
2719 4411 2781 4461 ad
2815 4425 2878 4462 ea
2924 4407 3120 4470 verba,
3148 4423 3265 4476 qua:
3306 4411 3386 4461 sic
3435 4409 3548 4476 ipse

1989 4475 2136 4544 legit,
2178 4494 2197 4526 ι
2231 4487 2283 4530 et
2309 4489 2532 4544 excepto
2564 4477 2764 4543 Spiritu
2796 4491 3001 4541 nostro,
3038 4495 3056 4527 ι
3085 4475 3198 4530 haec
3227 4475 3501 4532 adnatavit
3528 4496 3543 4532 :

1995 4492 2038 4528 te
2079 4492 2136 4537 it,
2178 4494 2197 4526 ι
2231 4492 2283 4530 et
2309 4492 2532 4544 excepto
2564 4492 2764 4543 Spiritu
2796 4492 3001 4541 nostro,
3038 4495 3056 4527 ι
3085 4492 3198 4530 tunc
3227 4492 3501 4532 adnatant
3528 4496 3543 4532 :

1995 4563 2014 4596 ‹
2042 4492 2253 4614 Insigni
2284 4561 2472 4600 errore
2501 4547 2628 4600 editi
2666 4547 2944 4609 hactenus,
2978 4558 3032 4601 et
3075 4547 3273 4614 passim
3309 4562 3436 4601 mss.
3470 4548 3548 4602 le-

1986 4617 2182 4684 gebant
2208 4630 2222 4667 :
2257 4635 2275 4666 ι
2307 4627 2358 4668 et
2385 4626 2610 4684 excepto
2634 4618 2834 4684 Spiritu
2869 4627 3075 4681 sancto,
3107 4615 3336 4682 Spiritus
3361 4618 3498 4672 alius
3521 4637 3542 4671 ι

1985 4695 2088 4738 etc.
2125 4685 2410 4748 Substitui,
2442 4703 2460 4736 ι
2496 4687 2686 4751 spiritu
2717 4698 2921 4745 nostro.
2954 4689 3082 4756 radi
3104 4685 3304 4739 codicis
3332 4685 3549 4756 Regina:

1986 4756 2166 4818 iidem,
2194 4756 2426 4808 maxime
2461 4769 2586 4808 vero
2614 4759 2678 4808 ad
2704 4768 2864 4809 recta:
2895 4755 3118 4809 rationis
3149 4755 3545 4821 argumentum,

1985 4835 2038 4877 et
2062 4825 2268 4878 Paulini
2293 4825 2582 4877 testimonii
2607 4840 2847 4880 sensum.
2887 4843 2906 4877 ι
2943 4826 3094 4889 Quod
3124 4824 3168 4877 si
3197 4824 3376 4891 opinio
3404 4842 3544 4892 mea,

1987 4905 2080 4947 aut
2112 4897 2266 4948 lectio
2290 4910 2450 4962 quam
2482 4906 2655 4958 tueor,
2680 4895 3088 4948 conﬁrmatione
3115 4895 3394 4962 indigeret,
3422 4911 3550 4950 cou-

1986 4964 2192 5017 lirmari
2216 4966 2377 5016 etiam
2407 4974 2588 5031 posset
2613 4981 2676 5017 ex
2711 4963 3019 5032 Hieronymi
3064 4965 3468 5020 commentariis
3495 4967 3550 5020 in

1984 5033 2253 5102 Danielem
2301 5048 2421 5100 cap.
2485 5047 2566 5085 ιιι.
2623 5045 2752 5088 ιοιιι.
2816 5033 2879 5097 γ,
2931 5049 3053 5102 pag.
3112 5033 3234 5086 661.
3287 5032 3360 5086 Ibi
3407 5036 3551 5089 enim

1988 5050 2253 5086 uametem
2301 5050 2421 5100 cap.
2485 5050 2566 5085 ιιι.
2623 5050 2752 5088 ιοιιι.
2824 5050 2879 5097 v,
2931 5050 2996 5102 pa
3040 5073 3053 5087 .
3112 5050 3234 5086 on.
3287 5050 3360 5086 IDI
3407 5050 3551 5089 enim

1988 5101 2045 5155 S.
2083 5103 2276 5156 Doctor
2323 5107 2463 5156 hunc
2508 5102 2680 5172 ipsum
2707 5140 2723 5164 ,
2751 5113 2807 5157 ut
2837 5118 2980 5162 reor.
3003 5050 3223 5172 ﬁlidymi
3255 5101 3429 5157 locum
3463 5122 3553 5160 re-

1987 5172 2220 5240 Spiciens
2251 5173 2440 5226 scribit
2469 5191 2482 5226 :
2528 5190 2547 5222 ι
2586 5172 2727 5226 Sunt
2754 5174 2843 5243 qui
2893 5173 3056 5225 alium
3088 5173 3252 5226 velint
3281 5187 3402 5228 esse
3441 5176 3554 5243 spi-

1988 5247 2146 5295 ritum
2183 5243 2234 5294 iu
2270 5243 2518 5307 homine,
2547 5253 2770 5312 excepto
2801 5242 3002 5307 Spiritu
3032 5253 3221 5296 sancto
3244 5279 3260 5304 ,
3288 5254 3343 5296 et
3383 5242 3546 5298 altam

1987 5325 2244 5365 animant.
2293 5331 2310 5363 ι
3139 5366 3172 5375 η

2056 5381 2168 5451 (59)
2205 5381 2340 5435 Deus
2371 5382 2531 5435 novit.
2581 5381 2738 5435 Rom.
2777 5397 2896 5443 vin.
2942 5381 3031 5434 27.
3080 5381 3254 5436 Biblia
3307 5379 3506 5436 habent
3540 5402 3553 5435 :

1992 5467 2012 5501 ι
2043 5449 2158 5516 Qui
2187 5461 2460 5504 scrutatur
2499 5453 2684 5506 corda.
2710 5469 2738 5522 ι
2775 5451 3028 5522 Didymus
3059 5467 3188 5505 vero
3218 5465 3437 5505 sensum
3471 5453 3555 5504 ci-

1987 5524 2127 5583 tan’s,
2153 5536 2252 5590 pro
2284 5523 2366 5574 his
2395 5523 2571 5576 verbis
2598 5521 2817 5574 adhibet
2847 5536 3040 5575 nomen
3075 5537 3095 5572 ι
3131 5522 3293 5576 Deus.
3334 5538 3354 5572 ι

2056 5590 2170 5660 (ιιι)
2205 5591 2394 5644 Alteri.
2435 5591 2452 5643 Ι
2483 5591 2610 5660 (ἔοι.
2640 5605 2741 5656 xu,
2776 5590 2830 5644 8.

2057 5656 2171 5732 (41)
2211 5660 2308 5714 Cui
2357 5661 2535 5716 datur.
2588 5659 2858 5728 Respicit,
2903 5659 3119 5729 opinor,
3153 5659 3281 5714 Luc.
3331 5673 3429 5725 xu,
3462 5656 3558 5722 ιε,

1986 5745 2206 5788 sensum
2232 5732 2424 5798 citans,
2459 5747 2564 5787 non
2597 5732 2782 5786 verba.

3155 5887 3226 5941 3t
