4034 6420
476 319 580 372 974

1743 315 1982 374 .DlDYMl
2027 320 2500 380 ALEXANDRINI

3626 330 3728 385 97!

487 438 695 489 reddet.
745 433 849 489 Sed
905 432 1156 504 inquiunt
1195 431 1479 488 haeretici:
1519 430 1753 503 Spiritus
1791 452 1809 485 ι
1837 442 2108 488 scrutatur
2131 435 2391 504 profunda
2424 435 2516 489 Dei
2544 449 2558 500 ;
2586 452 2603 484 ι
2644 447 2775 504 ergo
2834 446 2896 488 ea
2965 435 3190 507 ignorat.
3257 437 3457 493 Verum
3513 441 3730 512 subjun-

488 529 566 582 xit
594 527 814 591 Paulus,
837 527 1088 582 eumdem
1126 540 1292 580 nosse
1321 541 1440 595 qua:
1474 525 1566 580 Dei
1599 536 1747 580 sunt.

558 623 626 675 At
653 635 781 674 vero
819 638 838 671 ι
877 618 1196 690 servus(42)
1212 634 1316 673 non
1345 619 1513 684 novit,
1541 618 1670 687 quid
1697 617 1861 673 faciat
1891 619 2051 672 domi-

2233 636 2251 668 ι
2276 619 2333 670 '0
2354 637 2371 668 ι
2407 615 2513 686 γάρ
2549 635 2567 666 ι
2587 614 2770 678 δοῦλος
2797 615 2895 668 οὐκ
2921 611 3078 677 οἶδεν,
3121 616 3174 670 τί
3202 619 3345 669 ποιεῖ
3375 619 3403 670 6
3423 619 3610 690 κύριος
3632 622 3727 675 αὑ.

487 724 594 764 nus
616 708 756 777 ejus.
793 727 812 761 ι
847 709 1000 775 Quod
1053 717 1233 761 autem
1269 707 1498 762 scrutari
1521 722 1624 760 non
1643 721 1855 776 semper
1885 707 2060 762 valeat

487 816 754 869 quaerere,
786 799 1070 855 declarant
1129 801 1374 854 oracula.
1434 799 1569 854 Cum
1614 800 1756 853 enim
1803 798 1877 850 ait
1913 797 2059 852 Scri-

490 901 668 958 |-tura,
708 909 727 942 ι
764 891 1079 946 Scrutantes
1125 891 1266 962 (45),
1315 891 1368 945 in
1411 890 1578 962 quod,
1614 889 1698 943 vel
1727 889 1885 958 quale
1923 898 2058 942 tem-

473 997 590 1052 vpus
616 983 1063 1036 manifestahatur
1091 982 1142 1034 in
1171 982 1304 1050 ipsis
1337 981 1574 1050 Spiritus
1603 979 1823 1040 Christi,
1861 996 1879 1026 ›
1913 992 2057 1032 seru-

489 1075 639 1129 tandi
667 1074 888 1130 verbum
916 1074 1184 1143 signiﬁcat
1219 1088 1482 1142 querere,
1511 1083 1567 1126 et
1597 1071 1832 1134 discere,
1868 1071 2057 1125 simili—

471 1175 577 1222 ~ter
620 1176 780 1235 atque
808 1181 929 1220 cum
962 1168 1038 1218 ait
1064 1183 1078 1219 :
1122 1184 1140 1216 ι
1162 1165 1491 1219 Scrutamini
1525 1162 1640 1232 (44)
1670 1162 2000 1231 Scripturas.
2030 1181 2049 1213 ι

486 1259 620 1312 Cum
646 1272 774 1313 vero
816 1258 1110 1327 Apostolus
1154 1257 1343 1311 scribit
1372 1257 1437 1310 de
1473 1257 1583 1310 Deo
1610 1265 1664 1309 et
1694 1255 1876 1316 Patre,
1909 1273 1928 1306 ι
1954 1254 2053 1320 Qui

487 1356 664 1401 autem
693 1345 809 1415 (45)
842 1354 1121 1400 scrutatur
1168 1345 1354 1408 corda,
1399 1344 1503 1398 scit
1542 1343 1674 1412 quid
1721 1344 1898 1412 sapiat
1941 1343 2057 1412 (aut

486 1438 774 1507 desideret)
822 1438 1078 1506 Spiritus,
1101 1437 1228 1506 quia
1264 1436 1560 1490 secundum
1605 1435 1772 1488 Deum
1817 1435 2057 1503 postulat

487 1545 587 1597 pro
637 1529 876 1594 sanctis;
906 1548 924 1580 ι
985 1536 1075 1580 aut
1142 1543 1266 1582 cum
1347 1527 1399 1580 in
1448 1543 1556 1580 xxx
1585 1525 1792 1595 psalmo
1835 1525 2052 1589 dicitur,

487 1641 510 1673 1
540 1621 802 1688 Quoniam
837 1621 952 1691 (46)
987 1620 1246 1676 veritates
1278 1619 1515 1688 exquirit
1564 1619 1861 1682 Dominus;
1895 1636 1913 1668 ι
1954 1625 2048 1670 aut

488 1715 542 1768 in
575 1729 670 1779 vn,
733 1729 752 1763 ι
795 1711 1057 1767 Serutans
1090 1711 1202 1781 (47)
1231 1711 1391 1766 corda
1441 1719 1496 1765 et
1528 1724 1684 1764 renes
1714 1709 1873 1775 Deus;
1905 1728 1924 1762 ι
1961 1718 2055 1763 aut

485 1803 614 1858 alibi
640 1819 655 1857 :
693 1821 712 1853 ι
741 1803 1006 1858 Scrutans
1034 1802 1149 1873 (48)
1177 1801 1546 1872 promptuaria
1578 1801 1818 1868 ventris;
1846 1820 1865 1854 ι
1902 1817 2056 1855 scru-

485 1897 634 1953 tandi
687 1900 908 1951 verbum
953 1912 1058 1950 non
1105 1895 1380 1966 signiﬁcat
1411 1894 1690 1963 inquirere
1739 1904 1794 1948 et
1818 1895 2047 1958 discere,

2159 709 2274 764 τοῦ.
2307 728 2326 760 ι
2381 710 2502 760 Ὅτι
2536 708 2591 761 δὲ
2632 707 2731 760 οὐκ
2759 708 2844 760 ἀεὶ
2887 707 2947 759 τὸ
2969 710 3192 778 ἐρευνᾷν
3222 707 3306 778 τῷ
3324 710 3506 779 ζητεῖν
3526 713 3726 782 ὅμοιον,

2157 801 2533 871 διασαφηνίζει
2574 800 2643 853 τά
2677 799 2852 865 λόγια.
2892 799 3084 852 Ἥνίκα
3119 801 3216 868 μὲν
3249 802 3354 872 γάρ
3377 804 3725 872 προφητεύει,

2165 911 2183 942 ι
2207 891 2584 962 Ἑρευνῶντες,
2643 892 2722 954 είς
2757 891 2892 954 τίνα,
2925 890 2958 960 ἢ
2991 891 3141 942 ποῖον
3182 891 3371 962 καιρὸν
3399 890 3648 961 ἐδηλοῦτο
3673 893 3727 945 ἐν

2156 982 2339 1044 αὐτοῖς
2370 979 2592 1051 Πνεῦμα
2621 979 2877 1051 Χριστοῦ,
2904 999 2921 1029 ι
2959 979 3020 1031 τὸ
3059 977 3239 1049 ζητεῖν
3299 981 3393 1033 καὶ
3446 981 3728 1051 μανθάνειν

2155 1073 2322 1144 δηλοῖ,
2343 1073 2735 1144 παραπλησίως
2757 1071 2833 1142 τῷ
2861 1071 3102 1139 λέγοντι·
3132 1090 3150 1122 ι
3174 1073 3458 1143 Ἐρευνᾶτε
3479 1074 3577 1138 τὰς
3594 1075 3726 1146 Γρα-

2157 1166 2288 1233 φάς·
2318 1185 2336 1216 ι
2365 1166 2526 1235 ἡνίκα
2565 1165 2620 1218 δὲ
2683 1167 2712 1218 ὁ
2753 1165 3071 1226 Ἀπόστολος
3097 1165 3282 1236 γράφῃ
3316 1167 3443 1236 περὶ
3478 1167 3570 1220 τοῦ
3596 1166 3725 1221 Θεοῦ

2155 1259 2249 1312 καὶ
2292 1257 2501 1329 Πατρός
2521 1275 2536 1289 ·
2603 1277 2621 1308 ι
2644 1258 2702 1310 '0
2723 1257 2778 1310 δὲ
2812 1257 3046 1329 ἐρευνῶν
3079 1257 3178 1320 τάς
3236 1257 3480 1329 καρδίας,
3512 1255 3649 1314 οἶδεν
3675 1260 3726 1312 τί

2153 1351 2215 1404 τὸ
2241 1351 2492 1422 φρόνημα
2520 1349 2613 1403 τοῦ
2647 1349 2982 1420 Πνεύματος,
3027 1351 3109 1402 ὅτι
3138 1349 3275 1402 κατά
3304 1350 3433 1403 Θεὸν
3466 1352 3726 1420 ἐντυγχά-

2155 1460 2234 1494 νει
2267 1442 2406 1512 ὑπέρ
2434 1441 2634 1508 ἁγίων
2661 1460 2678 1492 ι
2712 1439 2744 1510 ἢ
2793 1442 2850 1494 ἐν
2895 1441 2938 1494 λ’
2960 1441 3155 1511 ψαλμῷ
3181 1441 3354 1510 λέγει·
3391 1461 3410 1492 ι
3437 1443 3556 1494 ὐτι
3597 1444 3726 1514 άλη-

2155 1533 2306 1597 θείας
2330 1532 2548 1602 ἐκζητεῖ
2575 1531 2776 1601 Κύριος
2795 1548 2810 1564 ο
2838 1551 2856 1584 ι
2909 1533 2942 1602 ἢ
2976 1533 3032 1586 ἐν
3067 1532 3112 1596 ζ’
3133 1550 3146 1563 ·
3181 1552 3200 1583 ι
3225 1533 3458 1597 Ἐτάζων
3503 1533 3726 1604 καρδίας

2154 1625 2248 1678 καὶ
2293 1625 2521 1694 νεφροὺς
2573 1624 2602 1675 6
2652 1623 2821 1684 Θεός·
2853 1641 2872 1673 ι
2925 1621 3242 1694 ἢέτέρωθιο
3288 1623 3592 1692 «Ἐρευνῶν
3633 1640 3726 1676 τα-

2156 1717 2284 1784 μεῖα
2303 1714 2508 1777 κοιλίας
2528 1727 2539 1739 ·
2565 1732 2583 1765 ι
2623 1714 2682 1766 οὺ
2713 1712 2775 1766 τὸ
2805 1713 3077 1780 ἐξετάζειν
3118 1715 3212 1767 καὶ
3245 1713 3556 1784 μανθάνειν,
3594 1713 3726 1768 ἀλλά

2151 1807 2214 1859 τὸ
2262 1805 2687 1877 περιλαμϐάνειν
2717 1805 2818 1874 τὴν
2852 1805 3098 1876 καρδίαν,
3138 1805 3215 1868 ὡς
3259 1806 3422 1876 μηδέν
3468 1822 3568 1858 που
3600 1805 3724 1858 λαν-

2155 1895 2335 1948 θάνειν
2363 1895 2473 1947 τῶν
2530 1893 2750 1946 πώποτε
2777 1894 2913 1965 αὑτῇ
2943 1893 3371 1966 ἐνθυμηθέντων,
3398 1895 3430 1965 ἦ
3473 1895 3727 1964 νενοημέ-

484 1991 578 2046 sed
602 1987 1056 2059 comprehendere
1097 1987 1264 2060 438
1309 2001 1426 2051 cor,
1471 1986 1544 2041 ita
1580 1995 1640 2040 ut
1667 1985 1800 2040 nihil
1828 2001 2051 2055 usquam

2157 2001 2289 2038 vuiv'
2320 1983 2463 2054 ἅπερ
2488 1983 2582 2036 καὶ
2625 1983 2748 2052 δίχα
2774 1983 3134 2054 ἐξιχνιασμῶν
3181 1978 3323 2036 οἶδεν
3353 1981 3727 2052 δκαρδιογνώ-

466 2097 670 2136 eorum
724 2081 909 2145 lateat,
947 2094 1066 2148 quae
1101 2094 1339 2149 unquam
1387 2078 1456 2133 ab
1489 2078 1606 2146 ipso
1648 2077 1880 2148 cogitata
1925 2078 2052 2141 sint,

485 2183 578 2227 aut
607 2173 789 2226 animo
812 2179 1023 2226 versata
1056 2169 1261 2224 fuerint
1288 2187 1300 2221 :
1328 2183 1557 2240 quaeque
1581 2169 1731 2223 novit
1751 2169 1912 2222 etiam
1937 2168 2054 2222 sine

486 2261 984 2332 investigationibus
1026 2259 1071 2312 is
1110 2260 1200 2330 qui
1243 2268 1325 2313 est
1365 2258 1609 2312 cordiuin
1667 2259 1936 2329 cognitor.
1994 2261 2051 2312 Si

465 2356 629 2410 enim
703 2363 1032 2409 scrutantem
1101 2351 1391 2420 cujuslibet
1471 2351 1801 2420 cognitionis
1853 2366 2051 2420 exper-

485 2458 592 2501 tem
624 2445 736 2515 (49)
773 2445 976 2500 indicat
1006 2443 1289 2507 scrutatio,
1336 2442 1502 2496 Deum
1550 2457 1766 2512 quoque
1808 2442 2050 2496 invenie-

473 2553 606 2592 mus
657 2536 890 2594 scrutari
941 2536 1094 2604 quasi
1152 2535 1516 2603 ignorantem,
1581 2542 1636 2588 et
1689 2535 1925 2588 dedecus
1979 2534 2049 2598 ei,

485 2628 860 2682 haereticorum
883 2625 1098 2694 quidem
1124 2625 1409 2687 sententia,
1441 2623 1630 2678 aﬂeret
1661 2625 1806 2694 quod
1845 2625 1957 2694 (50)
1996 2625 2048 2678 in

485 2718 760 2785 Sophonia
815 2716 981 2770 veluti
1034 2731 1132 2785 per
1183 2715 1556 2782 metaphoram
1615 2715 1683 2770 ab
1741 2715 2052 2770 hominibus

483 2811 780 2863 derivatam
811 2807 1013 2861 dictutn
1047 2817 1167 2860 cst:
1204 2825 1222 2857 ι
1254 2805 1549 2862 Scrutabor
1593 2806 1704 2877 (51)
1751 2805 2048 2861 Jerusalem

482 2917 607 2953 cuum
633 2898 876 2953 lucerna.
906 2917 924 2950 ι
962 2897 1092 2963 Quae
1121 2897 1325 2950 locutio
1361 2913 1607 2966 magnam
1645 2898 1807 2952 habet
1840 2897 2049 2964 signiﬁ-

500 2991 768 3044 cationem
823 2992 1074 3059 potentia:
1121 2989 1282 3042 illius.
1331 2989 1614 3044 Scrutatur
1661 3003 1788 3059 ergo
1838 2989 2049 3045 divinus

482 3081 577 3136 Dei
608 3083 844 3152 Spiritus
883 3097 990 3136 non
1031 3090 1088 3134 ut
1134 3082 1410 3152 ignorans,
1446 3083 1538 3135 sed
1572 3091 1630 3135 ut
1659 3080 1893 3152 Spiritus
1926 3083 2043 3144 Dei,

2159 2091 2311 2145 στης.
2339 2073 2402 2126 Εἰ
2433 2071 2539 2144 γὰρ
2572 2072 2633 2124 τὸ
2660 2073 2768 2124 πᾶν
2795 2072 2893 2141 τῆς
2919 2069 3174 2140 γνώσεως
3192 2070 3268 2141 τῷ
3292 2072 3514 2140 ἐρευνᾷν
3536 2071 3730 2123 ἀπονε-

2157 2165 2374 2236 μηθείη,
2401 2165 2496 2218 καὶ
2531 2162 2766 2235 ἐρευνῶν
2810 2163 2887 2223 ὼς
2923 2162 3132 2230 ἀγνοῶν
3177 2161 3529 2232 εὑρεθήσεται
3575 2160 3669 2214 καὶ
3701 2163 3730 2213 6

2154 2255 2305 2319 Θεὸς,
2341 2255 2435 2307 καὶ
2471 2253 2686 2320 ἀδοξίαν
2727 2253 2872 2323 αὐτῷ
2899 2251 3024 2324 [215
3057 2251 3110 2325 b]
3145 2252 3264 2306 κατ’
3313 2251 3553 2315 ἐκείνους
3591 2251 3726 2304 οἴσει

2151 2344 2270 2397 τόδε
2300 2347 2356 2398 ἐν
2401 2344 2477 2415 τῷ
2513 2343 2757 2415 Σοφωνία
2787 2344 2877 2396 ὑπ’
2908 2343 3094 2409 αὑτοῦ,
3121 2339 3232 2396 οἷον
3261 2343 3322 2396 τὸ
3343 2343 3451 2396 ἀπὸ
3497 2358 3728 2412 μεταφο-

2155 2441 2255 2510 ρᾶς
2275 2439 2383 2492 τῶν
2428 2436 2750 2509 ἀνθρώπων,
2795 2436 3116 2506 εἰρημένον·
3175 2436 3584 2507 «Ἐξερευνήσω
3625 2436 3727 2506 τὴν

2164 2531 2517 2602 Ἰερουσαλὴμ
2570 2531 2709 2602 μετά
2733 2530 2947 2600 λύχνου.
2972 2549 2990 2580 ι
3033 2531 3108 2584 Τὸ
3147 2531 3295 2601 ῥῆμα
3315 2531 3375 2583 τὸ
3401 2529 3608 2582 τοιοῦτο
3627 2521 3727 2598 τῆς

2151 2623 2429 2693 δυνάμεως
2454 2623 2616 2676 αὑτοῦ
2650 2623 2848 2694 πολλὴν
2874 2623 3164 2695 ἐργάζεται
3187 2623 3498 2694 σημείωσιν.
3543 2622 3728 2692 Ἐρευ-

2150 2717 2216 2786 νᾷ.
2238 2711 2328 2768 οῦν
2352 2715 2412 2768 τὸ
2438 2715 2576 2768 θεῖον
2607 2715 2830 2785 Πνεῦμα
2878 2715 2972 2767 τοῦ
3028 2714 3188 2777 Θεοῦ,
3227 2715 3324 2784 οὐχ
3369 2715 3444 2777 ὼς
3475 2713 3724 2782 ἀγνοοῦν,

2149 2807 2264 2860 ἀλλ’
2307 2807 2382 2870 ὡς
2407 2807 2629 2877 Πνεῦμα
2679 2808 2772 2860 τοῦ
2801 2808 2935 2861 Θεοῦ
2963 2808 3239 2878 ἡνωμένον
3268 2806 3413 2876 αὐτῷ
3446 2809 3511 2877 τῇ
3542 2805 3725 2874 φύσει.

2153 2899 2313 2952 Ὅθεν
2339 2901 2368 2952 6
2387 2899 2708 2969 Ψαλμῳδὸς,
2732 2900 2790 2952 ού
2815 2898 3133 2952 διαστέλλων
3157 2898 3285 2951 αὐτὸ
3309 2898 3407 2968 τῆς
3423 2897 3607 2960 οὐσίας
3631 2898 3730 2950 καὶ

2149 2990 2402 3060 γνώσεως
2420 2990 2513 3044 τοῦ
2539 2989 2672 3043 Θεοῦ
2700 2991 2794 3042 καὶ
2815 2991 3046 3061 Πατρδς,
3070 2990 3200 3042 αὐτὸ
3220 2989 3276 3042 δὲ
3307 2987 3503 3059 μᾶλλον
3529 2990 3728 3040 ἐνυπο-

2149 3082 2358 3144 στάτως
2401 3079 2536 3134 εἶναι
2565 3082 2664 3150 τὴν
2716 3081 2905 3148 σοφίαν
2933 3080 3096 3134 αὑτοῦ
3154 3081 3212 3132 ἐν
3247 3081 3345 3149 ἴσῳ
3365 3079 3456 3132 τοῦ
3489 3080 3730 3146 Μονογε-

482 3181 674 3226 natura
737 3186 900 3225 unum
965 3186 1084 3225 cum
1147 3171 1262 3240 ipso
1323 3175 1610 3228 exsistens.
1678 3172 2045 3238 Quamobrem

2154 3172 2272 3236 νοῦς
2303 3171 2630 3235 ἀναπείθων,
2655 3170 2880 3241 ηῦχετοο
2946 3191 2964 3222 ι
2991 3171 3065 3223 Τὸ
3093 3170 3317 3242 Πνεῦμά
3363 3187 3455 3224 σου
3478 3171 3538 3222 τὸ
3568 3169 3727 3238 ἅγιον

461 3265 690 3319 σΡδαιι-ρε
742 3265 1034 3318 essentiam
1091 3264 1166 3318 illi
1198 3279 1263 3318 ac
1309 3264 1588 3318 scientiam
1628 3264 1721 3318 Dei
1772 3277 1827 3319 et
1863 3263 2044 3319 Patris

2154 3264 2226 3336 μὴ
2251 3264 2544 3335 ἀντανέλῃς
2571 3262 2664 3317 ἀπ’
2713 3259 2878 3332 ἐμοῦο
2905 3279 2924 3312 ι
2962 3261 3022 3315 τὸ
3055 3263 3432 3317 ἀποκαλύπτον
3473 3280 3582 3335 μοι,
3618 3279 3729 3333 φη-

483 3373 590 3411 non
623 3358 917 3426 denegans,
954 3359 1064 3410 imo
1098 3356 1248 3410 illum
1303 3353 1479 3411 Patris
1525 3355 1870 3425 sapientiam,
1924 3371 2044 3428 qua:

2154 3357 2250 3421 σιν,
2276 3355 2342 3408 τὰ
2365 3355 2533 3424 ἄδηλα
2562 3355 2656 3407 καὶ
2681 3353 2747 3407 τὰ
2778 3354 2983 3424 κρύφια
3005 3354 3106 3425 τῆς
3137 3354 3327 3422 σοφίας
3353 3370 3468 3408 σου.

482 3455 536 3507 in
560 3454 720 3508 Patre
745 3467 896 3520 aeque
930 3465 994 3504 ac
1051 3449 1370 3520 Unigenitus
1435 3451 1738 3516 subsistat,
1809 3466 1928 3505 esse
1991 3450 2338 3514 conﬁrmans,
2396 3452 2475 3505 sic
2525 3450 2735 3505 oravit:
2778 3467 2797 3500 ι
2828 3448 3086 3516 Spiritum
3123 3448 3236 3518 (52)
3283 3458 3429 3503 tuum
3475 3457 3724 3504 sanctum

461 3559 551 3599 tne
597 3546 813 3600 auferas
859 3557 889 3596 a
928 3556 1048 3595 me:
1081 3560 1100 3592 ι
1146 3556 1338 3608 nempe
1389 3542 1536 3596 illum
1593 3543 1883 3612 Spiritum,
1919 3543 2034 3608 ait,
2073 3543 2160 3612 qui
2189 3543 2317 3596 mihi
2361 3541 2562 3597 revelat
2595 3539 2802 3595 occulta
2835 3537 2945 3607 (53)
2976 3547 3029 3593 et
3055 3555 3254 3594 arcana
3287 3541 3564 3622 sapientia:
3593 3552 3721 3598 tuae.

1021 3659 1171 3716 CAP.
1218 3656 1500 3714 XXXVIII.

555 3750 648 3804 Illa
721 3766 935 3822 quoque
997 3753 1196 3808 Christi
1257 3751 1397 3821 apud
1445 3750 1707 3806 Joannem
1759 3751 2048 3807 utilissima

491 3842 681 3906 verba,
714 3861 731 3892 ι
760 3841 892 3896 Cum
941 3844 1148 3897 venerit
1195 3842 1306 3913 (54)
1356 3840 1689 3905 Paracletus,
1743 3856 1902 3911 quem
1951 3859 2050 3912 ego

482 3930 694 3982 mittam
747 3930 899 3984 vobis
929 3946 957 3983 a
987 3929 1144 3986 Patre
1181 3945 1300 3985 meo
1333 3930 1472 4000 (55),
1505 3928 1740 3998 Spiritus
1773 3931 2044 3996 veritatis,

466 4020 576 4089 qui
606 4035 636 4073 a
670 4019 830 4075 Patre
877 4021 1146 4090 procedit,
1197 4020 1287 4074 ille
1333 4021 1695 4074 testimOnium
1751 4019 2053 4090 perhibebit

483 4127 549 4164 ne
583 4127 668 4166 me
691 4128 708 4177 ;
731 4131 750 4164 ι
789 4113 1026 4182 itemque
1055 4113 1166 4178 illa,
1215 4111 1554 4166 «Paracletus
1584 4111 1693 4181 (56)
1721 4121 1896 4166 autem
1930 4112 2052 4181 Spi-

483 4204 622 4258 ritus
669 4214 909 4269 sanctus,
964 4221 1124 4272 quem
1177 4205 1351 4258 mittet
1393 4203 1556 4258 Pater
1584 4207 1634 4256 in
1667 4205 1881 4258 nomine
1909 4219 2048 4266 meo,

483 4291 572 4345 ille
603 4306 696 4346 vos
726 4293 942 4347 docebit
999 4293 1203 4356 omnia,
1239 4303 1291 4346 et
1319 4293 1373 4346 in
1407 4293 1722 4346 memoriam
1780 4295 2053 4347 revocabit

469 4379 633 4434 vobis
661 4383 862 4446 omnia,
900 4398 1017 4449 qua:
1047 4383 1155 4436 dixi
1202 4382 1375 4444 vobis,
1414 4399 1432 4432 ι
1489 4396 1739 4450 perverse
1778 4384 2050 4452 accipien-

485 4484 588 4538 tes,
646 4473 965 4543 suﬂragium
1018 4484 1205 4529 contra
1274 4474 1535 4543 Spiritum
1579 4485 1823 4528 sanctum
1854 4479 2050 4529 ferunt.

481 4563 560 4620 Ita
593 4567 736 4620 enim
800 4567 912 4621 ha:c
981 4569 1239 4622 deberent
1298 4568 1565 4635 accipere,
1620 4576 1676 4619 ut
1733 4565 2050 4621 Paracletus

484 4656 665 4711 dictus
691 4657 864 4712 luerit
891 4665 983 4711 aut
1009 4659 1132 4728 quia
1159 4668 1217 4711 ιιι
1245 4657 1382 4713 Deus
1413 4657 1830 4729 παρακαλεῖται,
1865 4658 1916 4711 id
1946 4668 2048 4723 est,

485 4747 766 4801 invocatur
794 4765 822 4800 a
845 4758 1115 4812 creatura,
1143 4757 1235 4802 aut
1270 4751 1392 4818 quia
1425 4750 1593 4817 ipsam
1623 4747 2048 4819 παραμυθεῖται,

472 4837 585 4892 ιιιου
619 4847 704 4892 est
742 4839 1073 4903 consulatur,
1115 4849 1170 4894 et
1206 4841 1617 4894 oblectationem
1669 4841 1716 4892 ei
1763 4853 1826 4892 ac
1859 4854 2044 4908 pacem

2782 3662 2938 3714 ΚΕΦ.
2969 3661 3096 3716 AH’.

2221 3751 2332 3803 Καὶ
2361 3750 2459 3814 τάς
2483 3752 2632 3822 παρά
2664 3751 2879 3822 Ἰωάννῃ
2910 3751 2966 3804 δέ
2996 3750 3345 3813 διαλαλούσας
3368 3749 3461 3803 τοῦ
3485 3749 3724 3821 Χριστοῦ

2153 3843 2487 3910 πανωερελεῖς
2531 3842 2796 3905 συλλαϐάς
2817 3861 2829 3873 ·
2889 3862 2906 3894 ι
2934 3844 3100 3896 Ὅταν
3128 3842 3254 3913 ἔλθῃ
3290 3844 3318 3894 ὁ
3345 3840 3722 3914 Παράκλητος,

2149 3933 2209 3988 ὃν
2237 3934 2347 4002 ἐγὼ
2377 3935 2578 4004 πέμψω
2601 3935 2726 4005 ὑμῖν
2777 3934 2930 4004 παρὰ
2952 3935 3046 3988 τοῦ
3079 3934 3289 4004 Πατρός
3315 3951 3435 4003 μου,
3459 3931 3519 3984 τὸ
3548 3930 3725 3986 Πνεῦ-

2155 4043 2233 4097 μα
2255 4025 2355 4097 τῆς
2392 4025 2669 4098 ἀληθείας,
2709 4027 2738 4079 ὃ
2775 4029 2926 4099 παρά
2969 4026 3062 4079 τοῦ
3093 4025 3305 4096 Πατρὺς
3345 4023 3722 4095 ἐκπορεύεται,

2151 4119 2357 4182 ἐκεῖνος
2386 4121 2720 4190 μαρτυρήσει
2748 4121 2874 4191 περὶ
2896 4119 3028 4190 ἐμοῦ
3053 4137 3063 4150 ·
3096 4138 3114 4170 ι
3157 4118 3250 4171 καὶ
3296 4117 3456 4170 πάλιν
3481 4133 3495 4146 ο
3535 4134 3554 4167 ι
3577 4115 3634 4167 'O
3664 4117 3724 4170 δὲ

2151 4209 2526 4281 Παράκλητος,
2555 4213 2615 4263 τὸ
2641 4211 2864 4282 Πνεῦμα
2892 4211 2954 4264 τὸ
2975 4211 3147 4280 ἅγιον,
3191 4210 3220 4263 ὃ
3247 4209 3451 4280 πέμψει
3473 4212 3501 4262 ὁ
3529 4209 3725 4279 Πατὴρ

2151 4303 2208 4353 ἐν
2236 4300 2314 4370 τῷ
2339 4301 2560 4371 ὀνόματί
2593 4319 2715 4372 μου,
2740 4304 2946 4365 ἐκεῖνος
2979 4303 3123 4372 ὑμᾶς
3159 4301 3358 4366 διδάξει
3391 4301 3586 4363 πάντα,
3622 4302 3726 4354 καὶ

2152 4393 2453 4462 ὑπομνήσει
2493 4393 2636 4463 ὑμᾶς
2672 4393 2865 4453 πάντα,
2906 4394 2942 4446 ἃ.
2970 4389 3121 4447 εἷπον
3173 4394 3330 4463 ὑμῖνο
3359 4411 3378 4444 ι
3425 4392 3523 4444 οὐκ
3571 4391 3726 4444 ἀδια-

2153 4480 2397 4552 στρόφως
2416 4481 2682 4551 δέχονται,
2725 4483 3223 4553 καταψηφιζόμενοι
3257 4481 3350 4535 τοῦ
3375 4481 3529 4549 ἁγίου
3553 4480 3725 4532 Πνεύ-

2154 4587 2342 4640 ματος.
2386 4573 2530 4624 Ἀντὶ
2545 4571 2654 4642 γάρ
2671 4571 2764 4624 τοῦ
2787 4576 2928 4627 νοεῖν
2952 4573 3328 4645 Παράκλητον,
3362 4573 3396 4643 ἢ
3420 4571 3506 4625 διά
3526 4571 3585 4624 τὶ.
3615 4587 3724 4623 πα-

2155 4662 2502 4732 ρακαλεῖσθαι
2527 4663 2600 4726 ὡς
2615 4663 2747 4716 Θεὸν
2768 4681 2842 4716 πα
2852 4664 2918 4734 ρὰ
2939 4664 3039 4734 τῆς
3055 4663 3302 4726 κτίσεως,
3322 4663 3457 4734 ἢδιά
3478 4663 3536 4714 τὸ
3553 4678 3727 4731 παραρ

2155 4751 2436 4822 μυθεῖσθαι
2452 4755 2640 4823 αὐτὴν,
2660 4755 2753 4807 καὶ
2773 4755 3038 4825 θυμηδίαν
3059 4757 3152 4808 καὶ
3171 4757 3390 4826 εἰρήνην
3411 4752 3721 4824 ἐμϐάλλεινο

2153 4843 2454 4913 συνώνυμοι
2483 4845 2589 4916 γὰρ
2637 4847 2692 4898 ai
2727 4846 2898 4912 λέξεις
2933 4848 3029 4918 τῆς
3054 4847 3447 4917 παρακλήσεως
3494 4847 3587 4897 καὶ
3614 4862 3723 4896 πα-

486 4928 667 4990 infert,
701 4944 1016 4998 synonyma:
1053 4931 1196 4985 enim
1249 4943 1376 4985 sunt
1425 4946 1584 4985 voces
1633 4929 2048 5002 παρακλήσεως,

2157 4935 2425 5004 ραμυθίας
2443 4937 2579 4988 εἰσίν
2599 4955 2610 4967 ο
2639 4937 2715 5000 ῶς
2735 4938 2933 5008 γράφει
2954 4955 2967 4968 ·
3001 4958 3019 4988 ‹
3041 4941 3150 4992 Καὶ
3171 4940 3296 5001 τοὺς
3317 4937 3602 4999 ταπεινοὺς
3624 4935 3722 4989 τοῦ

572 5107 688 5174 (42)
726 5105 942 5174 Servus.
969 5104 1124 5160 Joan.
1158 5123 1245 5168 xv,
1289 5108 1356 5162 15

544 5173 667 5246 (45)
709 5173 1034 5228 Scrutantes.
1069 5176 1210 5246 Ep.l
1247 5178 1388 5230 Petr.
1423 5194 1459 5242 l,
1497 5178 1585 5234 Η.

555 5247 669 5312 (44)
712 5245 1056 5299 Scrutamini.
1095 5245 1250 5299 JOan.
1284 5263 1334 5309 ν,
1369 5247 1455 5300 59.

557 5314 669 5386 (45)
709 5313 812 5378 Qui
843 5327 1053 5386 autem:
1081 5316 1232 5368 llom.
1267 5333 1380 5379 vni,
1430 5316 1518 5368 27.

556 5383 670 5457 (46)
708 5386 990 5457 Quoniam.
1023 5383 1166 5457 Psal.
1195 5401 1320 5450 xxx,
1380 5387 1441 5457 3i
1486 5386 1601 5454 (seu
1634 5384 1747 5457 24).

551 5453 668 5524 (47)
713 5453 987 5509 Scrutans.
1032 5453 1176 5508 Psal.
1204 5470 1298 5518 vn,
1337 5455 1418 5509 10.

559 5460 644 5524 (47
713 5460 987 5509 δσνιιιαηε.
1032 5460 1176 5508 Psal.
1204 5470 1298 5518 vn,
1337 5460 1418 5509 lt).

559 5460 670 5593 (48)
712 5525 992 5577 Scrutaris.
1036 5526 1194 5579 Prov.
1247 5543 1316 5578 xx
1361 5525 1452 5579 :27.
1499 5524 1686 5580 Graeca
1733 5526 1942 5582 editio:
1987 5527 2046 5590 ὃς

488 5593 687 5664 ἐρευνᾷ
716 5595 958 5664 ταμιεῖα.

555 5661 672 5735 (49)
708 5661 1004 5733 Expertem.
1039 5661 1096 5722 lu
1122 5663 1314 5719 Graaco
1359 5665 1510 5719 deest
1553 5665 1726 5734 aliqua
1766 5667 1951 5730 dictio,
1990 5675 2048 5720 ut

486 5731 765 5804 legendum
791 5731 896 5800 Vsit,
929 5736 1158 5804 exempli
1191 5738 1382 5805 gratia,
1424 5737 1498 5806 μὴ
1526 5731 1917 5808 ἀπονεμηθείη,
1957 5747 2048 5792 aut

2155 5110 2258 5164 alio
2280 5112 2648 5170 simili.modo.

2224 5180 2336 5254 (50)
2368 5182 2541 5248 Quod.
2577 5185 2850 5239 Librarius
2876 5185 3091 5254 scripsit
3141 5189 3308 5240 οἴσει·
3341 5187 3401 5240 τὸ
3423 5186 3502 5241 δέ.
3531 5188 3725 5242 Emen-

2155 5251 2296 5315 davi,
2319 5251 2404 5322 ac‘
2419 5255 2607 5322 scripsi
2635 5255 2768 5308 οίσει
2792 5254 2931 5307 τόδε.
2986 5251 3000 5254 “
3451 5281 3455 5286 -

2371 5320 2878 5397 ξσιςιιιὶιὸονκδορῑι.
2916 5339 2954 5390 1,
2981 5325 3062 5397 45
3099 5323 3224 5392 (seu
3264 5326 3388 5397 12).

2249 5391 2336 5458 52)
2381 5391 2658 5461 Spiritum.
2694 5391 2837 5447 Psal.
2867 5411 2918 5456 L,
2970 5396 3037 5446 1‘2
3066 5391 3191 5459 (Seu
3221 5397 3288 5450 15
3311 5411 3348 5461 ).

2385 5460 2626 5537 Qcculta.
2661 5464 2735 5537 Et:
2766 5467 2952 5537 eodem
2979 5464 3130 5537 Psal.
3152 5465 3251 5537 _t.,7
3281 5460 3415 5537 (Sive
3436 5466 3511 5536 8).

2248 5531 2336 5600 Ξὶ4)
2379 5531 2509 5585 Cum
2552 5535 2762 5588 venerit.
2791 5534 2945 5588 Joan.
2988 5549 3075 5598 xv,
3105 5533 3193 5587 26.

2227 5600 2341 5672 (55)
2385 5601 2523 5672 illeo.
2560 5601 2717 5655 Deest
2747 5605 2860 5672 haec
2892 5619 2991 5658 vox
3031 5605 3083 5656 in
3114 5604 3323 5662 Bibliis.

2227 5669 2340 5740 (56)
2385 5669 2716 5727 Paracletus.
2749 5671 2904 5728 Juan.
2951 5689 3062 5738 xxv,
3098 5673 3187 5728 ‘26.
