4034 6396
393 315 458 370 75
1405 303 1492 357 DE
1530 302 1751 358 TRINI'I
1768 303 1845 352 A'l
1861 303 1900 350 ιι

2040 301 2141 350 :Eli
2181 299 2432 354 'l‘ER'l'lU
2445 299 2503 355 S.

3486 291 3588 352 971

354 423 486 480 λαοῦ
522 420 686 478 αὐτοῦ
715 417 1098 491 παρεκάλεσεν.
1131 436 1148 467 ι
1197 417 1307 469 Καὶ
1357 417 1390 487 ἠ
1422 416 1488 467 ἐκ
1526 414 1654 486 [214
1685 412 1740 483 a]
1764 428 1932 482 προσ-

2040 418 2089 459 et
2127 407 2502 478 παραμυθίας,
2566 407 2792 476 ideoque
2824 407 3080 475 scriptum
3112 405 3246 461 fuit:
3276 405 3371 460 «Ει
3411 405 3591 461 humi-

359 518 506 571 ὠπου
536 514 644 567 τῶν
668 510 1000 578 ἀξιωθέντων
1024 508 1124 576 τῆς
1150 506 1499 577 παραμυθίας
1528 503 1689 575 φησίν
1709 521 1723 534 ⁸
1769 525 1787 554 ι
1814 502 1928 556 Κύ-

362 627 463 680 ριε,
496 605 638 660 κατὰ
694 604 755 655 τὸ
788 595 988 669 πλῆθος
1016 599 1122 652 τῶν
1163 597 1361 650 ὀδυνῶν
1408 615 1507 668 μου
1556 598 1612 649 έν
1638 599 1702 664 τῇ
1737 595 1931 667 καρδία

364 716 464 768 μου
486 697 538 748 αι
565 692 934 763 παρακλήσεις
959 706 1051 741 σου
1072 686 1343 757 εύφραναν
1367 686 1464 757 τὴν
1489 686 1715 758 καρδίαν
1745 703 1844 756 μου
1867 701 1879 714 ·
1906 705 1924 737 ι

361 787 455 841 καὶ
483 784 643 838 πάλιν
667 798 679 812 ⁸
752 800 770 832 ‹
805 778 1050 840 Ἔδωκας
1089 775 1425 847 εὐφροσύνην
1458 776 1537 839 εἰς
1579 776 1675 847 τὴν
1702 775 1930 846 καρδίαν

365 893 485 946 μου.
510 893 527 924 ι
578 871 688 926 Καὶ
716 870 791 932 ὡς
841 866 1049 930 Παῦλος
1098 863 1576 918 Θεσσα).ονικεῦσιν
1610 864 1927 934 ἐπεύχεται·

367 984 388 1016 c
417 963 584 1024 Αὐτὸς
625 961 680 1014 δὲ
716 962 744 1012 ὁ
781 957 982 1028 Κύριος
1035 954 1189 1025 ἡμῶν
1227 953 1431 1023 Ἰησοῦς
1488 953 1738 1023 Χριστὸς,
1792 953 1932 1006 καὶὸ

361 1056 494 1116 Θεὸς
540 1053 631 1106 καὶ
683 1051 869 1120 Πατὴρ
898 1046 1266 1117 παρακαλέσει
1323 1045 1476 1115 ὑμῶν
1507 1045 1604 1108 τὰς
1635 1045 1876 1115 καρδίας.
1907 1064 1925 1095 ι

363 1149 426 1201 Οἱ
458 1147 514 1199 δὲ
546 1145 666 1198 ἀντὶ
683 1142 770 1196 τοῦ
797 1142 938 1194 οὕτω
965 1141 1126 1201 νοεῖν,
1171 1138 1415 1204 λέγουσιν
1453 1137 1544 1189 διὰ
1589 1137 1650 1190 τὸ
1679 1154 1930 1208 παρακα-

361 1239 472 1292 λεῖν
512 1239 650 1309 ὑπὲρ
699 1234 864 1304 αὐτῆς
903 1230 1214 1300 ὠνομάσθαι
1255 1228 1641 1298 Παράκλητον·
1688 1227 1780 1281 καὶ
1834 1231 1931 1281 ἐπ-

363 1332 610 1398 άγουσιν,
639 1329 718 1380 ὅτι
749 1326 841 1378 καὶ
869 1321 1270 1376 ἀποστέλλεται.
1309 1319 1468 1370 Ἀλλὰ
1493 1319 1705 1389 πρῶτον
1731 1321 1826 1390 μὲν
1854 1319 1932 1391 τῷ

363 1440 420 1476 τε
455 1421 594 1489 ἁγίῳ
645 1415 920 1485 Πνεύματι
954 1412 1046 1464 καὶ
1093 1409 1170 1482 τῷ
1212 1409 1324 1478 Υἱῷ
1376 1409 1644 1462 ἐπίκοινόν
1685 1412 1798 1462 ἐστι
1839 1409 1930 1462 τοῦ

364 1510 717 1584 Παρακλήτου
747 1507 804 1559 τὸ
825 1505 1012 1574 ὄνομα,
1049 1503 1124 1565 ὼς
1153 1500 1246 1554 καὶ
1287 1503 1320 1570 ή
1347 1500 1508 1568 φύσις
1527 1517 1540 1530 ο
1571 1500 1712 1553 καθὰ
1753 1501 1932 1555 Ἰωάν-

2032 504 2108 557 les
2169 501 2282 573 (57)
2353 502 2530 571 populi
2582 502 2662 556 sui
2705 500 2811 573 (58)
2863 499 3297 572 παρεκάλεσεν.»
3340 495 3504 571 439
3535 499 3589 554 id

2029 604 2132 656 est,
2162 593 2499 646 «consolatus
2521 601 2656 646 est.»
2679 590 2746 646 Et
2777 608 2842 647 ex
2874 606 3099 662 persona
3129 591 3240 661 (59)
3267 605 3474 656 eorum,
3501 589 3594 659 qui

2031 683 2341 752 huiusmodi
2387 683 2816 737 consolationem
2853 692 2980 736 sunt
3012 681 3308 744 consecuti,
3337 683 3413 736 ait
3445 682 3595 736 Psalo

2032 785 2155 830 tes:
2194 793 2213 826 ι
2242 775 2467 830 Domine
2497 775 2630 846 (60),
2673 775 2968 829 secundum
3010 773 3402 830 multitudinem
3447 773 3598 829 dolo-

2031 882 2147 920 rum
2182 882 2422 922 meorum
2455 868 2506 920 in
2557 867 2720 921 corde
2756 881 2874 921 meo
2901 867 2957 919 αἱ
2992 865 3366 938 παρακλήσεις
3390 865 3464 937 (id
3487 873 3593 930 est,

2032 957 2433 1027 consolationes)
2481 966 2582 1011 tua:
2627 956 3036 1010 laetiﬁcaverunt
3066 971 3159 1009 cor
3185 969 3360 1009 meum
3394 953 3503 1023 (6|)
3528 970 3544 1020 ;
3569 973 3590 1006 ι

2032 1061 2086 1104 et
2123 1067 2348 1104 rursus:
2392 1069 2410 1101 ι
2438 1049 2644 1104 Dedisti
2678 1049 2791 1118 (62)
2821 1049 3062 1102 laetitiam
3098 1049 3150 1101 in
3191 1049 3355 1102 corde
3385 1057 3537 1111 meo;
3571 1062 3592 1096 ι

2031 1151 2086 1195 et
2109 1141 2305 1196 Paulus
2329 1141 2904 1195 Thessalonicensibus
2941 1140 3055 1195 haec
3085 1147 3336 1207 precatur
3365 1153 3381 1193 :
3429 1155 3448 1189 ι
3477 1136 3598 1206 ipse

2035 1232 2146 1301 (65)
2177 1244 2353 1286 autem
2388 1231 2646 1285 Dominus
2677 1243 2859 1286 noster
2887 1231 3042 1286 Jesus
3079 1232 3351 1294 Christus,
3378 1241 3432 1284 et
3455 1229 3597 1285 Deus

2035 1337 2095 1376 ac
2131 1322 2288 1376 Pater
2320 1322 2694 1395 παρακαλέσει
2739 1322 2813 1393 (id
2857 1333 2958 1388 est,
3005 1323 3378 1393 consolabitur)
3433 1324 3594 1377 corda

2036 1427 2283 1471 vestra.»
2348 1416 2417 1468 At
2474 1429 2600 1467 vero
2633 1415 2731 1482 ipsi
2792 1429 2895 1468 non
2969 1414 3040 1468 ita
3077 1415 3374 1484 intelligunt
3436 1414 3593 1469 allata

2032 1505 2254 1561 Jo:tnuis
2277 1507 2438 1558 verba
2465 1547 2479 1568 ,
2518 1506 2611 1558 sed
2645 1505 2818 1568 aiunt,
2855 1505 3109 1573 Spiritum
3154 1515 3402 1559 sanctum
3436 1521 3596 1561 voca-

363 1622 461 1675 νης
496 1601 768 1671 γέγραφεν
790 1596 976 1657 οὕτως,
1013 1595 1068 1646 ὲν
1095 1592 1192 1663 μὲν
1215 1594 1333 1654 ταῖς
1370 1590 1718 1654 Καθολικαῖς·
1758 1593 1935 1645 «Ταῦ-

2040 1603 2147 1650 tum
2208 1596 2376 1649 fuisse
2439 1594 2806 1657 Paracletum,
2863 1597 2986 1664 quia
3039 1596 3347 1666 παρακαλεῖ
3393 1595 3469 1665 (id
3512 1607 3597 1650 est

365 1713 432 1750 τα
465 1693 657 1764 γράφω
685 1691 831 1758 ὑμῖν,
865 1687 950 1739 ἰενα
983 1685 1054 1755 μὴ
1082 1685 1360 1754 ἁμάρτητε
1379 1700 1393 1714 ο
1422 1683 1514 1737 ἐὰν
1546 1684 1602 1736 δὲ
1637 1684 1730 1737 καὶ
1751 1685 1931 1756 ἁμάρ-

2040 1686 2269 1750 invocat,
2323 1695 2417 1737 aut
2471 1684 2736 1755 hortatur)
2799 1701 2896 1755 pro
2954 1687 3062 1755 ipsa
3111 1695 3594 1756 crcatura;atque

365 1749 568 1857 τωμέν,
588 1749 598 1760 Π
620 1749 995 1851 Παρὰκλητον-
1027 1749 1219 1846 έχομεν
1249 1749 1383 1844 πρὸς
1433 1775 1520 1826 τὸν
1554 1774 1685 1828 Θεὸν
1728 1749 1932 1845 Ἰησοῦν

2040 1778 2166 1831 illml
2205 1777 2426 1845 insuper
2462 1779 2698 1839 addunt,
2721 1791 2845 1830 eum
2884 1791 3074 1847 nempe
3102 1777 3263 1831 etiam
3296 1777 3456 1831 mitti.
3488 1777 3593 1838 Sed

366 1875 602 1949 Χριστὸν
649 1872 874 1936 δίκαιον,
931 1868 1024 1921 καὶ
1070 1866 1232 1928 αὐτὸς
1268 1866 1506 1935 ’ἱλασμός
1533 1868 1644 1919 ἐστι
1677 1867 1933 1937 περὶτῶν

2041 1869 2272 1939 primum
2321 1869 2537 1938 quidem
2588 1882 2708 1920 cmn
2765 1867 2984 1936 Spiritui
3038 1877 3247 1938 sancto,
3302 1878 3412 1922 tum
3460 1866 3598 1922 Filio

368 1969 648 2043 ἁμαρτιῶν
693 1965 906 2037 ἡμῶν.ῑ
963 1961 1322 2030 Ἐπιτήρησον
1348 1959 1404 2011 δὲ
1458 1959 1614 2022 τέως,
1649 1961 1934 2031 ὃτιΠαρά-

2042 1975 2336 2015 commune
2384 1971 2467 2014 est
2510 1958 2623 2029 (64)
2659 1958 2923 2014 Paracleti
2955 1975 3188 2024 nomen,
3234 1961 3375 2016 sicut
3410 1959 3594 2014 eadem

367 2065 562 2134 κλητον
593 2059 728 2130 πρὸς
748 2057 837 2109 τὸν
858 2055 986 2108 Θεὸν
1007 2054 1173 2106 εἰπὼν
1217 2050 1420 2120 Ἰησοῦν
1448 2051 1698 2119 Χριστὸν,
1721 2050 1798 2122 τῷ
1825 2053 1934 2105 Πα-

2040 2052 2416 2120 estutriusquc
2436 2059 2650 2115 natura,
2674 2051 2826 2120 juxta
2858 2065 2920 2104 ea
2958 2065 3077 2119 quae
3094 2049 3327 2106 Joannes
3357 2053 3596 2122 scripsit.

370 2157 621 2228 ρακλήτῳ
646 2152 741 2221 τὴν
771 2147 1014 2215 ἐξουσίαν
1043 2144 1354 2212 ἀπένειμεν,
1395 2142 1469 2207 ὡς
1492 2144 1651 2195 αὐτοῦ
1682 2161 1931 2214 παρακα-

2042 2144 2174 2197 Nam
2239 2144 2291 2196 in
2351 2141 2625 2196 Catholica
2687 2142 2901 2210 quidem
2967 2143 3198 2210 Epistola
3261 2143 3380 2197 ait:
3422 2143 3598 2198 «Haec

367 2249 627 2319 λουμένου
649 2262 660 2274 -
697 2261 714 2295 ι
738 2240 928 2303 Αὐτὸς,
973 2237 1102 2308 γὰρ,
1127 2254 1145 2287 ι
1182 2235 1364 2306 φησὶν,
1406 2234 1671 2305 «ἱλασμός
1702 2237 1847 2289 ἐστιν
1877 2253 1927 2289 .,

2041 2234 2220 2288 scribo
2275 2231 2387 2302 (65)
2432 2230 2602 2292 vobis,
2653 2240 2852 2284 utnon
2896 2230 3128 2299 peccetis
3174 2247 3188 2282 :
3245 2231 3288 2285 si
3340 2241 3514 2285 autem
3545 2243 3602 2287 et

371 2336 435 2388 ἵν’
457 2333 598 2386 οὕτω
640 2330 733 2385 καὶ
785 2328 844 2381 τὸ
884 2324 1224 2390 αὐτεξούσιον
1257 2323 1350 2375 τοῦ
1386 2324 1741 2394 Παρακλήτου
1763 2325 1931 2397 δείξῃ,

2042 2322 2444 2392 peccaverimus
2507 2319 2666 2391 (66),
2738 2319 3077 2374 Paracletcm
3143 2321 3400 2376 habemus
3460 2323 3602 2393 apud

370 2428 463 2481 καὶ
489 2427 567 2489 εἰς
595 2424 692 2495 τὴν
727 2421 852 2493 μίαν
877 2418 1103 2488 θεότητα
1139 2415 1229 2468 τὸν
1255 2414 1477 2485 ἱλασμὸν
1505 2415 1772 2490 ἀναγάγῃ.

2043 2417 2208 2471 Deum
2249 2414 2382 2484 (67),
2418 2410 2599 2467 Jesum
2634 2413 2910 2467 Christum
2934 2412 3162 2482 justum,
3191 2422 3244 2468 et
3274 2415 3390 2482 ipse
3421 2415 3603 2483 propi-

371 2520 522 2575 tiatio
573 2526 657 2570 est
707 2528 803 2584 pro
849 2512 1086 2580 peccatis
1122 2509 1337 2563 nostris.
1398 2525 1416 2559 ι
1454 2508 1600 2574 [Illud
1677 2525 1806 2566 vero
1852 2529 1995 2568 nunc
2068 2513 2317 2572 observa,
2366 2505 2504 2576 quod
2555 2515 2835 2575 postquam
2888 2505 3217 2561 Paracletum
3260 2508 3396 2576 apud
3438 2507 3602 2562 Deum

372 2609 506 2664 dixit
531 2607 711 2661 Jesum
735 2603 1034 2665 Christum,
1070 2602 1243 2656 eidem
1287 2599 1567 2654 Paraclcto
1601 2612 1921 2672 potestatem
1960 2620 2024 2659 ac
2085 2600 2504 2657 dominationem
2568 2597 2775 2662 tribuit,
2807 2608 3058 2666 tanquam
3087 2599 3137 2653 ei
3163 2599 3254 2668 qui
3279 2601 3596 2664 invocatur;
3685 2594 3687 2596 ’

376 2699 535 2769 «ipse
564 2697 727 2760 enim,
787 2693 1027 2761 »ἰιιειιιίι,
1060 2709 1078 2742 ‹
1136 2700 1219 2745 est
1277 2691 1588 2760 propitiatio
1643 2709 1706 2745 τι
1743 2703 1811 2746 ιιι
1833 2711 2023 2764 nempe
2065 2697 2166 2749 bac
2232 2693 2441 2746 ratione
2498 2697 2552 2742 et
2613 2698 2933 2758 potestatem
3007 2687 3269 2746 Paracleti
3330 2695 3602 2764 propriam

371 2792 655 2851 ostendat,
715 2793 768 2840 et
813 2783 1246 2853 propitiationem
1309 2783 1372 2835 ad
1443 2797 1601 2834 unam
1663 2786 1914 2838 deitatem
1957 2786 2171 2840 referat.

440 2884 551 2938 Καὶ
584 2880 743 2934 πάλιν
767 2881 823 2931 ἐν
843 2877 1156 2947 Εὑαγγελίῳ
1183 2875 1289 2930 ἀπὸ
1315 2877 1406 2929 τοῦ
1429 2876 1695 2930 Δεσπότου
1721 2894 1733 2906 ·
1775 2897 1793 2929 ‹
1818 2879 1936 2932 Ἐὰν

2117 2878 2324 2933 Rursus
2373 2887 2548 2931 autem
2617 2875 2669 2928 in
2707 2875 2995 2945 Evange‘lio
3031 2891 3093 2930 ex
3127 2891 3352 2945 persona
3385 2879 3598 2934 Domini

369 2973 619 3043 ἀγαπᾶτέ
649 2988 737 3042 με,
785 2970 882 3032 τὰς
915 2968 1130 3032 ἐντολὰς
1165 2969 1263 3032 τὰς
1312 2967 1448 3038 ἐμὰς
1470 2969 1764 3038 τηρήσατε,
1787 2970 1940 3040 κάγὼ

370 3067 630 3139 ἐρωτήσω
659 3063 749 3117 τὸν
774 3061 1010 3132 Πατέρα,
1040 3061 1134 3115 καὶ
1189 3060 1344 3114 ἄλλον
1400 3061 1753 3132 Παράκλητον
1783 3062 1942 3117 δώσει

372 3160 523 3228 ὑμῖν,
559 3157 644 3209 ἵνα
674 3154 810 3225 μένῃ
862 3151 976 3223 μεθ’
1000 3151 1153 3221 ὑμῶν
1184 3153 1262 3213 εἰς
1285 3150 1375 3202 τὸν
1406 3150 1597 3215 αἰῶνα,
1629 3152 1689 3203 τὸ
1719 3152 1944 3223 Πνεῦμα

371 3251 471 3320 τῆς
524 3245 797 3319 ἀληθείας,
831 3244 858 3297 ὃ
891 3245 918 3296 ὁ
950 3243 1150 3312 κόσμος
1178 3240 1238 3294 οὐ
1294 3241 1514 3294 δύναται
1544 3241 1746 3305 λαϐεῖν,
1770 3243 1850 3295 ὅτι
1882 3243 1942 3296 οὐ

374 3340 569 3409 θεωρεῖ
595 3335 744 3399 αὐτὸ,
770 3333 892 3388 οὐδὲ
933 3331 1188 3402 γινώσκει
1211 3331 1343 3384 αὐτό
1363 3348 1376 3362 ·
1402 3333 1559 3400 ὑμεῖς
1580 3331 1636 3384 δὲ
1653 3331 1947 3400 γινώσκετε

375 3426 526 3489 αὐτὸ,
559 3425 639 3478 ὅτι
696 3423 824 3494 παρ’
854 3423 982 3493 ὑμῖν
1026 3421 1200 3492 μένει,
1256 3421 1349 3473 κα)¹
1376 3422 1434 3473 ὲν
1469 3420 1596 3490 ὑμῖν
1625 3421 1796 3475 ἔσται.
1838 3423 1949 3475 Οὐκ

374 3519 567 3588 ἀφήσω
590 3516 734 3585 ὑμᾶς
757 3513 884 3585 [214
906 3512 958 3585 b]
989 3511 1255 3583 ὀρφανούς
1279 3528 1293 3543 ο
1326 3511 1555 3581 ἔρχομαι
1574 3512 1709 3583 πρὸς
1736 3514 1879 3582 ὑμᾶς
1897 3529 1910 3540 ·
1926 3532 1945 3565 ι

375 3608 531 3662 ἄλλον
552 3605 909 3678 Παράκλητον
937 3605 1136 3674 φήσας,
1176 3603 1234 3655 οὐ
1271 3602 1389 3655 κατ’
1413 3601 1621 3668 οὐσίαν,
1653 3603 1788 3656 ἀλλὰ
1831 3601 1952 3658 καθ’

449 3852 560 3920 (57)
613 3850 680 3903 Et
718 3849 958 3920 humiles.
991 3846 1516 3920 Nonexstanthmc
1555 3846 1716 3901 verba
1747 3847 1798 3900 in
1842 3846 1945 3920 La-

377 3917 506 3975 tinis
542 3917 756 3974 'Bibliis.
788 3918 972 3972 Graeca
999 3919 1162 3972 editio
1189 3933 1250 3970 ea
1301 3918 1462 3970 habet
1499 3917 1603 3972 lsa.
1657 3932 1779 3970 xmx
1802 3957 1817 3981 ,
1851 3918 1940 3970 15.

375 3994 581 4044 Auctor
622 3999 797 4043 tamen
829 3987 949 4040 libri
997 3989 1151 4057 primi
1181 3986 1428 4040 Machab.
1469 4002 1589 4057 cap.
1635 4002 1745 4048 xw,
1795 3987 1938 4057 hunc

380 4060 526 4114 Isaia:
556 4061 725 4113 locum
751 4056 1089 4111 imitatus’ait
1113 4057 1276 4126 ιηΚαὶ
1304 4056 1551 4126 ἐστήριξε
1583 4056 1786 4119 πάντας
1812 4056 1937 4118 τοὺς

375 4131 662 4192 ταπεινοὺς
699 4127 791 4181 τοῦ
833 4127 963 4179 λαοῦ
1002 4125 1188 4189 αὐτοῦ,
1225 4130 1274 4180 id
1300 4125 1486 4184 est,ut
1517 4127 1706 4193 legitur
1733 4127 1781 4178 in
1815 4126 1940 4178 Vul-

379 4210 497 4269 gata
526 4201 780 4260 editione,
826 4215 843 4247 ι
884 4197 948 4250 Ει
979 4198 1320 4250 confirmavit
1358 4209 1547 4250 omnes
1584 4195 1813 4250 humiles
1842 4211 1938 4264 po-

420 4269 486 4321 uli
517 4271 617 4322 sui.
655 4286 674 4319 ι

378 4285 779 4405 νυὶὲςὲἲξιῖωη
796 4336 932 4390 libro
958 4334 1029 4388 De
1052 4333 1253 4405 Spiritu
1277 4337 1482 4398 sancto,
1509 4348 1656 4386 num.
1679 4331 1770 4405 28,
1794 4332 1937 4386 edita

380 4403 704 4476 exemplaria
753 4405 1113 4476 nonrhabent
1176 4404 1622 4476 hancivocem_:_
1663 4403 1755 4454 sed
1816 4417 1934 4455 eam

382 4471 553 4532 habet'
585 4486 767 4530 noster
794 4475 959 4529 codex
978 4515 992 4538 ,
1023 4477 1150 4528 item
1178 4483 1234 4526 ut
1261 4472 1453 4528 Biblia.
1485 4492 1503 4523 c
1533 4471 1781 4526 Salvator
1807 4485 1934 4538 quo-

381 4561 510 4612 que,
549 4547 626 4600 ait
675 4546 745 4599 ibi
778 4545 1052 4614 Didymus,
1089 4544 1509 4597 consolationem
1533 4581 1548 4605 ,
1588 4557 1618 4596 e
1657 4557 1762 4609 qua
1806 4541 1932 4609 Spi-

383 4618 519 4670 ritus
556 4626 777 4670 sanctus
806 4633 826 4665 ‹
873 4614 1184 4668 Paracletus
1214 4631 1233 4664 ι
1274 4620 1608 4680 nuncupatus
1646 4621 1760 4674 est,
1809 4626 1935 4678 ope-

383 4696 533 4739 ratur
571 4686 624 4738 in
651 4685 904 4738 cordibus
937 4698 1123 4737 eorum
1146 4683 1235 4750 qui
1257 4697 1319 4734 ea
1352 4683 1590 4750 indigent
1619 4697 1634 4734 :
1673 4680 1932 4747 scriptum

383 4765 466 4806 est
507 4755 648 4807 enim
685 4770 699 4806 :
733 4772 752 4805 ›
802 4753 865 4806 Ει
892 4753 1120 4822 humiles
1147 4749 1325 4822 populi
1356 4749 1500 4822 [cod.
1541 4758 1726 4822 noster
1749 4751 1932 4822 addit,

385 4823 488 4896 sui]
511 4823 818 4877 consolatus
850 4833 950 4877 est.
992 4839 1010 4871 ι
1042 4819 1194 4875 Unde
1217 4819 1271 4874 et
1292 4821 1337 4896 is
1358 4819 1459 4890 'qui
1483 4821 1586 4896 ho_c
1618 4819 1933 4896 beneﬁcium

387 4889 564 4946 fuerat
607 4902 963 4957 consecutus,
1016 4906 1138 4945 eum
1171 4889 1874 4959 pradicans,gloquebatur
1918 4905 1932 4940 :

391 4980 409 5012 ι
443 4963 674 5017 Domine
694 5000 710 5025 ,
763 4964 1053 5016 secundum
1095 4957 1488 5012 multitudinem
1515 4957 1760 5012 dolorum
1789 4971 1938 5009 meo-

386 5047 501 5085 rum
531 5033 582 5085 in
621 5031 783 5085 corde
839 5046 959 5084 meo
988 5029 1384 5084 consolationes
1406 5037 1508 5082 tute
1533 5029 1939 5082 lectilicaverunt

384 5117 480 5154 cor
523 5116 700 5155 meum
724 5139 739 5163 ,
770 5118 788 5151 ι
820 5100 950 5159 sive,
993 5118 1011 5150 ι
1047 5099 1348 5153 dilexerunt
1379 5099 1613 5150 animam
1657 5111 1852 5148 meam.
1915 5115 1932 5145 ι

386 5171 628 5239 Utroque
664 5172 804 5224 enim
854 5171 1124 5239 scriptum,
1169 5165 1546 5239 esse7[nomen
1599 5165 1772 5239 codex
1825 5179 1938 5239 non

391 5185 628 5239 Ull'OQlle
664 5185 804 5224 enim
854 5185 956 5224 SCI‘I
1001 5185 1110 5221 tum
1169 5185 1289 5221 esse
1330 5185 1546 5237 [nomen
1599 5185 1771 5219 COUBX
1834 5185 1938 5217 11011

387 5241 559 5311 Ιιιιὺει
591 5238 780 5294 'vocem
803 5278 818 5304 ,
849 5185 995 5311 αδδεδ)
1008 5238 1166 5292 modo
1194 5237 1251 5291 in
1287 5237 1514 5292 diversis
1547 5235 1941 5304 exemplari-bus

385 5310 677 5364 invenitur.
721 5327 740 5360 ι

457 5378 567 5447 (59)
595 5378 675 5447 ίΕῑ
703 5393 767 5432 ea:
793 5394 1042 5447 persona.
1060 5375 1241 5447 Codex
1271 5374 1430 5447 habet
1459 5393 1472 5427 :
1505 5374 1598 5427 καὶ
1627 5374 1742 5444 ήὲκ
1779 5389 1942 5445 προσ-

384 5441 559 5502 ώπου.
586 5441 888 5515 Legendum
919 5464 949 5519 :_
964 5446 1059 5519 καὶ
1164 5448 1228 5498 ὲκ
1249 5445 1556 5519 προσώπου.

459 5519 571 5588 (60)
623 5512 862 5588 Domine.
919 5516 1063 5588 P_sal.
1098 5512 1424 5588 'itcut,_'19.
1491 5515 1629 5588 Haec
1678 5529 1801 5588 vox,
1827 5512 1942 5588 19i—

427 5584 492 5650 ιε’,
542 5584 806 5641 omittitur
854 5588 905 5639 in
933 5585 1117 5639 Graeca
1155 5585 1389 5638 editione
1439 5594 1494 5639 et
1529 5586 1581 5638 in
1609 5584 1813 5637 Latinis
1850 5585 1942 5637 Bi-

427 5605 492 5650 ιε,
542 5603 806 5641 οηιιιιιιυι·
854 5603 905 5639 ιιι
933 5603 1117 5639 uraaca
1155 5603 1389 5638 eoiuone
1439 5603 1494 5639 et
1529 5603 1581 5638 In
1610 5603 1813 5637 Lallltls
1850 5603 1940 5637 m-

388 5603 526 5710 ﬁliis.
563 5657 817 5726 Didymus
840 5670 968 5709 vero
1011 5669 1130 5708 eam
1155 5653 1304 5726 legit
1348 5656 1512 5726 etiam
1565 5654 1699 5711 libro
1729 5654 1804 5709 De
1846 5652 1940 5723 Sp.

389 5737 569 5780 sancto
597 5723 676 5779 in'
694 5726 869 5780 verbis
898 5739 1016 5793 quae
1042 5725 1198 5779 modo
1226 5723 1400 5781 attuli.

2045 2971 2153 3023 ait:
2192 2988 2211 3020 σ
2237 2969 2290 3022 Si
2327 2968 2545 3036 diligitis
2587 2965 2697 3036 (68)
2744 2981 2850 3030 me,
2903 2967 3153 3020 mandata
3216 2984 3331 3023 mea
3370 2981 3604 3034 servate,

2048 3070 2100 3113 et
2131 3074 2231 3128 ego
2258 3059 2454 3128 rogabo
2494 3057 2729 3120 Patrem,
2776 3067 2826 3111 et
2877 3057 3036 3110 alium
3085 3056 3415 3114 Paracletum
3457 3063 3607 3117 dabit

2048 3151 2219 3213 vobis,
2258 3159 2316 3202 ut
2350 3157 2560 3202 maneat
2597 3149 2868 3203 vobiscum
2926 3151 2977 3204 in
3022 3132 3297 3219 smculum,
3341 3153 3600 3222 Spiritum

2055 3239 2337 3305 veritatis,
2376 3254 2534 3308 quem
2583 3241 2812 3295 mundus
2848 3253 2953 3294 non
2988 3251 3160 3309 potest
3181 3245 3448 3311 accipere,
3481 3247 3608 3315 quia

2050 3346 2155 3386 non
2212 3331 2360 3385 videt
2410 3346 2572 3397 eum,
2635 3346 2732 3386 nec
2789 3334 3063 3403 cognoscit
3119 3348 3262 3389 eum.
3321 3334 3427 3391 Vos
3481 3353 3610 3392 vero

2051 3424 2375 3491 cognoscitis
2408 3423 2578 3488 illum,
2615 3424 2740 3492 quia
2770 3426 2910 3494 apud
2935 3442 3029 3481 vos
3055 3437 3256 3491 manet,
3294 3439 3349 3484 et
3373 3431 3422 3483 in
3453 3433 3605 3486 vobis

2056 3515 2181 3568 erit.
2219 3516 2338 3569 Non
2369 3515 2669 3585 relinquam
2702 3531 2797 3570 vos
2830 3518 3137 3587 orphanos:
3168 3520 3324 3574 venio
3352 3525 3417 3574 ad
3445 3537 3558 3580 vos.
3585 3540 3605 3574 ι

2060 3605 2163 3662 Ubi
2210 3605 2374 3678 440
2421 3607 2582 3661 alium
2631 3607 2963 3663 Paracletum
2997 3609 3149 3676 dicit,
3179 3626 3283 3665 non
3319 3616 3610 3669 secundum

2114 3850 2224 3920 (61)
2255 3849 2361 3904 Cor
2388 3867 2577 3903 meum.
2608 3849 2778 3904 Biblia
2829 3863 2938 3904 tum
2994 3851 3202 3914 Graeca,
3259 3862 3366 3906 tum
3421 3851 3610 3909 Latina

2045 3919 2258 3991 habent,
2299 3919 2398 3990 τὴν
2424 3920 2602 3991 ψυχήν
2641 3939 2763 3991 μου,
2801 3922 2850 3974 id
2881 3931 2963 3975 est
3013 3940 3032 3972 ι
3064 3923 3296 3974 animam
3356 3939 3549 3976 meam.
3585 3944 3605 3976 ι

2046 3989 2300 4058 Didymus
2329 3989 2382 4043 in
2417 4007 2481 4061 eo
2503 3989 2699 4055 etiam,
2735 4007 2890 4061 quem
2939 3991 3069 4052 dixi,
3119 3993 3234 4044 loco
3271 3991 3418 4061 legit,
3465 4011 3484 4043 ι
3517 4009 3614 4048 cor

2043 4073 2242 4120 meum,
2277 4078 2296 4110 ι
2341 4060 2442 4113 etsi
2473 4061 2695 4114 alterius
2729 4060 2972 4116 lectionis
3003 4060 3538 4116 mentionem’faciat.

2115 4128 2225 4199 (6'2)
2269 4129 2488 4183 Dedisti.
2545 4129 2684 4183 Psal.
2751 4146 2823 4193 tv,
2885 4130 2934 4182 7.
3000 4129 3054 4184 ln
3117 4131 3252 4184 libro
3313 4132 3474 4184 etiam
3533 4131 3610 4186 De

2044 4197 2138 4265 Sp.
2171 4212 2372 4264 sancto,
2397 4215 2546 4254 num.
2573 4199 2665 4262 25,
2702 4201 2766 4254 de
2807 4202 3176 4255 consolatione
3201 4215 3264 4254 ac
3322 4200 3610 4261 hilaritate.

2042 4283 2161 4337 qua
2213 4269 2264 4321 in
2316 4268 2470 4322 nobis
2517 4283 2612 4338 per
2669 4269 2925 4337 Spiritum
2969 4281 3210 4322 sanctum
3253 4272 3444 4331 oritur,
3499 4271 3614 4324 haec

2043 4340 2204 4407 verba
2262 4338 2531 4407 intelligit,
2583 4353 2704 4391 cum
2748 4340 2859 4390 ait:
2926 4357 2945 4390 ι
2983 4339 3384 4393 Consolatorem
3425 4351 3608 4391 autem

2045 4406 2302 4475 Spiritum
2356 4406 2599 4462 sanctum
2656 4408 2805 4472 dicit,
2855 4409 2922 4462 ab
2971 4407 3283 4475 Operatione
3323 4408 3370 4462 ei
3420 4423 3615 4461 nomen

2040 4477 2356 4544 imponens;
2411 4479 2534 4545 quia
2567 4493 2671 4530 non
2705 4479 2876 4531 solum
2917 4478 3224 4531 consolatur
3247 4493 3361 4538 eos,
3400 4493 3535 4546 quos
3557 4493 3618 4531 se

2032 4546 2225 4612 dignos
2283 4547 2568 4616 repererit,
2619 4557 2673 4600 et
2724 4547 2790 4600 ab
2824 4548 2971 4600 omni
3012 4547 3228 4600 tristitia
3254 4559 3309 4601 et
3335 4547 3620 4616 perturba-

2036 4618 2177 4686 tione
2226 4617 2404 4668 reddit
2448 4615 2689 4686 alienos;
2737 4631 2920 4672 verum
2975 4617 3285 4671 incredibile
3339 4615 3615 4686 quoddam

2035 4685 2283 4751 gaudium
2343 4695 2395 4738 et
2447 4685 2776 4739 hilaritatem
2822 4687 2900 4738 eis
2953 4686 3258 4747 tribuit,.in
3321 4685 3525 4741 tantum
3554 4699 3615 4740 ut

2039 4755 2211 4825 possit
2242 4755 2362 4822 quis
2396 4753 2503 4808 Deo
2528 4756 2730 4825 gratias
2772 4754 3008 4825 referens
3065 4755 3204 4825 quod
3262 4757 3349 4810 tali
3410 4757 3621 4825 hospite

2038 4823 2232 4890 dignus
2265 4823 2549 4886 habeatur,
2581 4824 2798 4878 dicere:
2839 4842 2856 4874 ι
2883 4823 3083 4879 Dedisti
3110 4823 3348 4881 lwtitiam
3381 4827 3434 4880 in
3458 4823 3622 4880 corde

2039 4907 2176 4945 "180.
2206 4911 2224 4944 ι

2040 4961 2221 5085 56(61⁷))
2249 4962 2388 5033 Ipse.
2423 4961 2467 5016 II
2495 4960 2682 5016 Thess.
2723 4977 2783 5027 tt,
2823 4962 2909 5027 l6,
2938 4963 3023 5017 17.
3052 4960 3190 5020 Vide
3213 4976 3326 5022 not.
3369 4967 3457 5035 17,
3495 4986 3617 5041 pag,

2111 5102 2226 5173 (6t)
2261 5101 2546 5156 Commune
2571 5111 2668 5166 est,
2696 5111 2806 5173 etc.
2851 5102 2975 5158 llth
3013 5105 3203 5160 eadem
3255 5107 3412 5162 docet
3441 5110 3491 5163 in
3529 5111 3619 5165 lib.

2041 5172 2116 5226 De
2147 5171 2238 5234 Sp)
2268 5180 2468 5235 sancto,
2504 5187 2651 5224 num.
2687 5172 2777 5225 27.
3680 5189 3684 5192 ’

2135 5241 2226 5309 65)
2255 5240 2384 5295 Htec
2418 5241 2610 5294 scribo.
2643 5240 2844 5296 lJoan.
2880 5256 2940 5303 ll,
2977 5243 3028 5308 1,
3081 5242 3136 5296 2.

2135 5311 2224 5380 66)
2257 5311 2313 5364 Si
2344 5321 2516 5364 autem
2547 5323 2593 5363 et
2621 5313 3031 5379 peccaverimus.
3067 5313 3256 5368 Graeca
3289 5315 3454 5370 editio
3481 5333 3494 5368 :
3523 5317 3620 5370 καὶ

2043 5380 2136 5435 ἐάν
2163 5399 2244 5453 τις
2269 5381 2528 5453 αμαρτῃ,
2553 5380 2602 5434 id
2628 5391 2709 5434 est
2738 5397 2857 5453 iac
2888 5383 2930 5435 si
2941 5383 3079 5453 quis
3099 5387 3427 5451 peccaverit.
3457 5405 3477 5437 ι

2115 5451 2226 5521 (67)
2259 5451 2444 5504 Deum.
2475 5451 2662 5505 Grzeca
2699 5452 2864 5504 editio
2893 5469 2905 5505 :
2937 5451 3180 5523 Πατέρα,
3228 5453 3281 5506 id
3332 5467 3418 5508 (εει
3472 5472 3490 5504 ι
3520 5454 3624 5508 Pa-

2163 5538 2253 5573 1.)
2971 5542 2978 5548 ⁸

2046 5529 2317 5714 ῑΐῗθιξξὲῗ
2346 5590 2584 5662 diligitis.
2619 5590 2808 5648 Joann.
2843 5607 2955 5654 xiv.
2971 5542 3166 5644 ,15-18.
3204 5591 3333 5645 Vide
3381 5602 3472 5645 not
3525 5593 3620 5658 38,

2047 5676 2168 5714 nae.
2309 5701 2320 5714 .

2047 5676 2168 5730 pag.
2201 5676 2320 5714 του.
