4034 6400
389 426 489 484 977

1448 433 1538 490 DE
1577 433 1951 490 TRINITATE
1989 436 2197 492 LIBER
2236 435 2567 492 TERTlUS.

3536 437 3649 494 978'

387 547 559 616 σήσας
582 545 662 611 είς
707 544 778 600 τά
827 545 1095 617 πρόσωπα
1120 545 1230 600 τῶν
1276 546 1589 606 ἀποστόλων
1634 552 1729 606 καὶ
1766 552 1960 608 εἰπών·

2074 565 2222 612 esset
2248 555 2485 626 Spiritus
2514 564 2739 612 sanctus
2767 563 2953 628 utpote
2980 554 3482 625 consubstantialis,
3511 574 3638 613 rur-

390 647 408 679 ι
432 629 640 683 Λάϐετε
667 629 892 701 Πνεῦμα
915 630 1094 699 ἆγιον,
1126 651 1143 683 ι
1160 632 1236 696 ὡς
1259 633 1598 707 προείρηται.
1617 637 1691 690 Τὸ
1711 637 1790 705 δὲ,
1815 657 1832 690 t
1856 639 1970 694 Οὐκ

384 722 581 792 άφήσω
615 723 758 794 ὑμᾶς
787 725 1088 796 όρφανούς’
1123 719 1354 797 ἔρχομαι
1379 726 1515 800 πρὸς
1543 729 1709 799 ὑμᾶς,
1740 748 1758 781 ι
1797 730 1970 785 ἐδίδα-

385 811 494 879 ξεν,
524 813 600 878 ὡς
637 815 696 869 ὃν
735 816 936 887 τρόπον
965 817 1026 871 τὸ
1052 817 1276 888 Πνεῦμα
1313 816 1406 872 τοῦ
1435 818 1570 872 Θεοῦ
1623 815 1691 892 ἦν
1742 821 1836 874 καὶ
1863 820 1968 893 πρὸ

379 907 481 976 τῆς
505 908 751 980 γνωστῆς
784 909 950 964 αὐτοῦ
975 909 1102 981 [215
1124 908 1179 982 b]
1237 910 1531 981 ἐπιδημίας
1571 914 1631 966 ἐν
1660 914 1844 979 πᾶσιν,
1872 913 1968 968 οὖ-

380 1015 460 1050 τω
513 999 608 1052 καὶ
656 1000 796 1071 μετὰ
843 1001 944 1073 τὴν
987 1001 1253 1072 ἀνάληψιν
1288 1004 1318 1056 6
1345 1002 1492 1068 Υἱὸς,
1521 1003 1580 1058 ἐν
1604 1003 1968 1078 ἀπεριγράφῳ

386 1092 487 1162 μιᾷ
515 1091 728 1163 Θεότητι
755 1093 852 1147 καὶ
887 1093 1105 1167 Θελήσει
1125 1094 1235 1148 τῶν
1269 1095 1620 1150 ὑποστάσεων
1649 1097 1844 1165 οὐσῶν,
1867 1099 1967 1152 οὐκ

383 1183 542 1248 αὐτὸς
567 1184 642 1238 ὢν
667 1185 834 1256 ἄμφω
882 1185 977 1240 καὶ
1031 1185 1256 1258 Πνεῦμα
1286 1186 1378 1240 τοῦ
1408 1187 1543 1242 Θεοῦ
1595 1187 1694 1260 (ὡς
1745 1190 1966 1263 ἐνόησεν

384 1274 673 1341 Μοντανὸς,
725 1278 819 1332 καὶ
843 1277 1017 1349 τούτῳ
1048 1278 1280 1350 μάλιστα
1329 1279 1666 1349 ἐπερείδεται
1693 1280 1775 1352 τῷ
1808 1281 1964 1354 μέρει

380 1365 482 1434 τῆς
509 1365 753 1439 Γραφῆς,
779 1366 855 1438 μὴ
880 1365 1114 1435 βλέπων,
1143 1368 1266 1440 μηδ’
1287 1369 1519 1435 ἀκούων,
1556 1371 1632 1435 ὡς
1654 1371 1810 1436 ἄλλος
1836 1371 1965 1445 περὶ

380 1455 542 1510 ἄλλου
578 1458 674 1512 καὶ
721 1458 882 1514 ἄλλου
936 1459 1229 1532 προσώπου
1272 1461 1454 1530 λέγει·
1493 1479 1513 1514 t
1540 1463 1830 1536 Ἐρωτήσω
1869 1465 1964 1520 τὸν

299 1597 304 1602 .
381 1548 621 1620 Πατέρα,
655 1550 748 1603 καὶ
779 1551 985 1623 πέμψει
1022 1552 1179 1608 ἄλλον
1230 1553 1584 1627 Παράκλητον
1603 1554 1652 1628 ›)
1675 1573 1690 1586 ο
1745 1556 1862 1611 ἀλλ’
1887 1557 1964 1623 ὡς

381 1640 479 1694 σὺν
509 1639 588 1712 τῷ
625 1642 902 1714 Πνεύματι
968 1643 1160 1718 παρὼν
1213 1647 1598 1714 ίδιοσὺστατος,
1650 1647 1794 1702 καθά
1815 1649 1961 1704 ἐστιν

379 1731 468 1785 άεὶ
498 1734 772 1805 πανταχοῦ
805 1735 899 1789 καὶ
926 1737 956 1790 ὁ
1013 1737 1224 1810 Πατήρ.
1254 1739 1329 1793 Οὐ
1379 1739 1563 1810 μέντοι
1619 1741 1684 1795 ἐκ
1709 1740 1960 1812 δευτέρου

379 1823 481 1896 ἤδη
544 1823 738 1892 ἐλθὼν,
868 1829 1129 1893 πολλάκις
1183 1830 1279 1884 καὶ
1325 1831 1424 1903 τὴν
1481 1831 1750 1903 ἐσομένην
1796 1835 1856 1886 ἐν
1891 1835 1959 1905 τῇ

2075 662 2172 704 Sus
2219 647 2333 716 ipse
2381 645 2554 701 Filius
2595 648 2852 713 ostendit,
2894 661 3018 705 cum
3066 647 3347 704 insumans
3384 649 3440 703 in
3473 648 3640 704 i'acies

2069 737 2436 808 apostolorum
2457 738 2608 805 ait,'t~
2630 737 2874 808 Accipite
2896 737 3010 810 (76)
3039 739 3302 808 Spiritum
3338 749 3584 796 sanctum
3613 757 3636 794 ι

2068 831 2212 884 sicut
2262 840 2424 886 antea
2473 830 2677 886 dictum
2732 837 2835 888 est.
2885 829 2998 887 Illis
3044 829 3158 902 (77)
3192 839 3372 886 autem
3434 832 3638 899 verbis,

2073 919 2235 991 gNon
2272 923 2570 994 relinquam
2597 939 2691 981 vos
2717 923 3014 995 orphanos,
3038 923 3196 979 venio
3228 926 3297 978 ad
3333 938 3449 990 vos,
3480 942 3500 978 ο
3540 925 3641 978 do-

2066 1010 2198 1074 cuit,
2241 1011 2384 1082 quod
2424 1011 2878 1082 quemadmodum
2910 1009 3148 1082 Spiritus
3172 1009 3289 1075 Dei,
3313 1009 3476 1065 etiam
3514 1021 3640 1065 ante

2065 1101 2408 1157 manifestum
2429 1117 2586 1158 suum
2603 1105 2916 1168 adventum,
2930 1110 3048 1159 erat
3067 1102 3122 1158 in
3149 1102 3434 1170 omnibus;
3457 1102 3536 1156 sic
3557 1101 3639 1157 Fi-

2065 1190 2190 1256 lius,
2215 1192 2378 1248 etiam
2402 1202 2684 1264 postquam
2705 1192 2758 1247 in
2784 1192 2952 1249 cmlos
2972 1201 3280 1263 assumptus
3308 1201 3414 1257 est,
3438 1191 3638 1262 ubique

2064 1291 2170 1347 est,
2189 1297 2310 1338 cum
2331 1284 2492 1338 unius
2510 1284 2985 1354 incircumscriptaz
3001 1284 3224 1342 Deitatis
3243 1300 3307 1339 ac
3346 1283 3636 1340 voluntatis

2064 1375 2172 1428 sint
2193 1373 2538 1443 hypostases;
2583 1389 2690 1430 non
2720 1376 2866 1444 quod
2896 1373 3013 1445 ipse
3047 1375 3117 1429 sit
3142 1374 3334 1440 Pater,
3362 1384 3418 1429 et
3441 1373 3634 1442 Filius,

2063 1473 2117 1520 et
2142 1463 2375 1534 Spiritus
2399 1463 2495 1520 Dei
2519 1465 2601 1534 (ut
2622 1473 2962 1521 commentus
2986 1463 3397 1535 estjlontauus,
3421 1464 3510 1535 qui
3535 1464 3636 1520 hoc

2065 1555 2302 1611 maxime
2348 1555 2644 1625 Scriptura:
2672 1555 2792 1611 loco
2822 1555 3093 1621 innititur,
3125 1554 3258 1610 illud
3285 1569 3392 1609 non
3420 1555 3634 1620 videns,

2061 1662 2164 1704 nec
2190 1647 2520 1718 intelligens,
2551 1647 2693 1718 quod
2733 1647 3078 1704 manifestum
3114 1655 3216 1709 est,
3249 1646 3415 1701 alium
3439 1662 3634 1716 nempe

2061 1739 2128 1796 de
2154 1739 2256 1796 alia
2313 1749 2368 1795 et
2400 1739 2504 1796 alia
2545 1755 2776 1809 persona
2820 1740 3040 1796 dicere:
3077 1757 3097 1792 ι
3129 1737 3349 1809 Rogabo
3383 1737 3628 1802 Patrem,

2061 1840 2118 1889 et
2167 1833 2344 1889 mittet
2391 1832 2556 1888 alium
2608 1831 3028 1900 Paracletumv),
3075 1830 3169 1887 sed
3212 1838 3479 1900 quatenus
3504 1844 3632 1885 cum

379 1914 559 1986 κρίσει
607 1915 866 1990 δευτέραν
893 1917 1078 1988 ἄφιξιν
1135 1919 1299 1974 αὑτοῦ
1341 1923 1632 1994 ἐσήμανεν.
1665 1920 1742 1978 Εὖ
1780 1923 1836 1978 δὲ

2063 1923 2267 1995 Spiritu
2292 1931 2480 1980 sancto
2510 1923 2667 1978 simul
2690 1922 2844 1978 adest
2873 1930 2930 1977 et
2962 1921 3078 1992 ipse
3113 1934 3236 1975 cum
3269 1918 3485 1990 propria
3511 1919 3633 1975 sub-

376 2004 438 2058 τὸ
462 2006 664 2075 φάναν
726 2010 1005 2075 «Ἐκεῖνος
1047 2013 1176 2086 περὶ⁹
1233 2013 1368 2084 ἐμοῦ
1421 2015 1828 2087 μαρτυρήσει.»
1898 2017 1964 2070 Ἠ

378 2096 628 2169 ἀλήθεια,
687 2101 874 2172 φησὶν,
915 2103 1044 2175 περὶ
1085 2103 1187 2175 τῆς
1216 2105 1492 2176 ἀληθείας,
1550 2107 1645 2161 καὶ
1690 2107 1720 2162 6
1759 2106 1963 2180 Κύριος

377 2191 509 2263 περὶ
533 2190 626 2246 τοῦ
650 2193 878 2266 Κυρίου,
911 2195 971 2250 ὃν
1009 2196 1210 2268 τρόπον
1242 2198 1369 2270 περὶ
1401 2198 1496 2253 τοῦ
1526 2199 1740 2272 Πατρὸς
1767 2193 1922 2254 εἶπεν
1942 2217 1959 2234 ο

383 2300 404 2333 t
425 2283 536 2337 Kal.
589 2289 856 2358 μαρτυρεῖ
888 2287 1018 2359 περὶ¹
1062 2287 1200 2360 ἐμοῦ
1257 2291 1286 2342 6
1319 2289 1540 2361 πέμψας
1599 2308 1666 2362 με
1695 2292 1903 2363 Πατήρ.
1934 2309 1957 2345 ›

379 2375 568 2430 Ταῦτα
591 2377 790 2443 πάντα,
825 2379 918 2433 καὶ
948 2381 1056 2452 πρὸ
1087 2381 1224 2435 ὅλων
1246 2382 1308 2436 τὸ
1334 2381 1512 2451 λέγειν
1537 2382 1630 2437 τὸν
1660 2384 1960 2455 Δεσπότην,

381 2485 402 2520 r
424 2468 717 2542 Ἐρωτήσω
755 2470 848 2524 τὸν
891 2472 1132 2545 Πατέρα,
1163 2493 1183 2526 ι
1230 2473 1366 2546 ὅπερ
1395 2474 1758 2546 ἀνεπίληπτόν
1791 2477 1958 2540 ἐστιν,

374 2561 436 2615 οὐ
472 2561 612 2616 κατὰ
643 2564 914 2636 κοσμικὴν
934 2565 1218 2638 συνήθειαν
1241 2565 1474 2622 νοεῖσθαι
1509 2567 1740 2638 ὀφεῖλον,
1771 2569 1960 2624 Μακε-

375 2650 548 2717 δόνιος
596 2655 825 2726 παρεὶς,
880 2655 960 2727 τῷ
1025 2676 1042 2709 ι
1074 2657 1289 2729 Πέμψει
1343 2676 1366 2711 ι
1429 2659 1810 2731 προσέδραμεν
1865 2659 1961 2714 καὶ⁹

377 2745 718 2818 προσεχάρη.
755 2745 959 2819 Ἐχέτω
990 2747 1048 2802 δὲ
1093 2749 1384 2822 ἀπόκρισιν
1410 2751 1550 2822 πρὸς
1581 2750 1679 2814 τὰς
1709 2753 1961 2816 τοιαύτας

376 2834 506 2904 περὶ
547 2833 642 2889 τοῦ
675 2835 830 2904 ἁγίου
862 2836 1178 2910 Πνεῦματος
1204 2839 1409 2910 φωνὰς,
1439 2840 1507 2912 ἢν
1549 2839 1710 2904 αὐτὸς
1739 2839 1957 2911 ἐρωτώ-

376 2939 538 2994 μενος
591 2923 752 2978 δώσει
795 2925 960 2981 ἕνεκα
1007 2926 1116 2981 τῶν
1167 2929 1298 3000 περὶ
1342 2927 1438 2982 τοῦ
1494 2927 1625 2982 Υίοῦ
1690 2928 1960 3000 κειμένων

375 3016 548 3086 ἁγίων
573 3017 809 3091 Γραφῶν
829 3035 844 3051 ο
891 3019 988 3076 καὶ
1035 3020 1193 3076 τοῦτο
1242 3020 1551 3092 γινώσκων,
1592 3021 1675 3077 ὅτι
1724 3020 1958 3094 μάλιστα

2063 2015 2333 2081 sistentia,
2394 2014 2536 2069 sicut
2587 2027 2799 2084 semper
2859 2011 3056 2082 ubique
3095 2019 3181 2067 est
3228 2011 3393 2066 etiam
3446 2008 3628 2065 Pater.

2063 2105 2177 2163 Nec
2211 2121 2342 2163 vero
2365 2110 2512 2176 quod
2555 2107 2655 2171 ait,
2709 2105 2914 2162 «Venio
2949 2107 3016 2162 ad
3063 2119 3214 2171 vos»
3264 2105 3467 2160 indicat
3506 2118 3631 2160 eum

2062 2201 2298 2257 secundo
2335 2197 2446 2270 jam
2486 2199 2739 2262 venisse;
2783 2200 2886 2255 etsi
2931 2212 3072 2269 saepe
3121 2197 3225 2253 hac
3271 2197 3480 2252 ratione
3514 2195 3636 2267 (78)

2062 2292 2304 2350 futurum
2355 2293 2519 2348 etiam
2553 2291 2608 2346 in
2640 2291 2726 2346 die
2769 2289 2958 2362 judicii
3005 2290 3300 2346 secundum
3339 2289 3422 2344 sui
3461 2287 3641 2358 ipsius-

2062 2386 2354 2440 adventum
2381 2382 2790 2454 signiﬁcaverit.
2824 2381 2970 2436 Bene
3003 2379 3116 2453 (79)
3147 2387 3328 2436 autem
3368 2393 3427 2434 se
3469 2378 3632 2432 habet

2061 2477 2224 2533 etiam
2271 2476 2414 2548 quod
2447 2475 2586 2532 dixit
2615 2492 2629 2528 :
2662 2492 2681 2527 ι
2713 2471 2807 2530 llle
2839 2474 2906 2530 de
2930 2487 3015 2528 me
3047 2471 3414 2528 testimonium
3443 2469 3632 2540 perhi-

2062 2569 2229 2626 hebit.
2276 2587 2296 2622 ι
2336 2567 2538 2636 Nempe
2569 2565 2790 2629 veritas,
2821 2564 3016 2634 inquit,
3056 2565 3122 2618 de
3169 2563 3417 2626 veritate,
3444 2569 3499 2616 et
3529 2559 3636 2613 Do-

2061 2661 2242 2716 minus
2275 2659 2341 2715 de
2368 2657 2597 2714 Domino
2627 2654 2994 2712 testimonium
3023 2653 3231 2709 reddet.
3269 2651 3444 2709 Simili
3473 2651 3633 2707 modo

2061 2754 2128 2810 de
2149 2752 2308 2808 Patre
2334 2752 2446 2807 ait:
2483 2769 2502 2804 ι
2531 2750 2596 2806 Ει
2627 2749 2991 2806 testimonium
3026 2745 3140 2820 (80)
3172 2746 3418 2818 perhibet
3444 2744 3513 2800 de
3547 2761 3646 2801 IIIO'

2059 2845 2152 2916 qui
2201 2843 2350 2900 misit
2382 2857 2468 2898 me
2497 2841 2679 2899 Pater.
2704 2859 2725 2895 ι
2757 2841 2975 2899 Omittit
3010 2841 3122 2895 haec
3167 2839 3347 2894 omnia
3379 2836 3633 2894 Macedo-

2059 2940 2206 3004 nius,
2226 2953 2291 2992 ac
2331 2936 2624 3008 praeertim
2667 2933 2753 2990 illa
2800 2933 3010 2992 Domini
3036 2933 3199 2988 verba
3231 2932 3452 2998 omittit,
3487 2931 3632 2986 «Ro-

2056 3031 2196 3102 gabo
2221 3028 2494 3094 Patrem»
2529 3042 2650 3099 qua:
2669 3038 2724 3083 et
2756 3024 3177 3096 reprehensione
3207 3031 3418 3089 carent,
3456 3036 3632 3092 neque

377 3109 482 3182 μὲν
533 3111 594 3165 οὐ
647 3113 866 3177 πάντως
915 3114 945 3167 6
997 3113 1194 3183 λέγων,
1246 3115 1279 3187 ἢ
1316 3113 1574 3186 πέμπων,
1624 3113 1826 3185 μείζων
1859 3111 1956 3168 τοῦ

2061 3121 2208 3193 iuxta
2253 3119 2580 3175 mundanam
2622 3114 2875 3187 loquendi
2912 3113 3355 3170 consuetudinem
3403 3109 3629 3182 intelligi

374 3202 682 3271 ἀκούοντος,
715 3205 748 3277 ἢ
778 3206 1130 3278 πεμπομένου
1164 3206 1529 3279 καθέστηκεν·
1565 3204 1701 3260 ἀλλὰ
1721 3205 1812 3260 τὸν
1843 3205 1956 3261 ἴσον

374 3293 471 3348 καὶ
527 3295 788 3367 ὁμότιμον
848 3296 1108 3362 πολλάκις
1169 3296 1480 3372 εὑρίσκεταί
1547 3314 1630 3362 τις
1693 3296 1955 3352 ἀποστέλ-

373 3385 480 3441 λων
498 3402 512 3416 °
540 3387 642 3443 οὐκ
666 3388 894 3455 ἀπεικὸς
935 3389 994 3444 δὲ
1021 3392 1080 3444 ἐν
1109 3389 1438 3462 ἀνθρώποις,
1464 3388 1556 3444 τὸν
1584 3390 1845 3453 παντοίας
1869 3388 1957 3443 τέ-

373 3495 508 3550 χνης
532 3479 596 3550 δη
605 3481 883 3553 μιουργὸν,
912 3482 1006 3535 καὶ
1028 3483 1062 3536 ά
1070 3481 1286 3552 μείνονα
1308 3482 1596 3553 τυγχάνειν
1627 3480 1722 3536 τοῦ
1745 3482 1958 3538 δοκοῦν-

373 3569 464 3633 τός
488 3587 542 3623 τι
566 3569 744 3640 λέγειν
768 3571 937 3644 αὐτῷ,
959 3573 993 3645 ἢ
1016 3571 1142 3645 [216
1163 3572 1222 3646 α]
1253 3574 1492 3645 πέμπειν
1513 3574 1693 3630 αὐτόν.
1725 3575 1956 3629 Ἔπειτα

372 3661 455 3716 ὅτι
481 3663 576 3717 καὶ
600 3665 629 3718 6
665 3665 959 3738 μονογενὴς
1010 3666 1143 3730 Θεὸς
1179 3666 1351 3736 Λόγος
1388 3665 1646 3738 ἐπέμφθη
1678 3665 1830 3738 παρὰ
1859 3665 1954 3720 τοῦ

374 3753 608 3829 Πατρὸς,
640 3755 674 3828 ἢ
725 3756 820 3811 τοῦ
860 3759 1198 3830 Πνεῦματος,
1255 3758 1331 3823 ὡς
1361 3758 1524 3824 αὐτὸς
1569 3758 1720 3831 παρὰ
1760 3759 1957 3831 Ἡσαΐᾳ.

371 3843 559 3914 λέγει’
591 3865 610 3899 t
632 3845 773 3915 Ἐγώ
803 3848 919 3918 εἰμι
946 3848 1186 3920 πρῶτος,
1215 3848 1311 3903 καὶ
1337 3847 1449 3918 ἐγώ
1486 3850 1600 3919 εἰμι
1631 3849 1713 3912 είς
1748 3847 1840 3902 τὸν
1871 3848 1957 3901 αἱ·

371 3937 520 3994 ῶνα·
552 3939 585 4010 ἡ
611 3939 732 4011 χείρ
765 3957 864 4010 μου
921 3940 1282 4013 ἐθεμελίωσεν
1336 3941 1434 4012 τὴν
1465 3940 1593 4013 γῆν,
1625 3941 1722 3996 καὶ
1743 3943 1777 4011 ἡ
1808 3940 1958 4008 δεξιά

375 4046 479 4099 μου
535 4031 870 4102 ἐστερέωσεν
899 4031 993 4086 τὸν
1023 4034 1278 4105 οὐρανόν.
1308 4053 1327 4086 ι
1364 4033 1475 4088 Καὶ
1496 4033 1614 4105 μεθ’
1645 4034 1809 4106 ἐτερα
1834 4035 1955 4088 ἐπι-

371 4121 566 4194 φέρει·
625 4123 784 4178 σΚαὶ
834 4123 930 4179 νῦν
973 4125 1178 4198 Κύριος
1237 4126 1582 4182 ἀπέσταλκέν
1635 4145 1724 4199 με,
1774 4128 1867 4182 καὶ
1895 4125 1957 4180 τὸ

371 4213 599 4286 Πνεῦμα
625 4215 812 4271 αὑτοῦ.
837 4235 858 4270 ι
898 4218 1062 4274 ’Ὥστε
1116 4220 1180 4273 οὐ
1221 4219 1500 4290 πέμπεται
1531 4219 1675 4274 κατὰ
1691 4220 1791 4292 τὴν
1814 4221 1954 4274 άπο-

2057 3209 2390 3276 debent;his
2430 3224 2558 3265 vero
2588 3205 2972 3278 praetermissis
2999 3203 3191 3274 arripit
3219 3217 3433 3271 vocem,
3480 3200 3631 3259 aut.

2058 3308 2156 3367 tet,
2183 3318 2201 3353 ι
2242 3308 2402 3370 atque
2437 3298 2490 3353 in
2539 3313 2602 3354 ea
2641 3296 2878 3353 exsultat
2915 3294 3125 3363 sibique
3153 3291 3441 3350 blanditur.
3477 3289 3642 3347 Illam,

2057 3409 2187 3450 vero
2243 3395 2416 3464 ipsam
2465 3391 2513 3446 is
2547 3391 2744 3447 habeat
2797 3387 3232 3460 responsionem,
3290 3382 3455 3458 “3
3502 3384 3648 3438 dum.

2057 3488 2224 3545 hasce
2263 3500 2428 3540 voces
2458 3484 2523 3539 de
2559 3481 2765 3553 Spiritu
2799 3487 2991 3536 sancto
3027 3478 3201 3534 dictas
3229 3476 3438 3546 objicit,
3466 3488 3630 3543 quam

2057 3564 2426 3651 ihterrogatus
2447 3576 2597 3632 dabit
2627 3576 2861 3647 ipsemet
2889 3571 3093 3629 similia
3125 3585 3296 3626 sacrae
3329 3567 3628 3637 Scriptura:

2055 3673 2177 3731 loca
2224 3673 2292 3730 de
2344 3670 2482 3727 Filio
2529 3670 2670 3725 dicta
2721 3664 3130 3737 objicientibus.
3171 3665 3250 3720 Ac
3294 3660 3424 3716 illud
3464 3658 3649 3714 etiam.

2057 3766 2224 3834 norit,
2269 3778 2412 3835 saepe
2463 3763 2702 3834 quidem,
2757 3761 2852 3816 sed
2899 3772 3003 3813 non
3060 3769 3294 3824 semper,
3329 3765 3501 3823 neque
3527 3765 3636 3806 ne-

2057 3857 2296 3914 cessario
2336 3870 2485 3924 eum,
2533 3855 2624 3924 qui
2675 3853 2806 3909 dicit
2848 3850 3006 3923 quasi
3052 3848 3349 3921 praecipiat,
3407 3853 3499 3900 aut
3536 3845 3634 3915 qui

2059 3950 2243 4012 mittit,
2304 3947 2569 4018 majorem
2620 3960 2741 4002 esse
2769 3944 2862 4000 illo
2911 3943 3002 4013 qui
3051 3940 3221 4004 audit,
3255 3948 3348 3993 aut
3372 3937 3627 4000 mittitur;

2056 4039 2152 4094 sed
2207 4052 2351 4107 saepe
2392 4037 2738 4106 contingere,
2784 4041 2845 4088 ut
2871 4032 2994 4103 quis
3025 4045 3147 4086 cum
3178 4028 3376 4092 mittat,
3408 4025 3499 4096 qui
3526 4024 3629 4079 sibi

2056 4129 2283 4202 aequalis
2321 4136 2379 4185 et
2425 4127 2620 4199 aequali
2655 4128 2860 4183 honore
2913 4124 3108 4196 dignus
3145 4121 3254 4187 sit;
3289 4133 3462 4188 neque
3497 4129 3632 4172 vero

2059 4221 2358 4276 absurdum
2406 4235 2555 4286 esse,
2600 4228 2660 4274 ut
2708 4220 2848 4273 inter
2892 4216 3137 4271 homines
3176 4212 3266 4267 ille
3310 4211 3402 4282 qui
3433 4209 3506 4264 sit
3534 4221 3629 4261 cu-

373 4305 633 4379 στὸλωνῆ
691 4310 989 4381 προφητῶν
1027 4311 1332 4382 ἀποστολὴν
1357 4311 1415 4365 τὸ
1445 4310 1672 4382 Πνεῦμα
1689 4311 1785 4366 τοῦ
1819 4311 1954 4366 Θεοῦ

2061 4310 2272 4380 iuslibet
2310 4311 2447 4366 artis
2475 4310 2679 4381 Opifex,
2718 4309 2791 4364 sit
2821 4309 2982 4364 etiam
3021 4306 3194 4377 major
3234 4303 3346 4369 illo,
3388 4301 3480 4372 qui
3517 4298 3620 4369 ipsi

372 4398 466 4450 καὶ
518 4399 751 4470 Πατρὸς,
787 4401 903 4455 ἀλλ’
923 4402 998 4466 ὡς
1019 4403 1246 4475 Πνεῦμα
1277 4401 1475 4458 αὐτοῦ’
1513 4404 1609 4458 καὶ
1635 4403 1755 4456 οὐδὲ
1789 4421 1954 4475 μετα-

2061 4402 2256 4472 aliquid
2284 4402 2462 4458 dicere
2492 4416 2558 4456 ac
2594 4401 2888 4471 praecipere
2926 4401 3198 4462 videatur,
3231 4406 3324 4452 aut
3353 4411 3474 4451 eum
3501 4397 3629 4452 mit-

370 4487 631 4558 σατικῶς,
665 4494 851 4566 ἐπειδὴ
892 4494 1012 4549 οὐδὲ
1061 4497 1090 4550 6
1118 4496 1328 4568 Πατὴρ,
1361 4490 1422 4550 οὗ
1468 4496 1568 4569 τῆς
1602 4495 1956 4561 ὑποστάσεως

2061 4505 2190 4551 lere.
2240 4493 2449 4550 Deinde
2487 4493 2653 4558 norit,
2700 4494 2864 4547 etiam
2921 4490 3258 4560 unigenitum
3300 4488 3465 4543 Deum
3501 4487 3634 4543 Ver-

371 4580 598 4656 Ηνεῦμά
628 4587 796 4651 ἐστιν,
827 4586 1024 4657 πέρασι
1049 4587 1510 4660 περιγέγραπται.

2061 4587 2182 4642 bum
2215 4587 2440 4642 missum
2466 4601 2634 4640 essea
2665 4583 2847 4651 Patre,
2888 4595 2981 4638 aut
3016 4598 3046 4638 a
3078 4582 3322 4653 Spiritu;
3359 4595 3482 4635 nam
3515 4581 3642 4650 ipse

369 4677 514 4746 apud
557 4675 748 4733 lsaiam
822 4678 972 4749 prius
1019 4679 1236 4749 quidem
1287 4678 1462 4732 dicit:
1497 4695 1517 4728 ι
1582 4676 1695 4748 Ego
1732 4691 1850 4731 sum
1899 4676 2013 4748 (81)
2051 4677 2282 4748 primus,
2325 4686 2380 4730 et
2402 4691 2502 4748 ego
2545 4690 2665 4731 sum
2706 4677 2758 4729 in
2793 4675 3048 4730 saeculum
3080 4693 3095 4729 :
3129 4689 3320 4729 manus
3351 4688 3468 4728 mea
3503 4672 3626 4728 fun-

368 4771 517 4826 davit
553 4780 773 4836 terram,
820 4781 874 4826 et
917 4772 1137 4827 dextera
1188 4784 1304 4824 mea
1351 4769 1585 4824 ﬁrmavit
1643 4769 1883 4825 caelum:
1917 4788 1944 4821 ι
1983 4779 2096 4823 tum
2141 4784 2274 4824 vero
2345 4778 2468 4838 post
2546 4768 2650 4822 alia
2692 4768 2918 4824 subdit:
2957 4785 2978 4819 ι
3007 4767 3075 4822 Ει
3121 4781 3266 4822 nunc
3295 4765 3408 4840 (82)
3449 4765 3630 4821 Domi-

370 4879 473 4921 nus
505 4865 654 4920 misit
678 4879 760 4920 me
792 4873 848 4920 et
875 4865 1112 4935 Spiritus
1142 4865 1278 4933 ejus.
1312 4883 1332 4917 ι
1361 4863 1477 4918 Νοη
1506 4863 1739 4918 mittitur
1766 4862 1948 4932 itaque
1989 4861 2227 4931 Spiritus
2272 4862 2364 4917 Dei
2401 4872 2456 4917 et
2489 4861 2666 4916 Patris
2691 4876 2760 4915 eo
2788 4862 2947 4915 modo
2976 4875 3083 4930 quo
3145 4860 3435 4915 mittuntur
3491 4874 3622 4929 apo-

369 4958 492 5014 stoli
531 4956 674 5030 (85),
710 4967 802 5011 aut
842 4959 1137 5026 prophetae,
1171 4957 1266 5013 sed
1289 4967 1346 5010 ut
1369 4954 1604 5025 Spiritus
1636 4953 1793 5024 ejus;
1838 4969 1939 5011 nec
1977 4953 2210 5010 mittitur
2243 4963 2302 5010 ut
2335 4954 2554 5008 aliunde
2603 4953 2670 5008 ad
2708 4952 2812 5007 alia
2871 4951 3288 5024 transmigrans,
3357 4954 3613 5024 quoniam

375 5067 446 5108 ne
469 5051 632 5108 Pater
655 5050 898 5121 quidem,
925 5052 1079 5117 cujus
1101 5049 1409 5123 hypostasis
1435 5059 1519 5105 est
1546 5048 1804 5120 Spiritus,
1837 5049 2086 5106 terminis
2120 5048 2572 5119 circumscriptus
2597 5055 2703 5101 est.

996 5145 1154 5198 ΚΕΦ.
1181 5142 1303 5198 AG’.

2617 5136 2772 5194 CAP.
2823 5136 3064 5192 XXXIX.

444 5235 565 5293 Ἔτι
591 5233 1002 5307 σμικρύνοντες,
1050 5235 1145 5288 καὶ¹
1174 5233 1253 5306 τῷ
1285 5233 1492 5288 ἐαυτῶν
1526 5233 1682 5306 κακῷ
1722 5251 1953 5288 κατακι-

2128 5233 2454 5290 lmminuere
2491 5232 2669 5287 adhuc
2717 5241 2772 5286 et
2807 5230 2860 5286 in
2891 5245 3045 5284 suam
3076 5228 3312 5300 ipsorum
3335 5229 3630 5298 perniciem

370 5327 717 5400 βδηλεὺοντες
735 5326 806 5380 τά
829 5327 958 5399 περὶ
983 5325 1078 5380 τοῦ
1110 5326 1262 5396 ἁγίου
1303 5327 1640 5397 Πνεῦματος,
1673 5323 1956 5388 ὀνειδίζου-

2061 5328 2367 5382 adulterare
2411 5340 2475 5381 ea
2519 5339 2641 5395 quae
2667 5324 2734 5378 de
2765 5321 2971 5393 Spiritu
3004 5332 3198 5378 sancto
3230 5322 3434 5391 scripta
3483 5330 3631 5385 sunt,

371 5437 456 5474 σιν
477 5417 628 5492 αὐτῷ
665 5419 762 5474 καὶ
788 5418 959 5491 ἄλλην
983 5417 1168 5489 θεῖκὴν
1193 5417 1624 5490 φιλανθρωπίαν,
1645 5417 1717 5490 ἢν
1738 5415 1950 5480 Παῦλος

2061 5427 2346 5490 pergentes
2375 5417 2711 5488 exprobrant
2744 5416 2920 5472 eidem
2969 5415 3129 5469 aliam
3174 5427 3390 5483 quoque
3434 5410 3528 5467 Dei
3575 5412 3634 5468 in

2060 5595 2152 5664 Sp.
2179 5607 2381 5669 sancto,
2400 5616 2550 5656 num.
2571 5601 2676 5656 l5:
2710 5618 2730 5650 ι
2760 5597 2906 5655 Bene
2927 5595 3269 5669 autemquod
3295 5593 3347 5648 in
3375 5592 3488 5662 ipsa
3507 5606 3629 5648 sen-

466 5666 557 5742 77)
587 5666 922 5728 Illis'autem.
948 5674 1154 5738 Codex,
1177 5673 1238 5725 τὸ
1262 5671 1342 5726 δέ.
1363 5669 1670 5742 Legendum
1698 5669 1946 5732 fortasse,
2060 5669 2231 5742 teut_ia_
2259 5666 2374 5742 non
2395 5673 2491 5736 ait,
2523 5673 2623 5739 Qui
2663 5670 2867 5742 creayi,
2898 5669 3013 5730 sed,
3044 5686 3062 5719 ι
3094 5666 3194 5742 Qui
3219 5679 3365 5720 creo.
3398 5682 3422 5716 ο

368 5742 558 5878 τῷ(ξὲ
586 5813 704 5869 Hac
735 5815 960 5871 ratione.
991 5811 1148 5878 Cod.,
1181 5815 1216 5878 ἠ
1242 5811 1517 5876 πολλάκις.
1551 5809 1714 5878 Lego,
1819 5806 1947 5860 πολο

2126 5739 2242 5878 (8οζ
2277 5738 2346 5806 Et
2377 5737 2752 5796 testimonium.
2787 5737 2944 5792 Joan.
2980 5753 3100 5799 vui,
3132 5737 3218 5790 18.

2125 5810 2209 5877 (8i
2267 5807 2381 5878 Ego
2410 5827 2546 5864 sunt.
2581 5811 2683 5866 lsa.
2720 5824 2908 5871 ιιι-ιιι,
2939 5807 3024 5871 12,
3059 5808 3144 5864 i5.

444 5813 558 5885 (78)
586 5813 704 5869 Hac
735 5815 960 5871 ratione.
991 5811 1148 5879 Cod.,
1181 5815 1216 5886 ὴ
1242 5811 1517 5876 πολλάκις.
1551 5809 1714 5880 Lego,
1819 5806 1947 5860 tto).-

2267 5801 2381 5886 lggo
2410 5811 2683 5886 sum._lsa.
2720 5807 3024 5886 1L\'lll,_12,
3059 5808 3144 5864 i5.

2123 5879 2241 5946 (82)
2265 5879 2334 5932 Et
2357 5897 2513 5934 nunc.
2543 5880 2645 5935 lsa.
2669 5895 2858 5941 vattI,
2901 5879 2986 5933 l6.

2124 5943 2239 6024 (83)
2265 5949 2678 6024 Quomittuntur
2699 5949 2948 6020 apostoli.
2975 5946 3030 6003 In
3053 5945 3192 6004 libro
3210 5943 3284 6002 De
3304 5944 3401 6011 Sp.
3419 5949 3626 6012 sancto,

440 5602 557 5744 (76;
586 5601 840 5672 Accipite.
865 5600 1026 5658 Joan.
1054 5617 1148 5665 xx,
1177 5601 1268 5682 22.

466 5673 530 5744 77
587 5672 611 5726 ι
618 5673 703 5727 llis
724 5683 922 5728 autem.
948 5674 1154 5738 Codex,
1177 5673 1238 5725 τὸ
1262 5692 1268 5721 ι

375 5879 556 6024 uti?!)
584 5952 742 6014 Bm.
772 5953 1012 6010 Similem
1058 5953 1219 6012 habet
1260 5954 1592 6014 locutionem.
1621 5952 1676 6010 in
1718 5949 1811 6010 lib.
1869 5959 1947 6016 De
