4034 6400
419 451 524 506 979

1701 459 1935 515 DIDYMI
1972 459 2442 516 ALEXANDRINI

3555 461 3662 517 980

419 567 673 631 homines
723 570 1136 642 benignitatem,
1166 587 1326 642 quam
1365 574 1562 632 Paulus
1595 593 1989 634 commemora-

2113 577 2350 650 Ξγραψεν,
2384 576 2584 630 εἰπών’
2623 597 2641 629 ι
2665 576 3072 644 Ἐξαπέστειλέν
3121 575 3309 637 ὁ-Θεὸς
3351 577 3410 630 τὸ
3439 575 3668 648 Πνεῦμα

403 664 522 734 (vit,
573 677 694 718 eum
745 663 1012 734 scripsit:
1065 682 1091 716 ι
1125 664 1314 719 Emisit
1364 665 1476 736 (ει)
1529 668 1670 722 Deus
1723 669 1984 739 Spiritum

404 757 579 812 ‘gnum
610 754 722 827 (85)
767 756 820 810 in
857 757 1020 811 corda
1061 767 1244 811 nostra
1282 757 1392 829 (86)
1432 760 1776 825 clamantem,
1809 761 1985 826 Abba,

401 841 411 899 l
425 845 604 899 Pater.
633 868 651 896 ο
678 844 912 900 Verbum
953 860 1079 901 vero
1124 846 1276 910 illud,
1317 866 1334 898 ι
1357 847 1567 911 Emisit,
1588 868 1606 900 ι
1645 850 1986 904 concordiam

426 951 855 1005 consensumque
890 937 1177 1006 signiﬁcat,
1204 947 1260 990 ut
1284 948 1442 993 antea
1474 939 1676 994 dictum
1703 950 1806 993 est.
1836 940 1988 1007 Quod

429 1037 609 1080 autem
647 1027 699 1082 in
730 1027 988 1082 cordibus
1018 1028 1221 1081 nostris
1259 1028 1496 1096 Spiritus
1526 1040 1744 1085 sanctus
1771 1031 1987 1096 clamet,

430 1115 602 1181 Abba,
635 1117 782 1187 quod
834 1116 1027 1171 Latine
1075 1117 1303 1171 vertitur
1333 1117 1512 1185 Pater,
1553 1119 1786 1188 Spiritus
1821 1122 1990 1176 sancti

432 1207 776 1264 clementiam
819 1224 880 1264 ac
934 1208 1361 1264 misericordiam
1396 1211 1650 1277 ostendit,
1689 1211 1848 1283 443
1890 1227 1993 1280 qua

433 1299 760 1355 domesticos
787 1313 850 1355 ac
886 1299 1182 1356 familiares
1233 1316 1332 1355 nos
1381 1301 1557 1355 reddit
1591 1301 1682 1356 Dei
1707 1319 1772 1358 ac
1797 1303 1993 1367 Patris,

438 1404 504 1444 eo
526 1389 668 1460 quod
700 1390 819 1444 vice
841 1401 1025 1446 nostra
1072 1404 1126 1447 et
1149 1410 1247 1463 pro
1271 1394 1426 1449 nobis
1460 1395 1600 1448 hanc
1629 1409 1812 1448 vocem
1844 1393 1997 1449 dixe-

437 1482 526 1545 rit,
569 1482 657 1550 qui
688 1483 863 1537 adhuc
899 1483 1132 1540 infantes
1176 1494 1302 1540 tunc
1341 1500 1580 1552 eramus,
1625 1497 1680 1540 et
1730 1486 1868 1541 lacte
1899 1504 1999 1540 nu-

441 1574 758 1639 triebamur,
789 1584 843 1629 et
873 1575 1068 1630 ﬁducia
1099 1578 1420 1632 carebamus
1451 1592 1570 1631 cum
1603 1588 1826 1648 propter
1853 1589 1996 1633 vete-

441 1677 552 1716 rem
577 1664 1015 1731 inobedientiam,
1051 1675 1160 1720 tum
1182 1666 1306 1734 quia
1341 1667 1611 1720 viventem
1647 1668 1813 1720 Deum
1851 1670 1999 1722 dere-

434 1757 781 1824 liqueramus,
833 1768 946 1812 tum
996 1759 1122 1828 quia
1166 1759 1220 1812 in
1271 1774 1436 1828 prava
1485 1759 1606 1812 vitae
1640 1758 1998 1815 indifferentia

431 1849 766 1916 vivebamus,
793 1857 906 1903 tum
941 1849 1066 1918 quia
1109 1849 1312 1918 indigni
1353 1850 1762 1904 inveniebamur
1809 1853 1897 1920 qui
1947 1853 1998 1907 in

2091 669 2253 721 αὑτοῦ
2275 669 2331 720 ἐν
2352 671 2470 730 ταῖς
2508 667 2754 738 καρδίαις
2778 665 2954 736 ἡμῶν,
2993 664 3191 734 κρᾶζον
3212 682 3228 697 ο
3267 663 3451 729 Ἀϐϐά,
3497 666 3524 717 6
3554 666 3672 718 Ila-

2089 760 2212 830 τήρ.
2236 777 2254 810 ι
2291 758 2364 810 Τὸ
2412 758 2468 811 δὲ
2509 776 2526 808 ι
2551 755 2957 823 Ἐξαπέστειλεν
2989 777 3007 806 ι
3056 755 3153 824 τὴν
3215 755 3550 824 συμφωνίαν.
3592 755 3670 818 ὡς

2091 848 2414 920 προελέχθη,
2470 849 2752 918 σημαίνει·
2792 846 2854 898 τὸ
2903 846 2960 898 δὲ
3007 846 3064 898 ἐν
3099 847 3219 907 ταῖς
3241 844 3485 916 καρδίαις
3509 843 3672 914 ἡμῶν

2092 942 2334 1012 κράζειν,
2384 939 2573 1005 Ἀδδά,
2607 940 2634 992 6
2665 937 3024 1008 ἑρμηνεύεται
3093 957 3110 987 ι
3133 936 3346 1006 Πατήρ,
3373 954 3391 986 ι
3446 935 3546 1004 τὴν
3575 933 3671 986 τοῦ

2094 1035 2250 1101 ἁγίου
2283 1032 2598 1103 Πνεύματος
2646 1029 3041 1099 εύσπλαγχνίαν
3079 1027 3426 1097 παρίστησιν,
3479 1024 3676 1078 οἰκειό-

2092 1143 2231 1196 τητα
2263 1127 2395 1194 ἡμῖν
2433 1124 2776 1194 παρέχουσαν
2800 1121 2936 1191 πρὸς
2960 1119 3050 1172 τὸν
3077 1119 3207 1170 Θεὸν
3240 1119 3333 1171 καὶ
3354 1117 3593 1186 Πατέρα,
3617 1116 3676 1167 ἐν

2097 1217 2173 1286 τῷ
2193 1215 2308 1268 ἀνθ’
2340 1214 2494 1286 ἡμῶν
2525 1215 2620 1267 καὶ
2654 1213 2795 1284 ὑπὲρ
2822 1211 2978 1282 ἡμῶν
3020 1209 3220 1276 ταύτην
3271 1208 3546 1279 εξρηκέναι
3577 1207 3677 1278 τὴν

2097 1307 2300 1377 φωνὴν,
2347 1306 2455 1359 τῶν
2492 1306 2614 1358 τότε
2656 1305 2864 1376 νηπίων
2898 1302 2976 1354 ἔτι
3021 1300 3413 1370 τυγχανόντων,
3449 1299 3542 1351 καὶ
3577 1299 3680 1366 γά-

2096 1399 2250 1452 λακτι
2292 1397 2661 1468 τρεφομένων,
2718 1395 2810 1449 καὶ
2837 1393 3323 1464 ἁπαῤῥησιάστων,
3368 1391 3456 1444 διά
3488 1407 3547 1442 τε
3579 1392 3680 1459 τὴν

2098 1489 2327 1559 ἀρχαίαν
2381 1489 2665 1559 παρακοὴν
2723 1485 2818 1538 καὶ
2849 1485 2910 1537 τὸ
2959 1482 3280 1551 καταλείψαι
3311 1482 3442 1534 Θεὸν
3474 1482 3680 1545 ζῶντα,

2099 1581 2187 1632 διά
2207 1596 2265 1632 τε
2293 1578 2391 1649 τὴν
2417 1577 2592 1648 κακὴν
2616 1575 2710 1629 τοῦ
2747 1575 2862 1645 βίου
2899 1573 3215 1644 ἀδιαφορίαν
3261 1573 3355 1624 καὶ
3378 1573 3436 1623 τὸ
3462 1571 3684 1636 ἀνάξιον

2100 1669 2450 1740 εὑρίσκεσθαι
2497 1667 2752 1738 τοιαύτην
2783 1665 2944 1738 ῥῆξαι
2983 1665 3109 1736 (216
3134 1663 3186 1736 b]
3234 1666 3566 1736 πρόσρησιν·
3625 1663 3685 1715 ὃν

2100 1761 2300 1830 τρόπον
2342 1760 2437 1812 καὶ
2491 1760 2518 1812 6
2551 1759 2678 1820 Υἱὸς
2726 1759 2781 1809 ἐν
2806 1759 2870 1826 τῇ
2907 1756 3186 1827 οἰκονομία
3213 1755 3278 1807 δι’
3311 1757 3456 1824 ἡμᾶς
3500 1754 3686 1808 πάντα

2105 1851 2172 1904 τά
2204 1851 2362 1922 ήμῶν
2391 1849 2699 1915 ἀνεδέξατο.
2765 1847 2978 1918 Ἀμέλει
3011 1847 3098 1900 διά
3145 1847 3253 1898 τῶν
3299 1848 3384 1914 ἐφ’
3414 1846 3540 1915 ἑξῆς
3591 1846 3687 1897 καὶ

437 1941 597 1997 talem
644 1955 1050 2012 erumpercmus
1087 1942 1578 2011 compellationem.
1631 1942 1805 1997 Simili
1842 1945 2000 1999 modo

2113 1943 2234 1997 Θεὸν
2258 1939 2411 1996 εἶπεν
2437 1942 2498 1994 τὸ
2525 1941 2676 2008 ἅγιον
2706 1939 2947 2008 Πνεῦμα,
2993 1941 3086 1992 καὶ
3117 1937 3333 2001 ἔδειξεν,
3364 1937 3440 2000 ὡς
3473 1937 3562 1990 διὰ
3585 1937 3687 2004 τῆς

436 2028 600 2084 etiam
647 2029 818 2085 Filius
865 2029 920 2085 in
977 2029 1352 2086 lncarnatione
1407 2041 1631 2100 propter
1675 2047 1774 2086 nos
1818 2035 1999 2088 omnia

437 2132 619 2176 nostra
653 2123 704 2176 in
736 2137 796 2177 se
823 2123 1082 2192 suscepit.
1137 2121 1398 2176 Nimirum
1425 2124 1479 2176 in
1510 2123 1597 2187 iis,
1629 2138 1747 2192 qua:
1768 2137 2004 2193 sequun-

439 2222 550 2281 tur,
595 2222 652 2268 et
695 2214 863 2268 Deum
907 2213 1046 2268 dixit
1091 2213 1289 2269 Paulus
1331 2213 1592 2284 Spiritum
1634 2222 1901 2281 sanctum,
1942 2229 2006 2269 ac

437 2319 536 2372 per
589 2304 789 2359 dictam
839 2305 1078 2374 ejusdem
1135 2305 1372 2374 Spiritus
1420 2320 1606 2360 vocem
1647 2319 1746 2359 nos
1785 2305 2002 2359 liberari

439 2395 699 2464 ostendit,
745 2406 798 2451 et
830 2395 968 2450 ﬁlios
992 2396 1083 2452 Dei
1115 2395 1249 2451 edici
1308 2397 1679 2467 bonorumque
1703 2397 2003 2452 caelestium

440 2485 699 2540 baercdes.
755 2485 964 2540 Etenim
1013 2497 1290 2556 postquam
1337 2487 1492 2553 dixit,
1528 2489 1730 2553 «Abba,
1765 2487 1947 2553 Pater,
1981 2505 2000 2538 ι

440 2577 622 2631 statim
650 2577 828 2632 subdit
859 2594 872 2630 :
908 2595 927 2628 ‹
959 2576 1137 2648 Itaque
1168 2577 1279 2648 (87)
1307 2578 1418 2647 jam
1447 2595 1552 2634 non
1583 2593 1642 2633 es
1671 2594 1880 2640 servus,
1909 2579 2003 2632 sed

444 2669 586 2721 filius
614 2685 629 2722 :
656 2669 700 2722 si
731 2680 910 2722 autem
945 2668 1109 2733 ﬁlius,
1143 2679 1198 2723 et
1243 2670 1415 2725 haeres
1464 2685 1561 2739 per
1611 2669 1776 2722 Deum
1807 2668 1954 2739 (88):
1984 2687 2003 2718 ι

444 2776 540 2829 per
565 2760 714 2815 illum
749 2761 976 2828 scilicet,
1017 2761 1107 2831 qui
1148 2763 1301 2817 nobis
1337 2762 1552 2827 clamat,
1613 2763 1714 2816 hoc
1770 2771 1872 2828 est,
1917 2776 2011 2829 per

446 2851 705 2920 Spiritum
754 2862 1032 2907 sanctum.
1083 2851 1235 2922 Quod
1289 2865 1469 2908 autem
1523 2855 1636 2908 vice
1681 2863 1862 2908 nostra
1898 2853 2010 2924 (89)

447 2941 680 3011 Spiritus
731 2953 951 2998 sanctus
1004 2941 1234 3007 clamet,
1291 2943 1507 3009 cAbba,
1568 2943 1752 3005 Pater,
1784 2961 1803 2994 ι
1867 2943 2008 2996 idem

446 3034 644 3090 Paulus
693 3033 952 3089 Romanis
992 3035 1209 3103 scripsit
1243 3053 1256 3088 ι
1293 3053 1311 3085 ι
1345 3035 1398 3089 Si
1449 3044 1625 3088 autem
1659 3034 1772 3104 (90)
1810 3032 2010 3101 Spiritu

446 3141 610 3196 opera
660 3127 904 3196 corporis
931 3127 1414 3191 mortiﬁcaveritis,
1447 3125 1640 3180 vivetis
1667 3139 1682 3178 :
1707 3125 2014 3194 quicunque

2105 2035 2495 2106 προλεχθείσης
2526 2032 2690 2087 αὑτοῦ
2724 2032 2911 2102 φωνῆς
2939 2029 3389 2100 ἐλευθερούμεθα.
3414 2029 3689 2081 υίοθετού-

2108 2127 2265 2198 μεθα,
2291 2128 2385 2180 καὶ
2412 2125 2521 2178 τῶν
2570 2126 2907 2195 ἐπουρανίων
2950 2121 3409 2193 κληρονομοῦμεν.
3457 2122 3687 2188 Ἐπάξει

2104 2219 2212 2290 γάρ
2239 2219 2397 2280 εὐθὺς
2429 2216 2568 2287 μετὰ
2588 2216 2647 2268 τὸ
2681 2218 2873 2278 εἰπεῖν,
2925 2215 3121 2275 Ἀϐϐά,
3149 2216 3181 2267 ό
3211 2212 3413 2280 Πατήρ
3435 2230 3446 2242 °
3484 2213 3687 2264 «Ὥστε

2105 2311 2203 2363 ούκ
2226 2310 2302 2362 ἐτι
2325 2305 2375 2360 εἴ
2395 2309 2598 2372 δοῦλος,
2636 2307 2772 2360 ἀλλά
2805 2308 2920 2370 υίός
2940 2322 2953 2335 ·
2982 2307 3030 2357 εί
3068 2305 3124 2357 δὲ
3147 2305 3280 2368 υἱὸς,
3315 2305 3408 2356 καὶ
3431 2301 3691 2372 κληρονό·

2111 2416 2210 2469 μος
2239 2398 2326 2450 διά
2371 2397 2505 2450 Θεοῦ
2527 2413 2538 2424 ⁸
2571 2416 2590 2448 ι
2635 2396 2730 2450 τοῦ
2755 2396 3050 2468 κράζοντος
3078 2398 3209 2466 ἡμῖν
3253 2395 3405 2464 ἁγίου
3438 2393 3692 2463 Πνεύμα-

2108 2505 2217 2551 τος.
2275 2489 2392 2541 Ὅτι
2450 2488 2504 2540 δὲ
2539 2488 2655 2542 ἀνθ’
2709 2489 2920 2559 ἡμῶνή
2966 2487 3320 2557 προλεχθεῖσά
3338 2489 3484 2541 ἐστιν
3512 2487 3689 2556 φωνὴ,

2109 2581 2137 2631 6
2163 2578 2325 2640 αὐτὸς
2356 2579 2649 2649 Ῥωμαίοις
2677 2577 3016 2631 ἐπέστειλεν⁹
3077 2596 3095 2629 ι
3114 2579 3174 2631 El
3204 2578 3260 2631 δέ
3295 2578 3571 2647 Πνεύματι
3592 2579 3692 2639 τὰς

2110 2671 2335 2739 πράξεις
2358 2671 2450 2724 τοῦ
2509 2670 2758 2742 σώματος
2784 2669 3094 2733 θανατοῦτε,
3149 2669 3374 2741 ζήσεσθε
3395 2686 3408 2699 ⁸
3437 2671 3552 2722 ὅσοι
3583 2669 3694 2737 γὰρ

2111 2763 2387 2833 Πνεύματι
2411 2763 2542 2816 Θεοῦ
2573 2763 2815 2830 ἄγονται,
2851 2759 2994 2816 οῦτοι
3016 2764 3121 2815 υἱοὶ
3141 2762 3274 2815 Θεοῦ
3302 2765 3436 2815 είσιν
3459 2779 3472 2791 ·
3504 2763 3563 2814 ού
3583 2762 3694 2833 γὰρ

2113 2854 2333 2909 ἐλάϐετε
2377 2856 2594 2926 πνεῦμα
2628 2854 2868 2918 δουλείας
2907 2855 3066 2907 πάλιν
3102 2857 3180 2918 είς
3209 2856 3390 2923 φόϐον,
3425 2855 3538 2907 ἀλλ’
3564 2854 3693 2907 ἐλά-

2114 2947 2237 3000 ϐετε
2268 2948 2490 3017 Πνεῦμα
2516 2947 2786 3012 υἱοθεσίας
2809 2951 2866 3000 ἐν
2890 2942 2934 3015 ᾧ
2961 2946 3233 3018 κράζομεν
3253 2964 3266 2976 '
3302 2947 3488 3007 Ἀϐϐά,
3511 2949 3540 2999 6
3582 2948 3696 3000 Πα-

2112 3041 2178 3110 τή
2190 3057 2238 3111 ρ.
2261 3059 2278 3091 ι
2331 3040 2547 3111 Ἐπειδὴ
2573 3041 2702 3111 γάρ,
2729 3043 2803 3105 ὼς
2833 3041 3044 3112 εἴρηται
3070 3039 3346 3103 πολλάκις,
3369 3043 3521 3110 κοινῇ
3545 3037 3697 3110 παρά

2113 3132 2211 3200 τῆς
2241 3130 2399 3198 ἁγίας
2431 3131 2660 3202 Τριάδος
2718 3134 2866 3185 πᾶσα
2890 3133 3020 3202 ἡμῖν
3048 3133 3291 3204 σωτηρία
3315 3130 3636 3202 δεδώρηται,
3670 3133 3698 3182 6

446 3215 589 3270 enim
645 3214 846 3286 Spiritu
898 3215 990 3270 Dei
1025 3226 1280 3288 aguntur,
1322 3214 1375 3269 bi
1429 3213 1524 3268 ﬁlii
1567 3213 1660 3269 Dei
1701 3221 1827 3268 sunt
1860 3232 1874 3267 :
1907 3229 2011 3268 non

2121 3221 2218 3292 μὲν
2244 3223 2434 3291 Πατὴρ
2482 3225 2562 3285 είς
2596 3223 2866 3276 υἱοθεσίαν
2902 3224 3189 3277 ἐκάλεσεν·
3225 3225 3252 3276 6
3284 3223 3340 3274 δέ
3383 3223 3694 3293 μονογενὴς,

447 3309 588 3362 enim
613 3310 899 3378 accepistis
918 3308 1164 3377 spiritum
1189 3308 1470 3363 servitutis
1495 3307 1691 3362 iterum
1719 3307 1774 3362 in
1801 3309 2012 3370 timore,

2121 3284 2216 3368 καὶ
2263 3284 2662 3385 ἀληθίνὸς,κα“ι
2714 3316 2932 3386 γνήσιος
2963 3315 3092 3374 Υἱὸς
3135 3284 3394 3382 ἀδελφοὺς
3427 3284 3697 3383 προσηγό-

449 3399 542 3454 sed
573 3401 860 3469 accepistis
892 3399 1152 3470 Spiritum
1183 3400 1491 3470 adoptionis
1521 3401 1575 3454 in
1611 3399 1773 3465 ﬁlios,
1813 3400 1866 3454 in
1909 3414 2018 3467 quo

449 3489 773 3555 clamamus,
826 3491 1002 3556 Abba,
1044 3490 1222 3544 Pater.
1260 3509 1279 3542 ι
1304 3488 1570 3556 Quoniam
1614 3491 1780 3553 enim,
1820 3499 1880 3544 ut
1923 3507 2023 3546 sa:-

453 3586 572 3653 pius
625 3585 824 3640 dictum
881 3593 1000 3648 est,
1041 3585 1402 3639 communiter
1437 3599 1466 3638 a
1509 3596 1695 3640 sancta
1741 3583 2015 3642 Trinitate

451 3676 633 3731 omnis
673 3676 828 3731 nobis
875 3675 1023 3730 salus
1073 3676 1267 3758 donata
1323 3685 1442 3742 est;
1474 3673 1636 3730 Pater
1682 3676 1899 3745 quidem
1951 3676 2016 3730 ad

455 3761 802 3832 adoptionem
825 3760 880 3816 in
913 3760 1051 3814 ﬁlios
1074 3775 1174 3815 nos
1195 3763 1444 3826 vocavit;
1477 3762 1791 3831 unigenitus
1813 3771 2018 3824 autem,

455 3864 512 3908 et
557 3865 716 3908 verus
779 3867 843 3906 ac
884 3851 1147 3922 genuinus
1184 3850 1354 3906 Filius
1390 3850 1588 3906 fratres
1626 3853 2018 3916 denominavit,

457 3957 513 4002 ct
544 3945 796 4019 permisit
831 3954 891 4001 ut
921 3959 1240 4000 vocaremus
1275 3954 1518 4000 nostrum
1557 3943 1774 4000 Patrem
1820 3945 2020 4014 Deum;

461 4037 696 4108 Spiritus
731 4051 862 4092 vero
900 4043 1123 4091 sanctus
1169 4034 1514 4099 inhabitavit,
1562 4035 1870 4103 inspiravit,
1922 4037 2024 4090 do-

459 4132 590 4196 cuit,
623 4131 810 4186 dicens
858 4147 872 4184 :
913 4127 1086 4184 Abba.
1140 4145 1159 4180 ι
1197 4129 1315 4197 ipse
1347 4125 1486 4197 (9i),
1514 4126 1708 4195 inquit,
1741 4141 1836 4180 vos
1863 4129 2024 4182 doce-

461 4221 571 4288 bit;
604 4241 624 4274 ι
685 4231 780 4275 et:
823 4239 842 4272 ι
868 4219 1108 4275 Deducet
1157 4217 1271 4288 (92)
1309 4216 1363 4272 in
1409 4231 1625 4272 omnem
1670 4218 1972 4273 veritatem.
2001 4237 2022 4270 ι

465 4511 613 4550 num.
643 4492 737 4557 25,
792 4489 1230 4561 capiosiusnhaec
1275 4486 1668 4561 edisseruerat;
1717 4483 1897 4554 itaque
1924 4485 2033 4561 _hic

2125 3421 2346 3478 ρευσενο
2383 3405 2679 3476 ἐπέτρεψεν
2730 3406 2786 3460 δέ
2842 3404 3215 3457 ἐπικαλεῖσθαι
3254 3403 3457 3456 ἐαυτῶν
3481 3404 3700 3474 Πατέρα

2121 3495 2212 3547 τὸν
2237 3493 2397 3548 Θεόν·
2422 3493 2485 3545 τὸ
2533 3494 2589 3546 δέ
2637 3494 2788 3563 ἅγιον
2827 3495 3051 3564 Πνεῦμα
3081 3492 3374 3563 ἐνῴκησεν,
3412 3493 3698 3564 ἐνήχησεν,

2123 3585 2378 3652 ἐδίδαξεν,
2432 3587 2674 3656 είρηκὸς,
2741 3585 2934 3639 Ἀϐϐά.
2979 3605 2995 3636 ι
3036 3586 3227 3649 Αὐτὸς,
3265 3585 3450 3657 φησὶν,
3500 3585 3698 3650 διδάξει

2124 3679 2288 3749 ὑμᾶς,
2303 3697 2321 3730 t
2337 3679 2451 3742 καὶ,
2464 3695 2481 3728 t
2504 3678 2787 3748 Ὀδηγήσει
2800 3680 2880 3742 είς
2894 3680 3069 3731 πᾶσαν
3085 3677 3360 3748 ἀλήθειαν.
3373 3677 3630 3747 »Προσέτι
3644 3677 3700 3728 δὲ

2125 3767 2221 3821 καὶ
2253 3767 2631 3837 άνεγέννησεν,
2665 3767 2758 3820 καὶ
2784 3766 3155 3838 ἠλευθέρωσεν
3177 3765 3283 3818 ἀπὸ
3308 3765 3580 3835 ἁμαρτίας
3606 3763 3700 3815 καὶ

2127 3860 2378 3924 θανάτου,
2404 3860 2497 3912 καὶ
2525 3859 2768 3929 ἡγίασεν,
2795 3858 2889 3910 καὶ
2923 3859 3071 3921 υἱοὺς
3113 3859 3230 3911 κατ’
3273 3856 3478 3909 οἰκείαν
3506 3855 3702 3921 ἀγαθό-

2127 3967 2263 4020 τητα
2287 3949 2554 4016 ἀνέδειξεν
2586 3949 2681 4002 τοῦ
2714 3949 2870 4004 Θεοῦ.
2919 3946 3218 4020 Τοιγαροῦν
3262 3947 3423 4020 πρινὴ
3453 3949 3578 4017 παρ’
3603 3947 3701 3998 αύ-

2126 4038 2218 4092 τοῦ
2253 4039 2680 4109 ἁναγεννηθῆναι
2727 4039 2814 4092 διά
2837 4038 2931 4092 τοῦ
2978 4039 3340 4108 φωτίσματος,
3371 4036 3490 4089 ούδέ
3526 4036 3702 4101 λέγειν

2125 4127 2386 4197 ἁρμόττει
2411 4144 2423 4158 ο
2493 4146 2512 4178 ι
2542 4127 2722 4198 Πάτερ
2779 4127 2936 4198 ἡμῶν
2981 4127 3010 4179 6
3037 4129 3092 4179 ἐν
3126 4127 3249 4196 [217
3291 4125 3344 4196 α]
3390 4128 3500 4187 τοῖς
3541 4125 3703 4192 ούρα-

2129 4221 2264 4282 νοῖς.
2295 4238 2312 4270 ι
2379 4219 2518 4290 Πρὸς
2571 4219 2627 4271 δέ
2684 4219 2893 4282 τούτοις
2951 4217 3142 4289 κράζει
3194 4219 3252 4272 ἐν
3285 4219 3403 4280 ταῖς
3455 4216 3703 4286 καρδίαις

2140 4490 2211 4546 ibi
2240 4487 2436 4561 desit];
2469 4490 2542 4544 ita
2572 4499 2625 4545 et
2646 4489 2891 4561 (Spiritus
2929 4485 3173 4542 veritatis
3225 4500 3566 4557 nequaquam
3612 4484 3699 4539 lo-

465 4555 766 4645 gatantuin
797 4555 1035 4631 attingit.
1072 4558 1406 4645 Hafeautrem
1451 4557 1522 4638 ibi
1555 4555 1838 4645 leguntur:
1873 4575 1891 4606 ι
1924 4556 2030 4610 Iste
2065 4591 2106 4645 Ι)
2138 4576 2324 4645 cor-pm
2349 4555 2770 4645 [ﬁte-glautgitt'lr.
2809 4579 2829 4612 ι

469 4634 704 4704 Spiritus
726 4626 1284 4704 sanctusfconsolator
1311 4626 1647 4704 [concinnior
1678 4626 1887 4678 videtur
1933 4642 2030 4704 no:

467 4693 565 4758 st'ri
605 4705 806 4758 codicis
837 4703 1040 4756 lectio:
1076 4701 1274 4754 omittit
1313 4693 1458 4753 cnim
1508 4711 1692 4767 vocem
1716 4733 1730 4759 ,
1789 4693 2028 4767 sanctus]

470 4789 503 4826 α
533 4773 669 4828 Filio
703 4771 952 4837 mittitur,
987 4785 1092 4825 non
1113 4770 1404 4824 secundum
1439 4765 1768 4837 angelorum,
1800 4765 2033 4837 antiprol

470 4845 776 4911 pbetarum,
824 4836 944 4895 aut
972 4840 1333 4911 apostolorum
1385 4836 1762 4911 ministerintn,
1819 4836 1912 4911 sed
1947 4845 2034 4911 _ut

475 4905 613 4966 initti
661 4914 816 4964 decet
856 4925 887 4963 a
943 4905 1202 4976 sapientia
1233 4918 1288 4961 et
1323 4909 1550 4961 veritate
1573 4905 1832 4971 Spiritum
1869 4905 2029 4960 Dci...

474 4981 684 5036 Etenim
713 4979 878 5032 Filius
911 4980 1106 5032 missus
1145 4995 1172 5031 a
1207 4977 1388 5038 Patre,
1421 4992 1526 5030 non
1584 4984 1890 5042 separatur,
1930 4991 2029 5028 nec

472 5051 799 5120 disiungitur
823 5050 892 5101 ab
921 5062 1003 5105 eo.
1036 5063 1260 5120 manens
1275 5045 1627 5120 (concinnior
1672 5044 1839 5120 nostri
1866 5045 2034 5120 _codi—

475 5113 574 5174 cis'
605 5113 814 5187 lectio,
851 5133 1066 5187 manens
1095 5113 1316 5187 initio],
1352 5127 1403 5187 et
1436 5113 1825 5187 hab_ens__illum
1866 5114 1919 5166 in
1951 5129 2036 5167 se-

479 5200 590 5246 tnet
619 5189 752 5257 ipso.
795 5186 932 5255 Quin
965 5185 1196 5257 Spiritus
1252 5181 1496 5257 veritatis
1537 5183 1752 5257 [melius
1802 5181 2033 5257 fortasse

479 5202 590 5246 tnet
619 5203 752 5257 Ipso.
795 5202 932 5255 quin
965 5202 1002 5237 δ
1045 5202 1196 5239 ll‘llus
1252 5202 1496 5238 vernans
1537 5202 1752 5256 [ιιιριιυε
1802 5202 2033 5237 tortasse

477 5260 648 5314 codex
701 5202 1085 5318 mrsu-“(fui
1136 5255 1361 5324 Spiritus
1413 5250 1669 5324 veritatis]
1729 5255 2037 5324 supradicto

480 5331 641 5382 modo
672 5328 868 5380 missus
895 5339 924 5376 a
947 5323 1082 5378 Filio
1106 5325 1170 5378 de
1196 5323 1353 5376 Patre
1376 5323 1669 5390 egreditur,
1696 5339 1797 5374 non
1822 5323 2037 5376 aliunde

481 5401 550 5451 ad
584 5398 684 5451 alia
725 5395 1130 5463 transmigrans.
1165 5393 1493 5463 lmpossibile
1525 5393 1721 5463 quippe
1759 5392 1860 5463 hoc
1889 5394 2036 5459 pari-

481 5476 564 5520 ter
597 5476 651 5520 et
675 5461 1042 5532 blasphemutn
1067 5473 1190 5517 est.
1229 5463 1285 5532 Si
1313 5462 1475 5532 enim
1495 5461 1707 5532 deloco
1757 5462 1820 5512 ad
1865 5464 2038 5514 locum

482 5536 758 5606 egreditur
775 5529 1033 5606 Spiritus,
1053 5543 1107 5587 et
1127 5533 1241 5602 ipse
1258 5531 1425 5606 Pater
1463 5529 1656 5606 [eodev
1684 5539 1868 5606 noster
1892 5544 2040 5582 men-

484 5598 613 5672 {lose
645 5598 870 5660 fortasse
897 5624 908 5658 :
945 5613 991 5656 et
1016 5605 1125 5672 ipse
1150 5598 1375 5672 pariter]
1406 5598 1610 5672 ign—loco
1640 5598 2035 5672 invenietur....

485 5671 592 5729 Sed
616 5676 884 5744 quomodo
915 5665 1075 5728 Pater
1123 5665 1228 5744 non
1284 5665 1584 5726 consistens
1639 5665 1782 5738 [cod.
1817 5675 1996 5721 noster
2021 5709 2038 5733 ,

485 5758 587 5796 non
625 5742 889 5816 consistit]
918 5747 968 5798 in
1001 5745 1140 5809 loco,
1169 5743 1308 5797 ultra
1360 5753 1574 5816 ottinem
1628 5752 1916 5806 corporum
1958 5748 2043 5792 est

487 5822 729 5886 naturam
762 5811 907 5886 [eod.
941 5823 1160 5886 noster:
1186 5829 1304 5867 cum
1337 5811 1479 5886 πίω-α
1507 5823 1708 5886 omnem
1738 5823 2041 5886 _curporum

485 5883 552 5941 tit
578 5876 857 5948 naturain;
908 5883 1152 5943 voculam
1179 5895 1380 5950 tamen,
1429 5882 1518 5947 sit,
1559 5879 1696 5936 addo
1737 5876 1872 5953 ipse,
1918 5893 2040 5935 cum

2203 4630 2314 4701 (84)
2349 4629 2557 4701 Emisit.
2588 4629 2762 4684 Galat.
2800 4645 2871 4694 Iv,
2897 4634 2948 4687 6,
2981 4631 3109 4684 Vide
3151 4636 3264 4701 not.
3309 4625 3398 4687 65,
3423 4640 3543 4701 pag.
3602 4624 3703 4679 118

2205 4697 2319 4768 (85⁷)
2353 4700 2610 4768 Spiritum
2647 4716 2821 4752 suum.
2855 4703 3040 4758 Grmca
3088 4699 3409 4768 editio,_ae_
3443 4697 3699 4764 Didymus

2135 4771 2250 4840 ipse
2276 4765 2446 4840 segni.
2479 4769 2548 4823 55
2571 4787 2624 4834 a,
2657 4780 2711 4822 ct
2740 4769 2864 4826 alibi
2893 4788 2906 4824 :
2951 4791 2970 4823 ι
3001 4770 3259 4840 Spiritum
3293 4765 3412 4840 Filii
3449 4769 3551 4840 sui.
3589 4783 3608 4815 ι

2207 4839 2318 4910 (86)
2344 4838 2410 4910 In
2436 4841 2596 4893 corda
2625 4849 2824 4910 nostra.
2857 4835 3270 4897 Graeca-editio:
3326 4836 3404 4898 είς
3450 4835 3546 4898 τὰς
3579 4850 3705 4904 καρ-

2133 4908 2251 4972 δίας
2284 4908 2458 4979 ὑμῶν,
2489 4911 2538 4962 id
2573 4921 2656 4963 est
2681 4928 2701 4979 ι
2735 4909 2786 4960 in
2814 4915 2977 4966 corda
3004 4919 3196 4962 vestra.
3228 4925 3246 4957 ι

2206 4978 2555 5049 (87Ηβρᾳιιε.
2596 4978 2770 5049 Gala}.
2807 4996 2879 5044 Iv,
2911 4982 2963 5033 7.

2207 5042 2320 5124 (ΘΒ.)
2351 5042 2548 5124 figeres
2577 5042 2886 5124 perﬂant».
2923 5050 3109 5124 Graeca
3135 5045 3310 5124 _edjtio
3333 5061 3347 5096 :
3365 5042 3708 5124 κληρονόμος

2135 5113 2271 5173 Θεοῦ
2289 5119 2375 5171 διὰ
2397 5116 2654 5187 Χριστοῦ,
2680 5118 2730 5170 id
2767 5130 2846 5173 est
2877 5139 2895 5170 ι
2931 5121 3102 5172 ha'res
3133 5115 3222 5168 Dei
3247 5113 3653 5187 perglit‘istum.
3685 5130 3702 5162 ι

2139 5190 2329 5265 Sedit)
2363 5183 2575 5265 _lfa'tinis
2621 5187 3059 5265 Bibliis_legi_tur,
3095 5183 3621 5265 utdegitDidyutus.

2227 5259 2321 5327 89)
2363 5257 2486 5310 Vice
2515 5266 2712 5311 nostra.
2746 5252 2921 5312 Scite”
2941 5254 3369 5327 Augustinus__in
3417 5252 3710 5327 collatione

2139 5347 2258 5384 cum
2287 5323 2580 5381 Maximino
2610 5328 2805 5398 Aria_no
2833 5345 2851 5381 :
2907 5347 2925 5380 ι
2965 5325 3203 5398 Denique
3255 5323 3361 5398 alio
3423 5323 3539 5375 loco
3590 5335 3710 5398 cum

2139 5401 2270 5453 dicit
2295 5400 2624 5466 Apostolus:
2660 5415 2677 5446 ι
2707 5395 3065 5458 Clamantem,
3117 5389 3292 5466 Abba,
3327 5392 3521 5466 Pater;
3554 5408 3572 5440 ι
3608 5389 3711 5440 alio

2139 5471 2257 5524 loco
2286 5461 2454 5522 dicit:
2495 5484 2513 5516 ι
2549 5465 2605 5520 In
2637 5481 2744 5532 quo
2775 5466 3092 5527 clamamus,
3133 5464 3303 5524 Abba,
3329 5461 3484 5532 Pater
3517 5478 3530 5513 :
3577 5478 3594 5510 ›
3623 5474 3714 5532 εξ-

2139 5539 2337 5608 posuit,
2370 5536 2496 5606 quid
2525 5537 2617 5599 sit,
2652 5528 2678 5608 i_
2701 5533 3059 5608 Clamantem,
3112 5533 3281 5608 Abba,
3340 5531 3518 5593 Pater,
3552 5546 3572 5578 ι
3639 5528 3716 5606 dif

2141 5597 2336 5662 cendo'
2366 5597 2404 5660 ε’
2433 5609 2513 5659 Ac
2543 5597 2637 5672 per
2667 5605 2769 5659 hoc
2818 5606 2947 5673 quid
2980 5612 3064 5656 est
3124 5621 3144 5653 ι
3178 5601 3518 5666 clamantem,
3552 5615 3575 5650 ι
3616 5597 3713 5652 nisi

2149 5697 2168 5730 ι
2195 5679 2432 5732 clamare
2463 5675 2746 5728 facientem
2769 5673 2793 5726 ί
2821 5691 2840 5723 ι

2215 5747 2329 5814 (90)
2361 5745 2419 5799 Si
2444 5754 2640 5814 autem.
2680 5742 2840 5796 Rom.
2875 5757 2991 5814 vui,
3035 5739 3224 5799 13-15.

2214 5812 2328 5885 (9|)
2360 5815 2499 5885 Ipse.
2536 5812 2692 5885 Joan.
2729 5827 2842 5876 xw,
2875 5812 2966 5865 26.

2217 5881 2328 5960 (92)
2360 5883 2607 5943 Deducat.
2641 5881 2794 5942 Joan.
2833 5897 2947 5948 XVI,
2982 5883 3068 5941 15.
