4034 6438
410 481 508 537 981

1467 479 1556 534 DE
1594 479 1966 534 TRINITATE
2004 480 2208 537 LIBER
2247 481 2571 540 TERTIUS.

3551 485 3659 542 982

407 592 589 664 ήμῶν,
630 609 650 642 ι
673 593 859 658 Ἀϐϐά,
883 612 904 647 ι
947 595 1044 658 τὰς
1093 593 1280 663 κωφὰς
1305 593 1595 664 αἱρετικῶν
1641 595 1810 658 ἀκοὰς
1842 595 1975 648 διδά-

2095 596 2210 665 Ipse
2260 597 2480 668 insuper
2544 611 2642 652 nos
2714 598 3070 668 regeneravit,
3126 606 3182 652 et
3225 613 3256 654 a
3305 607 3528 667 peccato
3591 617 3656 654 ac

407 700 556 746 σκον,
611 684 692 736 ὅτι
723 685 884 748 αὐτός
917 687 1062 738 ἐστιν
1099 687 1126 738 ὁ
1177 684 1397 738 ἐνοικῶν
1442 688 1553 749 τοῖς
1587 688 1796 749 πιστοῖς
1833 685 1983 750 Θεὸς,

405 773 548 826 κατὰ
567 773 648 838 τὸ,
687 791 706 825 ι
729 775 1024 847 Ἐνοικήσω
1075 778 1134 828 ἐν
1164 776 1366 839 αὐτοῖς,
1395 777 1488 828 καὶ
1513 777 1948 846 ἐμπεριπατήσω
1968 792 1980 804 ·

406 863 501 914 καὶ
526 862 718 933 ἔσομαι
748 865 924 919 αὐτῶν
950 865 1102 929 Θεὸς,
1131 867 1225 918 κα).
1252 867 1404 918 αὐτοὶ
1428 865 1639 919 ἔσονταί
1664 884 1754 936 μοι
1781 866 1936 928 λαός’
1961 885 1985 918 »-

407 954 554 1008 κατὰ
581 955 670 1007 τὸν
709 956 1030 1010 Ἀπὸστολον
1064 958 1380 1027 γράφονταο
1451 975 1470 1008 ι
1508 957 1622 1011 Οὐκ
1659 957 1860 1021 οἴδατε,
1902 958 1986 1010 ὅτι.

406 1045 538 1108 ναὸς
562 1045 696 1099 Θεοῦ
725 1049 870 1110 ἐστε,
899 1049 995 1102 κα).
1045 1050 1107 1102 τὸ
1154 1048 1380 1119 Πνεῦμα
1424 1048 1520 1102 τοῦ
1573 1047 1708 1101 Θεοῦ
1741 1050 1880 1102 οἰκεῖ
1926 1050 1984 1102 ὲν

407 1135 537 1205 ὑμῖν
563 1154 577 1202 ;
604 1146 647 1187 ι’
686 1139 951 1208 Δίρετικοὶ
972 1139 1028 1192 δὲ
1051 1139 1133 1204 τὸ,
1162 1140 1346 1193 «Ὅσοι
1370 1139 1644 1210 Πνεύματι
1668 1138 1800 1192 Θεοῦ
1830 1139 1987 1207 ἄγον-

403 1243 518 1289 ται,
552 1220 698 1281 οῦτοι
753 1231 860 1282 υἱοὶ
889 1228 1024 1282 Θεοῦ
1061 1232 1214 1294 εἰσιν,
1248 1249 1266 1281 ι
1305 1231 1398 1283 καὶ
1441 1231 1542 1282 ὅσα
1566 1228 1812 1292 τοιαῦτα,
1859 1229 1990 1299 περ)⁵

404 1317 498 1371 τοῦ
530 1320 658 1372 ίδίου
694 1321 850 1391 ἡμῶν
904 1321 1230 1392 πνεύματος,
1265 1323 1324 1375 οὐ
1356 1321 1597 1393 περὶτοῦ
1621 1322 1775 1390 ἁγίου
1804 1319 1977 1373 Πνεῦ-

408 1425 578 1478 ματος
613 1411 862 1481 εἰρῆσθαι
895 1411 1188 1479 βιάζονται.
1238 1413 1507 1484 Κρίνειδὲ
1528 1411 1660 1464 αὐτὸ
1689 1414 1722 1482 ἡ
1765 1413 1982 1478 ἐπαγω-

403 1499 499 1568 γὴ,
534 1498 730 1568 ἔχουσα
755 1517 767 1529 ·
810 1520 827 1550 ι
855 1499 931 1555 Οὐ
963 1502 1072 1573 γὰρ
1110 1502 1330 1554 ἐλάϐετε
1357 1501 1571 1572 πνεῦμα
1598 1499 1836 1563 δουλείας
1877 1499 1981 1552 πά-

410 1587 494 1640 λιν
541 1592 622 1653 είς
669 1591 862 1660 φόϐον,
900 1592 1014 1645 ἀλλ’
1074 1593 1295 1646 ἐλάϐετε
1360 1592 1584 1663 Πνεῦμα
1644 1591 1931 1653 υἱοθεσίας.
1959 1608 1978 1643 ι

412 1680 636 1743 Πάντως
677 1682 784 1753 γὰρ
829 1681 1039 1753 ἔχοντες
1092 1684 1193 1754 ἤδη
1247 1684 1308 1736 τὸ
1363 1684 1490 1736 ἴδιον
1553 1681 1706 1753 ἡμῶν
1744 1680 1981 1751 πνεῦμα,

2094 695 2271 740 morte
2312 685 2586 751 liberavit,
2633 694 2686 740 et
2724 685 3103 749 sanctiﬁcavit,
3151 696 3205 739 et
3249 686 3387 740 ﬁlios
3430 688 3520 741 Dei
3563 703 3661 756 pro

2093 791 2187 830 sua
2247 777 2485 831 bonitate
2533 777 2683 832 fecit.
2739 777 2925 845 Itaque
2969 777 3277 844 priusquam
3308 777 3374 830 ab
3414 777 3529 844 ipso
3568 792 3660 844 per

2100 866 2578 931 illuminationem,
2604 867 2655 922 id
2686 876 2768 920 est
2801 881 2896 934 per
2928 866 3214 934 baptisma,
3257 879 3656 933 regeneremur,

2097 973 2166 1012 ne
2199 958 2460 1012 convenit
2492 957 2704 1027 quidem
2731 956 2840 1028 (95)
2889 957 3042 1010 nobis
3077 957 3255 1010 dicere
3289 974 3302 1008 :
3336 975 3354 1006 ι
3383 956 3540 1009 Pater
3565 971 3662 1008 no-

2093 1059 2226 1114 διον,
2259 1048 2348 1117 qui
2384 1062 2444 1103 es
2471 1049 2523 1102 in
2546 1048 2718 1110 caelis,
2755 1068 2774 1100 ι
2805 1048 2884 1102 Ad
2919 1047 3056 1113 haec,
3100 1047 3153 1102 in
3185 1049 3437 1103 cordibus
3461 1049 3659 1104 nostris

2093 1139 2312 1204 clamat,
2337 1138 2535 1204 «Abba,
2551 1156 2570 1190 ι
2595 1137 2825 1208 Spiritus
2847 1139 3260 1207 sanctuszsurdis
3279 1139 3654 1193 haereticorum

2094 1229 2315 1283 auribus
2367 1229 2646 1294 insonans,
2697 1243 2763 1283 ac
2812 1243 2907 1282 eos
2954 1227 3177 1293 docens,
3219 1228 3362 1297 quod
3412 1231 3524 1298 ipse
3577 1238 3659 1283 est

2088 1322 2228 1376 Deus
2275 1320 2377 1382 ille,
2426 1319 2592 1391 Μή,
2633 1321 2721 1389 qui
2781 1320 3045 1375 inhabitat
3092 1320 3145 1374 in
3193 1320 3459 1385 ﬁdelibus,
3506 1321 3657 1390 juxta

2085 1411 2214 1467 illud
2241 1429 2295 1466 ε(
2327 1411 2638 1466 lnhabitabo
2661 1410 2772 1482 (94)
2801 1412 2850 1465 in
2876 1411 2976 1476 eis,
3002 1421 3057 1465 et
3082 1412 3132 1465 in
3160 1413 3238 1467 eis
3267 1413 3549 1469 ambulabo
3574 1423 3656 1480 ;et

2087 1518 2182 1557 ero
2226 1517 2411 1556 eorum
2443 1501 2609 1567 Deus,
2639 1512 2694 1557 et
2726 1502 2828 1571 ipsi
2859 1514 3020 1558 erunt
3062 1504 3191 1558 mihi
3244 1506 3508 1574 populus;
3539 1524 3556 1556 ι
3601 1515 3657 1559 et

2085 1594 2237 1664 juxta
2272 1591 2588 1661 Apostolnm
2641 1592 3005 1646 scribentem:
3070 1611 3088 1643 ι
3115 1591 3196 1646 An
3263 1594 3484 1649 nescitis
3516 1593 3660 1664 (95),

2089 1683 2231 1752 quod
2265 1681 2521 1750 templum
2557 1681 2650 1735 Dei
2689 1681 2841 1748 estis,
2875 1691 2930 1735 et
2960 1680 3194 1751 Spiritus
3233 1682 3322 1736 Dei
3366 1683 3572 1737 habitat
3601 1686 3654 1739 in

409 1772 815 1844 προσελάϐομεν
836 1776 896 1828 τὸ
923 1776 1020 1846 τῆς
1056 1775 1324 1839 υἱοθεσίας
1345 1776 1498 1844 ἅγιον
1523 1775 1766 1846 Πνεῦμα.

2088 1772 2282 1827 vobis?
2313 1791 2331 1824 ι
2386 1771 2634 1825 Hmretici
2665 1786 2795 1825 vero
2837 1772 2990 1837 illud,
3038 1789 3057 1822 ι
3089 1770 3406 1841 Quicunque
3447 1771 3653 1841 Spiritu

405 1855 500 1920 Dei
539 1879 789 1938 aguntur,
823 1871 875 1923 bi
905 1871 997 1924 ﬁlii
1030 1872 1120 1926 Dei
1154 1882 1300 1936 sunt,
1332 1890 1351 1923 ι
1388 1872 1601 1941 aliaque
1633 1871 1828 1925 similia
1894 1871 2010 1925 loca
2045 1869 2111 1923 de
2159 1869 2375 1938 proprio
2422 1876 2608 1922 nostro
2655 1867 2870 1937 spiritu,
2924 1883 3029 1922 non
3066 1867 3132 1921 de
3180 1868 3383 1936 Spiritu
3451 1878 3648 1923 sancto

406 1956 552 2011 dicta
583 1974 707 2013 esse
735 1963 1083 2020 contendunt.
1115 1962 1220 2018 Sed
1287 1980 1380 2019 eos
1446 1964 1695 2018 refellunt
1759 1979 1878 2032 quae
1910 1960 2308 2030 subjiciuntur:
2359 1979 2378 2013 ι
2408 1960 2522 2015 Νοιι
2549 1960 2692 2014 enim
2756 1961 3040 2030 accepistis
3081 1960 3328 2031 spiritum
3372 1961 3657 2016 servitutis

400 2047 602 2103 iterum
632 2051 683 2104 in
717 2051 931 2116 timore,
956 2053 1050 2107 sed
1079 2057 1361 2125 accepistis
1386 2055 1646 2124 Spiritum
1677 2052 1978 2122 adoptionis
2016 2052 2070 2106 in
2116 2052 2275 2106 ﬁlios.
2301 2070 2320 2102 ι
2365 2050 2501 2104 Hinc
2531 2051 2674 2103 enim
2705 2051 3043 2118 perspicuum
3073 2050 3291 2104 omnino
3357 2060 3460 2116 est,
3529 2065 3651 2135 nos,

399 2151 522 2190 cum
559 2141 836 2210 proprium
887 2150 1129 2198 nostrum
1174 2146 1421 2214 spiritum
1491 2145 1600 2214 jam
1645 2144 1990 2208 haberemus,
2025 2145 2298 2213 accepisse
2345 2143 2565 2212 insuper
2629 2140 2891 2209 Spiritum
2924 2151 3168 2195 sanctum
3243 2142 3548 2210 adoptionis
3591 2144 3644 2197 in

401 2227 561 2282 ﬁlios.

1042 2321 1199 2374 ΚΕΦ.
1227 2323 1314 2374 M'.

483 2411 845 2484 Ἐθελεχθρῶς
877 2412 972 2466 καὶ
1030 2413 1518 2484 φιλαπεχθημόνως
1588 2417 1802 2488 ἔχοντες
1838 2415 1974 2487 πρὸς

397 2499 458 2552 τὸ
486 2501 639 2568 ἅγιον
677 2502 923 2571 Πνεῦμα,
960 2504 1311 2574 κακοφρόνως
1339 2506 1768 2576 ἐκλαμϐάνουσιν
1802 2509 1896 2561 καὶ
1915 2508 1975 2561 τὸ

397 2591 530 2662 παρ’
567 2593 783 2665 Ἰωάννῃ
806 2591 955 2664 παρὰ
973 2593 1066 2645 τοῦ
1107 2593 1356 2665 Σωτῆρος
1394 2595 1579 2666 λεχθὲν
1617 2599 1744 2669 περὶ
1771 2598 1931 2651 αὑτοῦ
1957 2615 1970 2628 ·

401 2699 422 2733 ι
447 2684 675 2745 Ἐκεῖνος
706 2685 805 2753 ἐμὲ
831 2684 1060 2749 δοξάσει,
1101 2685 1180 2737 ὅτι
1202 2688 1266 2738 ἐκ
1293 2685 1385 2739 τοῦ
1417 2689 1550 2758 ἐμοῦ
1591 2691 1841 2761 λήψεται,
1883 2692 1976 2745 καὶ

397 2771 852 2842 άναγγελεῖὑμίν.
890 2793 908 2825 ι
967 2774 1039 2826 Οὐ
1072 2775 1180 2847 γὰρ
1235 2776 1411 2848 θέμις,
1445 2779 1518 2841 ὡς
1545 2779 1611 2831 τὰ
1637 2780 1973 2848 ἀνθρώπινα,

395 2863 542 2918 οὕτω
566 2865 658 2917 καὶ
714 2864 781 2930 τᾲ
807 2865 899 2918 τοῦ
951 2866 1085 2919 Θεοῦ
1121 2871 1281 2933 νοεῖν,
1311 2870 1430 2922 οὐδὲ
1459 2874 1524 2940 τῇ
1563 2873 1838 2943 ὁμοιότητι
1869 2873 1976 2926 τῶν

396 2957 684 3028 καθ’ἡμᾶς
714 2957 910 3023 λέξεων
961 2959 1054 3012 καὶ
1110 2959 1328 3013 ἐννοιῶν
1379 2962 1440 3014 τὸ
1474 2961 1614 3016 θεῖον
1651 2964 1973 3036 ἐνυϐρίζειν,

396 3046 458 3100 τὸ
490 3049 751 3119 μηδαμῶς
806 3052 936 3120 ἡμῖν
984 3053 1318 3124 προσεοικός.
1370 3053 1594 3117 Δοξάσει
1634 3052 1749 3121 οὖν,
1783 3059 1970 3126 φησὶν,

397 3138 534 3192 καθὸ
564 3141 630 3192 τὰ
660 3141 797 3194 αὐτὰ
818 3142 961 3212 ὑμᾶς
989 3142 1207 3206 διδάξει,
1237 3142 1378 3213 ἅπερ
1407 3145 1518 3212 ἐγώ
1537 3161 1550 3174 ·
1587 3144 1696 3214 ἐγὼ
1728 3147 1805 3210 δὲ,
1833 3148 1975 3219 άπερ

397 3231 628 3300 ἤκουσεν
653 3235 681 3286 ὁ
744 3235 936 3305 Πατήρ
958 3251 972 3264 ο
1029 3236 1122 3287 καὶ
1156 3236 1290 3289 καθὸ
1319 3237 1428 3290 ἀπὸ
1447 3237 1546 3307 τῆς
1568 3237 1733 3290 αὐτοῦ
1769 3239 1974 3306 ἁφάτου

399 3321 602 3395 [2171)]
640 3325 1056 3396 μεγαλειότητος
1119 3327 1373 3391 ἐπιδείξει
1408 3329 1501 3381 καὶ
1551 3328 1652 3398 τῆς
1682 3329 1820 3400 ἐμῆς
1860 3329 1976 3382 θεό-

394 3431 556 3486 τητος
604 3417 664 3469 τὸ
710 3417 1009 3488 ὰμέγεθες·
1062 3420 1157 3473 καὶ
1197 3421 1258 3472 οὐ
1291 3418 1463 3490 τούτῳ
1529 3420 1678 3491 μόνῳ
1735 3419 1813 3492 τῷ
1844 3421 1974 3492 οιτρό⁹

397 3524 506 3576 πῳ,
533 3508 668 3562 ἀλλὰ
696 3509 790 3563 καὶ
820 3511 954 3564 καθὸ
1012 3512 1354 3583 γέγραπται·
1392 3531 1412 3564 ι
1435 3512 1560 3574 Υἱὸς
1613 3511 1824 3576 δοξάζει
1854 3514 1969 3566 Πα-

395 3599 564 3670 τέρα·
593 3619 611 3652 ι
663 3601 776 3666 καὶ,
841 3621 860 3652 ι
885 3602 1020 3670 Δόξα
1057 3589 1208 3674 ἡλίου
1251 3605 1311 3656 τὸ
1337 3603 1452 3672 φῶς
1475 3621 1486 3633 σ
1512 3622 1532 3654 ι
1565 3603 1658 3656 καὶ
1689 3603 1764 3667 ὡς
1789 3599 1937 3658 εἷπον
1959 3619 1972 3633 ⁸

2005 2327 2054 2388 Β

2705 2318 2858 2372 CAP.
2912 2317 3022 2372 XL.

2151 2414 2284 2469 Cum
2333 2412 2552 2468 inimico
2591 2411 2702 2484 (96)
2745 2423 2908 2480 atque
2952 2410 3134 2466 hostili
3167 2410 3348 2466 animo
3389 2410 3648 2480 Spiritum

2081 2514 2324 2559 sanctum
2378 2506 2724 2568 insectentur,
2772 2517 2936 2573 pravo
2975 2518 3133 2557 sensu
3188 2503 3454 2572 accipiunt
3485 2503 3648 2555 etiam

2081 2596 2221 2665 quod
2245 2593 2385 2663 apud
2409 2593 2668 2649 Joannem
2699 2611 2727 2646 a
2753 2593 3032 2647 Salvatore
3065 2593 3130 2646 de
3157 2592 3272 2661 ipso
3291 2593 3491 2647 dictum
3521 2601 3605 2647 est
3630 2608 3662 2646 :-

2087 2706 2107 2739 ι
2137 2687 2229 2741 Ille
2259 2686 2370 2757 (97)
2403 2701 2488 2742 me
2517 2685 2859 2756 gloriﬁcabit,
2902 2685 3026 2754 quia
3066 2686 3132 2739 de
3170 2700 3288 2739 meo
3317 2687 3566 2754 accipiet,
3595 2697 3650 2740 et

2083 2779 2422 2833 annuntiabit
2461 2779 2634 2832 vobis.
2663 2795 2680 2828 ι
2730 2775 2841 2830 Nec
2884 2777 3027 2829 enim
3075 2775 3156 2828 fas
3189 2786 3272 2828 est
3310 2785 3367 2829 ut
3394 2778 3664 2836 humana,

2082 2871 2160 2924 sic
2208 2870 2368 2924 etiam
2421 2869 2598 2922 divina
2653 2868 2938 2936 accipere,
2999 2880 3170 2935 neque
3217 2867 3286 2920 ob
3338 2881 3525 2920 vocum
3585 2882 3651 2920 ac

2082 2959 2471 3015 sententiarum
2529 2973 2677 3012 more
2722 2970 2904 3011 nostro
2946 2957 3208 3011 dictarum
3247 2957 3648 3012 similitudinem

2082 3053 2371 3115 divinitati,
2418 3066 2537 3119 quae
2581 3065 2920 3118 nequaquam
2962 3049 3118 3102 nobis
3159 3048 3346 3102 similis
3373 3057 3475 3112 est,
3506 3045 3648 3114 inju-

2085 3143 2216 3196 riam
2249 3142 2447 3195 inferre
2486 3140 2628 3195 licet.
2663 3138 2999 3194 Gloriﬁcabit
3045 3153 3196 3208 ergo,
3234 3137 3424 3207 inquit,
3458 3147 3649 3205 quate-

2082 3249 2183 3287 nus
2224 3234 2410 3287 eadem
2459 3245 2554 3286 vos
2589 3231 2828 3293 docebit,
2861 3246 2978 3298 qua:
3011 3244 3148 3296 ego;
3189 3242 3289 3299 ego
3326 3239 3502 3282 autem
3529 3243 3652 3296 qua:

2083 3325 2263 3381 audivi
2305 3341 2334 3378 a
2380 3324 2543 3380 Patre
2594 3325 2729 3396 (98).
2777 3325 3111 3380 Gloriﬁcabit
3171 3328 3332 3380 etiam
3382 3337 3650 3394 quatenus

2081 3432 2178 3486 per
2224 3415 2552 3471 ineﬁ’abilem
2605 3417 2945 3484 majestatem
3001 3433 3154 3472 suam
3211 3420 3455 3473 ostendet
3514 3435 3646 3474 meae

2082 3524 2293 3579 quoque
2336 3509 2555 3565 deitatis
2594 3509 2936 3566 inﬁnitatem.
2964 3509 3303 3565 Gloriticabit
3337 3513 3556 3581 insuper
3578 3529 3644 3567 eo

2085 3617 2242 3658 sensu
2276 3616 2381 3670 quo
2410 3602 2668 3672 scriptum
2698 3611 2779 3656 est
2812 3620 2825 3655 :
2873 3620 2892 3652 ι
2924 3601 3093 3654 Filius
3119 3603 3226 3672 (99)
3255 3603 3519 3672 gloriﬁcat
3547 3619 3644 3673 pa-

403 3710 425 3743 ι
447 3690 675 3755 Δόξασόν
703 3709 790 3762 με,
822 3694 1005 3763 Πάτερ
1029 3709 1041 3721 ⁸
1074 3712 1094 3744 ι
1121 3694 1212 3747 καὶ
1245 3693 1515 3765 ἀπεκρίθη
1566 3702 1654 3762 μοι
1677 3710 1691 3723 ο
1729 3712 1746 3744 ι
1771 3693 1975 3758 Ἐδόξα-

2084 3701 2298 3761 ιτθηι;›
2333 3702 2387 3747 et
2419 3707 2524 3762 quo
2567 3710 2585 3742 ι
2621 3691 2802 3746 Gloria
2834 3692 2963 3747 solis
3015 3693 3091 3762 (1)
3134 3693 3327 3747 dicitur
3374 3693 3499 3759 lux;
3532 3717 3550 3746 ι
3593 3705 3648 3749 et

399 3789 471 3842 σά
500 3805 582 3851 σε,
636 3789 730 3842 καὶ
763 3788 922 3842 πάλιν
966 3787 1191 3852 δοξάσω.
1217 3809 1236 3842 ι
1279 3791 1353 3844 Οὐ
1385 3789 1492 3860 γὰρ
1516 3790 1676 3860 ὑμνεῖ
1693 3789 1767 3850 ὡς
1791 3791 1825 3860 ἡ
1857 3789 1975 3842 κτί-

2074 3800 2183 3855 quo
2232 3785 2339 3840 dixi
2369 3803 2383 3838 :
2427 3803 2444 3836 ι
2472 3784 2726 3840 Gloriﬁca
2752 3785 2832 3854 (2)
2873 3801 2978 3852 me,
3012 3785 3191 3850 Pater,
3219 3806 3238 3837 ι
3285 3795 3340 3840 et
3370 3788 3646 3856 respondit

399 3894 518 3941 σις’
576 3877 763 3948 ἐπειδὴ
809 3879 874 3948 τῇ
934 3876 1145 3948 θεότητι
1207 3879 1302 3931 καὶ
1360 3880 1426 3948 τῇ
1465 3879 1597 3947 τιμῇ
1628 3876 1872 3947 ἀλλήλων
1902 3876 1975 3948 μὴ

2083 3878 2244 3932 mihi:
2295 3895 2312 3928 ι
2341 3876 2647 3932 Gloriﬁcavi
2703 3877 2778 3947 (5)
2820 3887 2889 3940 te,
2921 3887 2977 3930 et
3027 3893 3212 3932 rursus
3258 3878 3588 3947 gloriﬁcabo.
3621 3895 3639 3927 ι

395 3970 696 4036 ἀφεστᾶσιν
719 3983 734 3998 ο
767 3968 887 4020 οὐδὲ
919 3968 1194 4039 λαμϐάνον
1229 3967 1550 4036 ἀναγγέλλει
1577 3968 1638 4021 τὸ
1660 3967 1975 4038 οίκονομοῦν

2083 3970 2183 4025 Nec
2233 3970 2376 4024 enim
2430 3969 2643 4040 hymnis
2715 3969 2880 4024 Deum
2935 3970 3191 4038 celebrat,
3232 3979 3289 4022 ut
3327 3969 3452 4024 facit
3489 3985 3645 4024 crea-

395 4061 528 4129 ἡμῖν
557 4059 650 4127 ἀφ’
698 4058 889 4111 ἑαυτοῦ
946 4059 1202 4130 καθαρῶς
1232 4059 1319 4112 ἀεὶ
1363 4058 1430 4111 τὰ
1463 4057 1618 4112 θεῖκὰ
1637 4059 1969 4129 χαρίσματα,

397 4151 490 4202 καί
543 4149 617 4220 μὴ
661 4149 1013 4220 διωρισμένον
1050 4152 1117 4221 τῇ
1164 4150 1323 4218 φύσει
1379 4148 1470 4202 τοῦ
1503 4150 1734 4220 Πατρός.
1764 4151 1971 4222 ’Ὠσπερ

397 4240 506 4312 γὰρ
536 4242 564 4292 ὁ
585 4240 757 4303 διδοὺς
787 4240 916 4303 Υίος
959 4239 1172 4304 οὐδενὸς
1202 4243 1490 4311 στερεῖται,
1542 4241 1664 4294 οὐδὲ
1691 4241 1968 4294 κενοῦταιο

397 4331 540 4385 οὕτω
564 4331 624 4385 τὸ
649 4331 801 4401 ἅγιον
832 4331 1053 4403 Πνεῦμα
1098 4333 1158 4385 οὐ
1194 4331 1479 4402 λαμϐάνει,
1517 4331 1545 4385 ὃ
1576 4332 1650 4404 μὴ
1685 4333 1817 4404 ἔχει,
1853 4334 1974 4387 οὐδὲ

397 4424 597 4476 ἀκοῦον
643 4424 815 4488 λαλεῖ,
848 4424 908 4476 τὸ
941 4423 1098 4494 μόνον
1147 4425 1304 4489 είδὸς,
1350 4424 1492 4478 κατὰ
1518 4424 1750 4488 Παῦλον,
1784 4424 1852 4477 τὰ
1876 4424 1970 4478 τοῦ

398 4514 534 4566 Θεοῦ
558 4531 572 4544 ·
607 4514 782 4584 ἐνίησι
830 4513 886 4567 δὲ
911 4513 1109 4584 μᾶλλον
1142 4515 1272 4568 αὐτὸ
1299 4514 1488 4584 σοφίαν
1521 4517 1616 4568 καὶ
1655 4515 1888 4580 σύνεσιν,
1917 4514 1976 4581 ἐξ

404 4606 663 4676 ἐμφύτων
695 4606 854 4661 θείων
875 4607 1237 4678 “κινημάτων,
1294 4608 1406 4670 τοῖς
1439 4605 1682 4670 ἐπαξίοις
1708 4605 1801 4659 τοῦ
1829 4606 1978 4678 δέχε-

404 4698 559 4752 σθαιο
607 4698 728 4753 οὐδέ
783 4700 910 4769 παρ’
963 4701 1150 4771 ἐτέρου
1206 4699 1531 4760 διδάσκεται,
1557 4701 1619 4750 τὸ
1666 4699 1855 4766 σοφίαν
1881 4700 1975 4753 καὶ

401 4788 602 4858 γνῶσιν
651 4790 986 4862 προφητείας
1030 4792 1144 4854 τοῖς
1195 4789 1472 4860 ἀκεραίοις
1516 4787 1801 4842 ἐπιπνέονο
1833 4789 1976 4860 ὑπὲρ

2079 4069 2248 4125 tura;
2314 4060 2437 4128 quia
2499 4059 2735 4123 deitate,
2802 4074 2865 4112 ac
2920 4059 3216 4130 dignitate,
3283 4070 3445 4128 atque
3503 4073 3644 4128 prin-

2078 4150 2270 4206 stantia
2299 4165 2402 4202 non
2427 4148 2590 4203 distat
2610 4163 2638 4201 a
2663 4148 2820 4203 Patre
2849 4149 3048 4204 Filius:
3069 4165 3238 4220 neque
3261 4149 3476 4204 aliunde
3503 4152 3645 4203 accis-

2078 4240 2230 4311 piens
2256 4239 2541 4293 annuntiat
2570 4239 2616 4293 is
2645 4239 2734 4306 qui
2773 4254 2867 4308 per
2900 4240 3136 4308 seipsum
3178 4254 3310 4308 pure
3345 4255 3409 4293 ac
3439 4241 3635 4292 niutide

2080 4330 2233 4384 nobis
2278 4343 2492 4398 semper
2521 4329 2802 4397 dispensat
2840 4330 3018 4383 divina
3065 4331 3226 4395 dona;
3285 4345 3383 4384 nec
3433 4330 3641 4398 disjun-

2082 4431 2200 4475 ctus
2247 4431 2436 4475 natura
2476 4429 2560 4474 est
2584 4436 2612 4473 a
2638 4419 2817 4478 Patre.
2856 4421 2988 4474 Nam
3019 4423 3157 4477 sicut
3181 4422 3346 4476 Filius
3377 4437 3495 4476 cum
3527 4425 3642 4487 dat,

2076 4511 2235 4584 445
2267 4512 2410 4565 nulla
2443 4527 2501 4566 re
2530 4512 2773 4580 privatur
2805 4512 2882 4584 (4)
2909 4553 2924 4575 ,
2955 4527 3055 4566 nec
3102 4527 3304 4566 vacuus
3343 4512 3628 4574 redditur;

2079 4605 2148 4657 ita
2178 4603 2415 4672 Spiritus
2449 4611 2673 4657 sanctus
2703 4618 2808 4656 non
2840 4603 3040 4672 accipit
3071 4604 3210 4673 quod
3264 4619 3367 4656 non
3400 4604 3590 4657 habeat
3622 4645 3638 4668 ,

2081 4712 2254 4768 neque
2285 4698 2444 4766 prius
2476 4697 2702 4751 audiens
2749 4711 2868 4764 quae
2901 4697 3203 4763 ignoraret,
3239 4695 3434 4749 deinde
3465 4693 3638 4762 Inqui-

2083 4799 2206 4854 tnr;
2241 4804 2361 4843 cum
2396 4786 2545 4842 solus
2575 4802 2642 4842 ea
2674 4788 2846 4852 norit,
2891 4785 3043 4854 juxta
3085 4786 3341 4850 Paulum,
3385 4801 3502 4854 quze
3549 4785 3640 4838 Dei

471 5007 584 5080 (95)
614 5005 694 5081 Ne
715 5009 956 5081 conuenit
989 5007 1216 5081 quidem.
1251 5006 1417 5081 Recte
1439 5009 1642 5063 Alanus
1671 5010 1723 5064 in
1783 5009 1961 5081 Regu—

2083 5007 2168 5081 l_uli
2203 5007 2360 5081 quasi
2387 5008 2646 5081 scriptum
2679 5017 2863 5081 esset:
2905 5007 3046 5081 ᾇπερ
3088 5011 3295 5080 ἥκουσα
3341 5010 3496 5080 παρὰ
3541 5009 3636 5062 τοῦ

399 5077 810 5147 ΙίιιίΙιεοιοείοἰε
830 5079 881 5131 in
910 5077 1187 5132 Fasciculo
1213 5079 1584 5133 anccdatorum
1607 5095 1636 5133 a
1671 5094 1754 5134 me
1783 5077 1964 5144 editis,

399 5149 583 5214 regula
608 5147 699 5212 50,
733 5161 855 5214 pag.
878 5148 1016 5203 205:
1053 5167 1072 5198 ‹
1098 5147 1399 5215 Aliquando
1430 5148 1554 5216 (hoc
1588 5163 1782 5203 nomen
1814 5166 1838 5199 «τ
1867 5149 1966 5204 Pa-

2073 5079 2307 5149 Πατρός.
2342 5079 2397 5131 1η
2427 5079 2562 5131 libro
2594 5088 2769 5149 tamen
2799 5077 2875 5131 De
2895 5079 2985 5145 Sp.
3012 5077 3199 5133 sancto.
3225 5097 3372 5134 num.
3407 5077 3497 5141 56,
3523 5081 3639 5135 haec

2071 5147 2232 5219 habet
2263 5149 2556 5219 Didymus:
2616 5166 2633 5198 ι
2669 5147 2843 5219 ιοριρ
2873 5164 3001 5219 ergo
3053 5149 3288 5213 Patrem,
3347 5160 3402 5204 et
3449 5151 3637 5203 audire

402 5225 484 5269 ter
514 5235 532 5268 ι
572 5216 846 5287 praedicat)
886 5219 1213 5287 relationem,
1231 5217 1297 5270 ad
1329 5218 1620 5284 hominem,
1673 5219 1963 5272 secundum
2072 5216 2285 5279 Filium,
2318 5216 2400 5271 vel
2427 5233 2457 5272 e
2483 5219 2774 5278 contrario,
2808 5216 2959 5271 Filio'
2991 5220 3263 5287 loquente,
3314 5221 3500 5273 audire
3529 5219 3635 5273 Pa-

402 5285 791 5358 recreationem
816 5285 836 5338 ἑ
864 5295 923 5341 ιιι
959 5303 1082 5344 cum
1115 5285 1350 5342 dicitur:
1384 5305 1403 5338 ι
1431 5291 1595 5343 Pater
1641 5298 1830 5343 noster.
1867 5288 1964 5358 qui
2071 5296 2238 5358 trem,
2256 5288 2492 5353 ejusdem
2532 5295 2735 5341 natura:
2763 5287 2816 5340 in
2857 5287 3016 5344 Patre
3040 5285 3092 5344 et
3116 5288 3252 5342 Filio
3311 5305 3634 5345 consensus-

395 5368 458 5410 es
487 5355 540 5408 in
579 5356 753 5409 caelis.
787 5373 808 5407 ι

467 5443 583 5513 (94)
619 5443 957 5500 Inhabitabo.
989 5445 1032 5500 ll
1055 5446 1184 5503 Cor.
1211 5464 1289 5514 vr,
1321 5448 1412 5507 16.

469 5536 584 5608 (95)
610 5538 690 5591 An
710 5537 941 5592 nescitis.
979 5538 1001 5594 Ι
1053 5538 1178 5595 Cor.
1211 5556 1294 5604 ιιι,
1330 5540 1420 5595 16.

469 5624 581 5702 (96)
622 5625 873 5682 Inimico.
923 5628 1105 5684 Codex
1137 5669 1155 5696 ,
1205 5629 1558 5702 ἐθελεχθρῶς.
1616 5629 1795 5686 Malim
1847 5632 1964 5686 ἐθε-

398 5693 657 5836 λέῖθρως,
694 5707 1042 5768 paroxytone.

493 5767 584 5836 9_)
617 5766 737 5836 Ille.
777 5765 932 5823 Joan.
959 5784 1042 5822 XVI

493 5765 584 5834 97)
617 5765 737 5821 me.
777 5765 932 5823 Joan.
959 5783 1070 5834 xvr,
1103 5768 1189 5824 14.

473 5833 757 5912 L98)_Qu_c_e
787 5837 968 5891 audivi
1003 5833 1249 5912 a’Patfe.
1291 5839 1488 5912 Qodex,
1544 5840 1687 5912 ᾇπερ
1731 5842 1963 5912 ἤκουσεν

405 5902 434 5954 ὁ
460 5901 670 5978 Πατήρ,
695 5907 746 5963 id
769 5915 851 5962 est
885 5925 904 5960 c
930 5923 1051 5976 quae
1075 5908 1279 5965 audivit
1299 5901 1485 5966 Pater.
1505 5929 1524 5964 ι
1554 5901 1669 5982 Ego
1687 5901 1765 5971 sic
1793 5923 1966 5969 trans-

2069 5357 2648 5426 quesigniﬁcatioﬁest.
2684 5375 2702 5407 ι

2142 5424 2269 5496 (99)
2292 5425 2488 5479 Filius.
2516 5425 2742 5479 Malach.
2783 5443 2824 5488 ι,
2853 5426 2905 5480 6.

2144 5496 2220 5568 (1)
2255 5496 2702 5568 Ϋβίονίιιίξοίὶελ
2751 5496 2878 5568 Cur.
2926 5514 3013 5564 xv,
3068 5499 3130 5553 41
3194 5498 3441 5568 legitur;
3497 5496 3631 5568 άλλη

2062 5563 2416 5688 δόξαΓεὴλίου,
2471 5567 2523 5620 id
2551 5576 2635 5620 eat
2687 5583 2705 5615 ι
2737 5567 2839 5619 alia
2868 5563 3034 5637 gloria
3068 5587 3088 5621 ›
3148 5563 3364 5638 (nempe
3391 5563 3633 5639 claritas)

2068 5651 2089 5686 ι
2148 5651 2215 5688 οι
2254 5675 2267 5687 .
2303 5653 2322 5686 ι

2068 5651 2089 5686 ί
2117 5650 2267 5690 SOIIS.
2303 5653 2322 5686 ι

2134 5704 2505 5786 (2)6!0ri/ica.
2531 5704 2681 5760 Joan.
2727 5721 2860 5768 xvit,
2894 5707 2946 5762 5.
2996 5707 3124 5762 Vide
3155 5717 3208 5762 ot
3236 5721 3377 5761 vers.
3413 5705 3436 5757 1
3507 5703 3628 5772 ejus

2062 5776 2272 5842 capitis.

2134 5844 2211 5913 (5)
2245 5842 2568 5912 Gloriﬁcavi.
2595 5843 2750 5898 Joan.
2778 5862 2875 5908 xtl,
2916 5845 3006 5898 28.

2133 5909 2208 5985 (4)
2241 5909 2403 5970 Nulla
2438 5931 2491 5969 re
2526 5918 2774 5971 privatur.
2800 5917 2926 5984 Qua:
2955 5917 3041 5971 hic
3077 5913 3309 5986 attingit,
3356 5909 3633 5982 copiosius
