4034 6400
261 405 374 462 985

1344 404 1433 460 DE
1473 403 1848 459 TRlNlTATE
1885 401 2090 458 LIBER
2129 401 2452 459 TERTIUS.

3443 394 3554 453 980

258 525 606 594 κατήργηκα
659 521 730 576 τά
781 521 878 576 τοῦ
922 520 1144 592 νηπίου.
1195 520 1474 592 Βλέπομεν
1518 521 1627 593 γὰρ
1654 521 1778 593 ἄρτι
1802 519 1867 573 δι’

1992 535 2094 573 sum
2120 519 2224 586 vir,
2251 516 2509 573 evacuavi
2539 517 2659 587 qua:
2677 521 2836 570 erant
2856 511 3092 584 parvuli.
3123 510 3382 567 Videmus
3403 511 3547 565 enim

262 616 544 686 ἐσόπτρου
571 616 629 667 ἐν
663 612 972 684 αἰνίγματι·
995 613 1115 666 τότε
1136 612 1195 665 δέ
1217 611 1505 680 πρόσωπον
1536 613 1672 684 πρὸς
1701 611 1870 683 πρόσι-

263 720 437 760 ωπον.
482 704 648 771 Ἀρτι
699 701 1040 772 γινώσκομεν
1100 703 1164 754 ἐκ
1213 701 1440 772 μέρους’
1471 697 1600 752 τότε
1645 699 1702 752 δὲ
1752 701 1872 750 ἐπι-

266 793 625 866 γνωσόμεθα,
666 792 848 857 καθὼς
867 783 962 846 καὶ
987 791 1435 863 ἐπεγνώσθημεν.
1467 811 1486 842 ›
1507 789 1664 843 Τοῦτ’
1683 789 1830 842 ἐστιν
1853 803 1869 819 ⁶

269 887 457 956 ’Ἀπερ
492 885 591 938 νῦν
651 883 940 947 ἀκούοντες
971 881 1076 935 ὑπὸ
1115 881 1223 934 τῶν
1257 882 1296 933 Γ
1300 880 1489 953 ραφῶν
1543 877 1872 949 πιστεύομεν

272 976 439 1045 εἶναι,
495 979 638 1050 μετά
690 979 788 1050 τὴν
828 977 1125 1031 ἀνάστασιν
1158 979 1222 1047 τῇ
1253 976 1372 1045 ὕψει
1413 972 1740 1044 θεασόμεθα,
1778 971 1874 1026 καὶ

272 1073 355 1142 τῷ
386 1071 682 1142 πράγματι
709 1068 1056 1140 γνωσόμεθα,
1078 1069 1176 1138 τῆς
1206 1067 1437 1138 μερικῆς
1464 1065 1718 1134 γνώσεως
1735 1080 1876 1116 παυ-

278 1165 567 1236 σαμένης·
603 1165 638 1235 ή
684 1163 790 1234 γὰρ
806 1163 1028 1232 γνῶσις,
1064 1162 1099 1232 ἡ
1147 1160 1205 1226 ἐξ
1233 1161 1422 1229 ἀκοῆς,
1454 1158 1555 1228 τῆς
1603 1156 1874 1211 αὐτόπτου

275 1257 547 1328 γνώσεως
573 1257 668 1310 καὶ
704 1256 806 1326 τῆς
836 1254 1034 1326 πείρας
1073 1253 1237 1325 μέρος
1264 1253 1426 1304 ἐστίν.
1454 1247 1577 1304 Οἷον
1595 1249 1692 1303 νῦν
1715 1247 1878 1302 ἀκού-

277 1367 436 1414 οντες
468 1347 803 1420 πιστεύομεν
837 1346 964 1418 περὶ
997 1345 1098 1415 τῆς
1141 1343 1399 1415 δευτέρας
1448 1340 1748 1413 παρουσίας
1781 1338 1876 1394 τοῦ

278 1440 584 1505 Δεσπότου,
616 1439 710 1493 καὶ
737 1439 866 1508 περὶ
897 1436 990 1490 τοῦ
1016 1436 1257 1508 βήματος
1281 1433 1577 1499 αὐτοῦ,κα’ί¹
1605 1433 1702 1504 τῆς
1730 1449 1879 1504 τρισ-

286 1534 574 1606 μακαρίας
627 1532 840 1603 φωνῆς’
897 1550 916 1583 ι
945 1529 1131 1596 Δεῦτε,
1180 1531 1229 1582 οἱ
1254 1527 1607 1597 εὐλογημένοι
1646 1525 1739 1578 τοῦ
1768 1526 1880 1578 Πα-

282 1627 412 1698 τρός
449 1643 588 1695 μου,
648 1623 1095 1696 κληρονομήσατε
1141 1620 1242 1691 τὴν
1295 1618 1700 1690 ἡτοιμασμένην
1751 1616 1880 1684 ὑμῖν

287 1718 600 1789 βασιλείαν
623 1736 641 1770 r
677 1717 798 1769 τότε
819 1717 884 1786 τῇ
919 1714 1018 1786 θέᾳ
1045 1713 1141 1767 καὶ
1191 1714 1257 1783 τῇ
1293 1712 1458 1782 πείρᾳ.
1501 1706 1877 1780 μαθησόμεθα.

284 1809 404 1863 Νῦν
461 1805 754 1868 ἀκούοντες
805 1803 1132 1873 πιστεύομεν
1185 1800 1316 1872 περ).
1371 1799 1478 1852 τῶν
1513 1796 1683 1866 ἁγίων
1717 1794 1881 1863 ἀγγέ-

1977 625 2119 664 ηιιιιο
2148 625 2243 679 per
2269 608 2547 678 speculum
2583 607 2635 661 in
2666 605 2981 672 aenigmate,
3018 614 3147 657 tunc
3191 611 3373 656 autem
3412 600 3552 656 facie

1975 703 2042 757 ad
2078 702 2271 755 faciem
2303 716 2318 753 :
2357 715 2503 754 nunc
2544 697 2922 767 cognoscimus
2951 711 3016 750 ex
3054 702 3244 763 parte,
3281 702 3409 746 tunc
3456 707 3553 744 au-

1978 804 2084 848 tem
2123 806 2514 862 cognoscemus
2549 789 2691 844 sicut
2724 798 2780 844 et
2806 786 3010 855 cogniti
3043 799 3254 839 suums.
3292 801 3310 835 ι
3340 783 3393 836 Id
3425 792 3506 836 est
3533 799 3549 837 :

1976 884 2108 952 Quae
2152 898 2292 937 nunc
2332 897 2362 937 e
2413 879 2713 950 Scripturis
2760 877 3046 932 audientes
3073 889 3197 929 vera
3224 888 3344 930 esse
3376 873 3554 927 credi-

1976 988 2132 1037 mus,
2165 987 2228 1028 ea
2260 981 2380 1042 post
2411 969 2868 1026 resurrectionem
2895 966 3069 1022 oculis
3101 964 3304 1020 nostris
3341 963 3554 1017 videbi—

1977 1079 2098 1118 mus
2117 1103 2133 1129 ,
2161 1073 2216 1118 et
2245 1079 2305 1118 re
2335 1064 2446 1132 ipsa
2481 1071 2904 1128 cognoscemus,
2930 1065 3182 1110 cessante
3213 1063 3340 1107 tunc
3368 1051 3557 1123 cogni-

1980 1155 2125 1208 tione
2155 1152 2243 1207 illa
2264 1192 2281 1216 ,
2310 1167 2430 1220 qua:
2454 1167 2521 1205 ex
2550 1158 2704 1220 parte
2723 1157 2810 1202 est
2838 1162 2855 1212 ;
2889 1161 3010 1200 nam
3042 1144 3280 1215 cognitio
3299 1184 3316 1210 ,
3344 1158 3464 1212 qua:
3488 1157 3557 1195 ex

1977 1247 2161 1301 auditu
2205 1245 2526 1314 acquiritur,
2579 1257 2706 1313 pars
2739 1249 2824 1296 est
2871 1238 3242 1310 cognitionis,
3287 1251 3450 1306 quam
3487 1251 3554 1290 ex

1978 1341 2094 1408 ipsa
2131 1337 2205 1392 rei
2253 1337 2458 1392 visione
2508 1345 2563 1389 et
2611 1331 2948 1403 experientia
2997 1343 3404 1399 comparamus.
3473 1326 3554 1380 Ita

1981 1443 2124 1483 nunc
2156 1427 2434 1482 audientes
2469 1424 2742 1480 credimus
2784 1436 2907 1493 qua:
2947 1421 3014 1476 de
3061 1420 3298 1475 secundo
3345 1417 3558 1472 fvomini

1981 1523 2212 1578 adventu
2259 1520 2515 1592 prmdicta
2562 1529 2727 1586 sunt,
2776 1526 2831 1572 et
2877 1518 2945 1572 de
2997 1515 3116 1586 ejus
3167 1513 3457 1578 tribunali,
3497 1527 3561 1568 ac

1982 1615 2292 1670 beatissima
2331 1612 2421 1666 illa
2449 1627 2580 1666 voce
2601 1652 2616 1676 ,
2645 1609 2870 1666 «Venite
2901 1608 3014 1680 (l7)
3033 1649 3050 1674 ,
3082 1607 3350 1663 benedicti
3379 1605 3560 1661 Patris

1984 1709 2118 1774 mei,
2149 1708 2416 1777 possidete
2444 1713 2504 1758 ut
2531 1705 2773 1760 hazredcs
2802 1710 3048 1773 paratum
3078 1699 3232 1755 vobis
3259 1714 3483 1770 regnum
3506 1715 3554 1764 ;›

1987 1810 2115 1856 tunc
2149 1815 2276 1854 vero
2309 1813 2407 1867 per
2461 1799 2725 1852 visionem
2776 1805 2834 1851 et
2882 1793 3274 1865 experientiam
3325 1793 3431 1846 ista
3475 1790 3561 1845 di-

286 1896 398 1950 λων
418 1912 432 1925 ·
483 1896 608 1948 τότε
658 1892 798 1947 κατά
856 1892 1147 1964 πρόσωπον
1195 1886 1644 1959 λειτουργοῦντας
1691 1885 1884 1948 αὐτοὺς

1992 1907 2202 1948 scemus
2232 1909 2244 1945 :
2282 1905 2430 1946 nunc
2461 1889 2744 1944 audientes
2773 1888 3047 1944 credimus
3081 1901 3201 1954 quae
3247 1885 3314 1940 de
3356 1885 3562 1939 sanctis

287 1987 562 2060 ὀψόμεθα.
595 1986 709 2040 Νῦν
753 1983 1042 2047 ἀκούοντες
1075 1981 1422 2052 πιστεύομεν,
1466 2001 1483 2032 ι
1510 1981 1578 2032 Ἀ
1603 1977 1880 2048 ὀφθαλμὸς

289 2082 391 2136 οὐκ
419 2081 553 2144 ἴδεν,
605 2079 699 2132 καὶ
727 2073 817 2141 οὖς
844 2077 945 2131 οὐκ
979 2076 1231 2147 ήκουσεν,
1266 2075 1361 2128 καὶ
1408 2073 1500 2126 ἐπὶ
1532 2071 1759 2142 καρδίαν
1784 2070 1880 2124 ἀν-

292 2173 516 2248 θρώπου
565 2172 664 2225 οὐκ
691 2170 880 2242 ἀνέϐη,
929 2171 1029 2222 ὅσα
1053 2167 1346 2238 ἡτοίμασεν
1391 2167 1420 2219 ό
1448 2163 1580 2226 Θεὸς
1605 2165 1719 2226 τοῖς
1747 2162 1886 2231 ἀγα·

292 2265 474 2320 πῶσιν
504 2261 667 2317 αὐτόν
687 2278 703 2295 ο
729 2280 748 2314 ι
787 2261 908 2314 τότε
937 2259 1039 2313 οὐκ
1079 2258 1298 2328 ὅψονται
1335 2255 1515 2328 μόνον,
1550 2252 1686 2306 ἀλλά
1709 2253 1803 2306 καὶ
1827 2254 1886 2306 ἐν

291 2354 599 2411 ἀπολαύσει
617 2351 796 2406 αὐτῶν
821 2353 871 2404 οἱ
899 2349 1039 2415 ἄξιοι
1063 2348 1350 2417 γένωνται.
1376 2347 1419 2398 Τ
1422 2345 1458 2398 ὰ
1480 2345 1586 2418 γὰρ
1610 2344 1706 2397 νῦν
1732 2343 1886 2397 κάτω

294 2447 396 2519 τῆς
417 2447 601 2518 ψυχῆς
618 2447 650 2517 ἡ
659 2444 772 2516 μῶν
803 2443 1012 2515 ὄμματι
1035 2441 1144 2494 τῶν
1160 2439 1497 2511 ἐπουρανίων
1525 2437 1709 2508 ἀφανῆ
1735 2435 1889 2489 καθε-

299 2541 502 2607 στῶτα,
520 2543 551 2593 ό
580 2538 786 2610 μέλλων
809 2537 920 2608 βίος
953 2535 1164 2607 φανερὰ
1181 2536 1416 2606 ποιήσει.
1446 2531 1583 2586 Ἀλλ’
1596 2528 1769 2596 εἶπεν,
1787 2548 1890 2602 φη-

302 2634 406 2698 σὶν,
440 2635 470 2687 ό
503 2631 634 2704 [219
652 2629 708 2702 a]
734 2627 995 2702 Χριστός·
1020 2648 1039 2679 ι
1062 2629 1184 2681 Ἔτι
1204 2625 1375 2680 πολλὰ
1397 2624 1506 2696 ἐχω
1534 2624 1714 2692 λέγειν
1737 2623 1765 2674 ὑ
1775 2625 1888 2692 μῖν,

298 2727 413 2781 ἀλλ’
437 2727 506 2780 οὐ
530 2723 757 2778 δύνασθε
787 2721 1072 2793 βαστάζειν
1107 2719 1265 2790 ἄρτι·
1297 2721 1423 2772 ὅταν
1473 2716 1530 2769 δέ
1571 2715 1700 2789 ἔλθῃ
1751 2716 1892 2768 ἐκεί-

292 2835 403 2884 νος,
424 2819 499 2872 τὸ
521 2817 745 2888 Πνεῦμα
767 2816 866 2886 τῆς
882 2813 1161 2884 ἀληθείας,
1177 2812 1433 2883 ὁδηγήσει
1449 2810 1592 2880 ὑμᾶς
1611 2810 1691 2872 είς
1711 2809 1891 2861 πᾶσαν

295 2913 393 2984 τὴν
416 2911 686 2983 ἀλήθειαν
706 2927 717 2940 ο
741 2927 760 2961 ι
819 2906 934 2969 καὶ,
970 2924 988 2957 ι
1012 2906 1128 2974 Ἀφ’
1164 2902 1356 2957 ἑαυτοῦ
1385 2903 1446 2956 οὐ
1483 2902 1725 2973 λαλήσει,
1777 2899 1890 2953 ἀλλ’

301 3005 365 3057 ἐκ
383 3002 489 3058 τοῦ
511 3001 645 3074 ἐμοῦ
667 2999 918 3070 λήψεται,
964 2998 1060 3051 καὶ
1081 2997 1374 3066 ἀναγγελεῖ
1403 2997 1530 3065 ὑμῖν
1548 3007 1563 3024 °
1589 3014 1608 3046 ι
1629 2995 1746 3058 καὶ,
1777 3011 1796 3044 ι
1818 2993 1895 3046 Ἐ-

301 3097 488 3157 κεῖνος
511 3093 611 3164 ἐμὲ
636 3089 880 3154 δοξάσει·
912 3107 932 3140 ι
967 3088 1062 3141 καὶ⁵
1111 3086 1274 3140 πάλιν
1297 3102 1312 3116 ⁸
1342 3105 1360 3136 ι
1389 3086 1504 3138 Οὐκ
1534 3084 1730 3155 ἀφήσω
1752 3084 1895 3155 ὑμᾶς

1984 1983 2194 2053 angelis
2229 1983 2426 2052 scripta
2455 1991 2628 2049 sunt;
2668 1991 2796 2035 tunc
2827 1979 3091 2050 ipsosmet
3117 1979 3228 2033 Deo
3262 1977 3564 2032 servientes

1984 2091 2168 2131 coram
2204 2074 2549 2129 videbimus:
2587 2087 2732 2127 nunc
2762 2071 3041 2127 audientes
3075 2067 3350 2125 credimus
3384 2085 3403 2118 ι
3433 2067 3564 2134 Qua:

1987 2169 2097 2242 (l8)
2131 2169 2321 2224 oculus
2353 2181 2461 2222 non
2500 2165 2669 2233 vidit,
2709 2179 2808 2220 nec
2839 2164 2986 2219 auris
3018 2161 3262 2226 audivit,
3294 2168 3349 2214 et
3381 2158 3435 2213 in
3469 2173 3566 2213 cor

1987 2261 2220 2318 hominis
2267 2275 2372 2316 non
2426 2259 2792 2314 ascenderunt
2836 2268 3169 2326 quaecunque
3243 2251 3566 2322 praeparavit

1987 2355 2131 2410 Deus
2167 2353 2514 2423 diligentibus
2551 2351 2768 2419 ipsum;
2801 2367 2821 2400 ι
2871 2355 3000 2402 tunc
3048 2345 3140 2414 qui
3188 2343 3336 2414 digni
3368 2352 3563 2404 erunt,

1989 2463 2095 2502 non
2131 2446 2303 2502 solum
2339 2459 2404 2500 ea
2431 2443 2728 2507 videbunt,
2764 2439 2862 2495 sed
2903 2447 2960 2495 et
3013 2437 3080 2492 iis
3130 2437 3378 2491 fruentur
3406 2431 3517 2504 (l9)
3548 2448 3562 2486 :

1989 2553 2116 2593 nam
2165 2535 2444 2602 coelestia,
2507 2549 2628 2604 qua:
2677 2531 2732 2590 in
2783 2540 2927 2584 terra
2967 2541 3112 2583 nunc
3145 2525 3337 2581 anima:
3369 2531 3570 2577 nostra:

1989 2630 2145 2684 oculo
2176 2627 2491 2685 abscondita
2540 2636 2708 2692 sunt,
2751 2623 2807 2677 in
2851 2623 3030 2676 futura
3079 2619 3189 2673 vita
3237 2617 3366 2671 flent
3412 2614 3570 2669 nobis

1993 2716 2299 2773 manifesta.
2360 2717 2429 2770 At
2479 2715 2651 2778 dixit,
2711 2711 3008 2781 inquiunt,
3062 2709 3360 2764 Christus:
3403 2723 3423 2756 ι
3462 2703 3572 2757 Ad-

1992 2811 2098 2866 lmc
2133 2810 2248 2883 (‘20)
2281 2809 2452 2864 multa
2487 2808 2662 2863 habeo
2688 2805 2868 2860 dicere
2904 2802 3092 2869 vobis,
3141 2801 3235 2856 sed
3271 2815 3377 2855 non
3415 2807 3571 2869 pote-

1994 2905 2094 2960 stis
2121 2913 2341 2972 portare
2376 2901 2534 2955 modo
2567 2916 2583 2966 ;
2616 2913 2738 2954 cum
2775 2903 2957 2950 autem
2991 2892 3197 2948 venerit
3243 2892 3362 2955 ille,
3395 2887 3572 2958 Spiri-

1994 3005 2082 3051 tus
2113 2992 2394 3058 veritatis,
2426 2991 2658 3045 deducet
2686 3004 2782 3043 vos
2832 2989 2886 3041 in
2929 3000 3143 3040 onmem
3184 2983 3508 3047 veritatem;
3545 2997 3568 3032 ι

1995 3096 2090 3141 et:
2122 3104 2140 3137 ι
2171 3087 2213 3139 Α
2245 3083 2540 3152 semetipso
2570 3079 2686 3152 (9.1)
2731 3095 2836 3134 non
2884 3078 3159 3149 loquetur,
3196 3074 3289 3130 scd
3342 3073 3409 3127 de
3451 3086 3574 3126 meo

303 3160 605 3258 ὀρφανούς·
643 3181 872 3253 ἔρχομαι
905 3178 1041 3249 πρὸς
1069 3179 1232 3248 ὑμᾶς.
1273 3196 1292 3227 ι
1325 3171 1532 3229 ’Ἦλθεν
1573 3171 1666 3228 οὐν
1705 3175 1884 3246 δῆθεν,

1995 3174 2255 3245 accipiet,
2315 3181 2370 3228 et
2409 3169 2754 3224 annuntiabit
2807 3168 3005 3232 vobis;
3041 3185 3059 3219 ι
3107 3175 3162 3220 et
3204 3182 3219 3218 :
3270 3181 3290 3215 ι
3331 3161 3425 3216 Ille
3458 3160 3572 3231 (22)

2147 3265 2159 3277 .
2227 3265 2277 3277 .-
2533 3261 2590 3277 η-
2907 3275 2915 3277 _
2971 3255 3222 3277 ..ηιειηχ
3267 3254 3570 3277 ,ηηηηηηη

305 3254 430 3334 ὅταν
481 3273 775 3336 Μοντανός.
815 3271 928 3342 Οὐχ
979 3269 1152 3332 οὕτως
1202 3268 1294 3320 δέ’
1339 3269 1414 3338 μὴ
1462 3267 1705 3336 γένοιτοῑ
1764 3268 1888 3320 ἐπεὶ

1992 3283 2077 3322 me
2112 3264 2446 3335 gloriﬁcabit.
2477 3281 2498 3314 ι
2530 3261 2596 3315 Ει.
2644 3275 2866 3314 rursus:
2898 3275 2917 3309 ι
2971 3257 3086 3311 Non
3110 3255 3225 3326 (25)
3267 3254 3572 3323 relinquam

307 3370 444 3442 πρὸς
473 3367 658 3420 τοῦτον
685 3365 775 3418 τὸν
800 3363 1118 3432 ἀδιανόητον
1152 3359 1331 3414 αὐτῶν
1359 3358 1514 3428 λόγον
1545 3358 1889 3429 εὑρίσκονται

1992 3372 2087 3413 vos
2143 3355 2450 3422 orphanos,
2502 3352 2663 3407 venio
2716 3352 2784 3404 ad
2842 3365 2962 3403 vos.
2994 3367 3012 3400 ι
3050 3346 3204 3401 Tunc
3260 3359 3390 3414 ergo
3441 3356 3577 3397 sane

311 3436 416 3532 πρὸ
444 3456 728 3544 Βψντανοῦ
776 3455 915 3508 οἵτε
945 3453 1036 3506 τὸν
1090 3450 1327 3523 Χριστὸν
1361 3450 1660 3520 ἐσχηκότες
1681 3489 1696 3512 ,
1732 3449 1786 3500 οἵ
1831 3464 1889 3500 τε

1992 3446 2330 3518 νοηίι,447
2355 3445 2570 3515 quando
2587 3443 2870 3497 Montanus
2893 3443 3057 3497 venit.
3088 3442 3154 3494 At
3171 3453 3275 3492 non
3298 3436 3372 3492 ita
3398 3449 3457 3491 se
3484 3450 3575 3490 res

310 3525 600 3606 ἀπόστδλοι
651 3549 699 3602 oi
741 3548 840 3619 τὴν
882 3546 1036 3610 τάξιν
1086 3543 1369 3614 δεξάμενοι
1419 3541 1570 3613 παρὰ
1611 3540 1706 3594 τοῦ
1735 3539 1889 3605 Θεοῦ,

1995 3539 2156 3595 habet
2191 3557 2204 3594 :
2241 3538 2414 3592 absit!
2459 3536 2696 3604 alioquin
2734 3534 2865 3588 illud
2893 3540 3292 3600 consequetur,
3335 3529 3383 3583 si
3413 3525 3577 3581 stulta

312 3646 406 3699 ml.
443 3646 502 3696 ἐν
535 3643 748 3703 ἑαυτοῖς
781 3637 1077 3709 ἐσχηκότες
1115 3633 1378 3688 λαλοῦντα
1402 3633 1492 3686 τὸν
1519 3632 1772 3704 Χριστὸν,
1802 3633 1889 3684 καὶ

1994 3648 2180 3688 eorum
2238 3629 2576 3685 ratiocinatio
2627 3627 2970 3689 attendatur,
3044 3633 3104 3679 ut
3153 3621 3457 3684 Christum,
3513 3631 3580 3672 ac

312 3736 500 3791 οίκοῦν
527 3734 588 3787 τὸ
619 3731 843 3802 Πνεῦμα
880 3728 974 3782 τοῦ
1005 3727 1162 3792 Θεοῦ,
1198 3727 1294 3780 καὶ
1322 3726 1409 3778 διὰ
1453 3725 1552 3794 τῆς
1598 3723 1896 3786 ἐπιθέσεως

314 3831 421 3883 τῶν
457 3825 654 3898 χειρῶν
702 3824 798 3876 καὶ
843 3820 1022 3895 ἄλλοις
1064 3818 1396 3890 παρέχοντες
1437 3815 1570 3868 αὐτὸ
1613 3812 1756 3866 κατά
1800 3811 1897 3883 τὴν

317 3923 486 3979 αὐτοῦ
539 3920 814 3992 βούλησιν,
858 3915 953 3969 καὶ
995 3914 1132 3986 μετὰ
1177 3909 1490 3983 παρρησίας
1527 3907 1897 3969 διδάσκοντες,

318 4019 412 4071 καὶ
457 4015 606 4086 παρά
634 4014 799 4065 πᾶσιν
838 4007 1218 4078 πιστευόμενοι
1265 4003 1361 4056 καὶ
1405 4001 1478 4072 μὴ
1503 4001 1577 4064 ὡς
1619 3997 1900 4061 Μοντανδς

319 4105 716 4176 ἀπιστούμενος
734 4119 746 4131 ’
775 4101 828 4154 οἵ
850 4117 910 4153 τε
938 4098 1269 4158 ἀκούσαντες
1287 4112 1299 4124 ’
1337 4114 1355 4145 ι
1388 4094 1544 4146 Ὅσοι
1567 4091 1647 4154 είς
1667 4089 1900 4160 Χριστὸν

321 4195 712 4261 ἐϐαπτίσθητε,
744 4188 979 4262 Χριστὸν
1013 4183 1370 4240 ἐνεδύσασθεο
1422 4201 1440 4233 ›
1491 4182 1566 4252 μή
1610 4179 1903 4250 ἐσχηκότες

323 4292 414 4345 τδν
453 4286 685 4359 Χριστὸν
713 4283 808 4336 καὶ
831 4281 892 4334 τὸ
920 4279 1076 4348 ἅγιον
1104 4276 1348 4347 Πνεῦμα.
1391 4273 1552 4326 Ἀλλά
1580 4271 1648 4328 τὰ
1680 4270 1902 4340 προκεί-

331 4399 468 4454 μενα
497 4381 714 4451 ῥήματα
743 4373 836 4427 τοῦ
896 4371 1149 4442 Σωτῆρος
1197 4369 1297 4438 τὴν
1340 4365 1634 4435 ἰσοτιμίαν,
1675 4363 1771 4416 καὶ
1806 4361 1904 4432 τὴν

333 4474 660 4545 συνᾴδουσαν
688 4465 836 4537 αὐτῷ
868 4463 1212 4518 διδασκαλίαν
1257 4459 1351 4513 τοῦ
1386 4459 1542 4527 ἀγίου
1589 4456 1906 4527 Πνεύματος

2000 3725 2261 3796 Spiritum
2314 3729 2558 3776 sanetum
2610 3729 2733 3772 ante
2776 3716 3090 3771 Montanum
3139 3728 3244 3768 non
3291 3708 3582 3766 habuerint

1999 3834 2176 3889 neque
2208 3818 2241 3870 ii
2267 3815 2358 3885 qui
2401 3815 2680 3870 Christum
2717 3814 3066 3873 habuerunt,
3099 3823 3198 3863 nec
3225 3804 3454 3876 apostoli
3487 3801 3580 3871 qui

2000 3929 2150 3969 suam
2183 3914 2421 3983 ipsorum
2465 3908 2779 3978 dignitatem
2836 3920 2864 3958 a
2902 3902 3014 3958 Deo
3049 3908 3377 3968 acceperunt
3408 3902 3464 3949 et
3498 3895 3579 3948 Io-

2001 4015 2252 4074 quentem
2317 4003 2370 4055 in
2435 4000 2628 4067 seipsis
2667 3997 2966 4060 Christum,
3023 4004 3186 4063 atque
3243 3989 3581 4046 habitantem

2004 4097 2260 4166 Spiritum
2295 4093 2388 4148 Dei
2417 4091 2672 4154 habuere,
2729 4099 2784 4144 et
2829 4103 2924 4158 per
2969 4097 3224 4140 manuum
3282 4078 3584 4149 impositio-

2005 4206 2128 4244 nem
2193 4188 2314 4242 aliis
2353 4199 2570 4256 quoque
2614 4185 2787 4253 ipsum
2837 4181 2993 4251 juxta
3047 4178 3192 4232 illius
3253 4173 3583 4227 voluntatem

2013 4283 2396 4354 praebuerunt,
2433 4289 2486 4332 et
2538 4277 2710 4331 libere
2763 4281 2926 4343 atque
2974 4271 3217 4325 animose
3263 4267 3584 4326 docuerunt,

2011 4377 2082 4430 ita
2115 4385 2173 4428 ut
2201 4373 2336 4426 ﬁdes
2365 4371 2446 4426 eis
2479 4370 2547 4424 ab
2576 4366 2828 4423 omnibus
2851 4365 3034 4419 habita
3070 4363 3177 4424 sit,
3211 4373 3316 4412 non
3335 4370 3461 4412 vero
3492 4354 3586 4408 de-

2010 4475 2204 4536 negata
2255 4463 2397 4534 (‘24),
2438 4470 2498 4516 ut
2544 4461 2830 4523 Montano;
2864 4471 2964 4510 nec
3015 4455 3052 4508 ii
3081 4456 3320 4512 demum,
3384 4446 3589 4515 quibus

333 4537 592 4640 παριστᾷ.
620 4561 762 4616 Τίδέ
783 4557 1034 4630 σημαίνει
1057 4555 1139 4620 τὸ,
1169 4574 1186 4605 ι
1224 4555 1496 4624 Ἔρχομαι
1525 4550 1660 4621 πρὸς
1683 4551 1847 4620 ὑμᾶς,
1881 4567 1889 4599 ι

2012 4560 2215 4613 dictum
2275 4553 2378 4608 fuit
2410 4571 2423 4608 :
2485 4570 2504 4603 ι
2541 4552 2813 4618 Quotquot
2863 4546 2976 4617 (25)
3015 4545 3069 4598 in
3099 4542 3372 4597 Christum
3409 4537 3592 4602 bapti-

331 4629 561 4733 εἴρηται.
591 4653 880 4726 ἀνωτέρω·
925 4651 1146 4722 είχομεν
1195 4647 1304 4717 γάρ
1343 4648 1412 4716 (εἰ
1454 4645 1548 4697 καὶ
1591 4644 1804 4714 ἔχουσιν
1851 4643 1889 4694 οἱ

2002 4651 2108 4706 zati
2144 4649 2295 4714 estis,
2351 4646 2627 4702 Christum
2659 4639 2933 4695 induistis.
2965 4655 2986 4688 ι
3011 4635 3118 4690 Sed
3157 4631 3292 4687 Filio
3319 4629 3586 4699 aqualem

331 4719 470 4820 ἀέιόι
489 4749 740 4816 τελείως)
766 4719 859 4798 τόν
881 4762 941 4797 τε
973 4719 1207 4814 Πριστὸν
1239 4739 1330 4792 τὸν
1355 4736 1581 4790 εἰπόντα
1601 4749 1616 4764 °
1645 4754 1664 4786 ι
1708 4735 1889 4820 Ἔρχοτ

2004 4759 2123 4797 esse
2159 4740 2444 4809 Spiritum,
2506 4747 2561 4790 et
2595 4737 2756 4804 hujus
2791 4730 3091 4787 doctrinam
3129 4725 3387 4779 doctrina:
3438 4719 3592 4774 illius

336 4816 434 4915 μαι
477 4842 612 4913 πρὸς
657 4839 835 4909 ὑμᾶς·
887 4855 906 4888 ι
963 4832 1025 4886 τό
1078 4849 1137 4884 τε
1187 4830 1340 4897 ἆγιον
1389 4826 1637 4910 Πνεῦμα,
1685 4824 1811 4894 περ)⁵
1850 4816 1910 4876 οὐ

334 4933 504 4990 εἶπεν·
545 4953 564 4986 ι
602 4933 769 4986 Ὅταν
813 4926 942 5000 ἔλθῃ
979 4927 1206 4986 ἐκεῖνος.
1256 4941 1274 4974 ι
1321 4921 1456 4974 Οὐδὲ
1488 4918 1596 4989 γὰρ
1639 4915 1827 4979 ἀτελές
1858 4933 1909 4968 τι

336 5030 507 5082 ἐποίει
537 5027 566 5079 ὁ
593 5022 886 5091 Δεσπότης,
919 5016 1179 5089 ἐμφυσῶν
1207 5014 1346 5086 μετὰ
1369 5011 1467 5083 τὴν
1507 5011 1802 5064 ἀνάστασιν
1832 5010 1911 5072 εἰς

337 5121 602 5193 πρόσωπα
625 5117 734 5171 τῶν
775 5111 1106 5174 ἀποστόλων,
1136 5109 1231 5163 καὶ
1273 5108 1446 5175 λέγων
1479 5104 1605 5177 [219
1633 5104 1706 5176 ὁιο
1747 5122 1765 5153 ι
1801 5103 1912 5156 Λά-

339 5215 463 5268 ϐετε
490 5209 716 5279 Πνεῦμα
741 5208 894 5275 ἆγιον
917 5221 931 5234 ·
972 5222 990 5256 ι
1020 5201 1126 5256 οὐδ’
1155 5199 1426 5271 ἐψεύδετο,
1453 5197 1486 5268 ἢ
1518 5197 1678 5260 αὐτὸς
1699 5195 1874 5263 λέγων
1894 5212 1908 5225 ·

345 5323 367 5360 ι
405 5300 673 5373 ”Οτιπαρ“
696 5300 823 5370 ὑμῖν
857 5297 1028 5369 μένει,
1056 5294 1151 5348 καὶ
1178 5293 1237 5347 ἐν
1266 5293 1393 5364 ὑμῖν
1423 5292 1569 5346 ἐστιν
1591 5306 1606 5322 ο
1633 5310 1652 5343 ι
1678 5289 1712 5359 ἢ
1751 5287 1911 5342 ’Λπό-

439 5518 526 5588 17)
569 5516 770 5588 Venite.
805 5515 998 5588 Matth.
1023 5529 1154 5588 ην,
1181 5513 1272 5569 34.

443 5519 502 5588 17
569 5518 770 5573 Venite.
805 5518 998 5569 Matth.
1023 5529 1114 5568 IIl

443 5518 529 5660 ιεζ
572 5588 724 5660 Qua.
757 5587 774 5640 Ι
803 5585 936 5660 (Ζοι-ἑ
965 5599 1024 5650 ιι,
1061 5586 1114 5660 9_.

416 5649 528 5726 (19)
564 5649 854 5711 Fruentur.
887 5649 1016 5726 Pro
1047 5653 1296 5726 γένονται
1349 5651 1632 5724 legendum
1684 5649 1915 5706 fortasse

348 5723 666 5799 γενήσονται
701 5726 817 5799 [vel_
833 5723 1141 5799 γένωνται]ἶ

441 5791 531 5867 θέο)
554 5791 763 5867 ΑάΙιιὶσ.
793 5791 948 5867 Joan.
975 5791 1214 5867 ἔνι-,Ἓξ
1261 5791 1347 5848 13.

422 5862 534 5943 (21)
568 5866 614 5921 Α
648 5865 943 5934 semetipso.
975 5863 1108 5920 lbid.
1146 5862 1232 5918 15.

2009 4845 2306 4889 consonam
2354 4843 2476 4884 esse
2527 4827 2686 4880 allata
2743 4822 3042 4879 Salvatoris
3085 4816 3249 4870 verba
3303 4815 3589 4868 denotant.

2015 4923 2153 4991 Quid
2194 4937 2327 4976 vero
2353 4919 2622 4990 signiﬁcet
2665 4916 2818 4978 illud,
2853 4931 2874 4965 ι
2910 4912 3080 4968 Venio
3111 4908 3179 4962 ad
3208 4920 3326 4970 vos,
3377 4923 3396 4956 ι
3426 4917 3588 4972 supe-

2014 5017 2130 5070 rius
2160 5014 2362 5067 dictum
2392 5019 2498 5067 est.
2555 5007 2853 5062 Habuimus
2893 5003 3035 5057 enim
3084 5000 3418 5068 (quanquam
3470 5009 3593 5063 per-

2017 5107 2160 5162 fecte
2211 5119 2316 5158 non
2345 5105 2547 5158 habent
2584 5100 2683 5153 nisi
2719 5099 2808 5168 qui
2849 5094 2992 5165 digni
3022 5093 3169 5160 sunt)
3203 5099 3258 5143 et
3312 5087 3590 5142 Christum

2017 5199 2107 5268 qui
2134 5197 2288 5263 dixit,
2327 5215 2344 5246 ι
2387 5195 2554 5249 Venio
2584 5194 2648 5246 ad
2672 5206 2802 5254 vos,
2841 5208 2860 5242 ι
2912 5199 2966 5242 et
3003 5184 3266 5254 Spiritum
3319 5191 3593 5244 sanctum,

2016 5291 2086 5346 de
2111 5304 2216 5358 quo
2245 5288 2292 5343 is
2323 5287 2503 5342 dixit:
2539 5305 2558 5338 ι
2591 5285 2727 5341 Cum
2760 5282 2972 5338 venerit
3001 5279 3090 5333 ille
3134 5319 3148 5333 .
3189 5294 3208 5328 ι
3247 5271 3385 5329 Nam
3422 5287 3598 5343 neque

2091 5509 2206 5579 (ea)
2239 5509 2358 5564 Ille.
2387 5507 2520 5579 ibid.
2555 5506 2642 5561 tt.

2089 5575 2203 5649 (23)
2239 5581 2380 5633 Non.
2411 5577 2714 5649 Joantnv,
2747 5575 2835 5630 18.

2084 5637 2198 5721 (24)
2237 5649 2524 5721 Denegata.
2564 5637 2772 5709 Codex,
2822 5642 3240 5721 ἀπιστούμενος.
3283 5637 3593 5710 chcndum

2016 5717 2268 5784 fortasse,
2299 5717 2528 5773 ἀπίστού
2537 5733 2708 5787 μενοι.
2897 5785 2911 5787 _
2925 5784 2955 5787 _
3164 5719 3166 5721 ’

2089 5790 2205 5861 (25)
2239 5784 2737 5860 ριιοιᾳιιοι.’οιιιιιι.
2769 5800 2853 5852 ιιι,
2887 5784 2977 5841 ‘27.
