4034 6396
467 400 570 457 987

1733 405 1967 460 DlDYMI
2010 405 2474 462 ALEXANDRIN’I

3597 406 3698 460 988

467 515 842 588 imperfectum
875 519 1002 587 quid
1033 518 1264 575 faciebat
1292 520 1583 586 Dominus,
1638 534 1760 574 cum
1800 521 2043 575 insuma-

2149 523 2332 584 στολος
2366 523 2625 593 γράφων·
2670 538 2690 570 ι
2721 521 2836 574 Οὐκ
2863 519 3038 574 οῐδατε
3059 561 3075 585 ,
3104 520 3186 572 ὅτι
3219 518 3344 582 ναὸς
3374 519 3509 573 Θεοῦ
3548 521 3704 586 ἐστε,

468 611 562 664 bat
591 617 711 678 post
761 609 1214 663 resurrectionem
1268 611 1321 663 in
1361 610 1526 664 facies
1560 609 1924 679 apostolorum
1960 610 2042 663 di-

469 713 598 755 cens
630 720 643 755 :
686 703 956 772 «Accipite
982 700 1095 773 (26)
1121 699 1381 771 Spiritum
1406 712 1651 755 sanctum
1679 717 1694 765 ;
1735 715 1864 755 inec
1888 716 2044 755 men-

474 793 708 847 tiebatur
729 805 821 848 aut
845 797 981 864 ipse,
1015 809 1135 848 cum
1166 796 1344 847 aiebat
1375 808 1390 845 :
1431 811 1449 844 ι
1485 793 1636 862 Apud
1661 792 1774 863 (27)
1799 807 1894 847 vos
1931 808 2044 845 ma-

473 895 581 948 net,
608 895 662 940 et
685 886 738 940 in
758 886 906 940 vobis
923 899 1040 953 est;
1082 905 1100 937 ι
1130 897 1220 938 aut
1243 885 1548 954 Apostolus,
1579 899 1701 938 cum
1725 883 1994 938 scribebat
2027 902 2038 936 :

478 993 496 1026 ι
528 976 606 1028 An
643 977 868 1031 nescitis
908 978 1019 1047 (9.8)
1079 978 1200 1044 quia
1229 977 1481 1044 templum
1520 976 1610 1028 Dei
1650 976 1801 1037 estis,
1835 982 1888 1028 et
1923 972 2044 1041 Spi-

477 1067 611 1122 ritus
643 1067 732 1121 Dei
763 1068 967 1121 habitat
1001 1070 1051 1121 in
1083 1067 1260 1122 vobis?
1293 1087 1311 1118 ι
1349 1077 1440 1120 aut
1467 1065 1761 1136 Sapientia.
1781 1081 1903 1120 cum
1933 1066 2040 1120 ait:

481 1176 501 1208 ι
541 1157 777 1228 Spiritus
825 1158 941 1227 (29)
979 1159 1190 1212 Domini
1237 1158 1462 1226 replevit
1506 1160 1692 1212 orbem
1754 1169 2040 1220 terrarum,

475 1259 528 1301 et
567 1247 708 1316 quod
741 1249 982 1301 continet
1020 1248 1236 1311 omnia,
1277 1246 1564 1300 scientiam
1597 1247 1760 1300 habet
1810 1247 1973 1300 vocis.
2017 1264 2037 1298 ι

481 1337 592 1391 Nec
638 1351 898 1406 praatcrea
951 1337 1202 1390 Montano
1265 1336 1694 1405 imperfectiores
1723 1345 1878 1389 erant
1914 1349 2044 1404 apo-

475 1430 601 1484 stoli
630 1471 645 1495 ,
679 1444 776 1484 nec
813 1430 1012 1492 sancti,
1047 1429 1136 1497 qui
1170 1436 1294 1482 ante
1328 1427 1596 1494 apostolos
1636 1428 1914 1480 exstitere.
1968 1424 2042 1480 lbi

475 1529 655 1573 autem
713 1521 766 1572 in
821 1519 1136 1572 Pentecoste
1203 1517 1603 1586 apparuit,ubi
1645 1516 1754 1582 jam
1800 1525 1936 1582 erat,
1998 1517 2043 1570 is

474 1610 565 1679 qui
596 1609 779 1663 omnia
818 1609 1060 1662 continet
1107 1606 1338 1675 Spiritus
1384 1614 1638 1671 sanctus,
1667 1613 1721 1658 et
1757 1614 2040 1675 susceptus

471 1711 580 1766 est,
624 1710 683 1754 ut
713 1710 980 1754 testantur
1001 1700 1132 1752 Acta
1157 1698 1240 1752 his
1263 1697 1444 1751 verbis
1485 1715 1498 1752 :
1539 1713 1557 1747 ι
1595 1697 1888 1750 Audientes
1926 1695 2038 1763 (50)

474 1801 654 1847 autem
690 1794 780 1863 qui
812 1795 864 1846 in
890 1791 1245 1861 Jerosolymis
1275 1796 1431 1844 erant
1485 1787 1734 1856 apostoli,
1770 1787 1914 1857 quod
1947 1802 2036 1841 re-

2146 615 2240 668 καὶ
2271 615 2332 667 τὸ
2370 612 2594 684 Πνεῦμα
2641 612 2734 665 τοῦ
2778 611 2913 665 Θεοῦ
2960 614 3100 666 οἰκεῖ
3129 613 3187 664 ἐν
3223 611 3383 680 ῦμῖνς
3444 629 3462 661 ι
3500 609 3625 663 οῦτε
3671 613 3704 680 ή

2144 704 2310 774 Σοφία
2341 704 2576 773 λέγουσα
2597 720 2609 732 ⁸
2653 723 2671 755 ι
2709 703 2935 774 Πνεῦμα
2970 703 3180 774 Κυρίου
3213 702 3568 773 πεπλήρωκεν
3609 702 3708 773 τὴν

2143 795 2465 866 οἰκουμένην
2486 813 2498 824 ·
2549 796 2642 848 xui
2669 795 2728 848 τὸ
2766 795 2987 864 συνέχον
3016 793 3086 846 τὰ
3112 794 3288 847 πάντα
3308 835 3322 858 ,
3364 795 3563 862 γνῶσιν
3596 793 3706 863 ἔχει

2145 886 2347 954 φωνῆς.
2389 905 2409 938 ι
2460 885 2594 939 Οῦτε
2646 884 2751 956 μὴν
2787 885 3126 956 ἀτελέστεροι
3170 885 3448 938 Μοντανοῦ
3492 887 3541 938 oi
3574 885 3706 938 ἀπό-

2145 978 2320 1030 στολοι
2346 978 2438 1030 καὶ
2466 979 2513 1030 οἱ
2538 977 2642 1048 πρὸ
2666 975 2845 1030 αὐτῶν
2901 977 3045 1044 ἆγιοι
3067 975 3359 1046 ἐτύγχανον
3382 976 3552 1040 ὄντες.
3588 977 3707 1030 Ἐπ-

2151 1068 2319 1138 εφάνη
2355 1067 2411 1120 δέ
2443 1070 2509 1138 τῇ
2543 1069 2911 1138 Πεντηκοστῇ,
2943 1067 3069 1121 ἔνθα
3091 1069 3186 1120 xui.
3226 1067 3324 1138 ήδη
3357 1063 3425 1138 ἦν
3451 1068 3513 1120 τὸ
3531 1069 3706 1122 πάντα

2144 1158 2367 1227 συνέχον
2402 1158 2558 1225 ἆγιον
2585 1157 2830 1227 Πνεῦμα,
2867 1159 2960 1212 καὶ
3007 1157 3196 1228 ἐδέχθη
3221 1197 3236 1220 ,
3271 1157 3346 1222 ὡς
3397 1157 3609 1227 ἔχουσιν
3650 1160 3704 1211 ui

2142 1247 2374 1318 Πράξεις
2393 1248 2563 1310 οὕτως
2584 1265 2597 1278 ·
2633 1265 2651 1298 ι
2694 1247 3050 1311 Ἀκούσαντες
3070 1248 3125 1300 δὲ
3147 1249 3195 1300 oi
3225 1249 3282 1299 ἐν
3320 1247 3707 1318 Ἱεροσολύμοις

2141 1338 2447 1397 ἀπόστολοι.
2479 1339 2558 1392 ὅτι
2599 1339 2843 1392 δέδεκται
2880 1339 3224 1409 ήΣαμάρεια
3271 1339 3360 1392 τὸν
3413 1338 3567 1406 λόγον
3614 1339 3706 1391 τοῦ

2141 1429 2297 1495 Θεοῦ,
2328 1430 2650 1483 ἀπέστειλαν
2672 1430 2806 1500 πρὸς
2827 1431 3022 1493 αὐτοὺς
3051 1431 3140 1482 τὸν
3165 1431 3368 1501 Πέτρον
3392 1431 3492 1483 xui
3530 1429 3708 1483 Ἰωάν-

2141 1541 2237 1593 νην
2258 1541 2270 1554 ·
2306 1523 2499 1585 οἵτινες
2538 1521 2872 1585 καταϐάντες
2893 1561 2906 1584 ,
2942 1521 3316 1593 προσηῦξαντο
3351 1523 3477 1592 περὶ
3507 1522 3704 1585 αὐτῶν,

2145 1613 2292 1674 ὅπως
2333 1611 2571 1664 λάϐωσιν
2613 1609 2836 1680 Πνεῦμα
2882 1610 3068 1678 ἅγιον·
3114 1609 3324 1662 οὐδέπω
3365 1609 3471 1679 γὰρ
3506 1605 3574 1678 ἦν
3621 1609 3706 1660 ἐπ’

2139 1703 2313 1756 οὐδενὶ
2337 1703 2516 1756 αὐτῶν
2550 1702 2933 1765 ἐπιπεπτωκός
2953 1720 2964 1732 ·
3006 1701 3165 1772 μόνον
3193 1701 3248 1754 δὲ
3287 1699 3705 1770 βεϐαπτισμένοι

2142 1796 2383 1866 ὑπῆρχον
2409 1797 2488 1858 είς
2524 1795 2584 1847 τὸ
2609 1794 2779 1864 ὄνομα
2815 1793 2908 1846 τοῦ
2939 1794 3144 1864 Κυρίου
3174 1792 3329 1863 ήμῶν
3359 1790 3543 1862 Ἰησοῦ
3573 1792 3709 1860 Χρι-

474 1881 703 1949 cepisset
759 1879 1003 1934 Samaria
1065 1881 1286 1933 verbum
1346 1877 1463 1939 Dei.
1509 1877 1774 1930 miserunt
1827 1878 1891 1930 ad
1945 1891 2037 1930 eos

2147 1886 2291 1940 στοῦ.
2341 1886 2472 1938 Τότε
2506 1885 2823 1938 ἐπετίθεσαν
2869 1883 2968 1948 τὰς
3009 1886 3196 1954 χεῖρας
3225 1884 3310 1935 ἐπ’
3357 1882 3581 1944 αὐτοὺς,
3612 1880 3707 1932 xui.

474 1971 693 2026 Petrum
728 1983 781 2026 et
810 1972 1103 2035 Joannem,
1148 1971 1243 2040 qui
1301 1968 1690 2023 descendentes
1746 1979 2042 2022 oraverunt

473 2077 574 2132 pro
622 2064 752 2132 ipsis
777 2101 792 2126 ,
847 2072 904 2117 ut
937 2061 1240 2131 acciperent
1271 2059 1532 2127 Spiritum
1571 2068 1819 2113 sanctum
1863 2077 1875 2112 :
1907 2073 2044 2113 non-

474 2157 601 2208 dum
652 2155 795 2208 enim
831 2153 885 2207 in
920 2166 1242 2221 quemquam
1280 2151 1492 2204 illorum
1535 2159 1791 2214 venerat;
1820 2149 1912 2203 sed
1949 2151 2040 2202 ba-

473 2247 658 2317 plilali
688 2255 894 2299 tantum
917 2253 1072 2298 erant
1100 2246 1153 2298 in
1185 2244 1403 2297 nomine
1447 2242 1656 2295 Domini
1700 2243 1867 2296 nostri
1915 2241 2041 2297 Jesu

473 2337 697 2391 Christi.
727 2335 878 2390 Tunc
907 2335 1251 2404 imponebant
1281 2349 1473 2388 manus
1506 2348 1667 2399 super
1693 2348 1786 2386 eos
1811 2374 1824 2395 ,
1861 2343 1914 2387 et
1945 2349 2036 2388 ac-

475 2425 745 2495 cipiebant
774 2423 1033 2494 Spiritum
1066 2433 1329 2478 sanctum.
1376 2441 1393 2473 ι
1425 2423 1489 2475 Et
1527 2423 1665 2476 sicut
1700 2420 1867 2474 Filius
1895 2437 2036 2475 sem-

2147 1975 2448 2046 ἐλάμϐανον
2493 1975 2718 2044 Πνεῦμα
2760 1976 2932 2042 ἆγιον.
2971 1993 2990 2026 ι
3044 1975 3154 2027 Καὶ
3193 1973 3251 2026 ὃν
3292 1973 3489 2043 τρόπον
3517 1973 3545 2023 ὁ
3579 1970 3709 2034 Υἱὸς

2142 2066 2228 2119 ἀεὶ
2257 2067 2353 2136 μὲν
2382 2065 2656 2136 πανταχοῦ
2680 2067 2881 2136 παρῆν,
2907 2067 3054 2136 ὅμως
3071 2065 3127 2118 δὲ
3160 2065 3296 2136 μετὰ
3314 2065 3412 2135 τὴν
3442 2067 3497 2116 ἐν
3518 2068 3708 2132 κόσμῳ

2144 2156 2436 2226 ἐπιδημίαν
2473 2156 2696 2218 τελείως
2737 2155 3050 2227 ἐπεγνώσθη
3094 2156 3188 2208 xui
3234 2153 3520 2222 ἐδοξάσθη·
3566 2153 3708 2205 οὕτω

2143 2245 2235 2298 xui
2263 2242 2322 2295 τὸ
2353 2244 2507 2312 ᾶγιον
2540 2243 2764 2314 Πνεῦμα
2820 2243 2908 2298 ἀεὶ
2952 2243 3048 2313 μὲν
3113 2243 3291 2298 πάντα
3335 2241 3568 2311 ἐπλήρου
3615 2243 3710 2294 καὶ

2145 2335 2408 2403 συνεῖχεν,
2439 2333 2578 2404 μετὰ
2606 2335 2660 2386 δὲ
2690 2335 2788 2403 τὴν
2817 2335 2873 2385 ἐν
2898 2337 2962 2405 τῇ
2993 2334 3336 2403 Πεντηκοστῇ
3366 2333 3707 2402 ἐπιφοίτησιν

2141 2422 2304 2476 αὑτοῦ
2331 2422 2662 2494 τελειότερον
2686 2422 3002 2494 ἐπεγνώσθη
3040 2426 3132 2476 καὶ
3158 2424 3434 2496 ἐδοξάσθη.

475 2516 1007 2586 perquidemubiqne
1033 2525 1170 2582 erat,
1197 2526 1478 2584 postquam
1501 2525 1678 2568 tamen
1740 2516 1791 2569 in
1848 2516 2101 2568 mundum
2139 2519 2304 2583 venit,
2359 2517 2894 2588 perfectecoguitus
2943 2518 3044 2573 iuit
3103 2530 3157 2573 et
3203 2520 3573 2589 gloriﬁcatns;
3628 2519 3708 2574 sic

473 2610 638 2663 etiam
711 2607 942 2678 Spiritus
1021 2618 1241 2663 sanctus
1305 2622 1517 2676 semper
1555 2608 1770 2676 quidem
1836 2608 2019 2662 omnia
2069 2609 2322 2678 implebat
2391 2620 2444 2665 et
2515 2612 2856 2673 continebat,
2904 2613 2997 2664 sed
3047 2624 3166 2680 post
3219 2610 3384 2682 448
3434 2627 3589 2665 suum
3653 2613 3706 2666 in

474 2699 791 2755 Pentecoste
835 2703 1116 2754 adventum
1181 2699 1469 2769 perfectius
1511 2700 1758 2768 cognitus
1804 2698 1906 2752 fuit
1953 2706 2009 2753 et
2047 2700 2402 2770 gloriﬁcatus.

543 2790 607 2845 ΙΙΙ
640 2789 822 2846 Tertio
850 2794 1137 2846 ostendere
1181 2795 1422 2845 nituntur
1447 2804 1501 2844 et
1544 2791 1850 2845 Montanum
1882 2792 2052 2861 perfe-

473 2885 709 2938 ctionem
740 2884 1000 2937 Paracleti
1034 2883 1315 2946 habuisse,
1341 2893 1396 2936 et
1437 2880 1732 2936 Priscillam
1768 2898 1830 2936 ac
1879 2882 2044 2936 Maxio

477 2975 675 3029 minam
742 2975 1108 3045 prophetissas
1165 2972 1467 3043 (51)........
1526 2975 1860 3044 scripserunt
1902 2974 2052 3029 Mon-

476 3077 620 3120 tano.
649 3065 834 3135 Itaque
872 3067 1121 3136 inquiunt
1153 3086 1166 3122 :
1203 3067 1311 3121 Vos
1339 3083 1442 3120 non
1487 3067 1730 3131 creditis,
1772 3077 1892 3136 post
1930 3069 2040 3137 pri-

476 3171 619 3210 mam
677 3155 890 3210 Domini
948 3156 1435 3210 manifestationem
1496 3155 1632 3210 ullos
1660 3171 1779 3210 esse
1819 3158 2048 3226 prophe-

474 3257 560 3302 tas
583 3247 696 3319 (59)
723 3267 738 3304 :
783 3258 839 3302 at
865 3263 992 3303 vero
1023 3247 1291 3310 Salvator,
1325 3247 1594 3316 inquiunt,
1624 3247 1796 3301 dixit:
1835 3265 1854 3298 ι
1905 3248 2042 3302 Ecce

474 3340 592 3413 (55)
647 3355 746 3410 ego
797 3342 951 3394 mitto
988 3340 1054 3393 ad
1089 3355 1184 3393 vos
1214 3339 1520 3407 prophetas,
1551 3348 1605 3392 et
1643 3338 1935 3406 sapientes,
1989 3347 2046 3392 et

475 3434 685 3487 scribas
706 3471 722 3496 ,
779 3441 835 3486 et
886 3447 952 3486 ex
985 3433 1064 3486 eis
1097 3430 1387 3492 occidetis,
1413 3439 1466 3482 et
1511 3429 1838 3496 cruciﬁgetis
1872 3429 1922 3482 in
1957 3444 2047 3499 sy-

479 3524 701 3593 nagogis
739 3525 953 3577 vestris.
998 3541 1017 3575 ι
1060 3523 1256 3576 Verum
1307 3537 1409 3574 non
1461 3521 1535 3573 ita
1567 3520 2043 3589 haacintelligenda

474 3622 632 3678 sunt,
689 3622 751 3667 ut
801 3613 901 3682 ipsi
958 3619 1150 3682 putant
1183 3631 1196 3666 :
1226 3613 1320 3665 sed
1371 3613 1435 3665 de
1485 3609 1741 3678 apostolis
1806 3610 2047 3678 loquitur

474 3703 747 3769 Christus,
800 3705 892 3773 qui
924 3704 1087 3757 multa
1121 3713 1177 3757 et
1203 3702 1271 3756 de
1311 3702 1617 3756 novissimis
1665 3702 1993 3771 temporibus
2021 3743 2036 3768 ,

476 3804 534 3851 et
587 3797 654 3852 de
703 3811 866 3865 regno
910 3795 1169 3851 caelorum
1225 3794 1404 3849 futura
1467 3795 1898 3864 pranuntiarunt
1931 3813 1944 3848 :
1974 3811 2041 3850 ex

476 3903 707 3957 quorum
735 3889 897 3944 etiam
930 3903 1154 3942 numero
1190 3887 1426 3941 nonnulli
1467 3887 1631 3942 occisi
1656 3896 1780 3940 sunt
1808 3897 1865 3940 ut
1908 3885 2030 3942 Stc-

477 3982 687 4050 plianus
730 3991 784 4036 et
825 3979 1076 4048 Iacobus,
1140 3981 1378 4036 nonnulli
1427 3982 1667 4035 cruciﬁxi
1719 3991 1775 4035 ut
1827 3981 2035 4046 Petrus,

477 4072 720 4127 nonnulli
759 4072 1008 4143 ﬂagellati
1039 4082 1100 4127 ut
1124 4072 1344 4127 Paulus.
1366 4072 1616 4128 Fortasse
1649 4073 1759 4143 (54)
1796 4089 1923 4128 vero
1957 4089 2048 4128 sa-

474 4163 716 4234 pientum
768 4165 983 4219 nomine
1027 4173 1294 4236 martyres
1322 4173 1373 4219 et
1403 4163 1925 4234 episcopomartyrcs
1963 4166 2051 4219 de-

473 4254 728 4325 signavit.
764 4255 1120 4326 Prophetidas
1150 4264 1331 4310 autem
1385 4255 1533 4309 novit
1604 4253 1881 4323 Scriptura
1919 4270 2052 4324 qua-

477 4356 601 4400 tuor
647 4343 883 4416 Philippi
941 4345 1100 4414 tllias,
1139 4345 1408 4401 Deboram
1438 4385 1454 4409 ,
1515 4343 1739 4398 Mariam
1804 4359 2044 4400 sororem

475 4438 730 4503 Aaronis,
781 4448 839 4493 et
867 4437 1155 4508 Deiparam
1195 4436 1418 4491 Mariam
1458 4433 1572 4507 (55)
1605 4451 1723 4504 quae
1775 4435 1930 4502 dixit,
1995 4446 2052 4490 ut

2215 2794 2289 2848 I".
2341 2794 2534 2864 Τρίτον
2587 2796 2668 2848 ὅτι
2718 2794 3214 2858 κατασκευάζοντες
3267 2792 3466 2858 δεῖξαι,
3511 2793 3602 2846 τόν
3649 2809 3709 2845 τε

2144 2885 2419 2938 Μοντανὺν
2469 2885 2759 2956 ἐσχηκέναι
2810 2887 2870 2939 τὸ
2918 2886 3120 2938 τέλειον
3173 2884 3265 2937 τοῦ
3315 2883 3705 2954 Παρακλήτου,

2143 2975 2243 3046 τήν
2270 2991 2331 3028 τε
2368 2975 2698 3046 Πρισκίλλαν
2729 2977 2822 3028 xui.
2867 2975 3212 3046 Μαξιμίλλαν
3246 2974 3600 3045 προφήτιδας.
3639 3013 3655 3026 .
3691 3011 3708 3025 .

2149 3105 2164 3119 .
2203 3105 2214 3118 .
2255 3107 2270 3122 .
2310 3103 2327 3120 .
2379 3109 2392 3121 .
2436 3107 2450 3120 .
2497 3105 2511 3120 .
2553 3107 2567 3122 .
2614 3067 2858 3137 ἔγραψαν
2905 3067 3186 3139 Μοντανῷ.
3261 3067 3525 3135 Λέγουσιν
3556 3107 3570 3129 ,
3628 3066 3710 3118 ὅτι

2149 3160 2304 3229 ὑμεῖς
2331 3159 2460 3230 [220
2509 3159 2564 3232 α]
2604 3161 2665 3212 οῦ
2695 3161 2979 3214 πιστεύετε
3025 3161 3162 3231 μετὰ
3192 3160 3289 3230 τὴν
3329 3157 3549 3230 πρώτην
3589 3159 3709 3210 ἐπι-

2153 3252 2380 3319 φάνειαν
2439 3251 2534 3304 τοῦ
2569 3253 2838 3305 Δεσπότου
2885 3250 3023 3305 εἶναι
3060 3254 3340 3320 προᾳήτας
3369 3267 3381 3279 ·
3419 3245 3570 3302 εἶπεν
3615 3249 3669 3301 δὲ
3692 3290 3708 3314 ,

2147 3341 2330 3411 φησὶν,
2362 3342 2391 3394 ό
2425 3342 2648 3412 Σωτήρ·
2686 3361 2705 3394 ι
2755 3343 2886 3396 Ἰδοὺ
2918 3342 3029 3411 ἐγὼ
3057 3341 3367 3396 ἀποστέλλω
3411 3341 3544 3412 πρὸς
3573 3341 3712 3410 ὑμᾶς

2145 3431 2459 3501 προφήτας,
2488 3431 2582 3483 xui.
2611 3433 2830 3501 σοφοὺς,
2871 3433 2965 3485 xui.
3008 3433 3355 3502 γραμματεῖς
3373 3447 3384 3458 ·
3419 3429 3510 3482 καὶ
3534 3427 3593 3492 ἐξ
3618 3429 3715 3482 αῦ-

2146 3521 2251 3574 τῶν
2299 3523 2682 3585 ἀποκτενεῖτε,
2717 3525 2812 3576 xui.
2857 3522 3235 3593 σταυρώσετε,
3285 3522 3379 3575 καὶ
3427 3521 3487 3587 ἐξ
3536 3519 3714 3573 αὐτῶν

2150 3613 2526 3684 μαστιγώσετε
2561 3617 2618 3667 ἐν
2645 3617 2765 3678 ταῖς
2795 3618 3135 3684 συναγωγαῖς
3163 3613 3336 3686 ὑμῶν.
3377 3632 3395 3664 ι
3446 3613 3608 3680 Λέγει
3631 3611 3714 3676 δὲ,

2146 3707 2244 3777 οὐχ
2296 3707 2372 3769 ὼς
2415 3708 2610 3760 ἐκεῖνοι
2656 3708 2990 3778 νομίζουσιν,
3043 3707 3180 3762 ἀλλὰ
3226 3707 3351 3770 τοὺς
3387 3705 3716 3766 ἀποστόλους

2148 3799 2507 3870 προειπόντας
2547 3800 2718 3853 πολλὰ
2744 3801 2852 3853 τῶν
2888 3800 3187 3870 μελλόντων
3218 3799 3311 3852 xui.
3337 3799 3446 3851 τῶν
3471 3797 3714 3868 ἐσχάτων

2148 3889 2373 3960 καιρῶν,
2407 3889 2624 3960 καὶτῆς
2660 3892 2718 3941 ἐν
2763 3890 3014 3960 οὐρανοῖς
3047 3888 3323 3959 βασιλείας
3347 3903 3359 3917 ·
3401 3886 3460 3951 ἐξ
3497 3880 3572 3939 ὧν
3620 3885 3717 3938 καὶ

2149 3977 2585 4048 ἀπεκτάνθησαν,
2647 3977 2722 4040 ὡς
2781 3979 3051 4046 Στέφανος
3107 3977 3201 4030 xui.
3277 3976 3561 4038 Ἰάκωϐος·
3618 3974 3716 4026 xui.

2149 4066 2594 4138 ἐσταυρώθησαν,
2623 4067 2697 4130 ὡς
2737 4068 2972 4138 Πέτρος·
3009 4067 3100 4120 xui
3137 4064 3606 4136 ἐμαστιγώθησαν,
3639 4063 3716 4127 ὡς

2151 4159 2384 4224 Παῦλος.
2422 4159 2572 4212 Ἐσθ’
2616 4161 2705 4212 ὅτε
2747 4159 2802 4211 δὲ
2835 4156 2984 4211 εἶπεν
3025 4159 3117 4212 xui.
3154 4160 3278 4223 τοὺς
3317 4158 3593 4228 μάρτυρας
3621 4155 3717 4207 xui.

2148 4254 2274 4316 τοὺς
2304 4254 2499 4322 σοφοὺς
2526 4252 3098 4323 ἐπισκοπομὰρτυρας.
3133 4250 3471 4322 Προφήτιδας
3498 4249 3552 4300 δὲ
3579 4244 3716 4300 οἶδεν

2149 4346 2181 4415 ἡ
2229 4345 2418 4415 Γραφὴ
2462 4343 2560 4407 τὰς
2600 4343 2865 4396 Φιλίππου
2916 4345 3187 4414 τέσσαρας
3241 4341 3562 4410 θυγατέρας,
3615 4339 3716 4410 τὴν

2150 4437 2444 4509 Δεϐόρῤαν,
2470 4438 2704 4508 Μαριὰμ
2721 4437 2819 4508 τὴν
2843 4437 3075 4506 ἀδελφὴν
3112 4433 3340 4505 Ἀαρὼν,
3358 4434 3451 4487 καὶ
3472 4434 3568 4503 τὴν
3591 4433 3722 4485 Θεο-

478 4531 656 4600 inquit
705 4530 1050 4599 Evangelium
1085 4548 1098 4585 :
1142 4547 1160 4581 ι
1201 4528 1281 4583 Ex
1335 4529 1439 4584 hoc
1479 4527 1593 4601 (56)
1632 4538 1872 4598 tempore
1924 4530 2043 4582 bea-

2151 4530 2307 4582 τόκον
2342 4528 2574 4599 Μαριὰμ
2599 4569 2613 4593 ,
2646 4528 2906 4581 εἰποῦσαν
2927 4569 2941 4591 ,
2973 4529 3047 4591 ὡς
3087 4527 3148 4579 τὸ
3177 4526 3504 4596 Εὐαγγέλιον
3536 4521 3718 4577 εἶπεν·

481 4630 589 4676 tam
629 4636 714 4677 me
748 4624 927 4677 dicent
963 4637 1149 4677 omnes
1177 4621 1431 4676 mulieres
1479 4622 1592 4693 (57)
1634 4631 1690 4675 et
1748 4622 2051 4691 generatio-

481 4724 580 4766 nes
624 4727 639 4764 :
689 4729 708 4763 ι
770 4713 939 4767 libros
968 4728 1097 4768 vero
1135 4713 1204 4767 ab
1239 4713 1305 4767 iis
1337 4713 1710 4780 conscriptos,
1763 4721 1818 4766 et
1867 4726 2053 4766 earum

481 4802 790 4856 nominibus
817 4804 1105 4872 inscriptos
1134 4819 1240 4857 non
1272 4805 1421 4857 novit
1462 4821 1476 4858 :
1515 4804 1642 4871 quin
1679 4803 1840 4856 etiam
1875 4804 1924 4855 id
1961 4816 2051 4854 ve-

483 4889 586 4943 tuit
621 4890 910 4960 Apostolus
975 4893 1027 4945 in
1086 4892 1260 4961 prima
1307 4892 1373 4945 ad
1416 4892 1759 4945 Timotheum
1819 4891 2054 4959 Epistola

482 4980 722 5035 scribens
751 4999 765 5036 :
807 4999 826 5033 ι
864 4980 1174 5038 Mulieribus
1204 4982 1316 5054 (58)
1341 4982 1537 5039 docere
1569 4997 1672 5036 non
1709 4984 1998 5052 permitto;
2032 5000 2050 5032 ›

553 5160 666 5229 (26)
696 5161 952 5230 Accipite.
980 5163 1135 5218 Joan.
1168 5181 1260 5228 xx,
1290 5163 1382 5220 29..

555 5232 666 5303 (Ξῖ)
706 5232 879 5296 Apud.
907 5233 1062 5291 Joan.
1099 5250 1210 5295 le,
1243 5235 1329 5288 17.

556 5301 667 5367 (28)
705 5303 789 5355 An
820 5305 1044 5358 nescitis.
1080 5303 1100 5356 l
1131 5304 1255 5358 Cor.
1285 5320 1365 5367 Ill,
1401 5303 1485 5360 16.

554 5373 668 5440 (29)
711 5371 960 5440 Spiritus.
999 5372 1125 5441 Sap.
1161 5389 1201 5436 ι,
1237 5374 1290 5426 7.

555 5442 669 5513 (50)
711 5443 1006 5513 ᾼιιάὶεηιεε.
1041 5444 1160 5496 Act.
1189 5458 1306 5508 vttt,
1337 5441 1524 5497 14-17.

556 5509 669 5581 (51)
711 5509 1096 5577 Prophetissas.
1133 5513 1332 5566 Desunt
1363 5514 1449 5566 hic
1495 5513 1601 5567 duo
1632 5518 1723 5565 aut
1758 5510 1858 5564 tria
1889 5511 2050 5566 verba

485 5581 539 5636 in
578 5582 782 5650 codice,
814 5583 954 5650 quod
994 5582 1186 5635 littera:
1215 5583 1554 5635 evanuerint.

555 5651 688 5721 (52)_
705 5647 845 5704 Esse
859 5653 1157 5720 praphetas.
1186 5650 1331 5720 Lege
1359 5665 1478 5721 quae
1502 5647 1846 5721 doctissimus
1877 5649 2056 5704 cardi-

487 5717 627 5792 naiis
647 5717 838 5792 Ursius
866 5717 1082 5792 scripsit
1109 5721 1174 5776 de
1207 5717 1307 5775 hac
1329 5719 2052 5792 Moutanistar_um_doctrina

489 5789 543 5861 in
570 5808 626 5861 __t
667 5788 1052 5861 Dissertatio'ne
1099 5791 1432 5861 apologetica
1480 5806 1580 5859 pro
1627 5789 1729 5848 SS.
1773 5788 2054 5858 Perpetua:

490 5858 806 5929 Felicitatis.
836 5871 945 5919 etc.
981 5858 1313 5922 Orthodoxia
1337 5881 1356 5916 υ
1390 5858 1510 5934 cap.
1542 5861 1597 5918 2.

2154 4640 2173 4674 ‹
2217 4620 2348 4673 Ἀπὸ
2377 4621 2468 4673 τοῦ
2512 4619 2606 4673 νῦν
2651 4619 3011 4690 μακαριοῦσίν
3062 4636 3129 4689 με
3176 4619 3346 4671 πᾶσαι
3377 4618 3429 4670 αἱ
3469 4617 3723 4685 γυναῖκες

2149 4713 2243 4766 xui.
2265 4713 2321 4764 αἱ
2348 4711 2552 4780 γενεαί·
2594 4730 2612 4763 ι
2659 4710 2875 4781 βίϐλους
2898 4710 2953 4762 δὲ
2985 4709 3340 4776 συνταγείσας
3375 4707 3434 4772 ἐξ
3459 4707 3724 4776 όνόματος

2151 4802 2329 4856 αὐτῶν
2357 4803 2456 4854 οὐκ
2488 4797 2626 4855 οἶδεν
2649 4819 2661 4831 ·
2696 4801 2830 4854 ἀλλὰ
2876 4799 2970 4853 xui.
3001 4799 3271 4853 ἐκώλυσεν
3300 4800 3328 4851 ό
3369 4797 3681 4860 Ἀπόστολος
3703 4837 3720 4861 ,

2152 4891 2404 4962 Τιμοθέῳ
2447 4891 2506 4944 τὸ
2555 4890 2770 4962 πρῶτον
2816 4891 3067 4961 γράψας·
3114 4907 3132 4939 ι
3175 4887 3424 4952 Γυναιξὶν
3450 4887 3720 4940 διδάσκειν

2153 4984 2253 5036 οῦκ
2297 4983 2596 5053 ἐπιτρέπω·
2639 5003 2656 5034 ι
2711 4984 2805 5036 xui.
2845 4982 3003 5036 πάλιν
3035 4985 3092 5034 ἐν
3125 4983 3192 5052 τῇ
3232 4980 3369 5051 πρὸς
3408 4977 3725 5048 Κορινθίους

2231 5164 2341 5234 (55)
2385 5164 2534 5234 Ecce.
2569 5164 2758 5234 Matth.
2785 5179 2978 5228 mitti,
3001 5164 3088 5218 54.

2231 5229 2342 5305 (54)
2387 5233 2653 5305 Fortasse.
2705 5233 2892 5289 Graeca
2938 5234 3028 5288 hic
3070 5233 3294 5305 obsc_u_r_a
3343 5239 3493 5305 sunt1
3501 5229 3624 5305 Ego
3646 5229 3725 5283 sic

2161 5297 2429 5360 transtuli.
2476 5307 2627 5372 quasi
2676 5307 2934 5373 scriptum
2980 5302 3418 5371 οεεοιεΜὴποτε
3469 5299 3524 5353 δέ
3572 5297 3724 5373 εἶπεν

2161 5376 2356 5441 σοφοὺς
2398 5370 2507 5426 καῖ
2538 5376 2665 5437 τοὺς
2705 5370 2984 5444 μάρτυρας
3028 5374 3123 5426 καὶ
3162 5370 3286 5434 τοὺς
3321 5370 3727 5439 ἐπισκοπομάρ-

2159 5459 2344 5504 τυρας.

2383 5511 2636 5568 Mariam.
2671 5512 3028 5583 Hieronymus
3061 5526 3180 5579 pag.
3216 5511 3339 5573 H7,
3371 5519 3501 5565 tom.
3539 5507 3604 5562 IV
3633 5507 3720 5564 ed.

2161 5579 2490 5652 Veronensis
2517 5587 2702 5647 eodem
2737 5579 2891 5651 plane
2913 5583 3085 5652 modo
3112 5583 3368 5652 loquitur.

2233 5651 2344 5721 (56)
2373 5651 2601 5706 Ετνιοε.
2635 5650 2764 5706 Luc.
2796 5669 2835 5716 ι,
2866 5650 2955 5704 ιε.

2234 5721 2347 5790 (57)
2383 5722 2650 5782 Mulieres,
2679 5732 2747 5775 et.
2781 5721 2948 5790 Bililia
2992 5736 3097 5776 non
3128 5721 3338 5790 habent
3355 5720 3449 5774 bas
3476 5732 3650 5774 voces.

2237 5788 2724 5865 (58⁷),Μιιίίετίὸιιι
2759 5791 2804 5865 l__
2845 5789 2988 5865 Tim.
3047 5797 3148 5865 “,2
3172 5790 3259 5846 12.
3307 5788 3494 5848 Graeca
3537 5789 3719 5853 editio.

2164 5861 2404 5933 γυναικί,
2435 5863 2486 5919 id
2517 5873 2597 5920 est
2635 5881 2654 5916 ι
2681 5861 2910 5920 mulieri.
2933 5880 2952 5914 ›
