4034 6440
280 457 397 514 989
1391 456 1478 512 DE
1517 457 1889 514 TRlNlTATE
1922 458 2126 528 LIBER
2167 445 2488 518 TERTIUS.
3453 462 3572 522 996

279 572 502 647 πρώτῃ
552 573 872 644 Ἐπιστολῇο
919 591 939 624 ι
976 573 1135 626 Πᾶσα
1173 570 1311 644 γυνὴ
1354 574 1767 645 προσευχομένη
1806 575 1881 628 κα

2006 582 2062 627 et
2085 588 2276 628 rursus
2316 576 2367 628 in
2397 575 2570 644 prima
2599 574 2666 629 ad
2691 573 3040 631 Corinthios:
3074 594 3094 628 ι
3121 574 3306 637 Omnis
3327 574 3575 650 (59)mu-

278 663 743 735 προφητεύουσα
767 660 1203 732 ἀκατακαλύπτῳ
1225 664 1295 732 τῇ
1324 662 1558 734 κεφαλῇ,
1595 662 1881 732 καταισχύ·

2008 664 2110 719 lier
2129 680 2313 729 orans,
2343 677 2399 720 et
2424 666 2753 736 prophetans
2805 681 2910 721 non
2940 668 3119 722 velato
3143 669 3316 739 capite
3338 707 3355 733 ,
3383 672 3570 723 detur-

278 773 370 809 νει
401 754 518 823 τὴν
552 754 802 825 κεφαλήν
822 771 836 784 ·
867 772 886 804 ι
925 753 953 806 ὅ
982 755 1149 818 ἐστιν,
1177 750 1251 822 μὴ
1276 751 1476 817 ἐξεῖναι
1498 754 1718 822 γυναικὶ
1745 754 1881 806 ἀναί-

2002 763 2094 824 pat
2162 766 2325 824 caput
2357 774 2370 810 :
2408 774 2429 808 ι
2471 756 2617 825 quod
2654 756 2944 825 signiﬁcat,
2982 771 3088 812 non
3142 757 3306 812 licere
3351 759 3568 814 mulieri

278 846 387 915 δην
417 844 488 910 ἐξ
528 824 1132 914 οἰκείαςπροστάξεως
1164 842 1381 914 βίϐλους
1423 844 1761 916 συγγράφειν
1801 845 1881 898 καῖ

2001 860 2069 899 ex
2096 846 2309 914 propria
2332 824 2721 914 compositione
2743 845 2910 901 libros
2936 845 3166 902 lldenter
3193 824 3577 911 conscribere,

282 938 313 989 ὲ
372 975 389 989 .
420 974 441 990 .
475 973 494 990 .
542 977 559 990 .
602 977 618 991 .
651 974 667 990 .
701 976 716 988 .
756 977 769 990 .
810 975 825 991 .
859 974 874 991 .
920 936 1140 990 δάσκειν
1172 937 1266 990 καὶ
1298 937 1472 1007 τούτῳ
1520 938 1763 1008 ὑϐρίζειν
1797 938 1881 1010 rip

2001 947 2055 990 et
2102 938 2154 990 iu
2186 936 2424 991 Ecclesia
2457 936 2574 1009 (40)
2608 937 2825 1003 docere,
2850 949 3011 1007 atque
3053 940 3155 994 hac
3192 941 3399 994 ratione
3437 941 3572 1007 inju-

283 1027 429 1101 [220
477 1027 538 1101 ὑ]
587 1028 832 1099 κεφαλὴν
863 1068 879 1094 ,
926 1029 1070 1082 τοῦτ’
1122 1028 1269 1084 ἔστιν
1310 1029 1402 1083 τὸν
1452 1029 1655 1101 ἄνδρα·
1716 1048 1736 1081 ι
1782 1032 1881 1083 Κε-

1998 1028 2134 1083 riam
2166 1029 2324 1095 capiti
2356 1028 2576 1094 inferre,
2601 1029 2653 1083 id
2673 1039 2778 1095 est,
2805 1031 2921 1083 viro
2946 1048 2962 1085 :
2994 1048 3013 1082 ι
3040 1030 3214 1100 Caput
3242 1031 3353 1102 (41)
3375 1051 3392 1083 ι
3424 1033 3567 1087 enim

281 1121 442 1192 φαλὴ
477 1139 499 1173 ι
552 1121 671 1192 γὰρ
703 1139 723 1172 ι
760 1120 1036 1190 γυναικὸς,
1063 1123 1091 1174 ό
1123 1122 1299 1192 ἀνήρ·
1333 1121 1543 1192 κεφαλὴ
1582 1121 1639 1174 δὲ
1678 1122 1881 1193 ἀνδρὸς,

2004 1137 2024 1170 ι
2064 1118 2303 1172 mulieris
2329 1128 2412 1173 est
2443 1120 2525 1173 vir
2550 1137 2564 1174 :
2589 1130 2751 1190 caput
2805 1133 2986 1176 autem
3040 1122 3163 1186 viri,
3227 1123 3498 1180 Christus.
3539 1143 3562 1176 ι

279 1212 572 1282 Χριστός.
616 1231 634 1264 ι
663 1212 772 1265 Καὶ
806 1214 838 1282 ἠ
872 1212 1311 1280 κατασιγάζουσα
1341 1213 1441 1277 τὰς
1465 1216 1727 1281 γυναῖκας
1744 1213 1881 1265 αίτία

1997 1206 2167 1275 Quam
2211 1223 2341 1263 vero
2377 1208 2447 1263 ob
2486 1225 2702 1264 causam
2738 1210 2988 1265 mulieres
3021 1221 3198 1265 tacere
3247 1212 3566 1281 jubeantur,

283 1302 608 1374 πρόδηλος·
635 1302 822 1374 ἐπειδὴ
841 1304 875 1374 ἡ
895 1302 954 1368 ἐξ
978 1302 1153 1375 ἀρχῆς
1171 1303 1272 1373 τῆς
1293 1303 1549 1373 γυναικὸς
1576 1302 1881 1356 διδασκαλία

1997 1300 2341 1356 manifestum
2366 1312 2468 1355 est.
2504 1301 2765 1355 Nimirum
2806 1303 3055 1358 doctrina
3088 1303 3246 1358 initio
3275 1319 3305 1356 a
3342 1304 3567 1359 muliere

282 1391 351 1443 οὑ
369 1391 577 1454 καλῶς
599 1390 659 1443 τὸ
681 1390 857 1444 κοινὸν
873 1390 1067 1445 ἕϐλαϐε
1092 1391 1266 1459 γένος.
1300 1409 1320 1442 ‹
1357 1393 1413 1445 '0
1443 1411 1462 1442 ι
1488 1392 1597 1462 γὰρ
1625 1410 1644 1444 ι
1679 1390 1836 1461 ἀνὴρ,
1863 1409 1881 1442 ι

1993 1390 2237 1459 profecta
2261 1392 2514 1447 universo
2545 1393 2820 1446 hominum
2868 1395 3051 1463 generi
3105 1396 3286 1449 nocuit
3322 1395 3458 1466 (42).
3494 1392 3567 1451 Ut

280 1477 364 1543 ὡς
392 1480 621 1552 γράφει
651 1481 681 1532 ὁ
739 1479 1091 1545 Ἀπόστολος,
1147 1498 1166 1530 ι
1219 1481 1319 1533 οὑκ
1364 1478 1658 1550 ἠπατήθη,
1700 1479 1812 1531 ἀλλ’
1853 1480 1881 1549 ή

1994 1482 2136 1536 enim
2165 1483 2354 1536 scribit
2380 1483 2665 1551 Apostolus
2702 1482 2815 1554 (45)
2845 1524 2861 1549 ,
2901 1500 3005 1538 non
3036 1484 3121 1539 vir
3147 1487 3400 1554 deceptus
3428 1486 3564 1553 fuit,

281 1571 459 1640 γυνή.
504 1589 527 1621 ι
588 1569 751 1622 Ὥστε
797 1568 947 1640 παρά
991 1567 1198 1631 πάντας
1240 1568 1515 1631 Μοντανὺς
1561 1567 1683 1620 οὑδὲ
1713 1566 1881 1635 ἔγνω¹

1992 1576 2086 1628 sed
2131 1574 2345 1628 mulier.
2386 1574 2571 1645 Itaque
2603 1573 2860 1643 Spiritum
2907 1585 3155 1630 sanctum
3201 1577 3420 1632 minime
3449 1592 3565 1632 om-

279 1660 416 1713 οὐδὲ
468 1659 642 1731 ἔσχεν
688 1661 751 1714 τὸ
788 1661 941 1729 άγιον
994 1659 1241 1730 Πνεῦμα,
1287 1659 1446 1713 τοῦτο
1506 1659 1743 1730 οἰηθείςο
1793 1660 1881 1713 καὶ

1997 1664 2145 1719 nium
2169 1664 2695 1737 Wcoguovissc,
2744 1677 2840 1721 aut
2885 1668 3141 1723 habuisse
3167 1667 3426 1724 dicendus
3479 1679 3564 1725 est

280 1747 475 1804 ταῦτα
500 1788 520 1816 ,
595 1750 733 1820 μετά
806 1748 905 1821 τὴν
946 1750 1216 1821 ἀνάληψιν
1278 1749 1373 1803 τοῦ
1442 1749 1690 1820 Σωτῆρος
1713 1787 1729 1813 ,
1791 1749 1881 1802 καὶ

1995 1754 2303 1821 Montanus,
2339 1772 2462 1811 cum
2499 1758 2572 1811 ita
2604 1758 2873 1824 senserit,
2913 1773 2979 1813 ac
3035 1768 3250 1814 centum
3293 1761 3509 1828 quidem
3542 1799 3562 1828 ,

279 1840 391 1913 τὴν
451 1841 809 1911 ὲπιφοίτησιν
876 1840 970 1893 τοῦ
1018 1841 1172 1908 ἁγίου
1239 1839 1588 1911 Πνεύματος,
1641 1838 1802 1893 πλέον
1849 1839 1881 1903 ἢ

1995 1854 2160 1914 atque
2185 1861 2252 1901 eo
2277 1847 2507 1914 amplius
2534 1848 2691 1903 annis
2724 1856 2843 1918 post
2881 1849 3254 1903 ascensionem
3315 1847 3561 1904 Salvato-

288 1931 440 2003 μετὰ
467 1932 677 1985 ἑκατὸν
704 1931 797 2004 ἐτη
823 1932 1114 2003 γενόμενος
1143 1929 1342 2003 ἱερεὺς,
1375 1931 1591 2003 πρῶτον
1630 1930 1847 1984 είδώλου
1869 1971 1881 1996 ,

1987 1944 2087 2002 ris.
2145 1948 2200 1992 et
2253 1938 2491 2006 Spiritus
2534 1939 2706 1994 sancti
2751 1939 3061 2006 adventum,
3124 1938 3298 1995 factus
3327 1942 3557 2010 primum

283 2024 388 2077 καὶ
412 2022 573 2079 οὑτω
595 2024 693 2095 τὴν
724 2024 931 2096 τυφλὴν
959 2024 1161 2094 ταύτην
1188 2024 1626 2095 εἰσηγησάμενος
1647 2024 1880 2095 αἵρεσιν.

1985 2024 2091 2079 doli
2114 2024 2518 2096 sacerdos!(M),
2550 2036 2659 2080 tum
2702 2042 2856 2082 cteca:
2882 2026 3042 2096 hujus
3072 2027 3340 2083 haereseos
3370 2038 3561 2085 auctor

285 2116 563 2170 Τοσαῦτα
582 2117 717 2189 πρὸς
744 2118 844 2181 τὰς
861 2117 1027 2180 ἄλλας
1051 2117 1310 2189 αἱρέσεις,
1333 2117 1410 2180 ὡς
1432 2111 1543 2170 οἷόν
1570 2133 1651 2180 τε,
1677 2116 1886 2188 σωφρό-

289 2224 406 2270 νως
444 2206 864 2278 διαμαχόμεθα’
897 2206 1042 2261 ἔστιν
1082 2207 1140 2260 δέ
1167 2224 1251 2271 τις
1283 2208 1377 2261 καὶ
1406 2207 1540 2279 άλλη
1573 2209 1755 2279 γυμνὴ
1793 2225 1887 2260 κε-

287 2298 442 2370 φαλὴ
483 2301 559 2367 τῇ
596 2297 824 2369 ἀληθείᾳ
851 2297 1134 2370 μαχομένη
1155 2315 1171 2331 ο
1196 2298 1316 2352 οὑδὲ
1341 2298 1512 2371 αὑτὴν
1552 2301 1686 2370 ἡμῖν
1713 2315 1885 2353 κατα-

284 2390 558 2444 λειπτεον
593 2390 934 2459 ἀνέλεγκτον.

684 2660 694 2670 .
917 2611 1075 2665 ΚΕΦ.
1113 2611 1250 2665 MB'.

363 2706 511 2778 Περὶ
557 2704 667 2775 γάρ
717 2701 812 2757 τοῦ
856 2702 1172 2774 Μανιχαίων
1219 2702 1561 2775 ψυχοφθόρου
1617 2701 1887 2774 δόγματος

289 2798 526 2869 ἄμεινον
566 2797 664 2866 μὲν
702 2791 769 2867 ἦν
796 2796 1029 2867 σιωπᾷν,
1062 2795 1094 2866 ἢ
1123 2795 1351 2863 λέγοντα
1377 2793 1650 2848 δεικνύναι
1681 2793 1885 2864 πηλίκα

290 2893 373 2955 είς
402 2890 467 2944 τὸ
496 2890 641 2943 θεῖον
664 2887 918 2942 ἔπταισεν
945 2887 1231 2960 ἀνθρώπου
1260 2887 1421 2957 φύσις
1445 2928 1460 2951 ,
1491 2888 1584 2939 καὶ
1613 2887 1692 2949 εἰς
1716 2886 1885 2949 άκοάς

290 2983 508 3053 φέρειν,
569 2979 603 3033 ἃ
641 2978 752 3032 εἴθε
795 2979 926 3050 μηδὲ
975 2981 1170 3033 ὲκείνοι
1215 2978 1292 3050 τῷ
1340 2977 1486 3048 ἔργῳ
1530 2978 1882 3048 μετήρχοντο,

294 3074 434 3145 μηδὲ
480 3075 569 3133 εἰς
607 3073 775 3142 ἡμᾶς,
803 3070 871 3123 τὰ
898 3071 994 3138 μὲν
1035 3070 1235 3142 πείρᾳ,
1269 3068 1339 3122 τά
1365 3069 1408 3121 δ’
1439 3070 1576 3139 ἀκοῇ
1613 3067 1881 3138 ἐληλύθει.

290 3163 507 3237 Γράφει
541 3161 649 3233 γάρ
669 3177 683 3190 ·
726 3180 745 3212 ι
773 3160 859 3232 Μὴ
880 3160 1173 3232 ἀποκρίνου
1201 3160 1392 3230 ἄφρονι
1419 3159 1560 3212 κατά
1590 3158 1687 3229 τὴν
1714 3160 1884 3230 ἀφρο-

1983 2124 2040 2170 et
2078 2117 2286 2171 doctor.
2339 2117 2414 2171 lta
2443 2119 2704 2173 adversus
2728 2117 2863 2173 alias
2909 2118 3144 2173 haereses
3201 2121 3438 2175 modeste
3493 2135 3560 2175 ac

1984 2207 2279 2275 sapienter,
2322 2219 2383 2262 ut
2410 2222 2724 2277 possumus,
2783 2224 3101 2278 pugnamus.
3133 2209 3331 2265 Verum
3383 2220 3466 2265 est
3502 2221 3558 2265 et

1983 2297 2128 2352 aliud
2176 2299 2444 2369 quoddam
2481 2299 2684 2357 nudum
2717 2309 2909 2367 caput,
2935 2300 3076 2368 quod
3106 2300 3323 2354 veritati
3359 2300 3556 2355 bellum

1985 2398 2207 2454 movet;
2263 2406 2329 2445 ne
2366 2392 2471 2447 hoc
2505 2392 2718 2462 quidem
2773 2391 3207 2461 irreprebensum
3252 2392 3563 2462 relinquen-

1984 2481 2111 2536 dum
2145 2491 2227 2537 est
2255 2482 2390 2554 (45).

2592 2614 2744 2670 CAP.
2778 2614 2939 2670 XLII.

2056 2703 2188 2759 Nam
2215 2703 2283 2761 de
2313 2704 2731 2762 Manichaeorum
2772 2709 3021 2778 dogmate
3047 2705 3256 2759 animas
3307 2718 3558 2759 corrum-

1985 2811 2145 2870 peute
2186 2809 2367 2854 tacere
2414 2801 2627 2867 quidem
2675 2799 2845 2853 satius
2891 2806 3055 2862 esset,
3107 2812 3271 2865 quam
3332 2796 3558 2850 dicendo

1983 2890 2307 2954 ostendere,
2342 2902 2600 2959 quantum
2639 2890 2692 2943 in
2732 2889 3068 2943 divinitatem
3108 2886 3393 2953 deliquerit
3454 2887 3557 2939 hu-

1985 2996 2142 3034 mana
2197 2989 2405 3044 natura,
2426 2990 2477 3032 et
2508 2978 2595 3031 illa
2620 2978 2685 3032 ad
2719 2977 2995 3031 hominum
3050 2989 3209 3029 aures
3239 2973 3400 3037 ferre,
3437 2988 3558 3042 qua:

1986 3066 2188 3125 utiuani
2232 3087 2329 3125 nec
2383 3071 2466 3124 isti
2500 3084 2735 3139 unquam
2788 3068 2959 3135 reipsa
2991 3074 3415 3135 perpetrassent,
3454 3080 3553 3118 ne-

1983 3176 2088 3231 que
2118 3163 2312 3228 partim
2347 3159 2681 3227 experientia
2711 3157 2823 3228 (ιθ)
2843 3158 2998 3211 nobis
3031 3166 3305 3224 comperta
3339 3156 3554 3220 forent,

295 3256 464 3328 σύνην
494 3254 683 3309 αὑτοῦ.
711 3273 729 3306 ι
758 3255 873 3306 Ἶνα
891 3252 946 3305 δὲ
976 3254 1047 3323 μή
1070 3269 1175 3318 τις,
1200 3252 1233 3322 ἢ
1256 3252 1403 3305 ἄκων
1434 3250 1511 3321 τῷ
1540 3249 1694 3320 κακῷ
1728 3267 1881 3322 περι-

1983 3253 2175 3322 partim
2219 3266 2286 3304 ex
2319 3251 2506 3303 auditu
2553 3249 2618 3301 ad
2676 3262 2772 3302 nos
2828 3247 3220 3316 pervenissent.
3279 3243 3553 3315 Scriptum

296 3348 472 3422 πέσῃ,
506 3347 544 3418 ἢ
568 3346 812 3419 ὑπολάϐῃ
839 3345 992 3398 οἰστά
1015 3339 1151 3396 εἴναι
1173 3343 1242 3396 τὰ
1272 3344 1391 3396 κατ’
1418 3343 1636 3407 αὑτοὺς,
1668 3343 1878 3413 ἀνάγκη

293 3439 390 3491 τοῦ
416 3439 690 3509 δόγματος
718 3436 970 3489 τοσοῦτον
999 3434 1309 3505 ἐφάψασθαι
1335 3477 1349 3500 ,
1393 3436 1517 3489 ὅσον
1549 3435 1732 3488 ἱκανόν
1759 3437 1878 3488 ἐστι

294 3530 358 3583 τὸ
382 3529 653 3600 βλαϐερὸν
677 3527 770 3582 τοῦ
797 3529 1063 3598 δόγματος
1094 3527 1358 3596 γνωρίσαι
1390 3529 1503 3590 τοῖς
1532 3526 1879 3597 ἐντυγχάνειν

298 3621 424 3695 [221
462 3621 524 3693 α]
595 3620 895 3690 ὀφείλουσι·
938 3618 1174 3690 δηλαδὴ,
1218 3621 1282 3672 ὲκ
1322 3618 1430 3672 τῶν
1472 3618 1880 3690 λεχθησομένων

297 3712 664 3785 στοχάζεσθαι
748 3711 817 3766 τὰ
883 3711 1254 3782 σιωπώμενα,
1308 3712 1405 3766 καὶ
1479 3711 1694 3783 μακράν
1754 3712 1883 3781 φεύ-

295 3823 417 3875 γειν
464 3807 628 3879 τήνδε
672 3805 1118 3877 τῆςθρησκείας
1170 3804 1466 3870 ἀπώλειαν,
1508 3806 1602 3858 καὶ
1641 3805 1704 3859 τὸ
1751 3808 1881 3859 ποτὲ

297 3898 723 3962 συναυλίζεσθαι
746 3898 1007 3961 τοιούτοις
1045 3897 1248 3969 ταύτην
1292 3896 1724 3968 ἐπιτηδεύουσιν.
1770 3897 1881 3951 Καὶ

295 3989 408 4059 γὰρ
432 3988 531 4042 καὶ
557 3988 606 4040 οἱ
653 3988 826 4058 ἰατροὶ
856 3988 954 4059 τὴν
980 3987 1084 4040 τῶν
1126 3987 1468 4059 δηλητηρίων
1506 3989 1607 4041 οὑκ
1634 3988 1880 4042 ἀναίνον-

297 4093 388 4131 ται
417 4077 644 4148 γνῶσιν,
685 4079 784 4148 οὑχ
828 4079 915 4132 ἵνα
945 4096 1028 4143 τις
1057 4081 1352 4152 χρήσηται,
1395 4080 1510 4133 ἀλλ’
1539 4081 1688 4145 ὅπως
1725 4080 1881 4145 εἰδὼς

298 4169 438 4221 αὑτά
469 4167 638 4239 φύγῃ.
666 4168 837 4222 Τοῦτο
877 4170 1055 4224 τοίνυν
1098 4171 1158 4224 τὸ
1192 4172 1370 4242 δόγμα
1413 4171 1606 4243 ἔκροιά
1642 4174 1727 4237 τίς
1764 4176 1882 4227 ἐστι

299 4257 394 4311 τοῦ
425 4258 737 4326 ἐξελθόντος
782 4259 1045 4333 βορϐόρου
1079 4263 1190 4316 ἀπὸ
1231 4263 1473 4333 Σίμωνος
1493 4304 1507 4327 ,
1541 4263 1637 4317 τοῦ
1682 4266 1747 4318 ὲκ
1778 4266 1883 4319 Σα-

305 4351 541 4422 μαρείας
594 4350 806 4419 Μάγου,
863 4350 958 4404 τοῦ
1026 4352 1161 4423 μηδὲ
1214 4353 1306 4407 τὸν
1357 4353 1561 4424 κόσμον
1604 4354 1696 4407 τοῦ
1744 4356 1879 4409 Θεοῦ

302 4439 442 4496 εἶναι
469 4443 698 4514 ποίημα,
738 4442 853 4495 ἀλλ’
877 4442 1146 4511 ἀγγέλων,
1186 4443 1310 4513 μηδ’
1336 4443 1635 4499 ἀνάστασιν
1659 4445 1879 4500 ἔσεσθαι

302 4532 633 4600 διδάξαντος,
672 4536 765 4588 καὶ
792 4532 1082 4609 ἀδιάφορον
1103 4536 1338 4607 ὀφείλειν
1361 4532 1499 4590 εἶναι
1543 4539 1678 4609 πρὸς
1702 4538 1882 4603 πάσας

1987 3357 2068 3404 est
2097 3347 2238 3401 enim
2295 3362 2309 3398 :
2345 3363 2364 3395 ι
2405 3342 2483 3397 Ne
2520 3343 2842 3413 respondeas
2892 3340 3003 3412 (47)
3035 3339 3199 3393 stulto
3239 3338 3389 3406 juxta
3421 3337 3558 3391 stul-

1990 3440 2161 3494 titiam
2202 3438 2335 3508 ejus.
2370 3457 2388 3489 ι
2426 3435 2531 3490 Sed
2560 3450 2627 3489 ne
2653 3435 2775 3505 quis
2811 3443 2904 3487 aut
2935 3432 3247 3501 imprudens
3274 3432 3325 3484 in
3388 3431 3555 3484 hocce

1991 3531 2187 3584 malum
2216 3530 2429 3584 labatur
2450 3567 2465 3592 ,
2494 3535 2588 3581 aut
2615 3526 2917 3581 tolerabilia
2948 3539 3068 3580 esse
3095 3524 3402 3592 suspicetur
3430 3538 3551 3594 quae

1989 3623 2062 3677 illi
2105 3624 2298 3678 docent
2327 3662 2342 3688 ,
2395 3636 2615 3676 necesse
2657 3628 2740 3675 cst
2770 3617 3074 3689 hujusmodi
3113 3618 3305 3687 tingma
3341 3625 3551 3671 tantum

1989 3716 2254 3784 attingere
2305 3721 2564 3784 quantum
2619 3713 2751 3767 satis
2778 3721 2883 3776 est,
2921 3720 2980 3764 ut
3041 3710 3132 3780 qui
3195 3711 3311 3764 haec
3363 3707 3556 3764 lecturi

1988 3816 2135 3872 sunt,
2177 3806 2473 3876 intelligere
2527 3804 2777 3870 valeant,
2842 3818 3002 3873 quam
3074 3801 3435 3872 perniciosum
3486 3802 3557 3856 sit

1988 3911 2149 3969 atque
2176 3898 2488 3969 pestiferum
2521 3913 2536 3963 ;
2578 3906 2633 3952 et
2669 3910 2735 3951 ex
2778 3895 2844 3949 iis
2887 3909 3008 3963 qua:
3047 3894 3329 3958 dicemus,
3378 3893 3551 3960 conji-

1990 4007 2111 4047 cere
2166 4005 2286 4061 quze
2338 3989 2665 4051 tacebimus,
2715 3987 2977 4057 longeque
3026 3985 3095 4041 ab
3143 3986 3245 4039 hac
3296 3984 3559 4054 supersti-

1990 4083 2149 4139 tionis
2182 4082 2482 4153 perditione
2510 4078 2766 4149 effugere,
2799 4094 2862 4132 ac
2891 4092 3163 4147 nunquam
3202 4091 3324 4131 cum
3368 4076 3555 4143 hujus-

1988 4173 2133 4229 modi
2172 4172 2480 4228 hominibus
2524 4182 2630 4225 tam
2684 4170 2825 4224 foeda
2870 4171 3116 4223 instituta
3173 4168 3555 4238 proﬁtentibus

1985 4266 2219 4321 versari.
2250 4264 2383 4319 Nam
2416 4278 2484 4318 ne
2530 4262 2723 4317 tnedici
2751 4262 2969 4332 quidem
3003 4275 3333 4315 venenorum
3364 4258 3554 4328 cogni-

1988 4359 2188 4412 tionem
2235 4365 2509 4420 recusant,
2572 4370 2680 4409 non
2711 4362 2771 4409 ut
2799 4354 2880 4409 eis
2934 4356 3056 4423 quis
3107 4360 3313 4414 utatur,
3352 4352 3447 4405 sed
3495 4358 3555 4403 ut

1987 4449 2076 4504 illa
2094 4465 2321 4505 noscens
2333 4449 2522 4503 eadem
2551 4447 2747 4517 fugiat.
2776 4446 2887 4501 Hoc
2905 4460 3036 4515 ergo
3061 4443 3252 4512 dogma
3280 4442 3556 4497 emanatio

1986 4546 2230 4613 quaedam
2291 4551 2376 4597 est
2426 4540 2569 4597 illius
2605 4541 2720 4605 luti,
2759 4541 2900 4610 quod
2941 4553 2972 4592 e
3019 4536 3238 4591 Si'mone
3267 4534 3420 4605 Mago
3450 4532 3553 4587 Sa-

302 4624 403 4689 τάς
425 4628 688 4695 γυναῖκας
708 4626 809 4696 τὴν
836 4625 979 4696 μίξιν
1001 4627 1462 4699 εἰσηγησαμένου,
1492 4629 1584 4682 καὶ
1612 4632 1691 4695 είς
1716 4630 1876 4685 τοῦτο

1983 4635 2251 4689 maritano
2275 4635 2573 4688 derivatum
2616 4641 2731 4696 est,
2767 4631 2858 4701 qui
2907 4630 3161 4682 mundum
3194 4643 3298 4681 non
3331 4642 3359 4678 a
3392 4625 3501 4678 Deo
3534 4664 3550 4688 ,

308 4717 503 4785 μανίας
547 4715 855 4782 ἐλάσαντος,
893 4717 1034 4771 ὥστε
1081 4718 1142 4770 τὸ
1177 4718 1273 4771 τοῦ
1312 4720 1548 4790 Χριστοῦ
1589 4721 1745 4792 ἡμῶν
1783 4723 1879 4776 καὶ

309 4809 545 4876 μεγάλου
576 4808 711 4863 Θεοῦ
745 4809 915 4879 ὄνομα
951 4809 1211 4864 ὑποδῦναι
1238 4827 1251 4840 ’
1298 4810 1385 4863 διὰ
1414 4811 1590 4865 ταῦτά
1621 4830 1683 4865 τε
1706 4832 1879 4884 τιμω-

308 4899 430 4969 ρίαν
454 4900 689 4965 αἰωνίως
719 4900 1154 4967 άποτιννύοντος,
1184 4903 1278 4955 καὶ
1308 4904 1388 4966 εἰς
1414 4903 1505 4957 τὸν
1542 4904 1901 4978 πολυθρύλη-’

303 5004 394 5042 τον
417 4992 511 5045 καὶ
533 4990 744 5062 ζοφώδη
767 4992 1037 5063 τάρταρον
1058 4993 1280 5055 ἐνδίκως
1307 4993 1738 5064 κατενεχθέντος.
1767 4996 1878 5050 Καὶ

308 5080 491 5146 μέντοι
528 5084 623 5136 καὶ
657 5085 941 5157 προσθήκη
978 5085 1055 5157 τῷ
1087 5085 1318 5156 δόγματι
1346 5085 1569 5155 γέγονέν
1599 5104 1727 5142 ποτε
1764 5090 1878 5142 Με-

376 5258 488 5326 ('59)
529 5259 732 5314 Omnis.
769 5260 787 5314 1
821 5260 947 5315 Cor.
980 5277 1057 5327 ιι,
1093 5263 1146 5316 5.

309 5393 321 5406 ο
377 5328 487 5406 (40)
529 5328 596 5406 ln
654 5328 913 5406 Ecclesia.
962 5329 1475 5406 _Vacuum“codicis
1532 5331 1873 5387 intervallum

308 5398 500 5472 impleo
533 5401 736 5472 legens,
761 5402 826 5472 έν
859 5400 1124 5472 ἐκκλησίᾳ
1159 5398 1450 5472 διδάσκειν.

382 5470 493 5534 (All)
533 5466 723 5536 caput.
760 5469 831 5523 Ex
856 5472 871 5523 l
894 5466 1026 5524 Cor.
1053 5466 1129 5533 xi,
1160 5470 1215 5523 3.
1298 5520 1301 5523 .

402 5538 490 5610 42)
531 5536 751 5610 Nocuit.
791 5539 897 5610 Pro
925 5539 1085 5610 ἔλαϐε
1116 5541 1233 5610 lego
1257 5539 1488 5610 ﬁﬁlaﬁe.

402 5608 489 5675 45)
528 5608 829 5675 Apostolus.
865 5607 886 5661 l
942 5607 1082 5662 Tim.
1113 5607 1296 5671 ιιξη.

402 5614 467 5661 45
528 5614 829 5675 Apostolus.
866 5614 886 5661 ι
942 5614 1082 5662 Tim.
1113 5625 1175 5671 tt,
1209 5614 1296 5663 M.

399 5614 489 5747 44)
530 5676 809 5757 sacerdos.
844 5677 1152 5734 Montanum
1181 5678 1436 5757 Didymus
1463 5678 1588 5735 idoli
1619 5680 1877 5757 sacerdo-

309 5748 415 5817 tem
452 5745 631 5807 vocat,
667 5745 1025 5817 Hieronymus
1050 5764 1177 5803 vero
1203 5750 1255 5802 in
1281 5745 1440 5816 epist.
1470 5764 1585 5813 ιιι,
1619 5750 1688 5802 ad
1728 5748 1878 5803 Mar-

313 5812 493 5892 sellam
548 5833 567 5866 ι
595 5812 892 5892 abscissum
946 5825 1006 5892 _et
1060 5812 1445 5892 semivirum,»
1491 5819 1712 5892 Videtur
1747 5834 1876 5892 ergo

318 5882 473 5942 luisse
504 5884 754 5942 sacerdos
798 5884 1047 5958 Cybeles,
1099 5900 1217 5960 qua:
1260 5887 1315 5944 in
1359 5887 1588 5961 Phrygia
1633 5882 1869 5945 maxime

1981 4726 2075 4780 sed
2109 4723 2175 4777 ab
2191 4724 2394 4794 angelis
2414 4721 2612 4776 laetum
2645 4735 2764 4775 esse
2792 4719 2993 4783 docuit,
3024 4716 3545 4771 etresurrectionem

1974 4815 2211 4869 futuram
2255 4829 2379 4869 esse
2423 4813 2670 4880 negavit,
2709 4820 2766 4865 et
2803 4810 3166 4879 promiscuam
3214 4820 3338 4859 cum
3379 4802 3553 4857 omni-

1974 4908 2075 4962 bus
2124 4907 2436 4961 mulieribus
2470 4905 2776 4958 mistionem
2808 4915 2928 4955 esse
2969 4899 3168 4954 debere
3196 4894 3552 4966 praedicavit,

1972 5008 2133 5066 atque
2158 5010 2222 5049 eo
2248 4994 2444 5048 luroris
2477 4994 2658 5058 venit,
2691 5000 2751 5045 ut
2789 4989 2990 5045 Christi
3021 4986 3232 5053 nostri,
3271 4994 3325 5040 et
3369 4983 3554 5052 magni

1972 5087 2069 5142 Dei
2101 5101 2295 5142 nomen
2326 5085 2713 5154 usurpaverit;
2757 5089 2974 5152 propter
3014 5094 3133 5149 qua:
3166 5077 3554 5148 sempiternum

1984 5262 2279 5324 colebatur,
2309 5267 2363 5314 et
2390 5259 2655 5328 spadones
2684 5256 2915 5312 habebat
2942 5257 3273 5328 sacerdotes.

2056 5331 2169 5401 (45)
2215 5323 2633 5401 Relinquendum
2659 5338 2753 5383 est.
2785 5329 2990 5393 Codex,
3020 5323 3414 5397 καταληπτέον.
3446 5323 3553 5380 Le-

1984 5418 2051 5475 go
2065 5398 2495 5475 καταλειπτέον.

2054 5468 2564 5541 (lﬁjlﬂxperienlin.
2614 5467 2822 5541 Didymi
2874 5476 3117 5541 tempore
3170 5462 3550 5541 Egypti_dux

1979 5532 2080 5594 fuit
2112 5532 2464 5594 Sebastianus
2488 5532 2837 5601 Manichaeus,
2861 5538 2945 5591 cui
2976 5532 3188 5605 scripta:
3219 5532 3551 5605 su’utplures

1976 5609 2187 5663 Libauii
2213 5609 2472 5677 epistoln‘.
2504 5605 2700 5663 Multos
2728 5600 2856 5677 vero
2872 5600 3209 5677 Alexandriae
3225 5600 3550 5677 Manmltaros

1977 5691 2104 5734 tunc
2154 5669 2321 5734 fuisse
2368 5677 2561 5746 colligo
2606 5691 2672 5730 ex
2702 5674 3037 5746 WHiet-onymi
3084 5672 3311 5746 epistola
3354 5669 3425 5725 82
3474 5670 3546 5723 ad

1977 5748 2342 5817 TheOphilam,
2367 5758 2420 5799 et
2445 5740 2654 5817 ex'cap.
2693 5745 2762 5817 §4
2792 5740 3044 5799 Historia:
3076 5740 3382 5817 Lamiam.

2047 5811 2159 5889 (47)
2200 5816 2282 5873 Ne
2326 5811 2654 5886 respondeas.
2692 5814 2851 5874 Prov.
2885 5829 3036 5881 xxvi,
3061 5811 3116 5866 4.
