4034 6398
499 397 599 453 99l

1213 393 1457 451 DIDYMI
1486 393 1955 452 ALEXANDRINI
1992 393 2086 450 DE
2122 391 2495 449 TRINITATE
2531 391 2734 447 LIBER
2773 389 3098 448 TERTIUS.

3656 392 3768 448 99%

497 512 573 572 llli
597 500 915 587 supplicium
946 511 1203 569 iullictum
1220 521 1328 578 est,
1355 528 1418 568 ac
1443 515 1635 570 merito
1674 513 1729 568 in
1772 514 2080 570 tenebrico-

2184 513 2410 584 νάνδρου
2449 511 2544 564 καὶ
2575 510 2896 582 Σατορνίλου
2942 509 3053 564 τῶν
3083 507 3220 580 μετὰ
3257 507 3508 580 Σίμωνα,
3542 510 3683 565 κατὰ
3710 529 3764 566 τι

497 625 618 667 sum
659 606 1010 676 omniumque
1028 619 1280 662 sermone
1302 605 1645 661 notissimum
1666 613 1936 660 tartarum
1962 606 2078 676 (88)

497 699 710 756 delatus
737 693 972 750 l'uit.Sed
1000 695 1426 750 additamentum
1447 696 1612 749 etiam
1635 694 1871 763 dogmati
1893 705 2081 763 postea

497 788 663 863 ιω
688 786 887 843 factum
917 795 1000 842 est
1021 801 1146 841 cum
1177 799 1208 840 a
1240 785 1528 840 Menandro
1562 783 1676 856 (49)
1726 795 1784 841 et
1836 784 2082 840 Saturui~

499 896 576 936 no
595 879 734 952 (50),
751 878 842 949 qui
863 887 982 948 post
1000 876 1275 934 Simonem
1299 878 1651 942 exstiterunt,
1675 888 1838 948 atque
1861 879 2082 933 nounul~

502 973 570 1030 lis
597 973 814 1043 quidem
839 971 908 1026 ab
936 985 1006 1027 eo
1031 970 1423 1036 dissenserunt,
1451 971 1546 1027 sed
1574 972 1884 1036 prmdictam
1912 973 2083 1043 turpi-

503 1063 746 1120 tudinem
765 1063 1178 1126 continuarunt,
1202 1073 1255 1117 et
1280 1063 1349 1117 ab
1377 1063 1581 1131 angelis
1598 1063 1855 1118 mundum
1879 1064 2080 1119 factum

501 1170 624 1210 esse
659 1153 907 1209 similiter
931 1152 1179 1206 arbitrati
1211 1161 1357 1217 sunt,
1383 1168 1447 1208 ac
1475 1153 1672 1208 docere
1704 1153 1930 1224 insuper
1961 1152 2078 1209 ausi

503 1251 652 1310 sunt,
681 1242 885 1312 justum
917 1243 1134 1314 quidem
1185 1258 1306 1300 esse
1347 1243 1516 1298 Deum
1547 1243 1766 1309 Filium,
1815 1243 2078 1312 injustam

501 1352 659 1404 vero,
684 1346 740 1392 et
767 1350 797 1390 a
825 1335 1008 1391 mundi
1037 1337 1316 1392 creatione
1360 1351 1423 1390 ac
1476 1336 1812 1405 providentia
1844 1335 2078 1392 alienum

503 1429 675 1494 illum,
741 1442 804 1483 ex
835 1443 944 1498 quo
970 1427 1175 1494 omnia,
1208 1426 1408 1481 bonum
1452 1426 1622 1482 Deum
1659 1426 1877 1482 Patrem
1913 1444 1929 1493 ;
1965 1438 2078 1481 tum

505 1534 537 1574 a
573 1518 839 1585 Basilide,
869 1519 960 1588 qui
990 1521 1092 1575 hoc
1133 1518 1549 1574 deliramentum
1595 1535 1624 1572 a
1657 1519 1916 1590 magistro
1943 1518 2083 1572 didi-

502 1612 608 1674 eit,
635 1619 691 1666 et
731 1610 797 1665 de
841 1625 940 1666 suo
970 1609 1197 1677 addidit,
1233 1624 1437 1664 cccuv
1493 1609 1661 1666 celos
1711 1625 1834 1666 esse
1865 1610 2082 1680 angelo-

504 1715 622 1754 rum
667 1699 884 1754 nomina
919 1699 1181 1755 habentes
1216 1715 1231 1765 ;
1267 1713 1438 1768 quare
1485 1709 1732 1754 sanctum
1773 1699 2072 1770 (inquiunt)

504 1806 695 1846 nomen
731 1791 970 1846 Arbasax
996 1791 1112 1863 (51)
1151 1789 1254 1865 (sic
1284 1791 1431 1846 enim
1464 1790 1678 1861 vocant)
1726 1805 1930 1846 cccnv
1967 1791 2075 1847 cai-

2185 604 2284 675 μὲν
2333 602 2716 672 διενεχθέντων
2741 603 2878 674 πρὸς
2910 601 2979 654 τὰ
3006 601 3202 672 ἐκείνῳ
3236 599 3484 665 δόξαντα,
3523 601 3759 672 βεὸαιω-

2185 696 2393 749 σάντων
2431 694 2490 748 δὲ
2512 696 2612 767 τὴν
2645 695 3038 766 προλεχθεῖσαν
3072 677 3484 764 αἰσχρουργίαν,
3524 694 3622 747 καὶ
3659 693 3768 747 ὑπὸ

2181 787 2432 856 ἀγγέλων
2467 787 2560 840 τὸν
2596 787 2804 859 κόσμον
2840 786 3168 858 γεγενῆσθαι
3190 784 3393 856 ὁμοίως
3431 784 3765 856 ὲκθεμένων,

2181 881 2278 934 καὶ
2308 880 2698 952 τολμησάντων
2739 879 3086 950 δογματίσαι,
3113 877 3323 932 δίκαιον
3362 878 3460 948 μὲν
3497 878 3765 950 ὑπάρχειν

2180 972 2274 1028 τὸν
2317 971 2451 1026 Θεὸν
2501 973 2650 1036 Υίὸν,
2706 971 2892 1026 ἄδικον
2943 971 3001 1026 δὲ
3048 971 3148 1024 καὶ
3201 969 3480 1042 ἀλλότριον
3524 970 3626 1040 τῆς
3667 968 3763 1024 τοῦ

2181 1069 2386 1138 κόσμου
2427 1065 2790 1138 δημιουργίας
2827 1082 2890 1118 τε
2927 1065 3026 1119 καὶ
3071 1063 3332 1136 προνοίας
3359 1063 3452 1116 τὸν
3491 1061 3551 1128 ἐξ
3589 1056 3651 1116 οὗ
3693 1061 3765 1114 τὰ

2181 1159 2359 1212 πάντα
2409 1156 2614 1227 ἀγαθὸν
2671 1157 2807 1210 Θεὸν
2866 1155 3108 1228 Πατέρα·
3153 1157 3250 1210 καὶ
3298 1155 3406 1209 ὑπὸ
3453 1155 3766 1210 Βασιλείδου

2179 1248 2383 1320 ταύτην
2409 1247 2898 1319 μεμαθητευμένου
2939 1246 3036 1318 τὴν
3083 1247 3480 1320 φρενερημίαν,
3504 1247 3598 1300 καὶ
3631 1264 3766 1318 προσ

2183 1341 2421 1405 σθέντος,
2449 1340 2524 1404 ὡς
2549 1340 2653 1404 τξε’
2683 1339 2907 1412 οὐρανοὶ
2936 1337 3060 1410 [εει
3093 1337 3150 1410 ὁ]
3209 1338 3556 1402 καθεστᾶσιν,
3596 1339 3764 1408 ἀγγέ-

2181 1429 2290 1484 λων
2316 1431 2531 1502 ἑχοντες
2567 1431 2827 1502 ὀνόματα·
2849 1429 2996 1498 ὅθεν,
3019 1431 3208 1501 φησὶν,
3229 1428 3294 1482 τὸ
3310 1412 3452 1483 οὕτω
3472 1429 3762 1500 λεγόμενον

2182 1522 2337 1591 ἅγιον
2365 1523 2536 1595 ὄνομα
2567 1522 2839 1594 ’Δρϐασὰξ
2860 1521 2966 1587 τξε’
2989 1523 3185 1594 ψήφων
3210 1521 3522 1592 εὑρίσκεται
3553 1521 3764 1589 λογιζό-

2186 1633 2346 1688 μενον
2364 1633 2378 1646 ·
2414 1616 2512 1668 καὶ
2533 1615 2638 1668 ὑπὸ
2663 1613 3123 1686 Καρποκράτους,
3151 1612 3246 1668 τοῦ
3268 1613 3363 1668 καὶ
3385 1611 3512 1665 ὕστε
3522 1630 3612 1684 ρον
3632 1615 3761 1684 χρό-

2183 1725 2293 1771 νοις
2345 1707 2714 1779 κρατύναντος
2753 1706 2957 1773 ταῦτα,
3003 1707 3099 1760 καὶ
3149 1706 3210 1759 ὲν
3249 1705 3569 1776 προσθήκης
3607 1706 3764 1776 μέρει

2188 1799 2414 1871 μιαρίας
2457 1799 2922 1867 ἀπαγγείλαντος,
2965 1799 3042 1862 ὡς
3083 1799 3133 1852 εἰ
3175 1799 3248 1869 μή
3303 1814 3389 1862 τις
3429 1797 3519 1851 διὰ
3563 1798 3764 1860 παντὸς

502 1883 751 1937 culorum
822 1898 944 1938 esse
1003 1883 1283 1949 invenies,
1340 1881 1386 1936 si
1445 1890 1754 1950 computum
1791 1883 2078 1948 iniveris;

2187 1859 2925 1964 ἐπιτηδεύματοςὰμαρτίας
2961 1859 3152 1954 ἐλθὼν,
3175 1859 3293 1944 ’των
3327 1859 3594 1961 δαιμόνων
3626 1859 3766 1944 ὅλων

502 1984 617 2032 tum
679 1989 709 2028 a
754 1973 1082 2043 Carpocrate
1109 2012 1126 2039 ,
1170 1973 1264 2044 qui
1313 1971 1702 2044 posterioribus
1753 1975 2086 2044 temporibus

517 2067 619 2123 ista
679 2065 1063 2130 conﬁrmavit,
1111 2073 1168 2120 et
1215 2063 1443 2119 auctarii
1498 2062 1615 2118 loco
1669 2063 2083 2134 spurcissimqu

502 2166 874 2214 commentum
931 2155 1174 2227 protulit.
1210 2155 1355 2226 quod
1401 2154 1505 2209 nisi
1571 2154 1693 2226 quis
1745 2169 1844 2226 per
1895 2154 2084 2225 cujus~

506 2251 596 2306 vis
659 2249 893 2306 instituti
944 2257 1170 2319 peccata
1231 2246 1527 2304 deveniens
1579 2248 1823 2302 omnium
1884 2247 2086 2302 daemo-

507 2353 642 2396 num
667 2338 1000 2395 voluntatem
1034 2337 1348 2410 perfecerit,
1405 2352 1510 2392 non
1537 2347 1720 2408 potest
1747 2337 2084 2409 principatus

505 2440 562 2486 et
593 2440 891 2502 potestates
917 2429 1285 2502 praetergredi,
1313 2437 1476 2499 atque
1503 2429 1556 2482 in
1595 2444 1910 2498 supremum
1961 2443 2084 2486 cce-

505 2523 617 2579 lum
649 2523 977 2594 pervenire:
1014 2531 1128 2576 tum
1178 2532 1441 2592 praterea
1475 2537 1508 2576 a
1536 2519 1822 2576 Valentino
1845 2559 1863 2587 ,
1897 2521 1986 2590 qui
2031 2529 2085 2576 et

507 2625 967 2671 commemoratos
1011 2615 1300 2670 haereticos
1355 2623 1575 2671 secutus
1643 2623 1748 2677 est,
1783 2623 1840 2668 et
1887 2615 1954 2669 iis
1991 2614 2082 2685 qui

507 2709 669 2764 Iidem
715 2710 835 2777 ejus
903 2709 1220 2778 imposturis
1267 2709 1651 2774 adhibuerunt,
1711 2706 1988 2764 Christum
2053 2722 2085 2762 e

507 2800 649 2857 cmlo
691 2815 894 2868 corpus
945 2800 1137 2857 tulisse
1189 2800 1505 2870 persuasit,
1559 2807 1722 2868 atque
1778 2795 2083 2852 istiusmodi

507 2892 744 2949 fabulam
761 2893 937 2958 ﬁnxit,
961 2893 1104 2964 quod
1126 2907 1318 2962 nempe
1345 2891 1553 2963 Bytbus
1587 2889 1754 2961 Sigeu
1781 2887 2079 2960 generavit;

507 2994 620 3040 tum
683 3001 752 3041 ex
803 2986 903 3040 bac
957 2985 1226 3054 quoddam
1281 2986 1503 3038 verbum
1554 2980 1741 3048 lovis,
1794 2979 1887 3050 qui
1944 2979 2084 3050 apud

505 3075 727 3133 Graecos
770 3077 988 3145 colitur,
1041 3078 1156 3147 ipse
1185 3075 1492 3140 fabricavit,
1531 3083 1587 3130 et
1618 3075 1838 3145 triginta
1874 3069 2082 3128 Eones

2184 1981 2247 2034 τὸ
2277 1981 2488 2054 θέλημα
2521 1983 2802 2054 ἐκτελέσῃ,
2840 1982 2900 2036 οὐ
2941 1982 3167 2035 δύναται
3205 1981 3498 2053 παρελθεῖν
3534 1981 3633 2044 τὰς
3669 1981 3766 2052 ἀρ-

2184 2073 2287 2144 χὰς
2342 2073 2438 2126 καὶ
2479 2073 2758 2138 ἐξουσίας.
2785 2075 2882 2128 καὶ
2919 2075 3000 2138 εἰς
3025 2075 3120 2127 τὸν
3140 2072 3414 2128 ἀνώτατον
3437 2073 3642 2142 φθάσαι
3677 2073 3768 2126 οὐ·

2187 2163 2375 2234 ρανόν·
2404 2162 2485 2217 ἔτι
2528 2163 2636 2236 μήν
2675 2165 2768 2218 καὶ
2808 2163 3164 2220 Οὐαλεντίνου
3182 2205 3197 2230 ,
3233 2164 3329 2220 τοῦ
3356 2165 3452 2219 καὶ
3485 2167 3599 2229 τοῖς
3634 2181 3766 2236 μνη-

2188 2253 2530 2324 μονευθεῖσιν
2597 2253 3070 2326 ἀκολουθήσαντος
3096 2296 3113 2321 ,
3161 2255 3259 2310 καὶ
3306 2254 3766 2323 ὲκφενακίσαντος

2183 2345 2314 2409 τοὺς
2354 2344 2507 2416 αὐτῷ
2535 2345 2916 2416 πειθομένους,
2957 2345 3032 2410 ὡς
3071 2348 3100 2399 ὁ
3139 2347 3375 2418 Χριστὸς
3407 2347 3505 2400 ἀπ’
3535 2345 3769 2419 οὐρανοῦ

2183 2434 2246 2489 τὸ
2297 2434 2456 2506 σῶμα
2501 2435 2792 2506 ἐνήνοχεν,
2840 2435 2936 2490 καὶ
2992 2435 3163 2507 μῦθον
3214 2436 3273 2490 δὲ
3315 2436 3769 2508 ἀναπλασαμένου

2183 2524 2498 2588 τοιόνδε,ὃτι
2523 2526 2552 2578 6
2581 2524 2749 2587 Βυθὸς
2777 2524 3069 2594 ἐγέννησεν
3095 2525 3196 2597 τὴν
3238 2525 3438 2598 Σιγήν·
3473 2528 3536 2580 ὲκ
3557 2527 3614 2578 δὲ
3645 2527 3771 2580 ταύ-

2183 2633 2284 2688 της
2323 2615 2853 2686 τεχνοποιησαμένου
2882 2615 3042 2684 λόγον
3069 2615 3196 2669 τινὰ
3240 2616 3335 2672 τοῦ
3367 2618 3496 2688 παρ’
3541 2617 3767 2688 Ἕλλησι

2184 2707 2327 2774 Διὸς,
2355 2707 2448 2760 καὶ
2471 2706 2514 2760 λ’
2543 2707 2777 2772 Αξῶνας,
2823 2707 2918 2772 οὓς
2949 2708 3207 2762 ἐκάλεσεν
3233 2709 3410 2773 θεοὺς,
3443 2711 3766 2780 εἰσαγαγόν-

2186 2814 2312 2864 τος⁶
2343 2800 2552 2871 ἐπειδὴ,
2587 2799 2772 2870 φησὶν,
2804 2800 3115 2872 γέγραπται
3136 2842 3150 2866 ,
3179 2801 3263 2854 ὃτι
3304 2801 3508 2874 Ἰησοῦς
3539 2802 3765 2856 ἐϐαπτί-

2187 2892 2290 2965 σθη
2311 2910 2330 2944 ι
2357 2891 2433 2946 ὢν
2464 2891 2540 2956 ὡς
2561 2892 2697 2946 ὲτῶν
2729 2892 2774 2946 λ’
2794 2909 2838 2946 ο»
2861 2895 2999 2966 ὅπερ
3025 2893 3281 2966 οὐδαμῶς
3325 2895 3637 2965 συνίστησιν
3667 2895 3762 2967 τήν

2183 2983 2415 3040 ἀτοπίαν
2441 2983 2607 3038 αὑτοῦ
2627 3001 2642 3016 ·
2674 2984 2769 3038 καὶ
2810 2985 3249 3055 ἀπαγγείλαντος
3279 2985 3646 3058 ἀρσενόθηλυν
3675 2987 3766 3040 τδν

2183 3077 2412 3148 ἔσχατον
2441 3075 2623 3131 Δίῶνα
2651 3077 2761 3130 τῶν
2798 3077 2864 3131 λη
2901 3079 2997 3132 καὶ
3029 3079 3111 3132 ὅτι
3145 3071 3298 3143 οὗτός
3329 3081 3476 3133 ἐστιν
3509 3080 3543 3150 ἡ
3583 3079 3764 3148 σοφία,

507 3169 830 3235 introduxit,
878 3184 1014 3238 quos
1053 3169 1267 3224 vocavit
1316 3167 1446 3222 deos
1483 3167 1808 3236 :quoniam,
1865 3163 2079 3233 inquit,

2185 3169 2306 3240 ἥτις
2334 3169 2426 3222 τὸν
2455 3171 2668 3241 πρῶτον
2699 3168 2835 3223 Θεὸν
2884 3169 3012 3223 ἰδεῖν
3049 3171 3367 3242 ὲθελήσασα,
3400 3173 3492 3226 καὶ
3525 3173 3631 3226 ὑπὸ
3660 3171 3766 3226 τῶν

506 3259 772 3330 scriptum
796 3259 1004 3331 est(5‘l)
1026 3258 1209 3316 Jesum
1228 3259 1560 3328 baptizatum
1595 3257 1784 3321 fuisse,
1809 3276 1827 3309 ι
1853 3271 1975 3312 cum
1997 3271 2085 3310 es-

507 3361 592 3405 set
646 3352 802 3422 quasi
847 3367 1111 3408 annorum
1136 3352 1352 3422 triginta
1395 3369 1410 3419 ;
1446 3371 1464 3405 ι
1499 3350 1640 3420 quod
1703 3358 1884 3403 tamen
1939 3348 2084 3403 nullo

511 3441 678 3495 modo
724 3440 1014 3496 absurdam
1061 3441 1182 3510 ejus
1225 3442 1535 3512 opinionem
1569 3442 1808 3510 probat:
1860 3441 2080 3509 insuper

510 3547 642 3587 vero
672 3534 1044 3603 androgynum
1083 3546 1208 3588 esse
1249 3533 1326 3587 ait
1346 3532 1594 3586 ultimum
1637 3547 1702 3585 ex
1737 3546 1847 3585 xxx
1888 3529 2081 3585 dioni-

507 3623 635 3686 bus,
665 3625 913 3694 huncque
948 3622 1269 3692 sapientiam
1303 3636 1446 3686 esse,
1475 3635 1596 3691 quae
1636 3620 1868 3690 primum
1910 3617 2080 3674 Deum

508 3730 632 3768 cum
675 3715 860 3770 videre
914 3714 1165 3779 voluerit,
1195 3724 1249 3768 et
1302 3729 1332 3769 a
1379 3712 1758 3783 splendoribus
1796 3710 1913 3779 ejus
1958 3725 2082 3780 per-

2193 3259 2573 3332 μαρμαρυγῶν
2598 3256 2761 3313 αὑτοῦ
2788 3258 3068 3332 βληθεῖσα,
3091 3262 3200 3315 τῶν
3225 3263 3468 3332 οὐρανῶν
3487 3261 3764 3327 ἐξέπεσεν,

2189 3351 2284 3402 καὶ
2315 3349 2599 3421 ἀπεϐλήθη
2648 3349 2743 3402 τοῦ
2781 3351 3107 3423 τριακοστοῦ
3147 3351 3414 3424 ἀριθμοῦ,
3448 3355 3542 3406 καὶ
3593 3353 3763 3424 οἰμώ-

2189 3439 2379 3506 ζουσα,
2417 3442 2480 3494 ὲκ
2505 3443 2604 3509 τῆς
2634 3442 2843 3506 οἰκείας
2873 3444 3120 3514 οἰμωγῆς
3152 3444 3335 3500 ἔτεκεν
3371 3446 3461 3498 τὸν
3487 3445 3728 3500 διάϐολον
3749 3462 3764 3475 ⁸
3791 3481 3795 3488 -

2185 3530 2280 3582 κα)¹
2337 3531 2420 3598 ὅτι
2470 3529 2792 3600 δακρύσασα
2841 3531 2941 3602 τὴν
2969 3531 3308 3598 ἀπόπτωσιν,
3340 3535 3440 3607 τὴν
3497 3535 3766 3590 θάλατταν

2186 3619 2547 3690 ὑπεστήσατο·
2580 3620 2676 3675 καὶ
2705 3620 2793 3675 ἵνα
2819 3621 2982 3692 δῆθεν
3001 3623 3030 3675 ὁ
3059 3625 3377 3694 τριακοστὸς
3393 3626 3760 3698 ἀναπληρωθῇ

2187 3710 2439 3782 ἀριθμὸς,
2475 3713 2524 3764 οἱ
2554 3711 2859 3782 κη’Δὶὦνες
2889 3730 3222 3784 συνεισενεγ.
3297 3757 3311 3771 .
3373 3756 3388 3771 .
3464 3752 3480 3770 .
3558 3755 3574 3770 .
3655 3756 3670 3770 .
3746 3753 3764 3771 .

509 3805 660 3861 culsa
695 3807 789 3872 sit,
822 3823 854 3863 e
883 3809 1039 3863 cmlis
1068 3807 1290 3873 excidit,
1325 3816 1379 3861 et
1428 3822 1492 3860 ex
1543 3805 1822 3875 trigesimo
1885 3819 2109 3858 numero
2183 3803 2358 3874 ejecta
2402 3816 2505 3870 est,
2535 3821 2599 3860 ac
2633 3805 2850 3875 plorans
2878 3808 3062 3878 genuit
3110 3823 3178 3863 ex
3232 3811 3451 3880 proprio
3481 3809 3606 3864 lletu
3646 3810 3767 3863 dia-

508 3900 714 3964 bolum,
766 3909 820 3954 et
841 3915 1000 3954 suum
1019 3913 1207 3955 casum
1232 3898 1437 3953 deﬂens
1464 3897 1606 3968 (55),
1637 3897 1773 3950 mari
1807 3894 2082 3965 supposita
2123 3895 2261 3963 fuit;
2337 3907 2505 3966 utque
2580 3898 2888 3968 Irigesimus
2940 3899 3255 3970 impleretur
3313 3915 3605 3968 numerus,
3642 3911 3768 3954 octo

507 4001 564 4047 et
602 3989 1060 4063 vigintixEones.
1145 4029 1162 4046 .
1248 4029 1266 4046 .
1353 4029 1370 4046 .
1443 4027 1460 4044 .
1531 4029 1548 4046 .
1620 4027 1640 4044 .
1708 4023 1728 4044 .
1797 4027 1814 4044 .
1887 4027 1904 4042 .
1978 4027 1994 4043 .
2068 4025 2085 4042 .

1812 4142 2034 4214 Reliqua
2069 4145 2457 4201 desiderant-ur.

581 4309 695 4382 (48)
739 4309 1203 4382 Τρηεὺνὶσοιιυῃ...
1225 4317 1534 4382 _tarlaru_m.
1579 4306 1653 4382 Es
1743 4307 1892 4382 Petri
1918 4323 1983 4382 li,
2023 4308 2082 4361 4.

581 4377 696 4448 (49)
735 4379 1050 4435 Menandro.
1102 4377 1158 4432 In
1213 4379 1402 4450 Grzrco
1446 4378 1562 4444 lege
1603 4377 1709 4431 ὑπὸ
1755 4378 2088 4450 Μενάνδρου.

584 4450 710 4524 (50),
741 4451 1056 4506 Saturnino.
1090 4449 1446 4524 _Epipha‘nius
1479 4464 1715 4519 quoque,
1744 4465 1809 4505 ac
1839 4449 2090 4503 Theodo-

514 4519 665 4578 ret'us
681 4519 841 4591 'liunc
869 4531 1061 4575 vocant
1087 4519 1426 4591 Σατορνῖλον.

585 4592 699 4664 (51)
736 4590 999 4647 Arbasaa'.
1017 4590 1122 4646 Alii
1149 4586 1499 4662 pronuntiant
1527 4606 1546 4642 ι
1567 4586 1848 4647 Abraxas:
1869 4607 1890 4642 ι
1914 4587 2092 4645 Theo-

2189 4307 2416 4382 rlnreitus
2461 4320 2517 4365 et
2550 4309 2923 4382 Epiphanius,
2970 4312 3232 4370 Abrasax.
3288 4313 3362 4370 De
3400 4311 3504 4367 hoc
3551 4313 3776 4367 nomine

2187 4377 2508 4453 Chiilietius,
2529 4377 2823 4453 rl’a'sserius
2861 4385 3061 4453 aliique
3096 4386 3449 4453 scripserunt.

2260 4449 2374 4519 (52)
2417 4449 2685 4519 Scriptum
2715 4464 2812 4507 est.
2853 4449 2986 4509 Luc;
3022 4470 3104 4517 ιιι,
3139 4449 3230 4509 25⁷.

2190 4513 2635 4644 cm£51’1t)Gastmt.
2695 4523 2877 4580 Codex
2940 4513 3246 4581 ἀπόπτωσιν.
3311 4523 3455 4594 Lego
3506 4521 3767 4576 ἀπόπτω-
