4034 6424
310 433 446 492 1023

1237 426 1576 483 EPISTOLA
1615 425 1709 480 AD
1747 424 2157 483 ARClllNTUM
2194 424 2620 482 PRIESULEM.

3434 424 3457 480 1
3467 423 3571 478 09.6

306 554 377 608 τό
402 549 589 622 iis.“
620 557 712 622 est
736 563 752 601 τ
785 546 958 622 gNam
987 547 1197 622 Aquila
1224 563 1365 622 unus
1393 563 1470 622 ex
1494 547 1883 622 interpretibus
1911 554 1957 610 Α
1985 563 2107 604 esse
2142 547 2303 622 trium
2331 548 2638 622 divinarum
2667 548 3039 622 hyﬁpostastum
3071 540 3391 622 Persqnam.
3424 546 3570 622 illen-

311 617 484 678 locum
514 621 656 674 hunc
681 619 995 688 Scripturaa,
1027 621 1120 686 qui
1154 617 1415 672 Hebraice
1460 618 1883 688 liabetsAdonai

309 693 499 747 cationi
547 690 674 762 (ego
716 686 835 758 lego
883 689 1134 758 canam),
1167 689 1440 743 transtulit
1487 690 1605 742 sic:
1638 686 1889 741 Dominus

309 762 534 832 possedit
571 777 668 812 me.
694 778 713 810 ι

386 831 711 901 Undecimus
762 836 847 881 est
879 825 1231 901 _Porphyri_us
1261 829 1318 901 (ὁ
1348 827 1622 901 ἐπάρατος
1670 827 1890 901 Πορφύτ

352 900 464 970 ιος)
495 900 650 969 cujus
680 913 846 970 unum
879 898 1064 970 locum
1093 897 1352 970 rel't-rt‘in
1387 897 1523 970 cap._
1546 897 1615 950 ‘37
1635 897 1887 970 secundi

334 965 458 1036 ibri,
508 965 597 1036 qui
648 968 741 1037 sic_
778 968 966 1037 incipit
999 983 1011 1018 :
1042 967 1203 1037 Ἄχρι
1241 968 1351 1037 γὰρ
1394 966 1583 1037 aptior
1617 965 1889 1021 ὑποστά-

310 1035 470 1095 σεων
483 1035 597 1107 ἔφη
616 1035 864 1090 Πλάτων
882 1035 997 1104 τὴν
1018 1035 1629 1105 τοῦθείουπροελθεῖν
1648 1038 1889 1095 οὐσίαν.

314 1111 368 1165 Id
399 1120 480 1163 est
513 1125 525 1160 :
558 1128 575 1159 ι
604 1108 737 1161 Nam
775 1122 943 1173 usque
988 1107 1053 1158 ad
1083 1119 1192 1162 tres
1223 1110 1540 1177 hypostases
1556 1108 1692 1161 dixit
1738 1107 1891 1161 Plato

313 1179 625 1236 divinitatis
659 1179 1216 1245 naturai-rprogredi.
1249 1195 1268 1228 ι

387 1249 745 1303 Duodecimus
771 1257 853 1300 est
908 1244 966 1299 S.
999 1245 1255 1313 Basilius,
1289 1245 1444 1315 cujus
1481 1255 1668 1301 noster
1702 1245 1885 1301 Theo-

315 1319 468 1389 logus
499 1319 660 1389 verba
699 1330 803 1369 non
854 1316 1039 1389 refert,
1069 1317 1163 1370 sed
1205 1319 1284 1372 eis
1336 1316 1892 1389 tantummodoallu-

315 1386 396 1443 dii
437 1388 692 1449 breviter,
753 1388 1073 1452 exponendo
1125 1387 1476 1454 sequentibus
1519 1386 1698 1440 verbis
1724 1386 1893 1439 inter-

318 1459 676 1529 pretationem
721 1454 1010 1529 quamdam
1059 1455 1335 1529 cujusdam
1381 1466 1556 1529 textus
1596 1456 1890 1529 evangelici

318 1524 387 1582 ab
436 1529 540 1581 hoc
587 1526 786 1580 eximio
839 1524 996 1579 Patre
1018 1540 1081 1578 ac
1132 1526 1327 1593 insigni
1381 1527 1604 1581 doctore
1657 1528 1883 1578 datam:

321 1599 417 1661 Ὦς
442 1614 525 1661 τις
549 1595 659 1648 τῶν
700 1597 767 1665 ὲν-
810 1593 985 1662 ἁγίοις
1018 1594 1277 1665 Πατέρῳν
1298 1596 1489 1664 σοφίας
1512 1595 1698 1664 γέμων
1727 1594 1890 1647 ἀσυλ-

317 1660 577 1736 λογίστως
604 1663 839 1729 ἐδίδαξεν
859 1660 872 1694 ³
892 1660 1180 1729 Βασίλειοξ
1197 1660 1264 1736 ἦν
1289 1660 1459 1736 ὄνομα
1486 1660 1656 1735 αὖτῷ.
1686 1665 1739 1718 ld
1767 1676 1849 1719 est
1874 1682 1887 1718 :

322 1756 342 1790 ι
364 1739 516 1792 Sicut
544 1739 763 1805 quidam
795 1751 859 1789 ex
897 1736 1102 1789 Sanctis
1130 1736 1400 1800 l’atribus,
1451 1737 1737 1804 sapientia:
1774 1736 1891 1803 ple-

321 1822 441 1871 nus,
477 1808 598 1861 sine
647 1805 1076 1859 ratiocinationis
1118 1806 1242 1859 fuco
1278 1807 1460 1859 docuit
1492 1805 1731 1859 :Basilio
1775 1814 1894 1860 erat

319 1878 394 1931 illi
450 1890 668 1930 nomen.
697 1893 715 1925 ι
758 1874 991 1944 Revera,
1026 1874 1302 1944 invenitur
1349 1875 1572 1944 praefata
1631 1876 1891 1943 interpre-

1996 627 2154 672 tanus
2181 620 2350 681 enim,
2386 619 2658 687 inquiunt,
2690 615 2864 671 dixit:
2894 618 3004 683 Ego
3053 633 3171 671 sum
3221 615 3382 669 Pater
3406 632 3460 669 et
3484 619 3572 671 Fi-

1994 688 2099 742 lius
2123 697 2178 742 et
2208 687 2599 742 Paracletus...
2635 707 2654 738 ι
2687 688 2957 751 Secundo,
2986 689 3128 756 quod
3152 689 3351 740 ἐκεῖνοι
3380 687 3573 755 λέγου-

1994 774 2171 821 σιν...,
2200 757 2251 811 id
2281 767 2385 821 est,
2424 776 2443 809 ι
2471 758 2547 812 Illi
2575 758 2786 823 dicunt,
2814 757 3125 812 Montanum
3154 756 3370 811 venisse
3397 766 3451 810 et
3474 757 3573 810 Pa-

1994 827 2206 883 racleti.
2230 827 2282 880 id
2303 837 2408 892 est,
2439 827 2674 897 Spiritus
2704 829 2898 886 sancti.
2931 826 3318 897 perfectionem
3351 826 3574 897 habuis-

1993 912 2074 951 se.
2108 917 2127 949 ι
2167 897 2373 960 Tertio,
2423 895 2566 967 quod
2608 898 2791 951 dicant
2815 898 3115 967 Priscillam
3143 909 3198 952 et
3224 895 3571 967 Maximillain

1995 968 2160 1022 fuisse
2207 966 2596 1036 prophetissas,
2642 976 2698 1022 et
2750 976 2872 1034 post
2933 966 3232 1021 Salvatoris
3281 966 3570 1019 adventum

1995 1038 2130 1091 alios
2169 1035 2336 1091 fuisse
2377 1037 2700 1106 prophetas;
2738 1038 2879 1104 quod
2905 1035 3213 1107 Theologus
3262 1044 3441 1107 noster
3471 1051 3569 1107 neg

1994 1116 2107 1174 gat,
2154 1109 2452 1175 prazsertim
2480 1105 2547 1162 de
2600 1108 2976 1175 prophetissis.
3009 1105 3276 1175 Λέγουσιν
3302 1106 3459 1161 ὅτι...
3514 1105 3570 1159 Id

1993 1188 2114 1230 est:
2148 1196 2166 1229 ι
2190 1176 2389 1247 Dicunt
2414 1176 2820 1247 (Montanistze)
2851 1194 2863 1230 :
2897 1177 3004 1232 Vos
3043 1193 3150 1231 non
3179 1176 3424 1239 creditis,
3452 1184 3574 1246 post

1992 1248 2225 1317 primum
2255 1246 2464 1301 Domini
2490 1246 2779 1317 adventum
2800 1246 2933 1302 esse
2962 1247 3271 1317 praphetas.
3294 1264 3313 1297 ι

2066 1317 2303 1383 Quartus
2329 1316 2615 1371 luereticus
2646 1324 2729 1370 est
2765 1316 3048 1380 Basilides,
3074 1317 3141 1371 de
3170 1330 3277 1384 quo
3302 1317 3356 1385 iu
3394 1325 3573 1385 capite

1991 1386 2058 1441 41
2119 1385 2548 1450 allirmatillum,
2606 1396 2805 1454 praeter
2857 1386 3212 1441 deliramenta
3266 1384 3569 1450 Menandri,

1995 1457 2248 1511 docuisse
2305 1456 2465 1510 etiam
2508 1455 2614 1510 565
2659 1458 2829 1511 caelos
2884 1456 3133 1511 conditos
3185 1470 3248 1508 ac
3303 1455 3573 1509 stabilitas

1995 1525 2180 1591 fuisse,
2224 1526 2313 1594 qui
2352 1527 2663 1595 angelorum
2702 1541 2895 1581 nomen
2954 1526 3179 1588 habent,
3211 1534 3266 1579 et
3304 1540 3336 1580 e
3379 1525 3573 1595 quibus

1994 1594 2306 1651 Basilidiani
2345 1594 2509 1649 unum
2565 1606 2751 1651 sancto
2800 1596 3018 1649 nomine
3058 1598 3300 1649 Arbasax
3348 1594 3569 1649 vocant.

1998 1663 2055 1719 Si
2090 1679 2267 1719 autem
2301 1675 2744 1733 computarentur
2767 1666 2973 1719 numeri
3020 1666 3332 1719 Graecarum
3362 1664 3569 1718 littera-

2002 1750 2118 1788 rum
2151 1736 2348 1804 quibus
2396 1735 2522 1788 illud
2565 1750 2756 1789 nomen
2808 1735 3174 1803 componitur,
3208 1735 3567 1793 inveniretur,

2001 1805 2130 1860 illud
2185 1806 2431 1872 apprime
2468 1804 2778 1873 significare
2831 1805 2956 1871 565,
3007 1813 3062 1858 et
3091 1805 3213 1859 licet
3255 1804 3456 1871 sa‘pius
3505 1819 3572 1857 ac

1997 1876 2335 1929 communius
2364 1875 2608 1928 Abraxas
2638 1875 2867 1941 dicatur,
2895 1885 3073 1929 tamen
3108 1890 3138 1929 a
3178 1884 3364 1929 nostro
3393 1873 3572 1928 Theo-

321 1920 1587 2015 is“;io"i1;"i§;,2.1a;ssts“s.'ﬁgitﬁ'm'ashz
1615 1920 1889 1998 gestam
1924 1920 1969 1979 Β
1999 1920 2688 2015 ῖόέό”.ἱί“ίὶ›ὶιὶἲιῖἑξ;ἶῶἰῐιιῖξ

321 2016 453 2073 ιοιιιί
530 2012 647 2084 ejus
702 2012 976 2083 Operam,
1031 2015 1186 2082 juxta
1248 2012 1637 2070 monachorum
1704 2015 1890 2069 Sancti

321 2087 496 2143 Mauri
536 2085 852 2139 editionem.

389 2156 678 2218 therum,
716 2155 759 2209 si
794 2153 883 2208 hic
913 2157 1118 2208 relerre
1155 2154 1496 2224 susciperem
1539 2168 1731 2210 omnes
1769 2168 1893 2208 ver-

319 2241 412 2282 sus
437 2240 503 2279 ex
532 2224 994 2297 antiquisdpoetis
1028 2225 1336 2297 desumptos
1375 2224 1578 2297 absque
1611 2235 1891 2297 auctorum

320 2296 667 2358 indicatioue,
704 2294 1167 2348 sed'solummodo
1201 2295 1266 2348 iis
1298 2296 1611 2349 memoratis
1655 2295 1757 2348 sub
1792 2296 1894 2348 ista

319 2366 592 2421 communi
636 2363 1097 2429 denominatioue,
1149 2364 1198 2415 οἱ
1259 2362 1385 2428 ἔξω,
1409 2364 1461 2417 id
1502 2376 1618 2419 est:
1657 2381 1675 2414 ε
1703 2365 1898 2417 Extra-

323 2437 431 2498 nei,
466 2454 485 2486 ι
514 2436 627 2489 sive
655 2450 674 2484 ι
701 2432 925 2501 Pagani,
949 2451 969 2484 ι
1010 2447 1284 2501 nunquam
1341 2435 1481 2488 hanc
1516 2434 1796 2503 epistolam
1831 2434 1898 2487 ad

323 2507 484 2560 linem
521 2504 895 2573 perducerem,
923 2504 1049 2571 quia
1083 2503 1347 2573 ejusmodi
1385 2503 1673 2558 citatioues
1709 2520 1900 2558 nume-

322 2592 440 2631 rum
468 2572 688 2644 triginta
722 2581 926 2644 septem
956 2572 1235 2644 superant,
1269 2587 1332 2626 ac
1361 2573 1659 2644 pleraeque
1680 2574 1903 2626 minime

326 2649 518 2700 breves
548 2642 715 2697 ‘sunt.
772 2643 1162 2714 Quarutnaliae
1209 2658 1274 2696 ex
1332 2643 1568 2698 oraculis
1628 2642 1903 2714 Sibyllicis

323 2726 453 2769 sunt
508 2716 866 2782 depromptae,
900 2720 956 2766 et
1007 2711 1127 2782 ideo
1186 2726 1535 2782 reperiuntur
1582 2714 1635 2767 in
1666 2711 1906 2767 editione

323 2781 600 2854 Opsoptei,
628 2782 746 2835 alia:
777 2796 902 2836 vero
935 2796 1005 2836 ex
1046 2781 1413 2854 aliispoetis.
1459 2781 1703 2852 Longum
1760 2792 1906 2837 esset

324 2852 388 2910 ac
416 2852 756 2909 fastidiosum
796 2865 942 2907 nunc
986 2852 1152 2907 etiam
1188 2852 1403 2907 illorum
1439 2857 1657 2908 nomina
1697 2863 1904 2907 tantum

323 2939 614 2995 exponere.

411 3034 667 3093 Ηιετειὶεῐ
692 3051 724 3088 a
752 3043 930 3089 nostra
967 3031 1519 3115 Theologqconfutati
1550 3042 1639 3086 aut
1662 3032 1847 3089 saltem

966 3116 1262 3157 memorati.

396 3201 441 3256 A
479 3196 742 3280 principio
788 3194 901 3277 jam
948 3193 1153 3280 Vestrae
1199 3193 1579 3280 Excelientitei
1607 3193 1744 3275 dixi,
1799 3210 1911 3280 prr-

2071 2012 2298 2085 Quintus
2323 2022 2408 2068 est
2432 2014 2810 2085 Carpocrates,
2835 2014 2949 2082 qui,
2971 2023 3032 2069 ut
3063 2023 3229 2085 patet,
3265 2012 3420 2070 exiis
3451 2027 3572 2081 quae

2001 2085 2055 2140 in
2096 2083 2323 2152 prmfato
2370 2085 2488 2139 loco
2535 2082 2868 2148 referuntur,
2894 2082 3111 2139 easdem
3148 2086 3386 2139 insanias
3411 2092 3574 2152 atque

2002 2151 2237 2236 ineptias
2289 2156 2468 2237 docet,
2515 2154 2712 2222 quibus
2742 2156 2921 2237 istaut
2966 2155 3241 2237 adjungit;
3304 2151 3498 2237 quod,"
3523 2154 3570 2207 si

2001 2226 2124 2295 quis
2155 2222 2537 2295 coinquinatus
2573 2225 2809 2295 peccatis
2838 2222 3167 2278 voluntatem
3194 2222 3431 2279 omnium
3458 2224 3571 2276 da:-

2007 2294 2225 2349 mouum
2274 2310 2379 2364 non
2417 2294 2655 2363 impleat,
2690 2294 2831 2347 ultra
2887 2295 3221 2363 principatus
3253 2305 3307 2348 et
3343 2302 3575 2364 potesta-

2005 2373 2086 2420 tes
2136 2363 2365 2418 transire
2402 2378 2507 2417 nou
2558 2375 2758 2434 potest,
2794 2378 2894 2419 nec
2929 2365 2997 2418 ad
3029 2363 3350 2435 supremum
3374 2363 3572 2419 coelum

2042 2448 2305 2489 ervemre.

2007 2450 2403 2559 “$333.25:
2427 2500 2763 2569 Valentinus,
2796 2502 2864 2558 de
2902 2518 3011 2574 quo
3037 2512 3270 2559 testatur
3312 2504 3365 2557 in
3384 2517 3576 2570 supra-

2010 2574 2154 2629 dicto
2190 2574 2327 2636 loco,
2363 2576 2505 2643 quod
2557 2575 2811 2628 admissis
2842 2574 3141 2629 haeresibus
3177 2577 3402 2627 duorum
3428 2574 3575 2642 prio-

2013 2660 2133 2698 rum
2180 2646 2558 2698 haereticorum
2589 2643 2722 2698 duas
2748 2659 2913 2700 novas
2949 2645 3256 2699 admiscuit.
3280 2643 3384 2697 Per
3411 2660 3574 2696 unam

2011 2713 2286 2769 contendit
2325 2728 2519 2781 corpus
2549 2728 2579 2782 a
2611 2713 2828 2768 Christo
2866 2716 2933 2769 de
2961 2714 3098 2769 ccelo
3123 2723 3392 2782 sumptum
3419 2728 3571 2776 esse;

2011 2786 2181 2839 altera
2212 2797 2360 2854 vero,
2388 2798 2523 2854 quae,
2557 2781 2710 2854 longa
2769 2782 2944 2839 fabula
2975 2793 3080 2849 est,
3111 2781 3351 2854 magisne
3412 2783 3574 2854 impia

2014 2869 2079 2907 an
2113 2853 2370 2907 insulsior
2391 2854 2462 2906 sit
2513 2853 2652 2905 haud
2676 2852 2832 2907 facile
2854 2855 3053 2918 dicam,
3076 2854 3129 2908 in
3160 2852 3261 2908 hoc
3287 2853 3573 2907 consistit:

2012 2922 2236 2993 Bythos,
2265 2923 2409 2992 quod
2455 2920 2882 2993 Profunditatem
2922 2924 3209 2993 signiﬁcat,
3255 2922 3437 2993 Sigea,
3480 2937 3576 2977 seu

2015 2990 2322 3059 Silentium,
2346 3001 2588 3061 generat,
2610 3002 2663 3045 et
2692 3008 2722 3046 a
2755 2990 3209 3061 Silentio'Jupiter
3261 2990 3573 3047 Graecorum

2015 3062 2131 3118 sive
2172 3076 2499 3129 paganorum
2528 3063 2796 3129 quoddam
2827 3062 3053 3117 Verbum
3100 3063 3387 3117 fabricavit
3412 3073 3468 3115 et
3496 3062 3574 3114 fe-

2017 3134 2111 3186 cit.
2143 3129 2209 3184 Et
2256 3132 2403 3201 quia
2428 3131 2676 3185 tibristus
2707 3132 2759 3184 in
2799 3131 3072 3187 tricesimo
3100 3147 3211 3187 sua:
3234 3133 3410 3186 aetatis
3432 3147 3579 3186 anno

2018 3199 2321 3269 baptizatus
2380 3199 2499 3265 fuit,
2534 3202 2862 3270 excogitavit
2897 3204 3057 3256 etiam
3127 3200 3435 3257 Valentinus
3482 3202 3580 3255 tri-

329 3265 495 3341 mum:
524 3265 739 3341 imoque
763 3265 1003 3341 iunicum
1055 3279 1278 3341 scopum
1304 3265 1477 3341 totius
1501 3266 1703 3341 __operis
1733 3268 1901 3341 nostri
1930 3277 1974 3336 α
2006 3265 2156 3341 ginta
2184 3270 2412 3337 Aelouas,
2443 3273 2494 3341 id
2529 3280 2612 3325 est
2667 3265 2696 3321 ἶ
2711 3269 2939 3337 Saecula,
2983 3291 3001 3324 ι
3040 3287 3160 3341 qua:
3182 3272 3313 3326 deos
3341 3272 3575 3332 vocavit,

329 3339 583 3409 Theolugi
619 3331 684 3391 ad
724 3337 777 3390 id
810 3337 1055 3398 tendere,
1087 3331 1166 3387 ut'
1186 3331 1396 3388 refellat
1416 3335 1534 3409 _Ar_ii
1557 3331 1753 3409 'atque
1790 3336 1904 3409 Mae

330 3404 831 3467 cedonii'haareses.
861 3410 1121 3475 Attamen
1150 3414 1351 3457 tractat
1396 3406 1462 3456 de
1490 3404 1760 3459 haereticis
1813 3408 1903 3475 qui

330 3485 739 3536 antecesserunt
791 3479 899 3530 duo
925 3474 1263 3544 supradictas
1290 3484 1566 3538 auctores,
1608 3486 1690 3539 et,
1732 3474 1905 3543 quan-

331 3561 442 3607 tum
494 3564 582 3604 res
638 3549 706 3603 de
763 3561 870 3617 qua
918 3555 1030 3615 agit
1099 3545 1231 3598 illud
1281 3544 1565 3614 permittit,
1600 3560 1696 3600 eos
1728 3546 1907 3601 obiter

329 3636 587 3674 ςοιιιυιειι.

334 3636 358 3665 ρ
515 3637 524 3650 ”
569 3657 587 3674 ο

334 3622 612 3745 mliti-illm
664 3686 874 3757 primus
926 3693 1089 3757 atque
1133 3681 1548 3757 antiquissimus
1572 3694 1668 3757 est
1704 3684 1893 3757 Simon

330 3763 537 3831 llagus.
571 3762 645 3813 De
666 3753 761 3831 ’eo
805 3757 1044 3831 loquitur
1075 3755 1127 3808 in
1163 3768 1298 3831 Icap.
1332 3753 1405 3831 43
1463 3756 1602 3831 tertii
1643 3754 1788 3831 libri,
1819 3771 1905 3810 re-

332 3824 551 3889 ferEndo
582 3829 845 3897 pessimas
865 3824 983 3895 ejus
1005 3824 1317 3897 doetrinas;
1342 3825 1472 3897 illas
1500 3827 1645 3897 enim
1677 3827 1901 3897 referre,

331 3914 413 3960 est
436 3915 530 3957 eas
555 3892 715 3954 simul
743 3892 1047 3950 c0nl'utare.
1075 3892 1244 3947 Τοῦτο
1270 3892 1450 3945 τοίνυν
1478 3893 1539 3946 τὸ
1577 3893 1819 3965 δόγμα...
1846 3894 1902 3949 Id

332 3986 456 4029 est;
491 3989 511 4022 ι
535 3969 649 4024 Hoc
682 3982 811 4035 ergo
836 3968 1029 4035 dogma
1077 3967 1350 4035 etnanatio
1378 3970 1623 4035 quaedam
1646 3976 1728 4019 est
1761 3965 1905 4018 lutu-

333 4046 491 4099 lentae
509 4034 794 4102 doctrinae,
826 4034 946 4104 qua:
969 4035 1165 4103 prodiit
1187 4048 1254 4087 ex
1284 4034 1506 4089 Simone
1534 4034 1690 4103 Mago
1711 4035 1905 4089 Sama-

334 4117 532 4173 ι-ίιειιιο,
555 4109 645 4179 qui
675 4122 776 4160 nec
816 4111 1071 4179 mundum
1099 4118 1231 4179 esse
1255 4104 1461 4158 factum
1500 4120 1530 4158 a
1562 4106 1692 4167 Deo,
1715 4106 1904 4179 sedab

331 4172 707 4253 angelis-nee
740 4176 1187 4230 resurrectionem
1208 4172 1444 4253 fut-uram
1467 4189 1616 4253 esse;
1651 4184 1707 4253 et
1740 4175 1903 4253 indif-

334 4244 592 4310 l’er'entem
626 4248 823 4303 debere
844 4258 963 4299 esse
988 4259 1110 4299 cum
1152 4244 1403 4297 onmibus
1451 4244 1770 4299 mulieribus
1795 4246 1901 4297 mi-

334 4326 589 4387 etionem,
621 4318 826 4387 docuit,
850 4325 1023 4387 atque
1068 4329 1134 4368 eo
1177 4314 1377 4369 furoris
1408 4315 1576 4387 venit,
1610 4325 1669 4367 ut
1701 4315 1900 4369 Christi

334 4395 509 4451 nostri
541 4384 595 4444 et
627 4386 808 4456 magni
848 4384 942 4456 Dei
985 4398 1179 4439 nomen
1207 4385 1571 4456 usurpaverit.
1595 4404 1614 4435 ι

409 4462 691 4519 Secundus
720 4453 823 4511 ἐει
871 4453 1182 4516 Menander,
1211 4455 1302 4522 qui
1362 4455 1524 4509 simul
1571 4469 1692 4508 cum
1721 4454 1903 4509 Satur-

336 4535 467 4589 nino
501 4535 554 4587 iu
586 4529 843 4601 praedicto
872 4526 992 4601 loco
1027 4534 1376 4601 memoratur:
1426 4523 1681 4601 Testatur
1714 4536 1902 4601 noster

335 4594 662 4689 τιιεοιίξιςιὲεν
681 4596 1054 4689 ίξιξξδρ,ε,τ,.ἓ,ίξςξ
1081 4594 1409 4689 arieti???
1435 4594 1756 4689 $9999.31???
1777 4598 1899 4689 1‘33-
1933 4634 1975 4689 υ

337 4665 638 4733 senserint,
685 4666 1049 4739 concor-desse
1098 4673 1276 4739 tamen
1327 4665 1395 4739 de
1453 4666 1735 4739 mulierum
1777 4680 1899 4739 pro-

338 4746 546 4799 miscuo
580 4732 702 4801 uSu,
736 4748 898 4807 atque
927 4732 1007 4791 de'
1046 4737 1319 4788 creatione
1359 4732 1504 4807 tecta
1552 4736 1622 4807 ab
1673 4732 1902 4807 angelis,

336 4827 510 4883 eoque
567 4801 878 4883 pervertis—se
906 4807 1199 4883 _audaciaa_,_
1230 4813 1288 4856 ut
1341 4801 1905 4883 allirmariut,Fi_liutu

335 4874 584 4954 equidem
632 4880 728 4954 Dei
750 4892 870 4931 esse
902 4874 1128 4954 iustum,
1160 4874 1383 4954 Patrem
1411 4887 1548 4954 vero
1606 4888 1732 4929 esse
1766 4875 1910 4943 inju-

342 4944 511 5016 st'um,
550 4950 842 5017 mundique
864 4946 1124 5002 creationi
1153 4951 1209 4997 et
1236 4944 1586 5013 pr0videntiee
1607 4957 1728 4999 esse
1753 4961 1910 5014 pror—

337 5040 431 5083 sus
452 5024 708 5078 alienutn.
779 5084 829 5093 __
1364 5081 1375 5093 _

407 5094 623 5149 Tertius
661 5097 745 5144 est
779 5084 1065 5141 Montanus
1114 5096 1238 5136 cum
1294 5081 1409 5135 suis
1459 5083 1800 5151 sequacibus.
1831 5081 1909 5138 De

340 5165 431 5221 illo
463 5164 641 5233 agitur
686 5160 738 5213 in
778 5158 953 5225 capite
1008 5153 1107 5233 i8“
1137 5152 1298 5233 tertii
1341 5154 1483 5216 libri,
1527 5156 1909 5233 asseriturque

341 5224 645 5291 divinarum
678 5224 1037 5298 personarum
1056 5224 1463 5298 distinctionem
1490 5224 1558 5298 ab
1589 5229 1694 5276 hoc
1733 5225 1906 5298 luere-

341 5290 450 5361 tico
482 5290 948 5372 negataiuluisse.
996 5292 1138 5346 Ἀλλ’
1165 5290 1308 5345 ὥστε
1340 5292 1437 5372 xa‘t
1462 5294 1593 5355 τοὺς
1616 5296 1899 5372 παχείῃ...

338 5375 397 5432 Id
421 5383 507 5431 est
537 5365 578 5427 ε’
608 5388 628 5421 ι
651 5370 756 5424 Sed
783 5369 947 5421 etiam
971 5375 1029 5419 ut
1067 5376 1247 5419 mente
1270 5365 1438 5416 crassi
1461 5379 1525 5417 ac
1557 5368 1718 5418 rudes
1757 5365 1903 5417 Mon-

341 5449 548 5500 tanista:
570 5442 774 5513 pudore
808 5437 1131 5513 atticiantur,
1163 5433 1253 5502 qui
1281 5443 1474 5513 putant
1498 5435 1753 5513 eumdem
1780 5448 1901 5488 esse

338 5516 476 5571 Filio
496 5502 710 5568 Pairem
740 5518 796 5561 et
840 5508 1208 5561 Paracletum.
1235 5520 1254 5553 ι
1289 5503 1442 5568 Quod
1472 5504 1634 5557 etiam
1670 5502 1903 5558 aﬂirmat

341 5589 396 5641 in
434 5586 505 5639 58
560 5597 680 5650 cap.
738 5578 981 5650 ejusdem
1028 5574 1191 5650 libri,
1245 5577 1337 5627 ubi
1404 5572 1569 5628 refert
1627 5588 1693 5650 ac
1725 5573 1905 5650 simul

341 5655 580 5711 confutat
625 5644 850 5706 "istorum
902 5646 1283 5700 haereticorum
1357 5657 1597 5698 errores.
1657 5644 1739 5696 Ad
1799 5645 1905 5698 tria

340 5735 539 5795 genera
573 5721 693 5777 illos
715 5715 926 5795 reducit
950 5716 1132 5795 in_hoc
1159 5713 1356 5795 capite.
1391 5711 1594 5795 Primo,
1621 5716 1763 5795 quod
1787 5715 1907 5768 uni-

340 5784 402 5849 Ea.
432 5796 503 5848 sit
532 5784 1078 5863 persona4,_sicut.ille
1107 5784 1368 5863 loquitur,
1400 5786 1570 5863 trium
1600 5785 1904 5863 divinarum

342 5847 731 5936 hvpostitseou:
755 5847 850 5912 ’Ἑν
878 5847 1431 5926 πρόσωΜνέῐναι....
1454 5853 1509 5909 ld
1534 5864 1653 5911 est:
1684 5872 1703 5908 t
1736 5854 1905 5912 Unam

2007 3340 2346 3423 quorumque
2376 3340 2628 3422 Oultimus
2678 3340 3114 3423 herinaphrodig
3170 3350 3430 3423 erat§_et
3488 3344 3577 3395 hic

2007 3410 2125 3464 erat
2150 3410 2445 3480 Sapientia,
2483 3425 2603 3479 quae
2636 3426 2754 3464 cum
2802 3410 3035 3480 primum
3065 3411 3234 3465 Deum
3273 3411 3455 3480 videre
3482 3427 3577 3463 Vo.

2009 3479 2410 3551 luisset,’nimio
2438 3481 2576 3534 illius
2605 3479 2812 3551 fulgore
2834 3483 3162 3550 perstrictae
3187 3479 3325 3536 ctelo
3355 3482 3578 3547 cecidit,

2006 3551 2132 3606 inde
2161 3566 2191 3620 β
2223 3550 2500 3605 tricesimo
2543 3550 2770 3620 numero
2798 3551 3016 3619 expulsa
3042 3561 3147 3616 est,
3176 3561 3231 3605 et
3249 3552 3575 3620 plangendo,

2006 3618 2368 3691 suisﬂetibus
2398 3622 2580 3690 genuit
2606 3618 2906 3691 Diabolum.
2942 3620 3100 3691 Deest
3159 3618 3425 3691 reliquum
3476 3622 3577 3675 hu-

1999 3690 2089 3757 jus
2119 3690 2311 3746 fabulae
2347 3704 2379 3744 a
2407 3689 2606 3745 sancto
2654 3689 2857 3744 Irenteo
2896 3690 3079 3746 relata:
3109 3702 3162 3745 et
3197 3689 3413 3746 ab'aliis
3437 3692 3576 3745 scri-

2005 3760 2257 3829 ptoribus
2318 3759 2408 3829 qui
2440 3762 2507 3813 de
2536 3760 2831 3814 haeresibus
2854 3761 3206 3830 scripserunt,
3228 3759 3354 3830 quia
3378 3761 3583 3815 codicis

2004 3832 2259 3899 quaedam,
2278 3838 2456 3899 partes
2481 3831 2777 3898 perierunt.
2800 3831 3004 3899 Postea
3035 3833 3086 3885 iu
3120 3835 3359 3886 secundo
3406 3830 3572 3896 libro,

2005 3898 2291 3971 capiteG,
2351 3914 2562 3968 paragr.
2611 3899 2696 3965 l9,
2734 3898 2981 3971 alIlrmat
3019 3910 3203 3956 noster
3252 3900 3577 3971 Theologus,

2011 3969 2342 4040 Valentinum
2373 3970 2634 4040 docuisse
2655 3985 2864 4040 quoque
2895 3970 3155 4040 Spiritum
3192 3982 3437 4026 sanetum
3459 3969 3585 4025 esse

2007 4039 2217 4111 angelis
2240 4053 2501 4111 coaevum.
2531 4038 2637 4111 Ἰξοῦ
2658 4038 2763 4106 ἔξω
2782 4038 3086 4111 sima...
3110 4042 3161 4094 id
3189 4051 3274 4095 est
3305 4059 3324 4092 ‹
3349 4041 3579 4096 Excom-

2005 4107 2260 4164 mu‘nicati
2286 4121 2341 4164 et
2373 4111 2527 4176 eiecti
2559 4107 2845 4174 Valentini,
2879 4107 2973 4179 qui
3034 4112 3485 4177 manichatizavit,
3523 4121 3580 4165 el

2003 4190 2200 4250 praeter
2224 4180 2328 4250 alia
2363 4180 2594 4250 absurda
2646 4180 2947 4233 fabularqu
2993 4191 3332 4245 commenta,
3380 4181 3582 4236 furiose

2004 4249 2141 4305 dixit
2166 4249 2426 4319 Spiritum
2459 4249 2695 4320 divinum
2727 4266 2964 4305 cozevutn
3006 4251 3360 4320 angelis,etc.
3383 4270 3403 4302 ι

2075 4318 2351 4388 Septimus
2428 4329 2512 4372 est
2575 4318 2791 4389 Manes,
2838 4335 2958 4373 cum
3039 4318 3152 4375 suis
3222 4319 3577 4389 sequacibus.

2003 4388 2083 4443 De
2100 4390 2202 4444 hoc
2228 4397 2427 4442 tractat
2451 4389 2503 4441 in
2531 4390 2707 4457 capite
2740 4388 2806 4443 18
2836 4389 2980 4458 tertii
3011 4390 3170 4453 libri,
3200 4388 3354 4458 eique
3383 4404 3581 4457 expro-

2002 4460 2144 4523 brat,
2174 4461 2316 4529 quod
2340 4467 2496 4531 vocet
2524 4456 3222 4531 Patt'eindrzc'tviipwﬁov,_id
3247 4456 3349 4531 est,
3385 4477 3402 4508 ι
3427 4456 3582 4531 Iahn-7

2004 4526 2221 4582 manum
2247 4548 2265 4579 ι
2307 4544 2372 4583 ac
2393 4528 2637 4599 divingni
2654 4528 2852 4599 Filium
2892 4526 3063 4599 solum
3096 4526 3495 4599 φιλάνθρωπον,
3526 4529 3583 4582 id

2003 4612 2087 4654 est
2106 4602 2462 4668 «humanum,
2487 4615 2506 4648 ι
2532 4596 2692 4668 47],
2722 4614 2815 4653 seu
2841 4596 3125 4667 benignum
3160 4596 3580 4667 erga'homines.

2005 4671 2109 4722 Σὺν
2156 4667 2444 4739 αὑτοῖς-δέ
2473 4706 2485 4721 .
2514 4706 2528 4721 .
2556 4667 2575 4739 ζ
2604 4679 2654 4721 td
2678 4678 2800 4739 est:
2833 4687 2851 4719 ι
2879 4668 3050 4739 Simul
3076 4682 3221 4739 cum
3262 4669 3392 4738 ipsis
3418 4686 3437 4739 ρ
3491 4668 3583 4739 (id

2005 4750 2112 4804 est,
2160 4755 2282 4793 cum
2328 4736 2717 4804 Montanistis),
2751 4739 2914 4792 etiam
2948 4736 3587 4792 Mauichzeus‘confundi-

2010 4819 2119 4873 tur,
2149 4810 2238 4878 qui
2264 4823 2369 4862 non
2393 4807 2631 4862 admittit
2664 4807 2826 4862 Vetus
2851 4807 3281 4878 Testamentum,
3305 4809 3398 4878 sed
3430 4818 3588 4863 vocat

2011 4877 2227 4934 Patrem
2268 4878 2485 4947 quidem
2533 4879 2902 4942 inhumanum,
2945 4877 3141 4947 quippe
3181 4879 3271 4945 qui
3317 4877 3585 4933 Adatnutn

2014 4948 2171 5015 ejecit
2196 4963 2264 5000 ex
2288 4948 2558 5016 paradiso,
2593 4947 2784 5000 Filium
2813 4961 2940 5001 vero
2976 4947 3149 5000 solum
3182 4965 3199 4997 ι
3221 4947 3542 5012 humanum,
3561 4968 3587 4999 ν

2017 5020 2071 5073 id
2093 5028 2176 5072 est
2195 5020 2481 5086 benignum
2498 5032 2624 5084 erga
2653 5016 2919 5081 homines,
2938 5016 3133 5087 quippe
3157 5021 3245 5087 qui
3273 5032 3367 5086 per
3389 5030 3591 5072 semet-

2019 5089 2192 5156 ipsum
2246 5091 2408 5149 venit,
2457 5101 2522 5141 ac
2566 5087 2795 5141 sanavit
2851 5103 3018 5142 nos.»
3068 5086 3135 5156 Et
3172 5090 3226 5141 in
3270 5088 3446 5156 capite
3491 5088 3586 5153 2t,

2014 5155 2324 5211 Manichzeis
2375 5156 2559 5210 tribuit
2597 5160 2754 5210 etiam
2795 5170 3036 5211 errorem
3068 5155 3590 5212 Phantasiastarum.

2013 5225 2318 5299 piqfiévrtov
2339 5226 2521 5299 αὐτῷν
2556 5227 2692 5299 lleg.
2723 5225 2926 5299 αὐτὸΥ]
2955 5226 3287 5299 Μανιχαίωνλ
3304 5226 3405 5299 μὲν
3429 5227 3589 5299 σῶμα

2008 5295 2227 5368 δοκήσει
2268 5295 2594 5367 ὲσχηκέναί·
2639 5295 2930 5367 ’Δρειανῶῦ
2962 5295 3050 5361 δὲ,
3080 5295 3146 5368 ’κς
3192 5312 3244 5368 τ.
3275 5295 3325 5349 λζ
3353 5296 3432 5368 Id_
3447 5295 3536 5368 est
3568 5317 3585 5355 :

2015 5364 2189 5421 «Cum
2222 5364 2410 5435 putent
2444 5368 2618 5434 ipsum
2670 5364 2772 5436 (de
2819 5368 3037 5422 Christo
3066 5364 3371 5437 loquitur),
3414 5364 3587 5420 Mani-

2007 5438 2142 5491 chaei
2189 5437 2428 5504 quidem,
2468 5451 2663 5503 corpus
2696 5448 3019 5506 apparenter
3064 5436 3355 5501 habuisse;
3401 5437 3587 5491 Ariani

2007 5520 2160 5571 vero,
2189 5524 2211 5557 ο
2254 5516 2358 5560 etc.
2408 5507 2513 5561 Sed
2547 5507 2722 5561 fusius
2752 5515 2819 5560 de
2851 5509 2972 5561 Istis
3012 5508 3280 5561 haereticis
3309 5516 3503 5561 tractat
3532 5510 3583 5562 iu

2007 5575 2079 5630 42
2133 5577 2312 5645 capite
2370 5575 2491 5631 libri
2576 5577 2893 5643 supradicti.
2952 5576 3027 5631 lbi
3086 5578 3318 5645 allirmat
3392 5575 3591 5631 multos

2010 5644 2298 5711 exsiStere,
2331 5660 2430 5701 suo
2462 5657 2723 5716 tempore,
2752 5647 2982 5717 illosque
3003 5648 3255 5717 omnibus
3284 5644 3590 5717 ﬂagitiisac

2012 5717 2261 5770 sordibus
2290 5717 2671 5773 contaminari.
2707 5717 2837 5783 Quae
2865 5716 3072 5782 omnia,
3113 5716 3194 5770 vel
3223 5716 3584 5784 experientia,

2013 5786 2096 5839 vel
2143 5785 2286 5839 fama
2337 5787 2625 5856 cognovit.
2665 5785 2857 5842 Tradit
2886 5787 3304 5856 etiamiillorum
3351 5794 3593 5856 systema

2021 5856 2273 5926 componi
2294 5856 2573 5913 erroribus
2601 5855 2841 5913 Simonis
2866 5855 3029 5924 Magi,
3062 5854 3359 5926 Menandri,
3384 5854 3586 5911 Satur-
