4034 6386
360 377 383 430 Ι
394 376 494 433 029

1486 378 1688 433 LIBER
1729 378 1816 433 DE
1856 378 2126 435 SPIHITU
2172 376 2459 434 SANCTO.

3465 375 3489 429 1
3500 372 3602 431 050

357 492 586 561 genitos.
623 488 755 545 Nam
784 491 926 546 haud
954 491 1084 546 mihi
1104 492 1429 561 persuadere
1452 504 1691 560 possum,
1713 489 1848 545 ﬁlios
1872 489 1926 543 in
1957 495 2007 552 Α
2105 488 2255 544 Nune
2298 498 2498 555 autem,
2536 489 2654 561 hoc;
2675 488 2805 544 milti
2849 489 3020 561 solum
3051 487 3264 561 signum
3297 486 3601 561 addendum

359 561 708 628 sequentibus
761 562 996 615 testibus
1057 570 1404 624 memoratos,
1456 561 1725 628 appellari
1768 572 1928 628 posse

360 627 497 682 ﬁlios
529 640 735 682 tantum
770 631 1064 685 secundum
1092 630 1363 698 spiritum,
1410 627 1551 684 sicut
1599 629 1657 681 S.
1699 627 1930 699 Cyrillus

356 700 878 771 llierosolytuitanus
905 699 1282 771 loquitttr,_6td
1310 700 1690 771 κατηχήσεως.
1720 699 1774 751 In
1816 714 1923 752 uno

363 779 506 839 textu
532 768 641 839 jam
673 768 916 839 allegato.
949 768 1140 835 legitur
1171 769 1224 823 in
1254 784 1373 838 cap.
1402 768 1465 832 7,
1514 768 1610 839 lib.
1646 783 1927 839 tt,7parag.

361 837 431 891 8:
464 837 667 908 Κέρδος
692 836 801 909 γὰρ
834 836 1206 908 μέγιστον.....
1250 840 1300 892 id
1322 836 1420 893 'est
1449 855 1463 891 :
1499 856 1517 889 ‹
1543 838 1673 892 Nam
1721 838 1927 891 lucrum

361 910 652 961 maximum
681 916 734 961 et
762 918 1020 961 aeternum
1059 917 1186 977 puto
1223 910 1327 962 mei
1355 909 1560 976 ipsius,
1611 915 1667 961 et
1718 923 1928 969 eorum,

362 977 454 1046 qui
487 993 553 1030 ex
588 977 805 1047 meiorti
840 987 986 1042 sunt,
1023 992 1319 1047 eorumque
1347 979 1436 1047 qui
1469 978 1750 1032 nobiscum
1778 988 1926 1041 sunt,

361 1061 576 1117 onmem
628 1046 865 1100 laborem
913 1058 1152 1111 strenue,
1206 1046 1270 1101 ac
1328 1046 1657 1117 periculum,
1705 1047 1929 1117 siiopns

363 1115 546 1178 fuerit,
577 1117 759 1170 subire
820 1131 916 1185 pro
955 1131 1021 1170 eo
1062 1118 1152 1185 qui
1205 1115 1565 1172 nos—fecit....
1620 1115 1931 1185 Supplicate

361 1186 706 1254 peculiariter
737 1200 834 1256 pro
878 1200 984 1251 me,
1024 1195 1077 1239 et
1116 1201 1214 1256 pro
1242 1187 1309 1241 iis
1335 1188 1424 1256 qui
1483 1186 1617 1255 (orti
1645 1185 1808 1256 sunt)
1859 1201 1929 1240 ex

363 1269 471 1319 me,
503 1271 567 1309 ac
593 1270 690 1324 pro
718 1255 784 1309 iis
809 1256 898 1324 qui
932 1255 1141 1310 mecum
1174 1266 1317 1321 sunt,
1351 1255 1406 1310 et
1430 1271 1528 1325 pro
1561 1255 1928 1310 omnibus..."

365 1334 538 1377 nt.....
569 1341 666 1378 nos
695 1340 816 1379 cum
842 1326 1092 1380 omnibus
1124 1325 1268 1391 ﬁliis,
1303 1340 1423 1379 cum
1458 1336 1566 1379 tota
1598 1325 1776 1386 domo,
1808 1341 1927 1378 cum

367 1403 485 1463 t0ta
526 1392 748 1455 familia,
805 1404 860 1447 et
902 1410 1023 1448 cmn
1062 1396 1310 1449 onmibus
1352 1396 1542 1449 amicis
1580 1394 1773 1463 (amici
1803 1410 1931 1449 vero

365 1462 520 1517 nobis
543 1472 668 1517 sunt
705 1464 1025 1534 orthodoxi)
1052 1479 1357 1519 mereamur
1395 1467 1670 1519 vobiscum
1712 1480 1836 1534 una,
1877 1473 1934 1518 et

362 1546 486 1586 cum
538 1535 786 1588 omnibus
823 1532 1028 1588 sanctis
1094 1549 1211 1588 eam
1264 1534 1501 1596 laudare,
1567 1543 1650 1587 ter
1704 1532 1931 1587 Sanctus

365 1604 629 1673 canendo,
675 1606 727 1656 in
773 1605 940 1661 caelis,
977 1621 995 1654 ι
1038 1614 1144 1657 etc.
1174 1622 1188 1656 :
1218 1602 1284 1656 Et
1322 1603 1374 1673 in
1410 1619 1530 1673 cap.
1567 1603 1638 1657 27
1692 1603 1931 1673 ejusdem

364 1673 484 1744 libri
518 1687 532 1724 :
564 1672 831 1743 Λίσσομαι
859 1673 997 1744 ὑπὲρ
1022 1673 1116 1726 τοῦ
1142 1672 1448 1744 ἐμαυτοῦ...
1482 1672 1545 1727 id
1583 1682 1666 1728 est
1697 1690 1712 1727 :
1755 1691 1773 1723 ι
1796 1672 1932 1741 Sup-

361 1743 504 1811 plieo
530 1757 626 1808 pro
661 1757 744 1795 me
779 1745 915 1812 ipso,
941 1743 995 1796 et
1018 1757 1115 1811 pro
1148 1743 1222 1796 'iis
1281 1745 1370 1812 qui
1406 1744 1514 1797 nati
1544 1751 1671 1798 sunt
1713 1756 1779 1795 ex
1823 1757 1928 1812 me,

362 1810 421 1867 et
446 1827 543 1881 pro
600 1812 665 1867 iis
716 1810 813 1881 qui
849 1813 960 1866 nati
994 1810 1118 1867 sunt
1145 1824 1201 1867 et
1230 1810 1520 1881 nascentur
1557 1813 1624 1866 ab
1670 1812 1791 1875 illis,
1827 1810 1936 1864 into
1970 1820 2011 1875 Β

362 1880 529 1937 etiam
555 1896 652 1948 pro
680 1880 951 1946 omnibus,
976 1882 1235 1937 obedieus
1273 1880 1540 1937 Salvatori
1569 1881 1812 1943 Christo,
1844 1883 1933 1949 qui

363 1951 529 2020 jussit
573 1966 669 2006 nos
696 1966 855 2005 orare
891 1952 1118 2004 alterum
1171 1967 1268 2017 pro
1319 1953 1509 2006 altero.
1537 1969 1555 2002 ι
1608 1950 1848 2019 Denique
1883 1953 1935 2003 in

365 2036 484 2089 cap.
525 2021 562 2073 2
591 2020 683 2093 lib.
720 2035 779 2074 ιιι
808 2038 836 2093 ςΔ
864 2021 955 2091 Τῷ
987 2020 1045 2074 δὲ
1084 2021 1296 2093 Θεῷ...
1329 2022 1380 2075 id
1406 2030 1546 2093 gest:
1579 2038 1597 2071 ι
1625 2021 1733 2075 Deo
1757 2029 1935 2093 autem

368 2106 555 2145 rursus
594 2091 648 2144 in
674 2090 935 2145 omnibus
966 2090 1222 2156 conﬁsus,
1268 2094 1356 2158 qui
1397 2090 1589 2145 ﬂuctus
1625 2091 1937 2156 compescit,

364 2170 422 2214 et
453 2175 763 2229 prosperam
807 2161 1203 2230 navigationem
1255 2163 1464 2215 dat.....
1507 2161 1822 2230 progredior
1869 2160 1936 2213 ad

365 2231 667 2299 sequentia.
712 2230 956 2295 credens,
993 2232 1133 2298 quod
1151 2270 1175 2300 ν,
1217 2231 1530 2300 priusquam
1582 2230 1791 2298 loquar,
1832 2243 1937 2283 una

367 2313 488 2353 cum
513 2300 636 2353 ﬁliis
691 2300 832 2369 quod
861 2301 1007 2353 dedit
1029 2299 1182 2365 milti,
1216 2299 1271 2354 et
1300 2299 1425 2355 filiis
1448 2299 1698 2362 ﬁliorum,
1722 2308 1940 2368 propter

365 2384 500 2438 quos
540 2370 703 2424 etiam
746 2370 989 2424 vis-entes
1030 2369 1360 2436 laboramus,
1396 2386 1474 2435 ac
1508 2378 1768 2438 praeterea
1815 2383 1937 2423 cum

365 2439 633 2510 om_nibus,
672 2453 807 2510 quos
842 2439 927 2492 ille
953 2440 1118 2510 novit,
1152 2441 1380 2510 gratiam
1406 2450 1724 2510 accepturus
1754 2438 1877 2510 sim.
1903 2455 1933 2510 ί»

438 2507 678 2583 Tertium
727 2508 938 2583 signum
965 2507 1233 2583 colligitur
1260 2524 1292 2583 e
1315 2526 1437 2583 cap.
1465 2510 1535 2563 26
1569 2524 1605 2562 ιι
1650 2508 1796 2583 libri,
1827 2509 1939 2572 ubi,

367 2578 799 2633 sanetissimam’
841 2578 1159 2633 Trinitatem
1246 2578 1571 2645 obsecrans,
1666 2579 1941 2647 multaque

367 2662 587 2718 rogans,
617 2650 756 2701 inter
779 2647 881 2702 alia
920 2650 1058 2703 hanc
1094 2647 1161 2702 ab
1195 2663 1258 2702 ea
1302 2650 1539 2717 postulat
1579 2647 1842 2718 gratiam,
1884 2657 1942 2699 ut

365 2717 517 2788 Nilus
546 2719 702 2785 aquis
727 2718 991 2788 abundet;
1045 2733 1163 2786 qua:
1188 2719 1425 2788 precatio
1456 2717 1696 2772 indicare
1730 2718 1943 2788 videtur

366 2787 555 2857 illunr
604 2787 838 2857 regionis
891 2787 996 2842 Nili
1029 2786 1217 2842 vicinae
1301 2787 1473 2843 fuisse
1530 2788 1785 2848 incolam.
1831 2786 1942 2841 Kal.

365 2856 599 2928 εὑσιρχίοιΔ
654 2856 844 2928 μένω.
890 2858 942 2911 id
986 2868 1063 2913 est
1101 2870 1117 2909 :
1153 2857 1265 2912 «Et
1318 2867 1462 2913 recta
1522 2857 1940 2928 administratio,

367 2941 430 2982 ac
477 2926 735 2996 profunda
781 2943 885 2996 pax
936 2943 1036 2996 per
1080 2937 1244 2981 tctam
1279 2928 1500 2981 terram'
1529 2942 1593 2981 ac
1645 2942 1796 2980 mare
1837 2926 1944 2980 erit

360 2998 511 3051 omni
572 2999 728 3053 modo
768 3006 821 3052 et
865 2999 1117 3052 ratione:
1150 3008 1206 3051 et
1241 2998 1342 3051 Nili
1385 2997 1583 3051 ﬁuenta
1638 2996 1832 3066 plena;
1887 3007 1943 3050 et

369 3067 601 3137 maxima
631 3078 871 3137 segetum
896 3069 1089 3137 copia;
1125 3082 1315 3137 magna
1356 3083 1482 3121 vero
1501 3106 1517 3130 ,
1546 3074 1602 3137 et
1632 3066 1941 3137 omnimoda

365 3134 770 3207 atnbitiosortim
817 3134 1072 3207 penuria;
1120 3134 1239 3192 nec'
1268 3138 1368 3191 iam
1416 3135 1645 3206 amplius
1694 3134 1830 3191 alter
1873 3137 1943 3191 ob

2032 570 2298 626 superest,
2356 575 2463 624 quo
2516 559 2806 624 mediante,
2865 560 2909 613 si
2968 558 3126 622 forte,
3184 559 3326 612 sicut
3381 558 3609 613 credere

2031 627 2179 694 licet,
2218 630 2270 682 in
2303 630 2482 695 aliqua
2517 630 2743 698 Europae
2789 629 3114 684 bibliotheca
3152 627 3420 698 quoddam
3471 627 3601 698 alte.

2035 714 2152 751 rum
2181 698 2340 765 hujus
2367 699 2558 767 Operis
2582 695 2861 767 exemplar
2886 695 3328 767 absconderetur,
3340 695 3606 767 jamillud

2032 765 2617 839 faciliusdctegiraut
2682 765 2911 839 inveniri
2959 766 3344 839 possetaNam
3399 765 3611 839 primus

2033 836 2169 891 liber
2215 838 2298 891 his
2348 838 2686 893 concluditur
2734 838 2914 892 verbis
2948 833 2973 889 ε’
3007 837 3096 900 Ὡς
3138 838 3208 890 τὰ
3245 836 3354 890 τῶν
3398 833 3614 907 ᾆνθρώ-

2032 924 2171 970 πων,
2200 917 2254 961 et
2278 907 2347 962 ’56
2374 909 2549 975 capita
2593 907 2774 969 habet,
2810 923 3038 975 quorum
3065 922 3161 961 sex
3188 907 3360 974 prima
3396 906 3607 975 integra

2034 979 2229 1031 desunt
2283 977 2336 1031 in
2409 991 2528 1031 meo
2567 976 2885 1045 exemplari,
2920 986 2975 1030 et
3025 977 3364 1045 sequentium
3413 989 3609 1045 magna

2033 1061 2159 1115 pars
2207 1062 2376 1113 usque
2416 1048 2481 1099 ad
2521 1044 2766 1116 quintum
2816 1044 3115 1116 decimum.
3154 1044 3436 1116 Secundus
3475 1044 3611 1116 liber

2033 1112 2113 1169 sic
2145 1112 2330 1184 incipit
2359 1134 2372 1170 :
2406 1118 2468 1169 Οἱ
2512 1112 2905 1181 σ’πουδάζοντες
2933 1112 3071 1169 εἶναι
3115 1116 3242 1179 ναὸς
3285 1113 3388 1168 κᾶν
3428 1114 3612 1176 ποσῶς

2032 1185 2202 1250 ἄξιος,
2246 1195 2299 1239 et
2337 1186 2581 1240 continet
2615 1186 2682 1239 27
2725 1187 2921 1252 capita.
2973 1187 3215 1240 Tertium
3271 1186 3350 1238 sic
3401 1185 3610 1253 incipit,

2032 1255 2193 1327 Ψυχὴ
2231 1255 2352 1327 καθῗ
2380 1256 2547 1327 αὑῖὴν
2576 1256 2636 1308 ἐν
2672 1255 2751 1323 τῷ
2795 1254 2970 1327 γοητῷ
3009 1254 3225 1325 ἀπαθὴς
3264 1253 3609 1327 ὑπάρχουσα,

2032 1335 2089 1379 et
2117 1324 2428 1379 continebat
2451 1324 2520 1380 42
2547 1327 2723 1392 capita
2742 1324 3106 1390 solummodo,
3133 1324 3280 1393 quia,
3314 1325 3439 1377 licet
3473 1339 3610 1392 qua-

2035 1395 2398 1464 dragesimum
2465 1397 2758 1449 secundum
2817 1395 3188 1463 imperfectum
3242 1396 3315 1448 sit
3355 1394 3423 1464 Ain
3490 1408 3613 1448 meo

2033 1462 2365 1533 exemplari,
2405 1464 2778 1519 deficientibus
2826 1462 3147 1531 quibusdam
3207 1462 3463 1533 partibus
3509 1466 3614 1516 sub

2034 1532 2171 1605 ﬁne,
2198 1543 2373 1587 tamen
2402 1535 2758 1605 capitulorum
2784 1532 3412 1605 atqtteargumentorum
3450 1532 3609 1605 index

2034 1604 2177 1673 quod
2226 1605 2494 1673 reperitur
2575 1604 2628 1657 in
2679 1604 2832 1673 initio
2885 1604 3053 1672 primi
3080 1605 3221 1658 sicut
3274 1614 3328 1657 et
3383 1604 3604 1673 secundi

2035 1672 2180 1737 libri,
2230 1672 2562 1742 demonstrat
2609 1688 2716 1729 non
2759 1672 2909 1742 plura
2958 1674 3126 1729 fuisse
3166 1687 3331 1741 quam
3381 1672 3616 1742 quadra-

2035 1741 2181 1811 ginta
2220 1740 2327 1795 duo
2356 1744 2554 1811 capita.

2111 1810 2235 1866 Haec
2262 1810 2593 1880 suntpauca
2633 1826 2752 1880 quae
2783 1811 2898 1875 tibi,
2949 1811 3174 1866 Domine
3217 1810 3309 1873 mi,
3341 1824 3613 1879 exponere

2041 1881 2188 1948 potui
2238 1882 2305 1935 de
2337 1881 2574 1936 Auctore
2626 1882 2965 1951 dignissimo,
3014 1897 3100 1935 me
3124 1881 3343 1951 judice,
3381 1880 3528 1951 quia
3563 1889 3616 1932 te

2039 1960 2370 2005 nosceretur.
2411 1951 2623 2006 Utinam
2657 1949 2815 2014 alter,
2868 1966 2983 2005 mea
3024 1949 3247 2020 epistola
3280 1949 3612 2010 stimulatus,

2040 2020 2284 2091 alterum?
2320 2022 2596 2088 exemplar
2626 2022 2853 2091 detegat
2894 2021 3040 2091 inter
3074 2021 3329 2090 antiquos
3375 2021 3611 2080 codices,

2040 2091 2191 2159 quod
2219 2090 2507 2159 aliquando
2538 2091 2589 2144 in
2624 2090 2797 2144 lucem
2839 2090 2923 2144 edi
2960 2091 3173 2159 possit:
3199 2105 3313 2159 jam
3343 2104 3447 2142 non
3490 2098 3615 2143 tunc

2040 2158 2403 2214 existimarem
2453 2175 2635 2229 meam
2687 2158 2973 2226 epistolam
3030 2158 3483 2229 supervacaneam
3551 2173 3617 2211 ac

2038 2229 2186 2282 omni
2238 2229 2467 2283 utilitate
2505 2226 2840 2284 destitutam.
2892 2230 2948 2284 Si
2991 2226 3166 2284 tamen
3196 2231 3248 2283 in
3272 2243 3334 2282 ea
3360 2229 3612 2297 quiddam

2043 2298 2185 2352 haud
2213 2298 2583 2364 injucundum,
2613 2300 2752 2354 sicut
2777 2298 3005 2353 libenter
3035 2300 3257 2354 credere
3294 2313 3438 2358 amo,
3464 2312 3619 2366 repe-

2043 2367 2354 2438 rieris,jam
2385 2385 2519 2423 mea:
2537 2384 2716 2438 opera:
2743 2384 2807 2423 ac
2825 2368 3029 2423 laboris
3069 2368 3370 2423 mercedem
3393 2368 3620 2438 adeptus

2041 2452 2183 2492 sum.
2232 2437 2375 2492 Nihil
2412 2437 2733 2493 enim’mihi
2768 2439 2939 2506 magis
2979 2440 3126 2493 cordi
3161 2449 3270 2503 est,
3306 2453 3467 2506 quam
3520 2437 3622 2490 ali-

2042 2509 2171 2575 quid
2203 2508 2296 2561 tibi
2338 2519 2548 2577 gratum
2615 2508 2813 2562 facere.
2860 2498 2991 2563 ’ΤΠιί
3033 2519 3212 2563 autem
3247 2498 3494 2577 placeat,
3562 2518 3617 2559 ut

2043 2577 2175 2631 mihi
2207 2576 2355 2632 tuam
2383 2579 2708 2645 sententiam
2743 2593 2806 2632 ea
2835 2579 2900 2631 de
2925 2592 2984 2631 re
3008 2576 3292 2633 remittas.
3325 2576 3460 2631 Cum
3512 2591 3623 2629 ma-

2042 2646 2125 2718 gis
2162 2662 2224 2718 ac
2267 2648 2436 2718 magis
2493 2649 2548 2701 iu
2581 2648 2694 2718 dies
2729 2660 2939 2702 crescat
2971 2649 3173 2716 optima
3206 2648 3390 2717 opinio
3418 2646 3484 2701 ile
3517 2649 3623 2700 tuis

2042 2716 2258 2771 eximiis
2296 2716 2582 2771 virtutibus
2607 2717 2923 2785 jamdudum
2975 2733 3005 2771 a
3050 2734 3135 2773 me
3177 2725 3464 2787 concepta,
3509 2726 3623 2787 toto

2045 2787 2208 2840 corde
2243 2786 2335 2840 tibi
2378 2789 2557 2841 omnia
2595 2787 2769 2842 fausta
2817 2802 3010 2855 precor
3052 2786 3413 2856 omnibusque
3466 2786 3624 2840 diﬁu-

2042 2857 2204 2910 sioris
2247 2857 2491 2930 obsequii
2537 2858 2854 2930 testimoniis
2908 2858 3125 2930 omissis
3174 2855 3280 2930 (ea_
3315 2855 3458 2910 enitr.
3516 2874 3621 2909 nntt

2044 2936 2361 2997 acceptares
2390 2942 2418 2978 a
2452 2926 2652 2997 famulo
2681 2928 2775 2981 tibi
2811 2927 3162 2981 devotissimo
3185 2926 3393 2997 'tuique
3435 2942 3623 2979 aman-

2046 2994 2311 3065 tissimo),
2354 3004 2407 3050 te
2460 2996 2695 3050 maxima
2755 2998 3057 3051 reverentia
3100 2994 3323 3062 colens;
3378 3009 3467 3054 me
3518 3007 3623 3049 tuae

2045 3064 2446 3134 benignissimm
2477 3068 2670 3134 gratiae
2697 3076 2799 3117 tute
2830 3069 3175 3121 commendo.

2124 3132 2384 3199 Véuetiis,
2412 3134 2483 3188 50
2520 3132 2665 3189 Junii
2696 3135 2852 3188 1765.

371 3205 597 3262 alterum
629 3205 830 3273 lugeat.
865 3225 884 3258 ι

378 3311 586 3322 ——_._

588 3311 795 3322 h-—-———‘

377 3327 562 3339 -κς

660 3330 813 3339 -..ορ-

550 3421 653 3486 ΙΝ
686 3421 1236 3500 SEQUENTEM
1267 3421 1604 3485 LIBRUM
1637 3422 1965 3484 DIDYMI
1999 3422 2121 3483 DE
2160 3422 2515 3486 SPIRITU
2550 3424 2883 3487 SANCTO
2922 3423 3431 3486 ADMONITIO.

1479 3566 1640 3640 (Opp.
1675 3569 1736 3624 s.
1768 3568 2081 3641 Hieronymi
2104 3570 2193 3625 ed.
2231 3548 2508 3626 \‘allarsi.t

453 3706 712 3777 Didymus
738 3707 1153 3774 Alexandrinus,
1186 3707 1278 3778 qui
1310 3705 1629 3763 miraculum
1655 3706 1738 3764 sui
1761 3707 2008 3778 prmbuit,
2040 3709 2184 3778 quod
2220 3720 2409 3781 captus
2442 3726 2471 3765 a
2508 3726 2669 3780 parva
2701 3721 2860 3767 astate
2890 3713 3087 3781 oculis,
3131 3714 3479 3783 ipsorumque
3512 3711 3625 3767 ele-

371 3808 672 3855 mentorum
706 3801 947 3871 ignarus,
983 3802 1125 3856 omni
1159 3812 1337 3856 tamen
1370 3800 1723 3857 scientiarum
1754 3801 2169 3871 genere,iisque
2185 3804 2351 3858 etiam
2372 3818 2493 3872 quae
2516 3805 2751 3859 maxime
2785 3806 2902 3861 visu
2935 3807 3198 3873 indigent,
3236 3806 3397 3860 fuerit
3418 3806 3624 3874 expolt-

369 3902 474 3957 tus,
518 3892 656 3947 inter
686 3902 883 3947 caetera
920 3908 1041 3962 quae
1072 3892 1273 3959 ingenii
1298 3892 1382 3947 sui
1411 3891 1630 3962 reliquit
1660 3899 2030 3957 monumenta,
2069 3892 2212 3947 hunc
2247 3893 2319 3948 De
2378 3893 2583 3964 Spiritu
2636 3909 2817 3951 sancto
2875 3895 3072 3951 librum
3101 3895 3369 3965 frequenti
3398 3892 3624 3950 fratrum

366 3983 748 4040 exhortatione
779 3985 1092 4053 compulsus
1120 3993 1204 4039 est
1226 3985 1490 4051 scribere,
1518 3991 1576 4038 ut
1606 3983 1987 4039 nonnullorum
2033 3995 2338 4040 commenta
2392 3986 2658 4041 refelleret
2709 3990 2850 4043 circa
2894 3987 3154 4058 Spiritum
3193 3996 3466 4054 sanctum,
3504 4002 3625 4057 quae

367 4091 548 4143 neque
580 4076 632 4130 in
670 4075 973 4146 Scripturis
1008 4076 1167 4141 lecta,
1193 4091 1370 4148 neque
1392 4091 1422 4130 a
1452 4090 1728 4145 quoquam
1757 4075 2256 4132 ecclesiasticorum
2297 4086 2540 4133 veterum
2575 4079 2790 4134 fuerant
2815 4088 3097 4150 usurpata.
3128 4077 3507 4149 Hieronymus,
3531 4082 3622 4149 qui

370 4164 584 4236 Didymi
617 4167 976 4221 eruditionem
1006 4182 1128 4221 cum
1156 4167 1348 4236 primis
1376 4175 1462 4221 est
1496 4166 1818 4229 admiratus,
1860 4179 2043 4235 eoque
2060 4167 2324 4235 magistro
2365 4182 2495 4223 usus
2522 4167 2885 4235 Alexandriae,
2916 4169 3150 4237 primum
3176 4168 3395 4237 quidem
3428 4167 3622 4237 impel-

364 4258 516 4314 lente
544 4257 774 4312 Damaso
805 4257 1049 4312 Romano
1080 4256 1355 4327 pontiﬁce,
1394 4272 1516 4312 cum
1549 4255 1739 4311 Romae
1771 4265 1981 4324 ageret,
2007 4255 2216 4312 Latinis
2242 4257 2393 4311 illum
2425 4257 2607 4329 verbis
2627 4259 3174 4328 cmperatexplicare,
3202 4257 3393 4313 deinde
3415 4255 3625 4313 Jeroso.

367 4347 568 4420 lymam
601 4350 933 4419 postliminio
966 4363 1242 4413 reversus,
1268 4348 1577 4402 Pauliniani
1608 4347 1798 4401 fratris
1830 4350 2069 4414 hortatu,
2100 4361 2168 4402 ex
2212 4349 2425 4419 integro
2455 4349 2619 4404 vertit
2643 4359 2805 4418 atque
2834 4348 3022 4407 edidit.

443 4438 748 4509 Singularis
801 4454 963 4510 porro
1011 4448 1097 4494 est
1153 4438 1307 4501 liber,
1365 4437 1819 4507 quemadmodum
1878 4446 1933 4491 et
1989 4436 2349 4509 Hieronymus
2400 4439 2514 4508 ipse
2539 4440 2751 4507 quoties
2801 4455 2923 4494 eum
2959 4439 3161 4504 laudat,
3193 4448 3251 4495 ut
3287 4441 3339 4495 in
3368 4442 3620 4513 catalogo

367 4544 493 4600 cap.
533 4531 655 4596 109,
679 4542 734 4585 et
758 4531 899 4585 libro
930 4546 967 4585 ιι
1002 4531 1056 4583 in
1092 4526 1366 4596 Ruﬁnum,
1399 4537 1454 4582 et
1480 4542 1612 4582 mss.
1640 4528 1851 4581 codices
1877 4535 2141 4595 quotquot
2170 4528 2508 4597 inspeximus
2538 4527 2846 4582 testimonio
2873 4539 3017 4583 sunt.
3048 4528 3380 4599 Augustinus
3404 4545 3619 4601 quoque

366 4624 463 4685 lib.
498 4640 537 4679 ιι
573 4623 933 4689 ρυωειὶοηιιηι
956 4624 1013 4676 in
1045 4622 1456 4689 Exodum,'cap.
1487 4621 1581 4685 25,
1603 4619 1992 4702 Νἱεεριιοιιιει.
2032 4636 2112 4687 tx,
2136 4636 2256 4689 cap.
2292 4621 2378 4686 l7,
2409 4631 2462 4675 et
2492 4620 2952 4688 Ratramnus,qui
2984 4619 3452 4692 Hieronymianam
3479 4623 3622 4677 hanc.

367 4717 540 4790 ipsam
573 4718 873 4772 versionem
904 4716 1055 4786 legit,
1091 4726 1275 4769 contra
1310 4710 1521 4769 Graecos
1550 4714 1644 4770 lib.
1684 4730 1884 4783 tt,cap.
1915 4715 1969 4781 5,
2004 4717 2220 4771 unicum
2252 4714 2445 4770 librum
2475 4726 2707 4778 vocant;
2736 4716 2951 4770 necuisi
2978 4716 3314 4772 incommoda
3332 4719 3623 4791 περιεργίᾳ

367 4808 565 4862 factum
593 4817 699 4871 est,
735 4817 793 4861 ut
830 4817 1024 4863 contra
1054 4806 1296 4862 auctoris
1330 4817 1495 4875 atque
1518 4807 1838 4878 interpretis
1869 4817 2102 4865 mentem
2130 4808 2199 4862 ad
2230 4809 2370 4864 hanc
2398 4824 2566 4877 usque
2601 4810 2742 4862 diem
2778 4808 2847 4862 ab
2895 4809 3193 4864 editoribus
3227 4809 3541 4881 criticisque
3565 4812 3618 4865 iu

374 4908 486 4955 tres
519 4900 688 4956 libros
716 4899 873 4970 vulgo
902 4898 1070 4954 fuerit
1096 4898 1436 4969 dispertitos.
1476 4899 1596 4969 Ipsa
1618 4901 1782 4953 etiam
1815 4902 2076 4955 librorum
2104 4899 2379 4955 distinctio
2402 4899 2620 4955 fortuita
2638 4914 2721 4955 est
2747 4910 2910 4968 atque
2938 4899 3183 4966 inutilis;
3212 4917 3361 4967 nam,
3392 4904 3624 4979 exempli

369 4993 568 5062 gratia,
605 4992 796 5048 tertius
833 4991 968 5046 liber
997 5006 1029 5046 e
1050 4991 1225 5045 media
1262 4991 1563 5060 prophetici
1600 4991 1706 5046 loci
1742 4992 2310 5062 expositioneinitiutn
2339 4992 2524 5059 jussus
2540 5000 2625 5047 est
2650 5005 2886 5059 sumere,
2911 4994 3054 5061 quod
3082 4993 3273 5048 vitium
3304 5003 3387 5049 est
3409 4993 3476 5049 ab
3494 5010 3623 5051 eru-

368 5084 467 5140 diti
486 5083 768 5153 SCriptoris
784 5084 1001 5153 ingenio
1017 5083 1434 5139 alienissimum.
1456 5081 1563 5137 Sed
1578 5082 1631 5136 in
1653 5090 1763 5137 tres
1777 5084 1868 5152 qui
1881 5084 2000 5137 dem
2017 5090 2198 5153 partes
2233 5093 2325 5137 aut
2340 5084 2517 5153 capita
2538 5085 2817 5139 commode
2833 5085 3002 5153 possit
3018 5084 3290 5153 distribui;
3310 5100 3431 5140 nam
3449 5088 3626 5156 primo

366 5172 630 5245 Spiritum
663 5183 909 5229 sanctum
942 5164 1270 5229 diversaaab
1308 5172 1517 5243 angelis
1548 5182 1756 5227 naturae
1785 5187 1908 5227 esse
1935 5172 2118 5227 multis
2145 5173 2481 5243 argumentis
2510 5189 2575 5228 ae
2597 5173 2925 5228 testimoniis
2958 5174 3271 5241 constituit;
3298 5176 3492 5230 deinde
3506 5175 3625 5245 ejus

365 5282 584 5336 quoque
608 5265 847 5322 nominis
870 5265 1272 5321 invocationem
1302 5265 1356 5319 in
1385 5263 1653 5333 baptismo
1680 5263 2047 5319 necessariam
2073 5264 2289 5332 probat,
2314 5273 2372 5316 ut
2391 5263 2705 5332 imperfecte
2729 5265 2988 5334 baptizet,
3007 5278 3185 5333 neque
3202 5266 3379 5320 adeoa
3401 5278 3623 5334 peccato

364 5357 584 5422 liberet,
620 5357 712 5426 qui
739 5357 1063 5421 reticuerit;
1100 5357 1258 5411 tertio
1286 5354 1674 5410 indivisibilem
1707 5369 1830 5410 esse
1862 5354 2038 5420 illum,
2063 5364 2227 5424 atque
2251 5356 2666 5426 impassibilem,
2703 5354 2854 5412 Patri
2886 5373 2951 5412 ac
2979 5357 3118 5413 Filio
3138 5358 3621 5429 otiootio-tamenim

365 5448 455 5501 alii
480 5448 673 5503 divina:
704 5448 1024 5504 substantia:
1053 5447 1330 5506 attributis
1371 5447 1660 5517 praeditum
1691 5447 1867 5502 docet.

440 5539 664 5595 Graecus
688 5539 898 5610 Didymi
936 5548 1116 5594 textus
1147 5539 1447 5605 intercidit,
1470 5553 1708 5607 eumque
1738 5537 1969 5593 fortasse
1997 5537 2280 5593 doctorum
2312 5540 2568 5596 manibus
2598 5542 2842 5598 excussit
2875 5541 2987 5611 ipsa
3018 5541 3329 5614 Hieronymi
3357 5543 3625 5612 interpre-

365 5635 534 5700 tatio;
566 5633 634 5688 de
662 5632 815 5700 cujus
841 5641 1024 5687 tamen
1058 5630 1317 5687 ﬁdelitate
1338 5648 1443 5686 non
1468 5633 1603 5686 satis
1625 5631 1869 5686 consulte
1894 5633 2144 5687 videntur
2162 5633 2405 5687 nonnulli
2431 5632 2746 5700 detrahere,
2778 5635 2904 5689 dum
2931 5634 3120 5700 multa,
3152 5650 3273 5705 qum
3306 5636 3373 5691 ab
3392 5636 3628 5699 Alexan.

363 5723 522 5778 drino
552 5732 775 5778 auctore
805 5721 946 5778 haud
969 5722 1353 5790 processerint,
1394 5732 1596 5789 assuta,
1633 5722 1908 5792 multaque
1930 5723 2056 5789 alia,
2082 5732 2137 5778 et
2165 5723 2434 5794 praecipue
2484 5723 2795 5793 Origeniani
2826 5725 3098 5795 dogmatis
3126 5725 3214 5781 cui
3238 5735 3357 5782 erat
3376 5726 3623 5782 addictus

336 5784 346 5798 ’
371 5816 564 5873 menda
592 5826 846 5888 purgata,
873 5814 940 5873 ab
959 5815 1259 5888 interprete
1277 5814 1787 5873 comminiscuntur.
1821 5816 2084 5887 Exiguam
2119 5832 2251 5877 sane
2268 5817 2532 5875 rationem
2564 5832 2685 5877 esse
2716 5817 2874 5876 velim
2903 5817 3044 5888 ejus,
3072 5818 3214 5888 quod
3235 5826 3413 5877 tamen
3429 5820 3624 5891 praeci-

2131 5930 2176 5946 ιο
