4034 6392
461 398 598 454 1051
1736 387 1974 447 DIDYMI
2012 387 2071 443 Al

2176 384 2487 442 {ANDRINI
3587 376 3737 434 1059.

457 523 625 579 puum
647 517 751 575 est,
773 511 1078 581 argumenti
1097 525 1162 565 ex
1186 509 1498 582 ὁμοουσῐου,
1524 506 1951 578 ειάνομοουσίου
1976 519 2071 559 voc

2176 518 2218 568 s,
2235 518 2262 556 a
2285 503 2482 571 quibus
2496 504 2806 560 Adamantii
2825 512 3121 561 sectatores
3136 502 3364 560 multum
3385 502 3723 560 contendunt

457 602 835 658 abhorruisse.
871 603 1006 658 Nam
1043 618 1216 673 neque
1251 603 1325 658 ita
1360 601 1587 672 singulis
1641 598 1986 668 Origcnianze
2026 594 2313 649 sententiae
2355 595 2623 666 capitibus
2677 596 2935 666 Didymus
2964 594 3130 650 fuerit
3177 583 3471 651 obstrictus
3501 603 3559 646 ut
3587 593 3726 650 nihil

459 694 628 751 licere
660 694 764 749 sibi
791 695 1088 765 putaverit,
1118 709 1291 764 neque
1319 694 1364 749 si
1407 691 1540 746 nihil
1574 698 1836 760 praeterea
1863 703 2029 742 ausus
2071 694 2178 749 est,
2209 685 2426 754 quando
2465 683 2582 752 ejns
2614 682 2860 740 Graecum
2889 684 3173 756 exemplar
3195 683 3554 747 desideratur,
3589 695 3733 750 pro-

457 787 577 843 bari
615 787 737 842 ullo
768 785 932 841 modo
951 788 1142 856 possit.
1166 788 1372 842 Caetera
1401 799 1523 854 qua:
1555 785 1606 838 in
1645 799 1764 838 eam
1798 797 1913 837 rem
1966 780 2314 833 adducuntur
2353 777 2511 847 longe
2540 788 2670 832 sunt
2703 777 3029 832 inﬁrmiora.

532 877 795 950 Tempus,
818 880 904 934 cui
937 878 1248 950 Hieronymi
1277 879 1455 933 versio
1477 878 1663 932 isthazc
1689 877 1762 931 sit
1782 873 2258 940 ascribenda,|non
2277 885 2383 926 uno
2409 872 2626 940 proprie
2655 886 2797 925 anno
2827 869 3188 932 concluditur,
3218 878 3279 924 ut
3298 869 3509 923 czeteris
3537 877 3735 921 tracta-

464 970 610 1026 tibus
642 971 812 1026 ferme
839 974 1112 1028 usuvenit.
1144 973 1356 1040 lncepta
1384 986 1578 1040 nempe
1611 978 1696 1025 est
1722 970 1908 1023 Romae
1943 981 2090 1020 anno
2117 965 2246 1029 584,
2277 973 2336 1018 ut
2365 979 2428 1019 ex
2451 964 2620 1034 ipsius
2657 963 2987 1019 Praefatione
3014 961 3329 1033 planissime
3355 969 3586 1023 constat,
3609 974 3731 1014 cum

467 1062 732 1119 Damasus
757 1063 935 1119 adhuc
956 1065 1182 1130 viveret,
1207 1065 1298 1133 qui
1319 1063 1672 1132 suhejusdem
1696 1060 1822 1116 anui
1849 1059 2008 1113 finem
2037 1059 2178 1114 diem
2197 1057 2354 1111 obiit.
2372 1056 2534 1110 Certe
2560 1071 2666 1110 non
2693 1056 2838 1110 aliud
2855 1056 2921 1110 ab
2939 1051 3569 1124 istoDidymiopusculo,
3590 1049 3732 1120 quod

469 1155 572 1212 sibi
616 1156 1053 1211 transferendum
1093 1157 1487 1227 proposuisset,
1520 1155 1736 1208 videtur
1759 1151 1919 1206 nobis
1954 1151 2205 1212 innuere,
2230 1163 2352 1203 cum
2384 1147 2460 1200 ait
2483 1148 2543 1202 S.
2579 1148 2792 1206 Doctor.
2825 1165 2843 1198 ι
2873 1146 3084 1216 garrire
3123 1159 3184 1200 se
3215 1143 3419 1213 aliquid
3447 1162 3468 1196 ι
3502 1141 3734 1196 voluisse

471 1266 492 1300 ι
519 1247 590 1302 de
609 1247 815 1317 Spiritu
839 1259 1047 1316 sancto,
1070 1259 1125 1304 ct
1165 1259 1403 1317 emptum
1420 1246 1738 1316 opusculum
1757 1243 1997 1312 ejusdem
2017 1241 2320 1313 (Romanae)
2343 1241 2493 1294 urbis
2510 1241 2752 1308 pontifici
2777 1241 3050 1294 dedicare.
3077 1257 3095 1290 ι
3125 1238 3232 1292 Sed
3250 1254 3355 1291 non
3381 1244 3504 1289 ante
3535 1251 3733 1289 annum

465 1341 571 1396 389
590 1341 805 1396 videtur
832 1342 1102 1406 absoluta,
1134 1342 1619 1405 cum,:emu|orum
1658 1339 1916 1394 invidiam
1948 1338 2250 1400 declinans,
2275 1334 2624 1403 Jerosolymac
2645 1348 2705 1388 se
2728 1333 3041 1402 recepisset,
3075 1333 3382 1400 pariterque
3403 1342 3545 1385 esset
3572 1330 3732 1384 Beth-

467 1434 592 1489 lemi
627 1451 746 1490 cum
779 1435 1096 1490 Pauliniano
1132 1434 1318 1500 fratre,
1346 1433 1516 1488 Paula
1544 1441 1599 1486 et
1631 1429 1946 1485 Eustochio.
1980 1426 2242 1482 Eumdeni
2271 1425 2390 1494 plus
2415 1427 2594 1479 minus
2612 1440 2813 1478 annum
2841 1422 3046 1478 indicat
3081 1424 3134 1476 in
3159 1422 3437 1492 Calaiogo,
3474 1423 3563 1478 ubi
3599 1422 3736 1477 inter

469 1523 851 1580 llebraicorum
883 1526 1174 1580 Nominum
1209 1525 1434 1586 librum,
1461 1533 1516 1579 et
1553 1520 1820 1578 Homilias
1852 1522 1904 1572 in
1940 1519 2138 1572 Lucam
2177 1532 2245 1573 ex
2281 1518 2538 1586 Origene,
2570 1516 2812 1570 laborem
2854 1515 2996 1570 hunc
3025 1523 3314 1569 memorat.

538 1617 694 1684 Quod
727 1617 992 1687 reliquum
1019 1628 1122 1681 est,
1159 1617 1454 1672 editionem
1483 1615 1624 1670 hanc
1660 1623 1902 1668 nostram
1932 1611 1997 1665 ad
2031 1611 2190 1664 trium
2232 1625 2364 1663 mss.
2402 1609 2560 1662 fidem
2599 1607 3042 1662 emendavimus:
3071 1622 3266 1677 nempe
3295 1608 3456 1662 unius
3496 1607 3730 1662 Vaticani

467 1707 611 1763 49L5
638 1727 652 1776 ;
681 1719 790 1762 tum
824 1709 1050 1764 alterius
1077 1708 1676 1777 clegantissimi,quem
1708 1708 1758 1761 in
1792 1704 2120 1758 bibliotheca
2156 1701 2386 1756 Romani
2422 1701 2635 1770 collegii
2661 1700 2883 1755 Patrum
2921 1702 3213 1757 Societatis
3240 1700 3366 1757 Jesu
3392 1704 3730 1768 invenimus;

470 1799 704 1868 denique
732 1798 1010 1862 Tolosani,
1045 1814 1074 1851 a
1111 1814 1220 1868 quo
1255 1807 1542 1867 excerptas
1579 1797 1854 1851 variantes
1880 1795 2138 1849 lectiones
2158 1793 2504 1847 Martianzeus
2520 1792 2854 1860 rejeceratin
2884 1792 3007 1846 libri
3026 1792 3249 1851 calcem.
3277 1794 3352 1848 Ex
3383 1795 3732 1859 editionibus,

469 1905 591 1960 qua:
619 1900 743 1944 ante
781 1889 1158 1945 Erasmianam
1194 1888 1572 1945 collectionem
1598 1888 1868 1956 prodiere,
1898 1886 1952 1940 in
1980 1885 2266 1940 consilium
2299 1884 2650 1939 adhibuimus
2676 1898 2818 1953 sa:pe
2841 1883 3074 1953 priorem
3096 1883 3239 1938 illam
3266 1899 3354 1938 an.
3377 1885 3515 1939 H96
3534 1887 3738 1956 absque

474 1986 576 2042 loci
610 1986 845 2048 nomine,
887 1993 999 2038 tum
1032 1982 1318 2048 Venetam,
1349 1997 1514 2052 quam
1547 1980 1802 2034 Barthius
1836 1981 1887 2032 in
1921 1979 2245 2032 Adversarii:
2277 1976 2494 2040 laudat;
2525 1978 2680 2046 cujus
2702 1975 2829 2030 item
2855 1975 3062 2030 Barthii
3086 1973 3431 2044 conjecturas
3455 1978 3659 2046 aliquot
3689 1981 3737 2032 in

473 2081 618 2136 hunc
649 2080 850 2134 librum
884 2078 1261 2149 expendimus,
1294 2076 1464 2132 sicubi
1494 2075 1670 2130 visum
1700 2085 1784 2129 est
1811 2088 1989 2142 operte
2023 2073 2254 2142 pretium
2287 2084 2428 2124 esse.
2465 2069 2605 2124 Sunt
2647 2079 2828 2124 autem
2885 2069 3005 2123 alite
3056 2067 3215 2136 hujus
3241 2069 3421 2138 operis
3451 2071 3738 2138 editiones,

471 2188 610 2243 quas
640 2171 956 2243 singillatim
990 2184 1280 2225 recensere
1304 2184 1410 2224 non
1439 2176 1618 2233 vacat,
1655 2175 1711 2218 et
1742 2166 1887 2219 nullo
1917 2165 2132 2236 negotio
2166 2164 2310 2234 apud
2351 2162 2768 2232 Bibliographos
2802 2161 3049 2215 invenias
3083 2160 3180 2231 (a).

482 2295 3721 2322 mw

1254 2407 1685 2470 HIERONYMI
1726 2406 2122 2467 PR/EFATIO
2162 2403 2261 2465 AD
2299 2400 2827 2464 PAULINIANUM
2865 2398 2972 2482 (b).

545 2619 680 2675 Cum
716 2619 768 2674 in
807 2617 1077 2686 Babylone
1108 2616 1248 2691 [εδει.
1278 2615 1490 2689 Βοιιιω]
1514 2631 1765 2672 versarer
1798 2633 1812 2671 :
1843 2625 1900 2671 ct
1928 2630 2060 2685 pur-
2092 2620 2136 2676 A
2164 2612 2380 2669 Christo
2407 2632 2419 2668 :
2459 2621 2565 2668 tam
2596 2621 2688 2668 tuo
2727 2628 2892 2683 quam
2929 2614 3317 2670 venerabilinm
3347 2615 3500 2678 mihi,
3521 2616 3748 2671 ancilla-

478 2722 687 2785 pirrata:
723 2711 1030 2767 meretricis
1070 2724 1246 2764 essem
1297 2708 1521 2764 colonus
1554 2747 1571 2773 ,
1621 2715 1678 2761 et
1708 2705 1830 2774 jure
1883 2704 2071 2772 Quiri»

480 2817 592 2859 tum
625 2805 883 2865 viverem,
915 2800 1059 2857 volui
1083 2800 1293 2872 garrire
1313 2799 1516 2869 aliquid
1542 2799 1608 2852 de
1627 2797 1834 2867 Spiritu
1857 2805 2069 2860 sancto,

476 2907 532 2951 et
559 2906 797 2966 emptum
830 2894 1173 2964 opuSculum,
1198 2891 1439 2962 ejusdem
1470 2889 1620 2944 urbis
1643 2888 1886 2960 pontifici
1921 2887 2076 2942 dedi-

478 3004 627 3045 care.
659 2989 722 3043 Et
759 3003 888 3043 ecce
931 2987 1040 3042 olla
1073 2986 1310 3054 illa,qua:
1332 2983 1387 3039 in
1411 2980 1645 3037 Jeremia
1673 2991 1794 3050 post
1823 2979 2072 3034 baculum

480 3080 727 3134 cernitur
760 3094 790 3133 a
823 3078 962 3133 facie
981 3078 1274 3147 aquilonis,
1306 3074 1476 3145 cmpit
1496 3073 1724 3128 ardere:
1755 3082 1812 3128 et
1843 3070 2074 3144 (c)Pha-

481 3173 766 3227 risacorum
827 3169 1190 3226 conclamavit
1244 3166 1350 3240 [al
1430 3163 1829 3237 conclamare}
1903 3165 2075 3220 Sena-

484 3271 574 3317 tus
651 3271 706 3317 et
746 3260 926 3316 nullus
955 3261 1136 3315 scriba
1167 3259 1250 3315 vel
1286 3257 1442 3314 fictus
1470 3258 1576 3332 (ά),
1608 3259 1702 3313 sed
1717 3257 1896 3312 omnis
1915 3252 2074 3326 quasi

480 3355 687 3409 indicto
721 3352 825 3408 sibi
849 3352 1034 3422 praelio
1062 3351 1433 3407 doctrinarum
1457 3390 1474 3417 ,
1507 3349 1796 3406 adversum
1836 3364 1923 3402 me
1967 3348 2073 3402 im-

481 3445 690 3517 peritia:
713 3446 785 3516 (ε)
812 3443 975 3499 factio
1011 3445 1338 3515 coniuravit.
1376 3440 1526 3496 Illico
1577 3457 1712 3512 ego,
1750 3442 1896 3497 velut
1925 3453 2075 3513 post-

485 3538 722 3600 liminio,
750 3534 1143 3603 Jerosolymam
1175 3551 1298 3590 sum
1319 3549 1570 3589 reversus
1593 3551 1608 3590 :
1631 3544 1684 3588 et
1710 3545 1831 3604 post
1858 3533 2073 3588 Romuli

484 3644 667 3684 casam
683 3631 772 3697 (Γ),
789 3636 843 3680 et
859 3627 1104 3682 ludorum
1127 3626 1470 3697 Lupercalia,
1489 3628 1850 3682 diversorium
1868 3627 2071 3691 Mariae,

486 3731 544 3776 et
577 3719 880 3775 Salvatoris
915 3718 1228 3789 speluncam
1277 3719 1488 3787 aspexi.
1543 3717 1750 3789 Itaque,
1787 3720 1860 3774 mi
1896 3719 2074 3775 Pauli-

489 3812 652 3866 niane
701 3809 801 3883 [αι.
836 3808 1106 3882 Pauline],
1142 3811 1330 3874 frater,
1373 3809 1500 3880 quia
1546 3811 1886 3880 supradictus
1928 3811 2072 3867 Pon-

488 3901 620 3957 tifex
661 3901 952 3966 Damasus,
979 3901 1074 3970 qui
1105 3915 1191 3956 me
1223 3901 1290 3956 ad
1321 3901 1424 3956 hoc
1469 3915 1604 3970 opus
1657 3903 1868 3971 primus
1897 3903 2072 3973 impu-

2175 2716 2294 2758 rum
2329 2702 2749 2770 Christi,Paula:
2775 2714 2830 2758 et
2859 2703 3135 2759 Eustochii
3179 2720 3324 2762 nunc
3355 2707 3573 2777 adjutus
3594 2720 3748 2765 oratu

2183 2793 2296 2868 [αι.
2334 2798 2550 2850 hortatu
2577 2794 2598 2866 ]
2626 2813 2642 2852 :
2668 2796 2940 2850 canticum
2973 2800 3113 2866 quod
3143 2807 3360 2853 cantare
3383 2815 3487 2854 non
3516 2804 3670 2871 potui
3697 2803 3748 2856 in

2177 2896 2319 2942 terra
2347 2888 2552 2953 aliena,
2578 2888 2667 2944 hic
2698 2904 2728 2942 a
2786 2889 2942 2943 vobis
2977 2891 3029 2942 in
3061 2888 3244 2944 Iudaea
3278 2904 3603 2961 provocatus
3651 2894 3752 2950 itu-

2174 2995 2488 3047 murmnro;
2515 2982 2883 3050 augustiorem
2909 2983 3080 3037 multo
3103 2983 3278 3037 locum
3302 2984 3644 3050 existimans,
3661 2987 3752 3056 qui

2176 3072 2515 3128 Salvatorem
2544 3073 2757 3139 mundi,
2787 3089 2952 3144 quam
3009 3077 3099 3144 qui
3165 3063 3351 3130 fratris
3392 3077 3576 3146 genuit
3635 3094 3754 3148 par-

2175 3165 2427 3222 ricidam.
2492 3165 2560 3220 Et
2632 3176 2694 3222 ut
2789 3177 3070 3223 auctorem
3127 3167 3283 3224 titulo
3335 3167 3546 3222 fatear:
3588 3168 3754 3222 malui

2177 3258 2340 3314 alieni
2372 3259 2553 3330 operis
2584 3259 2853 3329 interpres
2878 3260 3169 3325 exsistere,
3226 3275 3389 3330 quam
3420 3261 3503 3325 (ut
3530 3261 3753 3330 quidam

2180 3349 2411 3422 faciunt)
2440 3351 2688 3406 informis
2714 3351 3018 3416 cornicula,
3041 3352 3236 3407 alienis
3259 3368 3342 3406 me
3359 3351 3635 3407 coloribus
3657 3353 3751 3406 ad-

2179 3457 2398 3497 ornare.
2431 3441 2560 3512 Legi
2597 3443 2798 3497 dudum
2832 3443 3108 3511 cujusdam
3146 3444 3230 3514 (g)
3274 3442 3483 3498 libellos
3527 3444 3596 3498 de
3629 3444 3755 3513 Spi-

2175 3533 2283 3588 ritu
2306 3542 2534 3588 sancto:
2563 3543 2617 3586 et
2643 3532 2799 3601 juxta
2829 3530 3037 3587 Comici
3071 3531 3214 3604 [sciL
3251 3531 3514 3603 Terentii]
3537 3545 3750 3588 senten-

2176 3627 2306 3681 tiam
2333 3642 2399 3680 ex
2413 3624 2616 3682 Graecis
2640 3625 2818 3692 bonis,
2839 3623 3032 3679 Latina
3059 3626 3166 3680 vidi
3204 3641 3309 3680 non
3333 3627 3491 3680 bona.
3511 3625 3654 3680 Nihil
3687 3627 3757 3681 ibi

2175 3719 2545 3782 dialecticum,
2589 3719 2724 3773 nihil
2750 3718 2904 3773 virile
2927 3730 3090 3786 atque
3129 3719 3461 3784 districtum,
3499 3719 3643 3788 quod
3681 3719 3758 3774 le-

2173 3815 2378 3864 ctorem
2407 3808 2490 3862 vel
2518 3809 2747 3878 ingratis
2780 3809 2833 3864 in
2881 3824 3160 3864 assensum
3197 3809 3407 3862 trahat:
3454 3810 3549 3864 sed
3585 3819 3758 3863 totum

2176 3900 2487 3965 ﬂaccidum,
2509 3900 2692 3965 molle,
2725 3901 2976 3966 nitidum,
3012 3911 3174 3970 atque
3213 3901 3528 3966 formosum,
3575 3912 3628 3957 et
3664 3919 3758 3958 ex-

488 3992 648 4060 lerat,
666 3992 799 4063 jam_
813 3991 1016 4048 dormit
1049 3990 1168 4064 [αι.
1217 3990 1561 4046 obdormivit
1610 3991 1666 4046 in
1722 3991 1986 4065 Domino]
2016 3993 2069 4048 in
2103 3992 2148 4054 Β
2176 3992 2394 4064 quisitis
2409 3993 2678 4049 hincinde
2694 3993 2953 4048 odoribus
2977 3992 3055 4062 (Ιι)
3077 3991 3759 4064 pigmentatum.Didymus

559 4129 637 4203 (a)
667 4128 932 4203 Pleraque
968 4126 1180 4203 Didymi
1208 4129 1388 4203 Opera
1428 4125 1715 4203 in__Gra:co
1767 4141 1872 4181 ms.
1916 4127 2068 4182 card.

488 4197 771 4257 Pass'ionei
801 4197 1436 4268 bibliothecareperisse
1485 4197 1707 4262 dicitur,
1771 4211 2071 4261 eorumque

487 4271 712 4327 editioni
741 4271 996 4326 insudare
1022 4269 1092 4323 cl.
1120 4266 1493 4338 hliiigarellius
1524 4268 1775 4322 canonic.
1835 4269 2069 4337 regular.

486 4343 768 4405 Bononiae,
795 4352 904 4395 etc.

559 4413 635 4484 (b)
667 4411 915 4466 Fratrem
944 4409 1368 4484 suum‘scilicet,
1431 4408 1566 4484 falso
1593 4406 1834 4484 enimad
1875 4426 1893 4459 ι
1927 4405 2072 4484 Pan:-

489 4478 659 4537 Iinutn
686 4501 704 4534 ι
729 4495 964 4549 cumque
985 4500 1004 4532 ι
1029 4479 1346 4549 Nolanum!
1371 4479 1694 4533 vetustiores
1723 4479 1927 4547 aliquot
1946 4478 2072 4531 libri

491 4554 798 4609 inscribunt
820 4566 835 4616 ;
857 4547 1166 4619 adduntque
1192 4551 1285 4604 abs
1305 4547 1651 4618 Hieronymo,
1683 4566 1702 4600 ι
1732 4549 2072 4617 propterim-

491 4623 744 4692 peritiam
770 4621 1048 4692 cujusdam
1085 4621 1176 4692 qui
1199 4621 1271 4692 de
1307 4619 1514 4689 Spiritu
1539 4629 1730 4675 sancto
1751 4620 2072 4688 scripserat,

492 4689 808 4747 translatum
837 4706 972 4758 Opus
1001 4691 1055 4743 in
1092 4689 1363 4744 Latinmu.
1406 4709 1424 4740 ι

563 4765 634 4831 (c)
679 4757 902 4816 Videtur
936 4777 973 4831 a7
998 4771 1330 4828 praeceptore
1372 4761 1499 4814 olim
1540 4775 1638 4831 suo
1665 4757 1928 4831 Gregorio
1967 4757 2074 4831 Na:

505 4829 770 4885 zianzeno
799 4830 1096 4894 accepisse,
1154 4831 1244 4898 qni
1273 4831 1426 4884 Orat.
1477 4831 1547 4884 '52.
1578 4829 1810 4884 Romani
1833 4829 2071 4897 episcOpi

492 4902 679 4955 luxum
717 4901 1134 4970 perstringit,et
1157 4901 1479 4955 clericorum
1526 4899 1650 4969 ejus
1687 4909 1892 4956 emtum
1920 4917 1938 4950 ι
1975 4898 2070 4954 Se-

491 4983 678 5025 natum
713 4972 1110 5024 Pharisaioruut
1136 4990 1156 5022 ι
1183 4980 1358 5024 vorat.

565 5042 642 5111 (ά)
683 5041 758 5094 De
775 5040 1362 5111 corruptajociilmjus
1415 5039 1643 5094 lectione
1685 5055 1789 5094 non
1821 5038 1955 5093 levis
1977 5054 2072 5092 sn-

490 5107 666 5182 spicio
693 5121 796 5164 est.
825 5107 958 5164 Cod:
994 5107 1134 5182 hV'at.
1165 5107 1390 5182 494531»
1423 5112 1626 5163 nullum
1669 5112 1851 5166 scriba
1890 5113 1972 5182 vel
2003 5111 2070 5162 li-

492 5180 672 5246 cium;
703 5199 722 5230 ι
753 5190 908 5235 vetus
941 5180 1108 5234 editio
1139 5197 1231 5234 an.
1259 5180 1420 5243 N96,
1452 5199 1470 5230 ι
1505 5181 1684 5235 nullus
1703 5183 1882 5234 scriba
1906 5180 1958 5233 in
1991 5182 2071 5234 eis

494 5253 673 5306 lictus.
702 5269 720 5302 ι
754 5250 1007 5304 Barthius
1028 5253 1107 5304 sic
1132 5261 1282 5318 putat
1309 5252 1723 5317 restituendum,
1756 5270 1774 5301 ι
1801 5263 1860 5304 ιιι
1889 5251 2070 5304 nullus

493 5323 688 5376 scribae
720 5321 773 5373 in
803 5321 884 5374 eis
917 5320 990 5374 sit
1019 5320 1160 5373 ictus
1191 5339 1202 5374 :
1235 5339 1252 5371 ι
1291 5331 1349 5374 ut
1399 5337 1592 5374 sensus
1647 5323 1739 5385 sit,
1797 5321 2068 5374 neminent

493 5392 758 5460 singulari
814 5391 1186 5444 admonitione
1238 5390 1291 5443 in
1347 5390 1735 5460 Hieronymum
1767 5392 2068 5460 aliquidde

495 5464 702 5533 Spiritu
733 5470 924 5533 sancto
973 5462 1184 5533 garrire
1241 5461 1527 5533 volentem
1562 5462 1731 5533 fuisse
1773 5461 2068 5533 invectum,

491 5529 589 5588 sed
616 5546 807 5588 omnes
840 5529 1214 5602 illico’indicto
1236 5532 1420 5600 praelio
1462 5529 1530 5602 ad
1559 5532 1920 5602 damnandam
1949 5533 2067 5602 ejus

494 5603 826 5673 imperitiam
857 5601 1220 5673 consensisse.
1241 5599 1378 5667 Qua:
1399 5599 1847 5673 nobisAexpositio
1876 5599 1992 5673 vis
2017 5611 2074 5655 at

496 5670 686 5727 ne'vix
721 5673 939 5742 quidem
979 5672 1291 5726 emendatio
1318 5673 1514 5742 placet.
1550 5670 1798 5740 Suntqui
1827 5672 2069 5737 mallent,

503 5759 522 5792 ι
553 5741 931 5798 nullus’scriba
959 5743 1200 5805 relictus,
1229 5767 1248 5794 ο
1275 5741 1420 5812 quod
1449 5756 1603 5810 atque
1632 5756 1820 5808 parum
1843 5744 2067 5812 arridet.

497 5812 799 5888 Eapropter
836 5813 979 5883 vide,
1001 5828 1127 5870 num
1149 5811 1366 5882 praestet
1392 5827 1488 5882 pro
1509 5812 1716 5870 duobus
1743 5813 1921 5869 verbis
1946 5831 1964 5865 ι
1987 5811 2071 5868 vel

2178 4129 2355 4196 ﬁctus,
2387 4147 2405 4182 ι
2438 4128 2542 4196 legi
2569 4143 2678 4183 uno
2706 4147 2725 4180 ι
2755 4127 2836 4183 vel
2863 4129 3076 4194 licatus,
3100 4145 3118 4178 ι
3156 4127 3298 4197 quod
3339 4135 3422 4181 est
3455 4144 3474 4176 ι
3512 4126 3754 4190 favens,t

2176 4211 2271 4255 aut
2297 4220 2316 4250 ι
2353 4201 2594 4253 studiose
2623 4201 2952 4265 obsequens,
2977 4218 2994 4250 ι
3031 4209 3158 4251 tunc
3190 4198 3332 4251 cnim
3353 4197 3755 4266 elegantissime

2179 4273 2340 4325 alteri
2380 4271 2626 4324 membro
2659 4279 2963 4338 opponetur
2997 4268 3249 4331 alterum,
3294 4280 3592 4335 sensusque
3625 4269 3756 4338 erit,

2179 4344 2454 4395 neminem
2498 4357 2557 4394 se
2591 4341 2666 4394 illi
2699 4337 2994 4408 aequiorem
3040 4340 3391 4408 prmhuisse.__
3413 4341 3506 4391 sed
3533 4337 3759 4408 conSpi-

2180 4425 2335 4464 rasse
2369 4425 2564 4464 omnes
2593 4406 2804 4464 contra.
2831 4410 3021 4463 Cicero
3042 4406 3108 4462 in
3139 4410 3302 4476 epist.
3338 4406 3420 4460 Ne
3461 4407 3757 4474 veliﬁcatus

2177 4481 2340 4533 alicui
2365 4482 2587 4543 dicaris,
2618 4493 2724 4535 etc.
2754 4478 2876 4534 Vid.
2900 4480 3059 4549 epist.
3109 4478 3231 4544 127,
3269 4496 3323 4533 ιι.
3352 4480 3406 4544 9,
3442 4476 3517 4531 De
3545 4479 3758 4530 turbata

2180 4549 2573 4603 Pharisworum
2602 4550 2800 4604 schola.

2253 4620 2321 4691 (ε)
2346 4621 2446 4674 Ms.
2511 4622 2730 4688 quidam
2764 4620 3024 4676 Tolosan.
3064 4635 3227 4688 penes
3259 4618 3526 4691 Marttam
3549 4617 3641 4691 qui
3663 4632 3756 4670 va-

2180 4688 2388 4744 riantes
2407 4705 2472 4744 ex
2505 4706 2570 4744 eo
2604 4692 2867 4746 lecrioncs
2891 4694 2956 4746 ad
2986 4691 3105 4744 libri
3129 4691 3332 4745 Calcettt
3370 4688 3759 4757 rejecit,habet

2181 4760 2271 4814 hic
2301 4761 2398 4813 loci
2431 4778 2450 4810 ι
2491 4762 2744 4830 impetus.
2772 4781 2791 4814 ι
2823 4761 2987 4816 Vetus
3006 4761 3136 4816 edit.
3171 4779 3191 4813 ι
3225 4759 3512 4830 imperitiae
3534 4764 3756 4812 convin-

2182 4832 2412 4884 cendum
2433 4831 2616 4895 factio,
2639 4843 2744 4884 etc.
2796 4851 2814 4882 ι

2255 4901 2475 4969 (nllacc
2507 4901 2562 4954 in
2625 4900 2743 4954 Vita
2796 4901 2970 4956 fusius
3022 4902 3385 4970 disputantur.
3440 4898 3520 4970 De
3542 4897 3754 4970 Romuli

2177 4967 2356 5091 autem
2391 4987 2514 5091 ciisa
2544 4973 2764 5026 consule
2791 4971 2945 5027 Ovid.
2971 4988 3030 5027 ιιι
3061 4967 3277 5026 Fauor.
3299 4985 3440 5025 vers.
3467 4969 3590 5023 183.
3619 4967 3754 5022 Pru-

2213 5053 2393 5091 ellllllS
2443 5081 2456 5091 .
2489 5057 2579 5091 Il:

2177 5045 2393 5095 deutius
2421 5045 2456 5093 Ι.
2489 5057 2579 5096 ιιι

2281 5109 2406 5181 Ipsa
2437 5128 2588 5164 casus
2611 5111 2788 5181 fragili
2813 5121 2951 5166 texat
2983 5128 3106 5181 gens
3133 5110 3359 5165 Romula
3383 5110 3575 5174 culmo,

2285 5180 2372 5234 Sic
2410 5183 2625 5235 tradunt
2663 5180 2924 5235 habitasse
2959 5180 3202 5246 Remum,
3223 5195 3328 5238 etc.

2253 5253 2326 5320 (g)
2368 5251 2427 5305 S.
2487 5254 2830 5324 Ambrosium
2881 5269 3177 5324 suppresso
3216 5253 3435 5307 nomine
3485 5248 3744 5324 sugillari,

2177 5336 2410 5390 eumque
2459 5322 2624 5390 plagii
2672 5324 2921 5376 accusari
2977 5323 3208 5378 ltuiinus
3266 5322 3744 5384 contendit'libdt

2168 5395 2390 5464 Apolog.
2421 5403 2476 5445 et
2496 5394 2938 5464 criminationem
2967 5397 3152 5449 hacdc
3177 5409 3344 5448 causa
3375 5395 3748 5464 gravissimam

2170 5461 2224 5516 in
2251 5460 2640 5532 Hieronymum
2658 5463 2926 5532 ιίιιιειιιιιι.
2961 5465 3066 5518 Sed
3091 5481 3198 5520 non
3217 5479 3337 5518 eam
3368 5460 3539 5520 fuisse
3564 5465 3622 5518 S.
3651 5463 3751 5514 Do-

2171 5533 2343 5602 ctoris
2373 5541 2630 5602 mentem.
2663 5535 3003 5602 argumentis
3033 5535 3176 5588 haud
3210 5550 3344 5589 sane
3370 5536 3598 5589 intirmis
3627 5547 3749 5602 pro-

2172 5601 2291 5655 bari
2324 5611 2518 5669 potest.
2550 5601 2667 5656 για.
2696 5601 3082 5658 Praefationem
3123 5605 3228 5658 PP.
3253 5601 3655 5660 Benedictinor.
3695 5619 3747 5654 III

2171 5672 2441 5744 Ambrosii
2468 5673 2636 5727 libros
2666 5673 2744 5727 De
2775 5674 2984 5742 Spiritu
3018 5689 3291 5744 sancto,p.
3322 5677 3448 5731 598.

2251 5742 2328 5810 (Ic)
2371 5741 2629 5797 Fortasse
2663 5763 2682 5794 ι
2715 5741 2989 5799 coluribus
3016 5765 3034 5796 ι
3054 5741 3574 5802 rescribendumcst.
3595 5745 3750 5802 Certe

2180 5811 2256 5867 ita
2292 5811 2520 5869 Rufinus
2541 5814 2670 5870 olim
2703 5816 2835 5885 legit
2870 5815 2961 5869 lib.
2988 5830 3061 5870 ιιι.
3215 5817 3226 5830 ’
