4034 6392
396 324 534 380 1033

1522 318 1729 373 LIBER
1770 317 1857 372 DE
1895 316 2170 373 SPlBl'l‘U
2214 314 2506 372 SANCTO.

3502 308 3643 365 1054

393 459 523 499 vero
554 455 726 505 meus,
752 439 968 495 oculum
1010 438 1214 493 habens
1246 451 1462 506 sponsa:
1482 435 1550 491 de
1579 434 1807 491 Cantico
1834 450 1957 491 can-
1994 454 2040 498 Α
2066 435 2211 490 furta
2245 440 2536 503 cognoscet
2561 449 2576 497 ;
2609 440 2663 486 et
2690 437 3002 486 contemnet
3025 427 3248 493 rivulos,
3272 442 3392 482 cum
3420 429 3649 496 coeperit

399 536 657 593 ticorum.
677 541 733 588 et
761 532 849 586 illa
879 531 1085 585 lumina
1114 543 1234 595 quae
1260 529 1312 582 in
1335 530 1629 583 candentes
1649 527 1731 600 (a)
1762 537 1971 596 segetes

398 624 676 680 sublimari
708 620 867 677 Jesus
921 619 1223 690 przecepit‘,
1254 618 1442 688 procul
1489 618 1651 672 altius
1679 618 1917 671 intuetur
1954 634 1968 670 :

397 728 451 770 et
473 716 752 786 antiquum
782 714 938 770 nobis
969 726 1174 767 morem
1205 710 1470 775 reddidit;
1506 719 1565 763 ut
1596 707 1795 762 Videns
1826 723 1974 762 voce-

404 816 490 860 tur
510 806 798 876 propheta.
851 803 1012 860 Certe
1050 802 1143 872 qui
1198 802 1341 857 hunc
1392 800 1606 872 legerit,
1655 799 1970 854 Latinorum

473 982 704 1039 *Mattb.
755 997 875 1047 xm,
935 981 1038 1049 l6;
1101 979 1259 1036 Joan.
1306 992 1382 1050 tv,
1426 978 1517 1033 '55.

468 1169 548 1243 (a)
574 1169 870 1243 lnrongrue
895 1168 1027 1221 satis
1048 1165 1392 1243 candelabra,
1416 1156 1962 1243 qugplttri’mislocis

401 1227 631 1297 insertas
665 1227 920 1291 candelas
943 1252 1138 1305 capere
1182 1227 1452 1305 valerent;
1508 1227 1763 1305 Barthius
1807 1227 1965 1282 intel—

402 1312 558 1368 lexit.
584 1309 873 1363 Enimvero
911 1300 1100 1362 allu'dit
1146 1304 1294 1359 Hier.
1328 1302 1554 1358 Joannis
1605 1318 1680 1363 tv,
1728 1300 1782 1361 9,
1807 1313 1965 1367 quem

405 1384 579 1436 locum
607 1380 658 1432 in
681 1377 1081 1433 commentariis
1106 1377 1161 1429 in
1217 1374 1525 1428 Mauhwum
1566 1387 1684 1437 cap.
1749 1370 1966 1424 laudato

403 1464 696 1521 exponens,
732 1465 751 1498 ι
785 1447 957 1521 Beati,
992 1448 1183 1516 inquit,
1218 1445 1384 1521 oculi,
1418 1458 1554 1511 quos
1605 1441 1786 1520 levari
1808 1439 1967 1519 {esus

407 1524 459 1574 in
475 1510 712 1575 'snblime
736 1510 1009 1587 praecepit,
1038 1510 1094 1587 ιιί
1122 1515 1414 1587 candentes
1434 1510 1643 1587 segetes
1673 1510 1961 1578 aspiciant.

408 1592 528 1646 th.
554 1591 711 1659 epist.
737 1582 845 1653 '76,
880 1582 948 1640 ad
978 1586 1258 1656 Abigaum,
1287 1601 1342 1637 ιι.
1367 1583 1423 1648 2,
1445 1583 1499 1636 in
1519 1582 1644 1637 line.

2075 527 2296 581 haurire
2319 527 2388 581 de
2437 524 2697 579 fontibus.
2733 523 3015 590 Imperitos
3061 535 3311 575 sermone
3338 531 3445 585 est,
3469 529 3523 572 et
3547 517 3646 591 [αι.

2079 615 2198 688 sed]
2239 630 2345 670 non
2376 614 2633 670 scientia:
2662 613 3016 683 apostolicum
3046 610 3223 664 virum
3255 624 3322 663 ex
3378 609 3496 677 ipso
3534 623 3651 663 ser-

2079 720 2237 760 mone
2288 704 2413 777 ἱιιι.
2446 702 2630 775 style]
2696 703 3025 771 exprimens,
3087 710 3195 753 tam
3257 714 3511 754 sensuum
3572 698 3651 752 lu-

2080 796 2224 851 mine
2253 794 2326 865 (b)
2355 809 2517 862 quam
2556 793 2903 863 simplicitate
2948 792 3261 845 verborum.

2144 1154 2218 1226 (b)
2255 1153 2347 1209 Sic
2371 1167 2435 1207 ex
2462 1152 2580 1226 Vat.
2612 1166 2712 1206 ms.
2746 1165 2810 1205 ac
2837 1151 3006 1226 veteri
3031 1150 3269 1206 editione
3296 1150 3499 1226 Veneta
3517 1150 3653 1221 legi-

2074 1221 2229 1279 mus:
2264 1235 2422 1277 antea
2455 1223 2598 1275 enim
2635 1231 2751 1275 erat
2777 1241 2796 1271 ‹
2847 1223 3099 1285 nomine;
3141 1239 3160 1272 ι
3191 1221 3651 1288 quemadmodum

2076 1305 2131 1351 et
2160 1295 2212 1348 in
2250 1296 2409 1361 epist.
2436 1292 2527 1354 65,
2553 1306 2700 1361 nunt.
2729 1290 2820 1353 l9,
2857 1290 3045 1345 haberi
3080 1307 3182 1343 non
3215 1290 3528 1356 difﬁtemur,
3560 1290 3653 1345 ubi

2077 1360 2536 1438 pulchritudinem
2588 1360 2721 1438 dicit
2768 1380 2786 1412 ι
2820 1361 3050 1438 positam
3106 1361 3278 1438 magis
3311 1361 3365 1414 itt
3390 1375 3650 1438 sensuum

2074 1430 2314 1501 nomine,
2343 1454 2501 1505 quam
2528 1436 2577 1489 in
2593 1431 2722 1490 ﬂore
2737 1432 3078 1491 verborum.»
3107 1430 3505 1505 Beaulemips‘a
3528 1448 3657 1484 nen-

2076 1520 2216 1562 trum
2262 1501 2394 1562 satis
2447 1508 2670 1561 arridet.
2734 1506 2830 1559 Ms.
2879 1506 3091 1576 collegii
3130 1509 3290 1563 item.
3350 1501 3650 1559 SueielalLS

2071 1579 2221 1643 Jesu,
2260 1596 2276 1629 ι
2313 1587 2417 1631 tant
2452 1592 2549 1630 suo
2582 1577 2818 1634 neruine.
2856 1595 2874 1627 ι

416 1765 2983 1800 W

681 1933 985 2013 LIBER
1026 1931 1401 2009 DIDYMI
1443 1918 1523 1989 (υ
1566 1926 2264 2007 ALEXANDRINI
2314 1927 2442 2002 DE
2500 1924 2916 2003 SPIBITU
2959 1925 3381 2018 SANCTO,

1529 2143 1587 2196 S.
1628 2134 2032 2194 HIEBONYMO
2070 2128 2531 2191 INTEBPRETE.

483 2450 533 2505 Ι.
555 2448 815 2506 Omnibus
840 2448 1057 2515 quidem
1078 2462 1199 2518 quae
1222 2447 1404 2504 divina
1433 2456 1581 2513 sunt,
1601 2463 1725 2502 cum
1742 2461 1990 2503 reveren-
2018 2455 2062 2510 Β
2091 2445 2369 2513 ignoratur
2417 2447 2507 2515 qui
2557 2456 2709 2501 extra
2760 2459 2971 2500 sacram
3033 2443 3365 2516 Scripturam
3420 2450 3659 2518 philoso-

410 2543 482 2598 tia
506 2551 563 2597 et
586 2539 893 2596 vehementi
908 2552 1037 2592 eura
1065 2536 1571 2607 oportetintendere
1594 2554 1607 2590 :
1629 2537 1861 2590 maxime
1883 2551 1983 2590 au-

410 2644 516 2689 tem
531 2633 615 2687 his
628 2646 747 2701 quae
770 2630 835 2684 de
859 2629 1204 2702 Spiritus[al.
1229 2629 1401 2685 sancti
1428 2626 1684 2699 Spiritus]
1705 2627 1984 2683 divinitate

411 2727 683 2788 dicuntur,
717 2723 1019 2791 praesertim
1047 2735 1171 2776 cum
1214 2719 1548 2790 blasphemia
1599 2718 1655 2772 itt
1719 2732 1841 2773 eum
1869 2716 1985 2771 sine

411 2819 567 2872 venia
593 2816 662 2870 sit
695 2813 772 2887 (2)
803 2831 817 2867 :
847 2814 921 2868 ita
961 2822 1018 2868 ut
1057 2810 1486 2881 blaspheutantis
1516 2824 1679 2880 paena
1731 2807 1984 2863 tendatur

411 2922 519 2961 non
558 2905 728 2961 solum
756 2905 809 2958 itt
841 2917 1002 2958 omne
1023 2915 1265 2972 praesens
1293 2898 1572 2960 saeculum,
1605 2897 1700 2953 sed
1731 2898 1894 2953 etiam
1928 2897 1981 2951 itt

411 3002 678 3055 fnturttm.
702 2997 792 3051 Ait
820 2996 1020 3065 quippe
1054 2992 1323 3055 Salvator,
1346 2989 1739 3061 hlasphemanti
1762 2988 1815 3042 itt
1856 2987 1983 3057 Spi-

414 3095 575 3146 ritum
598 3099 846 3144 sanctum
897 3102 1001 3142 non
1060 3100 1183 3141 esse
1236 3084 1633 3144 remissionem,
1672 3100 1691 3133 ι
1721 3095 1896 3149 neque
1930 3080 1983 3134 in

411 3183 519 3237 isto
542 3179 759 3245 sarculo,
801 3192 975 3247 neque
1034 3178 1090 3230 in
1143 3176 1325 3230 futuro
1356 3173 1399 3227 ³.
1431 3191 1451 3226 ι
1514 3171 1665 3229 Unde
1718 3169 1892 3239 magis
1921 3184 1985 3225 ac

414 3273 588 3342 magis
614 3278 831 3340 oportet
861 3268 1160 3331 intendere,
1215 3280 1337 3336 quae
1391 3264 1794 3332 Scripturarum
1828 3262 1895 3316 de
1920 3275 1985 3315 eo

414 3363 606 3418 relatio
638 3361 738 3416 sit:
783 3373 849 3413 ne
882 3359 935 3413 in
962 3357 1196 3426 aliquem
1228 3356 1417 3410 saltem
1451 3354 1527 3424 (5)
1585 3364 1679 3422 per
1732 3353 1987 3423 ignoran-

417 3453 546 3505 tiam
588 3448 935 3518 blasphcmiae
961 3461 1115 3501 error
1135 3446 1380 3514 obrepat.
1418 3444 1744 3513 Expedierat
1765 3442 1985 3512 quidem

414 3544 583 3608 ﬁdeli,
612 3554 668 3599 et
695 3540 903 3605 tintido,
946 3537 1249 3593 moderanti
1304 3538 1451 3591 vires
1482 3550 1630 3602 suas,
1658 3533 1988 3604 magnitudi-

416 3652 537 3689 nem
566 3632 845 3703 praesentis
868 3630 1181 3700 qutestionis
1215 3627 1431 3683 silentio
1453 3624 1730 3696 praeterire
1755 3641 1768 3676 :
1796 3633 1851 3677 et
1872 3639 1983 3678 rem

418 3727 626 3797 plenam
660 3723 901 3794 periculo
959 3737 1064 3775 non
1098 3722 1152 3774 itt
1181 3734 1336 3773 suum
1368 3717 1657 3771 discrimen
1686 3714 1983 3769 attrahere.

2084 2538 2340 2605 phantur.
2374 2536 2725 2591 Solummodo
2751 2536 2893 2589 enim
2942 2536 2996 2590 in
3047 2540 3375 2595 nostratibus
3404 2540 3658 2612 Litteris;

2082 2635 2138 2681 et
2169 2626 2315 2680 notio
2344 2624 2464 2693 ejus
2490 2637 2543 2681 et
2576 2626 2894 2681 vocabulum
2922 2625 3177 2690 refertur,
3230 2640 3337 2685 tam
3394 2632 3445 2685 in
3497 2630 3665 2691 Novis

2085 2732 2246 2786 quam
2278 2717 2331 2771 in
2354 2718 2658 2773 Veteribus.
2687 2716 2897 2773 Veteris
2921 2717 3120 2789 quippe
3144 2718 3471 2779 Testantenti
3502 2725 3664 2781 homo

2096 2807 2287 2871 David,
2318 2809 2590 2878 particeps
2615 2810 2733 2878 ejus
2766 2808 3010 2877 effectos,
3040 2812 3229 2866 orabat
3261 2822 3317 2867 ut
3358 2815 3409 2868 iu
3444 2831 3503 2869 se
3542 2831 3666 2885 per-

2089 2910 2355 2965 maneret,
2385 2901 2571 2955 dicens
2598 2918 2613 2954 :
2663 2920 2681 2953 ι
2709 2900 2969 2969 Spiritum
3013 2914 3161 2958 luunt
3190 2915 3434 2961 sanctum
3469 2923 3536 2963 ne
3560 2924 3661 2962 au-

2087 2990 2232 3046 feras
2263 3007 2291 3045 a
2319 3006 2405 3045 me
2426 2991 2471 3046 ⁸.
2502 3011 2522 3044 ι
2556 2992 2623 3047 Ει.
2671 2993 2872 3047 Danieli
2934 2995 3112 3049 adhuc
3158 3010 3323 3064 puero
3374 2998 3666 3054 suscitasse

2087 3084 2285 3140 dicitur
2312 3085 2453 3140 Deus
2497 3085 2759 3153 Spiritum
2796 3094 3039 3141 sanctum
3059 3086 3102 3148 ⁸,
3139 3089 3292 3157 quasi
3337 3088 3449 3159 jam
3503 3091 3661 3147 habi-

2089 3185 2291 3231 tantem
2321 3178 2372 3231 itt
2408 3193 2494 3233 eo.
2534 3176 2646 3232 Nec
2681 3194 2785 3231 non
2824 3178 2987 3231 etiam
3036 3178 3089 3234 in
3123 3178 3271 3235 Novo
3313 3181 3662 3239 Testamento

2086 3267 2141 3322 hi
2173 3266 2272 3320 viri
2303 3266 2395 3336 qui
2425 3266 2534 3321 Deo
2563 3267 2835 3335 placuisse
2873 3265 3203 3335 referuntur,
3236 3269 3438 3339 Spiritu
3471 3285 3663 3329 sancto

2087 3358 2229 3429 pleni
2259 3365 2406 3414 sunt.
2445 3355 2682 3412 Joannes
2711 3358 2907 3427 quippe
2933 3358 3110 3414 adhuc
3170 3360 3222 3412 itt
3270 3363 3456 3416 matris
3508 3374 3664 3419 utero

2088 3450 2457 3506 sanctificatns
2479 3450 2759 3513 exsultat“,
2784 3460 2838 3504 et
2863 3447 3018 3506 Iesus
3041 3466 3069 3505 a
3100 3453 3325 3508 mortuis
3355 3469 3662 3525 resurgens,

2089 3558 2208 3596 cum
2242 3540 2564 3595 insulilasset
2586 3540 2639 3594 itt
2665 3540 2855 3595 faciem
2878 3541 3285 3610 discipulorum,
3318 3546 3429 3599 ait:
3465 3564 3483 3597 ι
3510 3547 3665 3601 Acci-

2091 3632 2198 3700 pite
2222 3630 2741 3698 Spiritumsanctmn
2762 3632 2804 3687 ⁶.
2835 3651 2856 3686 t
2878 3631 3041 3686 Plena
3069 3643 3195 3688 sunt
3228 3636 3500 3692 volumina
3528 3638 3668 3693 divi-

2091 3737 2282 3775 narum
2311 3722 2716 3789 Scripturarum
2754 3722 2839 3777 his
2889 3725 3233 3781 sermonibus
3279 3742 3505 3796 quorum
3536 3745 3669 3786 con-

419 3817 617 3873 Verttm
645 3814 899 3884 quoniam
924 3812 1141 3883 quidam
1174 3810 1270 3882 [aL
1301 3809 1520 3878 quidam
1567 3805 1713 3877 cum]
1768 3806 1984 3860 lemeri-
2012 3809 2054 3865 C
2087 3813 2287 3884 geriem
2309 3814 2360 3865 in
2385 3814 2632 3881 prasenti
2655 3828 2819 3882 opere
2839 3813 3084 3884 digerere
3108 3820 3383 3888 supersedi
3405 3818 3515 3892 (4):
3541 3824 3667 3891 quia

420 3914 527 3957 tate
555 3901 753 3971 potius,
788 3916 949 3969 quam
1006 3908 1152 3954 recta
1200 3897 1284 3951 via
1333 3896 1497 3951 etiam
1528 3895 1581 3949 in
1613 3911 1845 3964 superna
1879 3894 1988 3949 eri-

418 4005 636 4065 guntur.
675 4003 729 4047 et
751 3993 865 4047 hac
892 3993 958 4045 de
981 3990 1186 4060 Spiritu
1221 3999 1413 4044 sancto
1440 3987 1716 4057 iactitant,
1736 4003 1857 4057 qua:
1887 4004 1985 4042 ne-

418 4101 523 4155 que
552 4088 605 4140 in
628 4083 927 4154 Scriptnris
949 4083 1109 4147 lecta,
1142 4096 1320 4149 neque
1357 4094 1388 4135 a
1420 4094 1691 4149 quoquam
1724 4079 1986 4133 ecclesia-

418 4177 674 4233 sticorum
721 4186 963 4230 veterum
1018 4180 1271 4241 usurpata
1316 4182 1466 4232 sunt,
1512 4171 1776 4242 compulsi
1803 4186 1989 4226 sumus

417 4267 761 4323 creberrima:
788 4265 1151 4322 exltortationi
1204 4263 1432 4319 fratrum
1472 4265 1669 4319 cedere
1711 4280 1728 4316 :
1763 4277 1989 4333 quaeque

418 4356 491 4412 sit
510 4367 689 4411 nostra
720 4358 785 4411 de
812 4370 879 4410 eo
930 4354 1134 4425 opinio,
1177 4353 1341 4408 etiam
1391 4350 1799 4420 Scripturarum
1837 4348 1987 4402 tesli-
2020 4349 2031 4355 ’

420 4449 617 4503 moniis
646 4449 999 4518 comprobare
1033 4464 1047 4501 :
1081 4461 1150 4500 ne
1194 4443 1467 4514 imperitia
1507 4442 1642 4497 tanti
1694 4441 1985 4511 dogmatis,

421 4541 476 4595 lti
503 4542 594 4610 qui
624 4540 894 4595 contraria
942 4548 1243 4610 opponunt,
1288 4536 1561 4604 decipiant
1600 4550 1697 4589 eos
1724 4533 1838 4603 qui,
1872 4534 1990 4587 sine

418 4634 754 4688 discussione
781 4633 1038 4697 sollicita,
1094 4630 1150 4684 itt
1182 4628 1619 4684 adversariorum
1657 4625 1989 4680 sententiam

419 4724 603 4777 statim
629 4723 1037 4792 pertrahuntur.

486 4814 544 4872 2.
579 4814 875 4885 Appellatio
902 4813 1135 4883 Spiritus
1167 4810 1363 4875 sancti,
1394 4819 1448 4865 et
1474 4824 1537 4864 ea
1569 4822 1691 4878 qua:
1723 4815 1991 4862 monstra-

419 4912 506 4961 tur
529 4919 597 4961 ex
628 4907 739 4969 ipsa
770 4905 1129 4977 appellatione
1156 4903 1456 4959 substantia
1513 4901 1726 4958 penitus
1780 4898 1850 4953 ab
1904 4899 1989 4953 bis

491 5050 514 5081 ‘
536 5046 704 5103 Marc.
733 5062 815 5113 ιιι,
853 5044 944 5103 29.

493 5206 566 5277 (l)
604 5204 665 5277 In
682 5204 884 5277 aliquot
906 5201 1065 5277 libris
1102 5198 1541 5277 legit_ttr¢__Sancti
1580 5198 1980 5277 DidymiGrmei
2018 5210 2058 5263 ο

420 5267 668 5331 monachi
697 5267 1097 5327 Alexandrini.»
1141 5267 1272 5327 Vide
1315 5270 1536 5325 llieron.
1578 5270 1647 5322 ad
1684 5267 1979 5322 Lacinium

418 5348 574 5416 epist.
602 5344 691 5406 7i,
725 5359 873 5416 nunt_.
905 5342 957 5416 57.

494 5414 568 5486 (2)
583 5413 820 5486 Consule
833 5412 897 5486 S._
921 5410 1282 5486 Ambrosiipe
1298 5407 1503 5486 Spiritu
1526 5416 1706 5486 structo
1737 5408 1829 5463 lib.
1883 5424 1977 5486 vn,

421 5500 474 5553 p.
501 5479 631 5550 ΒΗ,
673 5482 764 5537 ubi
793 5485 858 5536 de
887 5481 1272 5537 irremissibilis
1297 5479 1642 5548 blasphemia:
1673 5492 1834 5533 sensu
1864 5479 1980 5548 agi-

421 5566 568 5690 mlii’r)
607 5619 781 5676 Vatic.
817 5634 939 5674 cum
984 5619 1147 5675 editis
1185 5617 1593 5683 vetustioribus,
1631 5637 1650 5671 ι
1684 5632 1752 5675 ne
1789 5617 1988 5689 aliquis

420 5697 635 5758 saltent,
660 5709 678 5743 ι
710 5706 816 5746 etc.

817 5787 1089 5850 ΡΑτιιοι.
1136 5787 1255 5850 Gn.
1303 5788 1604 5850 XXXIX.

2094 3903 2309 3960 difﬁcile
2341 3920 2447 3959 non
2481 3915 2562 3959 est
2589 3920 2657 3960 ex
2712 3906 2799 3961 his
2841 3922 2964 3978 qua:
3010 3910 3423 3980 assumpsimus,
3476 3930 3666 3969 unum-

2093 4010 2366 4066 quemque
2387 3996 2646 4051 lectorem
2677 3997 2778 4052 sibi
2811 3998 3008 4053 similia
3040 4002 3296 4069 reperire.

2162 4086 2217 4141 5.
2256 4086 2425 4142 Nemo
2464 4098 2642 4141 autem
2683 4090 2989 4158 suspicetur
3034 4089 3198 4144 alium
3249 4091 3508 4161 Spiritum
3543 4109 3667 4148 san-

2094 4191 2246 4234 ctunt
2277 4178 2443 4235 fuisse
2470 4179 2523 4233 in
2548 4180 2752 4235 sanctis
2779 4181 2910 4235 viris
2941 4192 3067 4235 ante
3105 4183 3392 4237 adventum
3426 4184 3660 4249 Domini,

2097 4279 2153 4323 et
2186 4271 2351 4325 alium
2384 4271 2437 4324 in
2464 4272 2726 4340 apostolis
2750 4273 3066 4341 creterisqne
3090 4272 3389 4343 discipulis,
3424 4283 3478 4329 et
3510 4277 3663 4344 quasi

2096 4361 2480 4431 homonymum
2519 4362 2595 4432 (ὅ)
2647 4361 2699 4415 in
2733 4362 3105 4417 diﬁerentibus
3143 4379 3266 4419 esse
3327 4368 3662 4422 substantiis.

2093 4451 2381 4507 Possumus
2402 4454 2616 4522 quidem
2650 4455 2958 4508 testimonia
2989 4456 3055 4509 de
3085 4456 3284 4512 divinis
3310 4457 3529 4514 Litteris
3578 4474 3668 4514 ex-

2088 4541 2296 4607 hibere,
2329 4544 2455 4612 quia
2505 4543 2642 4597 idem
2666 4543 2898 4613 Spiritus
2916 4553 2970 4598 et
2998 4545 3048 4598 in
3081 4546 3342 4615 apostolis
3373 4558 3428 4603 et
3460 4549 3510 4602 in
3543 4566 3667 4619 pro-

2087 4632 2264 4702 phetis
2313 4631 2494 4687 fuerit.
2525 4632 2721 4688 Paulus
2756 4634 2807 4687 in
2846 4635 3079 4703 Epistola
3131 4651 3290 4705 quam
3325 4639 3389 4693 ad
3414 4623 3667 4698 Hebraeos

2095 4723 2310 4788 scribit,
2333 4724 2400 4778 de
2424 4722 2760 4778 Psalmorum
2798 4725 3073 4782 volumine
3122 4729 3486 4784 testimonium
3543 4749 3668 4801 pro-

2096 4813 2298 4877 ferens,
2327 4830 2359 4869 a
2382 4814 2584 4884 Spiritu
2599 4826 2789 4870 sancto
2812 4815 2862 4868 id
2883 4816 3086 4871 dictum
3112 4833 3231 4873 esse
3246 4834 3663 4877 commemorat:

2101 4921 2120 4955 ι
2151 4905 2216 4958 Ει
2241 4904 2384 4958 sicut
2413 4906 2546 4959 dicit
2586 4904 2672 4958 hic
2701 4904 2777 4973 (6)
2831 4906 3070 4976 Spiritus
3112 4919 3374 4966 sanctus:
3419 4910 3589 4967 llodie
3619 4912 3667 4968 si

1055 5042 1076 5075 ³
1115 5015 1261 5099 Psal.
1305 5056 1357 5107 ι,
1399 5040 1487 5095 l3.
1561 5038 1585 5071 ⁸
1625 5040 1757 5094 Dan.
1825 5055 1944 5107 χιιι,

2147 5042 2169 5073 ⁵
2207 5040 2339 5096 Luc.
2389 5057 2429 5108 ι,
2457 5041 2549 5099 44.
2625 5043 2648 5075 ⁸
2682 5042 2838 5099 Joau.
2882 5060 2976 5110 xx,
3013 5044 3104 5100 22.

2159 5196 2235 5269 (4)
2267 5201 2397 5284 qod.
2444 5202 2801 5284 Tholosanus,
2856 5224 2877 5258 ι
2906 5205 3233 5278 superﬂuum
3256 5219 3357 5276 est,
3420 5211 3465 5265 si
3515 5211 3670 5266 facile

2085 5279 2167 5324 est
2196 5288 2259 5326 ex
2290 5274 2392 5339 Itis,
2423 5292 2440 5321 ι
2477 5283 2583 5328 etc.

2157 5341 2231 5413 (5)
2262 5342 2338 5396 Ex
2397 5342 2566 5398 Vatic.
2623 5356 2675 5399 et
2720 5344 2946 5400 Romani
2987 5346 3208 5417 Collegii
3258 5366 3386 5404 mss.
3443 5351 3667 5404 fecimus

2092 5429 2112 5463 ι
2139 5414 2545 5482 homonymum,
2575 5433 2594 5466 ι
2628 5430 2749 5469 cum
2770 5417 2959 5472 vitiose
2975 5414 3302 5473 attteaesset
3335 5438 3353 5471 ι
3385 5422 3619 5473 ttOmina.
3642 5440 3658 5470 ι

2162 5483 2238 5555 (6)
2275 5483 2545 5539 Arttculns
2579 5503 2598 5536 ‹
2630 5486 2715 5538 ltic
2745 5504 2764 5536 ι
2805 5487 2937 5541 alias
2989 5489 3194 5550 deerat,
3242 5500 3296 5543 et
3344 5491 3397 5542 in
3461 5488 3668 5542 Latinis

2093 5568 2309 5624 quoque
2336 5556 2732 5632 exemplaribus
2761 5556 3133 5623 desideratur;
3172 5558 3325 5615 illum
3356 5572 3534 5613 autem
3564 5574 3657 5610 ur-

2093 5635 2181 5694 get
2214 5626 2446 5678 maxime
2477 5626 2748 5694 Didymus.

3282 5782 3357 5846 33
