4034 6392
441 306 580 362 I055

1697 311 1935 369 DIDYMI
1973 311 2441 371 ALEXANDRINI

3568 316 3708 373 1036

439 441 629 481 vocem
693 425 811 497 ejus
840 427 1144 492 audieritis,
1189 429 1363 484 nolite
1414 430 1683 487 obdurare
1726 434 1890 488 corda
1935 448 2026 487 ve-
2058 442 2103 499 Α
2132 434 2281 489 dabit
2306 436 2440 488 bona
2471 435 2775 503 petentibus
2805 449 2864 489 se
2890 436 2976 490 u'2’
3004 453 3024 489 ι
3059 434 3211 490 Alter
3236 449 3398 491 vero:
3435 454 3457 488 ι
3489 436 3708 505 Quanto

436 527 546 570 stra
564 518 608 580 ",
639 535 659 569 ι
689 526 796 572 etc.
841 516 900 572 In
938 518 1043 578 line
1079 534 1295 591 quoque
1348 522 1579 576 Actuum
1629 524 2018 592 apostolorum,

435 623 556 661 cum
579 607 780 663 Judaeis
809 608 1114 677 disputans,
1142 612 1217 665 ait
1249 630 1263 667 :
1308 629 1328 664 ο
1362 612 1516 667 Sicut
1545 612 1780 682 Spiritus
1801 624 2023 671 sanctus

436 700 650 753 locutus
687 708 772 754 est
793 715 890 769 per
912 701 1104 756 Isaiam
1137 705 1455 773 prophetam
1480 705 1546 759 ad
1574 714 1760 776 patres
1782 718 2018 775 nostros,

436 793 626 849 dicens
654 811 668 849 :
709 794 1055 850 Anditionem
1088 798 1340 862 audietis,
1372 808 1427 853 et
1466 814 1570 853 non
1600 799 1963 871 intelligetis“.
1995 821 2015 855 ι

434 883 623 955 Neque
681 888 824 941 enim
874 887 1075 944 Paulus
1121 888 1285 943 alium
1349 891 1555 947 habens
1592 889 1859 962 Spiritum
1891 908 2020 947 san-

435 986 607 1045 ctum,
637 979 753 1034 haec
790 979 857 1035 de
898 996 963 1035 eo
1010 982 1251 1050 scripsit,
1304 983 1394 1052 qui
1448 984 1501 1038 in
1559 985 1836 1055 prophetis
1896 995 2021 1042 ante

437 1072 736 1127 adventurm
764 1073 974 1128 Domini
1003 1074 1141 1129 alius
1172 1076 1311 1141 fuit;
1362 1077 1454 1132 sed
1507 1077 1573 1132 de
1628 1092 1695 1132 eo
1754 1077 1910 1147 cujus
1965 1088 2020 1135 et

436 1164 553 1234 ipse
593 1165 865 1234 particeps
923 1165 1050 1232 fuit;
1104 1176 1160 1221 et
1204 1182 1392 1223 omnes
1422 1169 1512 1237 qui
1551 1169 1604 1224 in
1642 1168 1747 1225 fide
1774 1185 2020 1225 consum-

434 1270 593 1315 mata:
623 1262 840 1316 virtutis
875 1263 1212 1318 ferebantur.
1246 1262 1399 1319 Unde
1420 1273 1615 1319 etcum
1642 1265 1874 1320 articulo
1900 1264 2019 1333 eius

435 1356 701 1421 meminit,
737 1359 892 1426 quasi
925 1356 1225 1411 solitarium
1253 1368 1306 1412 et
1340 1374 1504 1411 unum
1532 1373 1654 1413 esse
1677 1370 2014 1427 contestans,

433 1446 526 1499 ubi
558 1447 683 1500 dicit
737 1462 841 1500 non
890 1447 1228 1517 simpliciter,
1278 1449 1503 1521 Πνεῦμα
1549 1451 1724 1521 ἅγιον,
1781 1452 1881 1506 hoc
1933 1462 2019 1506 est

441 1556 460 1588 ι
487 1538 719 1606 Spiritus
744 1549 979 1605 sanctus,
1010 1562 1027 1594 ι
1067 1542 1158 1596 sed
1186 1558 1307 1597 cum
1330 1544 1699 1599 additamento
1723 1544 1936 1599 articuli
1955 1544 2018 1599 τὸ

433 1629 660 1701 Πνεῦμα
675 1631 737 1685 τὸ
755 1632 909 1701 ἅγιον
935 1632 1010 1704 (7)
1037 1650 1052 1697 ;
1082 1632 1184 1688 hoc
1200 1642 1282 1688 est
1312 1651 1332 1685 ι
1359 1634 1449 1688 hic
1477 1634 1709 1704 Spiritus
1729 1644 1967 1690 sanctus.
1990 1653 2010 1687 ι

431 1720 499 1775 Ει
526 1720 715 1776 Isaiam
745 1724 1096 1793 prophetasse
1125 1712 1514 1780 commemorat
1549 1741 1670 1781 cum
1720 1727 2009 1783 articulata

430 1828 585 1879 voce,
610 1814 699 1868 διὰ
728 1815 786 1868 τὸ
810 1815 1038 1887 Πνεῦμα
1067 1816 1127 1870 τὸ
1150 1816 1305 1885 ἅγιον
1328 1817 1429 1888 (8),
1462 1818 1513 1872 id
1539 1828 1623 1873 est
1684 1835 1707 1872 ι
1732 1832 1828 1886 per
1874 1820 2015 1875 hunc

430 1905 695 1975 Spiritum
751 1916 1021 1971 sanctum,
1055 1927 1075 1960 ι
1134 1920 1191 1963 et
1246 1923 1352 1962 non
1415 1908 1737 1979 simpliciter
1786 1908 2014 1982 Πνεῦμα

432 1998 606 2069 ἄγων.
637 1999 832 2057 Petrus
857 2016 1073 2071 quoque
1109 2001 1162 2054 in
1199 2016 1265 2056 eo
1291 2017 1564 2068 sermone,
1594 2019 1703 2073 quo
1732 2006 2015 2072 praesenti-

429 2092 532 2147 bus
557 2092 912 2161 persuadebat
936 2113 948 2149 :
984 2112 1003 2145 ι
1028 2091 1352 2162 Oportuerat
1382 2094 1479 2168 [αι.
1504 2094 1775 2169 Oportet],
1813 2098 2011 2168 inquit,

431 2186 647 2255 impleri
700 2187 1062 2258 Scripturam,
1113 2202 1276 2256 quam
1351 2188 1562 2244 locutus
1621 2199 1707 2246 est
1778 2191 2014 2261 Spiritus

431 2289 650 2333 sanctus
700 2278 907 2349 (idest,
955 2278 1016 2333 τὸ
1038 2278 1265 2352 Πνεῦμα
1285 2280 1346 2335 τὸ
1368 2281 1546 2352 ἅγιον)
1589 2299 1686 2353 per
1736 2298 1799 2338 os
1846 2284 2012 2342 David

429 2370 497 2423 de
513 2368 649 2423 Juda
672 2369 729 2421 ἐ
762 2388 781 2422 ι
818 2371 1110 2425 ostendens
1136 2379 1191 2425 et
1220 2371 1348 2439 ipse
1374 2375 1620 2429 eumdem
1653 2373 1934 2445 Spiritum,
1959 2387 2013 2433 et

428 2459 484 2515 in
520 2461 818 2528 prophetis,
852 2470 907 2515 et
929 2461 981 2515 in
1021 2463 1279 2530 apostolis
1310 2475 1616 2532 operatum.

498 2555 553 2609 -I.
593 2553 808 2609 Plenius
836 2555 900 2609 de
929 2557 1029 2610 hoc
1062 2556 1113 2610 in
1141 2559 1597 2628 consequentibus
1627 2558 2005 2628 tractabimus,

428 2663 550 2703 cum
595 2647 775 2702 dicere
816 2650 1161 2717 coeperimus,
1220 2665 1323 2705 non
1362 2651 1533 2706 solum
1577 2651 1861 2708 Dominum
1909 2652 2006 2726 [aL

427 2741 621 2813 Deum]
680 2741 915 2797 Verbum
970 2742 1168 2798 factum
1217 2758 1341 2799 esse
1383 2743 1450 2798 ad
1486 2746 1801 2816 prophetas.
1830 2748 1923 2802 sed
1955 2757 2010 2803 et

429 2832 690 2901 Spiritum
727 2842 1005 2898 sanctum;
1037 2835 1162 2902 quia
1204 2844 1260 2891 et
1290 2836 1726 2906 inseparabiliter
1756 2840 2004 2906 posside-

425 2932 537 2987 tur,
569 2938 690 2978 cum
720 2925 1001 2994 uuigenito
1052 2925 1190 2981 Filio
1236 2926 1351 2983 Dei.
1413 2929 1531 2996 Ipsa
1577 2945 1680 2985 vox
1738 2929 1837 3003 [αι.
1888 2930 2008 3002 Ipsa

427 3015 601 3086 igitur
640 3014 766 3089 vox]
793 3015 1032 3083 Spiritus
1055 3018 1230 3073 sancti
1265 3060 1280 3085 ,
1315 3034 1418 3073 non
1448 3028 1531 3076 est
1568 3036 1735 3077 vacua
1775 3022 2011 3093 appella-

426 3105 528 3172 tio,
567 3106 663 3160 sed
707 3104 1038 3169 subiacentis
1068 3109 1319 3163 essentia:
1347 3111 1810 3167 demonstratrix:
1861 3110 2006 3167 Patri

425 3197 673 3269 Filioque
702 3200 848 3255 socia
881 3199 980 3272 [aL
1010 3199 1264 3274 sociata],
1298 3211 1352 3257 et
1386 3218 1415 3257 a
1466 3205 1734 3260 creaturis
1788 3205 2006 3273 penitus

435 3291 634 3346 aliena.
662 3291 795 3347 Cum
822 3292 966 3348 enim
993 3303 1264 3349 creatura:
1298 3295 1352 3348 iu
1394 3295 1649 3362 visibilis,
1693 3297 1825 3351 etin
1876 3299 2011 3352 invi-

424 3383 628 3448 sibilia,
661 3384 712 3438 id
738 3392 821 3440 est
853 3385 906 3438 in
930 3384 1234 3453 corporalia
1270 3398 1325 3438 et
1369 3386 1421 3440 in
1468 3388 1830 3458 incorporalia
1877 3403 2008 3459 parc

426 3476 649 3540 tiantur,
679 3492 779 3531 nec
804 3476 873 3532 de
900 3477 1286 3545 corporalibus
1308 3479 1628 3536 substantiis
1655 3490 1737 3536 est
1774 3480 2010 3551 Spiritus

424 3577 667 3632 sanctus,
728 3570 923 3623 animae.
968 3578 1025 3624 et
1078 3584 1272 3625 sensus
1300 3571 1596 3636 habitator,
1645 3575 1912 3629 sermonis
1954 3583 2010 3630 et

424 3660 727 3730 sapientiae,
759 3669 816 3714 et
847 3661 1090 3717 scientia:
1120 3661 1378 3717 effector:
1411 3678 1511 3720 nec
1542 3665 1607 3721 de
1650 3666 2007 3725 inuisibilibus

424 3751 712 3808 creaturis.
745 3750 873 3807 Hrec
901 3753 1098 3823 quippe
1127 3754 1306 3807 omnia
1361 3756 1643 3823 sapientiae
1695 3768 1750 3814 et
1793 3769 2011 3815 caetera-

425 3859 545 3898 rum
576 3844 859 3905 virtatum.
890 3853 945 3900 et
973 3845 1415 3903 sanctiﬁcationis
1450 3851 1668 3918 capacia
1714 3862 1857 3906 sunt.
1901 3852 2006 3908 Ista

424 3948 557 3987 vero
590 3933 916 3996 substantia,
947 3933 1013 3987 de
1037 3949 1139 4001 qua
1172 3951 1316 3989 nunc
1347 3952 1529 3992 sermo
1575 3948 1680 4004 est,
1732 3942 2008 4010 sapientiae

423 4033 481 4080 et
503 4024 768 4087 scientite,
801 4033 857 4078 et
887 4025 1335 4082 sanctiﬁcationis
1380 4027 1624 4085 effectrix
1668 4041 1770 4086 est.
1822 4031 2008 4102 Neque

422 4118 567 4175 enim
602 4118 832 4173 inveniri
864 4129 1043 4187 potest
1069 4118 1245 4187 aliqua
1276 4117 1327 4172 iu
1379 4118 1581 4188 Spiritu
1616 4133 1807 4177 sancto
1856 4123 2008 4177 forti-

424 4213 575 4276 tudo,
620 4220 713 4267 aut
758 4211 1001 4281 operatio
1047 4211 1499 4267 sanctiﬁcationis
1549 4214 1873 4285 virtutisque
1902 4215 2006 4286 (9),

422 4318 585 4375 quam
628 4302 695 4356 ab
748 4313 1006 4357 extraneo
1045 4303 1277 4370 quodam
1327 4303 1632 4359 sustineat:
1665 4306 1788 4375 quia
1826 4307 2008 4363 istius-

422 4395 568 4452 modi
600 4404 793 4450 natura
834 4395 1108 4451 mutabilis
1135 4405 1240 4451 est.
1286 4394 1455 4450 Porro
1497 4395 1733 4467 Spiritus
1762 4409 2003 4469 sanctus,

2125 528 2297 597 magis
2326 526 2488 581 Pater
2517 536 2697 582 vester
2723 528 2960 583 caelestis
3015 528 3166 582 dabit
3222 529 3481 598 Spiritum
3541 545 3697 583 suum

2124 625 2376 669 sanctum
2410 618 2715 684 petentibus
2741 615 2902 670 se“?
2926 636 2945 668 ι
2978 617 3053 671 Ex
3085 616 3281 685 quibus
3304 628 3547 687 apparet,
3579 618 3705 684 Spi-
3762 688 3767 691 η

2124 707 2285 761 ritum
2323 719 2569 761 sanctum
2601 708 2987 777 plenitudinem
3024 724 3147 764 esse
3186 712 3446 765 donorum
3480 708 3582 782 fat.
3611 712 3706 764 bo-

2131 798 2349 871 norum]
2396 798 2524 865 Dei;
2580 808 2636 854 et
2679 815 2741 854 ea
2792 814 2913 869 qua:
2943 801 3203 854 divinitus
3231 800 3701 869 administrantur,

2124 905 2230 944 non
2280 891 2487 961 absque
2536 906 2601 946 eo
2646 892 2982 957 subsistere;
3030 891 3155 961 quia
3196 908 3385 949 omnes
3416 894 3702 958 utilitates,

2125 996 2246 1051 qua:
2273 997 2340 1036 ex
2379 985 2644 1038 donorum
2679 983 2770 1038 Dei
2820 985 2992 1054 gratia
3029 986 3416 1054 suscipiuntur,
3475 1002 3543 1041 ex
3602 989 3703 1041 isto

2132 1070 2282 1127 fonte
2314 1074 2613 1128 dimanaut.
2644 1074 2798 1141 Quod
2832 1085 3011 1129 autem
3039 1076 3473 1131 substantialiter
3504 1078 3700 1133 bonum

2120 1173 2226 1229 est,
2261 1179 2365 1219 nou
2399 1175 2576 1234 potest
2601 1175 2875 1221 extraneae
2913 1183 3081 1237 capax
3109 1183 3232 1223 esse
3266 1169 3546 1236 bonitatis,
3582 1186 3700 1225 cum

2127 1256 2302 1326 ipsum
2340 1259 2539 1313 tribuat
2565 1262 2776 1315 caeteris
2810 1261 3128 1317 bonitatem.
3158 1260 3327 1331 Igitur
3359 1262 3700 1318 manifestum

2124 1357 2227 1411 est,
2261 1364 2367 1402 non
2403 1364 2430 1403 a
2465 1351 2839 1419 corporalibus
2882 1361 3112 1419 tantunt,
3151 1354 3244 1408 sed
3271 1360 3324 1407 et
3352 1355 3419 1409 ab
3454 1357 3701 1425 incorpo-

2123 1438 2326 1494 ralibus
2353 1443 2622 1495 creaturis
2643 1454 2961 1497 extraneum
2986 1458 3107 1500 esse
3135 1444 3393 1514 Spiritum
3416 1456 3695 1513 sanctum;

2120 1532 2245 1598 quia
2283 1542 2493 1588 czeterze
2522 1534 2839 1589 substantia:
2893 1535 3035 1590 hanc
3087 1537 3445 1592 substantiam
3500 1540 3696 1594 sancti-

2122 1624 2394 1681 Ilcationis
2425 1628 2734 1699 accipiunt;
2770 1630 2870 1685 iste
2903 1646 3033 1685 vero
3060 1646 3166 1686 nou
3197 1641 3402 1687 tantum
3456 1650 3568 1688 non
3617 1642 3689 1687 est

2122 1733 2290 1787 capax
2324 1720 2770 1777 sanctiﬁcatiotiis
2796 1723 3007 1789 alienze,
3034 1723 3129 1779 sed
3154 1726 3378 1801 insuper
3408 1729 3690 1782 attributor

2052 1808 2092 1861 Β
2116 1819 2199 1862 est
2223 1819 2277 1865 et
2302 1821 2537 1865 creator.
2563 1812 2806 1883 Denique
2830 1815 2920 1883 qui
2951 1816 3341 1870 communione
3367 1817 3492 1887 ejus
3522 1817 3694 1872 fruun-

2119 1911 2226 1966 tur,
2260 1904 2555 1972 participes
2586 1904 2844 1959 dicuntur
2885 1906 3121 1976 Spiritus
3151 1909 3350 1973 sancti,
3377 1910 3695 1965 sanctiﬁcati

2119 1994 2307 2060 utique
2361 1994 2429 2049 ab
2474 2009 2560 2049 eo.
2618 1995 2911 2066 Perspictte
2954 1998 3099 2052 enim
3154 2000 3411 2067 scriptum
3441 2012 3529 2055 est
3551 1999 3697 2072 (10),

2122 2104 2142 2137 ς
2178 2086 2241 2140 Ει
2273 2086 2498 2157 Spiritui
2537 2089 2728 2159 gratia:
2767 2090 3150 2145 contumeliam
3186 2090 3388 2147 faciens
3406 2093 3475 2158 η,
3506 2113 3525 2146 ι
3564 2095 3698 2149 haud

2116 2181 2333 2235 dubium
2379 2182 2508 2250 quin
2563 2183 2609 2238 is
2658 2184 2749 2252 qui
2805 2194 2926 2253 post
2976 2185 3370 2254 susceptionem
3419 2186 3541 2255 ejus
3567 2202 3685 2256 pec—

2115 2273 2343 2327 caverit.
2378 2273 2432 2327 Si
2461 2282 2643 2328 autem
2676 2276 3051 2331 sanctificatus
3093 2285 3180 2331 est
3211 2291 3312 2347 per
3360 2281 3699 2335 communio-

2118 2378 2241 2417 nem
2281 2365 2517 2432 Spiritus
2548 2367 2745 2431 sancti,
2774 2368 3080 2422 ostenditur
3105 2372 3248 2438 quod
3284 2373 3397 2441 ipse
3424 2374 3699 2443 particeps

2115 2453 2233 2522 ejus
2269 2456 2452 2519 fuerit,
2486 2467 2540 2510 et
2566 2457 2791 2527 largitor
2823 2458 2939 2526 eius
2976 2460 3427 2517 sanctiﬁcationis
3456 2465 3695 2532 Spiritus

2114 2559 2357 2605 sanctus.
2388 2550 2682 2616 Apostolus
2706 2566 2920 2621 quoque
2975 2555 3042 2608 ad
3074 2552 3384 2612 Corinthios
3424 2559 3692 2625 scribens,

2116 2653 2171 2698 et
2203 2657 2529 2698 enumerans
2568 2657 2664 2698 eos
2704 2644 2796 2713 qui
2850 2659 3072 2714 regnum
3117 2646 3377 2702 caelorum
3405 2659 3537 2704 sunt
3572 2665 3701 2703 cono

2113 2735 2375 2799 secuturi,
2405 2735 2553 2789 addit
2581 2736 2815 2792 dicens:
2860 2756 2880 2789 ι
2912 2738 2979 2793 Et
3031 2740 3146 2794 haec
3204 2739 3417 2809 quidem
3477 2741 3695 2809 fuistis;

2112 2824 2209 2879 sed
2238 2824 2406 2880 abluti
2439 2826 2594 2891 estis,
2626 2826 2728 2882 sed
2757 2828 3082 2883 sanettﬂcati
3122 2831 3274 2896 estis,
3300 2832 3394 2886 sed
3418 2831 3696 2897 iustificati

2046 2930 2051 2937 '
2111 2917 2266 2981 estis,
2324 2917 2375 2972 in
2436 2918 2655 2973 nomine
2712 2918 2837 2974 Jesu
2883 2919 3085 2976 Christi
3133 2931 3190 2977 et
3238 2922 3291 2978 in
3350 2923 3556 2993 Spiritu
3607 2924 3696 2980 Dei

2112 3011 2284 3066 nostri
2314 3011 2358 3043 ’³
2394 3029 2408 3042 ·
2449 3029 2470 3065 ι
2503 3011 2762 3082 Spiritum
2801 3013 2916 3081 Dei,
2950 3030 3055 3069 non
3088 3015 3250 3070 alium
3284 3031 3538 3073 asserens
3574 3033 3694 3073 esse

2111 3115 2270 3170 quam
2297 3101 2560 3171 Spiritum
2589 3114 2858 3158 sanctum.
2897 3104 3105 3161 Etenim
3136 3106 3188 3160 in
3237 3110 3696 3178 consequentibus

2112 3195 2254 3251 idem
2294 3196 2579 3265 approbat,
2608 3197 2832 3252 dicens:
2873 3215 2893 3246 ‹
2924 3196 3093 3253 Nemo
3125 3200 3176 3254 in
3223 3198 3425 3270 Spiritu
3478 3202 3572 3255 Dei
3620 3202 3698 3254 lo-

2112 3302 2307 3358 quens,
2335 3286 2777 3342 dicitanatbema
2806 3286 2970 3342 Iesu:
3022 3298 3077 3344 et
3121 3305 3280 3344 nemo
3328 3290 3461 3345 dicit
3515 3291 3697 3345 Domi-

2111 3395 2240 3434 num
2284 3376 2488 3445 Jesum,
2535 3380 2636 3434 nisi
2665 3381 2721 3434 in
2771 3381 2973 3451 Spiritu
3027 3381 3306 3446 sancto“,
3336 3400 3356 3434 ι
3432 3381 3693 3452 Spiritum

2112 3471 2227 3535 Dei,
2261 3471 2523 3540 Spiritum
2551 3483 2798 3527 sanctum
2823 3487 2945 3528 esse
2980 3455 3337 3528 conﬁrmans.

2185 3562 2241 3618 5.
2276 3562 2334 3618 Si
2388 3563 2553 3632 igitur
2597 3564 2967 3619 sanctificator
3023 3563 3123 3637 [αι.
3172 3564 3558 3638 sanctiﬁcatio]
3585 3573 3687 3631 est,

2113 3670 2218 3711 non
2271 3655 2572 3719 mutabilis,
2620 3657 2715 3710 sed
2765 3655 3119 3711 immutabilis
3158 3656 3475 3711 substantiae
3509 3666 3691 3712 osten-

2111 3746 2279 3801 ditur.
2307 3745 2700 3801 lmmutabilem
2725 3756 2904 3800 autem
2935 3749 3294 3801 substantiam
3330 3745 3422 3800 Dei
3454 3756 3688 3806 tantum,

2110 3848 2165 3894 et
2185 3839 2443 3909 unigeniti
2470 3837 2591 3892 Filii
2619 3838 2756 3905 ejus,
2781 3839 3227 3894 manifestissime
3255 3841 3470 3894 tradunt
3498 3840 3681 3894 divina

2109 3930 2320 4000 eloquia
2354 3949 2368 3985 :
2397 3931 2809 3985 convertibilem
2841 3941 2897 3987 et
2931 3933 3242 3987 mutabilem
3274 3947 3488 3986 omnem
3524 3947 3677 3987 crea-

2110 4030 2352 4077 turarum
2411 4023 2770 4077 substantiam
2827 4024 3196 4094 praedicantia.
3246 4022 3383 4094 Ergo
3424 4027 3679 4094 quoniam

2109 4114 2408 4169 substantia
2457 4112 2691 4183 Spiritus
2753 4115 2929 4170 sancti
2991 4130 3099 4169 non
3156 4116 3550 4181 convertibilis,
3597 4118 3690 4172 sed

2109 4206 2539 4263 inconvertibilis
2573 4207 2939 4263 demonstrata
2980 4219 3104 4264 est:
3140 4225 3245 4263 nou
3278 4210 3384 4264 erit
3421 4221 3686 4265 creatura:

2110 4300 2366 4373 ὀμούσιον
2406 4300 2531 4374 [Ieg.
2559 4302 2864 4375 ὁμοῦσιος].
2900 4303 3056 4358 Esset
3086 4304 3283 4373 quippe
3334 4315 3389 4357 et
3443 4314 3688 4359 creatura

2112 4394 2482 4460 immutabilis,
2518 4395 2562 4449 si
2600 4410 2723 4449 cum
2767 4392 2924 4449 Patre
2954 4405 3249 4463 poneretur
3276 4404 3331 4448 et
3354 4393 3511 4459 Filio,
3537 4411 3688 4449 eam-

422 4486 766 4542 confessione
797 4487 1063 4553 omnium,
1098 4487 1457 4544 immutabilis
1501 4498 1605 4558 est,
1640 4492 2008 4551 sanctiﬁcator
2034 4498 2086 4557 D
2112 4488 2232 4542 dem
2264 4487 2469 4542 habens
2502 4486 3093 4542 inconvertibililalem-
3124 4485 3297 4542 Omne
3346 4488 3489 4542 enim
3548 4488 3687 4557 quod

422 4577 665 4634 scientiae
714 4579 929 4642 divinae,
983 4586 1040 4635 et
1090 4581 1469 4636 universorum
1511 4583 1804 4638 attributor
1833 4586 2006 4641 bono-

418 4685 565 4734 rum,
600 4680 677 4735 et,
706 4682 765 4726 ut
796 4673 1011 4728 brevius
1061 4672 1259 4737 dicam,
1307 4675 1423 4742 ipse
1465 4675 1768 4732 subsistens
1814 4678 1867 4732 in
1924 4679 2009 4735 bis

422 4760 579 4815 bonis
627 4775 748 4828 qua:
816 4777 844 4816 a
896 4763 1124 4818 Domino
1180 4764 1502 4832 largiuntur.
1565 4763 1701 4819 Nam
1756 4769 2007 4824 eumdem

421 4845 694 4916 Evangelii
758 4849 935 4905 locum
998 4851 1282 4908 Matthmus
1331 4852 1614 4923 Lucasque
1664 4856 2003 4921 describens.

419 4939 558 4994 alter
595 4956 663 4995 ex
712 4941 798 4996 his
841 4942 958 4997 ait:
1024 4963 1045 4997 ι
1072 4944 1287 5011 Quanto
1328 4947 1501 5017 magis
1552 4946 1717 5001 Pater
1764 4949 2002 5006 caelestis

2110 4578 2269 4633 alieni
2297 4579 2422 4633 boni
2463 4593 2635 4645 capax
2668 4586 2773 4640 est,
2815 4578 2882 4633 ab
2908 4578 3012 4633 hac
3043 4577 3350 4633 substantia
3383 4589 3683 4648 separatur.

2109 4669 2268 4725 Tales
2296 4680 2472 4724 autem
2501 4676 2628 4724 sunt
2654 4680 2860 4725 cunctae
2883 4681 3180 4737 creaturae;
3227 4671 3369 4725 Deus
3408 4685 3539 4726 vero
3565 4684 3686 4724 cum

2109 4759 2281 4815 bonus
2314 4762 2403 4825 sit,
2439 4759 2559 4815 fons
2586 4771 2640 4815 et
2691 4762 3015 4832 principium
3066 4763 3329 4817 bonorum
3383 4774 3467 4818 est
3509 4788 3521 4821 :
3563 4764 3688 4817 facit

2110 4850 2275 4921 igitur
2323 4866 2416 4905 eos
2457 4849 2646 4919 bonos,
2700 4853 2894 4921 quibus
2940 4868 2997 4909 se
3055 4854 3317 4921 impertit,
3371 4857 3542 4911 bonus
3577 4870 3688 4924 Ipse

2113 4959 2216 4998 non
2239 4943 2407 4999 factus
2432 4945 2500 4998 ab
2512 4944 2638 5012 alio,
2660 4945 2752 5002 sed
2765 4945 3095 5003 subsistens:
3124 4947 3245 5003 ideo
3269 4948 3527 5018 capabilis
3553 4949 3683 5021 (II),

490 5053 514 5086 "
555 5051 713 5108 Hebr.
744 5070 857 5132 tIt_._
877 5055 910 5109 7
942 5055 1135 5132 ς-Ρε-ιεῐ.Δ
1172 5059 1431 5132 χειν.μ8.
1508 5061 1531 5132 ἕ
1568 5061 1691 5132 Act.
1718 5079 1912 5125 xxvm,
1936 5063 2009 5120 ‘25

2113 5078 2161 5132 q.
2185 5081 2200 5123 ;
2224 5061 2327 5117 lsa.
2353 5078 2431 5127 vt,
2458 5060 2513 5124 9,
2546 5061 2634 5118 '10.
2710 5062 2731 5094 °
2767 5061 2890 5118 Act.
2922 5079 2961 5130 ι,
2994 5062 3083 5120 16.
3162 5064 3208 5096 ⁸⁸
3246 5062 3435 5120 Matth.
3461 5080 3556 5131 vn,
3598 5064 3682 5121 11.

423 5123 464 5156 ¹¹
508 5132 640 5179 Luc.
667 5140 743 5189 χι,
791 5126 879 5181 15.
958 5128 1001 5159 ¹⁸
1043 5127 1283 5196 Hebr.x,
1313 5129 1405 5185 29.
1485 5131 1529 5163 "
1569 5131 1746 5188 ICor.
1776 5150 1848 5202 vt,
1885 5134 1982 5189 II.“

491 5254 570 5321 (7)
610 5255 852 5334 Alterum
884 5259 946 5311 τό
971 5274 1056 5334 (επΔ
1090 5260 1282 5334 Graeco
1330 5265 1625 5333 exemplari
1683 5266 2008 5334 addidimus,

422 5327 701 5381 contextui
742 5336 797 5381 et
847 5329 1090 5385 auctoris
1117 5332 1283 5384 menti
1336 5327 1571 5390 maxime
1619 5327 2005 5393 necessarium.

494 5397 570 5478 (8.)
634 5395 778 5450 Idem
830 5413 960 5452 mss.
1012 5400 1066 5478 in
1103 5402 1366 5478 gignendi
1409 5417 1536 5478 casu
1585 5405 1673 5478 8ιρ
1723 5407 1817 5461 τοῦ
1850 5409 2005 5478 ἁγίου

421 5466 762 5542 Πνερμετος.
799 5478 854 5522 et
881 5484 1005 5524 mox
1040 5471 1127 5524 διὰ
1148 5470 1243 5523 τοῦ
1272 5472 1607 5542 Πνευμάτος.
1638 5473 1880 5532 Rectius.

494 5534 583 5607 (9)‘
609 5534 953 5607 Tholosanus
983 5556 1105 5595 cum
1133 5543 1333 5594 nostris
1365 5534 1497 5596 mss.
1527 5534 1582 5598 et
1628 5546 1856 5601 fertasse
1912 5563 2005 5602 ve-

421 5606 560 5689 rius,
597 5625 617 5659 ‹
652 5606 930 5689 fortitudo,
967 5614 1223 5689 quamah
1256 5621 1513 5689 extranea
1551 5618 1776 5689 quadam
1810 5634 2003 5689 opera-

423 5676 1072 5754 tionesapctificationis,
1103 5683 1426 5750 virtutisque
1458 5676 1734 5754 suscipiat.
1763 5706 1783 5739 ι

496 5747 608 5817 (l0)
641 5748 1098 5830 Eratjucongruo
1129 5768 1287 5830 sensu
1342 5747 1399 5807 et
1439 5747 1710 5830 vitioso”
1739 5759 2001 5830 scriptum

421 5825 525 5884 est,
554 5819 696 5887 quod
720 5821 930 5889 spiritui
963 5819 1170 5896 gratiae,
1204 5823 1259 5879 in
1317 5838 1424 5895 quo
1473 5819 1863 5889 sanctiﬁcatus'
1896 5839 1998 5897 est,

2051 5135 2096 5167 “
2133 5135 2152 5190 I
2191 5134 2315 5189 Cor.
2343 5149 2440 5199 xu,
2463 5132 2519 5188 5.

2114 5271 2497 5346 contumeliam
2528 5268 2753 5335 faciens,
2789 5272 2954 5346 gravi
2980 5272 3236 5346 punietur
3259 5284 3501 5341 peccato,
3527 5296 3546 5329 ι
3573 5292 3688 5346 qme

2111 5356 2177 5396 ex
2231 5342 2464 5416 laudatis
2509 5342 3101 5416 mss._castigavimus.
3155 5342 3417 5416 Congruit
3471 5342 3684 5402 lectioni

2110 5412 2501 5485 nostrzeetiam
2537 5409 2755 5464 Tholos.
2791 5427 2919 5476 ms.,
2958 5414 3169 5485 tametsi
3205 5409 3576 5485 in'superiori
3602 5428 3684 5471 at-

2108 5496 2214 5552 que
2250 5480 2490 5552 inferiori
2528 5490 2780 5534 contextu
2814 5483 3096 5552 erroribus
3129 5492 3356 5541 scateat.

2180 5551 2293 5622 (Il)
2332 5551 2464 5606 Hinc
2506 5554 2672 5620 probe
2718 5551 3024 5624 inlelligist
3052 5569 3159 5620 quo
3214 5569 3375 5609 sensu
3419 5574 3440 5608 ι
3476 5556 3685 5624 capabi-

2105 5621 2232 5683 Iem,
2266 5640 2284 5671 ι
2338 5632 2393 5692 et
2426 5636 2528 5675 non
2580 5636 2906 5692 gicattacem,
2944 5640 2962 5673 ι
2992 5622 3249 5692 Spiritum
3304 5621 3552 5680 sanctum
3597 5626 3684 5678 Di-

2109 5692 2305 5813 dymus
2359 5691 2521 5746 dicat.
2578 5691 2784 5759 Nempe
2838 5693 2883 5745 si
2932 5710 2951 5743 ι
2984 5691 3238 5761 capacem
3269 5715 3288 5748 ι
3355 5695 3517 5750 Deum
3564 5694 3681 5749 boni

2111 5778 2137 5813 a
2168 5761 2360 5813 ieuins.
2397 5772 2490 5813 attt
2523 5761 2767 5813 virtutis.
2792 5772 2918 5813 nuta
2949 5764 3251 5813 sanientiaa-
3300 5775 3393 5813 aut
3448 5765 3681 5813 veritatis

2111 5761 2360 5828 alicujus,
2397 5772 2490 5813 attt
2523 5761 2767 5825 virtutis,
2792 5772 2918 5826 puta
2949 5764 3252 5832 sapientiae,
3300 5775 3393 5819 aut
3448 5765 3682 5820 veritatis

2111 5832 2339 5897 diceret,
2363 5841 2573 5902 poterat
2618 5846 2712 5888 eas
2745 5833 2913 5890 videri
2939 5834 3155 5891 aliunde
3185 5837 3562 5908 assumpsisse,
3595 5850 3685 5890 ne-
