4034 6392
506 334 528 386 1
539 331 638 387 031

1632 329 1834 385 LIBER
1871 329 1960 382 DE
1999 329 2270 387 SPlRlTU
2312 331 2604 390 SANCTO.

3607 339 3747 395 1038

500 458 557 502 et
579 462 683 500 non
700 459 886 516 capax.
918 444 1232 514 Unigenitus
1253 460 1464 516 quoque
1491 446 1678 511 Filius,
1708 447 1822 517 ejus
1851 449 2062 517 sapien-
2092 457 2137 512 Α
2163 448 2321 504 Jesns
2352 452 2736 520 praedicatores
2763 448 3023 506 doctrinas
3054 466 3187 517 suae,
3237 453 3460 522 replevit
3503 468 3596 508 eos
3630 455 3751 524 Spi-

501 539 574 590 tia
625 547 679 590 et
730 537 1107 616 sanctiﬁcatio,
1171 553 1274 592 non
1314 537 1373 591 lit
1413 538 1646 606 sapiens,
1676 543 1767 593 sed
1798 541 2064 608 sapientes

505 627 658 693 iacit;
691 637 746 681 et
773 644 876 682 non
905 629 1294 694 sanetilicatur,
1333 629 1424 682 sed
1475 629 1795 683 sanctiﬁcat.
1832 629 1984 684 Unde
2013 639 2066 685 et

499 715 616 784 ipse
648 717 909 786 capabilis
943 728 1048 782 est,
1081 726 1135 771 et
1165 734 1270 772 non
1303 734 1495 786 capax.
1550 719 1683 773 Cum
1736 720 1894 790 igitur
1929 721 2058 774 invi-

499 806 674 862 sibilis
707 819 977 874 creatura,
1011 824 1170 878 quam
1193 809 1561 864 rationabilem
1591 819 1646 863 et
1679 811 2065 877 incorporalem

499 898 854 951 substantiam
882 898 1063 952 vocari
1098 897 1500 952 consuetudinis
1525 907 1629 963 est,
1663 913 1768 952 non
1805 899 1875 952 sit
1911 914 2068 966 capa-

499 985 639 1050 bilis,
687 987 782 1040 sed
833 1001 1043 1054 capax:
1101 986 1147 1040 si
1199 986 1344 1040 enim
1397 986 1656 1056 capabilis
1684 996 1846 1052 esset,
1875 989 2068 1041 nullius

498 1075 622 1132 boni
649 1092 821 1146 capax
852 1086 1014 1140 esset,
1051 1092 1146 1146 per
1171 1092 1236 1132 se
1267 1077 1493 1146 simplex
1519 1078 1632 1146 ipsa
1663 1080 1982 1143 subsistens,
2014 1089 2069 1133 et

497 1168 716 1224 alterius
742 1169 861 1222 boni
892 1170 1254 1238 receptatrix;
1287 1169 1699 1237 participatione
1736 1170 1932 1225 habeat
1971 1172 2067 1224 bo-

499 1273 646 1321 num,
682 1266 736 1311 et
767 1273 870 1312 non
907 1259 971 1313 de
1012 1259 1096 1314 his
1128 1275 1247 1328 quas
1274 1263 1539 1314 habentur
1566 1262 1634 1315 ab
1685 1261 1830 1325 aliis,
1875 1263 1969 1316 sed
2005 1263 2070 1315 de

496 1348 582 1402 his
610 1364 730 1419 quae
759 1349 956 1404 habent
978 1350 1077 1403 alia
1109 1351 1456 1420 intelligatur,
1517 1352 1678 1408 Patre
1727 1363 1782 1407 et
1811 1353 1946 1408 Filio
1973 1355 2068 1409 ha-

496 1439 623 1494 bitis
671 1441 840 1510 magis
891 1455 1046 1508 quam
1100 1441 1456 1508 habentibus;
1509 1453 1754 1497 creatura
1810 1459 1937 1499 vero
1970 1445 2067 1499 ba-

498 1530 678 1594 bente,
711 1541 763 1584 et
795 1546 899 1585 non
935 1532 1112 1586 habita
1147 1550 1159 1584 :
1192 1533 1257 1586 de
1289 1533 1488 1600 Spiritu
1523 1548 1738 1602 quoque
1772 1545 1959 1590 sancto
1986 1551 2073 1589 re-

499 1631 790 1675 tractemus
827 1621 959 1694 (12),
987 1631 1040 1677 et
1068 1625 1111 1677 si
1145 1623 1358 1692 quidem
1397 1626 1509 1694 ipse
1539 1639 1750 1693 quoque
1782 1627 2070 1694 participa-

499 1713 640 1767 tione
665 1715 885 1767 alterius
915 1716 1286 1769 sanctimouia:
1313 1727 1534 1770 sanctus
1564 1725 1666 1783 est,
1705 1732 2069 1771 connumerc-

2168 541 2669 608 ritn;etinsumans
2692 543 2740 597 in
2767 542 2956 598 faciem
2982 557 3166 597 eorum
3195 546 3510 615 :cAccipite,
3549 548 3750 617 inquit,

2169 631 2425 700 Spiritum
2475 641 2716 686 sanctum
2745 631 2809 697 ιτ,
2844 650 2864 682 ι
2939 641 3015 695 et,
3050 650 3068 683 ι
3108 632 3327 692 Euntes.
3353 635 3542 688 docete
3562 651 3752 691 omnes

2167 722 2430 792 gentes”,
2471 739 2492 772 ι
2522 722 2674 791 quasi
2703 735 2892 776 omnes
2939 722 3149 776 cunctis
3197 722 3443 790 gentibus
3490 723 3748 786 mitteret,

2171 810 2351 879 Neque
2378 811 2518 864 enim
2539 825 2729 865 omnes
2777 810 2998 878 apostoli
3037 812 3102 864 ad
3130 826 3317 865 omnes
3344 823 3530 880 gentes
3552 815 3752 880 pariter

2170 909 2296 954 sunt
2348 899 2600 969 profecti,
2645 900 2739 953 sed
2786 903 3005 968 quidam
3056 900 3108 952 in
3171 901 3377 961 Asiam,
3413 901 3630 968 quidam
3689 903 3741 955 in

2173 990 2468 1061 Scythiam,
2496 1001 2552 1045 et
2587 990 2673 1044 alii
2712 991 2767 1044 in
2794 991 2929 1044 alias
2962 991 3196 1060 dispersi
3236 993 3512 1058 nationes;
3547 1009 3747 1048 secun-

2171 1081 2298 1135 dum
2338 1083 2790 1151 dispensationem
2826 1082 2966 1135 illius
3024 1098 3184 1151 quem
3238 1097 3420 1137 secum
3472 1085 3743 1139 habebant

2173 1169 2405 1240 Spiritus
2448 1171 2642 1232 sancti,
2667 1186 2774 1240 quo
2808 1170 2964 1224 modo
3001 1180 3056 1224 et
3106 1171 3390 1224 Dominum
3443 1173 3706 1228 dicentem
3729 1216 3745 1240 ,

2179 1281 2198 1314 ι
2268 1262 2549 1316 Vobiscum
2621 1278 2738 1316 sum
2776 1263 3024 1316 omnibus
3072 1264 3256 1317 diebus
3303 1279 3468 1332 usque
3509 1267 3575 1318 ad
3621 1283 3750 1320 cou-

2175 1353 2590 1406 summationem
2657 1351 2972 1406 saacnliw.»
3037 1349 3131 1405 His
3160 1361 3216 1405 et
3277 1352 3402 1404 illud
3461 1355 3746 1421 congruit:

2179 1461 2199 1493 ‹
2230 1441 2519 1510 Accipietis
2563 1441 2817 1494 virtutem
2865 1442 3290 1507 supervenientis
3344 1440 3442 1512 [αι.
3493 1456 3752 1510 superve-

2175 1530 2432 1602 nientetn]
2465 1530 2697 1598 Spiritus
2729 1530 2901 1584 Sancti
2930 1531 2980 1583 in
3015 1545 3146 1597 vos;
3173 1541 3226 1584 et
3254 1533 3404 1585 eritis
3429 1541 3592 1586 testes
3616 1534 3746 1586 mihi

2175 1622 2229 1676 in
2264 1621 2582 1686 Jerusalem,
2611 1631 2666 1674 et
2690 1623 2741 1674 in
2765 1622 2910 1674 omni
2948 1619 3126 1675 Judata
3149 1631 3203 1675 et
3232 1622 3503 1685 Samaria,
3559 1635 3613 1675 et
3657 1641 3748 1677 us-

2176 1729 2281 1783 que
2313 1715 2378 1766 ad
2407 1723 2705 1767 extremum
2743 1721 2900 1767 terrze
2923 1715 2997 1766 '°.
3028 1733 3047 1764 ›
3082 1713 3136 1766 Si
3163 1728 3289 1781 ergo
3323 1713 3374 1766 hi
3408 1713 3460 1765 in
3489 1718 3748 1769 extrcu‘tis

495 1813 583 1857 tttr
609 1806 816 1860 cmteris
844 1807 1125 1860 creaturis.
1165 1807 1220 1861 Si
1250 1823 1375 1861 vero
1409 1817 1624 1862 sanctos
1671 1807 1802 1861 facit
1840 1824 2066 1877 capaces
2099 1789 2141 1843 Β
2173 1805 2367 1859 ﬁnibus
2401 1815 2556 1858 terra:
2580 1807 2647 1858 ob
2671 1803 2768 1876 [αι.
2797 1803 3119 1876 secundum]
3146 1806 3513 1858 testimonium
3535 1805 3742 1861 Domini

493 1896 596 1960 sui,
657 1912 776 1950 cum
827 1896 986 1950 Patre
1043 1907 1276 1966 ponatur
1326 1906 1380 1952 et
1414 1898 1569 1953 Filio.
1601 1897 1751 1964 Quod
1793 1909 1970 1953 autem
2001 1901 2070 1955 ab

493 1988 615 2042 aliis
646 1988 894 2057 capiatur
922 1988 1154 2056 Spiritus
1191 2001 1434 2054 sanctus,
1469 1999 1524 2045 et
1556 2006 1660 2043 non
1715 1991 1818 2044 alia
1870 1992 2068 2062 capiat,

494 2087 548 2132 et
577 2093 738 2140 nunc,
769 2087 824 2131 et
853 2079 904 2130 in
932 2077 1208 2132 Sectarum
1236 2080 1509 2133 volumine
1551 2080 1730 2150 (prout
1767 2082 2066 2151 potuimus)

493 2171 856 2238 expressimus
877 2169 1027 2241 (1'5):
1059 2179 1112 2224 et
1139 2185 1201 2223 ex
1234 2171 1378 2224 omni
1429 2172 1706 2241 Scriptura
1759 2189 2065 2230 sermonem

493 2270 734 2314 nostrum
788 2260 1054 2314 allirmare
1111 2260 1362 2330 perfacile
1428 2271 1528 2316 est.
1598 2263 1794 2318 Beatus
1855 2280 2070 2335 quoque

501 2353 792 2421 Apostolus
837 2353 903 2406 ad
959 2353 1216 2422 Ephesios
1274 2354 1514 2408 scribens
1558 2355 1675 2408 ait:
1728 2373 1746 2406 ι
1781 2354 1837 2410 In
1886 2366 2071 2427 quoet

496 2446 782 2499 credentes
826 2445 1017 2513 signati
1045 2445 1176 2498 estis
1213 2443 1414 2512 Spiritu
1447 2446 1817 2513 promissionis
1858 2461 2070 2514 sancto,

492 2535 583 2603 qui
635 2544 719 2588 est
767 2535 956 2603 pignus
1003 2535 1328 2589 hazreditatis
1375 2547 1578 2590 nostra:
1600 2536 1666 2590 ".
1692 2554 1711 2586 ι
1740 2536 1795 2590 Si
1826 2539 1966 2592 enim
1995 2539 2070 2592 si-

493 2635 728 2696 gnantur
759 2627 976 2693 quidam
1006 2625 1207 2695 Spiritu
1241 2635 1450 2690 sancto,
1476 2627 1704 2681 formam
1737 2637 1792 2681 et
1826 2629 2068 2696 speciem

492 2718 611 2787 ejus
639 2727 1016 2774 assumentes:
1056 2733 1123 2772 ex
1159 2719 1241 2773 his
1266 2728 1349 2774 est
1381 2720 1615 2789 Spiritus
1657 2730 1895 2784 sanctus,
1950 2735 2069 2789 qua:

495 2807 775 2872 habentur,
812 2820 867 2862 et
895 2824 998 2861 non
1029 2808 1261 2864 habent:
1305 2809 1632 2863 habentibus
1687 2809 1837 2863 illum
1887 2811 2070 2880 signa-

491 2899 611 2951 culo
638 2899 752 2968 ejus
785 2903 1079 2966 impressis.
1111 2902 1190 2953 Ad
1237 2900 1546 2955 Corinthios
1597 2899 1901 2972 [Ephesios]
1933 2916 2068 2970 quo-

492 3005 595 3056 que
623 2990 760 3043 idem
788 2991 1047 3055 scribens,
1096 3010 1116 3042 ‹
1145 2989 1337 3053 Nolite,
1371 3009 1390 3041 ι
1444 2991 1634 3060 inquit,
1696 3008 1714 3042 ι
1743 2993 2067 3045 contristare

493 3080 751 3148 Spiritum
780 3090 1046 3147 sanctum,
1075 3080 1128 3134 in
1163 3095 1270 3149 quo
1299 3082 1492 3150 signati
1520 3082 1650 3136 estis
1673 3082 1740 3145 ¹⁶,
1775 3100 1794 3133 ι
1828 3084 2066 3151 signatos

490 3187 610 3225 esse
637 3181 944 3226 contestans
969 3188 1065 3226 eos
1091 3173 1180 3242 qui
1208 3183 1558 3239 susceperant
1614 3175 2052 3228 communionem

491 3264 726 3330 Spiritus
757 3265 953 3319 sancti.
984 3263 1108 3330 Quo
1135 3265 1294 3319 modo
1326 3265 1468 3318 enim
1502 3263 1793 3333 disciplinae
1823 3275 1878 3318 et
1905 3265 2068 3320 virtu-

490 3355 560 3408 tis
589 3365 891 3424 assumptor
953 3357 1285 3426 signaculum
1315 3365 1369 3410 et
1401 3357 1624 3425 tiguram
1654 3356 1734 3426 (ut
1759 3356 1829 3409 ita
1867 3356 2064 3427 dicam)

493 3447 544 3500 in
610 3462 762 3501 suum
811 3463 1028 3502 sensum
1080 3450 1271 3516 recipit
1313 3448 1429 3514 ejus
1475 3449 1731 3512 scientiae,
1783 3464 1944 3516 quam
1979 3463 2066 3502 as-

491 3537 754 3605 sumpsit:
791 3539 870 3592 sic
897 3548 950 3592 et
978 3538 1026 3594 is
1049 3539 1137 3608 qui
1172 3540 1404 3608 Spiritus
1437 3541 1609 3593 sancti
1651 3539 1918 3607 particeps
1949 3539 2064 3593 elli-

491 3629 650 3693 citur,
687 3643 781 3697 per
817 3632 1250 3685 communionem
1285 3632 1403 3700 ejus
1437 3632 1495 3684 tit
1534 3631 1834 3688 soiritualis
1859 3633 2064 3700 pariter

490 3727 544 3771 et
572 3729 793 3772 sanctus
819 3718 954 3790 (14).

561 3810 612 3864 6.
646 3809 762 3879 lpse
793 3825 921 3864 vero
955 3810 1190 3880 Spiritus
1235 3822 1475 3878 sanctus,
1516 3813 1561 3867 si
1604 3828 1742 3868 unus
1798 3814 1864 3867 de
1917 3826 2071 3866 crea-

497 3903 633 3955 turis
702 3911 865 3964 esset,
911 3901 1097 3955 saltem
1151 3903 1610 3970 circumscriptam
1669 3903 1888 3958 haberet
1942 3904 2072 3957 sub-

497 3991 782 4060 stantiam,
815 3993 951 4047 sicut
982 3993 1226 4048 universa
1256 4008 1375 4062 quae
1408 3994 1546 4047 facta
1573 4004 1716 4048 sunt.
1771 3991 1902 4047 Nam
1959 3994 2069 4048 etsi

491 4100 596 4139 non
649 4085 1160 4139 circumscribantur
1218 4086 1334 4140 loco
1394 4097 1448 4141 et
1511 4088 1707 4142 ilnibus
1760 4087 2060 4142 invisibiles

489 4187 771 4242 creaturae,
811 4187 987 4232 tamen
1041 4183 1371 4246 proprietate
1416 4180 1730 4234 substantiae
1781 4179 2060 4232 liniuntur.

492 4269 724 4336 Spiritus
753 4280 930 4324 autem
969 4279 1209 4334 sanctus,
1247 4285 1366 4322 cum
1420 4270 1470 4323 in
1519 4270 1759 4338 pluribus
1803 4269 1892 4334 sit,
1951 4283 2060 4322 non

493 4362 654 4414 habet
673 4361 1026 4416 substantiam
1062 4358 1548 4430 circumscriptam.
1601 4361 1817 4416 Mittens
1865 4359 2065 4429 quippe

1150 4564 1192 4594 ⁸⁸
1239 4562 1432 4632 Ephcs.
1510 4579 1583 4623 tv.
1643 4563 1732 4618 30.

1193 4634 1236 4664 ’⁸
1266 4636 1384 4685 Act.
1404 4649 1455 4697 x,
1486 4634 1575 4687 22,

562 4566 603 4595 ¹⁸
646 4564 913 4628 Ephesi,
983 4566 1070 4617 15.
1150 4564 1192 4594 ³⁸
1239 4563 1432 4628 Ephes.
1510 4579 1583 4623 tv.
1643 4563 1732 4618 30.
1811 4565 1852 4596 ¹⁷
1892 4563 2044 4619 Joan.

489 4651 530 4699 ι,
557 4641 610 4688 8.
685 4638 726 4666 "
756 4635 888 4689 Luc.
921 4651 998 4697 Ix,
1026 4633 1116 4687 26.

2120 4582 2186 4619 ΣΧ

1653 4635 1698 4664 ’³
1725 4633 1882 4688 Joan.
1909 4651 2040 4699 xvu,
2073 4637 2159 4690 1i.
2197 4605 2212 4630 ’

2171 1897 2468 1960 constituti,
2526 1897 2801 1950 distabant
2862 1897 3004 1950 inter
3059 1912 3118 1950 se
3151 1897 3476 1964 longissimis
3524 1899 3735 1966 spatiis,

2171 1991 2356 2043 aderat
2398 1999 2575 2044 autem
2609 1990 2689 2043 eis
2751 1989 3080 2043 iubabitator
3111 1989 3340 2059 Spiritus
3377 2002 3615 2054 sanctus,
3665 1993 3745 2046 in.

2169 2079 2642 2145 circumscriptam
2697 2078 2900 2134 habens
2943 2081 3334 2144 substantiam,
3390 2082 3744 2135 demonstra-

2173 2168 2391 2240 tur(15)
2427 2171 2664 2238 angelica
2701 2171 2873 2224 virtus
2920 2170 2987 2222 ab
3020 2170 3122 2224 hoc
3151 2186 3370 2237 prorsus
3410 2171 3602 2226 aliena.
3630 2175 3740 2225 Att-

2171 2261 2319 2330 gelus
2349 2261 2545 2330 quippe
2574 2261 2666 2330 qui
2697 2261 2902 2324 aderat,
2946 2262 3091 2315 verbi
3125 2263 3294 2329 gratia
3327 2301 3343 2324 ,
3397 2263 3640 2331 apostolo
3688 2265 3740 2318 in

2168 2354 2294 2406 Asia
2348 2354 2544 2418 oranti,
2601 2369 2703 2406 non
2777 2362 2989 2421 poterat
3057 2354 3215 2408 simul
3267 2357 3454 2408 eodem
3505 2366 3745 2426 tempore

2169 2445 2359 2500 adesse
2387 2445 2510 2499 aliis
2540 2445 2592 2498 in
2641 2447 2850 2500 caeteris
2893 2446 3133 2515 partibus
3194 2449 3375 2501 mundi
3414 2451 3739 2504 constitutis.

2171 2535 2405 2603 Spiritus
2450 2545 2624 2588 autem
2669 2545 2887 2588 sanctus
2939 2551 3042 2588 non
3096 2535 3282 2622 solum
3339 2537 3649 2606 sejunctisa
3683 2555 3742 2593 se

2171 2625 2705 2695 boutinilms'praesto
2726 2637 2829 2691 est,
2861 2628 2952 2680 sed
2980 2636 3033 2680 ct
3061 2629 3292 2696 singulis
3319 2630 3614 2699 quibusque
3640 2647 3739 2684 an-

2172 2717 2328 2785 gelis,
2361 2718 2780 2786 principatibus,
2836 2719 3068 2782 thronis,
3098 2720 3551 2776 dominationibus
3592 2723 3746 2778 inha-

2169 2807 2370 2860 bitator
2396 2808 2640 2873 assistit;
2672 2817 2806 2860 etut
2835 2807 3082 2860 homines
3119 2809 3486 2872 sanctiﬁcans.
3519 2811 3742 2864 alterius

2169 2910 2328 2964 quam
2363 2905 2487 2950 sunt
2527 2897 2794 2956 homines.
2844 2908 2930 2950 est
2958 2907 3194 2961 naturae;
3231 2899 3308 2952 sic
3334 2909 3388 2952 et
3417 2901 3550 2954 alias
3585 2917 3742 2956 crea-

2171 2997 2318 3041 turas
2345 2987 2716 3052 sanctificans,
2752 2987 2888 3041 alius
2921 2989 2989 3041 ab
3047 3004 3233 3042 earum
3284 3001 3367 3043 est
3412 2993 3739 3058 substantia,

2169 3080 2420 3150 quoniam
2451 3081 2626 3134 omnis
2656 3093 2904 3135 creatura
2941 3097 3044 3133 non
3073 3096 3136 3134 ex
3161 3098 3254 3136 sua
3280 3084 3601 3151 substantia,
3643 3089 3738 3142 sed

2171 3184 2235 3221 ex
2265 3169 2641 3224 communione
2670 3171 2892 3223 alterius
2946 3173 3251 3227 sanctitatis
3291 3187 3476 3228 sancta
3528 3178 3742 3244 perlici-

2168 3267 2273 3312 tur.

2239 3351 2288 3402 7.
2334 3349 2469 3406 Dicti
2513 3361 2638 3405 sunt
2687 3352 2900 3421 quidem
2929 3354 3098 3409 sancti
3135 3356 3307 3425 angeli
3343 3356 3394 3409 in
3427 3357 3739 3430 Evangelia,

2171 3443 2452 3497 Salvatore
2499 3444 2732 3508 dicente,
2783 3454 3065 3499 venturum
3106 3462 3228 3502 esse
3287 3447 3480 3502 Filium
3509 3451 3742 3506 hominis

2168 3532 2221 3586 in
2272 3534 2551 3601 majestate
2600 3549 2696 3588 sua
2747 3542 2802 3588 et
2849 3535 3046 3602 Patris,
3095 3548 3148 3592 et
3185 3549 3494 3595 sanctorum
3521 3544 3741 3611 angelo-

2169 3639 2286 3676 rum
2320 3625 2387 3677 “.
2421 3625 2482 3677 Et
2528 3627 2809 3680 Cornelius
2842 3628 2892 3681 in
2919 3628 3142 3683 Actibus
3172 3633 3533 3698 apostolorum
3557 3651 3583 3687 a
3612 3651 3741 3689 san-

2168 3725 2254 3769 cto
2295 3718 2484 3786 angelo
2526 3719 2782 3770 scribitur
2836 3718 2933 3790 [aL
2975 3722 3282 3796 subjicitur]
3346 3728 3618 3794 accepisse
3647 3743 3736 3784 re-

2171 3825 2431 3878 sponsum
2458 3811 2526 3870 “,
2570 3819 2626 3864 ut
2673 3809 2894 3864 Petrum
2957 3814 3021 3866 ad
3066 3829 3124 3868 se
3173 3813 3372 3870 Christi
3418 3817 3736 3887 discipulum

2169 3911 2412 3956 vocaret.
2480 3900 2674 3956 Verum
2733 3903 2903 3956 sancti
2948 3913 3075 3957 sunt
3121 3905 3295 3972 angeli
3327 3906 3738 3975 participatione

2171 3990 2406 4060 Spiritus
2453 3994 2648 4054 sancti,
2691 4002 2746 4047 et
2798 3993 3188 4049 inhabitatione
3227 3993 3322 4065 [αι.
3360 3999 3730 4051 communica-

2169 4082 2332 4154 tione]
2371 4085 2631 4153 unigeniti
2661 4084 2778 4137 Filii
2808 4085 2920 4146 Dei,
2954 4086 3046 4154 qui
3086 4089 3344 4141 sanctitas
3377 4094 3478 4150 est,
3511 4100 3564 4142 et
3585 4103 3738 4142 com-

2165 4177 2460 4230 municatio
2485 4177 2660 4229 Patris
2685 4176 2820 4248 (16).
2848 4177 2922 4230 De
2956 4192 3062 4246 quo
3092 4178 3340 4232 Salvator
3363 4179 3437 4232 ait
3468 4197 3481 4232 :
3520 4198 3540 4229 ί
3572 4178 3736 4235 Pater

2166 4267 2471 4323 sancte’m
2501 4267 2556 4322 Si
2580 4269 2745 4337 igitur
2778 4269 2949 4338 angeli
2991 4285 3093 4324 non
3131 4284 3195 4323 ex
3230 4271 3443 4338 propria
3483 4274 3736 4326 substan-

2168 4360 2239 4412 tia
2269 4360 2438 4413 sancti
2464 4369 2609 4423 snnt,
2644 4360 2736 4412 sed
2773 4373 2838 4412 ex
2869 4359 3282 4427 participatione
3317 4373 3518 4416 sancta:
3555 4361 3738 4415 Trini-

2275 4564 2366 4617 22.
2446 4564 2488 4596 ⁸⁸
2527 4563 2716 4616 Matth.
2749 4577 2940 4619 xxvm,
2966 4563 3054 4616 19.
3133 4565 3174 4595 ¹⁹
3215 4563 3344 4619 ibid.
3379 4563 3469 4618 20.

2446 4564 2488 4596 ⁸⁸
2527 4563 2716 4616 Matth.
2749 4577 2940 4626 xxvm,
2966 4562 3054 4616 19.
3133 4565 3174 4595 ¹⁹
3215 4563 3344 4619 ibid.
3379 4563 3469 4618 20.
3545 4567 3590 4596 ὀ
3609 4567 3730 4620 Act.

489 4784 593 4837 que
645 4783 708 4821 ex
753 4783 813 4821 se
874 4768 1093 4829 habere,
1139 4778 1299 4835 atque
1349 4767 1480 4819 adeo
1521 4781 1681 4834 posse
1734 4769 2057 4836 quandoque
2089 4754 2255 4820 Ddes
2277 4766 2328 4837 in
2354 4762 2801 4837 Parndiso,_fap.
2856 4761 2926 4814 1:
2973 4761 3208 4837 maxime
3228 4777 3355 4837 vero
3410 4761 3630 4837 Hieron.
3677 4765 3730 4817 in

491 4839 758 4904 amittere,
811 4839 952 4905 quod
1001 4838 1288 4905 aliquando
1318 4837 1570 4902 cepisset.
1635 4856 1654 4888 ι
1683 4837 1994 4904 Capahilem
2030 4859 2047 4889 ι

491 4923 618 4962 vero
646 4909 763 4961 ideo
790 4909 1140 4968 credendum,
1163 4909 1415 4976 quoniam
1446 4907 1666 4975 implere
1696 4909 1842 4959 illum
1867 4910 2050 4972 corda,

492 4988 655 5044 atque
689 4978 900 5030 animas
931 4976 1164 5029 ﬁdelium
1199 4976 1378 5028 llllllllS
1433 4976 1564 5029 lOClS
1609 4976 1896 5042 Scriptum
1974 4987 2054 5028 te-

491 5056 718 5099 atantnr.
745 5047 1048 5100 Consonant
1073 5046 1162 5098 alii
1196 5045 1399 5097 Patres.
1426 5047 1627 5099 Auctor
1671 5046 2043 5098 Altercationis

489 5131 610 5167 cum
638 5117 913 5169 l’ascentio
940 5117 1134 5167 Ariano
1158 5115 1286 5169 olim
1315 5115 1454 5167 inter
1474 5115 1699 5181 August.
1730 5117 1888 5180 epist.
1917 5117 2049 5169 177:

497 5200 516 5234 ι
553 5183 646 5237 Est
706 5185 1020 5253 incapabilis
1095 5185 1286 5248 Pater,
1343 5200 1500 5249 quem
1557 5186 1700 5251 capit
1754 5184 1921 5237 Filius
1973 5197 2054 5238 to-

494 5263 602 5306 tum
621 5254 709 5308 ?...
745 5273 762 5305 ι
805 5265 939 5318 tum,
991 5255 1308 5321 quibusdam
1365 5254 1676 5318 interiectis,
1731 5273 1749 5304 ι
1781 5255 1868 5322 qui
1910 5256 2052 5322 capit

491 5326 691 5388 omnia,
719 5339 875 5390 quem
908 5334 1050 5387 capit
1082 5340 1266 5386 nemo;
1292 5324 1384 5376 sed
1432 5325 1727 5382 hominum,
1759 5340 1880 5374 nam
1911 5334 2054 5377 totus

492 5393 748 5460 capitnra
777 5391 927 5446 Filio.
967 5413 985 5444 ι
1019 5393 1071 5444 ln
1096 5394 1312 5445 Arnobit’
1350 5401 1400 5444 et
1450 5394 1751 5458 Serapionis
1792 5390 2051 5460 Conﬂictu

491 5463 750 5533 pag._54§
779 5480 792 5514 :
822 5479 840 5510 ι
873 5463 1008 5533 [lens
1034 5479 1220 5531 capax,
1263 5479 1366 5513 non
1387 5463 1671 5533 rcapabilis.
1702 5480 1719 5511 ι

561 5531 670 5601 (12)
703 5532 865 5601 Olim,
897 5549 914 5581 ε
949 5532 1018 5584 De
1037 5543 1223 5585 sancto
1256 5532 1456 5597 Spiritu
1487 5541 1798 5585 tractemus.
1834 5551 1852 5582 ι

566 5600 677 5670 (15)
728 5600 855 5669 Ejus
896 5601 1013 5654 libri
1065 5601 1225 5652 etiam
1283 5601 1437 5668 paulo
1480 5601 1615 5652 infra
1672 5602 1928 5665 meminit,
1959 5602 2050 5655 ubi

494 5687 514 5722 ι
546 5673 612 5725 de
639 5671 853 5740 quibus,
885 5688 904 5720 ι
931 5671 1122 5737 inquit,
1151 5687 1168 5718 ι
1190 5671 1666 5740 jamabttntlattter
1696 5670 1746 5721 iu
1775 5670 2048 5740 sectarum

489 5737 761 5796 volumine
790 5740 1200 5806 disputavimus.
1233 5757 1250 5788 ι
1285 5737 1520 5791 Meminit
1563 5753 1773 5807 quoque
1817 5739 2054 5794 Heracli-

2147 4835 2420 4903 Catalogo,
2466 4830 2764 4903 cap._109,
2805 4845 2833 4882 a
2907 4845 3016 4903 quo
3065 4832 3207 4903 liber
3277 4830 3354 4884 De
3401 4832 3732 4901 dogmatibus

2149 4900 2466 4973 appellatur,
2489 4901 2664 4973 taci|c_
2680 4900 2823 4973 enim
2869 4901 3010 4967 Περὶ
3034 4900 3361 4973 (δογμάτων
3397 4900 3732 4973 inscribeba-

2150 4970 2255 5038 tur,
2290 4984 2345 5026 ut
2372 4988 2438 5024 ex
2486 4972 2600 5036 ipso
2641 4970 2864 5038 Didymo
2923 4972 3078 5038 paulo
3135 4974 3358 5023 inferius
3419 4972 3544 5026 licet
3577 4975 3730 5027 colli-

2148 5057 2296 5111 gere,
2347 5043 2459 5111 nbiA
2497 5059 2515 5090 ι
2549 5040 2805 5106 Spiritum
2841 5054 3111 5111 sanctum
3156 5041 3467 5094 Creatorem
3504 5062 3520 5092 ι
3579 5060 3726 5105 esse,

2155 5107 2310 5180 ijam
2343 5112 2392 5162 in
2425 5109 2742 5175 Dogmatum
2775 5107 3040 5180 volumine
3072 5129 3090 5159 ι
3153 5125 3211 5180 se
3267 5112 3400 5162 dicit
3442 5129 3460 5160 ι
3495 5114 3729 5165 breviter

2146 5178 2445 5250 ostendisse
2473 5196 2488 5242 ;
2522 5197 2540 5228 ι
2575 5191 2722 5250 certe
2749 5193 2852 5250 t_t_on
2901 5179 3038 5244 Περὶ
3088 5178 3392 5250 αἱρέσεως).
3432 5190 3487 5232 ιιι
3511 5185 3728 5250 quidam

2149 5249 2373 5371 Opinaéi9
2412 5260 2554 5303 sunt.
2606 5245 2721 5299 Vid.
2755 5246 3156 5301 'I'heodorctutn
3215 5251 3267 5302 in
3335 5249 3470 5302 Hist.
3531 5245 3624 5305 lib.
3656 5268 3729 5313 tv,

2152 5335 2271 5371 can.
2379 5362 2393 5371 .

2152 5335 2593 5458 callif’l‘holos.
2626 5402 2752 5450 ms.,
2792 5405 2810 5436 ‹
2837 5387 3138 5455 spiritualis
3181 5389 3453 5457 particeps
3500 5399 3553 5440 et
3607 5405 3732 5441 san-

2148 5468 2342 5597 ωυὸοὕ)
2385 5527 2692 5593 Perneram,
2726 5535 2783 5577 nl
2810 5525 3067 5597 pictam"?
3093 5525 3215 5588 alia’
3241 5524 3572 5579 Thomsanng
3601 5544 3725 5587 ms"

2157 5599 2692 5666 ¢|incircumscripta
2744 5596 3068 5648 inhabitanti
3117 5597 3416 5647 substantia
3488 5597 3718 5648 demun-

2148 5677 2545 5806 Slrfllil.{lcltts
2581 5735 2766 5800 editio,
2818 5753 2835 5785 ι
2859 5743 2912 5787 et
2951 5733 3433 5786 communicatiOne
3472 5732 3666 5784 Patris.
3702 5753 3717 5778 ι
