4034 6424
388 369 521 423 1031)

1615 351 1846 408 ΒΠΠΜΙ
1887 351 2357 407 ALEXANDRINI

3489 355 3636 408 In“)

387 484 545 545 tatis,
592 493 693 532 ana
743 475 1055 543 angelorum
1103 471 1406 527 ostenditur
1456 487 1484 522 δ
1527 469 1791 524 Trinitate
1840 483 1960 522 esse
1991 474 2030 528 Α
2066 470 2328 540 sciplinie,
2362 483 2465 522 non
2501 469 2552 522 in
2583 471 2748 523 cassis
2785 470 3087 525 nominibus
3115 471 3346 526 scientia:
3370 473 3640 528 substan-

381 570 700 625 snbstaiitia.
745 567 815 622 Ut
843 567 988 620 enim
1020 566 1179 620 Pater
1210 559 1575 622 sanctiﬁcans,
1608 561 1742 612 alius
1777 568 1859 612 est
1885 559 1952 612 ab

383 664 464 716 his
497 660 588 730 qui
641 659 1088 719 sanctilicantur;
1128 663 1181 706 et
1236 651 1405 705 Filius
1457 659 1538 703 est
1582 649 1716 702 alius
1764 648 1831 700 ab
1868 648 1954 702 his

380 770 513 821 quos
538 752 701 804 eﬂicit
742 758 958 802 sanctos
987 764 1001 800 :
1031 747 1099 798 ita
1133 754 1186 798 et
1217 743 1451 812 Spiritus
1479 750 1699 794 sanctus
1730 740 1953 792 alterius

383 856 471 898 est
501 841 816 897 substantia:
846 840 914 893 ab
953 839 1039 892 his
1068 852 1206 905 quos
1251 835 1332 888 sui
1375 834 1656 903 largitione
1709 832 1952 886 sanctifi-

383 948 486 992 cat.
534 937 589 991 Si
616 951 743 989 vero
783 929 1021 988 haeretici
1057 927 1462 996 proposuerint,
1503 939 1566 978 ex
1609 932 1796 976 natura
1823 937 1953 976 con-

383 1027 602 1084 ditionis
661 1039 772 1080 suae
828 1021 1050 1089 angelos
1104 1025 1322 1072 sanctos
1373 1021 1956 1080 essezconsequenter

380 1129 645 1190 coguntur
682 1119 864 1172 dicere
905 1111 1197 1184 ὁμουσίους
1222 1124 1341 1164 esse
1371 1104 1648 1167 Trinitati,
1687 1113 1742 1158 et
1764 1105 1954 1158 incon-

385 1211 707 1266 vertibiliter
738 1222 832 1260 eos
860 1203 1016 1272 juxta
1063 1200 1421 1256 substantiam
1470 1205 1686 1253 sanctos
1711 1210 1849 1250 esse.
1894 1193 1951 1246 Si

381 1314 557 1358 autem
587 1302 684 1356 hoc
711 1298 1056 1366 refugientes,
1107 1293 1364 1355 dixerint,
1407 1291 1566 1344 unius
1603 1290 1818 1359 quidem
1857 1300 1952 1339 na-

383 1405 513 1448 turae
541 1407 660 1448 esse
685 1406 806 1444 cum
835 1387 1047 1444 caeteris
1087 1383 1378 1447 creaturis,
1428 1397 1532 1437 non
1575 1391 1752 1435 tamen
1804 1393 1954 1432 eam-

381 1488 501 1542 dem
550 1486 750 1540 habere
800 1481 1164 1543 sanctitatem,
1197 1493 1360 1544 quam
1406 1475 1654 1530 homines
1698 1473 1946 1526 habent:

381 1577 687 1634 necessario
713 1574 1006 1629 deducetur
1035 1569 1170 1643 (l7),
1197 1578 1254 1624 ut
1283 1569 1464 1622 dicant
1503 1567 1672 1622 multo
1714 1563 1952 1619 melioris

380 1671 626 1726 homines
647 1681 767 1722 esse
789 1666 1122 1727 substantiae;
1148 1675 1268 1716 cum
1297 1661 1351 1714 hi
1389 1674 1484 1728 per
1512 1657 1944 1712 communionem

383 1758 666 1814 Trinitatis
688 1757 923 1811 habeant
945 1754 1313 1816 sanctitatem,
1331 1761 1385 1803 et
1404 1748 1597 1820 angeli,
1612 1748 1826 1818 propria
1856 1761 1950 1799 na-

2063 563 2188 616 tiam
2245 563 2514 631 possidet;
2573 563 2665 615 sed
2723 578 2816 630 per
2874 573 3120 617 naturam
3175 565 3639 632 sanctiﬁcantem,

2063 663 2118 706 et
2161 652 2470 721 implentem
2517 652 2669 706 bonis
2710 655 2982 717 universa,
3024 654 3193 707 honus
3222 655 3332 723 ipse
3357 657 3636 722 subsistit,

2055 741 2206 810 juxta
2250 757 2409 810 quam
2445 753 2499 795 et
2536 742 2720 808 repleti
2767 741 2980 809 quidam
3031 742 3230 810 Spiritu
3274 755 3460 797 sancto
3511 760 3642 800 esse

2061 833 2333 898 dicuntur,
2378 844 2436 886 ut
2481 835 2532 886 in
2578 833 2799 887 Actibus
2849 834 3208 900 apostolorum
3241 836 3497 905 scriptum
3531 847 3638 902 est,

2065 942 2084 974 ‹
2110 925 2175 978 Et
2207 925 2389 994 repleti
2428 936 2552 977 sunt
2579 941 2767 978 omnes
2796 925 2999 993 Spiritu
3029 937 3233 990 sancto,
3264 936 3316 980 et
3338 927 3642 994 loqueban-

2061 1024 2147 1068 tur
2171 1018 2392 1070 verbum
2413 1017 2504 1070 Dei
2537 1033 2657 1070 cum
2681 1016 2870 1069 ﬁducia
2900 1017 2966 1068 η.
2999 1035 3017 1068 ι
3054 1017 3168 1081 Quo
3191 1018 3345 1072 modo
3374 1018 3520 1072 enim
3545 1019 3640 1086 qui

2059 1104 2236 1173 aliqua
2273 1103 2553 1170 disciplina
2589 1104 2776 1172 plenus
2797 1115 2898 1169 est,
2929 1106 3018 1174 qui
3048 1106 3280 1176 perfecte
3307 1121 3419 1160 eam
3443 1107 3640 1169 habet,

2058 1195 2266 1248 erudite
2291 1203 2345 1247 et
2375 1195 2639 1248 subtiliter
2651 1205 2824 1265 potest
2846 1198 2910 1250 de
2933 1211 2995 1250 ea
3017 1195 3256 1264 proferre
3279 1211 3587 1251 sermonem
3621 1217 3637 1252 :

2058 1287 2137 1340 sic
2179 1285 2268 1354 qui
2309 1283 2568 1354 Spiritum
2617 1296 2860 1338 sanctum
2903 1296 3268 1341 consummate
3306 1287 3638 1356 acceperint,

2061 1378 2134 1430 ita
2156 1386 2212 1430 ut
2233 1376 2554 1445 impleantur
2577 1390 2662 1439 eo,
2688 1391 2812 1430 cum
2841 1377 3028 1430 ﬁducia
3053 1379 3268 1431 verbum
3296 1377 3383 1430 Dei
3410 1377 3641 1445 loquun-

2060 1477 2166 1534 tur,
2182 1467 2304 1536 quia
2329 1481 2563 1534 praesens
2588 1465 2822 1536 Spiritus
2851 1478 3068 1522 sanctus
3091 1469 3300 1537 dignam
3320 1469 3423 1522 Deo
3441 1482 3638 1521 vocem

2064 1560 2357 1613 ministrat.
2409 1557 2546 1612 Hinc
2585 1558 2802 1625 quidam
2846 1555 2942 1629 [αι.
2977 1556 3128 1612 Unde
3159 1570 3212 1612 et
3239 1557 3480 1627 quidam]
3510 1572 3637 1611 cum

2059 1653 2345 1722 supercilio
2402 1653 2519 1706 ait:
2561 1671 2579 1704 ‹
2606 1652 2730 1706 llzec
2778 1654 2909 1706 dicit
2953 1652 3184 1722 Spiritus
3239 1661 3449 1706 sanctus
3489 1651 3576 1717 ⁸⁶;
3611 1669 3630 1702 ι

2059 1759 2114 1803 et
2163 1747 2494 1817 Apostolus:
2553 1765 2570 1798 t
2600 1746 2715 1801 Sed
2781 1745 3112 1814 implemini,
3162 1746 3367 1815 inquit,
3425 1744 3636 1814 Spiritu

383 1863 498 1907 tura
518 1850 713 1914 sancti,
741 1848 809 1903 ab
831 1862 891 1900 ea
917 1847 1024 1900 sint
1050 1844 1230 1899 alieni.
1253 1842 1360 1898 Sed
1382 1851 1501 1894 vota
1525 1851 1647 1895 sunt
1668 1841 1945 1894 hominum
1978 1846 2021 1904 Β
2051 1849 2237 1894 sancto
2261 1840 2342 1905 ³¹;
2370 1858 2387 1890 ι
2420 1849 2474 1893 et
2504 1839 2554 1892 in
2582 1838 2765 1892 multis
2812 1837 2941 1892 locis
2989 1838 3218 1892 Actuuin
3251 1836 3631 1906 apostolorum,

379 1941 785 2010 perfecturum,
843 1946 896 1992 et
949 1937 1014 1989 ad
1068 1933 1593 1989 coiisummationem
1643 1930 1948 1984 sanctitatis

379 2030 744 2091 venientium,
815 2025 1048 2095 aequales
1101 2023 1307 2094 angelis
1378 2022 1494 2076 ﬁeri
1562 2020 1693 2091 (l8).
1760 2020 1950 2102 Angeli

379 2121 575 2190 quippe
621 2118 950 2182 hominibus,
994 2126 1048 2170 et
1098 2130 1204 2169 non
1258 2114 1504 2168 homines
1552 2111 1756 2181 angelis
1790 2112 1947 2164 auxi-

379 2213 509 2264 lium
544 2210 784 2263 tribuuiit
813 2249 827 2273 ,
873 2206 1240 2260 ministrantes
1265 2205 1345 2258 eis
1374 2203 1628 2265 salutem,
1654 2211 1708 2255 et
1742 2216 1952 2255 annim-

380 2301 579 2352 tiantes
627 2298 707 2351 eis
757 2295 987 2361 largiora
1035 2294 1126 2348 Dei
1175 2292 1438 2347 beneﬁcia
1467 2291 1601 2361 (l9).
1633 2292 1708 2345 Ex
1747 2306 1854 2361 quo
1884 2293 1952 2345 li-

383 2389 548 2458 quido
577 2385 886 2441 ostenditur
933 2382 1362 2438 honorabiliores
1401 2391 1457 2436 et
1499 2381 1664 2437 multo
1702 2383 1954 2438 meliores

384 2494 506 2534 esse
535 2477 754 2547 angelos
783 2475 1110 2538 hominibus,
1159 2486 1254 2540 per
1297 2474 1716 2543 germaniorem,
1771 2481 1830 2527 ut
1877 2474 1950 2527 ita

381 2573 578 2634 dicam,
603 2578 659 2623 et
688 2567 980 2636 pleniorem
999 2565 1280 2619 Trinitatis
1309 2565 1751 2634 assmnptionem.

451 2661 504 2715 8.
546 2657 885 2727 Quapropter
907 2671 1030 2710 cum
1059 2655 1198 2709 alius
1233 2656 1306 2709 sit
1337 2653 1574 2724 Spiritus
1617 2666 1837 2710 sanctus
1869 2657 1938 2711 ab

382 2753 466 2807 his
491 2767 611 2821 qua:
637 2751 749 2820 ipse
776 2747 1098 2811 sanctificat,
1128 2761 1232 2800 non
1259 2756 1343 2801 est
1377 2746 1537 2800 unius
1571 2756 1795 2810 naturae,
1827 2761 1950 2800 cum

381 2845 592 2899 caeteris
621 2842 886 2898 creaturis
921 2855 1038 2912 qua:
1075 2855 1196 2894 eum
1225 2839 1512 2910 recipiunt.
1563 2839 1618 2893 Si
1659 2849 1837 2893 autem
1877 2839 1955 2892 al-

384 2938 552 2992 terius
581 2944 663 2990 est
693 2943 900 2988 natura:
923 2947 951 2986 a
974 2933 1264 2996 creaturis,
1296 2941 1351 2985 et
1384 2932 1436 2986 in
1463 2931 1675 3000 propria
1713 2931 1959 2985 subsistit

384 3030 641 3092 essentia,
700 3027 974 3081 increatus
1005 3035 1060 3079 et
1093 3024 1374 3080 iiieﬁ'ectus
1417 3023 1742 3079 ostenditur.
1781 3023 1957 3078 Multa:

386 3123 678 3191 Scriptura:
717 3130 864 3183 sunt,
913 3133 1032 3187 qua:
1086 3118 1206 3173 sine
1248 3118 1601 3187 ambiguitate
1633 3118 1958 3171 convincant

2059 1929 2200 1996 pleni
2261 1930 2426 1983 fuisse
2474 1929 2680 1996 Spiritu
2731 1938 2921 1983 sancto
2974 1929 3218 1997 discipuli
3255 1928 3460 1981 Domini
3494 1929 3635 1982 scri-

2059 2019 2259 2072 buntur
2287 2037 2300 2072 :
2339 2038 2358 2070 (
2389 2020 2739 2073 Considerate
2764 2033 2917 2087 ergo,
2955 2016 3170 2081 fratres,
3196 2019 3340 2072 viros
3381 2033 3444 2071 ex
3482 2018 3638 2072 vobis

2062 2110 2422 2166 teSIimouinm
2486 2111 2749 2166 habentes
2789 2120 3015 2179 septem,
3051 2109 3234 2179 plenos
3261 2110 3461 2179 Spiritu
3495 2125 3628 2164 sanr

2060 2211 2148 2257 eto
2175 2211 2229 2256 et
2265 2201 2524 2269 sapientia
2560 2203 2680 2268 ³²;›
2726 2211 2779 2255 et
2825 2204 2892 2256 de
2933 2201 3246 2270 Stephano:
3287 2219 3306 2252 ι
3362 2201 3496 2255 Cum
3542 2217 3639 2253 au-

2063 2302 2169 2348 tem
2228 2292 2418 2361 plenus
2471 2301 2617 2346 esset
2661 2293 2860 2360 Spiritu
2915 2303 3120 2354 sancto,
3161 2296 3371 2346 intuens
3423 2293 3479 2346 in
3524 2308 3638 2347 cce-

2062 2384 2193 2448 liim,
2224 2385 2357 2437 vidit
2391 2384 2618 2454 gloriam
2661 2385 2771 2447 Dei,
2803 2393 2854 2438 et
2882 2383 3066 2438 Jesum
3095 2394 3325 2440 stantem
3358 2399 3384 2437 a
3423 2385 3637 2439 dextris

2066 2476 2155 2528 Dei
2180 2475 2243 2539 ⁸³;
2259 2494 2276 2525 ι
2298 2486 2353 2528 et
2377 2476 2440 2528 de
2464 2475 2744 2528 electionis
2769 2490 2895 2529 vase
2918 2475 3110 2529 dicitur
3134 2487 3151 2527 :
3179 2474 3398 2528 «Saulus
3421 2485 3634 2538 autem,

2063 2565 2231 2631 quiet
2276 2564 2494 2627 Paulus,
2550 2565 2739 2631 plenus
2793 2563 2995 2634 Spiritu
3047 2573 3253 2630 sancto,
3312 2566 3529 2618 intuens
3584 2567 3635 2618 in

2061 2668 2184 2707 eum
2212 2654 2286 2706 ait
2311 2654 2384 2717 ³⁸;
2412 2673 2430 2704 ι
2470 2663 2525 2707 et
2566 2655 2618 2706 iii
2653 2668 2938 2707 commune
2965 2655 3028 2708 de
3058 2654 3319 2708 universis
3358 2654 3633 2708 credenti-

2064 2743 2164 2796 bus
2192 2754 2484 2796 aimotatur
2513 2762 2525 2797 :
2564 2763 2582 2794 ι
2613 2743 2864 2812 Discipuli
2895 2758 3107 2812 quoque
3137 2743 3474 2811 replebantur
3501 2759 3634 2811 gau-

2063 2833 2152 2886 dio
2197 2845 2249 2888 et
2302 2835 2503 2902 Spiritu
2540 2843 2726 2889 sancto
2751 2835 2815 2887 ³⁸.
2859 2853 2879 2886 ι
2911 2835 3095 2902 Angeli
3117 2845 3294 2889 autem
3322 2843 3630 2904 praesentia,

2064 2924 2179 2978 sive
2221 2924 2451 2993 alicujus
2491 2925 2715 2980 alterius
2743 2926 3053 2980 excellentis
3084 2936 3308 2990 naturai,
3339 2942 3453 2994 quae
3491 2925 3632 2980 facta

2063 3025 2166 3078 est,
2202 3031 2304 3067 non
2330 3017 2514 3085 implet
2545 3029 2782 3070 mentem
2823 3028 2983 3088 atque
3012 3033 3258 3085 sensum;
3291 3019 3411 3086 quia
3437 3029 3493 3072 et
3524 3019 3635 3088 ipsa

2064 3108 2277 3162 aliunde
2327 3109 2642 3177 completur.
2673 3111 2789 3176 Quo
2818 3113 2974 3164 modo
3034 3111 3174 3164 enim
3209 3125 3271 3162 ex
3310 3110 3637 3179 plenitudine

388 3208 606 3262 alterius
657 3222 780 3261 eum
831 3221 858 3260 a
905 3207 1114 3260 cunctis
1157 3205 1554 3261 conditionibus
1583 3220 1703 3260 esse
1728 3216 1956 3259 naturaa.
1985 3207 2028 3263 C
2063 3200 2184 3267 quis
2237 3200 2506 3266 accipiens
2553 3198 2870 3262 Salvatoris,
2921 3199 3108 3268 plenus
3160 3196 3382 3251 efficitur
3419 3198 3636 3267 sapien-

387 3300 613 3366 Quidain
647 3299 808 3352 etiam
860 3297 1064 3367 Spiritu
1126 3306 1314 3351 sancto
1349 3295 1488 3366 pleni
1524 3311 1647 3351 esse
1672 3297 1956 3362 dicuntur;

388 3405 545 3445 nemo
591 3399 769 3443 autem
812 3389 926 3442 sive
960 3387 1011 3441 in
1053 3388 1370 3456 Scripturis,
1416 3389 1530 3443 sive
1573 3389 1626 3443 in
1671 3397 1960 3442 consuetu-

385 3481 556 3544 dine,
613 3479 802 3548 pleiius
853 3487 1110 3544 creatura
1159 3478 1376 3532 dicitur.
1435 3478 1623 3548 Neque
1676 3479 1817 3534 enim
1869 3486 1962 3532 aut

388 3569 673 3638 Scriptura
717 3568 818 3622 sibi
862 3568 963 3621 hoc
1003 3568 1259 3648 vin‘dicat,
1289 3578 1382 3621 aut
1414 3583 1594 3622 sermo
1637 3567 1957 3632 communis,

390 3672 451 3716 ut
489 3661 635 3714 dicas
662 3659 875 3728 plenum
905 3672 1025 3713 esse
1047 3661 1352 3727 quempiam
1381 3659 1590 3727 angelo,
1625 3660 1838 3725 throno,
1868 3661 1963 3714 do-

390 3752 720 3815 minatione;
750 3749 847 3803 soli
873 3751 1070 3819 quippe
1107 3749 1302 3803 divinae
1347 3760 1553 3803 natura:
1594 3749 1684 3802 hic
1714 3751 1966 3804 convenit

391 3854 593 3897 sermo.
636 3838 869 3892 Dicimus
891 3850 1074 3891 autem
1111 3837 1325 3890 virtutis
1365 3846 1418 3890 et
1458 3837 1753 3904 disciplina:
1797 3852 1963 3904 quos-

393 3936 516 3988 dam
568 3947 687 3985 esse
736 3914 1047 3998 pleiioszut
1084 3927 1213 3982 illud
1292 3945 1310 3978 ι
1340 3925 1590 3994 Depletiis
1628 3936 1711 3980 est
1759 3925 1962 3996 Spiritu

391 4034 578 4080 sancto
609 4021 684 4087 ";
709 4041 727 4073 ι
761 4037 864 4074 non
896 4021 1038 4074 aliud
1072 4017 1435 4087 significantes
1455 4033 1612 4086 quam
1640 4017 1826 4086 plenos
1846 4031 1966 4072 esse

389 4128 777 4175 consummata:
803 4125 962 4182 atque
995 4113 1246 4180 perfecta:
1275 4110 1511 4164 virtutis.
1570 4109 1841 4178 Scriptum
1877 4117 1962 4162 est

393 4211 459 4265 de
496 4207 741 4264 Joanne:
777 4222 796 4255 t
827 4203 891 4256 Et
949 4201 1151 4269 Spiritu
1202 4206 1394 4253 sancto
1439 4196 1750 4266 implebitur
1784 4195 1959 4249 adhuc

388 4317 455 4354 ex
495 4309 648 4353 utero
691 4297 876 4348 matris
910 4308 1020 4345 sua:
1047 4291 1093 4322 "
1115 4329 1129 4354 ,
1156 4309 1174 4341 ι
1216 4300 1271 4344 et
1307 4290 1496 4342 iterum
1525 4305 1540 4340 :
1577 4305 1595 4338 ς
1619 4284 1838 4354 ltepleta
1885 4293 1970 4338 est

392 4385 593 4453 Spiritu
623 4391 812 4436 sancto
843 4377 1115 4431 Elisabeth
1144 4375 1266 4444 ’⁶;;›
1303 4383 1357 4427 et
1395 4382 1514 4442 post
1545 4372 1646 4425 alia
1674 4387 1687 4424 :
1719 4371 1810 4423 «Et
1839 4368 1963 4438 Spi-

395 4477 498 4528 ritu
547 4483 737 4527 sancto
778 4470 1010 4538 repletus
1059 4477 1140 4522 est
1195 4465 1485 4519 Zacharias
1509 4473 1660 4533 pater
1703 4463 1899 4531 ejus".
1944 4481 1962 4513 ο

2067 3290 2163 3354 tia,
2193 3301 2245 3343 et
2275 3291 2470 3344 virtute
2511 3289 2642 3360 (20),
2673 3302 2720 3342 et
2742 3290 2971 3359 justitia,
3009 3300 3063 3346 et
3105 3304 3348 3344 sermone
3383 3289 3470 3344 Dei
3503 3309 3516 3344 :
3556 3290 3633 3342 sic

2066 3383 2156 3450 qui
2187 3382 2389 3451 Spiritu
2421 3395 2606 3435 sancto
2637 3383 2828 3451 plenus
2872 3393 2974 3448 est,
3027 3383 3204 3435 statim
3239 3381 3504 3435 universis
3536 3381 3634 3433 do-

2067 3474 2376 3528 nationibus
2401 3473 2493 3528 Dei
2522 3474 2781 3542 repletur,
2811 3473 3095 3544 sapientia,
3122 3473 3364 3535 scientia,
3392 3472 3516 3535 ﬁde,
3536 3486 3635 3524 rae-

2066 3567 2300 3634 terisque
2327 3567 2630 3624 virtutibus.
2657 3567 2756 3634 Qui
2787 3569 2948 3638 igitur
2973 3568 3155 3636 implet
3187 3569 3460 3620 universas
3481 3581 3635 3619 crea-

2069 3665 2235 3723 turas,
2269 3673 2388 3724 qua:
2426 3669 2602 3712 tamen
2638 3669 2860 3728 possunt
2893 3659 3006 3727 (21)
3041 3660 3315 3722 virtutem,
3343 3667 3394 3710 et
3424 3657 3634 3725 sapien-

2067 3747 2200 3800 tiam
2233 3763 2428 3816 capere
2465 3789 2480 3814 ,
2521 3766 2622 3803 non
2656 3763 2738 3803 est
2772 3766 2835 3804 ex
2870 3751 2953 3803 his
2984 3765 3101 3818 quae
3131 3751 3244 3818 ipse
3271 3747 3515 3815 complet.
3554 3745 3628 3799 Ex

2068 3851 2176 3906 quo
2225 3838 2500 3905 colligitur
2547 3839 2770 3892 alterius
2803 3853 2924 3892 eum
2958 3854 3076 3892 esse
3110 3839 3434 3900 substantiae,
3472 3849 3629 3904 quam

2071 3939 2199 3982 sunt
2227 3944 2415 3984 omnes
2434 3941 2714 3986 creaturae.
2745 3931 2988 3985 Diximus
3016 3941 3072 3984 et
3105 3931 3254 3994 alibi,
3285 3931 3406 3998 quia
3447 3943 3632 3998 super-

2069 4020 2401 4089 iiitelligatur
2434 4023 2486 4074 in
2520 4023 2688 4076 sancti
2726 4024 2959 4091 Spiritus
3001 4023 3296 4077 substantia
3324 4022 3480 4075 etiam
3519 4020 3630 4089 ple-

2069 4113 2255 4165 tiittido
2283 4129 2563 4166 numerum
2599 4116 2924 4170 divinorum.

2140 4203 2194 4258 9.
2237 4204 2478 4269 Denique
2527 4205 2857 4275 impossibile
2903 4217 2986 4262 est
3030 4217 3255 4276 gratiam
3309 4206 3400 4261 Dei
3451 4203 3629 4261 sortiri

2070 4296 2399 4364 quempiam,
2448 4297 2491 4349 si
2543 4312 2646 4349 non
2703 4297 2896 4351 habeat
2951 4298 3208 4367 Spiritum
3261 4307 3540 4352 sanctum:
3578 4298 3630 4349 in

2073 4401 2182 4454 quo
2209 4389 2569 4455 approbamus
2599 4389 2711 4457 (22)
2750 4401 2941 4444 cuncta
2995 4391 3092 4444 Dei
3138 4391 3272 4445 dona
3319 4394 3627 4444 consistere.

2072 4476 2222 4542 Quod
2261 4493 2387 4531 vero
2419 4479 2463 4532 is
2491 4482 2582 4547 qui
2627 4479 2826 4533 habeat
2875 4496 3020 4546 eum,
3078 4497 3374 4536 sermonem
3413 4495 3622 4550 quoque

400 4566 549 4619 llaud
592 4564 833 4628 dubium,
891 4561 1018 4630 quiti
1065 4573 1120 4613 et
1155 4557 1390 4612 Joannes
1431 4555 1788 4623 prOphctavit.
1833 4551 1957 4604 Nec-

2079 4570 2376 4637 sapientim,
2396 4580 2450 4622 ct
2473 4570 2675 4639 reliqua
2703 4571 2839 4625 bona
2870 4572 3104 4640 perfecte
3127 4583 3445 4628 consecutus
3464 4575 3560 4627 sit:
3581 4578 3632 4624 et

403 4672 506 4710 non
545 4659 596 4710 in
631 4655 853 4709 Actibus
889 4652 1250 4720 apostolorum
1286 4649 1351 4702 de
1394 4647 1578 4700 multis
1627 4646 1971 4698 credentibus

400 4747 491 4813 qui
525 4745 576 4797 in
610 4759 770 4795 unum
805 4746 1202 4806 convenerant,
1242 4738 1512 4790 refertur:
1555 4753 1573 4785 ι
1603 4734 1808 4803 llepleti
1846 4743 1971 4786 sunt

401 4838 604 4907 Spiritu
654 4847 840 4891 sancto
883 4835 948 4887 ’⁸.
979 4852 998 4885 ι
1057 4835 1191 4887 Cum
1239 4842 1418 4884 autem
1459 4827 1847 4897 participabilis
1899 4827 1970 4880 sit

399 4931 632 5000 Spiritus
658 4937 899 4990 sanctus,
930 4925 998 4980 ad
1042 4922 1447 4978 similitudinem
1479 4921 1756 4989 sapientia:
1787 4934 1853 4974 ac
1882 4919 1968 4972 di-

468 5110 515 5141 “
549 5107 718 5162 Exod.
750 5121 901 5173 xxxi,
931 5105 986 5160 3.
1062 5106 1108 5137 "
1138 5103 1268 5157 Luc.
1293 5119 1332 5165 i,
1363 5103 1466 5173 la.
1519 5102 1571 5173 7"
1602 5101 1709 5156 ibid
1749 5101 1841 5156 41.

400 5181 442 5212 ³³
473 5180 668 5248 Ephes.
705 5192 754 5242 v,
794 5172 892 5230 i8.
957 5175 1001 5206 "
1036 5177 1155 5227 Act.
1191 5189 1266 5239 vi,
1300 5173 1355 5226 5.
1429 5172 1474 5202 ³³
1499 5172 1619 5225 Act.
1648 5188 1742 5238 vit,
1766 5173 1855 5226 55.

471 5299 585 5368 (17)
629 5297 837 5360 Scribe,
872 5296 1043 5364 inquit
1081 5293 1354 5358 Barthius,
1402 5293 1748 5348 «necessario
1784 5310 1849 5350 eo
1873 5296 1966 5350 de-

402 5369 684 5430 ducentur,
714 5386 732 5417 ι
766 5379 866 5420 etc.

478 5439 589 5505 (18)
628 5436 826 5490 Contra
863 5431 1357 5505 Origenesgangelis
1381 5441 1435 5485 et
1457 5431 1767 5505 hominibus
1799 5449 1962 5488 unam

405 5503 762 5574 eamdemque
796 5517 1037 5557 naturam
1071 5503 1272 5574 tribuit,
1322 5503 1384 5574 iis
1409 5505 1615 5574 saltem
1644 5504 1732 5574 qui
1763 5508 1965 5557 sancti-

411 5587 537 5629 tatis
567 5572 774 5644 apieem
804 5585 1005 5644 essent
1035 5573 1292 5627 assecuti.
1327 5572 1606 5644 Didymus,
1641 5572 1730 5644 qui
1771 5575 1964 5644 Orige-

414 5649 568 5696 uiana
599 5641 842 5714 dogmata
870 5643 1068 5712 passim
1101 5644 1296 5694 dicitur
1331 5641 1615 5714 recepisse,
1649 5641 1769 5714 vide
1800 5643 1869 5695 ab
1901 5659 1962 5696 ea

413 5710 977 5781 iluctriiia'qiiaiitum
1031 5714 1340 5764 abhorreat.
1394 5710 1591 5781 Confer
1639 5713 1800 5781 etiam
1845 5729 1964 5779 qua:

417 5790 544 5836 tom.
568 5782 589 5836 1
615 5779 772 5854 [Ορρ.
805 5781 1136 5853 llicron.|ad
1152 5783 1471 5852 Synudicam
1498 5779 1797 5850 Theophili,
1827 5794 1881 5836 et
1911 5785 1962 5836 in

1921 5105 1966 5135 ²⁷
2003 5105 2135 5161 ibid.
2194 5105 2284 5160 67.
2356 5106 2403 5139 ⁸⁸
2439 5106 2559 5162 Act.
2618 5123 2682 5171 ii,
2737 5109 2792 5163 4.

1932 5175 1978 5206 ⁸⁸
2010 5180 2130 5232 Act.
2166 5193 2284 5240 xiii,
2316 5177 2371 5232 9.

2081 4676 2222 4713 nunc
2271 4660 2557 4716 manifeste
2605 4677 2786 4716 sermo
2829 4669 3183 4728 demonstrat,
3223 4674 3277 4717 et
3313 4663 3465 4733 paulo
3511 4674 3632 4716 ante

2077 4743 2331 4808 diximus,
2355 4746 2702 4800 substantiam
2724 4755 2979 4802 bonorum
3003 4751 3092 4805 Dei
3115 4751 3370 4820 Spiritum
3390 4762 3626 4804 sanctum

2074 4849 2226 4900 esse;
2259 4851 2380 4889 cum
2421 4841 2698 4904 posuimus
2731 4843 3059 4908 exemplum,
3105 4861 3124 4892 ι
3151 4832 3303 4896 Dabit
3332 4843 3488 4895 Pater
3509 4841 3621 4910 Spi-

2073 4925 2237 4979 ritum
2281 4937 2524 4981 sanctum
2548 4929 2858 4998 petentibus
2891 4945 2948 4984 se
2975 4929 3052 4962 ³⁸·
3081 4949 3101 4982 ι
3132 4940 3223 4986 et:
3253 4949 3272 4982 ι
3298 4931 3447 4985 Dabit
3479 4928 3634 4982 Pater

2964 5110 3094 5166 ibid.
3171 5111 3215 5142 ³⁸
3249 5110 3368 5165 Act.
3400 5126 3511 5178 xxi,
3548 5108 3624 5163 11.

2448 5178 2495 5209 ³⁵
2524 5179 2653 5233 ibid.
2681 5177 2773 5236 52.
2848 5177 2894 5209 ³⁸
2944 5178 3076 5235 Luc.
3103 5197 3180 5246 xi,
3211 5183 3297 5236 15.

2071 5297 2221 5366 Epist
2256 5298 2320 5352 ad
2355 5299 2570 5352 Avitum
2603 5297 3000 5351 annotavimus.

2146 5372 2254 5438 (l9)
2294 5367 2466 5421 Vatic.
2505 5386 2605 5422 ms.
2635 5383 2754 5438 cuin
2781 5369 2996 5435 antiqua
3031 5367 3184 5431 edit.,
3212 5386 3230 5419 ι
3257 5364 3629 5420 aimuntiantes

2070 5437 2484 5505 eislzirgitoreui
2517 5440 2653 5506 ejus.
2680 5437 2755 5489 Ex
2780 5452 2906 5503 quo,
2946 5455 2964 5487 ι
3006 5451 3112 5490 etc.

2142 5510 2251 5577 (20)
2279 5512 2388 5559 Duo
2416 5525 2542 5560 mss.
2583 5524 2702 5560 cum
2732 5509 2898 5577 veteri
2929 5509 3184 5571 editione,
3219 5525 3238 5558 ‹
3264 5517 3317 5560 et
3344 5507 3582 5561 veritate.
3605 5519 3622 5550 ι

2143 5575 2254 5641 (2i)
2301 5577 2462 5630 Vetus
2516 5581 2704 5632 eadem
2745 5575 2933 5641 editio,
2995 5595 3012 5626 ι
3040 5589 3337 5639 creaturas,
3381 5586 3627 5644 quantum

2071 5657 2319 5719 possunt,
2348 5666 2372 5719 At
2404 5657 2508 5700 etc.

2142 5717 2255 5784 (22)
2296 5717 2378 5768 Al.
2430 5733 2447 5764 ‹
2475 5716 2898 5784 approbantur,»
2955 5723 3012 5768 et
3066 5731 3187 5771 mox
3229 5715 3448 5771 Tholos.
3495 5709 3630 5771 (ξοδδ

2075 5783 2451 5855 «caiisurgere,
2467 5804 2485 5836 ι
2509 5783 2616 5856 pro
2643 5803 2663 5837 ι
2685 5783 3041 5841 consistere.»
