4034 6410
548 402 679 457 1041

1678 395 1883 452 LIBER
1932 394 2019 448 DE
2059 387 2327 448 SPIBITU
2370 385 2659 443 SANCTO.

3663 377 3802 434 10ιέ

546 523 687 576 bona
736 528 1041 590 petenltous
1072 534 1131 575 se
1156 521 1223 575 ⁸⁷,
1255 538 1276 572 ι
1333 518 1444 576 Nec
1472 520 1793 575 existimare
1825 519 2103 583 debemus,
2135 525 2185 578 Α
2210 512 2477 583 spondere
2496 509 2543 542 “
2567 550 2583 564 .
2613 530 2632 562 ι
2666 507 2866 578 Spiritu
2893 518 3020 560 vero
3046 511 3235 558 sancto
3258 502 3523 559 tribuente
3548 502 3800 573 apostolis

552 614 811 682 Spiritum
864 622 1110 667 sanctum
1144 612 1435 667 secundum
1467 613 1797 668 substantias
1841 610 1939 683 [aL
1989 611 2120 665 sub-

544 702 826 775 stantiam]
870 718 990 758 esse
1028 704 1280 765 divisum,
1332 703 1456 772 quia
1508 701 1796 756 multitudo
1855 700 2121 755 bonorum

547 794 758 848 dicatur
801 810 815 847 :
852 794 1202 863 impassibilis
1261 794 1450 858 enim,
1510 802 1565 848 et
1625 791 1971 847 indivisihilis
2041 801 2124 845 at-

547 900 652 953 que
706 884 1056 938 immutabilis
1114 894 1244 951 est;
1311 886 1406 939 sed
1446 884 1598 952 juxta
1653 882 1961 939 diti‘eretttes
2012 879 2126 937 elli-

547 976 775 1030 cientias
810 1016 827 1042 ,
884 986 939 1030 ct
990 976 1337 1040 intellectus,
1400 975 1582 1029 multis
1642 975 1900 1029 bonorum
1963 986 2124 1027 voca-

550 1068 688 1122 bulis
774 1077 1164 1136 nuncupatur;
1238 1068 1366 1136 quia
1451 1066 1744 1135 participes
1811 1079 1940 1120 suos
2017 1079 2122 1118 non

542 1160 694 1228 juxta
727 1175 888 1213 unam
936 1160 1293 1228 eamdemque
1330 1160 1583 1212 virtutem
1616 1159 1997 1212 communione
2038 1157 2120 1211 sui

546 1254 742 1317 donet,
795 1252 995 1321 quippe
1050 1267 1171 1306 cum
1222 1251 1289 1305 ad
1355 1250 1640 1305 utilitatem
1706 1251 2125 1318 uniuscujusque

546 1351 702 1410 aptus
741 1342 833 1407 sit,
883 1353 938 1396 et
986 1342 1189 1412 repleat
1234 1342 1390 1397 bonis
1418 1356 1536 1406 eos,
1581 1340 1777 1411 quibus
1816 1340 2021 1407 judicat
2065 1353 2125 1395 se

551 1432 744 1486 adesse
804 1433 1023 1487 debere.
1083 1431 1328 1501 Denique
1388 1430 1696 1500 Stephanus
1767 1431 1978 1501 primus
2034 1430 2124 1487 ille

548 1523 700 1579 testis
754 1524 1013 1589 veritatis,
1047 1531 1103 1579 et
1134 1524 1325 1592 dignus
1370 1537 1470 1577 suo
1516 1523 1730 1577 nomine
1767 1521 1903 1593 (23),
1935 1522 2125 1592 plenus

549 1614 840 1683 sapientia,
881 1627 935 1670 et
981 1614 1185 1685 Spiritu
1245 1624 1436 1670 sancto
1475 1615 1653 1671 dictus
1697 1625 1823 1672 est:
1858 1616 2121 1686 sapientia

2224 606 2389 662 verba
2422 603 2683 660 adversus
2711 616 2803 657 eos
2828 602 2919 670 qui
2953 598 3249 667 Evattgelio
3272 599 3635 660 contraibant,
3672 599 3805 651 dilu—

2224 697 2344 750 cide
2385 695 2682 750 ostenditur
2712 694 2763 746 in
2832 690 3131 745 substantia
3161 690 3277 759 ejus
3305 688 3687 756 superintelligi
3719 704 3806 743 sa-

2224 786 2438 856 pientia:
2505 795 2562 839 ct
2631 784 2871 838 sciettttae
2923 795 3248 836 sermonem.
3298 778 3575 845 Quomodo
3623 789 3803 833 autem

2227 877 2478 933 Salvator
2522 876 2574 929 in
2641 875 2725 930 illa
2766 875 2899 929 hora
2946 887 3007 927 os
3059 882 3114 926 et
3162 870 3479 940 sapientiam
3528 870 3807 939 discipulis

2223 970 2503 1041 largiatur,
2552 967 2749 1036 quibus
2798 964 3170 1020 contradicere
3225 980 3330 1017 non
3380 971 3600 1031 queant,
3644 977 3711 1016 ne
3747 961 3805 1016 lti

2223 1061 2441 1132 quidem
2494 1060 2584 1128 qui
2627 1059 2765 1128 apud
2799 1056 3046 1111 homines
3077 1055 3503 1126 eloquentissimi
3528 1064 3803 1122 putantur,

2223 1167 2330 1205 non
2358 1160 2441 1205 est
2471 1150 2631 1219 hujus
2659 1149 2922 1218 temporis
2946 1148 3251 1212 disserere,
3283 1146 3412 1217 quia
3445 1162 3586 1201 nunc
3608 1162 3806 1214 propo—

2221 1244 2427 1296 sutimtts
2463 1243 2747 1296 ostendere
2798 1237 3189 1307 superintelligi
3230 1252 3445 1306 semper
3492 1238 3543 1289 in
3600 1238 3805 1307 Spiritu

2222 1342 2413 1387 sancto
2445 1332 2584 1387 dona
2615 1334 2911 1399 virtutum;
2946 1331 3018 1384 ita
3048 1339 3105 1384 ut
3137 1330 3181 1384 is
3214 1332 3303 1398 qui
3331 1344 3453 1382 eum
3487 1328 3667 1392 habet,
3709 1330 3806 1384 do-

2226 1421 2537 1476 nationibus
2585 1420 2678 1475 Dei
2735 1421 2925 1491 plenus
2966 1420 3251 1475 habeatur.
3288 1416 3441 1473 Unde
3469 1426 3523 1473 et
3551 1419 3605 1472 in
3644 1417 3804 1485 Isaia,

2226 1512 2342 1582 ipse
2396 1512 2537 1567 Deus
2575 1506 2786 1567 cuidam
2819 1512 2992 1567 dicit:
3033 1511 3272 1566 «Ponam
3321 1508 3580 1579 Spiritum
3625 1526 3804 1565 meum

2221 1625 2383 1680 super
2419 1624 2602 1665 semen
2649 1617 2824 1675 tuum,
2879 1617 2935 1664 et
2987 1608 3390 1665 benedictiones
3433 1619 3582 1660 meas
3642 1617 3808 1673 super

552 1715 941 1776 consequenter
982 1722 1143 1777 super
1180 1706 1475 1771 intellecta,
1540 1717 1912 1763 commorante
1958 1707 2010 1762 in
2057 1722 2122 1763 eo
2224 1701 2361 1758 ﬁlios
2388 1710 2509 1757 tuos
2530 1700 2598 1760 “.
2627 1721 2647 1755 ι
2678 1700 2961 1772 Nunquam
2989 1702 3132 1756 enim
3167 1700 3359 1770 accipit
3389 1699 3669 1769 quisquam
3695 1696 3807 1764 spi-

555 1799 758 1868 Spiritu
792 1808 1002 1865 sancto,
1052 1800 1192 1855 sicut
1224 1799 1464 1868 loquitur
1489 1796 1813 1869 Scriptura:
1848 1816 1871 1850 «
1903 1798 1969 1852 Et
2010 1797 2120 1853 ele-
2224 1777 2466 1850 rituales.
2497 1793 2902 1849 benedictioues
2949 1791 3067 1857 Dei,
3123 1791 3222 1846 nisi
3265 1788 3601 1861 praecesserit
3634 1785 3806 1857 Spiri-

549 1899 741 1959 geruttt
787 1891 1119 1960 Stephanum
1160 1891 1374 1961 plenum
1420 1891 1522 1946 [ide
1566 1902 1621 1947 et
1685 1890 1888 1960 Spiritu
1932 1900 2119 1944 sancto
2154 1880 2196 1935 Β
2224 1896 2309 1939 tus
2341 1894 2581 1941 sanctus.
2610 1884 2710 1951 Qui
2736 1883 2877 1938 enim
2907 1883 3175 1952 acceperit
3223 1881 3481 1950 Spiritum
3534 1886 3804 1940 sanctum,

546 1983 773 2052 apoStoli
801 1983 880 2050 '3;
912 1994 1033 2038 tet:
1067 1982 1405 2051 «Stephanus
1433 1993 1633 2049 autem,
1667 1983 1856 2053 plenus
1881 1982 2052 2052 gratia
2069 1990 2125 2037 et
2226 1987 2617 2046 consequenter
2650 1974 2870 2030 habebit
2917 1973 3340 2038 henedictiones,
3372 1971 3424 2026 id
3453 1980 3555 2037 est,
3590 1968 3806 2037 sapien-

546 2079 762 2140 virtute,
796 2074 1029 2130 faciebat
1056 2077 1299 2146 prodigia
1352 2076 1465 2145 (24)
1519 2085 1575 2130 et
1623 2075 1774 2145 signa
1825 2088 2021 2144 magna
2070 2075 2122 2128 in

546 2167 743 2235 populo
770 2166 837 2222 ".
870 2186 890 2219 ι
928 2167 994 2221 Ει
1031 2169 1207 2222 adhuc
1226 2169 1291 2223 de
1321 2170 1510 2223 eodem
1549 2188 1562 2224 :
1595 2188 1614 2220 «
1647 2169 1711 2223 Et
1742 2183 1846 2222 non
1872 2168 2124 2222 valebant

549 2260 808 2313 resistere
855 2259 1152 2327 sapientiae,
1183 2269 1238 2313 et
1271 2258 1525 2329 Spiritui,
1556 2259 1649 2329 qui
1698 2258 2020 2328 loquebatur
2066 2258 2119 2311 in

552 2350 641 2404 illo
668 2348 734 2405 ⁸ο.
769 2369 788 2401 ι
832 2350 1030 2404 Plenus
1059 2350 1203 2404 enim
1239 2349 1441 2421 Spiritu
1484 2360 1672 2407 sancto
1700 2352 1785 2404 vir
1814 2349 2024 2414 beatus,
2067 2357 2124 2404 et

546 2438 669 2493 tidei
710 2437 932 2493 eﬂectus
972 2446 1055 2491 est
1106 2439 1400 2510 particeps,
1432 2454 1553 2509 quae
1595 2454 1663 2493 ex
1698 2439 1904 2509 Spiritu
1935 2448 2122 2494 sancto

544 2525 714 2590 venit,
737 2526 888 2592 juxta
922 2525 1077 2593 illud,
1112 2544 1132 2577 «
1154 2526 1258 2581 Alii
1287 2537 1466 2583 autem
1498 2528 1652 2596 ﬁdes,
1685 2529 1737 2582 itt
1768 2530 1957 2584 eodem
1998 2527 2124 2600 Spi-

544 2616 648 2669 ritu
676 2615 742 2670 “.
774 2635 795 2669 ι
836 2617 897 2671 Ει
930 2619 1159 2687 gratiam
1195 2628 1360 2690 atque
1391 2621 1644 2675 virtutem
1683 2621 1839 2692 juxta
1872 2624 2120 2679 eumdem

543 2707 801 2775 Spiritum
855 2707 1083 2774 habens,
1114 2710 1267 2780 signa
1304 2723 1359 2765 et
1378 2713 1619 2782 prodigia
1660 2729 1851 2782 magtta
1892 2712 2123 2768 faciebat

541 2800 595 2854 in
643 2799 858 2870 populo.
902 2799 1116 2855 Necnon
1163 2812 1219 2857 et
1266 2803 1371 2858 illis
1410 2805 1794 2860 donationibus
1822 2806 2117 2861 secundum

541 2894 788 2947 eumdem
836 2894 1097 2963 Spiritum
1124 2894 1394 2963 adluebat,
1424 2913 1544 2965 qua:
1579 2909 1843 2954 vocantur
1877 2900 2117 2955 curatio-

545 2998 672 3037 num
716 2986 904 3053 gratia:
929 2995 1092 3055 atque
1123 2989 1370 3045 virtutes.
1407 2988 1472 3043 Et
1505 2990 1616 3043 haec
1643 2991 1787 3044 enim
1820 2991 1871 3043 in
1906 3006 2120 3047 enume-

545 3074 757 3130 ratione
811 3077 1073 3131 donorum
1124 3076 1239 3144 Dei,
1288 3080 1380 3148 qui
1431 3079 1658 3149 Spiritu,
1711 3090 1766 3135 et
1815 3081 2113 3137 secundum

549 3164 837 3235 Spiritum,
874 3170 926 3223 in
968 3169 1143 3238 prima
1173 3171 1401 3239 apostoli
1436 3170 1586 3226 Pauli
1628 3173 1866 3243 Epistola
1900 3175 1966 3229 ad
2006 3173 2113 3230 Οοο

549 3261 777 3315 rinthios
826 3261 1160 3317 collocantur
1189 3263 1255 3315 δ’.
1282 3262 1552 3318 lntantum
1589 3275 1766 3321 autem
1811 3266 2118 3335 Stephanus

542 3350 723 3405 divina
755 3353 926 3422 gratia
954 3353 1287 3419 abundabat,
1322 3366 1381 3409 ut
1420 3372 1577 3411 nemo
1611 3360 2114 3425 contradicentium,

540 3452 595 3496 et
639 3459 827 3499 eorum
864 3445 955 3514 qui
1004 3446 1262 3502 adversus
1290 3464 1412 3502 eum
1464 3449 1833 3518 disputabant,
1878 3452 2119 3507 valerent

544 3534 801 3589 resistere
846 3537 1145 3606 sapientiae,
1180 3549 1236 3593 et
1280 3536 1505 3609 Spiritui
1555 3541 1642 3610 qui
1696 3542 2017 3611 loquebatur
2061 3544 2117 3598 in

543 3625 651 3679 illo.
690 3624 817 3678 Erat
858 3628 1057 3696 quippe
1101 3642 1133 3682 e
1189 3629 1394 3698 Spiritu
1445 3642 1636 3685 sancto
1688 3633 1906 3701 sapiens
1968 3632 2106 3704 (25).

549 3714 701 3771 Unde
739 3725 796 3771 et
830 3719 897 3771 ad
948 3718 1241 3790 discipulos
1295 3737 1424 3776 suos
1467 3720 1623 3777 Jesus
1669 3725 1958 3795 perspicue
1992 3741 2120 3795 pro—

546 3807 744 3863 clamat
779 3826 795 3863 :
836 3809 967 3865 Cum
1004 3810 1290 3866 introducti
1328 3813 1544 3869 fueritis
1576 3816 1643 3869 ad
1674 3816 2026 3886 principatus,
2067 3825 2122 3873 et

544 3911 860 3970 potestates,
908 3911 962 3958 ct
1008 3904 1257 3971 concilia,
1312 3916 1369 3961 et
1411 3923 1733 3979 synagogas,
1784 3910 1950 3965 nolite
1997 3925 2119 3966 esse

546 3995 760 4049 solliciti
806 3996 934 4065 quid
988 4012 1083 4052 vos
1118 4009 1367 4071 oporteat
1395 4000 1601 4068 dicere,
1642 4009 1734 4054 aut
1771 4001 1900 4071 quid
1924 4002 2121 4072 loqua-

543 4090 670 4143 mini
706 4089 758 4143 in
790 4091 881 4146 illo
914 4101 1176 4161 tempore.
1222 4093 1505 4147 Dabuntur
1530 4094 1676 4147 enim
1730 4094 1884 4148 vobis
1917 4110 1947 4149 a
1990 4094 2117 4163 Spi-

550 4180 652 4233 ritu
688 4192 879 4236 sancto
922 4196 1202 4237 sermones
1232 4182 1530 4249 sapientiae.
1553 4181 1752 4252 quibus
1776 4198 1884 4239 non
1916 4192 2121 4253 queant

542 4271 933 4339 contradicere,
963 4290 1032 4330 ne
1057 4274 1352 4347 hiquidem
1375 4273 1466 4343 qui
1492 4277 1843 4331 vehementer
1864 4276 1917 4331 in
1943 4277 2121 4347 dispu-

549 4363 847 4420 tati0nibus
877 4346 1127 4421 callem.-

614 4453 700 4507 10.
745 4453 851 4510 Sed
899 4471 1165 4524 ponamus
1210 4457 1382 4527 ipsum
1429 4456 1817 4522 testimonium,
1864 4458 2005 4527 quod
2045 4458 2118 4513 ita

541 4546 851 4600 contexitur
895 4564 910 4602 :

540 4652 842 4709 synagogas
873 4638 940 4693 ad
971 4640 1305 4708 principatus
1336 4648 1391 4694 et
1424 4650 1739 4708 potestates,
1778 4640 1941 4697 nolite
1970 4642 2119 4696 solli-

539 4732 632 4786 citi
678 4746 798 4786 esse
830 4732 1100 4801 quomodo
1128 4741 1223 4786 aut
1256 4734 1383 4802 quid
1436 4734 1830 4803 respondeatis,
1876 4734 2117 4803 Spiritus

539 4822 680 4876 enim
693 4830 913 4877 sanctus
941 4822 1328 4877 docebitvosin
1350 4823 1538 4876 eadem
1564 4825 1696 4876 ltora
1724 4837 1842 4891 qua:
1870 4831 2113 4889 Oporteat

539 4913 717 4967 dicere
746 4912 813 4964 “.
853 4930 875 4966 ι
912 4912 977 4967 Et
1028 4913 1081 4967 in
1136 4914 1242 4970 alio
1269 4914 1559 4985 Evangelio
1614 4934 1630 4970 :
1698 4934 1719 4968 «
1761 4914 1952 4971 Ponite
1992 4931 2120 4987 ergo

541 5003 593 5057 in
636 5003 891 5061 cordibus
941 5007 1140 5061 vestris
1183 5022 1288 5060 non
1332 5007 1717 5077 praameditari,
1764 5010 2118 5078 quemadmo-

542 5096 665 5148 dum
702 5098 1118 5165 respondeatis:
1147 5095 1254 5169 Ego
1290 5098 1488 5168 quippe
1541 5100 1679 5154 dabo
1727 5100 1879 5155 vobis
1929 5115 2011 5163 os,
2064 5111 2120 5155 et

541 5187 861 5256 Sapientiam
911 5189 1000 5244 cui
1057 5205 1164 5245 non
1215 5190 1431 5244 valeant
1481 5192 1875 5257 contradicere,
1908 5206 2001 5248 aut
2032 5206 2120 5249 re-

610 5343 654 5375 ⁸⁷
691 5340 990 5403 Matth.vtt,
1022 5344 1109 5398 11.

2229 2070 2377 2135 tiatn,
2404 2078 2458 2125 et
2487 2069 2835 2133 intellectum,
2863 2075 2916 2122 et
2942 2075 3157 2132 caatera,
3185 2065 3252 2120 de
3277 2064 3473 2133 quibus
3510 2062 3583 2117 ita
3615 2059 3805 2116 scribit

2224 2161 2514 2231 Apostolus
2552 2183 2565 2216 :
2607 2179 2626 2212 «
2651 2159 2878 2230 Propter
2919 2158 3022 2213 hoc
3065 2167 3121 2213 et
3159 2172 3281 2222 nos,
3310 2171 3375 2211 ex
3398 2169 3508 2225 quo
3536 2153 3622 2209 die
3651 2152 3807 2208 audi-

2224 2255 2418 2319 vimus,
2460 2269 2567 2309 non
2606 2266 2881 2307 cessamus
2912 2261 3128 2306 orantes
3166 2265 3265 2320 pro
3304 2250 3479 2316 vobis,
3513 2256 3566 2303 et
3595 2248 3789 2316 depre-

2226 2353 2437 2410 cantes,
2494 2354 2558 2400 ut
2611 2343 2943 2413 impleamini
2995 2342 3305 2412 cognitione
3360 2339 3654 2396 voluntatis
3689 2336 3806 2406 eius

2228 2434 2281 2489 itt
2318 2434 2464 2488 omni
2500 2434 2789 2504 sapientia,
2840 2443 2897 2490 et
2943 2433 3301 2503 intelligentia
3350 2430 3618 2500 spirituali
3647 2447 3661 2483 :
3693 2444 3813 2483 am-

2225 2524 2472 2580 bulantes
2526 2526 2685 2596 digne
2747 2526 2857 2581 Deo
2902 2524 2970 2578 ⁸⁸.
3007 2545 3028 2578 ι
3104 2524 3212 2580 Eos
3276 2524 3422 2578 enim
3489 2521 3583 2590 qui
3647 2521 3808 2591 digne

2224 2617 2325 2672 sibi
2360 2615 2457 2688 [αι.
2493 2617 2673 2691 bonis]
2722 2634 2819 2689 per
2858 2634 3044 2686 opera,
3073 2626 3129 2673 et
3158 2631 3458 2680 sermones,
3488 2623 3544 2670 et
3571 2614 3808 2684 pruden-

2227 2710 2356 2762 tiam
2404 2709 2686 2777 incedunt,
2708 2710 2943 2781 limpleri
2972 2711 3052 2765 ait
3076 2708 3358 2765 voluntate
3401 2706 3521 2773 Dei,
3558 2705 3809 2777 ponentis

2223 2815 2386 2869 super
2406 2816 2499 2857 eos
2535 2801 2798 2871 Spiritum
2832 2813 3108 2868 sanctum,
3140 2810 3202 2857 ut
3233 2801 3559 2872 impleantur
3587 2799 3807 2870 sapien-

2223 2891 2293 2945 tia
2334 2901 2391 2946 et
2438 2893 2734 2959 intellectu,
2780 2902 2837 2949 et
2885 2893 3105 2963 reliquis
3158 2891 3537 2963 spiritualibus
3609 2890 3806 2956 bonis;

2224 2983 2489 3050 sapientia
2544 2996 2768 3051 autem,
2825 2996 2881 3042 et
2930 2986 3257 3050 intellectus,
3312 3001 3433 3055 quae
3488 2985 3541 3039 in
3603 2981 3808 3053 Spirittt

2217 3084 2407 3129 sancto
2425 3084 2616 3142 sunt,a
2646 3076 2754 3131 Deo
2776 3077 2970 3133 dantur
2994 3076 3128 3148 (26).
3157 3095 3176 3130 «
3229 3076 3507 3141 Dominus,
3555 3094 3575 3127 ι
3613 3076 3806 3145 inquit,

2229 3168 2411 3223 «dabit
2432 3168 2752 3238 sapientiam
2780 3179 2870 3237 ;et
2898 3169 3084 3224 ai‘acie
3104 3168 3219 3238 ejus
3253 3170 3538 3237 sapientia,
3570 3175 3625 3223 et
3652 3167 3812 3223 intel-

2228 3262 2397 3315 lectus
2440 3261 2684 3330 procedit
2709 3262 2795 3327 ";
2827 3281 2844 3313 ι
2883 3277 3006 3318 cum
3047 3276 3109 3316 ea
3160 3260 3422 3331 sapientia
3453 3275 3574 3330 qua:
3606 3259 3673 3313 ab
3710 3258 3812 3313 ho-

2228 3352 2466 3408 minibus
2519 3353 2686 3418 venit,
2731 3370 2834 3409 non
2874 3355 2947 3408 sit
2995 3352 3315 3424 spiritualis,
3371 3351 3466 3407 sed
3512 3364 3709 3406 carnea
3753 3358 3812 3406 et

2226 3443 2483 3498 humana.
2517 3444 2592 3500 De
2644 3446 2747 3501 hac
2798 3446 2980 3515 itaque
3024 3443 3317 3514 Apostolus
3367 3441 3603 3497 scribit:
3638 3461 3658 3494 «
3688 3440 3804 3495 Non

2229 3534 2281 3587 in
2330 3535 2596 3603 sapientia
2649 3534 2877 3601 carnali,
2931 3534 3027 3589 sed
3074 3534 3127 3588 itt
3167 3533 3345 3603 gratia
3375 3532 3470 3587 Dei
3497 3530 3806 3587 conversati

2227 3640 2412 3680 sumus
2439 3626 2495 3680 in
2524 3624 2620 3697 [αι.
2656 3626 2708 3681 in
2738 3625 2860 3698 hoc]
2898 3625 3094 3681 mundo
3120 3625 3202 3691 ‘3;
3230 3642 3251 3676 ι
3286 3623 3558 3679 carnalem
3587 3622 3807 3691 sapien-

2230 3720 2356 3773 tiam
2401 3718 2610 3783 dicens,
2661 3735 2780 3789 quae
2832 3720 2884 3772 in
2928 3719 3092 3774 rebus
3139 3717 3414 3787 corporeis
3455 3731 3524 3771 ex
3572 3716 3809 3770 humano

2226 3810 2472 3866 subsistit
2490 3813 2723 3881 cogitatu
2750 3811 2881 3884 (27).
2914 3811 3082 3867 Porro
3108 3810 3407 3881 spiritualis
3429 3808 3704 3878 sapientia
3750 3818 3808 3863 et

2228 3901 2633 3971 intellectualis,
2687 3904 2836 3959 circa
2879 3904 3172 3960 invisibilia
3220 3912 3276 3959 et
3332 3900 3711 3958 intellectualia
3747 3914 3810 3956 se

2230 4000 2439 4058 tenens,
2475 4009 2571 4065 per
2597 3996 2973 4064 operationem
3005 3996 3244 4065 Spiritus
3271 3995 3446 4050 sancti
3469 3994 3810 4064 capientibus

2229 4100 2288 4141 se
2339 4086 2423 4140 sui
2474 4088 2819 4157 praesentiam
2872 4088 3086 4143 tribuit.
3127 4087 3183 4142 ln
3226 4087 3412 4142 multis
3439 4100 3656 4155 quoque
3683 4084 3807 4142 aliis

2228 4179 2363 4234 locis
2385 4178 2677 4249 Apostolus
2708 4189 2976 4235 memorat
3003 4179 3057 4234 in
3091 4178 3331 4246 Spiritus
3353 4177 3526 4232 sancti
3555 4178 3808 4231 substan-

2231 4271 2300 4324 tia
2329 4270 2420 4325 Dei
2447 4285 2672 4325 munera
2696 4271 3016 4326 commorari
3049 4268 3145 4342 [αι.
3173 4267 3643 4339 commemorari];
3666 4269 3809 4322 sicut

2229 4364 2283 4419 itt
2316 4365 2406 4420 illo
2434 4383 2448 4419 :
2483 4363 2658 4419 «Deus
2683 4374 2862 4419 autem
2884 4364 2997 4433 spei
3033 4363 3240 4432 repleat
3287 4377 3384 4417 vos
3417 4363 3566 4416 omni
3589 4362 3807 4431 gaudio,

2228 4466 2281 4510 et
2306 4471 2438 4526 pace
2464 4457 2516 4510 in
2544 4456 2833 4521 credendo,
2861 4464 2918 4509 ut
2980 4453 3265 4510 abundetis
3292 4453 3347 4508 in
3376 4466 3493 4523 spe,
3524 4463 3579 4507 et
3610 4451 3810 4507 virtute

967 4565 986 4598 «
1016 4546 1150 4601 Cum
1209 4559 1389 4602 autem
1442 4548 1844 4604 introduxerint
1906 4564 2002 4612 vos
2065 4551 2117 4605 in
2151 4581 2195 4636 ι)
2231 4546 2466 4619 Spiritus
2491 4548 2666 4604 sancti
2694 4547 2763 4603 “.
2795 4565 2816 4599 ι

2297 4641 2384 4696 11.
2430 4642 2568 4696 Deus
2606 4650 2786 4695 autem
2829 4638 3054 4709 largitor
3090 4639 3353 4693 honorum
3381 4675 3403 4702 ,
3438 4649 3589 4706 spem
3631 4649 3796 4704 quam

2226 4732 2517 4805 promisit,
2558 4732 2750 4787 reddet
2797 4728 2925 4803 [αι.
2967 4727 3197 4801 reddit]
3241 4729 3295 4784 in
3334 4728 3535 4783 virtute
3573 4727 3808 4797 Spiritus

2233 4824 2408 4879 sancti
2433 4864 2449 4891 ,
2488 4824 2574 4879 his
2600 4824 2694 4894 qui
2723 4823 2929 4878 habent
2955 4822 3106 4877 illum
3136 4838 3153 4887 ;
3185 4820 3378 4888 gaudio
3409 4829 3465 4875 et
3492 4835 3624 4890 pace
3650 4835 3804 4874 com-

2224 4916 2335 4985 plet
2371 4930 2465 4971 eos
2517 4917 2608 4986 qui
2672 4915 3120 4985 imperturbatam
3156 4923 3213 4968 et
3246 4914 3486 4968 sedatam
3522 4912 3810 4982 cogitatio-

2223 5023 2345 5062 nem
2377 5009 2748 5077 possidentes,
2781 5008 2932 5064 laetas
2970 5008 3171 5063 habent
3201 5015 3442 5071 mentes,
3476 5014 3531 5060 et
3561 5004 3630 5060 ab
3657 5004 3806 5060 omni

2222 5101 2690 5170 perturbationum
2737 5107 3058 5169 tempestate
3097 5096 3448 5170 tranquillas.
3481 5095 3583 5162 Qui
3624 5106 3805 5150 autem

2227 5190 2279 5243 in
2306 5190 2506 5244 virtute
2531 5188 2769 5252 Spiritus
2795 5188 2970 5245 sancti
2997 5190 3253 5261 praedicta
3280 5189 3426 5244 bona
3452 5188 3654 5243 fuerint
3678 5200 3808 5242 con-

1188 5343 1236 5377 ³⁸
1260 5344 1380 5398 Act.
1415 5358 1490 5409 VI,
1515 5343 1568 5398 5.
1643 5342 1687 5377 ”
1720 5343 1850 5398 ibid.
1873 5343 1927 5398 8.
2001 5344 2119 5401 “ib

2225 5344 2293 5400 ιο.
2366 5345 2808 5408 MlCor.xu,9.
2885 5342 3177 5400 “ibidJO.
3254 5341 3449 5396 “Luc.
3488 5336 3805 5405 κιι,11,12.

542 5412 587 5444 “
622 5411 756 5467 Luc;
784 5428 897 5480 XXI,
952 5414 1040 5480 M,
1086 5413 1177 5471 15.
1248 5414 1294 5448 ⁴³
1335 5413 1441 5469 lsa.
1478 5408 1629 5481 XLIV,
1660 5414 1717 5470 5.
1791 5415 1838 5446 ιθ
1867 5415 2118 5471 Coloss.t

2259 5416 2303 5450 ⁸⁷
2334 5414 2504 5471 Eccli.
2529 5420 2647 5485 1,-4.
2721 5417 2767 5448 ⁵⁸
2805 5416 2850 5470 ll
2880 5415 3007 5470 Cor.
3043 5431 3099 5484 ι,
3137 5413 3229 5469 12.
3303 5411 3351 5445 ⁸⁸
3388 5412 3548 5466 Rom.
3585 5425 3674 5474 av,
3712 5408 3799 5461 15.

613 5559 728 5632 (23)
757 5557 955 5641 Notum
980 5581 998 5614 «
1014 5561 1372 5641 Stephanum,
1388 5581 1406 5614 ι
1424 5561 1609 5618 Graece
1621 5561 1916 5633 Στέφανον,
1934 5562 2125 5620 Latine

543 5647 803 5702 coronam,
817 5632 1181 5702 interpretari.

615 5700 729 5773 (24)
768 5700 1093 5773 gnttstantcr
1118 5703 1323 5773 habent
1350 5717 1504 5768 mss.,
1543 5711 1871 5773 «portenta.»

617 5772 753 5846 (95)_
772 5770 974 5838 Vatic.,
993 5772 1219 5846 tholos.
1254 5783 1485 5827 etvetus
1514 5770 1669 5837 edit.,
1690 5844 1698 5846 _
1723 5793 1741 5825 «
1771 5783 1889 5828 erat
1925 5774 2127 5846 quippe

544 5841 893 5911 juxta'Deum
925 5853 984 5898 et
1015 5841 1280 5911 Spir‘tum
1319 5850 1562 5898 sanctum
1587 5844 1822 5914 sapiens.
1856 5863 1879 5897 ι
1911 5841 2019 5901 etc.

2303 5564 2413 5637 (26)
2470 5564 2713 5637 Tholos.)
2786 5574 2892 5617 «ut
2945 5562 3209 5637 impleant
3251 5558 3512 5637 sapientia
3555 5563 3609 5610 et
3647 5553 3807 5608 intel-

2228 5633 2402 5697 lectu,
2434 5649 2556 5704 qua:
2588 5638 2641 5688 in
2672 5633 2876 5705 Spirittt
2905 5633 3094 5688 sancto
3120 5650 3149 5687 a
3182 5635 3603 5705 Deoudonantur.
3639 5643 3659 5675 ›

2304 5706 2417 5776 (27)
2453 5697 2633 5768 idem,
2664 5726 2682 5755 «
2712 5697 2832 5775 quae
2863 5707 3056 5758 borum
3089 5702 3442 5772 corporibus,
3477 5706 3531 5752 et
3567 5697 3805 5749 humano

2233 5777 2537 5834 subsistunt
2562 5778 2795 5848 cogitatu
2815 5815 2831 5844 ,
2868 5793 2889 5827 ι
2920 5787 3029 5830 etc.
