4034 6414
322 415 460 472 10ίὸ

1563 417 1794 473 DIDYMI
1835 413 2308 470 ALEXANDRINI

3434 403 3570 459 10H

318 535 527 600 secuti,
570 535 733 591 etiam
777 546 982 592 rectam
1025 537 1186 594 fidem
1224 541 1277 594 in
1317 540 1606 595 Trinitatis
1638 541 1898 610 mysterio
1928 539 1974 594 A
2005 539 2213 606 probat.
2251 535 2436 603 Neque
2467 533 2612 590 enim
2649 534 2789 588 Deus
2821 545 2943 587 eum
2975 527 3220 598 angelum
3253 524 3446 581 mittit.
3478 531 3570 576 aut

319 639 742 698 consequentur.
775 630 828 684 In
866 631 975 687 alio
1004 646 1220 701 quoque
1250 639 1368 688 loco
1407 635 1651 704 ejusdem
1691 635 1903 702 Episto-

317 721 403 783 lis.
438 741 457 773 ε
490 719 604 774 Non
635 733 740 789 est,
764 723 1016 792 iinquit,¢
1053 741 1276 796 regnum
1314 726 1402 780 Dei
1433 727 1589 781 cibus
1623 737 1675 780 et
1701 737 1899 796 potus;

309 814 412 868 sed
455 813 669 882 iustitia
713 826 768 868 et
819 831 919 884 pax
949 857 964 881 ,
1012 826 1068 871 et
1107 819 1360 888 gaudium
1413 820 1466 873 in
1516 820 1720 887 Spiritu
1771 835 1899 873 san-

317 915 407 960 cto
436 907 504 960 '°.
539 926 558 959 ι
594 907 650 960 In
695 907 901 977 Spiritu
942 909 1086 963 enim
1129 921 1321 964 sancto
1355 911 1626 979 justitiam
1650 953 1664 976 ,
1698 911 1752 965 id
1781 921 1899 975 est,

317 998 627 1053 universam
675 1003 961 1064 virtutem,
1012 1011 1066 1054 et
1114 1017 1276 1070 quam
1323 1018 1484 1071 supra
1532 1004 1763 1058 diximus
1808 1018 1901 1072 pa-

319 1101 473 1152 cem,
509 1089 599 1142 Dei
631 1090 824 1158 gaudio
855 1091 1159 1160 capulatam
1193 1109 1317 1148 esse
1351 1109 1606 1149 asserens
1628 1135 1642 1157 ,
1687 1095 1769 1149 his
1807 1095 1898 1164 qui

316 1190 380 1231 se
429 1179 619 1233 audire
668 1189 957 1249 poterant,
1011 1182 1460 1238 manifestissime
1509 1184 1738 1253 probat,
1790 1199 1896 1239 non

317 1268 421 1324 alia
456 1271 571 1325 haec
609 1273 748 1326 bona
787 1289 948 1343 quam
991 1273 1228 1344 Spiritus
1269 1279 1438 1330 sancti
1479 1290 1601 1330 esse
1640 1278 1896 1331 substan-

319 1361 472 1418 tiam.
516 1363 650 1416 Cum
703 1378 832 1434 ergo
877 1366 991 1420 haec
1040 1367 1179 1420 bona
1224 1382 1290 1420 ex
1340 1368 1633 1438 largitione
1663 1368 1896 1436 Spiritus

318 1453 490 1507 sancti
531 1454 598 1506 ad
632 1455 877 1510 homines
917 1456 1169 1522 veniant,
1207 1459 1428 1513 vocatio
1460 1460 1696 1528 gentium
1734 1474 1893 1526 quam

321 1543 622 1598 introduxit
647 1559 743 1613 per
772 1545 1074 1600 doctrinam
1114 1549 1480 1616 evangelicam
1505 1590 1520 1613 ,
1550 1550 1895 1617 acceptabilis

313 1641 368 1686 et
397 1633 731 1688 sanctificata
777 1636 1018 1690 redditur
1057 1637 1109 1691 in
1148 1637 1355 1707 Spiritu
1389 1647 1581 1693 sancto
1616 1658 1630 1706 ;
1671 1640 1801 1708 quia
1839 1650 1895 1693 et

317 1722 373 1775 in
414 1721 514 1776 hac
553 1724 962 1792 sanctificatos,
1007 1736 1062 1780 et
1101 1739 1356 1797 acceptos
1398 1728 1604 1784 faciens
1648 1730 1887 1798 Spiritus

316 1819 575 1878 sanctus,
615 1813 922 1870 substantia
961 1824 1046 1870 est
1084 1818 1349 1871 bonorum
1391 1815 1506 1872 Dei.
1549 1818 1616 1872 Et
1655 1820 1746 1887 qui
1803 1819 1893 1872 illo

315 1903 508 1972 plenus
541 1914 660 1969 est,
693 1907 944 1962 universa
985 1907 1140 1974 juxta
1187 1910 1454 1964 rationem
1497 1912 1647 1982 agit,
1693 1915 1895 1967 docens

314 2003 461 2048 recte
484 2035 501 2059 ,
538 1996 724 2052 vivens
769 1999 1346 2064 irreprehensibiliter,
1383 2002 1536 2068 signa
1572 2013 1734 2070 atque
1768 2018 1897 2071 por-

316 2095 461 2140 tenta
494 2101 624 2142 vere
678 2089 1027 2159 perfecteque
1074 2088 1476 2146 demonstrans.
1531 2091 1702 2147 Habet
1752 2094 1895 2147 enim

312 2177 688 2233 fortitudinem
735 2178 849 2250 (‘28)
893 2179 1131 2250 Spiritus
1181 2182 1354 2237 sancti
1399 2192 1744 2252 przestantem
1793 2185 1896 2239 sibi

319 2269 632 2325 thesaurum
657 2310 674 2334 ,
705 2280 763 2325 et
793 2286 1010 2326 causam
1052 2273 1405 2342 plenitudinis
1445 2275 1687 2329 omnium
1729 2277 1897 2331 bono-

314 2376 459 2416 rum.
484 2360 643 2416 Novit
667 2363 858 2418 Petrus
889 2364 1184 2434 discipulus
1216 2367 1424 2420 Domini
1453 2366 1617 2432 Jesu,
1658 2368 1898 2438 largitio-

315 2462 440 2499 nem
473 2447 710 2516 Spiritus
738 2451 910 2505 sancti
943 2453 1205 2507 donorum
1237 2453 1328 2508 Dei
1360 2472 1480 2511 esse
1505 2468 1775 2512 naturam.
1806 2459 1897 2512 Ait

317 2541 520 2609 quippe
562 2543 628 2595 ad
669 2555 764 2596 eos
801 2543 896 2612 qui
930 2543 1294 2613 objurgabant
1331 2547 1609 2600 introitum
1642 2563 1798 2601 suum
1831 2549 1896 2602 ad

317 2630 628 2686 Cornelium
655 2651 668 2686 :
705 2651 725 2683 ι
765 2632 819 2686 Si
854 2635 1036 2703 itaque
1063 2636 1324 2704 aequalem
1356 2639 1582 2708 gratiam
1613 2641 1763 2694 dedit
1795 2641 1898 2695 illis

321 2721 464 2777 Deus
494 2725 738 2792 praebens
774 2725 1036 2794 Spiritum
1070 2739 1350 2790 sanctum,
1394 2729 1666 2799 quomodo
1712 2741 1765 2786 et
1798 2747 1897 2786 no-

320 2814 404 2869 bis
436 2814 491 2867 in
529 2815 799 2885 principio
827 2856 844 2881 ,
884 2832 984 2886 ego
1025 2820 1148 2888 quis
1174 2835 1322 2874 eram
1363 2822 1454 2890 qui
1507 2836 1724 2890 possem
1771 2839 1894 2892 pro-

318 2903 506 2958 hibere
538 2905 823 2960 Dominum
857 2907 900 2938 ⁵¹
927 2907 950 2960 ?
982 2927 1000 2959 ι
1033 2907 1096 2962 Et
1131 2909 1354 2978 insuper
1383 2910 1448 2964 ad
1486 2926 1614 2965 suos
1635 2951 1649 2976 ,
1679 2929 1698 2962 ι
1732 2911 1898 2981 Agni-

320 3005 459 3061 tor,»
496 2996 695 3066 inquit,
734 2999 1008 3053 «cordium
1044 3000 1188 3055 Deus
1227 3003 1594 3057 testimonium
1617 3005 1897 3059 tribuiteis

317 3092 454 3144 dans
489 3086 751 3157 Spiritum
783 3101 1030 3146 sanctum
1064 3091 1276 3148 sicutet
1309 3094 1466 3149 nobis
1494 3113 1507 3148 :
1544 3104 1599 3150 et
1629 3095 1764 3150 nihil
1795 3097 1900 3152 dis-

317 3179 486 3234 crevit
518 3179 659 3236 inler
699 3196 796 3236 nos
839 3192 895 3238 et
939 3199 1066 3248 eos,
1110 3185 1214 3240 fide
1253 3187 1519 3243 mandans
1590 3193 1753 3244 corda
1803 3207 1896 3245 eo-

320 3286 440 3324 rum
477 3271 546 3326 ".
583 3271 678 3325 »1η
713 3274 856 3330 hunc
880 3289 1098 3329 sensum
1130 3279 1378 3348 congruit
1403 3281 1564 3334 etiam
1593 3281 1719 3336 illud
1753 3288 1894 3352 quod

320 3365 373 3418 in
413 3365 599 3421 multis
631 3365 764 3422 locis
798 3367 995 3422 dicitur
1025 3369 1288 3438 Spiritum
1317 3372 1699 3427 sanetumdari
1734 3389 1763 3427 a
1796 3376 1900 3430 De-

317 3459 501 3512 mino:
531 3478 550 3511 ς
584 3458 753 3515 Jacob
794 3475 929 3529 puer
963 3475 1119 3515 meus
1143 3500 1158 3526 ,
1199 3463 1491 3532 suscipiam
1526 3481 1692 3533 eum;
1736 3466 1898 3523 lsrael

317 3550 523 3605 electus
552 3565 741 3617 meus,
773 3552 1032 3619 suscipiet
1056 3567 1177 3606 eum
1212 3553 1392 3608 anima
1424 3571 1543 3610 mea
1579 3574 1593 3622 ;
1628 3557 1748 3611 dedi
1785 3559 1898 3626 spi-

317 3641 480 3693 ritum
514 3656 690 3695 meum
725 3642 777 3694 in
809 3656 874 3696 eo
905 3642 952 3674 ⁵³
983 3658 998 3707 ;
1035 3662 1054 3695 ι
1084 3651 1139 3697 et
1168 3643 1346 3699 adhuc
1376 3663 1389 3698 :
1427 3663 1446 3696 ί
1481 3645 1582 3712 Qui
1623 3648 1716 3700 dat
1749 3647 1900 3702 allia-

317 3740 430 3785 tunt
446 3731 643 3801 populo
657 3732 958 3787 constituto
972 3748 1134 3802 super
1151 3749 1214 3788 ea
1225 3752 1298 3799 m,
1323 3754 1344 3787 ι
1370 3736 1512 3791 haud
1530 3739 1749 3793 dubium
1771 3741 1898 3809 quin

323 3837 524 3878 terram
553 3865 567 3888 ,
610 3843 630 3876 ο
663 3836 718 3880 et
744 3826 992 3896 spiritum
1023 3826 1359 3883 calcantibus
1399 3844 1517 3884 eam
1548 3830 1615 3886 ".
1649 3851 1667 3883 ι
1701 3829 1899 3887 Osten-

323 3915 502 3970 dimus
530 3927 708 3970 autem
735 3931 899 3985 supra
929 3932 1035 3971 non
1063 3918 1228 3972 alium
1255 3933 1376 3973 esse
1405 3919 1663 3988 Spiritum
1691 3921 1782 3975 Dei
1806 3962 1821 3986 ,
1847 3931 1902 3976 et

218 3997 228 4012 ’
315 4005 482 4060 alium
509 4004 767 4074 Spiritum
795 4017 1064 4060 sanctum.
1092 4005 1292 4062 Paulus
1317 4007 1894 4075 quoque,tCharitas,p

321 4098 518 4167 inquit,
544 4115 562 4149 ι
602 4096 694 4151 Dei
715 4095 910 4150 diffusa
945 4105 1027 4151 est
1055 4097 1108 4149 in
1141 4097 1393 4151 cordibus
1422 4099 1615 4152 vestris
1649 4095 1668 4170 [
1695 4099 1767 4151 at.
1800 4116 1900 4154 no-

318 4185 476 4259 stris]
502 4203 597 4257 per
623 4187 885 4256 Spiritum
913 4196 1161 4241 sanctmn
1194 4187 1286 4255 qui
1317 4187 1472 4242 datus
1497 4197 1580 4243 est
1618 4189 1896 4255 vobis";n

321 4289 378 4334 et
407 4279 570 4334 illud:
596 4297 614 4330 ι
637 4278 851 4344 Quanto
879 4278 1053 4347 magis
1080 4276 1244 4331 Pater
1277 4288 1456 4332 vester
1482 4281 1722 4334 caelestis
1751 4281 1904 4336 dabit

319 4371 583 4440 Spiritum
637 4379 886 4424 sanctum
933 4369 1244 4438 petentibus
1295 4385 1353 4425 se
1396 4370 1482 4423 ⁸⁶⁴ἔ
1522 4389 1540 4421 ι
1574 4371 1679 4426 lste
1721 4383 1901 4426 autem

326 4463 560 4533 Spiritus
599 4463 801 4517 effusus
849 4477 1062 4532 quoque
1107 4475 1230 4518 esse
1277 4476 1308 4515 a
1353 4459 1464 4516 Deo
1495 4477 1658 4531 super
1686 4479 1899 4518 omnem

2006 631 2165 682 aliam
2195 640 2501 684 creaturam
2530 645 2545 682 :
2582 626 2866 681 Effundam
2892 664 2906 686 ,
2938 623 3102 682 dicit.
3131 621 3199 673 de
3232 617 3420 687 angelo
3449 628 3568 668 meo

2003 721 2116 790 (50)
2140 758 2157 782 ,
2185 729 2273 772 aut
2303 718 2639 787 principatu,
2667 725 2758 768 aut
2790 715 2987 768 throno
3010 749 3026 774 ,
3060 719 3151 762 aut
3185 706 3572 762 dominatione.

2001 813 2057 865 lu
2091 813 2222 866 solis
2255 813 2454 880 quippe
2489 811 2570 864 his
2606 823 2725 878 qua:
2759 808 2828 860 ab
2860 805 2981 858 aliis
3028 802 3440 871 participantur,
3485 796 3574 850 hic

2002 918 2182 958 sermo
2207 901 2481 956 consentit
2511 919 2524 954 :
2561 900 2701 952 sicut
2730 911 2902 961 nunc,
2931 905 2985 949 et
3013 893 3171 963 paulo
3201 901 3326 943 ante
3354 891 3418 942 de
3443 888 3575 940 cha-

2004 995 2164 1049 ritate
2189 995 2277 1048 Dei
2305 994 2564 1054 diximus,
2589 1005 2708 1060 qua:
2733 988 2902 1042 effusa
2932 994 3014 1040 est
3037 986 3086 1038 in
3111 983 3364 1035 cordibus
3388 994 3573 1032 eormn

2001 1088 2090 1154 qni
2132 1087 2389 1157 Spiritum
2417 1094 2661 1138 sanctum
2705 1090 3042 1149 receperunt.
3079 1097 3098 1128 ι
3129 1075 3416 1132 Charitas.
3452 1091 3470 1122 ι
3495 1073 3578 1124 in-

2000 1180 2138 1250 quit,
2179 1198 2197 1229 ι
2225 1177 2316 1231 Dei
2348 1175 2537 1230 diffusa
2571 1182 2654 1228 est
2683 1175 2734 1226 in
2767 1172 3016 1227 cordibus
3031 1169 3251 1232 vestris,
3283 1181 3379 1235 per
3407 1164 3578 1233 Spiri-

2003 1282 2114 1325 tum
2149 1278 2396 1326 smnctum
2427 1308 2442 1334 ,
2473 1266 2564 1334 qui
2603 1267 2760 1318 datus
2793 1274 2874 1316 est
2907 1262 3078 1317 vobis.
3114 1280 3132 1312 ι
3171 1259 3416 1312 Salvator
3444 1270 3578 1325 quo—

2000 1377 2138 1433 que,
2191 1363 2316 1430 quia
2365 1370 2421 1415 et
2467 1362 2583 1430 ipse
2624 1358 2886 1427 capabilis
2928 1366 3051 1422 est,
3086 1355 3139 1408 in
3171 1353 3575 1408 similitudinem

1998 1471 2212 1524 quoque
2245 1453 2500 1523 unguenti
2531 1449 2734 1505 effusus
2777 1449 3004 1503 dicitur:
3031 1467 3048 1498 ‹
3074 1447 3410 1514 Unguentum
3443 1441 3576 1498 effu-

1996 1563 2114 1602 sum
2148 1561 2341 1600 nomen
2375 1555 2521 1598 tuum
2551 1543 2618 1598 ⁸⁸.
2657 1561 2675 1594 ι
2705 1541 2838 1597 Nam
2871 1551 2928 1594 ut
2965 1549 3298 1609 unguentmn
3336 1540 3477 1606 quod
3514 1536 3568 1589 in

1996 1649 2123 1688 vase
2155 1634 2488 1697 continetur,
2517 1632 2679 1685 habet
2705 1631 2920 1699 quidem
2955 1630 3138 1682 odoris
3171 1627 3531 1680 substantiam
3557 1666 3572 1690 ,

1995 1726 2090 1781 sed
2116 1727 2431 1794 prohibetur
2461 1723 2668 1794 longius
2697 1722 2915 1791 spargi,
2941 1721 3066 1790 quia
3097 1735 3224 1773 vase
3251 1721 3576 1772 intrinsecus

1995 1818 2293 1871 clauditur:
2319 1832 2440 1871 cum
2469 1825 2650 1869 autem
2680 1830 2776 1868 vas
2797 1814 2931 1868 foris
2956 1813 3119 1866 fuerit
3141 1811 3390 1874 efl'usum,
3417 1813 3576 1864 emit-

2003 1909 2064 1964 tit
2109 1909 2292 1978 procul
2336 1907 2730 1963 beneolentiam
2781 1920 2934 1960 suam
2970 1922 2982 1957 :
3022 1906 3096 1957 ita
3140 1903 3344 1958 Christi
3383 1916 3573 1957 nomen

1999 2000 2323 2064 beneolens,
2359 2009 2482 2053 ante
2513 1999 2803 2051 adventum
2835 1999 2957 2065 ejus
2990 1996 3043 2049 iu
3083 1995 3198 2049 solo
3237 1994 3447 2048 lsraelis
3483 2008 3576 2060 po-

2000 2091 2124 2161 pulo
2152 2093 2487 2154 versabatur,
2519 2089 2673 2159 quasi
2700 2085 2900 2142 ludam
2929 2101 3058 2140 vase
3088 2085 3350 2139 inclusum
3380 2103 3392 2138 :
3427 2101 3445 2134 ‹
3470 2082 3575 2137 Νο-

1999 2193 2083 2238 tus
2117 2183 2291 2246 enim,
2329 2201 2347 2233 δ
2371 2183 2482 2247 ait,
2524 2200 2542 2232 ι
2578 2181 2629 2235 in
2654 2179 2837 2233 Judzea
2862 2177 3030 2242 Deus,
3064 2176 3292 2230 inlsrael
3323 2191 3574 2244 magnum

1999 2289 2190 2328 nomen
2227 2275 2344 2342 ejus
2374 2273 2440 2328 ⁵⁸.
2475 2290 2494 2322 ι
2520 2271 2747 2339 Quando
2778 2278 2962 2323 autem
2997 2283 3291 2323 coruscans
3324 2269 3376 2321 in
3411 2281 3577 2321 carne

1997 2382 2093 2422 sua
2127 2367 2392 2431 Salvator,
2428 2366 2480 2419 in
2519 2367 2836 2418 universam
2873 2373 3073 2417 terram
3098 2403 3112 2426 ,
3145 2361 3272 2430 quin
3309 2361 3484 2427 potius
3517 2358 3572 2411 in

1997 2473 2211 2512 Omnem
2264 2468 2568 2511 creaturam
2612 2457 2858 2511 extendit
2889 2453 3213 2508 vocabulum
3245 2466 3435 2513 suum,
3471 2451 3578 2504 im-

1998 2549 2141 2616 pleto
2182 2563 2247 2601 eo
2287 2548 2430 2617 quod
2470 2547 2732 2615 scriptum
2792 2557 2916 2601 est:
2964 2563 2982 2596 t
3019 2547 3192 2611 Quam
3249 2543 3570 2597 admirabile

1999 2650 2081 2695 est
2112 2656 2306 2695 nomen
2337 2651 2484 2694 tttum
2515 2641 2566 2692 in
2598 2640 2848 2694 universa
2882 2650 3024 2694 terra
3054 2639 3099 2670 ⁸⁸
3127 2639 3141 2691 !
3179 2657 3198 2689 ι
3227 2638 3418 2704 quibus
3447 2651 3576 2689 con-

1998 2745 2288 2801 sequenter
2323 2733 2613 2802 Apostolus
2645 2732 2879 2800 loquitur
2913 2749 2925 2785 :
2957 2749 2975 2781 «
2999 2729 3114 2784 Νοιι
3143 2730 3284 2782 enim
3314 2727 3455 2780 aliud
3483 2742 3577 2779 no-

2001 2838 2120 2877 men
2153 2824 2336 2877 datum
2372 2835 2456 2876 est
2495 2821 2596 2876 sub
2645 2823 2785 2876 caelo
2807 2862 2821 2886 ,
2853 2822 2904 2874 iit
2934 2837 3040 2888 quo
3085 2827 3331 2888 oporteat
3377 2816 3573 2870 salvari

2000 2931 2098 2969 nos
2133 2915 2250 2987 [αι.
2286 2926 2499 2986 oportet
2547 2915 2727 2970 salvos
2774 2913 2925 2984 fieri]
2953 2913 2996 2944 ⁶¹
3026 2929 3040 2978 ;
3071 2931 3091 2964 ι
3115 2921 3169 2966 et
3196 2911 3477 2965 Psalmista
3511 2909 3574 2962 ad

1999 3005 2292 3060 Dominum
2328 3007 2590 3074 loquitur,
2624 3023 2643 3057 ι
2677 3004 3034 3076 Magnificasti
3070 3019 3231 3072 super
3264 3003 3443 3056 omnia
3477 3016 3575 3054 no-

2001 3113 2120 3153 men
2146 3109 2392 3154 sanctum
2420 3107 2570 3153 tuum
2603 3099 2648 3130 ⁶³
2674 3116 2720 3153 τι
2751 3109 2878 3153 tunc
2907 3098 3229 3167 completum
3260 3104 3376 3160 est,
3411 3112 3431 3145 ι
3469 3093 3578 3148 Un-

2000 3202 2258 3261 guentum
2295 3191 2526 3246 effusum
2564 3206 2761 3246 nomen
2805 3203 2973 3246 tuum.
3018 3210 3036 3243 ι
3073 3189 3353 3260 Signiticat
3397 3199 3573 3242 autem

1999 3284 2278 3340 efl‘ttsionis
2344 3285 2565 3340 verbum
2646 3284 2850 3356 largam
2909 3295 2964 3339 et
3023 3285 3246 3339 divitem
3337 3283 3579 3337 muneris

1998 3375 2411 3430 abundantiam.

2076 3465 2160 3519 12.
2192 3464 2391 3537 itaque
2426 3481 2547 3521 cum
2585 3481 2722 3521 unus
2757 3466 2880 3536 quis
2915 3465 3110 3520 alicubi
3132 3507 3147 3529 ,
3185 3475 3276 3519 aut
3307 3465 3412 3519 duo
3451 3465 3576 3534 Sp.-

2000 3557 2164 3612 ritum
2197 3567 2446 3610 sanctum
2477 3558 2780 3625 accipiunt,
2817 3572 2922 3610 non
2955 3558 3171 3621 dicitur,
3199 3557 3476 3611 Effundam
3510 3558 3577 3610 de

2000 3649 2191 3717 Spiritu
2217 3666 2232 3703 :
2263 3649 2353 3702 sed
2383 3660 2509 3703 tunc
2532 3651 2749 3716 quando
2776 3650 2827 3702 in
2861 3650 3141 3703 universas
3166 3659 3357 3722 gentes
3385 3664 3580 3702 munus

2002 3739 2237 3809 Spiritus
2269 3741 2439 3794 sancti
2471 3741 2871 3796 redundaverit.
2902 3740 2970 3794 Et
2996 3742 3060 3794 ad
3087 3738 3264 3794 Titum
3289 3740 3577 3808 Apostolus

2003 3831 2234 3885 salutem
2282 3830 2480 3884 factam
2529 3831 2781 3900 gentibus
2823 3839 3216 3886 commemorat
3250 3849 3264 3884 :
3300 3847 3320 3880 ι
3351 3827 3468 3883 Νοιι
3509 3842 3576 3882 ex

2003 3924 2254 3994 operibus
2286 3923 2512 3993 iustitia:
2534 3938 2653 3992 qua:
2684 3923 2912 3978 fecimus
2943 3939 3040 3978 nos
3069 3923 3178 3994 (51)
3209 3942 3222 3977 :
3255 3925 3347 3978 sed
3381 3939 3474 3992 per
3501 3924 3580 3976 la-

2004 4033 2223 4072 vacrum
2277 4019 2531 4072 secunda
2580 4018 3008 4086 regenerationis
3038 4058 3052 4082 ,
3105 4027 3162 4072 et
3209 4018 3576 4071 inuovationis

2005 4107 2238 4178 Spiritus
2281 4109 2492 4174 sancti,
2525 4125 2683 4176 quem
2720 4106 2907 4161 effudit
2941 4124 3104 4176 super
3153 4124 3250 4162 nos
3297 4108 3580 4162 abundan-

2005 4213 2085 4256 ter
2116 4201 2182 4256 ".
2218 4221 2237 4252 ι
2263 4201 2328 4257 Et
2359 4202 2444 4254 hic
2471 4203 2614 4254 enim
2648 4201 2849 4270 largam
2879 4200 3282 4254 attributionem
3316 4199 3576 4266 Spiritus,

2007 4293 2229 4348 verbum
2259 4291 2542 4346 effusionis
2567 4292 2821 4346 ostendit.
2853 4289 2929 4343 Ex
2959 4291 3153 4360 quibus
3185 4291 3456 4344 universis
3485 4292 3580 4344 do-

2003 4400 2216 4449 cemur,
2247 4384 2544 4454 eapabilem
2579 4382 2814 4452 Spiritus
2843 4381 3018 4436 sancti
3048 4396 3172 4436 esse
3197 4381 3580 4444 substantiam,

2005 4486 2060 4531 et
2095 4492 2164 4531 ex
2203 4477 2305 4530 hoc
2345 4477 2666 4530 increatam.
2706 4475 3018 4542 Capabilem
3061 4473 3428 4528 substantiam
3482 4489 3580 4527 vo-

321 4569 539 4608 carnem
574 4554 792 4620 dicitur,
829 4565 886 4608 ut
913 4555 1266 4624 prophetent,
1289 4563 1344 4608 et
1377 4555 1614 4610 visiones
1649 4557 1894 4620 videant,
1929 4563 1974 4617 D
2005 4575 2089 4620 cui
2113 4607 2127 4631 ,
2161 4581 2281 4633 quae
2312 4565 2525 4631 capitur
2554 4581 2582 4617 a
2617 4564 2861 4634 pluribus
2881 4604 2896 4628 ,
2928 4571 2983 4618 et
3013 4564 3095 4617 eis
3125 4564 3204 4616 sui
3235 4562 3567 4616 consortium

320 4644 412 4712 qui
439 4660 557 4699 eum
591 4647 917 4716 acceperint,
943 4646 1240 4700 secundum
1272 4645 1475 4700 Joelem
1498 4687 1513 4713 ,
1543 4648 1632 4716 qui
1664 4662 1731 4701 ex
1774 4663 1897 4716 per-

323 4751 454 4791 sona
487 4737 579 4790 Dei
609 4737 884 4806 loquitur:
913 4756 932 4788 α
957 4737 1240 4792 Effundam
1269 4739 1335 4792 de
1365 4738 1562 4807 spiritu
1593 4754 1712 4793 meo
1738 4755 1900 4808 super

324 4844 539 4882 omnem
573 4844 829 4882 eat-nem:
866 4839 920 4884 et
949 4831 1348 4898 prophetabunt
1376 4831 1471 4884 filii
1507 4832 1714 4897 vestri,
1749 4842 1803 4886 et
1837 4831 1899 4884 fi-

323 4920 408 4974 liae
435 4931 627 4975 vestrae
647 4922 691 4953 ⁵⁷
718 4921 853 4992 (29).
869 4941 887 4972 ι
908 4921 1111 4979 Eﬂ'usio
1135 4924 1335 4994 quippe
1353 4924 1586 4993 Spiritus
1615 4939 1780 4980 causa
1805 4940 1903 4980 ex-

322 5013 464 5066 sistit
495 5011 605 5084 [ιιι.
640 5013 862 5085 exstes]
893 5015 1277 5084 prophetandi.
1327 5025 1382 5069 et
1421 5017 1635 5072 videndi
1677 5033 1897 5072 sensum

324 5103 885 5174 pulchritudinemque
919 5108 1181 5162 veritatis.
1219 5109 1394 5176 Ipsum
1427 5124 1642 5178 quoque
1677 5109 1896 5164 effusio-

322 5195 409 5248 nis
439 5208 635 5247 nomen
656 5233 672 5258 ,
709 5195 1006 5249 increatam
1044 5197 1277 5265 Spiritus
1306 5200 1477 5252 sancti
1513 5201 1884 5255 substantiam

303 5383 310 5392 ,
393 5334 440 5367 ⁸ο
482 5332 636 5385 Rom.
675 5347 787 5402 xiv,
825 5331 913 5386 l7.
987 5333 1031 5402 f"
1069 5334 1190 5388 Act.
1234 5348 1308 5395 χι,
1345 5333 1431 5386 17.
1506 5336 1682 5390 l"Act.
1719 5339 1879 5402 xv,8,

2036 5338 2324 5396 "lsa.xt.tt
2343 5377 2356 5400 ,
2380 5337 2432 5396 1.

326 5418 376 5458 xi
403 5443 419 5468 ,
457 5403 544 5457 15.
619 5402 662 5434 ⁵⁷
703 5401 817 5455 Jeel
850 5417 910 5464 ll,
977 5401 1066 5463 28.
1142 5403 1189 5434 ⁸⁸
1228 5403 1388 5460 Cant.
1452 5421 1492 5469 t,
1532 5407 1586 5459 2.
1663 5407 1866 5463 l"'Psal.
1905 5409 2139 5470 Lxxv..°2..

324 5486 542 5528 cxxxvit
568 5514 584 5540 ,
617 5474 673 5527 '2.
752 5472 797 5503 ⁸³
835 5472 943 5528 'l'it.
976 5487 1072 5536 In,
1107 5472 1160 5526 5.

397 5595 513 5666 (28)
553 5595 721 5666 Abest
747 5607 776 5647 a
807 5591 1115 5666 '_l‘_ho_losano
1151 5607 1253 5645 ms.
1288 5611 1305 5643 ι
1343 5592 1730 5666 fortitudinem.
1771 5613 1790 5645 ι

398 5595 490 5666 (28
553 5595 721 5650 Abest
747 5607 776 5647 a
807 5595 1115 5646 Tholosano
1151 5607 1253 5645 ms.
1288 5611 1305 5643 ι
1343 5595 1730 5647 fortitudinem.
1771 5613 1790 5645 ι

398 5595 513 5735 (29ζ
553 5664 770 5718 Addunt
811 5663 985 5720 Vatic.
1019 5673 1072 5716 et
1117 5672 1268 5716 vetus
1291 5663 1422 5718 edit.
1447 5703 1463 5728 ,
1491 5681 1510 5712 (
1547 5662 1782 5720 visiones
1811 5666 1897 5720 vi-

327 5735 796 5873 deigltiilzlfholos"
830 5822 849 5854 ι
887 5802 1205 5874 Effundam;
1236 5802 1384 5874 dicit,
1416 5802 1682 5874 angelum,
1722 5805 1804 5858 vel
1840 5805 1907 5860 de

338 5876 528 5946 angelo
557 5885 713 5927 meo:
746 5892 764 5924 ι
801 5874 857 5930 in
886 5873 1038 5944 cujus
1071 5875 1279 5943 periodi
1315 5873 1422 5930 line
1460 5877 1726 5946 glossema
1763 5875 1905 5931 istud

2007 4658 2234 4711 tribuit:
2285 4670 2537 4724 capacem
2591 4671 2720 4710 vero
2763 4670 2882 4708 eam
2933 4670 3051 4723 quae
3093 4653 3582 4708 communicatione

2007 4748 2324 4802 substantiae
2352 4747 2578 4801 alterius
2611 4747 2867 4812 impletur
2898 4744 2919 4816 [
2946 4744 3096 4799 Tltol.
3129 4742 3452 4816 impleatur]
3481 4764 3495 4798 :
3526 4756 3582 4799 et

1999 4840 2224 4908 capiens
2253 4840 2400 4892 aliud
2421 4878 2438 4902 ,
2474 4839 2588 4908 ipsa
2622 4854 2728 4892 non
2759 4839 2970 4905 capitur
3005 4833 3164 4909 [Vat.
3199 4835 3487 4908 capiatur]
3511 4840 3581 4891 ab

1999 4932 2127 4986 alio.
2161 4929 2397 4998 Capabili
2431 4929 2629 4998 quippe
2686 4927 2873 4982 statim
2921 4926 3333 4981 ineonvertibile
3357 4967 3373 4992 ,
3413 4934 3465 4980 et
3493 4927 3582 4978 in-

1996 5020 2329 5078 convertibili
2347 5030 2607 5074 aeternum
2632 5030 2710 5074 est
2731 5033 3072 5086 consequens
3100 5019 3437 5084 :quomotloe
3452 5031 3581 5071 cou-

1995 5113 2162 5166 trario
2175 5110 2404 5180 capienti
2418 5107 3128 5173 convertibile,convertibili
3144 5121 3265 5160 crea
3276 5106 3379 5160 bile
3393 5110 3582 5160 subse-

1993 5218 2164 5273 quens
2196 5211 2299 5257 est.
2332 5198 2477 5254 Nihil
2529 5214 2662 5267 ergo
2720 5199 2786 5251 de
2844 5197 3105 5251 creaturis
3139 5194 3577 5258 inconvertibile,

2508 5335 2556 5367 “
2593 5334 2720 5387 ibid.
2761 5334 2816 5389 5.
2890 5333 2937 5364 ⁵⁵
2985 5332 3137 5384 Rom.
3170 5343 3221 5387 ν,
3254 5330 3306 5383 5.
3415 5328 3576 5382 “Luc.

2217 5393 2266 5438 σθ’
2300 5393 2444 5461 rgat;
2484 5421 2600 5472 VIII,
2632 5404 2796 5467 2,10.
2873 5404 2915 5436 “
2957 5407 3173 5465 Act.tv,
3210 5401 3298 5463 l2.
3371 5393 3577 5454 “Psal.

2009 5603 2288 5664 apponunt
2318 5593 2434 5662 ipse
2465 5603 2518 5647 et
2545 5591 2856 5646 Vaticanus.
2889 5610 2907 5642 ‹
2936 5590 3384 5658 lncredibili,imo
3406 5588 3580 5642 fallaci

2010 5665 2314 5720 istiusmodi
2346 5665 2512 5718 dicto.

2085 5735 2197 5804 (51)
2243 5733 2440 5795 Vatic.,
2470 5752 2487 5783 ι
2517 5747 2724 5801 omnes,
2757 5750 2776 5784 ι
2804 5749 2901 5804 pro
2945 5751 2964 5784 ι
3003 5747 3097 5787 nos
3123 5771 3141 5798 ι
3178 5749 3196 5784 ι
3233 5730 3582 5791 dissentiente

2014 5806 2128 5876 ipso
2153 5805 2341 5861 Graeco
2372 5811 2539 5860 textu.
