4034 6406
471 416 605 474 1045

1595 411 1797 467 LIBER
1838 410 1924 465 DE
1962 409 2236 467 SPIBITU
2280 408 2573 470 SANCTO.

3575 411 3718 468 I046

464 540 685 606 propter
700 529 844 601 quod
860 544 1034 600 neque
1044 528 1431 600 sempiternum
1444 536 1547 584 est.
1563 527 1681 584 Non
1700 528 1871 584 solum
1887 527 2047 596 igitur
2075 531 2125 589 Α
2152 541 2345 582 nomen
2366 526 2679 597 signiﬁcans
2701 525 2940 582 omnium
2968 526 3330 583 substantiam
3357 525 3717 581 lnvisilibium

465 624 607 695 quod
654 623 708 677 in
759 621 1068 676 hominibus
1113 630 1198 676 est
1230 621 1527 690 rationale,
1577 622 1935 687 convertitur,
1985 628 2042 673 et

465 727 708 781 creatur,
767 731 954 769 verum
1001 716 1164 770 etiam
1213 715 1266 768 in
1318 715 1568 769 omnibus
1615 714 1879 769 creaturis
1923 713 2041 766 haec

463 810 649 864 eadem
678 807 965 863 conversio
1000 807 1286 875 reperitur.
1320 804 1453 860 Nam
1484 817 1540 859 et
1565 805 1877 875 angelorum
1907 818 2040 858 con-

468 901 742 955 versioncs
793 908 849 953 et
904 900 1090 954 ruinas
1136 898 1315 953 divina
1371 898 1582 967 eloquia
1644 897 2041 951 demonstrant.

466 991 619 1046 Licet
648 992 790 1045 enim
824 991 1112 1045 multitudo
1140 992 1453 1059 angelorum
1480 1031 1495 1055 ,
1522 1000 1577 1045 et
1604 989 1834 1044 aliarum
1863 987 2044 1044 excel-

466 1085 695 1139 lentium
721 1087 981 1138 virtutum
999 1125 1017 1150 ,
1043 1084 1096 1137 in
1121 1083 1450 1139 beatitudine
1474 1094 1529 1137 et
1551 1082 1906 1138 sanctimonia
1929 1095 2046 1151 per-

467 1183 754 1240 severent,
792 1182 970 1229 tamen
1016 1189 1136 1229 cum
1180 1175 1235 1228 in
1280 1190 1342 1229 ea
1389 1189 1510 1243 quae
1553 1172 1787 1226 similem
1846 1171 2047 1226 habent

470 1274 717 1320 naturam
742 1280 1004 1320 conversa
1033 1265 1173 1328 sint,
1198 1265 1432 1320 dilucide
1457 1266 1762 1319 ostenditur
1788 1263 1840 1317 in
1871 1263 2045 1333 primo

470 1369 565 1410 eos
589 1364 730 1410 statu
766 1370 873 1408 non
905 1370 1002 1423 per
1029 1355 1515 1409 immutabilitatem
1549 1369 1661 1409 sua:
1688 1354 2040 1420 substantiae,

470 1444 564 1499 sed
597 1459 694 1514 per
729 1443 1011 1498 sollicitius
1044 1445 1097 1498 in
1140 1443 1370 1498 Domino
1394 1444 1673 1497 servitium
1703 1457 2043 1510 permanere.

472 1531 658 1602 Neque
684 1533 827 1589 enim
854 1542 1031 1602 potest
1059 1532 1406 1600 coaequalium
1438 1532 1648 1586 diversa
1678 1546 1801 1586 esse
1828 1540 2041 1587 natura.

481 1623 616 1678 Nam
652 1624 779 1691 quia
816 1638 976 1678 omne
1011 1637 1182 1692 genus
1222 1622 1495 1675 hominum
1537 1622 1764 1677 mortale
1816 1631 1934 1685 est,
1988 1629 2044 1677 et

472 1716 671 1785 singuli
700 1715 947 1770 homines
975 1715 1228 1769 mortales
1255 1723 1415 1779 sunt,
1445 1722 1505 1768 ut
1527 1728 1558 1768 e
1587 1714 1799 1768 diverso
1826 1728 2044 1783 quoque

472 1803 517 1858 si
551 1818 655 1873 qua
695 1804 761 1857 de
798 1803 1172 1873 superioribus
1202 1802 1524 1857 immortalia
1563 1812 1725 1866 sunt,
1762 1802 1902 1857 haud
1934 1803 2037 1857 du-

2149 626 2545 672 creaturarum.
2567 616 2752 685 Neque
2774 619 2920 672 enim
2947 618 3040 672 ulli
3063 619 3279 687 quidem
3305 618 3638 690 angelorum,
3663 627 3719 672 et

2141 709 2262 764 alia:
2292 709 2504 765 cuidam
2533 710 2835 765 rationabili
2871 720 3137 766 creatura:
3168 712 3305 766 dixit
3336 713 3505 766 Deus:
3530 730 3549 763 ι
3578 712 3719 765 Sede

2142 815 2173 855 a
2199 801 2403 856 dextris
2429 800 2584 856 meis.
2617 818 2636 851 ι
2664 798 2720 853 ln
2750 814 3035 856 commune
3064 802 3245 871 itaque
3273 816 3453 856 sermo
3480 816 3721 871 pronun-

2145 894 2243 947 tiat
2264 932 2280 956 ,
2311 908 2416 947 non
2448 906 2573 948 esse
2600 892 2808 946 dictum
2852 892 3103 961 cuiquam
3147 902 3440 956 creaturae,
3468 910 3488 944 ‹
3516 892 3657 946 Sede
3686 906 3716 945 a

2144 986 2349 1042 dextris
2377 985 2530 1040 meis.
2564 1004 2584 1037 ι
2617 984 2684 1038 Et
2713 985 2815 1039 hoc
2848 985 2900 1039 in
2933 998 3223 1040 commune
3250 984 3319 1038 de
3344 992 3613 1039 creatura.
3652 983 3720 1037 Et

2145 1079 2504 1147 pronuntians
2534 1080 2600 1134 de
2632 1080 2885 1135 omnibus
2914 1078 3278 1134 invisibilibus
3308 1078 3576 1134 creaturis
3597 1119 3612 1141 ,
3641 1079 3721 1132 ait

2144 1184 2240 1224 eas
2268 1185 2387 1225 esse
2408 1171 2874 1226 administratores
2894 1172 3134 1241 spiritus.
3166 1170 3391 1241 Propter
3412 1171 3555 1240 quod
3581 1171 3716 1224 sub-

2139 1257 2308 1327 jecit:
2343 1277 2362 1310 σ
2394 1256 2582 1314 Nonne
2625 1273 2812 1314 orunes
2860 1268 2990 1315 sunt
3036 1259 3503 1314 administratores
3549 1258 3716 1328 spiri-

2148 1360 2265 1417 tus,
2297 1350 2352 1404 in
2385 1351 2746 1405 ministerium
2778 1351 2977 1405 missi?
3003 1370 3022 1402 ι
3049 1349 3201 1406 Licet
3225 1350 3368 1405 enim
3398 1364 3502 1404 non
3527 1363 3719 1404 omnes

2144 1440 2455 1510 singillatim
2484 1440 2779 1495 invisibiles
2798 1451 3064 1496 creatura:
3079 1440 3258 1495 missa:
3284 1448 3408 1495 sunt
3432 1437 3528 1510 [αι.
3552 1437 3717 1511 sint],

2146 1538 2324 1586 tamen
2352 1533 2476 1602 quia
2523 1533 2763 1602 ejusdem
2805 1533 3021 1603 generis
3052 1544 3108 1587 et
3135 1532 3358 1588 honoris
3388 1532 3505 1587 aliae
3540 1531 3724 1586 missae

2143 1632 2301 1689 sunt,
2327 1624 2723 1692 quodammodo
2744 1632 2800 1678 et
2823 1625 2951 1693 ipsae
2974 1625 3327 1692 possibilitate
3347 1635 3474 1678 sunt
3500 1625 3707 1678 missae:

2142 1716 2431 1771 missarum
2480 1725 2766 1770 consortes
2804 1716 3131 1786 aequalisque
3207 1716 3543 1770 substantiae.
3596 1715 3714 1780 Quo

2144 1807 2303 1861 modo
2325 1807 2486 1877 igitur
2507 1806 2643 1862 alius
2664 1816 2747 1861 est
2768 1808 2835 1860 ab
2861 1807 3130 1862 universis
3151 1808 3417 1863 creaturis
3441 1807 3720 1871 Dominus,

476 1872 626 1951 bium
652 1935 668 1959 ,
703 1894 831 1963 quin
870 1872 1049 1947 omnia
1089 1892 1140 1945 in
1171 1894 1357 1947 eodem
1389 1906 1587 1961 genere
1617 1900 1674 1946 et
1702 1892 1883 1962 specie
1910 1908 2042 1949 con—
2072 1872 2114 1931 Β
2150 1914 2249 1969 per
2278 1872 2439 1969 quem
2471 1898 2798 1966 principium
2840 1900 2905 1952 ad
2952 1899 3276 1970 loquendum
3317 1909 3597 1968 acceperat
3632 1899 3723 1953 illa

473 1990 657 2044 stituta
686 2025 703 2050 ,
738 1987 847 2040 sint
884 1984 1234 2040 immortalia.

542 2079 630 2133 l5.
666 2078 801 2133 Cum
825 2086 1005 2132 autem
1036 2077 1148 2131 haec
1173 2090 1233 2130 se
1255 2076 1329 2130 ita
1354 2075 1623 2140 habeant,
1647 2075 1810 2129 etiam
1838 2074 1883 2129 si
1912 2089 2048 2130 unus

476 2169 699 2239 angelus
719 2166 1090 2223 convertibilis
1110 2165 1444 2234 apparuerit,
1460 2179 1648 2219 omnes
1671 2164 2049 2219 convertibiles

473 2270 652 2326 erunt,
677 2260 802 2314 licet
825 2274 929 2313 non
954 2259 1062 2313 sint
1082 2256 1329 2312 conversi
1359 2258 1412 2310 in
1441 2257 1773 2311 beatitudine
1795 2269 2047 2326 perseve-

476 2361 692 2416 rantes;
728 2351 997 2421 qnomodo
1028 2357 1082 2405 et
1118 2357 1311 2405 cuncta
1338 2348 1618 2403 hominum
1652 2362 1879 2417 corpora
1914 2348 2050 2403 divi-

477 2442 651 2498 sibilia
681 2452 829 2505 sunt,
854 2454 1160 2510 quanquam
1192 2455 1297 2493 non
1325 2439 1504 2494 omnia
1534 2438 1864 2495 dividantur.
1888 2437 2049 2505 Qum-

473 2532 596 2586 dam
641 2531 783 2586 enim
829 2545 1017 2585 eorum
1053 2544 1209 2600 passa
1245 2530 1599 2596 divisionem,
1627 2538 1681 2584 et
1708 2530 2041 2600 reliquorum

473 2622 729 2678 similium
758 2622 881 2687 sui,
915 2629 1162 2677 naturam
1193 2621 1642 2690 interpretantur.
1679 2620 1773 2677 His
1799 2622 1872 2675 ita
1904 2620 2050 2676 edis-

474 2715 664 2778 sertis,
685 2713 906 2769 alterius
931 2712 1250 2769 substantia:
1277 2728 1307 2767 a
1335 2712 1637 2769 visibilibus
1670 2713 1721 2767 in
1761 2712 2050 2767 invisibili-

475 2806 576 2862 bus
599 2806 865 2861 creaturis
898 2788 1132 2874 Spiritus
1157 2813 1376 2860 sanctus
1410 2803 1735 2859 ostenditur.
1771 2801 1828 2858 Si
1867 2812 2047 2858 autem

473 2899 579 2955 hoc
600 2913 786 2954 verum
812 2907 930 2963 est,
958 2897 1275 2968 impiissime
1305 2897 1524 2968 quidam
1548 2895 1688 2951 inter
1709 2895 1891 2952 omnia
1917 2910 2049 2950 con-

478 3001 764 3047 numerant
804 2991 1068 3060 Spiritum
1101 3000 1349 3046 sanctum
1378 3031 1396 3056 ,
1430 2989 1676 3044 dicentes
1710 2988 1764 3044 in
1803 3001 1869 3042 eo
1900 2984 2049 3055 quod

479 3082 660 3135 omnia
695 3097 791 3151 per
819 3079 1053 3136 Verbum
1084 3095 1113 3133 a
1143 3078 1252 3134 Deo
1279 3080 1421 3133 facta
1454 3086 1616 3144 sunt,
1641 3076 1804 3132 etiam
1839 3076 2049 3144 signiti-

477 3173 590 3228 cari
621 3172 855 3243 Spiritus
884 3172 1056 3228 sancti
1086 3171 1372 3226 facturam.
1403 3168 1588 3238 Neque
1613 3170 1757 3222 enim
1786 3183 1949 3221 unum
1980 3182 2046 3222 ex

476 3263 726 3319 omnibus
746 3305 762 3326 ,
788 3265 882 3319 sed
910 3262 1055 3317 aliud
1086 3271 1235 3317 extra
1263 3261 1442 3315 omnia
1476 3275 1571 3329 per
1598 3260 1953 3314 substantiam
1983 3274 2050 3313 ex

476 3362 708 3423 utroque
739 3355 1137 3408 demonstratus
1168 3360 1253 3407 est
1283 3350 1517 3419 Spiritus
1551 3361 1794 3404 sanctus.
1831 3347 1964 3403 Nam
1999 3349 2051 3403 si

478 3452 723 3499 creatura
745 3483 761 3511 ,
795 3453 852 3498 ut
884 3444 1131 3512 superius
1157 3441 1526 3503 ostendimus,
1559 3441 1816 3494 dividitur
1845 3441 1897 3494 in
1929 3455 2057 3494 cor-

478 3536 719 3605 poralia,
754 3545 809 3589 et
845 3533 1243 3603 incorporalia:
1290 3542 1344 3587 et
1395 3531 1646 3586 conditus
1690 3539 1775 3584 est
1821 3529 2054 3600 Spirétus

485 3634 704 3679 sanctus
731 3625 916 3695 utique
947 3634 1039 3679 aut
1072 3624 1331 3689 visibilis,
1367 3631 1460 3676 aut
1493 3621 1777 3691 invisibilis
1806 3633 2055 3675 creatura

484 3716 589 3770 erit
615 3755 631 3777 ,
674 3716 724 3770 id
762 3724 888 3780 est,
930 3716 1264 3787 corporalis,
1304 3728 1400 3769 aut
1438 3713 1816 3783 incorporalis.
1854 3712 2055 3768 Verum

484 3821 681 3876 corpus
718 3822 1055 3877 nequaquam
1096 3807 1234 3871 erit,
1278 3806 1419 3861 sicut
1453 3808 1603 3875 prius
1633 3805 1866 3859 diximus
1887 3843 1902 3870 ,
1934 3818 2054 3858 cum

490 3898 712 3963 doceat,
748 3909 803 3953 et
833 3898 1116 3952 scientiam
1153 3905 1406 3967 praestet,
1441 3903 1496 3949 et
1526 3911 1554 3949 a
1594 3910 1751 3949 sensu
1787 3905 1839 3949 et
1873 3894 2054 3948 anima

481 3990 745 4058 Capiatur.
801 3989 906 4043 Sed
960 4003 1133 4058 neque
1175 3987 1461 4042 invisibilis
1502 3999 1754 4040 creatura
1805 3987 1947 4050 erit,
1999 3994 2057 4037 ut

483 4079 642 4150 paulo
670 4088 796 4133 ante
823 4079 889 4133 de
921 4094 984 4133 eo
1017 4078 1432 4147 disputavimus.
1470 4076 1622 4132 Unde
1662 4089 1717 4130 et
1756 4075 2050 4145 Apostolus

482 4170 537 4225 in
575 4171 811 4239 Epistola
850 4185 1010 4239 quam
1051 4171 1116 4223 ad
1158 4168 1413 4223 Hebraeos
1447 4167 1702 4235 scripsit,
1735 4167 1898 4220 alium
1930 4181 2053 4219 eum

482 4275 603 4315 esse
637 4260 704 4313 ab
729 4262 978 4315 omnibus
1006 4258 1214 4330 angelis
1243 4260 1617 4322 demonstrat,
1654 4258 1836 4312 dicens
1864 4276 1877 4312 :
1910 4274 1929 4307 ι
1956 4255 2053 4310 Cui

485 4355 627 4409 enim
674 4353 988 4423 angelorum
1035 4353 1172 4406 dixit
1219 4351 1550 4419 aliquando:
1606 4351 1745 4404 Sede
1778 4364 1810 4402 a
1846 4349 2053 4403 dextris

485 4446 621 4499 meis
641 4484 656 4509 ,
686 4445 855 4499 donec
882 4459 1074 4511 ponam
1108 4444 1355 4497 inimicos
1383 4450 1504 4497 tuos
1534 4440 1829 4496 scabellum
1858 4440 2054 4509 pedum

2148 2005 2341 2060 magna
2375 1988 2562 2054 salus,
2614 1986 2768 2057 cujus
2816 1988 3156 2059 negligentes
3197 1989 3488 2060 Apostolus
3532 1990 3721 2046 nolens

2147 2096 2245 2136 nos
2271 2096 2419 2146 esse,
2464 2080 2581 2138 ait:
2611 2098 2630 2131 ι
2661 2082 2938 2146 Quomodo
2988 2098 3087 2137 nos
3140 2081 3460 2154 effugiemus
3512 2092 3716 2137 tantam

2147 2173 2479 2243 negligentes
2504 2175 2735 2230 salutem
2762 2212 2778 2236 ,
2811 2188 2931 2241 quae
2975 2174 3303 2244 principium
3342 2174 3617 2242 accipiens
3647 2174 3717 2228 ad

2147 2264 2471 2335 loquendum
2503 2280 2601 2336 per
2630 2266 2916 2322 Dominum
2941 2303 2960 2330 ,
2993 2265 3063 2319 ab
3098 2265 3184 2319 his
3209 2265 3298 2332 qui
3336 2265 3625 2319 audierunt
3661 2265 3715 2318 in

2148 2371 2248 2411 nos
2280 2358 2597 2413 conﬁrmata
2626 2360 2752 2414 est?
2780 2378 2800 2411 ι
2834 2358 2927 2414 sed
2965 2364 3021 2410 et
3053 2355 3196 2411 Deus
3223 2355 3315 2425 qui
3352 2356 3720 2411 testimonium

2147 2446 2394 2515 perhibet
2421 2447 2588 2518 signis
2619 2458 2673 2504 et
2705 2450 2968 2520 portentis
3003 2445 3091 2503 isti
3123 2445 3330 2511 saluti,
3365 2446 3502 2503 alius
3531 2456 3614 2501 est
3646 2448 3718 2501 ab

2146 2536 2397 2593 omnibus
2426 2537 2909 2593 adtninistratoriis
2935 2535 3216 2608 spiritibus
3244 2554 3261 2593 :
3293 2535 3373 2590 sic
3402 2547 3458 2592 et
3486 2535 3721 2605 Spiritus

2148 2636 2405 2694 sanctus,
2440 2629 2591 2698 cujus
2641 2630 3002 2686 divisionibus
3038 2630 3193 2702 juxta
3237 2635 3566 2685 voluntatem
3608 2629 3726 2699 ejus

2151 2720 2513 2775 testimonium
2546 2721 2794 2791 perhibet
2835 2722 2975 2777 Deus
2996 2762 3014 2786 ,
3046 2722 3383 2778 distribuens
3414 2734 3536 2777 eum
3560 2758 3578 2785 ,
3616 2735 3723 2775 non

2148 2826 2245 2880 per
2269 2811 2594 2867 concisionis
2625 2822 2840 2883 partes,
2870 2816 2963 2869 sed
2988 2830 3087 2885 per
3120 2817 3555 2871 communionem
3595 2812 3724 2885 qui-

2149 2904 2251 2959 bus
2296 2919 2420 2959 eum
2456 2914 2717 2974 praestare
2767 2905 3109 2961 decreverit:
3141 2906 3365 2961 alterius
3391 2915 3475 2962 est
3515 2915 3571 2961 et
3610 2907 3729 2976 ipse

2148 2997 2459 3052 substantiae
2483 2998 2550 3050 ab
2582 2996 2669 3051 his
2703 2997 2756 3050 in
2785 3011 2905 3065 qua:
2933 2997 3260 3066 dispartitur
3289 2996 3509 3052 eﬂ'usus.

2219 3084 2305 3138 14.
2346 3083 2515 3153 Igitur
2545 3085 2801 3153 quoniam
2840 3084 3257 3154 approbavimus
3280 3086 3437 3153 juxta
3475 3084 3724 3155 Scriptu-

2153 3188 2333 3227 rarum
2366 3189 2580 3228 sensum
2603 3213 2618 3237 ,
2647 3173 2811 3227 alium
2842 3184 2997 3229 extra
3025 3188 3238 3228 omnem
3267 3184 3569 3230 creaturam
3598 3190 3724 3231 esse

2160 3262 2420 3332 Spiritum
2452 3273 2695 3317 sanctum
2720 3303 2739 3329 ,
2785 3264 3056 3318 incassum
3081 3303 3100 3329 ,
3142 3263 3252 3318 imo
3296 3264 3457 3334 impie
3501 3265 3721 3333 quidam

2158 3363 2397 3408 crcatmn
2426 3367 2549 3406 eum
2576 3367 2697 3408 esse
2737 3355 3029 3409 ostendere
3081 3354 3325 3409 volentes
3349 3393 3367 3421 ,
3417 3357 3728 3412 testimonio

2158 3454 2403 3510 utuntur,
2432 3458 2541 3512 quo
2584 3444 2768 3498 omnia
2801 3460 2897 3514 per
2927 3443 3163 3500 Verbum
3199 3445 3342 3500 facta
3380 3443 3727 3514 referuntur;

2158 3547 2216 3591 ut
2247 3537 2453 3591 scilicet
2480 3536 2532 3589 in
2561 3536 2814 3590 omnibus
2841 3536 3006 3591 etiam
3038 3544 3245 3591 aeterna
3270 3537 3569 3592 substantia
3597 3552 3729 3591 con-

2160 3628 2418 3682 tineatur.
2447 3625 2515 3680 Et
2543 3625 2667 3695 quia
2698 3627 2764 3681 ad
2792 3626 3157 3681 conditionem
3185 3625 3302 3695 ejus
3328 3627 3729 3697 approbandam

2157 3721 2323 3775 etiam
2377 3719 2753 3788 propheticum
2814 3732 3121 3772 sermonem
3170 3728 3468 3787 usurpant,
3522 3718 3735 3772 dicente

2161 3812 2290 3879 Deo,
2313 3829 2332 3861 ‹
2353 3809 2492 3864 Creo
2516 3809 2813 3880 Spiritum:
2851 3828 2870 3860 ι
2897 3810 3062 3863 etiam
3091 3811 3143 3864 in
3171 3809 3273 3864 hoc
3301 3824 3394 3864 eos
3424 3818 3735 3864 monstrare

2157 3901 2418 3955 debemus
2448 3915 2674 3969 prorsus
2707 3901 2774 3953 ab
2805 3899 3083 3954 intellectu
3114 3900 3355 3955 veritatis
3384 3900 3608 3954 alienos.
3637 3898 3737 3955 Ne-

2159 4007 2264 4061 que
2296 3992 2439 4046 enim
2475 3993 2540 4045 de
2577 3991 2780 4061 Spiritu
2818 4003 3008 4046 sancto
3050 3992 3355 4061 propositus
3384 4005 3563 4045 sermo
3594 4006 3726 4058 pro-

2160 4082 2334 4153 pheta:
2366 4080 2492 4146 fuit,
2526 4088 2585 4134 ut
2630 4094 2693 4135 ex
2727 4079 2842 4149 ipsa
2870 4080 3010 4134 serie
3043 4088 3097 4133 et
3123 4088 3378 4132 contextu
3416 4078 3613 4145 eloquii
3646 4078 3736 4131 in-

2164 4170 2439 4238 telligitur.
2465 4166 2741 4238 Siquidem
2771 4167 2937 4221 Amos
2981 4168 3242 4236 propheta
3269 4182 3337 4221 ex
3365 4180 3590 4233 persona
3616 4164 3747 4229 Dei,

2167 4279 2185 4312 ς
2215 4260 2580 4329 Ρτίρρθτθτθρ
2621 4259 2823 4328 inquit,
2856 4258 2953 4313 «ad
2980 4259 3338 4313 invocandum
3364 4258 3526 4311 Deum
3553 4267 3733 4321 tuum,

2161 4366 2194 4404 ο
2220 4350 2387 4406 Israel
2416 4368 2430 4404 :
2469 4351 2721 4420 quoniam
2757 4365 2855 4420 ego
2889 4365 3006 4405 sum
3037 4350 3263 4403 firmans
3314 4350 3606 4404 tonitruum
3630 4388 3662 4415 ,.
3681 4356 3740 4402 et

2160 4457 2350 4496 creans
2371 4442 2617 4510 spiritum
2640 4479 2653 4501 ,
2679 4448 2732 4493 et
2756 4438 3082 4492 annuntians
3108 4439 3160 4492 in
3185 4437 3430 4491 homines
3457 4435 3737 4489 Christum

489 4536 746 4593 tuorum?
783 4533 970 4589 Nonne
999 4552 1190 4589 omnes
1222 4546 1349 4589 sunt
1383 4534 1855 4589 administratores
1890 4531 2053 4600 spiri-
2090 4549 2133 4606 ι)
2161 4548 2316 4587 suum
2346 4550 2359 4586 :
2389 4530 2594 4585 faciens
2622 4529 2916 4583 diluculum
2948 4537 3003 4583 et
3031 4527 3318 4593 nebulam,
3347 4536 3403 4581 et
3436 4526 3737 4580 ascendens

489 4634 611 4693 tus,
643 4626 695 4680 in
737 4627 1088 4681 ministerium
1124 4628 1307 4690 missi,
1344 4636 1563 4696 pr0pter
1619 4640 1712 4681 eos
1765 4625 1855 4693 qui
1893 4640 2057 4679 acce-

488 4720 629 4787 pturi
663 4729 819 4773 erant
852 4719 1081 4773 salutem
1118 4718 1205 4772 “?
1238 4737 1259 4771 ι
1288 4718 1351 4771 Ει
1388 4729 1511 4788 post
1542 4717 1645 4770 alia
1674 4734 1690 4771 :
1723 4735 1742 4768 ι
1774 4716 2058 4783 Quomodo

490 4827 588 4866 nos
618 4810 939 4881 ell‘ugiemus
980 4822 1184 4866 tantam
1237 4811 1569 4881 negligentes
1613 4809 1890 4865 salutem?
1929 4807 2060 4875 Quae

489 4903 814 4971 principium
847 4904 1119 4973 accipiens
1153 4902 1216 4955 ad
1251 4901 1576 4969 loquendum
1608 4916 1705 4971 per
1738 4900 2056 4963 Dominum,

491 4994 559 5047 ab
590 4994 670 5047 his
694 4994 783 5062 qui
814 4994 1103 5048 audierunt
1134 4994 1185 5047 in
1215 5009 1311 5048 nos
1338 4992 1653 5047 conﬁrmata
1679 5001 1792 5055 est,
1825 4992 2060 5047 testimo-

491 5084 639 5137 nium
672 5086 832 5140 daute
864 5087 971 5140 Deo
1000 5087 1169 5157 signis
1191 5126 1207 5151 ,
1240 5096 1295 5141 et
1326 5085 1585 5155 prodigiis
1609 5095 1662 5139 et
1691 5086 1859 5139 variis
1887 5085 2058 5138 virtu-

494 5176 636 5231 tibus
654 5217 670 5243 ,
694 5185 750 5232 et
774 5176 1008 5246 Spiritus
1033 5180 1212 5234 sancti
1236 5178 1589 5233 divisionibus
1613 5178 1765 5247 juxta
1792 5190 1944 5230 suam
1974 5190 2065 5228 vo-

493 5264 753 5323 luntatem
778 5271 845 5324 ".
874 5289 893 5322 ι
925 5270 1034 5326 lloc
1056 5272 1201 5326 enim
1229 5272 1369 5339 quod
1400 5270 1510 5334 ait,
1537 5288 1555 5322 ο
1580 5270 1665 5324 cui
1691 5267 2057 5336 angelorum,»

489 5375 645 5431 atque
671 5360 948 5433 accipitur,
985 5379 1049 5419 ac
1078 5364 1125 5421 si
1153 5364 1388 5428 diceret,
1420 5363 1550 5417 nulli
1576 5378 1590 5415 :
1630 5377 1727 5432 per
1758 5359 2061 5427 angelicum

561 5558 611 5595 ⁸⁸
652 5559 814 5614 llebr.
846 5575 861 5612 ι
920 5559 1130 5617 15.14:
1201 5559 1344 5617 Psal.
1376 5576 1463 5617 crx
1485 5601 1499 5620 .
1534 5561 1585 5614 1.

565 5702 678 5775 (59)
719 5700 957 5769 Vitiose,
990 5711 1045 5758 et
1089 5711 1277 5757 contra
1321 5704 1602 5775 scriptoris
1645 5715 1877 5759 mentem
1904 5743 1918 5763 ,
1943 5713 2061 5756 erat

493 5773 654 5828 antea
693 5789 714 5823 ‹
751 5775 1068 5838 concedere,
1104 5792 1123 5824 ι
1171 5775 1310 5838 quod
1345 5790 1407 5826 ex
1449 5773 1623 5827 Vatic.
1668 5794 1768 5828 ms.
1802 5776 2060 5827 emenda-

496 5860 640 5914 mus,
667 5844 759 5916 qui
805 5844 934 5898 item
964 5844 1276 5910 proverbis
1310 5861 1327 5895 I
1381 5857 1436 5900 et
1481 5846 1658 5902 facere
1692 5865 1711 5899 ι
1756 5846 1916 5901 habet
1950 5844 2063 5899 lere

1665 5559 1710 5592 ⁸⁸
1744 5558 1907 5614 Hebr.
1947 5574 1985 5614 is
2007 5599 2021 5624 ,
2055 5561 2111 5627 5,
2142 5561 2195 5614 4.

2163 4640 2325 4695 super
2350 4623 2563 4679 excelsa
2587 4631 2744 4676 terrae
2774 4638 2791 4673 :
2826 4620 3079 4674 Dominus
3102 4618 3245 4673 Deus
3270 4619 3608 4688 omnipotens
3643 4632 3742 4671 no~

2165 4733 2288 4771 men
2324 4714 2440 4783 ejus
2465 4715 2530 4768 σθ.
2568 4732 2587 4765 ι
2617 4714 2761 4768 Deus
2796 4713 2939 4767 enim
2969 4711 3061 4780 qui
3089 4726 3147 4765 se
3189 4710 3435 4780 spiritum
3465 4707 3575 4780 (5‘2)
3605 4723 3736 4763 con-

2158 4808 2285 4863 dere
2309 4807 2481 4862 fuerat
2503 4808 2826 4877 praelocutus
2844 4845 2861 4872 ,
2883 4814 2937 4860 et
2962 4804 3144 4859 facere
3166 4822 3180 4859 :
3209 4803 3577 4859 ettonitruum
3602 4802 3741 4857 dixit

2160 4899 2380 4954 ﬁrmare
2406 4907 2461 4953 et
2490 4897 2781 4952 diluculum
2813 4907 2868 4952 et
2893 4896 3116 4952 nebulas
3144 4894 3344 4950 facere.
3380 4894 3436 4947 Si
3488 4893 3652 4962 igitur
3683 4894 3742 4947 in

2166 4991 2420 5062 praedicta
2456 4990 2768 5045 narratione
2798 5003 3247 5059 perseveramus,
3282 4987 3332 5041 id
3364 4997 3480 5054 est,
3514 4986 3568 5039 in
3600 4986 3742 5040 toni-

2164 5093 2286 5138 truo
2325 5090 2379 5137 et
2407 5080 2640 5137 diluculo
2683 5090 2739 5136 ct
2784 5080 3057 5146 nubibus,
3113 5080 3363 5136 eumdem
3414 5078 3743 5132 narrationis

2167 5174 2410 5229 ordinem
2433 5175 2598 5228 etiam
2624 5175 2676 5228 in
2704 5173 2896 5243 spiritu
2923 5183 3110 5229 tenere
3131 5174 3386 5228 debemus
3405 5211 3419 5237 ,
3448 5179 3506 5225 ut
3527 5171 3579 5224 id
3601 5169 3745 5238 quod

2167 5264 2366 5318 dicitur
2385 5278 2415 5317 a
2445 5266 2553 5320 Deo
2579 5264 2687 5319 tale
2713 5265 2822 5319 sit:
2849 5262 2921 5319 Ut
2944 5264 3161 5319 invoces
3192 5276 3297 5329 me,
3322 5261 3410 5331 qui
3438 5261 3577 5315 Deus
3600 5275 3743 5323 sum,

2169 5356 2258 5426 qui
2295 5357 2549 5412 universa
2581 5370 2810 5412 orocuro
2830 5396 2845 5422 ,
2876 5354 2969 5425 qui
2999 5365 3055 5411 et
3082 5364 3294 5411 creator
3320 5369 3440 5409 sum
3466 5351 3704 5407 omnimn
3726 5387 3744 5414 ,

2274 5558 2321 5590 “
2359 5560 2522 5612 Amos
2551 5571 2625 5623 tv,
2662 5555 2751 5623 12,
2785 5555 2870 5609 15.

2166 5701 2518 5763 concinnius,
2573 5717 2593 5750 ‹
2636 5698 2839 5766 pariter
2884 5695 3109 5759 effatus,
3151 5715 3168 5748 ι
3219 5705 3321 5751 etc.
3368 5692 3487 5747 Mox
3516 5691 3737 5766 Throlos.

2174 5792 2192 5822 ι
2232 5772 2468 5824 formare
2509 5788 2527 5819 ι
2576 5765 2705 5837 legit
2734 5783 2831 5835 pro
2866 5785 2885 5817 ε
2926 5769 3166 5837 lirmare,
3214 5784 3232 5817 ι
3261 5769 3401 5835 quod
3434 5765 3743 5833 promiscue

2171 5844 2311 5896 iul‘ra
2337 5841 2427 5894 alii
2458 5835 2788 5896 etiam—mss.
2824 5835 3132 5908 praeferunt.
