4034 6426
395 415 531 470 1047

1639 427 1872 484 Dll)YMl
1915 426 2380 483 ALEXANDKINI

3541 437 3683 491 Ηίιὸ

395 535 486 601 qui
517 535 674 586 lirmo
708 532 1001 588 tonitruum
1021 575 1037 600 ,
1063 545 1117 591 et
1146 541 1324 594 condo
1353 542 1640 608 spiritum,
1686 547 1779 615 qui
1827 546 1970 601 dilu-
2003 560 2048 613 Α
2079 547 2286 602 dictum
2311 556 2417 608 est,
2461 562 2479 594 ι
2512 545 2604 614 qui
2630 559 2778 609 creo,
2817 564 2836 598 ι
2865 547 2990 614 quia
3025 560 3128 601 non
3165 549 3326 601 semel
3357 551 3520 604 venti
3548 553 3682 606 facti

391 621 570 677 culum
603 635 660 678 et
683 625 930 680 nebulam
959 628 1023 681 ad
1048 631 1308 697 quasdam
1341 634 1601 690 utilitates
1628 635 1768 692 facio
1795 639 1974 694 homi-

392 732 517 768 num
544 734 558 782 ;
592 731 915 786 pra'parare,
947 730 1005 773 ut
1034 721 1280 787 invoces,
1311 739 1344 778 ο
1369 727 1569 794 Israel;
1600 739 1658 783 ut
1689 745 1808 784 cum
1837 747 1975 800 pras-

392 819 613 875 paratus
655 808 823 863 fueris
849 813 915 863 ad
964 813 1354 880 invocandum,
1383 827 1438 871 et
1467 834 1552 873 me
1575 821 1846 887 oraveris,
1881 823 1971 891 qui

390 902 696 969 supradicta
729 907 1026 970 constituo,
1075 907 1334 965 felicitate
1376 921 1672 982 temporum
1694 956 1712 984 ,
1741 925 1794 970 et
1834 916 1973 971 alio—

391 1008 510 1047 tum
542 995 805 1050 bonorum
849 997 1222 1069 largitionibus
1261 1002 1593 1072 perfruaris,
1631 1021 1715 1061 me
1751 1007 1846 1061 tibi
1880 1023 1976 1074 per

390 1085 633 1154 singulos
674 1105 844 1142 annos
869 1093 1048 1144 omnia
1080 1093 1232 1159 juxta
1281 1104 1489 1149 natura!
1525 1097 1770 1151 ordinent
1808 1100 1972 1152 mini-

393 1185 628 1241 straute,
663 1188 720 1230 ut
748 1179 972 1232 fecunde
1000 1196 1174 1236 annus
1205 1182 1375 1250 ﬂuat,
1409 1195 1465 1236 nt
1498 1187 1612 1240 suis
1641 1189 1832 1256 spatiis
1876 1189 1974 1242 ho-

393 1281 576 1320 rarum
607 1279 876 1324 momenta
903 1272 1228 1338 decurrant,
1254 1285 1312 1327 ut
1335 1292 1433 1329 suo
1465 1287 1707 1346 tempore
1737 1280 1973 1334 tonitrua

399 1361 675 1429 tnngiant,
723 1372 781 1415 ιιι
819 1366 1076 1420 salutaris
1107 1382 1236 1419 aura
1269 1371 1588 1436 opportunis
1632 1370 1848 1425 ﬂatibus
1892 1373 1976 1426 in—

394 1453 582 1521 spiret.
614 1454 670 1508 Si
700 1471 828 1510 vero
855 1472 950 1526 per
987 1457 1339 1528 allegoriam,
1394 1463 1691 1516 tonitrmnn
1741 1473 1797 1516 et
1837 1464 1976 1518 dilu-

395 1543 604 1607 culum,
641 1555 692 1597 et
724 1545 948 1613 nebula,
982 1557 1038 1600 et
1071 1549 1280 1602 ereatio
1328 1550 1550 1618 spiritus
1586 1551 1971 1621 intelligantur,

396 1649 501 1687 non
541 1635 899 1690 substantiam
954 1639 1070 1705 rei,
1116 1641 1211 1695 sed
1242 1642 1524 1712 figuratam
1570 1644 1978 1714 interpretatio-

394 1739 516 1777 nem
547 1726 945 1794 significabuut.

468 1817 556 1873 l5.
611 1820 763 1884 Quod
799 1822 845 1875 si
879 1837 910 1875 e
949 1822 1167 1877 diverso
1201 1825 1516 1892 opposuerit
1565 1825 1856 1881 manifeste
1908 1827 1976 1883 de

2079 643 2230 697 sunt,
2265 633 2358 686 sed
2390 633 2442 685 in
2469 647 2535 686 eo
2565 635 2707 702 quod
2730 635 3059 700 subsistunt,
3087 637 3329 705 quotidie
3360 637 3535 693 fiunt.
3571 640 3685 696 Ne-

2083 740 2189 794 que
2225 723 2370 778 enim
2408 723 2608 778 frustra
2653 725 2770 778 sine
2799 725 3044 787 articulo.
3083 728 3173 795 qui
3219 728 3271 781 iu
3307 728 3518 784 Graeco
3554 747 3681 783 ser-

2079 823 2239 870 mone
2285 816 2685 886 singularitatis
2724 817 3065 883 significatur
3102 829 3217 883 est,
3257 837 3403 873 nllllc
3441 823 3683 890 spiritus

2080 917 2297 962 creatus
2323 908 2542 973 dicitur,
2567 909 2824 977 quoniam
2852 925 2958 963 non
2989 921 3070 964 est
3096 921 3337 974 sanctus,
3372 929 3508 966 cum
3540 930 3685 982 pene

2079 1014 2296 1070 semper
2337 999 2574 1069 Spiritus
2629 1011 2850 1053 sanctus
2894 1016 3016 1054 cum
3065 1002 3296 1056 articulo
3326 1005 3682 1070 nominetur,

2078 1103 2135 1144 ut
2166 1093 2218 1145 in
2256 1093 2350 1146 illo
2374 1092 2507 1145 αὐτὸ
2537 1091 2598 1145 τὸ
2629 1091 2876 1161 Πνεῦμα,
2905 1093 2956 1146 id
2986 1103 3069 1147 est
3110 1111 3130 1144 ι
3166 1094 3279 1162 ipse
3312 1095 3566 1164 Spiritus
3605 1106 3688 1150 te-

2076 1184 2391 1237 stimonium
2430 1184 2680 1252 perhibet
2721 1185 2934 1252 spiritui
2983 1194 3167 1239 nostro
3213 1187 3296 1249 ‘3;
3333 1206 3351 1237 ι
3417 1199 3480 1240 et.
3507 1187 3682 1252 alibi,

2077 1276 2252 1338 Αὐτός
2272 1277 2418 1329 ἐστιν
2441 1276 2502 1328 τὸ
2529 1276 2825 1340 ζωοποιοῦν
2847 1277 2981 1347 (54),
3003 1279 3052 1331 id
3077 1289 3207 1344 est,r
3231 1282 3340 1349 ipse
3365 1290 3454 1334 est
3471 1283 3574 1350 qui
3608 1282 3690 1334 vi-

2079 1367 2260 1418 viﬁcat
2289 1366 2388 1420 ⁸⁸.»
2425 1364 2489 1419 Et
2520 1381 2766 1418 rursum:
2795 1384 2813 1416 ι
2854 1366 2944 1421 Sic
2971 1376 3024 1421 et
3051 1382 3169 1435 quae
3201 1369 3289 1421 Dei
3327 1379 3484 1433 sunt,
3517 1385 3688 1425 nemo

2077 1459 2333 1525 cogn0vit
2363 1458 2465 1510 nisi
2496 1456 2556 1510 τὸ
2585 1455 2833 1527 Πνεῦμα,
2873 1477 2893 1509 ο
2931 1458 2982 1510 id
3013 1469 3096 1511 est
3129 1477 3146 1508 ι
3186 1457 3434 1527 Spiritus
3467 1460 3566 1513 Dei
3607 1478 3621 1513 :
3661 1478 3681 1512 ι

2077 1548 2137 1600 τὸ
2184 1547 2293 1619 γὰρ
2321 1547 2570 1618 Πνεῦμα,
2606 1549 2706 1602 hoc
2729 1558 2834 1611 est,
2879 1568 2897 1599 ι
2937 1550 3175 1615 Spiritus
3211 1551 3356 1603 enim
3386 1561 3689 1606 scrutatur

2078 1642 2285 1705 omnia,
2330 1643 2493 1695 etiam
2523 1642 2631 1695 alta
2668 1643 2760 1695 Dei
2798 1643 2865 1696 ⁷ο.
2914 1663 2932 1694 ι
2973 1645 3037 1697 Et
3063 1648 3230 1698 multa
3263 1661 3384 1710 quae
3411 1647 3486 1700 de
3530 1646 3688 1700 Seri-

2085 1731 2263 1797 pturis
2304 1731 2480 1784 sacris
2514 1746 2810 1800 excerpere
2851 1733 3112 1798 possibile
3149 1745 3254 1790 est.
3292 1737 3454 1802 Quod
3501 1737 3681 1790 sicubi

2081 1835 2206 1874 raro
2271 1820 2388 1874 sine
2451 1821 2684 1874 articulo
2745 1822 3057 1876 nominatur
3112 1821 3347 1892 Spiritus
3408 1836 3683 1892 sanctus,

394 1907 598 1978 Spiritu
632 1921 822 1967 sancto
868 1913 986 1969 bzee
1013 1915 1140 1979 dici,
1173 1917 1300 1984 quia
1334 1917 1602 1973 inferatur
1627 1919 1694 1972 ad
1743 1921 1976 1974 creatio.
2009 1898 2051 1952 Β
2087 1913 2372 1966 sciendum
2393 1921 2478 1966 est
2505 1927 2628 1965 cum
2651 1914 3023 1966 additamento
3043 1929 3166 1967 eum
3203 1917 3482 1970 nominari
3508 1917 3681 1987 signi-

394 2017 518 2055 nem
553 2002 829 2071 Spiritus,
869 2005 999 2060 illud
1045 2008 1193 2075 quod
1247 2010 1496 2078 sequitur
1532 2029 1546 2064 :
1584 2027 1603 2061 ι
1656 2011 1724 2064 Ει
1771 2027 1981 2067 annun-

397 2095 541 2151 tians
573 2095 626 2150 in
664 2112 857 2152 omnes
894 2097 1009 2170 (35)
1038 2100 1286 2155 homines
1326 2101 1600 2158 Christum
1634 2120 1822 2170 suum;
1865 2123 1884 2156 ο
1925 2105 1977 2157 in

396 2185 626 2243 llebrato
652 2189 908 2255 habetur,
941 2210 960 2242 ι
995 2191 1284 2246 annuntiat
1312 2193 1365 2246 in
1403 2194 1678 2249 hominem
1711 2196 1979 2264 loquelam

394 2295 587 2346 suam;
625 2300 644 2332 ι
683 2285 828 2350 quod
861 2282 1073 2338 scilicet
1103 2285 1193 2353 qui
1223 2294 1440 2341 creator
1461 2297 1546 2340 est
1575 2289 1839 2352 omnium,
1870 2289 1983 2356 ipse

397 2372 564 2427 etiam
617 2375 896 2443 prophetis
937 2373 1033 2447 [aL
1073 2375 1394 2448 prophetas]
1445 2378 1708 2447 inspiret,
1739 2389 1794 2432 et
1825 2394 1980 2434 suam

403 2479 504 2532 per
531 2478 626 2518 eos
667 2465 976 2520 hominibus
1024 2467 1226 2522 indicet
1255 2469 1611 2524 voluntatem.
1665 2471 1730 2524 Et.
1764 2472 1831 2526 ad
1881 2472 1984 2526 hoc

399 2557 840 2626 respondendum
871 2568 972 2620 est,
1002 2560 1131 2628 quia
1163 2560 1384 2628 quidam
1421 2563 1660 2616 hatretiei
1689 2563 1851 2618 alium
1887 2579 1984 2618 ex-

408 2659 492 2702 tra
525 2657 828 2704 creatorem
874 2649 1160 2706 Dominum
1209 2652 1430 2709 Patrem
1479 2653 1783 2710 Salvatoris
1829 2674 1983 2712 men-

399 2739 632 2803 tiuntur,
667 2740 769 2795 hoc
802 2739 1121 2809 impiissitne
1153 2744 1511 2811 prmdicantes
1543 2762 1556 2800 :
1594 2761 1701 2799 non
1743 2747 1980 2800 scelera-

404 2840 512 2885 tam
541 2845 730 2885 eorum
767 2832 1136 2900 suspicionem
1172 2836 1523 2902 providentes
1555 2851 1582 2888 a
1614 2837 1724 2892 Deo
1751 2839 1982 2905 percuti,

398 2923 614 2978 dicente
646 2941 659 2977 :
693 2923 807 2994 Ego
837 2923 1080 2979 formans
1109 2923 1320 2996 [Vatia
1357 2926 1614 2999 firmans]
1658 2931 1983 2996 tonitruum,

399 3025 453 3070 et
493 3031 693 3071 creans
719 3017 970 3085 spiritum
999 3028 1056 3073 et
1089 3019 1225 3073 alias
1253 3021 1439 3074 mundi
1470 3031 1652 3087 partes
1695 3021 1902 3075 faciens
1931 3030 1986 3075 et

400 3103 737 3170 gubernans,
779 3103 1047 3158 annuntio
1079 3105 1133 3158 in
1183 3103 1436 3159 homines
1466 3105 1745 3158 Christum
1781 3121 1983 3159 meum.

399 3194 466 3248 Et
503 3195 606 3252 hoc
641 3198 786 3251 enim
835 3198 1196 3267 providentia:
1240 3213 1374 3254 mete
1411 3214 1546 3267 Opus
1594 3215 1759 3268 super
1794 3199 1977 3252 omnia

399 3305 564 3358 opera
589 3306 707 3344 mea
740 3300 848 3356 est,
885 3301 942 3344 nt
967 3308 1072 3346 non
1105 3291 1280 3346 solum
1308 3306 1498 3346 eorum
1523 3308 1643 3360 quae
1670 3292 1802 3346 foris
1831 3303 1977 3360 sunt,

403 3385 496 3438 sed
529 3393 583 3438 et
611 3400 732 3454 qua:
766 3385 835 3440 ad
860 3385 1290 3440 emolumentum
1329 3384 1524 3438 animae
1553 3393 1610 3438 et
1645 3385 1844 3438 mentis
1870 3384 1979 3436 nti-

403 3478 610 3532 litatem
657 3476 753 3548 [αι.
812 3475 1198 3549 humilitatem]
1234 3476 1546 3546 pertinent,
1580 3491 1744 3530 causa
1804 3476 1980 3530 subsi-

402 3579 568 3621 stam.
612 3567 726 3636 Ego
763 3568 869 3622 hoc
901 3569 1045 3637 quod
1081 3568 1318 3632 dicitur,
1356 3585 1374 3618 ι
1415 3566 1554 3621 Creo
1614 3566 1901 3633 spiritum,
1957 3583 1976 3616 ι

403 3675 558 3729 aeque
588 3659 826 3714 arbitror
856 3661 1116 3730 positmn,
1146 3674 1212 3714 ac
1239 3660 1282 3714 si
1312 3659 1612 3722 diceretur,
1631 3673 1826 3712 creans
1856 3671 1986 3711 ven-

411 3763 546 3806 tum.
576 3751 718 3806 Deus
749 3753 948 3821 quippe
977 3749 1142 3806 ﬂatus
1172 3751 1308 3817 hos,
1343 3751 1434 3820 qui
1463 3765 1559 3820 per
1602 3749 1745 3804 aeris
1782 3759 1984 3802 motum

407 3841 750 3909 efﬁciuntur,
786 3841 1145 3912 dispositione
1179 3856 1276 3896 sua
1315 3841 1486 3904 ducit,
1522 3841 1822 3894 secundum
1859 3838 1988 3892 illud

407 3935 553 4004 quod
584 3933 716 3989 alibi
749 3933 982 4003 legimus
1012 3949 1026 3987 :
1061 3953 1079 3985 ι
1121 3934 1224 4001 Qui
1259 3933 1513 4004 producit
1539 3942 1731 3987 ventos
1759 3931 1825 3985 de
1864 3931 1986 3984 the-

407 4026 586 4080 sauris
627 4025 742 4081 suis
769 4025 838 4080 ".
872 4044 890 4077 ι
924 4025 1069 4080 Bene
1101 4035 1284 4080 autem
1316 4025 1458 4095 quod
1491 4025 1542 4078 in
1573 4024 1686 4094 ipsa
1718 4024 1988 4078 sententia

407 4134 514 4174 non
549 4119 664 4183 ait;
705 4117 797 4187 qni
835 4110 1016 4172 creavi
1049 4135 1062 4172 :
1096 4117 1190 4172 sed
1225 4135 1244 4168 ι
1290 4118 1382 4186 qni
1414 4131 1542 4170 creo
1568 4117 1841 4187 spiritum.
1875 4135 1892 4168 ι
1929 4116 1988 4170 Si

405 4213 552 4277 enim
581 4211 647 4266 de
671 4209 1133 4266 substantialitate
1155 4210 1397 4280 Spiritus
1420 4214 1590 4265 sancti
1617 4225 1797 4264 sermo
1819 4219 1986 4276 esset,

405 4310 638 4364 dixisset
688 4305 912 4372 utique,
956 4303 1048 4372 qui
1096 4304 1301 4358 creavi.
1347 4302 1534 4372 Neque
1579 4303 1722 4357 enim
1773 4318 1990 4372 semper

403 4401 652 4457 eumdem
695 4403 872 4454 creat.
910 4393 1064 4449 Nunc
1093 4403 1274 4449 autem
1317 4403 1720 4464 consequenter
1760 4393 1830 4448 de
1857 4392 1986 4447 ﬂatu

474 4576 518 4609 ³⁷
553 4575 696 4630 Psal.
725 4589 946 4639 cxxxw,
977 4574 1030 4628 7.

407 4649 494 4703 16.
570 4648 617 4680 ⁷³
646 4648 687 4701 ΙΙ
711 4649 836 4704 Cor.
868 4663 989 4712 xm,
1027 4645 1118 4700 1⁸5.

1108 4569 1155 4605 ⁸⁸
1193 4568 1354 4624 ΡιιιιιιΔ
1388 4569 1614 4629 νιιι,16.
1689 4570 1734 4602 ⁶⁹
1759 4568 1993 4624 Joan.vt.
2021 4569 2110 4624 64.

1201 4641 1249 4672 ⁷⁵
1289 4639 1447 4694 Rom.
1487 4657 1526 4706 1,
1558 4640 1618 4705 7;
1651 4639 1665 4692 |
1693 4641 1819 4696 Cor.
1854 4657 1890 4703 ι,
1919 4640 1988 4706 5;
2017 4641 2224 4695 Coloss.
2253 4656 2288 4702 ι,
2318 4640 2372 4694 5.

2083 2005 2279 2057 licante
2319 2003 2775 2073 magniﬁcentiam
2817 2003 2958 2072 ejus.
2997 2004 3278 2074 Siquidem
3313 2007 3532 2061 dicitur
3582 2008 3686 2060 ali-

2079 2097 2298 2165 quando
2326 2104 2382 2150 et
2416 2097 2533 2150 sine
2561 2097 2790 2150 articulo
2814 2137 2828 2162 ,
2862 2112 2986 2150 cum
3022 2112 3127 2151 non
3165 2098 3279 2164 ipse
3311 2113 3414 2168 per
3450 2113 3514 2150 se
3536 2142 3552 2164 ,
3587 2099 3682 2153 sed

2082 2191 2431 2260 participatio
2461 2190 2579 2260 ejus
2627 2190 2938 2244 ostenditur
2987 2208 3002 2244 :
3056 2199 3116 2243 ut
3165 2197 3375 2260 puta,'c
3434 2192 3686 2261 Spiritus

2083 2284 2212 2338 Elite
2243 2284 2325 2348 τις
2359 2301 2378 2334 ι
2411 2292 2487 2346 et,
2523 2303 2542 2334 ι
2579 2283 2790 2350 Spiritu
2829 2283 3105 2338 ambulate
3135 2283 3204 2348 τ’,
3237 2301 3257 2335 ι
3305 2291 3365 2337 et
3411 2298 3683 2352 quaecun-

2083 2391 2188 2444 que
2221 2375 2305 2427 his
2336 2373 2533 2426 similia
2569 2382 2715 2425 sunt.

2160 2467 2246 2520 16.
2291 2465 2558 2532 Quoniam
2596 2465 2759 2534 igitur
2786 2479 2851 2519 ex
2880 2465 2985 2528 his,
3014 2479 3135 2533 qua?
3169 2465 3496 2524 memoravi.
3529 2472 3586 2519 et
3614 2479 3682 2518 ex

2085 2558 2270 2612 multis
2325 2557 2467 2620 aliis,
2507 2571 2611 2609 non
2672 2570 2796 2610 esse
2865 2565 3170 2609 creaturam
3234 2553 3508 2624 Spiritum
3551 2570 3683 2608 san-

2096 2662 2244 2705 ctum
2301 2650 2734 2702 demonstratum
2777 2658 2894 2712 est,
2936 2662 3204 2714 nusquam
3259 2647 3684 2701 conditionibus

2089 2751 2522 2798 connumeratus
2556 2750 2660 2800 est,
2698 2742 2793 2793 sed
2826 2751 3044 2806 semper
3077 2753 3199 2791 cum
3235 2735 3405 2790 Patre
3449 2747 3507 2791 et
3542 2735 3683 2790 Filio

2085 2835 2297 2903 positus
2331 2852 2343 2886 :
2377 2847 2525 2886 nunc
2551 2831 2834 2885 videamus
2859 2846 3022 2900 quam
3055 2844 3177 2883 cum
3212 2837 3450 2898 utroque
3483 2829 3684 2882 habeat

2087 2923 2514 2980 indiﬂ‘ereutiam
2554 2921 2655 2994 [aL
2695 2918 3109 2993 diﬂ'erentiam].
3159 2920 3218 2975 In
3263 2921 3372 2974 line
3421 2920 3685 2990 Epistolze

2089 3019 2372 3083 secundae,
2405 3034 2570 3088 quam
2604 3017 2669 3071 ad
2701 3016 3014 3072 Corinthios
3048 3015 3239 3069 scribit
3272 3014 3505 3078 Paulus,
3554 3014 3630 3066 ait
3666 3030 3680 3066 :

2093 3128 2113 3162 ι
2153 3110 2341 3165 Gratia
2392 3108 2606 3163 Domini
2652 3109 2824 3164 nostri
2871 3107 3000 3162 Jesu
3049 3107 3292 3172 Christi,
3339 3115 3401 3161 et
3439 3106 3685 3161 charitas

2086 3202 2219 3266 Dei,
2255 3210 2310 3254 et
2345 3200 2773 3256 communicatio
2808 3200 2982 3255 sancti
3021 3199 3292 3268 Spiritus,
3333 3198 3413 3252 sit
3464 3209 3686 3265 semper

2089 3310 2211 3348 cum
2245 3293 2500 3347 omnibus
2528 3293 2682 3348 vobis
2703 3293 2770 3345 ⁷³.
2812 3292 3190 3346 {Ostenditur
3217 3291 3424 3360 quippe
3457 3304 3522 3344 ex
3561 3303 3678 3342 ser-

2090 3401 2254 3441 mone
2303 3385 2557 3451 praesenti
2603 3400 2710 3438 una
2752 3383 3040 3438 Trinitatis
3081 3382 3384 3451 assumptio
3423 3401 3436 3436 :
3473 3394 3600 3434 cum
3637 3378 3683 3430 is

2093 3479 2184 3547 qui
2221 3478 2452 3547 gratiam
2497 3477 2699 3531 Christi
2742 3476 2988 3545 accepit,
3038 3475 3235 3530 habeat
3265 3488 3387 3526 eam
3423 3480 3536 3525 tam
3583 3483 3678 3538 per

2091 3569 2617 3624 administrationem
2642 3565 2843 3634 Patris,
2869 3581 3029 3635 quam
3055 3581 3151 3635 per
3177 3565 3528 3634 largitionem
3559 3561 3682 3629 Spi-

2089 3661 2229 3716 ritus
2271 3661 2466 3714 sancti.
2510 3660 2679 3713 Datur
2707 3660 2852 3714 enim
2885 3674 2913 3712 a
2947 3659 3056 3712 Deo
3083 3657 3244 3712 Patre
3286 3667 3339 3711 et
3372 3656 3476 3729 [αι.
3507 3671 3536 3707 a
3574 3653 3681 3706 Do-

2091 3751 2263 3824 mino]
2290 3751 2416 3806 Jcsn
2449 3752 2690 3816 Christo,
2712 3749 2864 3819 juxta
2895 3749 3022 3803 illud
3055 3767 3069 3806 :
3102 3769 3121 3801 ι
3154 3749 3337 3804 Gratia
3366 3749 3676 3808 vobiscum,

2090 3855 2143 3900 et
2173 3860 2274 3915 pax
2309 3860 2339 3896 a
2383 3845 2490 3897 Deo
2523 3842 2704 3910 Patre,
2748 3851 2802 3897 et
2851 3843 3080 3896 Domino
3130 3841 3254 3894 Jesn
3291 3841 3514 3894 Christo
3542 3838 3611 3900 7‘,
3651 3853 3670 3886 ι

2095 3953 2200 3990 non
2233 3936 2396 3989 aliam
2431 3936 2596 3988 dante
2627 3934 2858 4002 gratiam
2893 3933 3052 3988 Patre
3085 3942 3140 3987 et
3172 3932 3330 3985 aliam
3363 3932 3672 3985 Salvatore.

2094 4026 2372 4094 Siquidem
2419 4033 2473 4077 et
2519 4038 2548 4075 a
2592 4021 2753 4076 Patre
2799 4031 2851 4076 et
2897 4021 3122 4074 Domino
3150 4020 3277 4074 Jesu
3307 4019 3532 4074 Christo
3556 4027 3673 4068 eam

2092 4118 2209 4172 dari
2235 4117 2503 4171 describit
2534 4114 2740 4187 [Vatic.
2772 4113 3016 4185 scribit],
3053 4114 3290 4180 Spiritus
3316 4111 3494 4166 sancti
3527 4120 3675 4162 com-

2091 4210 2462 4266 municatione
2486 4209 2830 4278 completam.
2863 4207 2994 4261 Nam
3023 4217 3077 4262 et
3100 4207 3215 4274 ipse
3234 4203 3474 4273 Spiritus
3501 4201 3675 4253 dictus

2091 4312 2175 4356 est
2206 4301 2406 4372 gratia,
2434 4303 2733 4355 secundum
2767 4300 2896 4353 illud
2925 4318 2938 4353 :
2977 4317 2994 4349 ι
3034 4299 3101 4352 Et
3128 4297 3341 4366 spiritui
3374 4295 3566 4365 gratiae.
3593 4289 3674 4341 in-

2088 4393 2290 4462 juriam
2322 4393 2550 4458 faciens,
2579 4393 2632 4445 in
2668 4407 2776 4461 quo
2810 4391 3183 4446 sanctilicatus
3210 4399 3295 4444 est
3315 4389 3384 4442 ⁷⁵.
3429 4407 3449 4440 ι
3485 4385 3542 4440 1n
3573 4381 3672 4436 'La-

2187 4569 2232 4601 "°
2274 4567 2446 4623 lCor.
2471 4583 2532 4630 tt,
2561 4567 2649 4622 10.
2725 4567 2768 4598 ’τι
2811 4564 2878 4638 IV
2905 4565 3038 4638 Reg.
3063 4581 3124 4631 ιι,
3157 4565 3247 4620 15.
3323 4565 3370 4597 ⁷³
3409 4562 3589 4620 Galat.
3617 4573 3670 4622 ν,

2484 4640 2530 4670 ⁷⁵
2571 4638 2735 4693 llebr.
2767 4653 2823 4695 ιι.
2849 4637 2941 4691 29.

481 4787 596 4857 (55)
642 4787 836 4844 Vocem
875 4808 896 4840 ι
931 4805 1122 4845 omnes
1151 4809 1170 4842 ι
1213 4803 1392 4860 neque
1421 4805 1551 4845 mss.
1585 4791 1780 4849 nostri.
1811 4785 1988 4857 neque
2019 4792 2065 4849 Ι)
2091 4801 2244 4860 suum
2318 4781 2462 4860 quod
2527 4781 2793 4836 llebraice
2863 4780 3062 4834 dicitur
3139 4779 3366 4846 Messio,
3417 4774 3673 4860 scribitur

408 4860 592 4912 Amosi
622 4869 800 4912 textus
835 4861 1052 4926 habent,
1087 4875 1318 4925 eamque
1348 4875 1480 4914 Sane
1511 4861 1694 4914 malim
1726 4860 1984 4926 expungi.

408 4929 1034 5000 Annotationetnuporro
1092 4946 1153 4984 ex
1209 4931 1439 4985 Hebraeo
1496 4947 1602 4984 non
1662 4948 1725 4984 ex
1779 4931 1988 5000 Didymi

412 4999 652 5071 ingenio,
685 5001 776 5067 qui
823 4997 1120 5071 llebraicas
1166 5002 1380 5056 litteras
1421 5003 1640 5071 penitus
1684 4997 1990 5067 ignombat,

415 5069 509 5122 Sed
541 5069 828 5140 '[li‘lllegex
879 5069 1209 5140 llieronymo
1238 5069 1551 5140 profecisse.
1597 5072 1728 5124 mihi
1769 5087 1994 5137 persna-

413 5140 535 5191 deo.
571 5137 704 5190 Nam
738 5137 796 5192 S.
833 5154 1047 5207 quoque
1079 5137 1402 5196 Ambrosius
1437 5143 1526 5209 qui
1561 5141 1652 5196 lib.
1687 5157 1726 5194 ιι
1758 5145 1836 5194 De
1867 5141 1991 5208 Spi-

414 5209 524 5262 ritu
555 5219 736 5261 sancto
758 5212 884 5280 huic
917 5225 981 5261 ex
1010 5214 1193 5266 Amosi
1223 5213 1341 5266 loco
1365 5213 1656 5280 objectioni
1685 5215 1989 5280 respondet,

419 5280 561 5333 hanc
587 5283 726 5349 apud
755 5279 1037 5349 Didymnm
1063 5282 1389 5336 solutionem
1416 5299 1481 5336 ex
1518 5281 1742 5336 Hebraeo
1774 5279 1834 5336 Se
1863 5282 1994 5334 iudi-

419 5361 508 5402 cat
533 5364 638 5403 non
657 5347 869 5417 legisse,
891 5365 1013 5402 cum
1039 5352 1182 5405 illam
1202 5353 1425 5406 omnino
1450 5353 1770 5406 dissimulet.
1791 5353 1996 5417 Argue-

422 5420 553 5473 bant
599 5428 775 5472 autem
823 5420 1058 5490 lueretiei
1095 5437 1161 5476 ex
1205 5439 1270 5476 eo
1309 5422 1458 5484 loco.
1515 5424 1687 5475 creari
1730 5421 1994 5490 Spiritum

423 5500 696 5551 sanctum,
736 5499 794 5542 nt
824 5489 1132 5545 hmninibus
1160 5493 1510 5545 annuntiaret
1539 5489 1836 5545 Christum.
1867 5492 2000 5556 Qui-

424 5561 525 5632 bus
550 5572 606 5613 ut
627 5569 854 5632 reponat
875 5558 1258 5632 Hieronymus,
1285 5577 1388 5632 nou
1420 5565 1489 5613 ita
1518 5565 1567 5613 in
1597 5560 1822 5614 Hebraao
1850 5560 1997 5632 fonte

425 5629 526 5697 legi
563 5631 780 5693 asserit,
812 5645 875 5682 ac
912 5632 1051 5697 apud
1083 5629 1257 5696 LXX,
1295 5631 1387 5685 sed
1423 5632 1607 5684 haberi
1641 5649 1659 5680 ι
1710 5629 1997 5684 annuntiat

427 5700 480 5770 in
535 5701 804 5754 hominem
841 5700 1108 5770 loquelam
1151 5719 1325 5754 suam.
1378 5719 1396 5752 ι
1441 5701 1618 5767 Atque
1671 5701 1740 5753 ita
1779 5700 1993 5768 quidem

429 5769 957 5840 ipseiingterpretatns
983 5781 1088 5833 est,
1111 5771 1471 5840 exposuitque
1496 5773 1547 5823 in
1567 5770 1992 5834 Commentariis,

430 5839 520 5891 ubi
551 5838 868 5910 LXXﬁverhi
903 5838 1252 5896 similitudine
1281 5852 1334 5896 et
1367 5838 1719 5910 ambiguitate
1743 5843 1997 5906 deceptos

433 5917 606 5962 notat.
637 5931 658 5960 ι
692 5909 747 5965 Si
773 5911 952 5974 enim,
1004 5929 1023 5962 ι
1068 5913 1260 5982 inquit,
1331 5931 1351 5962 ι
1398 5909 1665 5982 legamus,
1722 5910 1997 5967 Christum

2092 4872 2187 4925 per
2220 4853 2573 4925 has__l_i_tteras
2631 4869 2643 4904 :

2088 4917 2232 4994 quod
2280 4922 2420 4976 LXX
2481 4933 2827 4994 putaverunt.
2859 4920 2954 4974 Sin
3006 4934 3190 4994 autem
3240 4933 3298 4994 ut
3341 4917 3668 4994 inilebrtro,

2087 4987 2137 5050 et
2166 4995 2306 5064 apud
2352 4987 2580 5063 reliquos
2633 4993 2941 5060 interpretes
2988 5003 3091 5058 est,
3141 4992 3225 5046 his
3257 4992 3448 5044 litteris
3481 4987 3670 5064 scribi:

2093 5050 2210 5126 tur:
2265 5081 2398 5122 usu.
2450 5050 2540 5128 tis,
2595 5065 2735 5130 quod
2773 5050 2882 5116 'est
2943 5078 3037 5130 MA,
3078 5050 3221 5116 'hoc
3275 5071 3357 5115 est
3401 5058 3558 5130 quod,
3588 5050 3670 5104 Vel

2089 5136 2236 5207 quid.
2301 5135 2500 5207 Deinde
2569 5149 2674 5207 snt.
2711 5148 2826 5207 ton.
2870 5149 3055 5207 ιιιεῖτιι,⁸
3092 5135 3253 5207 quod
3289 5131 3515 5201 legimus
3563 5139 3666 5207 sui.

2091 5195 2141 5262 i'd
2184 5216 2266 5260 est
2291 5204 2585 5276 eloquium.
2619 5204 2696 5276 ΟΜ
2723 5206 2883 5271 igitur
2917 5195 3057 5276 quod
3090 5195 3460 5276 scribitur'per
3500 5195 3664 5276 solatio

2095 5279 2332 5330 litteram
2376 5262 2502 5335 vw.
2532 5262 2826 5335 aetolum
2850 5262 2947 5328 est'
2973 5274 3109 5340 ejus,
3146 5262 3436 5336 signiﬁcat,
3477 5262 3666 5341 simul:

2095 5363 2200 5414 que
2245 5333 2588 5400 commistnm
2640 5333 2835 5410 legitur
2886 5333 3134 5398 music.)
3189 5333 3342 5398 Unde
3399 5333 3666 5395 concludit

2097 5419 2268 5473 Deum
2317 5431 2412 5484 per
2448 5416 2741 5482 prophetas
2807 5416 3046 5468 indicare
3099 5415 3663 5484 voluntatem_su:ttlh

2094 5479 2574 5556 eosque—turpiter
2614 5500 2821 5548 errare,
2875 5487 2967 5553 qui
3015 5486 3180 5538 alium
3237 5497 3388 5556 extra
3447 5479 3665 5556 Creaqu

2099 5543 2236 5619 retn',
2277 5543 2490 5613 Patrein
2523 5555 2723 5608 Christi
2767 5543 3117 5618 intln'cebant,
3148 5570 3269 5607 cum
3291 5555 3456 5605 Amos
3475 5543 3663 5619 nonqu

2104 5612 2308 5696 Spiritu
2349 5628 2444 5680 sed
2483 5627 2549 5696 de
2571 5635 2752 5692 vento,
2778 5640 2954 5696 neque
2975 5626 3043 5680 de
3081 5612 3321 5691 Christo,
3352 5623 3443 5677 sed
3477 5618 3541 5672 de
3573 5612 3660 5666 Dei

2104 5695 2456 5750 meditatione
2487 5695 2758 5762 loquatur.

2174 5766 2287 5837 (3i)
2332 5767 2423 5819 Sic
2451 5767 2698 5837 equidem
2723 5765 2856 5837 editi
2882 5766 3084 5820 habent
3104 5776 3159 5820 et
3187 5763 3657 5837 mss.,_sed_pel'_l)9:

2107 5853 2241 5890 ram.
2270 5831 2522 5889 'Emenda
2557 5850 2622 5887 ex
2672 5836 2787 5903 ipso
2837 5836 3060 5891 Joannis
3120 5847 3290 5900 textu,
3327 5834 3390 5887 τὸ
3444 5831 3659 5892 Πνεῦμα

2105 5906 2223 5963 ἐστὶ
2250 5905 2311 5960 τὸ
2342 5904 2663 5974 ζωοποιοῦν,
2695 5924 2719 5956 ι
2749 5906 2984 5977 Spiritus
3008 5916 3112 5975 est,
3135 5908 3227 5978 qui
3253 5905 3504 5962 viv'tlicat.
3534 5917 3551 5950 ι

2701 4867 2834 4914 usu,
2889 4866 2993 4914 sm,
3049 4867 3166 4914 ton,
3215 4867 3380 4912 BETII,
3435 4859 3490 4902 et
3546 4857 3670 4902 ne.
