4034 6396
407 419 543 474 1019

1543 417 1748 474 LIBER
1789 419 1878 474 DE
1919 419 2191 476 SPIltlTU
2236 418 2526 475 SANC‘I‘O.

3525 414 3663 471 1050

404 536 594 593 charia
619 548 836 605 quoque
862 533 1194 604 repromittit
1221 533 1360 588 Deus
1381 532 1677 590 eﬂ‘usnrum
1701 550 1780 600 se,
1805 535 1859 591 id
1880 543 1985 599 est,
2017 540 2062 598 Α
2093 551 2211 605 qum
2248 535 2424 590 eidem
2460 533 2575 606 (37)
2616 532 2934 590 substantia:
2979 533 3209 604 ὁμουσια
3251 541 3406 598 sunt,
3448 535 3664 589 easdem

369 618 373 626 ⁸
406 627 1226 682 abundantissimetributurum
1251 624 1550 680 Jerusalem
1582 627 1832 695 Spiritum
1864 642 1984 696 gra-

407 719 492 772 tia:
515 727 567 772 et
590 718 959 772 miserationis
975 717 1042 770 ⁷⁸.
1066 716 1199 770 Cum
1227 717 1372 771 enim
1401 716 1526 786 quis
1547 716 1786 788 Spiritus
1808 719 1982 772 sancti

407 805 680 871 acceperit
710 803 962 871 gratiam.
998 803 1215 856 habebit
1246 817 1365 855 eam
1391 803 1574 856 datam
1604 819 1632 857 a
1663 803 1775 858 Deo
1799 802 1981 869 Patre,

407 901 462 947 et
489 908 517 945 a
544 890 671 946 Jesu
699 892 916 945 Christo
941 889 1172 944 Domino
1199 902 1405 946 nostro.
1439 889 1556 945 Una
1583 891 1747 962 igitur
1778 893 1977 962 gratia,

409 983 582 1038 Patris
603 994 658 1038 et
673 983 814 1050 Filii,
833 994 888 1040 et
905 983 1139 1050 Spiritus
1163 985 1335 1037 sancti
1356 983 1672 1052 operatione
1689 984 1982 1054 completa,

417 1073 656 1127 Trinitas
701 1073 862 1126 unius
915 1073 1230 1126 substantiae
1279 1073 1708 1128 demonstratur.
1762 1073 1818 1126 In
1873 1075 1980 1128 alio

410 1182 628 1235 quoque
664 1166 784 1219 loco
825 1181 840 1218 :
876 1183 894 1215 ι
937 1165 1210 1226 Charitas,
1253 1183 1270 1214 ι
1316 1165 1488 1232 inquit
1527 1165 1594 1228 "",
1646 1181 1665 1215 ι
1713 1165 1804 1219 Dei
1857 1180 1981 1220 cmn

412 1260 665 1314 omnibus
695 1258 868 1322 vobis,
915 1277 934 1309 ι
974 1273 1095 1325 quae
1125 1273 1153 1309 a
1198 1255 1468 1311 Trinitate
1511 1266 1566 1310 et
1606 1258 1884 1319 tribuitur,
1932 1267 1988 1311 et

413 1354 678 1403 tinuatur.
723 1349 814 1402 Ait
843 1347 1042 1417 quippe
1074 1347 1370 1402 Salvator:
1407 1366 1426 1399 ι
1483 1348 1585 1414 Qui
1630 1348 1780 1402 audit
1822 1348 1984 1401 verba

414 1458 552 1506 mea,
585 1453 639 1497 et
670 1455 852 1496 servat
885 1457 946 1494 ea
977 1440 1112 1510 (35),
1150 1441 1240 1495 hic
1268 1452 1351 1496 est
1395 1443 1485 1512 qui
1521 1443 1698 1512 diligit
1735 1456 1841 1495 me.
1885 1441 1986 1506 Qui

411 1544 588 1589 autem
623 1533 794 1602 diligit
825 1549 932 1595 tne,
968 1533 1220 1601 diligetur
1253 1548 1283 1586 a
1321 1533 1484 1587 Patre
1511 1548 1654 1598 meo,
1681 1543 1738 1586 et
1765 1549 1864 1600 ego
1902 1532 1986 1586 di—

411 1632 569 1699 ligam
598 1646 718 1683 eum
749 1629 816 1682 ⁷⁸.
852 1648 870 1681 ι
909 1628 1093 1698 Neque
1115 1631 1258 1685 enim
1291 1628 1393 1682 alia
1425 1628 1643 1682 dilectio
1673 1639 1756 1682 est
1785 1626 1982 1680 Salva-

417 1723 551 1777 tnris
579 1735 742 1790 super
774 1721 862 1775 his
886 1721 978 1788 qui
1008 1732 1283 1786 amantur,
1318 1730 1372 1774 et
1405 1721 1508 1774 alia
1541 1719 1759 1774 dilectio
1792 1719 1989 1772 Patris.

414 1816 554 1870 Deus
580 1815 724 1868 enim
749 1813 923 1882 diligit
961 1813 1016 1868 in
1046 1813 1296 1876 salutem,
1323 1813 1448 1882 quia
1483 1831 1501 1864 ι
1537 1812 1615 1866 sic
1639 1812 1828 1866 dilexit
1850 1811 1990 1865 Deus

2090 629 2291 682 habent
2336 625 2715 695 operationes;
2744 633 2796 679 ct
2821 638 2940 692 quae
2967 624 3188 677 alterius
3226 622 3569 689 substantiae,
3611 636 3667 679 et

2098 722 2425 794 ἀνομούσια,
2461 721 2676 774 dissona
2711 728 2872 787 Atque
2903 718 3112 772 diversa
3139 727 3283 771 sunt.

2161 818 2258 871 18.
2301 815 2486 883 Neque
2512 811 2656 866 enim
2689 826 2756 865 ex
2788 810 2873 864 his
2902 818 3110 862 tantum
3139 823 3258 876 qua:
3287 808 3666 876 praemisimus,

2096 908 2382 964 Trinitatis
2418 906 2601 958 unitas
2640 905 2902 956 docetur:
2937 903 3033 955 sed
3080 917 3145 954 ex
3186 901 3668 956 innumerabilibus

2091 997 2236 1060 aliis,
2270 997 2336 1050 de
2389 995 2589 1064 quibus
2633 1008 2847 1046 rursum
2885 991 3180 1044 secundum
3220 1005 3375 1043 suum
3421 991 3666 1045 ordinem

2097 1102 2266 1157 pauca
2328 1100 2612 1156 ponemus.
2657 1083 2908 1149 Arguens
2946 1080 3138 1137 Petrus
3175 1083 3470 1146 Auaniam,
3512 1083 3563 1135 in
3605 1097 3670 1136 eo

2091 1179 2234 1247 quod
2289 1180 2340 1230 in
2387 1177 2697 1230 venditione
2731 1174 2882 1243 agri,
2919 1175 3072 1241 cujus
3116 1189 3174 1227 se
3211 1184 3386 1228 totum
3437 1175 3668 1243 pretium

2094 1269 2355 1325 obtulisse
2402 1267 2640 1330 dicebat,
2681 1265 2926 1319 fraudem
2979 1266 3191 1319 iecisset
3233 1279 3264 1318 e
3308 1267 3484 1320 medio
3521 1265 3666 1336 (38);

2093 1361 2271 1416 sancti
2329 1349 2568 1430 Spiritus
2600 1357 2861 1412 unitatem
2901 1356 2967 1411 ad
3009 1357 3197 1423 Demn,
3236 1373 3341 1411 non
3373 1359 3670 1411 secundum

2091 1472 2375 1512 numerum
2398 1495 2412 1520 ,
2447 1455 2542 1509 sed
2575 1453 2731 1522 juxta
2764 1452 3116 1508 substantiam
3153 1456 3544 1524 comprobavit,
3589 1454 3672 1508 di-

2093 1565 2224 1603 cens
2251 1564 2266 1600 :
2303 1567 2320 1598 ι
2354 1547 2588 1613 Anania,
2618 1560 2789 1614 quare
2816 1545 3104 1614 complevit
3127 1545 3358 1600 Satanas
3378 1561 3474 1600 cor
3498 1555 3668 1611 tuum,

2095 1651 2155 1693 ut
2204 1641 2517 1693 mentireris
2566 1640 2790 1710 Spiritui
2837 1647 3059 1702 sancto,
3108 1647 3164 1692 et
3204 1637 3565 1692 absconderes
3607 1638 3673 1691 de

2096 1731 2271 1800 pretio
2318 1730 2477 1800 agri?
2510 1727 2699 1785 Nonne
2739 1745 2966 1784 manens
3003 1729 3098 1782 tibi
3138 1730 3412 1794 manebat,
3451 1738 3505 1782 et
3541 1743 3674 1782 ven-

2096 1823 2266 1876 ditum
2292 1822 2346 1876 in
2385 1833 2471 1875 tua
2497 1832 2615 1875 erat
2643 1819 2952 1888 potestate?
2977 1821 3154 1888 Quare
3177 1821 3402 1887 posuisti
3428 1821 3479 1874 in
3509 1819 3673 1875 corde

417 1908 701 1974 tnundutn,
731 1917 790 1959 ut
814 1905 1008 1959 Filium
1037 1920 1192 1959 suum
1223 1905 1558 1972 unigenitum
1587 1903 1771 1957 daret:
1797 1913 1855 1956 ut
1881 1917 1991 1955 om-

2099 1925 2189 1967 tuo
2237 1913 2378 1968 hanc
2429 1913 2587 1968 rem?
2625 1913 2740 1967 Non
2773 1913 3083 1968 hominibus
3131 1913 3391 1968 mentitus
3438 1929 3527 1978 es,
3578 1913 3672 1966 sed

413 2000 497 2053 nis
539 1998 630 2068 qui
670 1998 846 2052 credit
890 1997 942 2051 in
991 1997 1162 2066 ipsum
1201 1995 1297 2066 [αι.
1342 1995 1595 2062 Filium),
1628 2009 1732 2048 non
1770 2002 1986 2063 pereat,

415 2089 510 2143 sed
543 2088 739 2142 haheat
767 2089 932 2141 vitam
970 2097 1228 2142 aeternam
1260 2087 1330 2142 ⁷⁸.
1363 2105 1382 2138 ι
1416 2085 1681 2141 Similiter
1713 2095 1763 2140 et
1798 2085 1986 2152 Filius,

417 2180 507 2250 qui
537 2179 646 2233 vita
679 2188 784 2244 est,
815 2187 872 2232 ut
906 2178 1107 2232 tribuat
1139 2180 1301 2232 vitam
1333 2187 1388 2232 et
1412 2179 1667 2243 salutem,
1699 2178 1873 2248 diligit
1899 2193 1992 2233 eos

417 2285 554 2340 quos
593 2270 705 2324 vult
741 2269 856 2322 ﬁeri
891 2268 1164 2323 meliores.
1202 2267 1358 2323 Unde
1398 2283 1585 2323 amare
1613 2283 1672 2321 se
1703 2269 1835 2323 dicit
1867 2284 1990 2323 eum

411 2363 501 2430 qui
541 2372 754 2416 amatur
780 2378 809 2416 a
839 2361 1020 2416 Patre.
1056 2361 1119 2413 Et
1151 2360 1217 2414 de
1248 2375 1313 2414 eo
1344 2361 1560 2430 ponitur
1599 2362 1649 2414 in
1679 2362 1940 2431 propheta
1973 2377 1989 2417 :

422 2471 440 2504 ι
475 2453 540 2508 Et
575 2455 689 2522 ipse
713 2454 945 2508 salvabit
973 2453 1114 2519 illos,
1141 2452 1266 2522 quia
1302 2453 1488 2507 dilexit
1519 2453 1639 2509 illos
1669 2453 1736 2507 ⁸ο.
1781 2473 1801 2507 ›

484 2546 571 2600 17.
605 2544 756 2601 Hanc
769 2546 1139 2612 dilectionem,
1156 2545 1392 2599 fructum
1406 2559 1526 2599 esse
1543 2544 1778 2615 Spiritus
1792 2545 1990 2608 sancti,

415 2648 750 2692 contestatur
772 2623 1097 2708 'Apostolus,
1131 2639 1269 2692 sicut
1291 2646 1346 2690 et
1371 2637 1650 2706 gaudimn,
1681 2647 1737 2690 et
1764 2653 1981 2706 pacein,

429 2744 550 2798 quae
574 2745 603 2784 a
628 2729 789 2784 Patre
816 2729 1160 2784 ministratur
1189 2739 1242 2783 et
1261 2729 1422 2796 Filio,
1452 2729 1640 2783 dicens
1668 2747 1682 2782 :
1716 2747 1734 2780 ι
1764 2729 1995 2783 Fructus

414 2831 595 2874 autem
630 2822 875 2891 spiritus,
914 2822 1194 2892 gaudium,
1240 2837 1368 2890 pax,
1404 2822 1648 2876 charitas
1681 2821 1749 2875 “.
1808 2839 1829 2873 ι
1866 2822 1996 2887 Quae

415 2914 656 2968 charitas
717 2911 883 2968 eli’usa
941 2923 1024 2969 est
1076 2915 1128 2969 in
1199 2915 1457 2970 cordibus
1510 2914 1847 2968 credentium
1902 2930 1997 2983 per

417 3003 675 3070 Spiritum
723 3013 993 3057 sanctum.
1046 3020 1065 3054 ι
1123 3001 1378 3058 Charitas
1446 3003 1680 3072 quippe,
1722 3003 1837 3066 ait,
1902 3002 1995 3058 Dei

417 3091 610 3150 dimtsa
653 3105 737 3150 est
777 3095 829 3149 in
885 3095 1139 3149 cordibus
1183 3094 1383 3149 vestris
1438 3093 1618 3166 [ΤΙιοι.
1667 3093 1896 3167 nostris]
1943 3095 1994 3148 in

417 3187 622 3257 Spiritu
663 3201 853 3243 sancto
878 3188 946 3243 ⁸³.
984 3207 1003 3240 ι
1035 3187 1223 3244 Omnis
1258 3188 1461 3258 quippe
1492 3189 1583 3257 qui
1622 3187 1991 3242 communicat

2095 2007 2204 2061 Deo
2235 2006 2307 2058 ⁸⁸.
2349 2025 2368 2058 ι
2407 2003 2464 2059 Si
2499 2006 2644 2060 enim
2680 2007 2771 2072 qui
2809 2007 3035 2060 Domino
3083 2007 3341 2060 mentitur
3364 2047 3379 2072 ,
3415 2007 3675 2059 mentitur

2094 2099 2319 2170 Spiritui
2379 2109 2604 2166 sancto;
2637 2110 2690 2154 et
2744 2100 2835 2170 qui
2881 2099 3106 2170 Spiritui
3155 2109 3344 2153 sancto
3397 2097 3675 2163 mentitur,

2096 2191 2360 2246 mentitur
2390 2191 2500 2245 Deo
2528 2209 2542 2245 :
2578 2189 2711 2245 nulli
2747 2191 2968 2244 dubium
3002 2198 3105 2253 est,
3138 2189 3471 2244 consortium
3503 2187 3677 2257 Spiri-

2097 2294 2184 2338 tus
2232 2281 2406 2336 sancti
2453 2298 2575 2337 esse
2620 2298 2743 2336 cum
2792 2283 2922 2336 Deo.
2971 2281 3039 2336 Et
3073 2297 3180 2351 quo
3208 2282 3367 2334 modo
3417 2281 3677 2335 sancritas

2095 2373 2347 2428 subsistit
2378 2373 2429 2425 in
2474 2373 2603 2437 Deo,
2641 2373 2828 2428 eodem
2861 2373 3020 2426 modo
3056 2380 3110 2424 et
3143 2372 3320 2426 deitas
3353 2369 3451 2442 [αΙ.
3477 2370 3677 2424 divini-

2096 2463 2205 2536 tas]
2242 2463 2566 2535 intelligitur
2603 2464 2655 2517 in
2705 2463 2910 2529 Spiritu
2944 2471 3157 2517 sancto.
3193 2461 3298 2516 lste
3327 2471 3507 2515 autem
3551 2461 3674 2530 Spi-

2095 2559 2234 2610 ritus
2269 2565 2510 2619 sanctus,
2544 2571 2704 2624 quem
2737 2555 2975 2634 diximus
3021 2553 3260 2621 ejusdem
3306 2565 3511 2608 naturae
3553 2569 3679 2608 esse

2100 2663 2222 2702 cum
2267 2644 2454 2712 Patre,
2499 2648 2663 2702 etiam
2691 2663 2718 2699 a
2748 2647 2868 2702 Filii
2895 2647 3177 2701 divinitate
3207 2662 3308 2702 non
3340 2644 3539 2714 diﬂ‘ert,
3569 2645 3682 2700 Sal-

2096 2750 2289 2793 vatore
2322 2739 2535 2793 dicente
2569 2738 2851 2807 discipulis
2881 2760 2894 2795 :
2929 2756 2948 2789 (
2987 2737 3122 2793 Cum
3154 2739 3207 2792 in
3244 2739 3583 2808 Synagogam
3611 2737 3677 2790 ad

2101 2829 2445 2899 principatus
2491 2841 2547 2884 et
2581 2841 2884 2901 potestates
2929 2831 3331 2885 introduxerint
3361 2847 3478 2894 vos,
3514 2830 3683 2884 nolite

2100 2922 2319 2977 solliciti
2352 2935 2497 2986 esse,
2529 2923 2821 2991 quomodo,
2845 2931 2938 2974 aut
2971 2923 3098 2992 quid
3131 2922 3526 2992 respondeatis.
3560 2921 3681 2991 Spi-

2106 3013 2243 3067 ritus
2273 3014 2418 3067 enim
2473 3023 2698 3069 sanctus
2737 3011 2953 3066 docebit
3004 3029 3096 3067 vos
3137 3012 3190 3066 in
3242 3013 3330 3066 illa
3372 3015 3504 3066 hora
3551 3014 3678 3082 quid

2100 3106 2345 3159 debeatis
2394 3104 2581 3159 dicere
2618 3105 2686 3161 ⁸³.
2730 3105 2920 3159 Ponite
2952 3106 3002 3158 in
3043 3105 3298 3159 cordilms
3335 3105 3529 3159 ve3tris
3572 3121 3679 3160 n0n

2103 3196 2469 3264 praemeditari
2503 3197 2570 3250 ad
2615 3196 3071 3266 respondendum.
3104 3196 3214 3264 Ego
3245 3196 3386 3250 enim
3415 3196 3555 3251 dabo
3589 3211 3677 3250 vo-

424 3281 650 3350 Spiritui
680 3291 890 3346 sancto,
918 3295 1016 3349 per
1043 3279 1514 3347 participationem
1543 3279 1661 3348 ejus
1685 3279 1991 3333 communi-

2100 3291 2182 3345 bis
2219 3305 2281 3346 os
2314 3300 2368 3344 et
2401 3290 2723 3358 sapientiam
2757 3288 2892 3360 (39),
2935 3290 3018 3343 cui
3071 3305 3178 3342 non
3227 3297 3486 3358 poterunt
3543 3291 3683 3343 resi-

416 3381 524 3438 cat,
550 3373 704 3443 juxta
735 3373 864 3426 illud
904 3390 918 3426 :
951 3391 969 3422 ι
1010 3370 1076 3424 Ει
1103 3369 1525 3424 communicatio
1547 3372 1719 3425 sancti
1752 3371 1991 3439 Spiritus

415 3462 485 3515 sit
511 3477 726 3531 semper
753 3477 874 3515 cum
899 3461 1151 3515 omnibus
1181 3462 1335 3514 vobis
1358 3460 1426 3514 ⁸³.
1463 3479 1482 3511 ι
1511 3459 1579 3514 Et
1605 3462 1658 3514 in
1695 3461 1802 3515 alio
1834 3463 1952 3516 loco
1978 3475 1994 3514 :

423 3575 441 3607 ι
476 3555 532 3611 Si
563 3573 665 3625 qua
703 3555 1128 3612 communicatio
1165 3554 1402 3620 Spiritus
1426 3552 1495 3606 ⁸⁸.
1545 3571 1564 3606 ι
1613 3553 1748 3608 Cum
1788 3553 1995 3607 habue-

423 3648 492 3700 rit
525 3648 850 3716 sapientiam
887 3648 977 3700 Del
1013 3658 1067 3701 et
1092 3661 1421 3710 sermonem,
1452 3653 1507 3700 et
1534 3645 1588 3698 in
1624 3645 1878 3700 omnibus
1906 3659 1998 3699 ve-

420 3739 628 3791 ritatem
668 3752 682 3790 :
713 3735 932 3790 habebit
965 3751 1181 3806 quoque
1213 3737 1550 3792 consortium
1587 3737 1898 3791 sanctitatis
1943 3737 1994 3789 in

419 3827 611 3896 Patre,
646 3839 699 3882 et
737 3827 908 3891 Filio,
946 3838 1001 3881 et
1029 3828 1233 3897 Spiritu
1265 3838 1474 3881 sancto.
1525 3846 1543 3879 ι
1576 3825 1773 3882 Fidelis
1816 3839 1996 3880 autem

421 3921 580 3986 Deus,
623 3936 718 3989 per
745 3936 904 3991 quem
945 3922 1120 3978 vocati
1158 3921 1357 3976 estisin
1395 3921 1505 3992 (56)
1556 3922 2001 3976 communicatio-

421 4029 547 4072 tti‘zﬂ
579 4014 698 4074 Filii
730 4013 848 4082 ejus
889 4014 956 4066 ⁸⁸.
993 4035 1012 4068 ι
1066 4013 1270 4069 Scribit
1302 4025 1358 4069 et
1399 4013 1636 4069 Joannes
1675 4016 1740 4068 de
1775 4013 1940 4068 Patre
1979 4030 1993 4068 :

420 4133 438 4161 ι
479 4111 535 4168 Si
567 4112 620 4166 in
653 4108 857 4167 lumine
887 4108 1248 4173 ambulamus,
1273 4111 1414 4164 sicut
1441 4111 1556 4179 ipse
1577 4121 1659 4163 est
1692 4111 1743 4163 in
1776 4111 1996 4177 lumine,

415 4207 967 4261 cmnmunicationem
999 4203 1264 4257 habemus
1285 4218 1406 4257 cum
1436 4204 1526 4258 illo
1543 4203 1610 4258 ⁸⁸.
1643 4222 1662 4254 ι
1697 4203 1760 4256 Ει
1788 4203 1995 4256 adhuc:

429 4319 448 4351 ι
479 4299 912 4354 Communicatio
944 4310 1124 4353 autem
1175 4303 1359 4348 nostra
1402 4311 1526 4350 cum
1567 4293 1727 4350 Patre
1766 4304 1819 4348 et
1865 4293 1904 4348 F
1913 4294 2000 4348 dio

425 4392 543 4456 ejus
583 4389 710 4447 Jesu
742 4390 958 4446 Christo
992 4391 1059 4445 ⁸⁷.
1095 4409 1114 4442 ›
1155 4385 1324 4458 Igitur
1355 4386 1665 4456 quicunque
1700 4385 2000 4441 communi-

418 4495 508 4539 cat
557 4485 787 4553 Spiritui
839 4496 1050 4547 sancto,
1101 4483 1286 4538 statim
1319 4480 1692 4536 connnunicat
1739 4477 1888 4532 Patri
1945 4487 2002 4534 et

419 4580 575 4635 Filio.
621 4580 689 4634 Et
721 4580 813 4648 qui
863 4579 1187 4633 charitatem
1226 4577 1389 4630 habet
1423 4573 1627 4638 Patris,
1677 4574 1841 4628 habet
1877 4587 1997 4627 eam

418 4691 446 4725 a
477 4673 634 4738 Filio,
670 4673 1036 4728 contributatn
1073 4686 1170 4740 per
1202 4668 1466 4739 Spiritum
1505 4675 1777 4722 sanctum.
1807 4665 1913 4720 Sed
1943 4674 1998 4720 et

417 4767 508 4832 qui
543 4767 818 4835 particeps
845 4774 928 4819 est
962 4764 1152 4833 gratiae
1174 4760 1305 4816 Jesu
1336 4760 1564 4825 Christi,
1595 4759 1842 4814 eamdem
1870 4773 1996 4827 gra-

424 4859 552 4911 tiam
582 4858 767 4922 habet,
797 4857 980 4911 datam
1012 4870 1042 4909 a
1089 4853 1248 4908 Patre
1294 4868 1390 4922 per
1429 4851 1692 4923 Spiritum
1725 4859 1994 4906 sanctum.

419 4949 474 5003 In
507 4949 756 5004 omnibus
787 4948 932 5003 enim
970 4947 1302 5016 approbatur
1341 4945 1586 4998 eamdem
1624 4946 1996 5013 operationem

421 5056 543 5094 esse
581 5038 780 5105 Patris,
833 5046 888 5092 et
933 5035 1080 5099 Filii,
1127 5044 1183 5088 et
1225 5034 1462 5104 Spiritus
1507 5035 1706 5091 sancti.
1754 5033 1996 5101 Quorum

421 5143 599 5186 autem
634 5148 740 5187 una
763 5141 849 5186 est
874 5130 1143 5200 operatio,
1176 5143 1281 5182 una
1310 5135 1397 5182 est
1418 5137 1472 5182 et
1493 5127 1798 5181 substantia
1828 5146 1841 5181 :
1868 5128 1996 5197 quia

491 5289 538 5320 "
574 5285 806 5341 Lachar.
843 5299 944 5348 xtt,
984 5283 1072 5339 10.

419 5361 463 5391 ⁸⁸
507 5358 684 5414 Galat.
715 5356 881 5421 v,‘29..
957 5355 1002 5387 ³⁸
1033 5355 1191 5408 lium.
1243 5371 1296 5416 v,
1348 5353 1402 5405 5.

419 5431 462 5461 ⁸⁷
504 5429 636 5484 ibid.
673 5427 730 5481 5.

1149 5283 1193 5315 "
1228 5281 1268 5335 ιι
1291 5280 1416 5336 Cor.
1438 5283 1670 5344 xttt,13.
1743 5281 1791 5314 ⁷⁸
1818 5280 1972 5335 Joan.
1997 5283 2220 5348 xtv,2|.

1475 5354 1523 5385 ⁸³
1575 5353 1614 5405 Il
1665 5352 1790 5405 Cor.
1820 5368 1937 5414 xm,
1988 5355 2072 5408 15.

815 5426 862 5458 ⁸⁸
901 5425 1023 5480 Act.
1067 5440 1121 5491 ν,
1163 5425 1220 5488 5,
1258 5424 1314 5477 4.
1386 5422 1434 5454 ⁸⁸
1507 5422 1638 5478 Luc.
1667 5439 1764 5486 xtt,
1802 5424 1882 5485 ll,
1927 5424 1991 5477 η

2099 5426 2138 5457 ³ο
2178 5425 2310 5479 Luc.
2341 5439 2453 5489 xxi,
2495 5423 2582 5488 14,
2623 5421 2710 5477 15.

2099 3395 2265 3450 stere,
2297 3394 2389 3436 aut
2419 3382 2880 3437 contradicere“.
2917 3400 2935 3433 ι
2968 3381 3033 3434 Et
3061 3383 3112 3435 in
3140 3381 3222 3434 his
3247 3381 3442 3451 quippe
3463 3381 3672 3446 dicens,

2101 3491 2209 3530 non
2254 3474 2453 3528 debere
2483 3489 2577 3528 eos
2624 3489 2747 3527 esse
2792 3472 3092 3539 sollicitos,
3139 3472 3269 3541 quid
3314 3471 3682 3538 respondeant

2100 3567 2622 3631 contradicentibus,
2671 3568 2798 3635 quia
2840 3566 2894 3619 in
2927 3566 3116 3620 eadem
3159 3565 3289 3619 hora
3324 3564 3619 3619 doceantur
3652 3580 3683 3618 a

2102 3660 2309 3728 Spiritu
2339 3668 2533 3713 sancto
2562 3657 2689 3726 quid
2719 3657 2954 3710 debeant
2990 3656 3318 3726 reSpondere
3346 3674 3360 3710 :
3388 3657 3572 3710 statim
3603 3671 3686 3709 tn-

2102 3753 2222 3808 tttlit
2255 3769 2375 3823 qua:
2401 3751 2473 3806 sit
2503 3767 2669 3806 causa
2702 3749 2934 3814 ﬁduciae,
2970 3766 2988 3800 ι
3027 3747 3239 3814 Ponite,
3281 3769 3300 3801 ι
3338 3750 3546 3814 dicens,
3580 3767 3599 3801 ‹
3631 3750 3683 3803 in

2101 3843 2357 3898 cordibus
2381 3842 2579 3896 vestris
2604 3856 2710 3895 non
2735 3840 3103 3910 praemeditari
3128 3841 3193 3894 ad
3214 3841 3681 3910 respondendum:

2101 3949 2203 4003 ego
2230 3934 2376 3988 enim
2405 3933 2545 3988 dabo
2575 3933 2734 3988 vobis
2767 3948 2830 3988 os
2859 3943 2915 3988 et
2943 3932 3294 4001 sapientiam,
3335 3932 3422 3987 cui
3450 3947 3554 3985 non
3584 3947 3684 4002 po-

2103 4035 2283 4081 terunt
2322 4026 2598 4092 resistere,
2639 4036 2734 4079 aut
2766 4024 3167 4080 contradicere.
3202 4043 3221 4075 ι
3251 4024 3386 4078 Cum
3412 4025 3557 4079 enim
3599 4023 3685 4079 di-

2100 4119 2264 4182 xerit,
2294 4116 2348 4172 in
2389 4125 2634 4186 tempore
2666 4117 3032 4185 respondendi
3071 4117 3251 4172 doceri
3282 4131 3376 4171 eos
3409 4132 3438 4170 a
3476 4115 3682 4186 Spiritu

2101 4221 2291 4266 sancto
2315 4211 2442 4280 quid
2479 4211 2711 4266 debeant
2738 4209 3087 4281 respondere,
3111 4225 3164 4263 ιη
3204 4207 3552 4278 sequentibus
3575 4209 3681 4263 ait:

2107 4320 2126 4354 ι
2169 4302 2280 4371 Ego
2315 4301 2459 4356 enim
2508 4301 2649 4356 dabo
2683 4300 2839 4356 vobis
2878 4315 2939 4354 os
2978 4308 3034 4354 et
3071 4299 3416 4368 sapientiam,
3451 4317 3470 4350 ›
3502 4307 3608 4353 etc.

2173 4396 2261 4452 19.
2318 4395 2396 4450 Ex
2428 4394 2624 4464 quibus
2659 4394 2966 4449 ostenditur
2994 4392 3314 4462 sapientiam
3359 4407 3479 4462 qua:
3516 4390 3682 4447 disci-

2101 4486 2244 4557 pulis
2271 4487 2432 4540 datur
2455 4502 2484 4540 a
2512 4485 2653 4540 Filio
2679 4484 2919 4554 Spiritus
2946 4483 3121 4538 sancti
3153 4497 3273 4536 esse
3305 4481 3629 4551 sapientiam
3658 4499 3672 4534 :

2029 4607 2075 4663 D
2104 4589 2159 4634 et
2188 4579 2496 4634 doctrinam
2541 4576 2776 4642 Spiritus
2818 4575 3019 4642 sancti,
3055 4573 3266 4628 Domini
3310 4588 3432 4628 esse
3481 4573 3686 4627 doctri-

2108 4687 2233 4726 nam
2273 4689 2287 4724 :
2327 4683 2606 4738 unumque
2639 4677 2847 4722 naturae
2875 4676 2930 4720 et
2964 4663 3262 4718 voluntatis
3295 4678 3417 4718 esse
3455 4677 3684 4718 consor-

2108 4765 2243 4818 tium
2295 4759 2534 4830 Spiritus
2569 4757 2744 4814 sancti
2794 4772 2916 4811 cum
2949 4754 3108 4809 Filio.
3163 4753 3230 4808 Et
3273 4755 3400 4823 quia
3435 4753 3690 4822 superius

2106 4857 2536 4911 demonstratum
2577 4861 2663 4907 est
2693 4852 2903 4905 socium
2951 4863 3072 4903 esse
3103 4862 3201 4917 per
3232 4857 3483 4900 naturam
3515 4845 3689 4913 Spiri-

2106 4956 2220 5000 tum
2259 4942 2551 5014 Unigenitn
2600 4941 2731 5004 Dei,
2779 4949 2835 4995 et
2871 4940 2980 4994 Deo
3021 4937 3170 4992 Patri
3207 4953 3222 4990 :
3253 4935 3423 4990 Filius
3463 4950 3593 4989 vero
3632 4946 3691 4990 et

2104 5035 2271 5091 Pater
2302 5051 2465 5089 unum
2497 5043 2645 5100 sunt,
2669 5032 2824 5101 juxta
2858 5031 2986 5086 illud
3013 5051 3027 5085 :
3066 5048 3086 5082 ‹
3121 5029 3234 5099 Ego
3256 5039 3312 5083 et
3335 5027 3496 5082 Pater
3518 5042 3688 5080 unum

2107 5144 2296 5185 sumus
2322 5127 2367 5160 ⁹¹
2395 5169 2408 5183 .
2453 5145 2472 5178 ›
2517 5141 2626 5180 non
2662 5124 2835 5179 divisa
2881 5121 2982 5195 [αι.
3015 5119 3275 5193 indivisa]
3307 5119 3371 5175 et
3405 5120 3686 5188 insepara—

2297 5283 2342 5315 τ’
2375 5279 2532 5336 Joan.
2555 5295 2638 5346 ut,
2664 5278 2754 5335 16.
2827 5278 2874 5311 ⁸⁸
2917 5277 3039 5332 lsai.
3071 5291 3268 5338 xxxru,
3294 5274 3395 5340 22;
3430 5289 3594 5336 xxxv,
3629 5274 3682 5346 ᾖ.

2150 5355 2198 5385 ⁸⁸
2227 5354 2458 5421 Philipp.
2497 5369 2556 5414 ll,
2599 5344 2652 5405 17.
2728 5351 2776 5383 ⁸⁸
2813 5350 2828 5402 l
2871 5349 2995 5404 Cor.
3027 5362 3072 5414 I,_
3099 5349 3153 5403 9.
3227 5347 3274 5380 ⁸⁵
3313 5347 3332 5399 l
3368 5346 3522 5401 Joan.
3553 5359 3594 5410 t,
3628 5344 3688 5398 Ἰ.

2178 5425 2310 5477 Luc.
2341 5439 2453 5477 xxI.
2495 5423 2582 5477 14.
2623 5421 2710 5477 lii.
2788 5420 2833 5452 “
2871 5420 3027 5475 Joan.
3073 5433 3131 5477 x,
3159 5417 3246 5472 50.

493 5549 606 5620 (35)
649 5545 869 5602 Tholos.
908 5561 1038 5612 ms.,
1071 5563 1091 5597 ι
1130 5543 1234 5610 Qui
1265 5543 1431 5599 habet
1472 5546 1725 5598 mandata
1761 5557 1904 5609 mea,
1947 5553 2004 5599 et
2101 5545 2199 5620 qui
2237 5555 2418 5599 tamen
2462 5542 2604 5600 haud
2642 5551 2794 5598 recte
2823 5556 2950 5597 mox
2984 5540 3148 5594 habet
3179 5535 3405 5593 ἅνούσια
3438 5549 3535 5605 pro
3561 5534 3685 5588 ἀνο-

425 5629 624 5676 9crvat,
661 5637 680 5670 ι
721 5626 828 5672 etc.

852 5689 941 5742 hic
977 5697 1145 5760 atque
1178 5683 1321 5760 intra
1354 5692 1726 5760 constanter__¢
1755 5697 1998 5760 commu-

424 5753 638 5815 niiinern
662 5778 681 5811 ι
705 5774 802 5828 pro
824 5776 846 5810 ι
874 5753 1423 5812 connnnnicatiouetn
1449 5775 1467 5807 ι
1499 5755 1646 5824 legit.
1673 5753 1790 5808 Mox
1821 5773 1840 5804 ‹
1871 5757 1996 5822 quia

422 5832 588 5902 igitur
620 5831 950 5902 quicunque,
991 5847 1009 5879 ι
1045 5837 1151 5902 etc.

501 5900 613 5972 (5'1)
639 5893 983 5956 ’Antea'erat
1013 5917 1032 5950 ς
1066 5897 1327 5964 ejusdem,
1366 5915 1386 5951 ι
1435 5895 1786 5954 dissentiente
1817 5893 1992 5952 Vatic.

2102 5619 2322 5687 μούσια.

2169 5688 2283 5756 (58)
2329 5686 2494 5743 Vetus
2524 5685 2692 5742 editio
2731 5703 2758 5736 ι.
2787 5698 2851 5739 ex
2879 5681 3179 5756 dimidio.)
3231 5675 3572 5756 concinnius.

2166 5747 2280 5827 ('39)
2319 5757 2484 5814 Addit
2527 5757 2702 5815 Vatic.
2729 5770 2852 5812 cum
2895 5748 3236 5816 veteriedit.,
3275 5765 3294 5800 ι
3331 5747 3383 5802 id
3425 5757 3530 5810 est,
3563 5759 3684 5798 scr-

2097 5844 2333 5885 mortem.
2376 5846 2400 5881 ι
