4034 6404
431 366 560 421 ιιιδι

1658 368 1891 424 DlDYMi
1931 371 2403 428 ALEXANDRINI

3528 387 3668 442 1052

433 486 578 550 bilis,
621 484 916 537 secundum
958 493 1232 547 naturam,
1266 492 1482 537 ostensa
1518 492 1600 536 est
1638 483 1897 538 Trinitas.
1943 482 1996 536 In
2028 491 2072 542 Α
2103 485 2170 534 ab
2209 484 2314 536 alio
2359 484 2678 552 sapientiam
2713 523 2723 535 .
2785 500 2956 554 neque
2986 500 3080 553 per
3113 487 3385 556 cujusdam
3437 494 3667 554 alterius

423 579 530 632 alio
561 591 773 645 quoque
802 575 1091 643 Evangelia
1121 575 1319 628 dicitur
1349 591 1363 628 :
1393 593 1410 625 ι
1455 574 1567 628 Non
1587 578 1730 628 enim
1755 591 1847 629 vos
1865 577 1998 628 estis

419 669 512 738 qui
546 667 845 735 loquimini,
897 667 986 720 sed
1026 663 1257 733 Spiritus
1280 664 1457 720 Patris
1494 667 1655 718 vestri
1679 667 1770 734 qui
1822 666 1993 733 loqui-

423 771 512 814 tur
535 760 586 813 in
611 759 760 813 vobis
786 760 856 812 9'.
890 778 909 811 ι
936 759 990 812 Si
1018 774 1147 827 ergo
1173 759 1406 828 Spiritus
1440 757 1617 810 Patris
1653 758 1705 810 in
1740 757 1996 826 apostolis

423 853 677 920 loquitur,
725 852 920 905 docens
960 866 1053 904 eos
1084 867 1202 920 quae
1241 851 1470 904 debeant
1526 852 1886 918 respondere,
1939 861 1995 903 et

421 960 541 1013 quae
595 945 859 998 docentur
913 959 941 996 a
998 941 1199 1010 Spiritu
1237 943 1500 1010 sapientia
1546 953 1649 1003 est,
1683 957 1844 1010 quam
1886 957 1989 996 non

419 1052 704 1106 possumus
741 1037 898 1088 aliam
935 1044 1126 1104 praeter
1168 1033 1360 1087 Filium
1392 1035 1726 1104 intelligere,
1789 1035 1990 1100 liquido

418 1135 640 1191 apparet
685 1125 920 1193 ejusdem
955 1133 1157 1177 naturae
1192 1123 1449 1191 Spiritum
1482 1141 1603 1179 eSse
1646 1142 1767 1179 cum
1809 1125 1948 1180 Filio
1972 1169 1985 1192 ,

416 1227 466 1267 et
499 1231 619 1268 cum
671 1213 863 1280 Patre,
911 1215 1062 1280 cujus
1117 1213 1350 1282 Spiritus
1407 1224 1509 1270 est.
1550 1215 1717 1270 Porro
1742 1216 1898 1270 Pater
1933 1228 1987 1271 et

415 1305 584 1359 Filius
624 1322 784 1358 unum
822 1316 966 1359 sunt.
1024 1306 1188 1376 Igitur
1232 1305 1471 1362 Trinitas
1517 1308 1832 1362 substantiae
1864 1310 1984 1362 uni-

417 1406 525 1450 tate
568 1397 821 1449 soviatur.

487 1489 577 1542 20.
620 1487 722 1542 Per
748 1489 886 1541 aliud
938 1504 1153 1557 quoque
1183 1488 1583 1558 Scripturarum
1636 1491 1980 1560 exemplum,

416 1579 700 1635 Trinitatis
755 1585 931 1635 unitas
972 1592 1026 1634 et
1065 1593 1255 1635 natura
1288 1581 1421 1652 (40),
1456 1592 1510 1636 et
1544 1583 1714 1653 virtus
1745 1584 1982 1636 ostendi-

416 1681 520 1726 tur.
545 1670 711 1726 Filins
741 1682 793 1725 et
836 1687 1048 1738 manus,
1090 1682 1144 1726 et
1185 1673 1427 1737 dextera,
1472 1683 1526 1727 et
1567 1675 1845 1728 brachium
1877 1673 1980 1727 Pa-

410 1766 510 1820 tris
560 1765 775 1819 dicitur.
833 1765 982 1818 Sicut
1021 1766 1212 1819 crebro
1260 1767 1575 1831 docuimus,
1608 1783 1671 1820 ex
1707 1769 1788 1821 his
1821 1784 1979 1822 voca-

409 1856 569 1922 bulis,
609 1857 768 1909 uuius
811 1867 1017 1910 natura:
1053 1855 1414 1912 indilTerentia
1449 1860 1854 1914 demonstratur
1881 1861 1976 1932 [αΙ.
2013 1827 2054 1881 Β

409 1947 826 2001 indilIerentiam
893 1947 1300 2019 demonstrari].
1362 1950 1598 2017 Spiritus
1635 1953 1798 2005 etiam
1846 1971 1974 2006 san-

405 2051 545 2101 ctus,
580 2039 774 2108 digitus
815 2037 934 2103 Dei,
970 2041 1265 2091 secundum
1298 2039 1729 2106 conjunctionem
1767 2055 1974 2097 natura:

407 2130 583 2184 Patris
643 2140 694 2183 et
743 2128 863 2183 Filii
914 2130 1244 2184 nominatur.
1304 2132 1579 2200 Siquidem
1643 2135 1694 2187 in
1750 2152 1856 2191 uno
1907 2139 1974 2190 de

409 2221 711 2290 Evangeliis
741 2224 1000 2275 adversus
1026 2239 1118 2278 eos
1145 2225 1234 2294 qui
1265 2225 1432 2295 signis
1465 2227 1674 2282 Domini
1716 2229 1976 2282 detrahe-

405 2315 566 2378 bant,
595 2315 836 2369 dicentes
866 2334 879 2369 :
917 2332 936 2364 (
979 2313 1035 2368 In
1064 2315 1362 2371 Beelzebub
1394 2319 1633 2386 principe
1677 2321 1970 2374 daatnoniu-

407 2421 523 2458 rum
570 2406 716 2476 rjicit
763 2407 1020 2460 (laztnonia
1054 2407 1131 2474 ⁸³,
1172 2427 1190 2458 ι
1240 2409 1527 2463 Sciscitans
1559 2408 1806 2466 Salvator
1850 2415 1923 2465 ait
1958 2432 1973 2468 :

409 2516 426 2547 ε
459 2495 513 2551 Si
545 2512 644 2566 ego
687 2498 736 2550 in
764 2496 1062 2553 Beelzebub
1096 2499 1254 2568 ejicio
1286 2501 1572 2566 daemonia,
1600 2503 1688 2555 lilii
1719 2504 1881 2557 vestri
1923 2505 1972 2558 in

402 2604 510 2656 quo
536 2588 798 2658 ejiciunt?
827 2587 882 2643 Si
912 2601 1085 2644 autem
1115 2607 1215 2662 ego
1264 2593 1315 2646 in
1345 2593 1509 2662 digito
1544 2595 1634 2648 Dei
1663 2596 1820 2665 ejicio
1861 2597 1970 2652 dse-

405 2679 584 2732 monia
642 2697 655 2732 :
710 2693 839 2750 ergo
872 2683 1181 2748 supervenit
1236 2683 1286 2736 in
1340 2699 1434 2738 vos
1479 2702 1700 2754 regnum
1730 2689 1818 2742 Dei
1849 2688 1917 2744 ".
1949 2709 1967 2741 ι

405 2769 559 2826 Hunc
616 2773 864 2827 eumdem
925 2774 1142 2839 locum,
1197 2775 1335 2829 alius
1402 2779 1728 2848 evangelista
1778 2783 1974 2836 descri-

409 2861 574 2925 bens,
603 2859 908 2930 loquentem
943 2863 1120 2919 intulit
1154 2866 1346 2920 Fllllllll
1380 2886 1394 2922 :
1433 2886 1450 2918 ι
1488 2866 1543 2921 Si
1578 2881 1756 2923 autem
1787 2888 1885 2941 ego
1919 2873 1970 2927 in

403 2949 605 3019 Spirittt
660 2953 747 3007 Dei
798 2953 956 3024 ejicio
988 2954 1251 3012 daemonia
1282 2960 1350 3012 ".
1394 2979 1412 3011 ι
1447 2959 1524 3012 Ex
1556 2961 1753 3028 quibus
1791 2974 1972 3017 osten-

405 3041 552 3096 ditur
583 3042 809 3114 digitum
847 3045 939 3100 Dei
973 3063 1093 3102 esse
1134 3048 1394 3118 Spiritum
1438 3062 1704 3107 sanctum.
1746 3052 1800 3107 Si
1843 3072 1971 3127 ergo

396 3133 716 3201 conjunctus
753 3145 837 3188 est
878 3136 1075 3204 digitus
1129 3140 1332 3202 manui,
1382 3150 1436 3194 et
1471 3158 1660 3197 manus
1713 3143 1760 3197 ei
1817 3146 1969 3216 cujus
1999 3171 2042 3233 ρ

395 3236 587 3276 manus
615 3235 734 3290 est;
789 3235 842 3278 et
889 3229 1090 3297 digitus
1124 3230 1241 3284 sine
1268 3231 1430 3287 dubio
1467 3234 1533 3287 ad
1566 3234 1684 3304 ejus
1713 3239 1969 3293 substan-

401 3313 528 3369 tiam
557 3316 807 3382 rel'ertur,
841 3319 994 3387 cujus
1025 3322 1221 3392 digitus
1256 3336 1358 3379 est.

467 3406 559 3465 2i.
598 3409 796 3463 Verum
831 3427 962 3467 cave
995 3430 1061 3468 ne
1093 3418 1157 3468 ad
1212 3417 1434 3472 humilia
1471 3420 1732 3489 dejectus,
1760 3432 1814 3477 et
1838 3424 1973 3478 obli-

403 3507 487 3554 tus
523 3505 787 3559 sermonis
813 3543 828 3568 ,
866 3507 933 3559 de
990 3523 1097 3574 quo
1127 3524 1268 3564 nunc
1326 3511 1654 3580 disputatur,
1717 3515 1972 3584 depingas

397 3590 449 3644 in
482 3593 662 3647 animo
711 3605 803 3649 tuo
831 3600 1192 3666 c0rpnralium
1228 3613 1442 3656 artuum
1473 3606 1814 3660 diversitates
1843 3624 1857 3671 ;
1909 3617 1964 3661 et

396 3684 622 3752 incipias
686 3687 778 3740 tibi
841 3691 1259 3759 magnitudines,
1309 3705 1364 3748 et
1421 3697 1855 3766 inaequalitates,
1913 3708 1968 3752 et

395 3785 589 3828 caetera
630 3789 915 3845 corporum
949 3781 1153 3844 majora
1201 3783 1284 3836 vel
1328 3785 1534 3839 minora
1573 3788 1813 3840 membra
1839 3803 1970 3841 cou-

395 3864 637 3932 tingere;
690 3867 875 3922 dicens
927 3871 1153 3940 digitum
1221 3889 1248 3927 a
1305 3891 1504 3944 manu,
1553 3887 1606 3932 et
1647 3894 1863 3932 manum
1902 3882 1968 3935 ab

393 3970 460 4009 eo
487 3955 642 4023 cujus
669 3969 750 4012 est
784 3973 978 4013 manus
1000 4001 1014 4025 ,
1039 3963 1218 4015 multis
1262 3964 1713 4033 inmqualitatibus
1765 3971 1972 4025 diSt-re-

392 4063 524 4118 pare
551 4089 566 4112 ,
621 4050 746 4118 quia
777 4054 842 4105 de
893 4053 1324 4121 incorporalibus
1379 4073 1520 4112 nunc
1561 4057 1842 4127 Srriptura
1887 4063 1969 4116 lo-

392 4139 598 4208 quitur,
636 4143 899 4196 nnitatem
933 4153 1137 4198 tantum
1191 4148 1393 4210 volens,
1437 4165 1540 4202 non
1594 4151 1756 4202 etiam
1805 4168 1958 4205 men-

393 4245 575 4285 suram
620 4231 938 4288 substantia:
966 4237 1337 4291 demonstrare
1373 4254 1387 4290 ε
1432 4239 1570 4292 sicut
1598 4243 1742 4293 enim
1776 4256 1970 4296 manus

395 4340 497 4378 non
529 4326 786 4378 dividitur
820 4342 847 4379 a
879 4342 1129 4398 corpore,
1168 4345 1262 4398 per
1317 4345 1479 4398 quam
1532 4342 1724 4385 cuneta
1762 4332 1971 4399 perlicit

391 4428 444 4469 et
475 4428 754 4484 operatur,
793 4427 846 4472 et
882 4418 1025 4474 ineo
1063 4428 1169 4486 est,
1206 4420 1358 4487 cujus
1391 4431 1474 4476 est
1506 4437 1698 4477 manus
1743 4440 1758 4478 :
1799 4425 1878 4477 sic
1914 4432 1970 4478 et

2101 576 2377 643 sapientiae
2427 577 2936 644 participationem,
2975 581 3185 646 sapiens
3212 585 3539 640 nominatur.
3574 589 3664 644 Si-

2099 670 2312 737 quidem
2366 669 2516 723 multi
2567 670 2834 738 sapientes
2869 671 3138 728 dicuntur.
3186 688 3285 726 non
3335 690 3398 728 ex
3439 693 3532 731 sua
3570 697 3657 734 na-

2098 770 2255 828 tura,
2309 762 2405 816 sed
2465 776 2530 815 ex
2611 763 3093 818 communicatione
3163 767 3454 832 sapientiae.
3517 768 3658 828 Deus

2096 868 2224 906 vero
2290 867 2394 906 non
2477 852 2698 906 alterius
2778 854 3051 918 sapientiaa
3098 858 3503 925 participatione
3558 881 3654 918 ne-

2093 960 2197 1012 que
2252 943 2467 998 aliunde
2518 946 2734 1013 sapiens
2786 945 3029 1012 ell‘cctus,
3115 949 3286 1006 dictus
3367 964 3448 1007 est
3509 958 3655 1013 solus

2091 1036 2346 1103 Sapiens,
2417 1044 2473 1089 et
2522 1051 2788 1098 generans
2845 1038 3157 1105 sapientiam
3189 1079 3205 1104 ,
3274 1052 3329 1096 et
3377 1045 3508 1100 alios
3559 1047 3652 1101 fa—

2089 1125 2240 1178 ciens
2276 1125 2572 1192 sapientes.
2613 1126 2743 1192 Qnaa
2797 1130 3056 1196 sapientia
3111 1129 3367 1188 Dominus
3415 1147 3497 1189 est
3556 1155 3652 1192 no-

2088 1226 2200 1269 ster
2231 1215 2386 1270 Jesus
2436 1217 2684 1272 Christus
2715 1219 2806 1286 qui
2837 1220 3033 1272 dicitur
3072 1221 3163 1275 Dei
3218 1225 3408 1287 virtus,
3443 1239 3498 1280 et
3553 1227 3648 1284 Dei

2087 1309 2352 1376 sapientia
2387 1310 2455 1362 ’⁸.
2525 1309 2757 1378 Spiritus
2787 1328 3000 1379 quoque
3053 1325 3268 1369 sanctus
3325 1317 3519 1371 dicitur
3551 1337 3638 1374 sa-

2085 1403 2282 1470 pientia
2321 1402 2456 1473 (42).
2501 1403 2777 1472 Siquidem
2811 1414 2865 1458 et
2902 1406 2953 1458 in
2991 1408 3255 1461 veteribus
3282 1407 3432 1462 libris
3478 1411 3646 1465 refer-

2087 1504 2211 1556 tur,
2251 1494 2509 1562 repletum
2535 1510 2656 1550 esse
2705 1495 2886 1551 Jesum
2936 1495 3078 1550 Nave
3116 1513 3144 1551 a
3183 1499 3405 1553 Domino
3455 1505 3641 1570 spiritu

2082 1586 2380 1651 sapientiai.
2419 1585 2568 1640 Sicut
2596 1604 2725 1656 ergo
2755 1589 2899 1643 solus
2943 1592 3157 1657 sapiens
3199 1591 3366 1656 Deus,
3413 1610 3517 1648 nun
3556 1612 3644 1650 ac-

2082 1676 2289 1743 cipiens
2317 1677 2532 1731 aliunde
2560 1681 2903 1747 sapientiam,
2933 1682 3024 1735 sed
3053 1684 3323 1747 sapientes
3356 1683 3557 1741 faciens
3587 1697 3642 1742 et

2083 1783 2354 1837 generans
2385 1769 2700 1837 sapientiam
2736 1789 2749 1824 :
2780 1772 2923 1825 solus
2953 1782 3035 1826 est
3069 1775 3300 1841 sapiens,
3336 1788 3485 1830 extra
3521 1795 3639 1832 om-

2085 1873 2180 1913 nes
2233 1861 2322 1928 qni
2356 1876 2450 1928 per
2481 1863 2931 1931 nuncupationem
2983 1864 3100 1928 ejus
3148 1870 3416 1935 sapientes
3458 1870 3641 1923 dicun-

2083 1957 2170 2002 tur
2197 1968 2209 2002 :
2237 1949 2546 2004 «Multitudo
2567 1955 2762 2021 quippe
2790 1956 3110 2022 sapientium
3130 1959 3272 2012 salus
3301 1961 3479 2014 mundi
3505 1962 3574 2026 ’7;
3616 1981 3634 2012 ι

2081 2050 2169 2103 et,
2206 2059 2224 2092 ι
2274 2041 2374 2106 Qui
2413 2045 2729 2112 semetipsos
2769 2058 3128 2113 cngnoscnnt,
3177 2050 3227 2102 hi
3281 2061 3400 2104 sunt
3439 2054 3643 2115 sapien-

2081 2139 2160 2185 tes
2176 2130 2279 2193 ⁹⁸;›
2315 2142 2368 2183 et
2410 2146 2619 2183 rursum
2657 2151 2669 2186 :
2703 2150 2722 2182 ι
2751 2132 2882 2186 Cum
2911 2133 3076 2189 fueris
3138 2151 3257 2189 cum
3285 2139 3637 2204 sapientibus,

2078 2220 2290 2289 sapiens
2325 2221 2434 2274 eris
2459 2221 2538 2275 ἐς
2577 2241 2595 2272 ι
2634 2223 2712 2276 sic
2741 2233 2795 2276 et
2824 2223 3054 2294 Spiritus
3093 2238 3316 2280 sanctus
3363 2245 3464 2281 non
3501 2230 3642 2283 acci-

2077 2311 2231 2380 piens
2284 2311 2499 2365 aliunde
2531 2313 2896 2380 sapientiam,
2945 2315 3122 2368 dictus
3171 2325 3251 2369 est
3293 2318 3510 2384 spiritus
3555 2333 3642 2372 sa-

2077 2403 2324 2471 pientiae;
2362 2404 2464 2456 hoc
2509 2405 2653 2456 enim
2707 2404 2876 2471 ipsum
2919 2403 3058 2472 quod
3111 2405 3382 2470 subsistit,
3418 2407 3637 2476 spiritus

2076 2491 2350 2558 sapientia:
2395 2503 2515 2544 est:
2546 2501 2600 2544 et
2633 2504 2818 2545 natura
2849 2493 3002 2562 ejus,
3049 2496 3182 2549 nihil
3213 2506 3295 2550 est
3345 2498 3486 2551 aliud
3536 2500 3637 2553 nisi

2080 2579 2317 2647 Spiritus
2355 2583 2603 2634 veritatis
2657 2594 2710 2636 ct
2746 2583 2979 2651 Spiritus
3017 2583 3134 2650 Dei,
3173 2587 3237 2640 de
3298 2588 3490 2655 quibus
3525 2588 3637 2658 jam

2075 2673 2409 2726 abundanter
2459 2672 2511 2725 in
2558 2671 2830 2726 Set-larum
2883 2675 3154 2730 volumine
3234 2678 3639 2746 disputavimus.

2081 2761 2236 2818 Unde
2268 2778 2336 2816 ne
2383 2763 2570 2817 eadem
2603 2763 2869 2833 superﬂue
2904 2766 3240 2836 replicemus,
3292 2770 3525 2822 contenti
3557 2772 3636 2824 si-

2073 2868 2194 2908 mus
2221 2853 2586 2922 disputatione
2614 2856 2904 2921 przelerita.

2142 2945 2235 3000 22.
2277 2945 2389 3015 (44)
2411 2944 2544 3012 Quia
2587 2946 2751 3013 igitur
2784 2945 3303 3020 Spirit‘nssamentia:
3322 2962 3372 3006 et
3395 2951 3640 3008 veritatis

2074 3037 2509 3108 inseparabiliter
2533 3053 2653 3095 cum
2693 3038 2829 3094 Filio
2855 3051 2935 3096 est
2961 3083 2976 3107 ,
3035 3044 3146 3112 ipse
3185 3060 3394 3113 quoque
3431 3046 3641 3113 sapien-

2077 3130 2146 3184 tia
2171 3131 2419 3185 subsistit
2454 3143 2507 3187 et
2528 3134 2750 3188 veritas.
2801 3133 2856 3188 Si
2887 3137 3028 3189 enim
3056 3151 3221 3205 capax
3261 3147 3400 3191 esset
3427 3153 3640 3208 sapien-

2077 3221 2164 3274 tiaa
2191 3231 2245 3276 et
2269 3223 2530 3289 veritatis,
2560 3225 2612 3278 in
2651 3225 2701 3279 id
2724 3225 3017 3296 aliquando
3061 3229 3424 3292 descenderet,
3456 3237 3514 3282 nt
3544 3230 3640 3283 de-

2073 3313 2276 3368 sineret
2302 3315 2499 3370 habere
2524 3317 2666 3385 quod
2699 3319 2914 3374 aliunde
2954 3332 3296 3388 susceperat,
3354 3320 3406 3374 id
3444 3329 3525 3374 est
3559 3336 3641 3374 sa-

2074 3403 2329 3468 pientiam
2355 3417 2410 3458 et
2448 3407 2753 3464 veritatem.
2797 3408 2863 3464 Et
2901 3409 3064 3464 Filius
3104 3412 3363 3478 sapientia
3402 3422 3455 3466 et
3485 3411 3626 3464 veri-

2074 3501 2158 3547 tas
2193 3495 2307 3562 ipse
2331 3497 2655 3561 subsistens,
2689 3516 2794 3552 non
2820 3511 3104 3570 separatur
3130 3517 3158 3553 a
3189 3500 3364 3565 Patre,
3407 3503 3494 3569 qui
3543 3517 3633 3556 so-

2071 3584 2154 3639 lus
2197 3587 2410 3655 sapiens
2441 3598 2492 3641 et
2524 3590 2749 3656 veritas,
2803 3590 3202 3661 Scripturarum
3236 3593 3450 3645 vocibus
3496 3607 3637 3660 pra:-

2072 3676 2310 3731 dicatur.
2346 3677 2606 3733 Eumdem
2635 3681 2896 3735 circulum
2929 3683 3146 3736 unitatis
3182 3692 3341 3751 atque
3381 3682 3637 3736 substan-

2075 3770 2163 3824 tiae
2191 3768 2426 3838 Spiritus
2464 3775 2636 3827 sancti
2665 3773 2789 3845 [leg.
2823 3772 3077 3843 Spiritum
3107 3771 3373 3844 sanctum]
3403 3813 3416 3836 ,
3449 3789 3641 3828 secun-

2072 3861 2195 3915 dmn
2233 3863 2284 3915 id
2327 3865 2469 3930 quod
2494 3866 2774 3933 sapientiae
2809 3877 2862 3921 et
2891 3867 3132 3920 veritatis
3172 3875 3253 3920 est
3284 3866 3501 3934 spiritus
3522 3905 3536 3929 ,
3560 3866 3640 3919 vi-

2071 3952 2262 4006 demus
2298 3955 2498 4008 habere
2538 3971 2659 4010 cum
2707 3955 2846 4010 Filio
2880 3955 3014 4027 (45),
3050 3969 3102 4009 et
3129 3972 3335 4010 rursum
3378 3957 3567 4009 Filium
3607 3974 3636 4011 a

2070 4040 2250 4097 Patris
2279 4060 2382 4098 non
2416 4046 2722 4116 discrepare
2756 4035 3078 4102 substantia.
3112 4049 3240 4103 Cum
3268 4060 3441 4102 autem
3467 4047 3638 4104 Filius

2071 4133 2248 4201 imago
2285 4134 2355 4186 sit
2381 4131 2474 4186 Dei
2513 4135 2826 4201 invisibilis,
2852 4145 2905 4191 et
2956 4136 3124 4190 forma
3154 4137 3464 4189 substantia:
3495 4137 3634 4206 ejus,

2070 4225 2379 4293 quicunque
2429 4225 2495 4279 ad
2529 4226 2672 4280 hanc
2728 4228 3048 4298 imaginem,
3079 4228 3158 4280 vel
3203 4227 3424 4282 formam
3456 4229 3638 4298 imagi-

2071 4324 2290 4380 nantur,
2315 4326 2474 4384 atque
2513 4317 2834 4382 formantur,
2867 4320 3204 4373 adducuntur
3231 4319 3282 4373 iu
3332 4320 3634 4374 similitudi-

2072 4423 2196 4461 nem
2229 4407 2319 4461 Dei
2357 4408 2542 4475 :juxta
2576 4412 2720 4466 vires
2756 4421 2931 4465 tamen
2973 4413 3191 4465 humani
3231 4411 3497 4480 profectus
3519 4453 3535 4477 ,
3563 4413 3637 4466 is-

389 4508 588 4574 digium
651 4527 754 4563 ηοη
809 4523 1094 4580 ερρυηηιη.
1122 4529 1152 4566 a
1190 4529 1372 4577 manu,
1404 4513 1556 4581 cuius
1600 4525 1683 4568 εει
1744 4515 1962 4585 digitus.
1994 4525 2049 4589 Β
2075 4499 2328 4554 tiusmodi
2361 4500 2587 4555 formam
2642 4511 2698 4556 et
2731 4503 3014 4572 imaginem
3040 4512 3440 4571 consequentes.
3473 4503 3637 4557 Simi-

391 4597 572 4667 ltaque
621 4601 784 4666 rejice
849 4603 1242 4672 ina'qualilalcs
1287 4615 1340 4658 et
1373 4603 1682 4670 mensuras,
1739 4622 1861 4660 cum
1898 4607 1962 4662 de

391 4686 501 4742 Deo
525 4683 758 4758 COgitzts,
794 4704 847 4746 et
885 4695 1123 4763 inlellige
1155 4695 1305 4766 digiti
1342 4705 1395 4749 et
1428 4712 1617 4748 manus
1641 4737 1657 4762 ,
1713 4705 1767 4750 et
1809 4698 1972 4750 totius

390 4781 707 4835 Substantia:
757 4787 1012 4839 unitatem
1045 4805 1060 4840 :
1093 4803 1200 4855 quo
1247 4787 1416 4856 digito
1445 4788 1527 4841 lex
1561 4786 1674 4858 (41)
1727 4786 1777 4840 in
1818 4787 1969 4840 labu-

393 4865 460 4922 lis
491 4871 714 4940 lapideis
747 4877 945 4944 scripta
974 4889 1079 4931 est.
1112 4878 1213 4931 Per
1239 4880 1399 4932 aliam
1441 4895 1655 4948 quoque
1715 4880 1967 4948 Scriptu-

393 4973 514 5012 ram
541 5002 556 5023 ,
595 4962 714 5015 lidei
746 4977 941 5019 nostra:
971 4969 1338 5034 probationem
1371 4978 1673 5023 monstrare
1710 4968 1966 5037 perfacile

394 5060 497 5103 est.
533 5050 690 5103 Solus
720 5055 932 5120 sapiens
969 5058 1151 5110 dictus
1179 5070 1262 5112 est
1305 5059 1445 5112 Dens
1494 5077 1508 5113 :
1551 5077 1656 5113 non
1695 5061 1965 5129 accipiens

460 5141 507 5171 "
543 5140 729 5213 Matth.
758 5161 810 5206 x,
845 5145 936 5200 20.
1034 5149 1080 5180 ⁸³
1127 5147 1255 5204 Luc.
1299 5168 1374 5213 x1,
1416 5153 1498 5207 15.

389 5208 482 5262 26.
557 5211 603 5242 ⁸⁸
639 5210 764 5277 Sap.
800 5230 891 5277 xv,
918 5216 974 5270 '5.
1050 5218 1092 5249 ⁸⁸
1115 5218 1274 5272 Prov.
1309 5208 1432 5286 xttt,
1455 5227 1546 5277 20.

395 5394 414 5438 ι
466 5317 577 5388 (l0)
619 5319 785 5440 V‘etus
822 5325 1110 5379 edit.'cum
1146 5327 1366 5382 Tholos.
1405 5347 1529 5394 ms.,
1577 5351 1596 5384 ι
1639 5349 1742 5388 una
1773 5346 1827 5389 et
1863 5352 1960 5391 ua-

419 5404 536 5440 lll'il.
573 5407 590 5438 ι
624 5407 651 5440 e
681 5405 730 5440 C.

419 5404 536 5451 m-a,
573 5407 590 5438 ι
624 5404 730 5442 etc.

465 5479 576 5550 (41)
621 5479 815 5561 Earl-un
848 5499 967 5561 cum
1013 5486 1157 5552 Vat.,
1211 5507 1230 5538 ‹
1289 5490 1451 5544 totius
1488 5493 1732 5561 corporis
1775 5496 1958 5548 unita-

399 5554 502 5600 tem
534 5566 640 5616 quo
671 5552 838 5620 digito
865 5562 919 5606 et
955 5553 1060 5619 lex,
1106 5575 1124 5606 ι
1159 5569 1264 5612 etc.

465 5641 575 5712 (Η)
615 5641 712 5695 Ms.
741 5642 985 5708 Tholos.,
1026 5665 1044 5696 ι
1077 5646 1306 5714 Spiritus
1331 5649 1525 5703 dicitur
1545 5650 1826 5719 sapientia.
1861 5675 1881 5708 ι

466 5733 679 5811 (ιδ-μ)
699 5735 832 5790 iliuc
855 5740 1149 5811 secundum
1182 5740 1372 5795 librum
1399 5744 1748 5811 auspicantur
1771 5747 1960 5803 hucus-

395 5812 499 5867 que
543 5804 670 5858 editi
706 5817 890 5862 contra
927 5823 1027 5864 ms.
1065 5810 1223 5867 [idem
1258 5804 1537 5884 ipsiusque
1565 5817 1838 5882 auctoris,
1873 5831 1953 5873 at-

1586 5155 1631 5186 ”
1666 5156 1794 5210 ibid.
1830 5157 1914 5220 19,
1949 5157 2040 5210 20.

1626 5226 1640 5254 ¹
1672 5223 1691 5276 l
1719 5226 1842 5280 Cor.
1871 5243 1968 5292 xu,
2011 5227 2065 5281 6.

2074 4593 2201 4646 liter
2222 4601 2278 4645 et
2309 4589 2543 4661 Spiritus
2576 4605 2795 4650 sanctus
2839 4611 2960 4649 cum
3011 4598 3082 4650 sit
3135 4594 3457 4665 signaculum
3507 4597 3632 4661 Dei,

2071 4682 2122 4736 hi
2149 4683 2236 4752 qui
2268 4682 2496 4736 formam
2521 4693 2575 4738 et
2602 4685 2887 4752 imaginem
2913 4686 3006 4741 Dei
3043 4687 3259 4756 capiunt
3280 4727 3293 4747 ,
3319 4687 3508 4754 signati
3538 4704 3634 4754 per

2067 4787 2216 4837 eum,
2257 4772 2305 4825 in
2344 4787 2409 4827 eo
2439 4774 2709 4829 ducuntur
2741 4779 2803 4829 ad
2833 4777 3162 4846 signaculum
3199 4776 3391 4829 Christi
3420 4779 3634 4844 sapien-

2069 4864 2156 4916 tiae
2183 4872 2238 4916 et
2269 4863 2541 4930 scientiae,
2573 4868 2792 4935 insuper
2822 4869 2924 4921 ﬁde
2949 4867 3109 4935 pleni.
3141 4885 3160 4918 ι
3192 4867 3320 4920 Nam
3346 4868 3634 4922 divisiones

2071 4954 2447 5022 Operationum
2501 4966 2646 5022 sunt,
2701 4959 2838 5010 idem
2890 4967 3064 5010 autem
3118 4958 3228 5025 ipse
3274 4956 3500 5024 Spiritus
3539 4957 3632 5024 qui

2071 5053 2324 5111 operatur
2348 5047 2527 5099 omnia
2562 5047 2615 5099 in
2650 5047 2942 5100 omnibus‘
2981 5047 3110 5116 (46).
3143 5066 3160 5097 ι
3206 5045 3469 5114 Operante
3503 5060 3634 5115 ergo

2153 5158 2200 5190 “
2228 5157 2418 5215 Matth.
2459 5177 2558 5226 xu,
2590 5161 2680 5216 28.
2775 5159 2861 5216 "l
2891 5160 3013 5215 Cor.
3045 5175 3082 5217 ι.
3115 5157 3204 5211 24.
3301 5157 3346 5188 ⁸⁷
3384 5154 3512 5226 Sap.
3552 5175 3628 5225 vt,

2065 5349 2171 5403 que
2204 5332 2518 5401 interpretis
2554 5343 2811 5390 mentem.
2866 5333 2990 5389 V'id.
3034 5333 3302 5402 praeﬁxam
3332 5331 3454 5386 huic
3480 5337 3630 5402 operi

2071 5405 2527 5458 Admonitionem.

2145 5473 2256 5540 (45)
2303 5472 2442 5527 Olim
2472 5483 2609 5536 erat,
2651 5493 2669 5524 ι
2706 5475 2947 5527 videmus
2977 5472 3198 5534 habere,
3226 5470 3481 5524 habemus
3510 5487 3632 5526 cum

2069 5542 2258 5596 Filio.»
2283 5543 2446 5616 Quod
2479 5544 2750 5616 Barthius,
2798 5552 3061 5616 eXpnncta
3092 5541 3481 5616 primumﬂvoce
3507 5540 3630 5607 Spi-

2068 5614 2229 5678 ritus,
2283 5612 2353 5664 ita
2403 5615 2679 5666 rontemlit
2731 5609 3145 5675 emendandum,
3188 5628 3206 5660 ε
3255 5609 3480 5662 vidimus
3505 5626 3632 5664 eum

2067 5682 2266 5736 habere
2297 5681 2558 5736 hactenus
2587 5698 2708 5736 cum
2742 5683 2895 5736 Filio.
2943 5699 2962 5732 ι

2146 5749 2260 5819 (46)
2295 5748 2512 5802 Plenius
2569 5753 2621 5804 in
2666 5751 2838 5805 Vatic.
2892 5766 2995 5804 ms.
3049 5763 3111 5803 ac
3157 5747 3329 5819 veteri
3375 5747 3630 5812 editione,

2083 5837 2102 5870 α
2140 5817 2440 5876 Divisiones
2497 5821 2694 5893 quippe
2720 5821 3063 5877 donatiouum
3098 5827 3242 5883 sunt,
3283 5817 3416 5869 idem
3446 5828 3628 5872 autem
