4034 6396
334 435 468 490 1053

1451 435 1653 492 LIBER
1690 435 1778 490 DE
1818 437 2089 496 Si‘lRlTU
2133 439 2420 494 SANC'I'O.

3439 441 3575 498 1054

327 553 487 608 Patre
517 549 864 619 multiplicem
895 551 1286 606 charismatum
1313 551 1728 623 plenitudinem,
1759 557 1896 609 mul-
1923 582 1970 627 Α
2073 558 2171 612 24.
2217 560 2331 613 Non
2363 557 2595 610 arbitror
2620 568 2939 624 qui-mquam
2967 563 3074 608 tam
3108 557 3384 611 vecordem
3411 570 3574 630 atque

329 644 538 713 tiplicat
571 658 689 696 eam
719 640 890 696 Filius
920 643 1308 698 subsistentem
1351 660 1446 713 per
1479 645 1736 715 Spiritum
1767 663 1895 700 san-

325 747 491 789 ctum.
527 751 546 786 ι
604 733 708 788 Alii
759 735 902 789 enim
939 750 1034 803 per
1085 734 1341 804 Spiritum
1381 739 1540 792 datur
1589 754 1770 794 sermo
1810 754 1897 794 sa-

325 826 561 894 pientiar.
617 825 723 878 Alii
767 841 896 878 vero
952 827 1222 891 scientiae,
1284 830 1582 884 secundum
1648 831 1895 885 eumdem

323 915 592 984 spiritum.
618 915 722 969 Alii
753 917 884 971 ﬁdes
936 918 988 970 in
1035 919 1225 973 eodem
1274 921 1510 990 spiritn',
1552 941 1570 972 ι
1609 930 1662 975 et
1699 933 1893 976 caetera

325 1021 444 1075 qua:
476 1007 544 1061 ab
576 1007 832 1073 Apostolo
865 1022 1179 1064 enumerata
1211 1022 1336 1066 sunt
1369 1011 1506 1066 dona
1527 1053 1543 1075 .
1573 1015 1768 1082 quibus
1797 1017 1894 1068 ad-

322 1098 515 1152 ditur:
553 1116 572 1148 σ
615 1098 740 1153 llaec
785 1109 964 1153 autem
1009 1103 1190 1156 omnia
1236 1113 1494 1170 operatur
1540 1121 1680 1159 unus
1733 1114 1895 1176 atque

323 1187 463 1241 idem
501 1186 734 1256 Spiritus
771 1207 784 1242 :
822 1189 1066 1244 dividens
1098 1192 1325 1261 singulis
1359 1203 1518 1262 prout
1553 1195 1664 1247 vult
1691 1195 1732 1249 ³.
1779 1215 1797 1246 ι

389 1279 483 1336 25.
513 1277 669 1334 Unde
712 1280 954 1336 dicentes
980 1285 1360 1352 operatrieem,
1395 1293 1449 1338 et
1479 1285 1592 1357 (47)
1619 1295 1676 1338 ut
1705 1286 1776 1340 ita
1809 1287 1893 1340 di-

321 1368 906 1432 cam,distrlbutricem
953 1382 1199 1426 naturam
1238 1372 1472 1443 Spiritus
1511 1377 1705 1442 sancti,
1786 1394 1891 1432 non

322 1459 654 1514 abducantur
687 1463 755 1514 ab
789 1461 874 1517 his
903 1465 994 1531 qui
1031 1465 1216 1520 dicunt
1257 1469 1628 1536 operationem
1655 1510 1672 1537 ,
1702 1481 1757 1524 et
1787 1487 1894 1525 non

321 1552 675 1608 substantiam
715 1553 809 1610 Dei
841 1571 961 1610 esse
993 1557 1254 1626 Spiritum
1286 1569 1552 1616 sanctum.
1581 1560 1646 1616 Et
1679 1577 1742 1617 ex
1773 1562 1893 1618 aliis

319 1657 532 1712 quoque
579 1645 824 1714 plurimis
877 1647 1008 1702 locis
1058 1649 1357 1706 subsistens
1418 1663 1610 1708 natura
1666 1655 1892 1710 demou-

319 1744 523 1789 stratur
576 1736 808 1806 Spiritus
844 1740 1065 1808 sancti;
1135 1752 1192 1796 ut
1240 1747 1291 1796 iu
1350 1744 1441 1798 illo
1479 1745 1620 1814 quod
1669 1748 1894 1815 apostoli

321 1826 564 1880 scribunt
595 1843 610 1880 :
653 1846 670 1878 ι
697 1828 885 1883 Visum
917 1839 999 1884 est
1025 1831 1167 1885 enim
1201 1830 1426 1902 Spiritui
1467 1843 1656 1889 sancto
1699 1842 1754 1889 et
1795 1851 1893 1890 no-

319 1917 481 1982 bis‘,»
513 1919 635 1987 quia
668 1920 767 1975 hoc
795 1921 936 1990 quod
969 1923 1187 1990 dicitur,
1230 1927 1432 1980 «visum
1458 1938 1563 1993 est,
1596 1945 1733 1983 rnon
1763 1943 1894 1999 ope-

323 2010 585 2066 rationem
632 2013 943 2081 signiﬁcat,
983 2018 1077 2070 sed
1119 2031 1370 2072 naturam
1426 2038 1440 2074 :
1481 2021 1713 2076 maxime
1764 2038 1884 2077 cum

316 2109 372 2154 et
408 2103 475 2156 de
526 2101 752 2160 Domino
801 2106 976 2161 simile
1021 2109 1150 2178 quid
1185 2112 1505 2180 reperiatur,
1541 2121 1637 2168 ut:
1676 2131 1696 2165 ι
1741 2113 1892 2169 Sicut

317 2189 544 2248 Domino
581 2195 755 2251 visum
798 2205 901 2259 est,
952 2198 1024 2251 ita
1066 2197 1267 2253 factum
1306 2211 1390 2256 est
1419 2201 1462 2253 '.
1495 2221 1512 2252 ι
1559 2202 1798 2274 Denique
1838 2216 1893 2260 et

315 2300 595 2341 sermones
649 2285 765 2354 ejus
817 2289 1115 2358 saepissime
1156 2290 1470 2346 lectitantur
1495 2333 1509 2358 ,
1549 2303 1609 2348 ut
1659 2294 1712 2348 in
1749 2294 1840 2349 illo
1873 2314 1888 2350 :

321 2393 339 2427 ι
370 2375 745 2446 Jejunantibus
778 2381 856 2434 eis
891 2390 946 2434 et
996 2381 1447 2448 ministrantibus,
1515 2404 1533 2436 ι
1565 2385 1615 2439 id
1661 2395 1744 2440 est
1765 2426 1780 2450 ,
1810 2386 1893 2441 tli-

315 2468 534 2538 scipulis
576 2469 807 2534 Christi,
851 2490 869 2524 ι
929 2472 1066 2526 dixit
1124 2472 1358 2544 Spiritus
1409 2487 1628 2532 sanctus
1665 2496 1680 2532 :
1719 2477 1891 2546 Sepa-

318 2572 432 2614 rate
464 2560 591 2615 mihi
623 2561 929 2616 Barnabam
979 2575 1033 2619 et
1062 2565 1306 2632 Saulum,
1349 2567 1402 2622 in
1433 2585 1568 2638 Opus
1626 2571 1691 2624 ad
1747 2573 1892 2640 quod

317 2653 498 2707 vocavi
530 2668 624 2708 eos
645 2654 685 2707 °.
721 2674 739 2706 ι
776 2654 904 2721 Quae
944 2672 1045 2711 vox
1107 2659 1405 2714 divinitatis
1451 2671 1507 2716 et
1556 2664 1895 2718 auctoritatis

317 2745 517 2813 iudex,
556 2762 661 2801 non
718 2761 976 2814 creatam,
1035 2752 1127 2805 sed
1175 2751 1470 2807 iucreatam
1533 2755 1892 2809 substantiam

323 2848 608 2894 monstrat.
637 2838 824 2910 Neque
871 2843 1016 2897 enim
1066 2842 1302 2912 Spiritus
1363 2855 1585 2900 sanctus
1644 2847 1701 2901 in
1749 2848 1896 2902 aliud

315 2932 582 3002 quoddam
622 2948 760 3002 opus
790 2935 1003 2988 vocavit
1043 2934 1343 2990 Barnabam
1370 2947 1426 2990 et
1465 2935 1687 2992 Paulum
1711 2977 1727 3004 ,
1755 2941 1895 3007 quod

315 3038 419 3076 non
458 3023 529 3078 sit
564 3023 740 3080 Patris
768 3036 822 3079 et
849 3025 1006 3094 Filii,
1047 3041 1170 3081 cum
1196 3027 1595 3093 ministerium,
1630 3031 1772 3098 quod
1819 3030 1898 3084 eis

313 3115 585 3171 commisit
635 3125 691 3172 et
730 3118 948 3172 tradidit
1011 3117 1264 3188 Spiritus,
1321 3119 1499 3176 Patris
1552 3132 1608 3175 et
1661 3122 1778 3178 Filii
1831 3123 1900 3182 sit

316 3205 695 3262 ministerium.
761 3209 843 3264 Ad
907 3208 1126 3266 Galatas
1175 3210 1373 3265 Paulus
1422 3210 1696 3276 loquitur:
1736 3231 1755 3265 ι
1799 3215 1899 3280 Qui

313 3298 457 3351 enim
482 3311 734 3368 operatus
755 3309 837 3355 est
867 3299 1028 3355 Petro
1047 3301 1096 3355 iu
1131 3301 1484 3372 apostolatum
1526 3306 1895 3360 Circumcisio-
1921 3325 1963 3381 ο

314 3389 432 3453 nis,
473 3399 728 3458 operatus
760 3399 842 3445 est.
871 3399 925 3446 et
962 3392 1092 3446 mihi
1118 3392 1172 3446 in
1205 3402 1390 3460 gentes
1419 3393 1554 3463 (48),
1584 3404 1638 3448 et
1686 3394 1890 3449 Barna-

315 3480 396 3534 ba:
425 3481 468 3533 ⁷.
499 3500 518 3533 ι
549 3480 760 3536 Pariter
785 3483 929 3538 enim
958 3484 1024 3536 ad
1054 3485 1302 3538 nationes
1334 3485 1571 3554 Spiritus
1592 3487 1762 3540 sancti
1795 3503 1894 3542 au-

316 3574 567 3628 ctoritate
596 3573 786 3628 directi
841 3584 987 3629 sunt.
1020 3574 1238 3631 Christo
1278 3591 1492 3646 quoque
1530 3588 1788 3646 operante
1838 3577 1892 3632 iu

318 3664 612 3732 apostolis,
647 3663 880 3732 Spiritus
902 3667 1229 3736 completum
1261 3678 1348 3734 est
1399 3669 1796 3734 ministerium,
1838 3679 1896 3722 ut

317 3754 417 3822 ipsi
450 3755 676 3824 apostoli
718 3758 1044 3813 conﬁtentur
1083 3774 1140 3814 se
1198 3759 1249 3813 in
1293 3759 1511 3814 Christo
1551 3761 1716 3830 loqui,
1749 3772 1805 3816 et
1845 3762 1896 3815 id

316 3845 458 3912 quod
492 3847 606 3901 suis
633 3847 804 3902 oculis
829 3849 1093 3915 viderunt,
1116 3859 1171 3904 et
1199 3851 1430 3905 ministri
1459 3847 1582 3905 lacti
1617 3861 1743 3906 sunt
1785 3851 1895 3922 (49)

315 3936 581 3991 sermonis
608 3977 624 4002 ,
659 3937 710 3992 id
741 3945 842 4001 est,
875 3938 1118 4005 Christi;
1171 3949 1225 3995 et
1260 3942 1662 4010 dispensatores
1695 3953 1899 4013 myste-

321 4026 522 4080 riorum
559 4027 675 4082 Dei.
699 4026 940 4098 Denique
971 4029 1127 4098 quasi
1160 4031 1520 4100 principatum
1547 4033 1600 4086 in
1656 4036 1902 4088 sacerdo-

317 4117 393 4170 tio
435 4119 809 4187 possidentes,
857 4130 911 4174 et
942 4120 1242 4176 initiatores
1293 4122 1417 4178 ﬁdei
1467 4140 1496 4178 a
1527 4124 1746 4180 Christo
1776 4135 1903 4181 sunt

319 4211 697 4276 demonstrati,
725 4213 938 4268 dicente
966 4232 981 4269 :
1017 4215 1253 4270 «Euntcs
1287 4216 1384 4280 ite,
1417 4226 1470 4271 et
1493 4217 1684 4272 docete
1710 4234 1902 4273 omnes

317 4315 538 4371 gentes,
567 4305 905 4375 baptizautes
934 4323 1030 4362 eos
1081 4308 1134 4361 in
1188 4308 1407 4362 nomine
1435 4306 1610 4363 Patris
1633 4349 1649 4374 ,
1678 4320 1730 4364 et
1760 4308 1903 4374 Filii,

316 4404 373 4448 et
399 4392 632 4465 Spiritus
656 4398 827 4452 sancti
845 4398 920 4452 ⁸.»
957 4399 1020 4452 Et
1045 4399 1186 4452 sicut
1235 4401 1524 4468 Apostolus
1578 4402 1768 4455 scribit
1815 4416 1906 4456 re-

318 4485 557 4540 ctissime
581 4504 596 4541 :
621 4507 639 4538 ι
666 4486 817 4543 Unus
840 4498 922 4544 est
941 4489 1215 4552 Dominus,
1245 4505 1346 4542 una
1367 4491 1517 4555 ﬁdes,
1543 4507 1706 4545 unum
1733 4492 1909 4560 bapti-

316 4593 432 4634 sma
460 4579 502 4630 ⁸.
532 4596 551 4628 ι
584 4577 716 4644 Quis
743 4595 847 4633 non
870 4595 935 4634 ex
968 4581 1080 4649 ipsa
1117 4590 1342 4649 cogetur
1376 4582 1602 4636 veritate
1635 4584 1910 4653 suscipere

2001 653 2253 706 insanqu
2281 653 2542 714 futurum,
2570 659 2628 701 ut
2676 649 2971 717 perfectum
3025 651 3288 719 baptisma
3321 663 3470 720 putet
3521 655 3572 708 id

2001 741 2145 810 quod
2191 742 2350 794 datur
2381 739 2434 792 in
2465 739 2679 792 nomine
2725 736 2905 792 Patris
2934 749 2988 793 et
3020 740 3164 808 Filii,
3214 743 3330 796 sine
3359 757 3574 796 assum-
3663 812 3667 821 Δ

2001 832 2187 900 ptione
2227 829 2459 899 Spiritus
2487 834 2696 899 sancti;
2728 843 2822 886 aut
2852 849 3041 887 rursus
3075 835 3125 886 in
3149 836 3362 888 nomine
3393 834 3572 889 Patris

2000 933 2054 975 et
2098 920 2331 990 Spiritus
2361 925 2557 988 sancti,
2593 923 2710 978 Filii
2739 925 3010 978 vocabulo
3038 927 3398 994 prtetermisso
3433 946 3447 981 :
3482 939 3569 981 aut

1998 1024 2147 1068 certe
2181 1015 2234 1068 in
2262 1017 2481 1070 nomine
2508 1015 2628 1070 Filii
2655 1027 2708 1070 et
2738 1015 2972 1086 Spiritus
3012 1019 3206 1083 sancti,
3239 1034 3343 1072 non
3369 1034 3552 1090 praepo

1997 1105 2103 1160 sito
2154 1108 2417 1162 vocabulo
2443 1106 2641 1161 Patris.
2701 1109 2853 1163 Licet
2879 1111 3022 1164 enim
3055 1111 3176 1178 quis
3219 1111 3388 1179 possit
3423 1113 3571 1166 exsi-

1998 1207 2147 1252 stere
2177 1198 2326 1252 saxei
2364 1199 2445 1264 (ut
2471 1200 2541 1250 ita
2575 1198 2774 1270 dicam)
2798 1202 3015 1266 cordis,
3041 1210 3094 1255 et
3128 1202 3343 1270 penitus
3375 1204 3572 1257 mentis

1997 1286 2184 1341 alienae
2208 1328 2223 1352 ,
2249 1288 2339 1356 qui
2369 1289 2441 1341 ita
2482 1289 2758 1356 baptizare
2789 1299 3033 1354 conetur,
3065 1301 3123 1345 ut
3149 1307 3312 1345 unum
3347 1293 3412 1346 de
3439 1308 3576 1361 pra:-

1997 1379 2168 1445 ceptis
2203 1380 2507 1433 nominibus
2539 1383 2920 1450 praetermittat
2944 1423 2958 1446 ,
2987 1385 3242 1439 videlicet
3266 1384 3574 1439 contrarius

1996 1467 2271 1538 legislator
2319 1469 2557 1533 Christi;
2614 1483 2792 1527 tatueu
2825 1474 2943 1528 sine
2983 1474 3311 1543 perfectione
3343 1475 3454 1544 (50)
3479 1475 3574 1528 ba-

1999 1560 2230 1628 ptizabit
2260 1601 2275 1626 ,
2308 1562 2414 1615 imo
2445 1563 2660 1630 penitus
2687 1579 2715 1617 a
2749 1566 2990 1633 peccatis
3017 1567 3249 1620 liberare
3272 1581 3379 1620 non
3429 1578 3574 1637 pote-

1999 1651 2088 1714 rit,
2121 1664 2258 1718 quos
2287 1668 2315 1704 a
2345 1666 2405 1706 se
2434 1653 2738 1721 baptizatos
2775 1653 3191 1708 existimaverit.
3230 1653 3306 1707 Ex
3341 1655 3424 1708 his
3456 1654 3572 1709 col—

2003 1738 2206 1809 ligitur,
2243 1758 2403 1812 qualn
2456 1744 2684 1800 indivisa
2720 1745 2792 1800 sit
2827 1747 3128 1800 substantia
3158 1745 3463 1812 Trinitatis,
3514 1754 3569 1799 et

1995 1830 2214 1886 Patrem
2282 1850 2407 1889 vere
2449 1834 2568 1888 Filii
2634 1851 2752 1890 esse
2782 1835 3040 1903 Patrem,
3093 1849 3148 1891 et
3205 1837 3396 1891 Filium
3433 1852 3571 1890 vere

1997 1918 2172 1975 Patris
2197 1922 2387 1976 Filium
2410 1963 2424 1988 ,
2447 1935 2501 1977 et
2535 1923 2794 1991 Spiritum
2847 1933 3094 1977 sanctum
3128 1937 3254 1976 vere
3306 1921 3481 1976 Patris
3512 1935 3568 1976 et

1994 2012 2088 2068 Dei
2133 2029 2256 2068 esse
2316 2012 2572 2084 Spiritum
2622 2014 2758 2086 (51);
2793 2024 2849 2068 et
2903 2015 3122 2084 insuper
3171 2014 3452 2084 sapientia:
3517 2025 3569 2068 et

1995 2106 2270 2172 veritatis,
2329 2106 2379 2160 id
2423 2117 2534 2172 est,
2589 2106 2706 2160 Filii
2755 2108 2865 2160 Dei.
2909 2106 3032 2161 Haec
3087 2116 3172 2160 est
3238 2107 3382 2161 salus
3438 2121 3568 2176 ergo

1996 2200 2351 2262 credentium,
2385 2209 2438 2254 et
2476 2199 2804 2267 dispensatio
2854 2199 3233 2252 ecclesiastica:
3269 2198 3566 2267 disciplina:

1997 2290 2051 2344 in
2088 2290 2187 2344 hac
2212 2289 2477 2344 Trinitate
2498 2290 2793 2360 perﬁcitur.
2829 2289 2963 2344 Nam
3017 2305 3139 2344 cum
3187 2289 3435 2344 Salvator
3482 2289 3567 2342 di-

2000 2381 2237 2450 scipulos
2260 2396 2389 2437 suos
2421 2382 2486 2436 ad
2521 2381 2918 2451 praedicandum
2945 2381 3292 2450 Evangelium
3325 2380 3531 2433 miserit
3557 2419 3572 2439 .

1997 2483 2054 2527 et
2085 2475 2150 2528 ad
2193 2474 2439 2544 dogmata
2479 2475 2724 2528 veritatis
2751 2472 2988 2528 docenda
3028 2471 3187 2526 Pater
3217 2469 3329 2542 (52)
3383 2470 3435 2523 iu
3469 2469 3573 2523 Ec-

2001 2566 2166 2621 clesia
2223 2567 2570 2622 constituisse
2621 2567 2851 2629 dicatur,
2907 2566 3081 2635 primo
3133 2566 3427 2632 apostolos,
3485 2578 3572 2617 se—

2005 2659 2180 2714 cundo
2220 2660 2508 2729 pr0phetas
2539 2698 2554 2724 ,
2607 2659 2764 2714 tertio
2797 2657 3081 2727 magistros
3107 2695 3124 2720 ,
3175 2672 3336 2724 super
3379 2656 3478 2709 hac
3518 2669 3576 2708 re

2011 2752 2175 2805 etiam
2201 2751 2442 2822 Apostoli
2476 2761 2806 2820 congruente
2852 2751 3118 2804 sententia
3181 2771 3193 2805 :
3243 2767 3262 2800 ‹
3321 2748 3389 2801 Ει
3440 2748 3579 2802 sicut

2012 2843 2221 2912 probati
2278 2859 2464 2898 sumus
2519 2859 2549 2897 a
2586 2845 2695 2898 Deo
2725 2845 2791 2898 ad
2839 2844 3165 2898 credendum
3204 2839 3571 2910 Evangeiintn,

2004 2935 2083 2988 sic
2111 2933 2421 3018 loquimur:
2459 2949 2564 2987 non
2598 2943 2656 2988 ut
2683 2933 2989 2988 hominibus
3027 2931 3321 3002 placentes,
3347 2932 3439 2985 sed
3468 2931 3577 2984 Deo

2005 3025 2095 3092 qui
2149 3025 2393 3094 probavit
2444 3025 2605 3078 corda
2647 3034 2830 3078 nostra
2869 3025 2956 3078 ¹⁰ε
3003 3043 3021 3075 ι
3059 3025 3154 3078 hos
3192 3023 3409 3077 eosdem
3441 3037 3578 3090 quos

2005 3113 2253 3168 Christus
2305 3113 2588 3181 magistros
2644 3127 2763 3168 esse
2790 3112 3065 3182 praacepit,
3099 3124 3154 3168 et
3181 3110 3342 3165 Pater
3393 3110 3557 3179 proba

2006 3205 2104 3267 vit,
2137 3215 2189 3258 et
2218 3202 2449 3273 Spiritus
2480 3215 2695 3259 sanctus
2745 3206 3142 3273 dispensatores
3163 3215 3218 3257 et
3259 3204 3579 3273 praepositos

2009 3295 2059 3349 i-u
2113 3293 2354 3350 Ecclesia
2402 3297 2744 3350 constituisse
2802 3295 3111 3365 perhibetur
3158 3293 3255 3365 [αι.
3306 3293 3574 3348 veraciter

1996 3385 2354 3460 prohibetur].
2395 3387 2670 3456 Siquidem
2695 3402 2816 3441 cum
2843 3386 3078 3441 Miletum
3111 3386 3307 3440 Paulus
3354 3395 3569 3453 aposto—

1995 3479 2079 3533 lus
2126 3479 2469 3550 presbyteros
2519 3479 2586 3533 de
2639 3479 2865 3534 diversis
2903 3478 3032 3533 locis
3082 3489 3137 3532 et
3178 3478 3421 3546 plurimis
3461 3476 3567 3530 Ec-

1994 3571 2174 3626 clesiis
2204 3581 2582 3642 congregasset
2632 3590 2646 3626 :
2683 3590 2703 3623 r
2737 3571 3034 3632 Attendite,
3074 3589 3093 3620 ι
3130 3569 3328 3637 inquit,
3364 3587 3384 3620 ε
3432 3570 3580 3622 vobis

1995 3674 2049 3718 et
2081 3664 2332 3718 universo
2371 3664 2558 3733 gregi,
2598 3678 2759 3732 super
2796 3677 2932 3733 quos
2963 3662 3195 3731 Spiritus
3225 3672 3444 3715 sanctus
3487 3675 3580 3727 po-

1997 3755 2105 3812 snit
2167 3771 2261 3810 vos
2314 3757 2595 3825 episcopos
2629 3757 2693 3809 ad
2727 3756 3010 3824 regendam
3043 3753 3334 3808 Ecclesiam
3368 3751 3578 3804 Domini

1998 3864 2157 3918 quam
2192 3848 2479 3916 acquisivit
2513 3863 2607 3916 per
2642 3849 2956 3918 sanguinem
2992 3862 3150 3901 suum
3196 3845 3261 3897 “.
3313 3863 3330 3895 ι
3357 3843 3411 3898 Si
3436 3843 3580 3897 enim

2000 3956 2135 4012 quos
2169 3939 2415 3995 Christus
2463 3941 2529 3995 ad
2575 3941 3050 4009 evangelizandum
3117 3947 3172 3992 et
3231 3937 3583 4005 baptizandas

2003 4034 2248 4087 nationes
2290 4032 2475 4099 misit,
2531 4032 2771 4102 Spiritus
2816 4042 3036 4087 sanctus
3085 4029 3339 4084 Ecclesia:
3378 4043 3584 4096 praepo-

2003 4124 2131 4190 suit,
2169 4123 2344 4178 Patris
2390 4125 2657 4178 sententia
2687 4127 3028 4206 destinatos;
3055 4122 3180 4175 nulli
3210 4119 3428 4175 dubium
3458 4129 3538 4173 est
3566 4160 3582 4185 ,

2005 4229 2165 4268 unam
2184 4212 2382 4279 Patris,
2413 4227 2466 4268 et
2497 4214 2638 4280 Filii,
2673 4226 2729 4270 et
2758 4214 2989 4284 Spiritus
3011 4213 3182 4268 sancti
3208 4211 3577 4278 operationem

2005 4318 2060 4361 et
2117 4308 2489 4377 probationem
2551 4308 2706 4378 (55),
2774 4318 2830 4363 et
2885 4313 3277 4374 consequenter
3340 4304 3584 4357 eamdem

2009 4395 2300 4452 Trinitatis
2337 4413 2456 4453 esse
2492 4401 2874 4452 substantiam.
2915 4396 3130 4450 Necnon
3179 4403 3231 4448 et
3276 4394 3405 4447 illud
3456 4408 3580 4446 con-

2013 4489 2390 4553 siderandum,
2421 4491 2563 4559 quod
2606 4490 2660 4542 in
2694 4490 2856 4544 corde
2893 4497 2948 4540 et
2978 4502 3138 4541 sensu
3182 4486 3426 4540 habitare
3476 4501 3584 4538 non

2015 4589 2192 4647 potest
2248 4586 2498 4633 creatura
2527 4618 2541 4642 ,
2603 4578 2704 4631 nisi
2749 4578 2891 4631 Deus
2921 4585 2973 4629 et
3017 4590 3196 4629 sermo
3224 4574 3340 4643 ejus
3384 4574 3437 4626 in
3474 4573 3582 4642 Spi-

317 4669 733 4728 indiﬁ‘erentiam
767 4681 967 4726 sanctis
1005 4670 1314 4733 Trinitatis,
1360 4671 1488 4726 dum
1525 4688 1629 4726 una
1669 4674 1738 4727 sit
1775 4676 1906 4730 ﬁdes
1942 4677 1982 4730 D
2023 4673 2125 4725 ritu
2153 4681 2364 4734 sancto,
2397 4669 2536 4724 sicut
2567 4670 2630 4722 ad
2663 4669 2926 4738 quosdam
2959 4667 3196 4735 loquitur
3220 4666 3382 4719 Pater
3411 4683 3424 4719 :
3469 4664 3559 4718 «lu

317 4764 370 4825 in
406 4763 586 4830 Patre,
622 4772 676 4817 et
723 4761 860 4823 Filio
912 4769 966 4815 et
1024 4760 1228 4830 Spiritu
1259 4771 1484 4827 sancto;
1527 4773 1581 4818 et
1629 4768 1900 4820 lavacrum

317 4855 474 4908 detur
511 4862 670 4922 atque
702 4854 946 4905 ﬁrmetur
977 4851 1032 4906 in
1080 4850 1300 4905 nomine
1330 4850 1507 4906 Patris
1529 4891 1546 4918 ,
1581 4862 1636 4906 et
1675 4851 1794 4907 Filii
1845 4864 1900 4909 et

320 4943 552 4999 Spiritus
575 4941 788 4998 sancti?

389 5054 410 5084 ²
447 5051 620 5106 lCor.
656 5068 750 5117 xu,
785 5052 840 5114 8,
876 5051 930 5106 9.
1006 5051 1027 5082 ³
1062 5051 1191 5107 ihid.
1225 5051 1310 5104 11.
1389 5052 1552 5106 ‘Act.
1573 5068 1665 5116 xv,
1692 5053 1782 5108 28.

315 5123 606 5188 xxvnt,l9.
690 5123 710 5153 ⁹
749 5122 948 5190 Ephes.
977 5135 1050 5186 iv,
1083 5120 1137 5176 5.
1219 5122 1259 5152 '°
1301 5121 1320 5175 Ι
1357 5120 1548 5180 Thess.
1580 5138 1644 5188 ll,
1673 5124 1727 5177 4.

319 5233 585 5307 Spiritus,
614 5241 670 5286 et
699 5233 987 5307 divisiones
1019 5233 1440 5307 ministeriorum
1494 5244 1652 5300 sunt,
1683 5245 1737 5289 et
1773 5237 1887 5307 ipse

316 5303 601 5367 Dominus,
631 5311 687 5355 et
730 5303 1020 5358 divisiones
1064 5305 1438 5372 operationutn
1486 5316 1634 5366 sunt,
1664 5317 1716 5360 et
1748 5303 1886 5362 idem

314 5376 433 5444 ipse
475 5372 730 5444 Dominus
761 5372 852 5441 qui
887 5383 1143 5444 operatur
1176 5374 1356 5429 omnia
1387 5376 1755 5444 iudoutnibus.
1796 5397 1816 5429 ι

388 5443 502 5513 (47)
539 5441 802 5513 Voculam
837 5454 954 5496 «ut»
991 5443 1357 5511 supplevimus
1382 5457 1413 5498 e
1438 5441 1608 5498 Vatic.

388 5512 740 5584 (48)'l‘holos.
772 5530 899 5578 ms.,
940 5530 959 5564 ‹
1000 5524 1254 5580 Operatus
1282 5525 1366 5568 est
1400 5515 1527 5568 mihi
1557 5524 1610 5568 et
1637 5513 1896 5572 Barnabas

313 5584 370 5639 in
415 5583 719 5654 gentibus;
769 5602 790 5635 ι
837 5594 891 5637 et
944 5597 1108 5654 mox,
1143 5601 1162 5634 ο
1197 5586 1386 5639 directi
1420 5594 1547 5638 sunt.
1575 5601 1602 5637 a
1637 5586 1850 5640 Christo
1877 5628 1894 5654 ,

315 5651 642 5722 cooperante
677 5653 730 5708 in
761 5653 1020 5724 apostolis
1043 5651 1272 5724 Spiritu,
1305 5658 1630 5724 completum
1685 5668 1770 5711 est
1803 5651 1898 5712 mi-

316 5735 623 5782 IIISICI'IIHII.
656 5741 676 5774 ι

389 5793 502 5864 (49)
523 5791 744 5862 Regina:
780 5791 1076 5847 Succorum
1105 5807 1207 5847 ms.
1238 5809 1385 5865 num.
1405 5793 1512 5848 497
1543 5805 1897 5865 pragnotatus,

318 5862 647 5932 cujus'uuuc
683 5864 900 5918 demunt
927 5872 1218 5920 occurrunt
1245 5862 1377 5919 mihi
1412 5862 1682 5924 variantes
1713 5862 1898 5926 lectio-

1872 5054 1893 5086 ⁵
1931 5052 2031 5109 Job
2057 5070 2095 5120 t,
2134 5055 2226 5108 ³21.

1807 5125 1847 5156 ¹¹
1875 5126 1996 5180 Act.
2028 5141 2123 5189 xx,
2151 5125 2241 5178 28.

2008 4763 2266 4818 habitabo
2315 4763 2369 4815 in
2421 4762 2520 4824 eis,
2577 4772 2631 4815 et
2679 4759 3019 4814 inambulabo
3061 4759 3122 4814 ¹¹.
3162 4778 3181 4811 ι
3217 4756 3282 4810 Ει
3311 4757 3377 4811 ad
3415 4759 3586 4826 ipsum

2006 4855 2223 4924 quidam
2253 4853 2434 4922 dirigit
2459 4866 2641 4906 vocem
2671 4891 2686 4913 ,
2720 4869 2739 4902 ι
2776 4849 2856 4904 Tu
2887 4861 3063 4905 autem
3097 4851 3150 4904 in
3197 4860 3384 4904 sancto
3429 4849 3583 4903 habi-

2008 4954 2112 5009 tas,
2148 4943 2265 4998 laus
2302 4942 2467 4997 Israel
2494 4941 2557 4995 ιδ.
2603 4961 2622 4994 ι
2650 4941 2807 4995 Altus
2858 4940 3055 5010 quippe
3116 4939 3169 4993 in
3217 4939 3340 4993 altis
3385 4939 3588 4993 habitat

2303 5054 2473 5107 Ἀρι.
2523 5051 2730 5115 xnt,2.
2805 5051 3026 5106 7Galat.
3093 5067 3153 5111 tt,
3206 5047 3260 5102 8.
3336 5049 3358 5078 ⁸
3397 5047 3588 5102 Matth.

2321 5124 2362 5155 ¹²
2389 5122 2432 5177 ll
2464 5123 2588 5176 Cor.
2615 5137 2691 5188 Vl,
2731 5121 2817 5176 l6.
2896 5121 2940 5152 “
2964 5119 3107 5175 Psal.
3141 5135 3255 5184 xxi,
3287 5119 3340 5173 4.

1995 5255 2091 5292 nes
2120 5239 2174 5291 in
2211 5237 2487 5292 schedulis
2513 5245 2752 5304 excepta:
2776 5251 2911 5304 quas
2936 5235 3134 5304 passim
3160 5233 3297 5286 infra
3325 5233 3550 5304 laudabo
3571 5273 3586 5295 ,

1992 5309 2079 5363 hic
2110 5309 2296 5362 habetc
2311 5309 2576 5361 sermonis
2597 5303 2820 5370 Christi,
2838 5325 2857 5356 ι
2876 5303 3102 5374 absque,
3129 5305 3178 5357 id
3200 5315 3306 5358 esti
3323 5303 3532 5368 vocula;
3565 5324 3584 5354 ι

1991 5389 2044 5435 et
2074 5379 2234 5452 paulo
2261 5387 2388 5444 post
2419 5395 2438 5428 ι
2470 5378 2670 5452 Etnites
2703 5377 2922 5442 docete,
2961 5395 2980 5427 ι
3014 5377 3217 5452 absque
3254 5374 3425 5452 «iter

2065 5445 2176 5521 (ἕο)
2204 5447 2494 5521 ίΪὲτΡεΙᾯιιι
2517 5446 2792 5521 'l‘liolos_._,¢
2824 5457 3028 5521 tantum
3060 5446 3179 5521 sine
3206 5445 3584 5521 perfectipne.»

2066 5509 2179 5584 (δι’)
2221 5509 2380 5570 Modo
2416 5517 2666 5571 laudatus
2711 5515 2930 5586 Reginae
2983 5515 3136 5577 θοὰ..
3172 5509 3220 5566 ι’
3246 5509 3378 5566 Vere
3410 5509 3590 5563 Patris

1996 5597 2050 5644 et
2081 5588 2200 5663 Filii
2226 5604 2348 5663 esse
2379 5586 2659 5663 Spit-intum.
2684 5606 2703 5639 ι
3004 5653 3015 5663 _
3073 5651 3110 5663 ﬁ
3189 5652 3200 5663 ,

2075 5658 2189 5733 (ᾇὲ)
2225 5651 2433 5733 [joined
2461 5674 2480 5708 ι
2511 5655 2694 5733 Pater,
2726 5677 2744 5709 ι
2785 5653 3044 5724 expongit
3073 5651 3413 5733 Regiiuegrns.

2077 5727 2483 5801 (55)_Tholos.,
2550 5746 2568 5778 ι
2620 5729 2699 5784 sic
2745 5743 2905 5782 unam
2951 5739 3075 5782 esse
3125 5727 3491 5792 operationem
3533 5728 3588 5773 et

2007 5800 2406 5872 probationem,
2450 5817 2470 5850 ι
2507 5809 2614 5854 etc.
