4034 6450
455 414 600 473 {0‘55

1740 419 1798 473 DI
1811 371 1975 474 D’YMI
2009 416 2476 474 ALEXANDRINI

3569 419 3717 472 1056

450 531 720 586 universa!
764 529 1016 585 conditor
1051 537 1338 585 creaturae.
1374 529 1592 585 llabitat
1651 545 1780 585 vero
1829 541 1884 586 et
1917 530 2038 584 uni-
2064 536 2109 590 A
2141 532 2276 584 ritus
2309 529 2400 584 Dei
2445 531 2538 593 sit,
2574 545 2732 600 quem
2771 531 2926 586 exire
2984 530 3052 584 de
3096 530 3255 586 Patre
3301 529 3602 586 Salvatoris
3657 535 3715 587 in

449 619 659 685 genitus
684 615 856 673 Filius
885 618 998 687 (54)
1031 618 1083 672 in
1111 629 1290 674 meme
1319 634 1448 686 pura
1470 660 1484 682 ,
1517 629 1570 672 et
1601 621 1764 676 corde
1795 620 2027 674 creden-

453 710 606 763 timu.
640 707 746 764 Per
775 708 933 763 ﬁdem
966 711 1164 778 quippe
1194 710 1436 764 habitare
1467 711 1764 776 Christum,
1798 712 1849 766 in
1886 712 2029 765 inte-

452 803 584 854 riori
624 801 870 864 homine,
903 803 956 855 in
992 800 1197 868 Spiritu
1230 803 1306 855 ait
1330 803 1638 873 Apostolus,
1677 804 1747 858 ita
1762 804 2033 858 scribens:

455 909 474 941 ι
513 892 566 944 lu
603 891 830 959 Spiritu,
877 892 928 944 in
963 891 1203 946 interiori
1242 893 1457 948 homine
1491 895 1734 949 habitare
1760 893 2034 948 Christum

451 998 546 1049 per
569 982 723 1035 ﬁdem
742 983 792 1034 iu
827 982 1080 1035 cordibus
1111 986 1305 1038 vestris
1333 985 1394 1036 “.
1440 1004 1458 1036 ι
1487 985 1603 1053 Ipse
1633 1000 1844 1053 quoque
1873 987 1940 1039 de
1971 1001 2030 1040 se

455 1071 690 1138 loquitur
715 1073 785 1125 ":
811 1069 986 1123 «Vivit
1016 1072 1068 1126 in
1099 1089 1184 1126 me
1205 1073 1486 1139 Christus;
1520 1093 1537 1125 ι
1556 1085 1611 1128 ει
1637 1076 1830 1128 iterum
1857 1095 1870 1129 :
1903 1075 2036 1142 «Qui

455 1164 506 1215 in
537 1165 868 1232 tueloquitur
883 1164 1131 1218 Christus
1159 1165 1230 1223 ¹⁶;
1259 1183 1275 1214 ι
1296 1176 1348 1219 ει
1370 1164 1610 1220 Salvator
1631 1166 2030 1230 :«Veuiemus,»

455 1254 630 1324 inquit
651 1256 744 1318 ",«
765 1270 862 1324 ego
885 1266 938 1309 et
963 1255 1143 1319 Pater,
1173 1275 1193 1307 ι
1214 1258 1353 1312 haud
1391 1258 1630 1325 dubium,
1662 1261 1792 1328 quin
1823 1262 1888 1314 ad
1914 1277 2034 1314 eum

455 1347 543 1410 qui
580 1357 842 1415 praecepta
865 1345 980 1414 ejus
1011 1348 1340 1411 servaverit,
1385 1366 1405 1399 «
1445 1359 1500 1402 et
1535 1352 1868 1404 mansionem
1900 1352 2038 1420 apud

457 1452 581 1489 e-im
635 1436 916 1494 faciemus.
955 1455 972 1488 ι
1002 1435 1171 1490 Porro
1195 1438 1274 1492 sic
1316 1453 1496 1492 sermo
1546 1439 1646 1492 iste
1694 1441 2036 1495 contexitur:

462 1546 479 1576 «
509 1527 565 1580 Si
598 1527 720 1594 quis
749 1526 925 1594 diligit
950 1543 1032 1580 me
1053 1526 1199 1596 (53),
1232 1541 1537 1582 sermonem
1571 1543 1747 1582 meum
1780 1528 2036 1584 servabit.

462 1618 528 1672 Et
580 1619 740 1673 Pater
770 1634 922 1672 meus
948 1619 1130 1689 diliget
1161 1635 1282 1674 eum
1312 1659 1327 1682 ,
1391 1630 1444 1674 et
1479 1621 1545 1672 ad
1576 1636 1698 1674 eum
1734 1622 2038 1686 veniemus,

457 1719 510 1761 et
540 1712 870 1764 mansionem
896 1712 1034 1777 apud
1066 1726 1188 1764 eum
1212 1710 1472 1766 faciemus
1493 1713 1589 1766 η.»
1618 1712 1673 1766 ln
1700 1713 1806 1768 alio
1827 1729 2043 1783 quoque

460 1800 595 1863 luco,
643 1803 819 1855 omnis
875 1811 1065 1855 natura
1101 1801 1446 1856 rationalium
1493 1813 1906 1870 creaturarum,
1943 1804 2040 1859 do-

459 1906 577 1944 nius
602 1892 801 1944 dicitur
835 1890 1158 1945 Salvatoris.

527 1981 617 2037 ΞΒ.
647 1984 799 2038 Sicut
837 1995 1014 2038 autem
1045 2000 1206 2052 super
1228 1984 1446 2038 domum
1474 2000 1626 2039 suam
1660 1983 1923 2039 Dominus
1949 1984 2040 2040 εἶεν

456 2089 574 2139 sus,
611 2077 765 2144 cujus
789 2076 980 2132 domus
1010 2093 1196 2132 sumus
1233 2093 1331 2131 nos
1367 2077 1476 2146 (56)
1507 2097 1524 2132 :
1552 2079 1622 2132 ita
1659 2080 1851 2132 domus
1886 2079 2043 2133 Chri-

458 2169 526 2220 sti
557 2170 811 2238 templum
855 2169 947 2224 Dei
991 2182 1094 2234 est,
1132 2171 1182 2223 in
1217 2186 1325 2250 quo
1355 2170 1586 2238 Spiritus
1611 2171 1852 2238 ejusdem
1887 2171 2041 2225 inha-

460 2261 595 2314 bitat
634 2260 749 2317 Dei.
785 2261 1041 2315 Scribeus
1076 2263 1273 2330 quippe
1311 2261 1609 2316 Corinthiis
1647 2262 1843 2316 Paulus
1894 2265 1968 2315 ait
2025 2281 2038 2315 :

467 2368 485 2400 «
529 2350 755 2405 Nescitis
778 2352 904 2420 quia
939 2353 1195 2420 templum
1247 2352 1340 2406 Dei
1377 2353 1533 2416 estis,
1573 2363 1627 2406 et
1669 2352 1904 2422 Spiritus
1950 2353 2042 2406 Dei

463 2441 672 2496 habitat
699 2443 749 2495 in
781 2439 933 2494 vobis
966 2442 1050 2494 "‘2
1082 2461 1101 2495 ι
1141 2441 1196 2496 Si
1229 2455 1408 2497 autem
1443 2445 1494 2497 iu
1536 2444 1696 2498 domo
1741 2453 1794 2497 et
1823 2446 2041 2513 templo,

462 2551 569 2604 quo
607 2535 767 2589 Pater
790 2545 844 2589 et
880 2535 1133 2590 Salvator
1161 2537 1449 2602 inhabitat,
1486 2537 1628 2591 illico
1679 2538 1953 2591 invenitur
1990 2546 2046 2589 et

464 2627 699 2694 Spiritus
720 2636 960 2687 sanctus,
989 2642 1057 2680 ex
1097 2627 1200 2682 hoc
1228 2627 1452 2680 indivisa
1475 2627 1759 2680 Trinitatis
1794 2629 2046 2680 substan-

465 2718 540 2770 tia
571 2720 992 2772 demonstratur.
1030 2718 1090 2771 Et
1117 2727 1237 2787 post
1265 2735 1368 2773 non
1389 2719 1556 2772 nmlta
1573 2719 1806 2785 ejusdem
1835 2718 2047 2787 Episto-

461 2809 529 2863 lze
565 2824 582 2863 τ
623 2829 643 2860 «
688 2807 936 2873 Nescitis,
979 2811 1206 2878 ainquil,
1244 2811 1409 2879 «quia
1425 2826 1652 2880 corpora
1680 2823 1853 2865 vestra
1912 2823 2048 2864 temo

465 2903 608 2969 plum
625 2900 860 2969 Spiritus
891 2902 1062 2954 sancti
1095 2912 1241 2964 sunt,
1268 2916 1426 2969 quem
1458 2902 1666 2955 habetis
1704 2917 1732 2953 a
1765 2902 1872 2955 Deo
1904 2902 1991 2955 “‘3
2021 2921 2040 2953 ι

464 2995 599 3044 tium
630 3009 760 3062 ergo
798 2991 1034 3061 Spiritus
1085 3005 1328 3054 sanctus,
1383 2993 1631 3046 similiter
1672 3004 1730 3046 ut
1788 2993 1951 3047 Pater
1992 3005 2047 3048 et

465 3084 653 3146 Filius,
686 3095 919 3138 mentem
955 3096 1010 3140 et
1059 3086 1368 3140 interiorem
1426 3087 1698 3140 hominem
1737 3085 2046 3140 inhabitare

2137 620 2428 690 Evangelio
2451 621 2613 674 verba
2639 621 2934 678 declarant.
2973 642 2992 674 «
3033 623 3166 677 Cum
3197 623 3422 686 venerit,
3465 641 3484 674 ι
3516 624 3716 691 inquit,

2141 730 2160 763 «
2185 711 2524 773 Cousolator,
2551 727 2709 782 quem
2738 727 2838 781 ego
2869 714 3078 767 mittam
3096 714 3266 780 vobis,
3284 715 3543 781 Spiritum
3575 717 3720 768 veri-

2139 805 2286 865 tatis,
2317 804 2461 871 quia
2496 803 2655 857 Patre
2685 805 2978 871 egreditur,
3021 806 3137 872 ip<e
3171 806 3531 859 testimonium
3566 807 3717 859 dabit

2137 893 2203 946 de
2235 909 2319 946 me
2353 894 2420 945 ¹¹.
2459 912 2477 944 ι
2531 892 2931 946 Cousolatorem
2973 903 3151 946 autem
3188 899 3495 947 venientem
3543 894 3717 961 Spiri-

2140 993 2249 1036 tum
2281 993 2526 1036 sanctum
2567 984 2716 1044 dicit,
2746 985 2813 1037 ab
2860 985 3171 1050 operatione
3201 986 3248 1039 ei
3299 1000 3491 1038 nvmen
3545 985 3717 1052 impo-

2140 1089 2306 1128 nens:
2333 1075 2456 1143 quia
2483 1090 2586 1128 non
2619 1075 2790 1128 solum
2819 1074 3128 1128 consolatur
3159 1089 3253 1129 eos
3273 1091 3406 1145 quos
3435 1090 3494 1129 se
3528 1077 3717 1144 dignos

2140 1165 2418 1232 repererit,
2451 1176 2504 1219 et
2531 1167 2598 1217 ah
2631 1165 2774 1218 onmi
2818 1165 3032 1218 tristitia
3069 1176 3118 1219 et
3148 1167 3552 1234 perturbatione
3592 1167 3714 1219 red-

2138 1255 2216 1308 dit
2245 1255 2450 1309 alienos
2486 1272 2499 1308 :
2535 1271 2720 1309 verum
2776 1255 3091 1311 incredibile
3141 1239 3407 1326 quoddam
3461 1256 3714 1325 gaudium

2139 1356 2194 1401 et
2232 1348 2558 1401 hilaritatem
2591 1349 2671 1402 eis
2699 1349 2904 1411 tribuit,
2932 1349 2982 1401 in
3017 1359 3245 1413 tantum,
3283 1359 3339 1401 ut
3381 1349 3547 1417 possit
3594 1350 3719 1414 quis

2143 1440 2250 1494 Deo
2282 1441 2484 1508 gratias
2527 1441 2789 1504 referens,
2821 1441 2962 1510 quod
3006 1441 3098 1493 tali
3146 1441 3354 1509 hospite
3386 1441 3580 1510 dignus
3619 1441 3714 1492 ha-

2141 1531 2350 1596 beatur,
2385 1531 2598 1585 dicere:
2633 1551 2650 1583 «
2684 1532 2880 1586 Dedisti
2910 1533 3148 1586 laetitiam
3185 1533 3237 1585 in
3264 1532 3428 1586 corde
3458 1548 3573 1584 meo
3595 1534 3657 1585 ²².
3689 1551 3708 1582 ι

2141 1621 2478 1688 Sempiterna
2507 1623 2702 1692 quippe
2737 1623 2918 1677 laetitia
2947 1625 2998 1677 in
3037 1639 3222 1678 eorum
3253 1625 3414 1678 corde
3448 1635 3712 1689 versatur,

2141 1727 2368 1780 quorum
2403 1712 2638 1782 Spiritus
2679 1726 2896 1769 sanctus
2927 1717 3195 1770 habitator
3219 1725 3324 1771 est.
3355 1715 3460 1772 Iste
3486 1716 3716 1786 Spiritus

2144 1815 2364 1858 sanctus
2401 1805 2709 1859 consolator
2742 1821 2770 1858 a
2812 1806 2950 1862 Filio
2981 1807 3228 1875 mittitur,
3276 1824 3380 1862 non
3427 1811 3713 1863 secundum

2073 1875 2115 1929 Β
2144 1895 2477 1965 angelorum,
2518 1907 2608 1949 aut
2645 1898 3046 1966 prophetarum,
3085 1909 3177 1952 aut
3213 1899 3570 1967 apostolorum
3619 1899 3717 1952 mi-

2148 1986 2455 2046 nisterium,
2504 1987 2597 2040 sed
2643 1997 2702 2040 ut
2732 1989 2868 2040 mitti
2907 1990 3059 2043 decet
3110 2004 3141 2042 a
3187 1990 3447 2056 sapientia
3494 1999 3546 2041 et
3581 1989 3716 2040 veri-

2146 2085 2256 2130 tate
2288 2076 2548 2142 Spiritum
2583 2077 2700 2139 Dei,
2737 2078 3019 2130 indivisam
3062 2079 3346 2132 habentem
3379 2093 3500 2131 cum
3533 2078 3714 2130 eadem

2145 2168 2409 2235 sap‘eutia
2437 2177 2493 2222 et
2524 2170 2752 2222 veritate
2794 2179 3059 2222 naturam.
3088 2169 3298 2223 Etenim
3333 2169 3497 2224 Filius
3525 2171 3717 2222 missus

2144 2273 2173 2312 a
2206 2258 2364 2312 Patre
2402 2274 2506 2312 nou
2546 2271 2847 2328 separatur,
2878 2274 2977 2314 nec
3017 2260 3349 2330 disjungitur
3387 2261 3455 2314 ab
3487 2276 3572 2323 eo,
3616 2275 3721 2312 ma-

2146 2365 2280 2403 ncus
2309 2361 2362 2402 et
2393 2350 2596 2403 habens
2622 2351 2767 2403 illum
2802 2352 2852 2404 in
2872 2353 3183 2420 semetipso.
3208 2351 3345 2417 Quin
3378 2351 3608 2417 Spiritus
3633 2366 3724 2404 ve-

2147 2444 2322 2496 ritatis
2342 2443 2654 2510 supradicto
2686 2443 2847 2497 modo
2882 2444 3078 2497 missus
3105 2459 3133 2496 a
3155 2443 3291 2497 Filio
3313 2444 3379 2497 de
3396 2443 3553 2496 Patre
3567 2459 3724 2512 egre»

2146 2537 2311 2600 ditur,
2339 2551 2444 2589 non
2478 2537 2693 2589 aliunde
2725 2538 2788 2588 ad
2812 2536 2915 2589 alia
2948 2538 3366 2606 transmigrans.
3391 2533 3724 2602 lmpossihile

2146 2630 2342 2697 quippe
2373 2628 2473 2682 hoc
2509 2629 2713 2696 pariter
2737 2637 2792 2681 et
2835 2628 3208 2695 blasphemtuu
3250 2638 3353 2682 est.
3393 2628 3450 2681 Si
3479 2629 3619 2679 enim
3657 2628 3725 2680 de

2146 2719 2265 2774 loco
2305 2721 2370 2772 ad
2404 2719 2579 2772 locum
2606 2719 2880 2787 egreditur
2910 2718 3166 2786 Spiritus,
3208 2728 3262 2771 et
3307 2720 3420 2786 ipse
3465 2717 3623 2772 Pater
3670 2721 3722 2772 i

2151 2813 2269 2864 loco
2304 2809 2628 2872 invenietur,
2666 2820 2721 2863 et
2745 2808 2981 2878 Spiritus
3015 2810 3258 2864 veritatis
3285 2811 3436 2879 juxta
3477 2821 3724 2864 naturam

2147 2918 2436 2972 corporum
2465 2913 2616 2956 certo
2639 2902 2814 2970 spatio
2857 2902 3318 2971 circumscriptus,
3365 2902 3527 2955 alium
3574 2905 3728 2956 dese.

2151 3011 2275 3049 reus
2294 2996 2494 3060 locum,
2513 2997 2578 3047 ad
2599 2994 2764 3046 alium
2786 2993 3159 3062 commigrabit
3177 2991 3422 3062 (58).Sed
3447 3010 3550 3062 quo
3569 2993 3728 3048 modo

2149 3086 2311 3140 Pater
2352 3103 2455 3141 non
2486 3087 2790 3139 consistens
2822 3085 2873 3138 in
2910 3085 3050 3149 loco,
3093 3085 3232 3137 ultra
3274 3100 3488 3138 omnem
3536 3101 3730 3153 corpo-

465 3179 745 3240 doceatur,
774 3195 877 3230 non
909 3179 1085 3232 dicam
1116 3179 1379 3246 ineptum,
1412 3179 1504 3232 sed
1540 3178 1762 3246 impium
1799 3187 1880 3231 est
1923 3191 2044 3230 eum
2075 3210 2118 3268 ο
2155 3195 2271 3232 rum
2307 3189 2391 3232 est
2417 3187 2691 3237 naturam,
2746 3177 2815 3229 ita
2861 3185 2916 3228 et
2964 3173 3199 3243 Spiritus
3245 3175 3484 3228 veritatis
3529 3191 3731 3242 nequa-

466 3268 647 3322 «liccre
676 3280 1004 3323 creaturam.
1048 3270 1370 3336 Disciplinas
1399 3269 1617 3337 quippe,
1660 3269 1891 3321 virtutes
1924 3267 2047 3322 dico

471 3371 527 3414 ct
555 3372 722 3422 artes,
759 3369 813 3414 et
863 3360 949 3415 his
983 3361 1284 3414 contrarias
1312 3360 1764 3428 perturbationes,
1793 3368 1847 3412 et
1875 3361 2048 3425 impe-

471 3453 645 3514 ritias,
676 3452 1044 3506 etaffectnsin
1070 3451 1355 3505 animabus
1380 3452 1622 3504 habitare
1652 3450 1905 3519 possibile
1935 3462 2047 3515 est;

469 3561 576 3597 uuu
607 3555 786 3596 tamen
811 3554 867 3595 ut
895 3545 1286 3607 substantivas,
1315 3543 1408 3596 sed
1443 3554 1500 3595 ut
1534 3543 1858 3595 accidentes.
1885 3542 2051 3596 Crea-

472 3646 580 3689 tam
608 3650 733 3688 vero
763 3645 1010 3688 naturam
1041 3636 1094 3688 in
1126 3650 1286 3688 sensu
1315 3635 1564 3688 habitare
1594 3634 1922 3702 impossibile
1944 3645 2048 3688 est.

471 3727 694 3791 Quodsi
730 3741 913 3779 verum
942 3738 1047 3792 est,
1075 3737 1128 3778 et
1173 3727 1411 3793 Spiritus
1452 3737 1677 3779 sanctus
1714 3726 1918 3794 absque
1945 3726 2050 3779 ulla

472 3819 822 3888 ambiguitate
845 3818 1164 3881 subsistens,
1189 3819 1381 3871 anima:
1410 3827 1492 3871 est
1533 3818 1805 3870 habitator
1832 3828 1888 3870 et
1930 3833 2056 3872 cor-

474 3913 559 3965 dis
586 3929 602 3966 :
635 3911 759 3964 nulli
792 3912 1011 3964 dubiqu
1041 3922 1147 3975 est,
1179 3912 1308 3980 quin
1336 3926 1458 3964 cum
1484 3909 1647 3964 Patre
1674 3921 1726 3962 et
1744 3908 1880 3962 Filio
1905 3912 2052 3963 credi

475 4007 669 4060 debeat
698 4005 991 4058 iucreatus.
1015 4003 1098 4057 Ex
1133 4004 1384 4056 omnibus
1415 4002 1577 4071 igitur
1605 4017 1724 4069 quae
1751 4006 2057 4068 pnecedeus

476 4112 656 4152 sermo
703 4097 947 4160 disserit,
997 4095 1424 4164 incorruptibilis
1467 4106 1523 4147 et
1575 4095 1939 4162 sempiternus
1978 4109 2059 4148 se-

476 4189 709 4245 cundum
740 4201 988 4244 naturam
1025 4189 1224 4252 Patris,
1266 4199 1320 4242 et
1356 4187 1500 4251 Filii,
1556 4188 1787 4254 Spiritus
1839 4199 2059 4241 sanctus

476 4290 902 4345 demonstratus,
949 4283 1256 4337 universam
1303 4282 1370 4335 de
1407 4281 1890 4348 seambiguitatem
1935 4280 2056 4333 abs-

478 4381 596 4434 tulit
621 4391 676 4435 et
701 4377 1086 4446 suspicionem,
1117 4392 1185 4430 ne
1209 4389 1353 4428 unus
1389 4375 1457 4427 de
1485 4380 1687 4427 creatis
1744 4371 2060 4426 substantiis

476 4473 839 4526 existimetur.
874 4467 978 4522 Sed
1006 4477 1062 4521 et
1082 4467 1284 4536 ambigi
1319 4466 1528 4534 nequit,
1557 4465 1686 4534 quin
1722 4464 1835 4535 (ετ)
1869 4467 1914 4518 is
1938 4464 2060 4534 Spi-

550 4590 595 4620 “
617 4590 814 4656 Ephes.
843 4603 927 4646 ιιι.
959 4585 1048 4646 16.
1081 4585 1165 4656 l7.
1246 4585 1290 4615 "
1317 4583 1525 4656 Gabii,
1548 4581 1638 4656 2d,

478 4659 526 4691 ’⁸
565 4661 580 4713 Ι
612 4651 735 4712 cor.
770 4675 841 4721 vi,
879 4657 966 4712 59.
1043 4658 1086 4686 ²¹
1124 4655 1278 4709 Joan.
1312 4671 1402 4717 xv,
1434 4654 1526 4709 '26.
1602 4654 1649 4684 "
1687 4651 1834 4706 Psal.
1871 4667 1943 4714 tv,
1976 4653 2027 4706 7.

1721 4582 1765 4612 ¹⁶
1799 4581 1838 4635 Il
1868 4581 1987 4636 Cor.
2027 4598 2159 4636 xm.
2194 4583 2249 4636 5.

2103 4625 2159 4683 ”'
2185 4651 2340 4706 Joan.
2373 4664 2489 4711 vtn,
2513 4648 2603 4702 42.

2151 3287 2313 3340 quam
2341 3271 2581 3325 locorum
2622 3269 2728 3322 line
2757 3267 3047 3331 clauditur,
3070 3281 3192 3320 cum
3224 3268 3294 3320 sit
3331 3266 3682 3335 incorporalis
3709 3285 3725 3320 :

2152 3372 2294 3417 etut
2345 3364 2524 3416 verius
2559 3363 2761 3427 dicam,
2807 3358 3077 3414 excellens
3135 3359 3443 3413 universam
3502 3359 3709 3412 rationa

2150 3455 2256 3508 lem
2290 3465 2593 3508 creaturam
2621 3452 2755 3521 (59).

2220 3547 2292 3600 26
2347 3545 2482 3610 Quia
2537 3559 2666 3614 ergo
2709 3540 3044 3610 impossibile
3073 3550 3175 3603 est,
3220 3549 3274 3594 et
3324 3541 3570 3609 impium,
3629 3541 3727 3594 ista

2153 3653 2271 3705 «pne
2298 3638 2530 3688 diximus
2550 3633 2618 3687 de
2645 3631 3073 3700 incorporalibus
3095 3631 3206 3703 (60)
3226 3633 3482 3686 credere:
3495 3632 3647 3686 exire
3663 3631 3730 3684 de

2155 3729 2313 3782 Patre
2378 3727 2637 3796 Spiritum
2688 3737 2937 3778 sanctum
2983 3725 3061 3777 sic
3093 3723 3515 3792 intelligendum,
3563 3733 3621 3776 ut
3674 3739 3732 3778 se

2157 3822 2404 3875 Salvator
2425 3820 2490 3873 de
2515 3819 2816 3873 Deocxisse
2841 3827 3088 3879 testatur,
3116 3817 3323 3880 dicens,
3355 3835 3374 3867 «
3402 3815 3510 3884 Ego
3538 3815 3604 3868 de
3624 3815 3732 3869 Deo

2155 3913 2295 3968 exivi
2326 3922 2380 3964 et
2406 3909 2523 3964 veni
2554 3909 2621 3962 ³³.
2655 3927 2676 3961 ι
2706 3909 2769 3961 Ει
2797 3909 2936 3961 sicut
2960 3908 3073 3960 loca
3107 3917 3158 3959 et
3172 3908 3618 3960 commutationes
3653 3907 3734 3958 lo-

2157 4017 2341 4055 corum
2373 4001 2441 4054 ab
2465 3999 2900 4068 incorporalibus
2923 4013 3260 4065 separamus,
3295 3998 3375 4051 sic
3395 4006 3450 4051 et
3483 3997 3737 4065 prolatio-

2160 4113 2255 4150 nes
2297 4096 2443 4148 intus
2483 4093 2603 4146 dico
2649 4103 2705 4145 et
2749 4091 2877 4144 foris
2935 4092 3002 4142 ab
3057 4090 3497 4144 intellectualium
3543 4101 3734 4142 natura

2159 4187 2541 4248 discernimus,
2596 4185 2722 4254 quia
2787 4186 2904 4236 istae
2950 4197 3238 4251 corporum
3299 4192 3426 4236 sunt
3471 4183 3734 4250 recipien-

2161 4281 2294 4334 tium
2352 4278 2578 4342 factum,
2634 4287 2688 4330 et
2743 4275 3060 4329 habentium
3116 4275 3416 4327 vastitates.
3481 4272 3734 4328 lneﬂabili

2161 4372 2342 4440 itaque
2358 4381 2414 4424 et
2452 4370 2568 4424 sola
2595 4367 2699 4422 ﬁde
2721 4367 2834 4438 (6t)
2859 4377 2984 4420 ueto
3005 4380 3254 4419 sermone
3282 4365 3607 4418 credendum
3629 4376 3736 4430 est,

2163 4465 2497 4518 Salvatorem
2532 4461 2734 4516 dictum
2768 4475 2891 4514 esse
2921 4459 3102 4513 exisse
3140 4473 3172 4510 a
3215 4457 3345 4520 Deo,
3385 4468 3436 4511 et
3477 4457 3735 4526 Spiritum

2327 4581 2371 4611 ¹⁷
2399 4575 2806 4640 Joan.xtv,23.
2885 4575 2927 4605 "
2951 4574 3082 4628 ibid.
3161 4573 3204 4605 ¹³
3261 4572 3284 4627 l
3336 4573 3463 4627 Cor.
3513 4588 3596 4638 Ill,
3647 4572 3734 4625 l6.

551 4754 663 4820 (δι)
706 4754 878 4806 \‘oces
910 4771 929 4802 «
964 4761 1018 4804 et
1042 4751 1349 4820 unigenilus
1386 4747 1581 4801 Filius»
1619 4747 1673 4800 in
1703 4747 1920 4816 [legium
1948 4762 2051 4800 tus.
2085 4753 2129 4806 ι)
2164 4762 2287 4799 reus
2341 4746 2567 4820 locu_m,_
2591 4741 2659 4795 ad
2707 4741 2870 4794 alium
2916 4737 3316 4820 commigravit.
3353 4756 3372 4787 ι
3561 4737 3736 4820 inagis

480 4823 749 4876 delentur.

556 4893 668 4960 (ἃς)
705 4891 920 4945 Addunt
953 4890 1134 4944 \‘atic.
1162 4900 1218 4944 et
1251 4899 1408 4944 vetus
1441 4888 1596 4955 edit.,
1648 4905 1668 4938 «
1694 4898 1750 4941 et
1784 4903 1885 4955 ego
1935 4887 2061 4940 dili-

483 4979 601 5032 gam
632 4963 846 5032 illum.)

554 5033 666 5098 i356}
700 5033 752 5082 In
788 5029 1005 5096 Regina
1035 5045 1162 5091 ηις..
1198 5048 1217 5080 «
1245 5029 1438 5083 domus
1483 5028 1682 5082 dicitur
1730 5027 2058 5088 Salvatoris;

483 5100 733 5154 Christus
759 5112 941 5152 autem
979 5115 1141 5168 super
1165 5101 1386 5153 domum
1433 5115 1612 5160 suam,
1656 5100 1815 5168 cujus
1864 5098 2060 5151 domus

483 5185 671 5226 stultus
701 5183 822 5226 nos.
858 5188 879 5220 ι
907 5181 1018 5222 etc.

555 5241 669 5304 (Si?)
700 5238 1019 5292 Suﬂ’ecimus
1042 5253 1109 5291 ex
1142 5237 1364 5306 Reginae
1394 5253 1496 5291 ms.
1555 5239 1743 5296 verba.
1796 5256 1816 5288 «
1845 5236 1952 5289 Sed
2004 5245 2060 5288 et

485 5312 684 5379 ambigi
726 5310 930 5378 nequit,
990 5309 1145 5376 quin,
1182 5327 1202 5358 ι
1243 5319 1440 5379 utpote
1487 5309 1816 5373 perﬁciendo
1853 5307 2057 5379 sensui

487 5377 823 5438 uwes'saria,
845 5379 1056 5430 tametsi
1093 5380 1143 5428 iu
1181 5378 1399 5444 reliquis
1434 5393 1563 5431 mss.
1598 5377 1898 5446 etvulgatis
1921 5377 2048 5429 huc-

488 5466 657 5515 usque
691 5451 840 5501 libris
900 5450 1292 5501 desiderentur.

560 5514 670 5590 (58)
713 5518 990 5572 \‘eriorem
1023 5518 1538 5590 conciuuiommque
1568 5515 1794 5581 hujusce
1848 5514 2056 5590 periodi

490 5586 773 5643 lectionem
809 5590 950 5640 hanc
977 5601 1100 5639 esse
1137 5587 1464 5653 putaviuuts,
1491 5603 1649 5652 quam
1681 5600 1746 5637 ex
1785 5586 1951 5636 veteri
1978 5595 2059 5636 to-

491 5662 593 5714 ties
642 5660 851 5711 laudata
888 5658 1149 5714 editione,
1191 5665 1246 5708 et
1300 5654 1470 5706 Vatit‘.
1514 5669 1613 5705 ms.
1667 5655 2056 5717 expressimus.

493 5726 663 5782 l‘encs
699 5728 1094 5784 Martianteutn,
1121 5727 1362 5790 aliosque
1387 5726 1586 5789 passim
1635 5725 1871 5776 editores
1899 5734 2012 5775 erat
2043 5741 2058 5775 :

497 5819 516 5846 «
553 5800 608 5851 Si
634 5815 777 5851 emm
809 5799 897 5850 hic
929 5797 1169 5864 Spiritus
1206 5796 1450 5845 veritatis
1469 5793 1624 5856 juxta
1666 5804 1888 5864 naturas
1926 5807 2064 5864 cor-

493 5883 688 5937 purum
720 5880 870 5923 certo
899 5862 1079 5936 spatio
1110 5869 1551 5931 circumscr-ptus
1573 5875 1679 5928 est,
1719 5863 1882 5917 alium
1908 5862 2065 5916 dese-

2168 4827 2311 4870 recte
2345 4819 2397 4866 in
2434 4813 2655 4866 Tholos.
2685 4828 2785 4864 ms.
2813 4830 2830 4864 :
2865 4829 2886 4856 ι
2925 4809 2981 4863 Si
3015 4807 3159 4864 enim
3190 4811 3258 4861 de
3287 4809 3405 4861 loco
3459 4808 3510 4860 iu
3561 4807 3736 4858 locum

2169 4889 2465 4945 invenitur,
2496 4896 2548 4936 et
2580 4882 2819 4951 Spiritus
2851 4880 3096 4934 veritatis
3116 4879 3271 4944 juxta
3316 4888 3579 4951 naturam
3618 4893 3740 4951 oor-

2171 4972 2387 5024 poream
2435 4965 2585 5007 certo
2624 4947 2812 5024 —spatio
2869 4951 3335 5024 circumscriptus,
3375 4967 3397 4998 ι
3425 4958 3531 5024 etc.
3563 4947 3617 4999 Ι
3651 4947 3739 5000 ill-3

2166 5018 2346 5079 autem
2385 5025 2599 5090 Regime
2621 5018 2786 5089 priori
2830 5021 3114 5090 obliterata
3153 5019 3384 5090 lectione
3432 5018 3616 5090 isth:ec
3646 5033 3742 5080 ap.

2167 5097 2384 5166 ponitur
2407 5088 2844 5166 adiltbri’oram:
2873 5107 2904 5166 _«
2935 5090 2993 5142 Si
3026 5089 3170 5166 enim
3201 5089 3267 5140 de
3299 5089 3416 5139 loco
3457 5088 3509 5138 in
3564 5088 3738 5138 lin-um

2167 5159 2315 5219 venit
2339 5164 2577 5233 Spiritus
2603 5159 3021 5233 veritatisjuxta
3071 5159 3239 5227 legem
3285 5168 3495 5233 natura:
3540 5171 3738 5221 corpo-

2166 5253 2287 5288 reus
2312 5228 2464 5287 ceito
2484 5233 2658 5300 spatio
2687 5231 3154 5303 circumscriptus,
3177 5246 3202 5303 ξ
3223 5236 3326 5279 etc-
3354 5228 3743 5303 Qua-impetu};

2171 5297 2848 5373 reposuimus—lectionem,
2878 5300 3095 5354 codices
3122 5298 3236 5349 suis
3259 5311 3476 5364 quoque
3502 5297 3741 5349 dissidiis

2203 5379 2414 5427 rohaut.

2163 5392 2563 5512 priiiligiui'atic.
2624 5452 2680 5495 ct
2735 5438 2982 5502 Tholos.,
3048 5455 3067 5487 «
3103 5437 3373 5512 excellens
3427 5437 3738 5489 universam

2161 5517 2562 5570 rationabilium
2591 5522 2960 5566 creaturarum
2993 5519 3305 5561 essetnam.
3337 5523 3356 5554 ι

2235 5585 2346 5654 (60)
2385 5583 2588 5637 Vitiose
2644 5593 2782 5643 erat,
2833 5598 2853 5630 «
2883 5593 3003 5647 qua:
3052 5577 3286 5630 diximus
3335 5573 3742 5648 in.corporali-

2217 5672 2286 5713 IS.
2325 5673 2344 5702 ³
2383 5665 2490 5707 εις.

2169 5671 2354 5793 ³υῗίῖῒι)
2383 5671 2600 5791 ἓξῐηε
2625 5720 2748 5793 lib.,
2785 5739 2806 5771 «
2835 5717 3145 5793 solz_ﬁ«_ie_i;
3177 5735 3196 5766 ι
3231 5723 3388 5793 etme
3410 5732 3478 5793 Ἆι
3510 5728 3541 5765 a
3589 5711 3746 5764 Patre

2170 5782 2378 5862 egredi,
2411 5782 2649 5859 ut'illd,
2677 5782 2930 5861 toottente
2961 5788 3192 5858 Spiritu.
3227 5787 3321 5842 oui
3350 5800 3381 5836 a
3410 5782 3572 5836 Patre
3599 5798 3746 5851 egre

2171 5869 2336 5919 ditur.
2369 5880 2390 5912 a
