4034 6406
330 379 463 435 ιυδι

1492 376 1696 431 LIBER
1735 376 1822 430 DE
1861 375 2133 432 SPlRlTU
2176 375 2466 431 SANCTO.

3466 383 3598 436 IOIIS

325 500 570 554 veritatis
597 515 627 554 a
666 499 828 556 Patre
859 501 1065 572 egredi,
1106 501 1360 570 loquente
1410 501 1612 570 Spiritu
1644 501 1733 569 qui
1765 516 1795 554 a
1828 516 1914 554 me.
1942 506 1990 560 Α
2021 501 2314 553 secundum
2363 499 2491 554 illttd
2522 514 2537 552 :
2569 518 2586 550 ι
2616 498 2750 554 Cum
2780 508 2960 553 autem
2991 501 3197 554 venerit
3239 501 3324 556 ille
3358 501 3600 561 Parat-le-

325 593 600 658 egreditur
638 594 703 647 ’⁸.
763 594 894 648 Cum
950 596 1094 647 enim
1128 594 1307 648 dicere
1339 603 1517 662 posset
1548 593 1611 646 de
1637 592 1767 658 Deo,
1793 591 1910 645 sive

332 684 395 736 de
426 682 675 748 Domino,
713 683 824 738 sive
842 686 916 738 .de
942 683 1343 754 Otnnipoteute,
1389 683 1522 737 nihil
1557 683 1750 736 horum
1786 684 1908 736 teti-

323 785 400 843 gtt
429 792 442 827 :
471 774 566 828 sed
600 777 691 840 ait,
720 775 786 829 de
822 775 1001 839 Patre,
1039 792 1142 830 non
1188 776 1328 846 quod
1359 775 1518 829 Pater
1541 791 1568 827 a
1603 775 1712 830 Deo
1733 775 1910 828 omni-

327 877 548 934 potente
579 867 648 920 sit
675 866 812 921 altus
845 884 859 920 :
889 868 1014 936 quia
1035 869 1137 921 hoc
1157 866 1332 922 scelus
1369 876 1452 921 est
1498 868 1660 922 etiam
1703 868 1909 936 cogita-

328 972 412 1017 re;
447 957 538 1010 sed
560 958 856 1012 secundum
875 961 1254 1029 proprietatem
1284 971 1339 1013 et
1361 959 1685 1014 intellectum
1703 958 1907 1013 Paren-

330 1050 396 1099 tis
421 1049 531 1114 (62)
571 1050 750 1115 egredi
793 1051 860 1103 ab
893 1066 958 1103 eo
988 1050 1185 1104 dicitur
1208 1051 1439 1121 Spiritus
1463 1052 1724 1108 veritatis.
1759 1051 1909 1108 Licet

329 1142 470 1194 enim
500 1157 562 1194 ex
585 1141 692 1196 Deo
715 1142 1024 1210 frequenter
1040 1159 1099 1199 se
1122 1145 1262 1198 dicat
1283 1145 1462 1200 exisse
1493 1144 1762 1210 Salvator,
1792 1161 1908 1212 pro-

326 1235 608 1301 prietatem
647 1241 846 1299 tamen,
891 1244 947 1286 et
980 1243 1060 1288 ut.
1087 1235 1156 1286 ita
1205 1236 1402 1301 dicam,
1462 1234 1903 1300 familiaritatem,

325 1325 390 1378 de
411 1340 514 1393 qua
538 1324 650 1391 jam
679 1339 821 1393 sa-pe
846 1327 1210 1392 tractavimus,
1234 1343 1299 1380 ex
1324 1326 1587 1381 vocabulo
1608 1328 1777 1398 magis
1803 1330 1902 1384 sibi

325 1416 498 1469 Patris
525 1417 772 1479 assumit,
801 1417 985 1472 dicens
1019 1435 1032 1470 ε
1071 1434 1089 1467 ι
1128 1417 1238 1487 Ego
1277 1419 1327 1471 in
1357 1417 1541 1482 Patre,
1571 1429 1626 1474 et
1652 1419 1810 1473 Pater
1850 1422 1901 1474 in

323 1522 409 1560 nte
441 1508 487 1538 ³⁸
524 1524 539 1573 ;
581 1527 600 1560 ›
625 1519 679 1562 et
710 1508 838 1562 alibi
870 1527 886 1563 :
932 1529 951 1560 ‹
983 1509 1092 1579 Ego
1113 1510 1344 1564 etPater
1365 1526 1529 1566 unum
1556 1514 1844 1568 sumus“:
1877 1534 1896 1568 ι

321 1611 376 1653 et
406 1601 568 1653 multa
599 1599 699 1654 alia
726 1601 810 1654 his
839 1602 1061 1668 similia,
1081 1603 1270 1671 quaein
1303 1603 1589 1673 Evangelio
1606 1605 1902 1660 observans

321 1689 488 1745 lector
525 1690 780 1746 inveniet.
823 1691 928 1745 Iste
968 1706 1095 1758 ergo
1143 1692 1379 1760 Spiritus
1425 1702 1644 1748 sanctus
1697 1696 1788 1765 qui
1833 1696 1900 1749 de

322 1780 482 1835 Patre
530 1782 838 1849 egreditur,
895 1782 1306 1846 testiﬁcabitur,
1369 1783 1541 1853 inquit
1618 1785 1894 1853 Dominus,

321 1872 387 1925 de
453 1887 537 1924 me
591 1872 656 1936 ³⁷,
727 1872 1092 1926 testimoniqu
1159 1874 1336 1928 simile
1381 1874 1559 1931 ferens
1619 1876 1667 1931 ei
1720 1876 1896 1932 Patris

322 1962 648 2027 testimonio,
687 1963 750 2016 de
777 1980 882 2032 quo
915 1965 1026 2018 ait:
1070 1982 1089 2015 ι
1125 1963 1514 2020 Testimonium
1546 1968 1674 2022 dicit
1697 1971 1763 2023 de
1787 1985 1892 2034 me,

318 2054 409 2123 qui
448 2055 591 2109 misit
623 2072 706 2109 me
739 2055 895 2110 Pater
935 2057 1000 2112 ’⁸.
1043 2077 1061 2108 ι
1097 2056 1339 2112 Mittente
1386 2070 1564 2113 autem
1601 2060 1738 2115 Filio
1773 2061 1897 2132 Spi-

319 2145 480 2198 ritum
508 2147 774 2211 veritatis,
803 2162 960 2214 quem
1008 2147 1415 2202 Consolatorem
1456 2151 1684 2213 vocavit,
1737 2149 1897 2203 simul

318 2237 481 2291 mittit
521 2248 577 2290 et
621 2236 798 2292 Pater.
839 2239 1022 2306 Neque
1063 2241 1207 2292 enim
1265 2238 1425 2294 Pater
1473 2241 1718 2296 mittente
1762 2242 1897 2297 Filio

319 2346 423 2385 non
455 2331 636 2395 mittit,
665 2346 782 2384 cum
821 2331 1008 2384 eadem
1038 2329 1316 2384 voluntate
1345 2329 1522 2386 Patris
1547 2343 1600 2386 et
1629 2331 1748 2387 Filii
1775 2333 1896 2402 Spi-

318 2423 453 2478 ritus
490 2425 686 2487 veniat,
724 2423 1005 2477 Salvatore
1046 2437 1260 2491 quoque
1322 2439 1416 2491 per
1464 2425 1779 2495 prophetam
1820 2427 1897 2480 lo-

315 2526 513 2585 quente
547 2537 558 2570 :
591 2517 730 2569 sicut
758 2516 1098 2568 manifestum
1123 2531 1243 2570 esse
1274 2517 1469 2584 poterit
1497 2518 1570 2580 ei,
1603 2519 1690 2586 qui
1727 2527 1895 2572 totum

316 2607 603 2675 perlegerit
644 2606 816 2660 locum
854 2607 986 2675 (65).
1024 2625 1042 2658 t
1097 2604 1164 2660 Et
1213 2607 1467 2661 Dominus
1509 2607 1654 2662 misit
1702 2624 1807 2672 me,
1845 2618 1898 2664 et

319 2701 576 2768 Spiritum
619 2716 822 2754 suum:
865 2719 882 2752 ι
947 2700 1216 2769 siquidem
1271 2715 1377 2753 non
1440 2700 1614 2754 solmu
1673 2701 1896 2768 Filium,

317 2792 409 2846 sed
430 2803 483 2846 et
514 2793 776 2862 Spiritum
803 2793 964 2846 mittit
1001 2792 1163 2846 Deus.
1215 2790 1325 2846 Sed
1347 2803 1400 2846 et
1424 2793 1696 2860 apostolus
1726 2794 1898 2864 loqui-

317 2893 405 2937 tur
438 2901 452 2938 :
494 2903 512 2936 ι
549 2885 680 2951 Qua:
709 2899 848 2937 nunc
877 2883 1192 2936 annuntiata
1225 2894 1352 2938 sunt
1386 2885 1536 2937 vobis
1559 2899 1654 2953 per
1679 2901 1772 2940 eos
1805 2886 1895 2955 qui

316 2975 817 3044 evangelizaverunt
841 2976 1010 3040 vobis,
1044 2975 1248 3044 Spiritu
1280 2987 1471 3029 sancto
1502 2979 1668 3030 misso
1695 2977 1761 3031 de
1784 2990 1896 3030 cte-

317 3065 382 3118 lis
411 3065 476 3118 ²⁹.
517 3084 536 3116 ι
580 3064 644 3118 Ει
668 3065 718 3117 itt
756 3065 890 3117 libro
913 3065 1004 3134 qui
1039 3064 1312 3133 Sapientia
1346 3065 1682 3132 inscribitur,
1721 3066 1790 3120 ab
1813 3067 1896 3120 his

316 3150 404 3218 qui
433 3151 614 3204 divina
654 3151 980 3204 charismata
1033 3151 1306 3205 consecuti
1353 3161 1498 3215 sunt,
1537 3167 1637 3204 vox
1691 3155 1893 3221 gratias

318 3243 426 3297 Deo
467 3243 743 3311 perferens
796 3244 1116 3296 destinatur.
1153 3260 1172 3294 r
1228 3242 1357 3308 Quae
1406 3254 1586 3296 autem
1633 3244 1686 3296 in
1735 3245 1892 3299 etelis

315 3344 459 3399 sunt,
510 3335 632 3403 quis
681 3333 1056 3403 investigavit?
1114 3335 1442 3389 voluntatem
1499 3350 1677 3388 autem
1746 3345 1888 3390 tuam

315 3425 436 3493 quis
463 3427 715 3493 cognovit
758 3443 772 3478 :
813 3427 915 3480 nisi
952 3427 1096 3497 quod
1130 3437 1184 3480 tu
1228 3425 1418 3480 dedisti
1460 3426 1801 3495 sapientiam,
1839 3436 1893 3480 et

315 3517 573 3584 Spiritum
603 3526 846 3571 sanctum
873 3525 1018 3570 tuum
1047 3516 1241 3570 tuisisti
1279 3517 1344 3569 de
1392 3515 1656 3569 excelsis?
1709 3516 1773 3569 Et
1813 3517 1892 3570 sic

312 3618 570 3662 correctae
593 3619 719 3661 sunt
740 3609 945 3662 semita:
968 3623 1176 3672 eorum,
1195 3608 1283 3675 qui
1309 3618 1680 3676 superterram
1701 3619 1888 3662 erant:

313 3709 366 3752 et
401 3700 591 3768 placita
619 3701 710 3754 tibi
735 3701 910 3754 edocti
953 3709 1078 3756 sunt
1114 3701 1364 3756 homines
1410 3699 1474 3753 ³ο.
1507 3719 1526 3750 ι
1555 3699 1617 3752 Et
1671 3701 1722 3752 iu
1756 3714 1892 3768 pra:-

313 3791 453 3844 senti
485 3792 748 3859 siquidem
786 3792 1035 3855 lectione,
1068 3808 1174 3846 non
1217 3794 1328 3846 sola
1377 3791 1640 3860 sapientia
1675 3791 1790 3857 Dei,
1839 3791 1891 3844 id

312 3884 742 3952 est,unigenitus
769 3882 934 3937 Filius
953 3883 1072 3953 ejus
1103 3883 1263 3938 datur
1291 3897 1320 3936 a
1350 3881 1532 3949 Patre,
1566 3883 1660 3939 sed
1689 3893 1742 3937 et
1767 3884 1890 3954 8ρί-

313 3976 449 4030 ritus
481 3985 698 4030 sanctus
727 3977 975 4030 mittitur.

399 4065 471 4122 Π.
500 4065 555 4119 1ιι
600 4068 715 4135 ipso
748 4083 960 4137 quoque
1001 4066 1296 4138 Evangelio
1331 4067 1446 4121 dari
1501 4068 1826 4138 prtedicatur
1860 4082 1890 4121 a

313 4161 493 4224 Patre,
521 4171 575 4214 et
606 4161 741 4214 mitti
777 4161 1011 4227 Spiritus
1037 4171 1282 4224 sanctus,
1315 4160 1597 4214 Salvatore
1629 4161 1839 4214 dicente
1874 4177 1887 4213 :

317 4269 335 4302 ι
374 4251 438 4305 Ει
460 4265 558 4322 ego
588 4255 789 4320 rogabo
813 4251 1026 4305 Patrem
1061 4267 1261 4317 meum,
1295 4250 1526 4304 etalium
1553 4248 1889 4303 Paracletum

311 4343 460 4395 dabit
487 4341 656 4406 vobis,
689 4351 746 4395 ut
791 4343 862 4396 sit
902 4341 1181 4394 vobiscum
1219 4341 1270 4392 in
1296 4349 1580 4406 aeternum,
1629 4339 1888 4407 Spiritum

314 4432 555 4487 veritatis
587 4432 663 4497 ³¹;
715 4451 732 4483 ι
773 4443 827 4486 et
860 4433 1055 4485 iterum
1097 4448 1111 4485 :
1151 4448 1170 4482 ι
1216 4429 1529 4483 Paracletus
1564 4439 1743 4482 autent
1773 4427 1890 4496 Spi-

313 4523 446 4577 ritus
474 4534 712 4586 sanctus,
744 4539 902 4594 quem
942 4525 1118 4578 mittet
1151 4522 1314 4576 Pater
1372 4521 1424 4574 in
1467 4523 1682 4574 nomine
1727 4535 1884 4584 meo,
1921 4557 1963 4610 Β

313 4616 398 4668 ille
427 4631 519 4670 vos
553 4615 764 4670 docebit
796 4617 976 4669 omnia
1015 4615 1081 4668 ³³.
1115 4633 1134 4666 ι
1167 4615 1298 4668 Nam
1325 4622 1379 4668 et
1415 4614 1464 4666 in
1498 4613 1580 4667 his
1619 4611 1884 4667 sermoni-

311 4708 432 4773 bus,
467 4707 629 4760 alium
663 4706 994 4775 paracletutn
1038 4707 1166 4760 dare
1207 4705 1404 4758 dicitur
1437 4703 1620 4766 Pater,
1656 4717 1760 4756 non
1798 4717 1888 4754 au-

313 4809 417 4852 tem
459 4798 622 4852 alium
651 4799 718 4854 ab
755 4798 901 4870 [mam
929 4797 1154 4869 absque]
1182 4811 1268 4862 eo,
1303 4797 1448 4867 quia
1479 4795 1614 4851 Filio
1638 4794 1891 4860 mittitur,

381 4927 427 4991 ’ξ
455 4924 611 4982 Joan.
646 4943 733 4989 xv,
761 4928 852 4981 26.

311 5011 348 5056 Ι,
381 4999 464 5050 12.
540 4997 584 5027 ³⁰
628 4995 750 5064 Sap.
793 5014 867 5061 Ix,
931 4997 1017 5051 17.

311 5083 444 5131 xvii,
478 5067 580 5131 28;
619 5083 814 5134 xxxnt,
851 5068 935 5122 l9.
1012 5067 1056 5097 ³⁸
1094 5065 1408 5128 Psal.xcnt,
1434 5065 1522 5121 I9.

381 5182 494 5254 (62)
533 5181 677 5236 ldem
703 5199 824 5254 cu_tn
853 5183 1024 5238 veteri
1048 5183 1204 5249 edit.,
1248 5199 1266 5232 ι
1301 5181 1682 5253 proprietatem
1709 5179 1887 5236 Patris

307 5265 363 5308 ct
391 5251 715 5306 intellectum
751 5251 1020 5317 Parentis,
1056 5272 1074 5303 ι
1115 5262 1226 5306 etc.

381 5323 489 5396 (65)
523 5323 728 5396 l'sthatc,
764 5341 782 5396 ι
811 5325 948 5396 sicut
995 5322 1340 5396 manifestum
1367 5335 1485 5375 esse
1500 5319 1884 5396 poteritei,qui

308 5391 476 5446 totum
521 5392 802 5460 perleget-it
856 5394 1056 5455 locum,
1099 5409 1119 5445 ι
1150 5393 1203 5445 in
1250 5391 1383 5461 Reg.
1444 5407 1543 5444 ms.
1573 5391 1885 5445 desiderau-

308 5475 412 5515 tur.
445 5462 562 5515 Mox
594 5476 659 5514 ex
721 5461 887 5516 Vatic.
928 5473 984 5517 et
1016 5463 1182 5514 veteri
1212 5465 1340 5516 edit.
1378 5462 1600 5514 restituo
1655 5481 1672 5510 ι
1709 5461 1883 5528 Spiri-

306 5549 418 5584 tum
440 5547 636 5597 suum;
669 5550 688 5583 ι
723 5533 876 5600 cujus
904 5533 1020 5586 loco
1062 5532 1336 5586 obtinebat
1389 5532 1441 5584 iu
1495 5541 1644 5584 recto
1688 5540 1876 5584 contra

304 5604 542 5655 auctoris
574 5614 808 5656 mentem
853 5621 870 5652 ‹
912 5601 1148 5670 Spiritus
1174 5603 1311 5665 ejus.
1346 5619 1364 5651 ι

375 5672 486 5754 (lit)
521 5671 829 5751 Eratantea
862 5689 879 5721 ι
904 5668 971 5724 ex
997 5685 1125 5754 qua,
1149 5670 1338 5754 DDRDS.
1371 5685 1494 5754 tus.”
1524 5686 1543 5719 ί
1566 5679 1618 5754 et
1644 5668 1828 5754 quasi:
1850 5687 1869 5720 ›

304 5738 553 5816 Τιιοισεη
607 5743 712 5816 «min
765 5755 888 5816 qua.
928 5759 946 5791 ι
996 5740 1119 5816 _\lid.
1157 5738 1334 5816 ⁸Εριείι.
1391 5740 1482 5816 64,
1534 5741 1607 5792 ad
1640 5738 1873 5816 Fabiol.,

306 5827 456 5864 uutn.
493 5812 581 5865 l9.
616 5810 856 5864 Emendo
893 5809 1098 5876 pariter
1157 5809 1665 5879 interpunctionem,
1721 5809 1871 5877 cujus

930 4928 975 4959 "
1014 4929 1170 4980 Joan.
1229 4941 1342 4990 xw,
1397 4927 1487 4979 10.

1563 4926 1609 4956 ’⁸
1647 4923 1807 4978 Joan.
1860 4940 1916 4989 x,
1947 4923 2036 4978 50.
2111 4927 2155 4957 "’
2192 4924 2347 4980 Joan.
2396 4943 2487 4991 xv,
2551 4929 2643 4982 26.

1094 4996 1137 5027 ³³
1179 4995 1334 5048 Joan.
1391 5011 1500 5058 xiv,
1561 4994 1647 5047 16.
1723 4995 1775 5025 ³⁸
1818 4995 1945 5048 ibid.
1979 4994 2069 5048 26.

1094 5065 1408 5128 Psal.xcm,
1434 5065 1522 5121 I9.
1597 5064 1642 5095 ⁸⁸
1683 5063 1721 5116 ΙΙ
1749 5062 1936 5131 Cor.t,
1983 5065 2075 5118 54.

2018 601 2120 654 tus,
2156 607 2316 659 quem
2357 589 2567 644 mittam
2614 591 2763 644 vobis
2802 606 2830 642 a
2892 591 3072 655 Patre,
3099 592 3356 660 Spiritum
3401 599 3598 649 verita-

2016 682 2082 736 tis
2112 682 2204 734 ³⁵·.
2249 681 2465 748 iQuem
2515 683 2675 735 aliutn
2729 683 3059 749 paracletum
3113 685 3429 747 nominavit,
3489 705 3594 742 non

2006 773 2157 844 juxta
2191 774 2802 836 naturtedilferentiatn,
2845 776 2938 829 sed
2987 777 3318 844 operationis
3363 779 3593 832 diversi-

2011 875 2196 919 tatem.
2238 866 2370 920 Cum
2449 867 2591 920 enim
2631 867 2880 921 Salvator
2936 869 3249 924 mediatoris
3304 880 3358 925 et
3435 872 3591 938 legati

2009 974 2292 1027 personam
2341 959 2556 1023 habeat,
2598 969 2650 1013 et
2689 974 2794 1028 qua
2829 960 2938 1030 (64)
2982 961 3220 1030 pontifex
3272 963 3594 1032 deprecetur

2010 1062 2105 1115 pro
2132 1049 2369 1116 peccatis
2405 1048 2623 1110 nostris,
2673 1048 2888 1102 salvans
2920 1050 2970 1102 itt
3031 1053 3420 1120 sempiternum
3474 1070 3590 1118 eos,

2008 1138 2097 1206 qui
2137 1153 2232 1207 per
2276 1139 2450 1207 ipsum
2490 1151 2840 1195 accesserunt
2885 1143 2950 1194 ad
2983 1143 3172 1205 Deum,
3214 1147 3338 1214 quia
3377 1163 3592 1215 semper

2007 1232 2196 1285 vivens
2232 1233 2536 1300 interpellat
2563 1250 2660 1301 pro
2687 1235 2766 1288 eis
2799 1233 2922 1305 [ms.
2962 1235 3140 1307 nobis]
3173 1236 3421 1304 Patrem;
3468 1237 3592 1309 Spi-

2012 1323 2149 1375 ritus
2181 1335 2400 1377 sancuts
2431 1325 2727 1377 secundum
2771 1325 2930 1378 aliam
2968 1326 3382 1395 signilicantiatn
3432 1345 3590 1398 para-

2005 1413 2195 1474 cletus,
2249 1414 2315 1467 ah
2353 1429 2418 1468 eo
2446 1417 2588 1483 quod
2627 1416 2938 1469 consolatur
2979 1418 3031 1470 in
3081 1419 3292 1471 tristitia
3358 1420 3586 1488 positos,

2006 1511 2346 1571 nuncupatus
2394 1513 2496 1557 est.
2560 1503 2756 1558 Verum
2799 1505 2904 1559 ttoli
2959 1522 3023 1562 ex
3071 1507 3190 1561 Filii
3238 1521 3292 1562 et
3353 1510 3587 1579 Spiritus

2003 1595 2176 1647 sancti
2208 1596 2521 1665 operatione
2546 1597 2783 1664 diversa,
2819 1599 2998 1653 varias
3031 1602 3305 1656 aestimare
3342 1613 3583 1656 naturas.

2005 1685 2283 1755 Siquidem
2317 1689 2369 1742 in
2406 1689 2510 1742 alio
2541 1689 2656 1744 loco
2692 1693 2958 1758 reperitur
2981 1693 3286 1762 paracletus
3325 1693 3584 1764 Spiritus,

2002 1778 2166 1848 legati
2195 1781 2261 1834 ad
2290 1779 2505 1834 Patrem
2537 1797 2764 1850 persona
2793 1783 2962 1854 fungi,
2990 1795 3046 1838 ιιι
3081 1785 3132 1839 itt
3171 1787 3260 1841 illo
3305 1805 3318 1841 :
3374 1807 3392 1840 ‹
3444 1788 3582 1854 Quid

1999 1873 2142 1925 enim
2171 1887 2390 1929 oremus
2412 1874 2570 1944 juxta
2601 1877 2651 1929 id
2689 1879 2830 1945 quod
2875 1891 3106 1948 Oportet,
3148 1883 3440 1948 nescimus,
3490 1884 3583 1937 sed

2000 1963 2112 2030 ipse
2141 1964 2376 2032 Spiritus
2409 1967 2715 2036 interpellat
2745 1985 2840 2038 pro
2877 1971 3029 2026 nobis
3052 1975 3340 2041 gemitibus
3373 1976 3583 2029 inenar-

2000 2055 2283 2109 rabilibus.
2317 2058 2416 2123 Qui
2445 2069 2624 2112 autem
2657 2071 2931 2115 scrutatur
2958 2067 3140 2128 corda,
3172 2065 3275 2120 scit
3323 2068 3452 2135 quid
3489 2068 3584 2121 de-

1997 2144 2196 2200 sideret
2248 2147 2502 2217 Spiritus.
2557 2152 2823 2218 quomodo
2888 2153 2987 2226 [al.
3070 2156 3214 2230 cum]
3282 2159 3578 2239 secundum

1999 2235 2167 2290 Deum
2197 2241 2431 2304 postulat
2467 2257 2562 2309 pro
2585 2245 2786 2299 sanctis
2821 2245 2886 2300 ³³.
2925 2265 2944 2298 ι

2068 2327 2157 2383 28.
2197 2329 2446 2384 Salvator
2477 2347 2691 2400 quoque
2725 2335 3148 2392 consolationem
3179 2355 3205 2392 a
3239 2357 3343 2408 qua
3391 2343 3569 2408 Spiri-

2000 2425 2084 2469 tus
2112 2428 2334 2472 sanctus
2363 2420 2668 2488 paracletus
2702 2435 3039 2492 nuncupatus
3073 2439 3178 2494 est,
3208 2443 3467 2500 operatur
3523 2436 3575 2490 in

1999 2507 2252 2562 cordibus
2276 2523 2462 2562 eorum
2483 2510 2572 2579 qui
2599 2524 2660 2564 ea
2682 2511 2944 2582 indigent.
2974 2515 3245 2586 Scriptum
3279 2533 3362 2575 est
3387 2523 3528 2576 enim
3560 2543 3577 2582 :

2004 2615 2022 2650 ι
2052 2599 2114 2652 Ει
2143 2599 2373 2655 humiles
2402 2603 2580 2672 populi
2615 2605 2925 2662 consolatus
2951 2621 3034 2662 est
3057 2609 3122 2664 ³⁵.
3163 2631 3182 2662 ι
3223 2612 3371 2668 Unde
3398 2625 3450 2669 et
3492 2619 3577 2673 hts

1998 2692 2087 2759 qui
2113 2691 2215 2745 hoc
2246 2693 2566 2748 beneficium
2612 2695 2786 2751 fuerat
2825 2710 3170 2763 consecutus,
3219 2720 3338 2758 eum
3387 2710 3582 2774 przedio

1999 2796 2152 2844 cans,
2189 2782 2511 2852 loquebatur
2543 2805 2556 2841 :
2603 2807 2621 2838 ι
2657 2788 2899 2857 Domine,
2936 2794 3230 2848 secundum
3287 2799 3582 2853 multitudi-

1998 2888 2120 2927 nem
2157 2875 2400 2929 dolorutn
2436 2893 2675 2932 meorum
2713 2880 2765 2934 iu
2793 2885 2954 2936 corde
2989 2901 3126 2950 meo,
3182 2890 3582 2945 consolationes

2000 2975 2106 3018 tua:
2133 2965 2536 3022 laetificavcrunt
2562 2985 2657 3023 cor
2683 2987 2858 3026 meum
2888 2974 2964 3038 ³¹;
3003 2993 3021 3026 ι
3049 2977 3180 3040 sive,
3221 2996 3239 3028 ι
3278 2979 3582 3036 dilexi-runt

1997 3055 2234 3109 animam
2269 3073 2441 3110 meam
2473 3058 2584 3129 (65)
2619 3078 2632 3112 :
2677 3079 2696 3112 ι
2731 3075 2962 3132 utroque
2995 3067 3138 3118 enim
3175 3069 3434 3137 scriptum
3459 3088 3582 3126 esse

1998 3148 2158 3202 modo
2217 3147 2269 3202 iu
2307 3149 2534 3204 diversis
2588 3154 2982 3222 exemplaribus
3015 3158 3309 3212 invenitur.
3357 3161 3462 3216 Sed
3524 3175 3578 3220 ct

1996 3238 2172 3303 Pater,
2223 3241 2363 3296 Deus
2425 3243 2601 3298 omnis
2657 3247 3037 3302 consolationis
3091 3251 3288 3305 dicitttr
3319 3253 3364 3283 ³⁸
3400 3273 3413 3308 :
3451 3271 3580 3310 co"-

1995 3331 2174 3387 Solans
2240 3349 2334 3388 eos
2377 3337 2466 3404 qui
2534 3337 2587 3390 in
2631 3338 2974 3393 trilmlatioue
3016 3351 3176 3408 sunt,
3229 3355 3285 3397 ut
3331 3361 3394 3398 ex
3451 3346 3578 3415 ipsis

1994 3425 2253 3493 angustiis
2303 3441 2398 3494 per
2453 3427 2764 3495 patientiam
2825 3428 3050 3484 salutem
3093 3433 3343 3501 primum,
3382 3437 3578 3494 dehinc

1994 3530 2246 3568 coronam
2276 3516 2458 3585 gloria!
2512 3530 2930 3588 COnSequanlnr.
2995 3519 3228 3587 Spiritus
3259 3525 3419 3592 igitur
3443 3543 3578 3581 con-

1993 3608 2193 3662 solator
2245 3617 2303 3664 et
2387 3621 2654 3677 sanctus,
2722 3624 2772 3666 et
2833 3614 3066 3682 Spiritus
3128 3618 3371 3673 veritatis
3422 3621 3580 3675 datur

1993 3716 2021 3752 a
2055 3700 2235 3768 Patre,
2259 3711 2316 3755 ut
2342 3715 2558 3771 semper
2586 3718 2706 3756 cum
2736 3703 2934 3759 Christi
2969 3707 3248 3775 discipulis
3276 3725 3576 3765 commore-

1996 3801 2100 3858 tur,
2124 3807 2244 3847 cum
2267 3795 2463 3862 quibus
2486 3805 2540 3848 et
2569 3795 2682 3865 ipse
2713 3796 2963 3851 Salvator
2987 3809 3090 3864 est,
3115 3800 3298 3855 dicens
3325 3820 3337 3856 :
3377 3821 3395 3854 ι
3437 3801 3577 3860 Ecce

1993 3885 2134 3938 enim
2169 3885 2446 3938 vobiscum
2474 3901 2590 3939 sum
2616 3903 2787 3956 usque
2817 3890 2881 3941 ad
2917 3894 3436 3948 consummationem
3471 3911 3574 3950 sa:-

1992 3976 2096 4029 culi
2123 3975 2188 4028 ³⁷.
2229 3994 2247 4027 ι
2283 3977 2415 4030 Cum
2462 3988 2639 4031 autem
2689 3992 2903 4048 semper
2930 3983 3186 4049 apostolis
3233 3994 3286 4038 et
3343 3987 3575 4054 Spiritus

1993 4077 2212 4123 sanctus
2245 4069 2386 4122 adsit
2415 4069 2512 4141 [aL
2548 4069 2788 4143 assistat]
2818 4082 2868 4126 et
2900 4072 3089 4138 Filius,
3127 4077 3393 4144 sequitur,
3439 4092 3493 4131 ιιι
3520 4092 3574 4134 et

1991 4157 2152 4211 Pater
2179 4175 2299 4213 cum
2329 4159 2460 4228 ipsis
2498 4161 2590 4222 sit,
2618 4162 2742 4230 quia
2775 4165 2862 4231 qui
2895 4167 3081 4233 recipit
3119 4166 3334 4232 Filium,
3386 4172 3575 4237 recipit

1991 4259 2045 4301 et
2076 4248 2286 4302 Patrem
2322 4267 2336 4302 :
2372 4259 2426 4303 et
2471 4252 2803 4304 mansionem
2854 4252 3026 4309 Filius
3068 4271 3190 4310 cum
3243 4257 3403 4315 Patre
3447 4261 3574 4317 facit

1991 4342 2128 4408 apud
2159 4356 2272 4404 eos,
2309 4341 2398 4408 qui
2422 4340 2565 4410 digni
2593 4342 2826 4396 adventu
2855 4343 2970 4410 ejus
3001 4350 3328 4403 exstiterint.
3367 4350 3469 4404 Sed
3517 4363 3569 4406 et

1992 4432 2077 4484 tibi
2117 4432 2350 4500 Spiritus
2391 4443 2610 4486 sanctus
2642 4432 2822 4500 fuerit,
2871 4437 3054 4490 statim
3095 4439 3362 4493 invenitur
3391 4451 3444 4495 et
3481 4442 3571 4496 Fi-

1993 4522 2113 4575 lius.
2162 4523 2438 4592 Siquidem
2475 4536 2594 4576 cum
2647 4522 2698 4576 itt
2753 4525 3028 4593 prOphetis
3079 4527 3313 4596 Spiritus
3355 4543 3573 4585 sanatus

1992 4614 2082 4678 sit,
2125 4614 2329 4669 faciens
2387 4628 2480 4668 eos
2512 4614 2689 4668 l‘tttura
2729 4619 3044 4684 praecinere,
3076 4629 3130 4671 et
3164 4620 3264 4672 alia
3301 4636 3420 4689 qute
3458 4640 3574 4690 pro-

1992 4705 2221 4774 phetalis
2252 4707 2586 4773 operationis
2613 4718 2757 4769 sunt,
2796 4722 2975 4762 sermo
3006 4707 3097 4763 Dei
3129 4712 3192 4763 ad
3227 4727 3321 4766 eos
3372 4715 3573 4770 dicitur

2001 4794 2195 4859 factus,
2228 4806 2286 4850 ut
2305 4797 2372 4850 ad
2392 4796 2443 4850 id
2464 4798 2606 4865 quod
2628 4797 2692 4851 ad
2709 4799 3150 4853 consuetudinem
3183 4805 3569 4871 prophetarum

2146 4935 2153 4954 '
2192 4935 2347 4980 Joan.
2396 4943 2487 4991 xv,
2551 4935 2643 4982 26.
2721 4935 2769 4961 ³⁸
2807 4935 2964 4987 Joan.
2994 4947 3092 4993 xu.
3123 4935 3212 4988 49.
3287 4935 3332 4966 ιο
3373 4935 3388 4988 ι
3425 4938 3568 4994 pe".

2146 4994 2411 5069 ff‘__.|oan.
2449 5011 2536 5060 xv,
2583 4998 2684 5069 26.
2719 4997 2798 5069 7³⁸
2836 5001 2992 5057 Rom,
3045 5017 3164 5069 Vm,
3222 5005 3316 5059 26.
3391 5007 3439 5038 ιι
3476 5009 3569 5063 νδ.

2152 5065 2193 5096 ⁸⁷
2215 5065 2406 5119 Matth.
2441 5081 2636 5134 xxvm,
2665 5068 2759 5124 20.

1988 5181 2132 5253 vitio
2151 5180 2332 5253 nullus
2363 5189 2481 5236 erat
2503 5182 2726 5253 hujusce
2763 5186 2966 5252 periodi
3000 5201 3206 5243 sensus.

2057 5250 2172 5318 (65)
2201 5251 2446 5314 Tholos.,
2485 5271 2503 5304 t
2543 5250 2594 5306 in
2629 5250 2793 5309 corde
2827 5271 2965 5319 meo,
3009 5258 3414 5313 exhortationes
3467 5270 3570 5314 tua:

2721 4932 2769 4961 "
2807 4930 2964 4987 Joan.
2994 4947 3092 4993 xu.
3123 4933 3212 4988 49.

1983 5319 2390 5374 delectaverunt
2416 5323 2655 5376 animam
2687 5339 2883 5379 meatu.
2920 5327 2983 5379 Et
3023 5330 3204 5391 aliter,
3235 5334 3568 5383 Consolatio-

1983 5407 2078 5443 nes
2119 5400 2243 5453 tute,
2289 5409 2306 5442 ι
2360 5402 2467 5446 etc.
2514 5393 2791 5447 Glossema
2837 5410 2902 5449 ex
2957 5399 3270 5451 criticorum
3323 5401 3566 5457 audacia.

1982 5459 2253 5514 Lectionis
2293 5475 2451 5529 quam
2481 5461 2740 5532 Didymus
2771 5474 2927 5532 urget
2973 5468 3260 5520 diversitas
3307 5468 3356 5520 iu
3393 5472 3569 5523 verbis

1987 5540 2088 5591 est,
2119 5547 2137 5579 t
2167 5531 2594 5595 lzelilicaverunt,
2631 5551 2649 5583 ι
2683 5542 2737 5586 et
2787 5552 2805 5583 ι
2837 5531 3160 5588 dilexerunt.
3191 5555 3208 5587 ι
3262 5538 3338 5591 R‘e
3385 5548 3564 5592 autent

1986 5615 2112 5652 vera
2149 5599 2321 5676 Graeci
2349 5601 2555 5676 aliquot
2585 5603 2704 5656 libri
2728 5604 2940 5676 habent
2965 5605 3282 5676 ἠγάπησαν,
3323 5625 3339 5656 t
3363 5609 3568 5676 dtlexe-

1986 5681 2131 5750 runt,
2159 5689 2178 5721 ι
2216 5672 2305 5726 alii
2344 5669 2640 5744 εὔφραναν,
2677 5689 2695 5723 t
2727 5669 3153 5742 lastilicaverunt,
3190 5694 3210 5726 ι
3273 5686 3331 5730 ιιι
3363 5677 3416 5730 iti
3453 5675 3564 5729 La-

1987 5749 2133 5794 linis.
