4034 6414
483 335 504 388 Ι
515 333 621 389 059

1751 334 1981 390 DIDYMI
2019 338 2490 396 ALEXANDRINI

3586 349 3724 405 1060

481 461 563 508 est
591 450 723 519 (66),
757 470 774 502 i
803 448 931 504 Haec
957 447 1383 516 dicitDominus,
1418 470 1436 503 ι
1457 454 1621 507 etiam
1651 454 1776 509 illud
1805 457 2054 522 addatur,
2086 465 2131 519 Α
2160 459 2305 513 Patri
2343 462 2518 516 aufert
2551 459 2994 526 dominationem,
3040 477 3211 533 neque
3259 462 3395 518 Filio
3425 463 3674 521 deitatem
3709 487 3724 523 :

487 563 506 594 ι
539 543 732 597 Sermo
773 542 864 612 qui
907 541 1084 596 factus
1125 552 1208 596 est
1249 544 1316 598 ad
1362 543 1578 611 Isaiam,
1625 564 1644 598 ι
1686 547 1800 601 sive
1828 551 1894 603 ad
1928 550 2057 604 reli-

481 651 638 703 quos.

551 725 642 779 29.
669 724 820 792 Quod
865 732 1043 778 autem
1085 723 1361 794 propheta.-
1394 723 1652 794 Spiritum
1677 735 1925 783 sanctum
1957 729 2056 782 ha-

479 817 718 880 buerint,
757 816 864 868 Deo
903 815 1190 870 manifeste
1243 817 1498 886 loquente
1543 820 2058 886 cognoscimus.Ait

479 909 624 963 enim
654 926 668 962 :
707 925 725 958 ι
758 907 1101 972 Quaecunque
1135 907 1384 960 mandavi
1434 909 1484 960 in
1514 907 1716 976 Spiritu
1742 925 1862 964 meo
1886 912 2056 967 servis

479 1001 614 1055 meis
647 1000 924 1070 prophetis
947 998 1012 1050 ³⁸.
1055 1016 1074 1049 ι
1111 998 1176 1052 Ει
1203 999 1452 1055 Salvator
1474 1003 1524 1054 in
1558 1002 1848 1074 Evangelio
1882 1007 2054 1076 signi-

479 1092 605 1146 licat
629 1092 802 1161 justos
826 1093 989 1158 viros,
1017 1100 1072 1146 et
1119 1107 1214 1146 eos
1253 1093 1342 1161 qui
1400 1103 1527 1147 ante
1565 1095 1854 1150 adventum
1896 1112 2052 1150 suum

477 1185 674 1253 populo
702 1195 922 1238 ventura
955 1184 1264 1238 cecinerant
1299 1183 1454 1256 [ναι.
1489 1187 1889 1260 praecinerant].
1933 1189 2056 1258 Spi-

477 1277 616 1331 ritus
673 1276 842 1330 saucti
915 1277 1247 1344 aspiratione
1317 1277 1635 1346 completos.
1708 1281 2054 1352 Interrogans

475 1367 671 1436 quippe
703 1366 1001 1421 Pliarismos
1027 1369 1154 1436 quid
1184 1368 1264 1422 eis
1298 1368 1365 1422 de
1397 1369 1614 1425 Christo
1647 1373 1946 1437 videretur,
1997 1383 2054 1428 et

473 1459 702 1513 audiens
735 1459 861 1528 quia
894 1469 1039 1513 esset
1066 1459 1206 1513 ﬁlius
1229 1460 1390 1515 David
1408 1461 1543 1533 (67),
1574 1463 1836 1532 loquitur:
1867 1483 1886 1517 ‹
1910 1467 2054 1534 Quo-

472 1551 632 1604 modo
669 1551 831 1603 David
878 1551 928 1603 in
983 1549 1190 1620 Spiritu
1237 1563 1394 1606 vocat
1432 1569 1554 1608 eum
1600 1555 1880 1610 Dominum
1916 1575 1935 1609 ι
1971 1558 2054 1612 di-

470 1656 599 1696 cens
628 1658 642 1694 :
681 1659 699 1691 ‹
737 1641 878 1694 Dixit
898 1641 1153 1696 Dominus
1183 1642 1406 1697 Domino
1438 1659 1592 1698 meo:
1627 1645 1765 1700 Sede
1793 1663 1822 1700 a
1846 1649 2052 1706 dextris

472 1732 642 1787 meis?
677 1730 732 1786 Si
769 1747 898 1801 ergo
930 1732 1094 1786 David
1125 1741 1284 1787 vocat
1329 1749 1451 1788 eum
1497 1735 1550 1788 in
1604 1734 1810 1806 Spiritu
1860 1751 2050 1796 sancto

469 1822 775 1886 Dominum,
807 1824 1074 1892 quomodo
1103 1822 1273 1876 Filius
1309 1822 1428 1892 ejus
1475 1834 1558 1878 est
1577 1804 1695 1878 ".7:
1747 1826 1811 1880 Et
1857 1826 2050 1886 Petrus
2081 1804 2121 1858 Β

471 1915 539 1968 ad
572 1925 852 1970 consortes
894 1915 1013 1969 tldei
1042 1915 1306 1985 loquitur:
1333 1915 1890 1989 «Oportebatimpleri
1913 1921 2051 1977 Scri-

476 2018 719 2077 pturam,
737 2023 898 2077 quam
922 2009 1172 2078 praedixit
1191 2008 1425 2078 Spiritus
1449 2020 1772 2079 sanctusper
1791 2027 1851 2066 os
1883 2014 2048 2068 David

464 2102 533 2153 de
560 2097 718 2166 Juda,
737 2111 842 2154 etc.
863 2099 930 2164 “;
959 2117 978 2150 ι
1013 2109 1068 2152 et
1090 2101 1143 2152 in
1167 2101 1354 2154 eodem
1381 2115 1568 2154 rursus
1594 2100 1764 2156 libro:
1795 2103 1930 2168 «Qui
1953 2118 2049 2174 per

466 2187 795 2259 Spiritum”
849 2189 1041 2258 inquit,
1081 2207 1100 2239 ‹
1131 2200 1380 2244 sanctum
1438 2203 1530 2243 ore
1566 2189 1729 2245 David
1773 2193 1922 2262 pueri
1969 2194 2045 2248 tui

466 2282 682 2338 locutus
723 2297 785 2336 es
827 2299 841 2336 :
889 2282 1069 2348 Quare
1115 2280 1452 2335 fremuerunt
1499 2293 1716 2350 gentes,
1767 2294 1821 2338 et
1859 2285 2042 2355 populi

463 2375 705 2429 meditati
736 2383 865 2428 sunt
916 2374 1092 2427 inania
1117 2373 1235 2426 “ili
1291 2371 1460 2428 Isaias
1507 2390 1720 2442 quoque
1761 2391 1885 2431 cum
1929 2393 2045 2432 ser-

463 2481 622 2520 mone
663 2467 757 2520 Dei
795 2465 1057 2535 impulsus
1091 2465 1158 2518 ad
1207 2467 1634 2535 prophetandum
1671 2467 1885 2534 fuisset,
1920 2469 2044 2542 Spi-

462 2558 602 2612 ritus
637 2557 810 2613 sancti
847 2558 1074 2626 imperio
1115 2557 1224 2628 (68)
1260 2559 1614 2628 prophetasse
1663 2561 1978 2627 perhibetur
2011 2581 2026 2617 :

461 2660 519 2704 ιιι
551 2650 604 2704 in
641 2651 746 2704 [ine
771 2649 1082 2703 eorumdem
1110 2651 1339 2704 Actuum
1383 2653 1658 2706 scribitur.
1694 2671 1712 2703 ι
1745 2652 1888 2708 Bene
1918 2652 2042 2724 Spi—

462 2741 597 2794 ritus
642 2748 864 2794 sanctus
903 2737 1112 2793 locutus
1149 2749 1234 2795 est
1266 2755 1361 2808 per
1390 2740 1581 2796 Isaiam
1619 2743 1934 2810 pr0phetam
1967 2745 2034 2799 ad

459 2840 642 2901 patres
677 2841 906 2896 vestros,
930 2851 948 2883 ι
985 2833 1170 2886 dicens
1197 2849 1210 2885 :
1243 2848 1262 2882 ι
1293 2832 1436 2887 Vade
1464 2835 1529 2886 ad
1559 2834 1812 2902 populum
1848 2837 2036 2903 istum,

458 2933 514 2977 et
548 2922 672 2976 dic:
703 2923 847 2978 Aure
883 2923 1112 2976 audietis
1136 2923 1243 2986 “,i
1286 2932 1340 2978 et
1381 2923 1608 2993 reliqua.
1664 2925 1814 2980 Hanc
1873 2929 2036 2998 igitur

459 3013 793 3084 prophetiam
824 3030 986 3082 quam
1027 3016 1302 3084 apostolus
1340 3017 1541 3071 Paulus
1583 3017 1819 3072 allirmat
1851 3036 1880 3072 a
1915 3021 2037 3088 Spi-

456 3107 563 3160 ritu
605 3115 796 3160 sancto
832 3109 1273 3173 pronuntiatam,
1319 3108 1434 3178 ipse
1484 3107 1623 3162 liber
1676 3111 1952 3177 propheta:
2003 3126 2031 3162 a

457 3197 687 3254 Domino
742 3198 940 3252 dictam
988 3215 1112 3254 esse
1159 3210 1568 3255 commemorat.
1619 3219 1639 3252 ι
1672 3201 1736 3255 Et
1770 3203 2028 3268 audivi,»

457 3290 633 3359 inquit
679 3290 863 3357 Isaias,
916 3308 937 3342 ι
967 3305 1153 3344 vocem
1203 3290 1447 3355 Domini,
1493 3292 1764 3346 dicentem
1805 3311 1816 3344 :
1863 3293 2033 3360 Quem

456 3383 690 3447 mittam,
718 3393 772 3436 et
809 3383 930 3452 quis
975 3382 1075 3436 ibit
1119 3384 1184 3435 ad
1231 3384 1483 3452 populum
1531 3385 1729 3437 istum?
1761 3385 1824 3438 Et
1868 3386 1980 3439 dixi
2016 3405 2031 3440 :

455 3474 594 3529 Ecce
623 3489 742 3544 ego,
770 3475 922 3528 mitte
954 3489 1058 3528 me.
1091 3472 1261 3537 Vade,
1285 3494 1303 3527 ι
1341 3476 1538 3544 inquit,
1578 3492 1597 3526 ι
1627 3484 1679 3529 et
1719 3476 1803 3531 dic
1839 3477 2037 3546 populo

456 3567 621 3622 huic:
651 3568 795 3619 Aure
833 3567 1060 3620 audietis
1081 3566 1156 3628 ";
1186 3585 1204 3618 ι
1244 3578 1296 3620 et
1328 3577 1450 3636 post
1481 3567 1585 3620 alia
1617 3567 1735 3636 ipse
1771 3569 2031 3626 Dominus

455 3659 570 3710 ait:
610 3674 630 3708 ε
661 3656 726 3710 Et
754 3666 1154 3722 convertentur,
1187 3666 1238 3711 et
1272 3659 1472 3713 sanabo
1501 3658 1620 3713 illos
1647 3658 1716 3713 “.
1745 3677 1762 3710 ι
1813 3659 1881 3712 Et
1917 3669 2037 3714 sta-

457 3748 555 3800 tim
600 3748 902 3816 pr0pheta:
939 3766 958 3798 ‹
988 3748 1298 3817 Quousque,
1347 3749 1646 3804 Domine?»
1701 3766 1825 3804 cum
1877 3753 2024 3806 enim

459 3837 718 3892 Dominus
752 3839 817 3892 ad
852 3841 1171 3908 prOphetam
1201 3840 1446 3903 dixisset,
1480 3849 1538 3894 ut
1569 3858 1629 3896 ea
1657 3857 1779 3911 quae
1812 3845 2016 3911 scripta

457 3937 605 3992 sunt,
639 3927 846 3983 diceret
883 3927 1021 3999 (69),
1057 3939 1111 3981 et
1145 3929 1412 3998 propheta
1447 3929 1655 3996 jubenti
1694 3931 1918 3986 Domino
1954 3948 2038 3985 re-

454 4021 762 4091 spondisset
801 4039 814 4075 :
853 4039 872 4072 ε
904 4021 1212 4090 Usquequo,
1262 4020 1492 4077 Domine
1518 4022 1641 4074 ‘3?»
1697 4038 1758 4076 ea
1811 4039 1931 4094 qua:
1981 4025 2034 4078 in

459 4113 723 4185 propheta
765 4128 794 4166 a
833 4112 1060 4168 Domino
1116 4115 1255 4168 dicta
1311 4121 1457 4179 sunt,
1507 4114 1558 4166 in
1595 4114 1796 4184 Spiritu
1848 4128 2038 4171 sancto

453 4219 874 4263 commemorata
943 4203 1143 4260 Paulus
1207 4205 1464 4260 allirmat.
1529 4205 1603 4260 Ex
1659 4223 1767 4276 quo
1835 4207 2037 4276 liquido

455 4299 778 4362 ostenditur,
809 4307 870 4351 ut
901 4297 1176 4367 saepeiam
1210 4298 1466 4360 diximus,
1499 4313 1660 4351 unam
1692 4311 1746 4352 et
1781 4300 2031 4352 volunta-
2053 4326 2078 4334 ~

461 4403 566 4447 tem
595 4401 651 4446 et
683 4402 930 4444 naturam
963 4390 1172 4444 Domini
1201 4405 1345 4452 esse,
1386 4401 1440 4444 et
1479 4389 1714 4458 Spiritus
1746 4391 1940 4456 sancti,
1979 4401 2035 4444 et

2158 553 2422 622 siquidem
2473 554 2582 624 (70)
2631 557 2817 611 eadem
2869 557 3080 612 ratione
3117 572 3220 626 qua
3281 556 3437 612 Pater
3469 557 3730 614 Dominus

2156 653 2240 698 est
2267 661 2282 698 :
2311 657 2360 698 et
2382 644 2549 699 Filius
2583 645 2724 702 Deus
2754 657 2836 700 est
2877 667 2890 702 :
2917 649 2995 703 sic
3025 658 3078 702 et
3112 647 3342 718 Spiritus
3375 659 3592 704 sanctus
3625 648 3727 704 Do-

2158 735 2337 788 minus
2360 743 2714 804 nuncupatur.
2748 736 2804 790 Si
2833 748 3010 791 autem
3036 737 3311 803 Dominus,
3331 748 3725 808 consequenter

2155 833 2210 878 et
2245 824 2404 889 Deus,
2449 835 2508 880 ιιι
2542 827 2702 894 paulo
2750 838 2875 882 ante
2920 828 3034 898 jam
3071 829 3326 892 diximus,
3369 843 3492 884 cum
3539 845 3720 884 vocem

2157 915 2384 983 apostoli
2418 913 2558 970 Petri
2589 918 2656 972 ad
2686 919 2972 985 Ananiam,
3013 920 3101 987 qui
3132 921 3416 988 pecuniam
3448 921 3728 976 subtraxe-

2155 1012 2262 1067 rat,
2295 1019 2636 1072 poneremus,
2666 1008 2790 1076 quia
2819 1017 2873 1063 et
2897 1009 3069 1063 deitas
3100 1009 3202 1081 [αι.
3237 1009 3514 1082 divinitas]
3539 1027 3726 1080 supcr-

2155 1094 2471 1165 intelligitur
2497 1098 2550 1151 in
2581 1097 2782 1166 Spiritu
2813 1110 3021 1154 sancto.

2223 1278 2314 1335 50.
2357 1277 2552 1332 Verum
2597 1279 2850 1347 quoniam
2913 1281 3039 1336 inde
3087 1283 3402 1352 qnarstionis
3447 1283 3581 1339 ordo
3627 1285 3720 1340 de-

2153 1367 2346 1422 ductus
2388 1377 2504 1422 est:
2545 1387 2564 1419 ι
2594 1366 2728 1424 Cum
2773 1379 2952 1424 autem
2990 1373 3198 1425 venerit
3249 1372 3552 1439 paracletus
3597 1373 3718 1442 Spi-

2152 1462 2287 1515 ritus
2316 1470 2534 1514 sauctus
2552 1460 2615 1521 ⁸⁵⁸,
2647 1476 2806 1530 quem
2843 1463 3016 1517 mittet
3041 1462 3202 1518 Pater
3231 1465 3282 1518 in
3322 1467 3536 1519 nomine
3577 1480 3732 1526 meo,-

2154 1549 2242 1604 ille
2284 1564 2380 1603 vos
2408 1548 2622 1603 docebit
2655 1551 2833 1603 omnia
2860 1551 2904 1582 ⁸⁷
2933 1569 2947 1607 :
2975 1572 2995 1604 ι
3033 1568 3130 1622 age
3160 1569 3305 1608 nunc
3349 1571 3412 1608 ex
3463 1555 3578 1623 ipso
3607 1570 3722 1609 ser-

2153 1652 2311 1692 mone
2350 1652 2676 1706 quaeramus,
2705 1639 2749 1692 si
2793 1641 2920 1708 quid
2970 1642 3020 1696 in
3053 1658 3119 1697 eo
3166 1643 3435 1712 possimus
3483 1646 3720 1698 invenire

2153 1741 2274 1780 cum
2323 1727 2408 1780 his
2437 1728 2741 1782 consentire
2785 1744 2904 1798 qua:
2950 1733 3093 1786 dicta
3125 1743 3270 1786 sunt.
3300 1733 3558 1802 Spiritum
3601 1750 3720 1789 san-

2150 1828 2294 1871 cmm
2329 1832 2358 1871 a
2402 1814 2560 1869 Patre
2599 1816 2651 1870 in
2690 1834 2786 1874 suo
2821 1820 2958 1874 mitti
3005 1823 3241 1888 nomine,
3289 1823 3537 1878 Salvator
3583 1827 3720 1880 θωτ-

2152 1916 2284 1971 mat,
2330 1924 2452 1964 cum
2498 1911 2713 1980 proprie
2767 1910 3066 1966 Salvatoris
3100 1930 3294 1970 nomen
3331 1916 3400 1970 sit
3449 1917 3633 1981 Filius,
3674 1920 3717 1974 si

2149 2000 2362 2068 quidem
2414 2014 2618 2056 natura:
2647 2006 3004 2070 consortium,
3043 2017 3118 2070 et,
3165 2019 3221 2061 ut
3254 2009 3325 2061 ita
3359 2009 3556 2074 dicam,
3600 2027 3719 2080 pro-

2148 2095 2349 2163 prietas
2385 2111 2757 2165 persooarum,
2803 2113 2866 2152 ex
2911 2099 3010 2152 ista
3044 2115 3174 2154 voce
3218 2104 3483 2172 signatur.
3516 2103 3572 2158 In
3609 2120 3708 2174 qua

2147 2186 2505 2258 appellatione
2540 2187 2683 2253 Filii,
2721 2188 2918 2242 missus
2944 2204 2972 2242 a
3013 2188 3170 2244 Patre
3197 2191 3428 2260 Spiritus
3469 2206 3704 2262 sanctus,

2147 2295 2251 2334 non
2285 2295 2494 2344 servus,
2526 2295 2629 2335 non
2661 2282 2819 2345 alius,
2858 2297 2957 2336 nec
3000 2283 3299 2352 d-isjunctus
3326 2300 3354 2338 a
3390 2284 3527 2340 Filio
3561 2286 3717 2341 intel-

2146 2370 2339 2440 ligatur
2363 2369 2460 2446 [αι.
2491 2372 2850 2446 intelligitur].
2901 2374 3087 2444 thuo
3122 2376 3280 2430 modo
3311 2375 3477 2432 Filius
3524 2378 3574 2432 in
3615 2377 3717 2432 Pa-

2146 2465 2243 2518 tris
2272 2463 2630 2534 appellatione
2665 2465 2832 2528 venit,
2876 2467 3061 2522 dicens
3097 2485 3110 2520 :
3149 2486 3168 2518 ‹
3197 2467 3308 2538 Ego
3339 2469 3458 2524 veni
3511 2471 3567 2524 in
3612 2487 3714 2525 no-

2145 2553 2288 2609 mine
2321 2554 2464 2608 Patri
2504 2555 2607 2609 mei
2634 2555 2678 2586 ⁸⁸
2705 2573 2720 2610 ;
2749 2575 2767 2606 ι
2808 2555 2926 2610 Filii
2964 2557 3164 2627 quippe
3217 2561 3589 2615 tantummodo
3629 2572 3712 2616 est

2145 2645 2197 2700 in
2229 2647 2444 2700 nomine
2472 2646 2651 2703 Patris
2695 2649 2898 2712 venire,
2929 2649 3079 2703 salva
3126 2651 3455 2720 proprietate
3485 2652 3603 2706 Filii
3647 2655 3713 2708 ad

2142 2733 2380 2799 Patrem,
2408 2745 2461 2789 et
2490 2736 2671 2791 Patris
2701 2739 2766 2790 ad
2797 2737 3026 2792 Filium:
3056 2738 3135 2792 sic
3159 2752 3189 2792 c
3213 2742 3510 2806 contrario,
3541 2743 3715 2798 nullus

2141 2825 2278 2881 alius
2327 2828 2472 2881 venit
2512 2829 2563 2881 in
2615 2831 2832 2882 nomine
2874 2827 3073 2894 Patris,
3117 2830 3210 2885 sed
3244 2832 3392 2886 verbi
3429 2835 3622 2901 gratia,
3663 2836 3713 2887 in

2143 2917 2373 2984 Domini,
2402 2929 2458 2973 et
2493 2920 2607 2985 Dei,
2645 2929 2700 2975 et
2747 2918 3163 2991 Omnipotentis.
3197 2923 3348 2990 Quod
3379 2927 3713 2980 manifestum

2140 3011 2421 3064 advertere
2477 3013 2681 3081 poteris
2741 3015 3035 3080 prophetas
3090 3013 3335 3085 relegens
3386 3031 3450 3069 ex
3507 3017 3707 3070 annuo.

2140 3099 2272 3153 Nam
2315 3111 2370 3155 et
2410 3101 2620 3173 Moyses
2661 3118 2887 3173 magnus
2928 3103 3019 3158 Dei
3069 3107 3318 3160 minister
3359 3116 3414 3160 et
3463 3108 3712 3174 famulus,

2143 3193 2194 3246 in
2225 3195 2439 3249 nomine
2467 3194 2607 3261 ejus,
2637 3195 2726 3263 qui
2757 3205 2839 3250 est
2865 3215 2877 3250 :
2903 3206 2957 3250 et
2990 3196 3041 3250 in
3073 3198 3287 3251 nomine
3316 3197 3408 3251 Dei
3442 3200 3712 3253 Abraham

2141 3294 2194 3337 et
2233 3283 2398 3344 Isaac,
2433 3294 2489 3338 et
2531 3283 2700 3339 .lacob
2735 3287 2908 3350 venit,
2956 3287 3064 3340 Deo
3113 3289 3175 3340 ad
3224 3303 3345 3342 eum
3398 3289 3652 3357 loquente
3688 3309 3704 3344 :

2146 3395 2165 3428 ι
2212 3377 2302 3431 Sic
2347 3377 2494 3432 dices
2542 3378 2665 3433 liliis
2717 3377 2881 3432 Israel
2926 3397 2938 3432 :
2984 3378 3085 3446 Qui
3125 3391 3238 3443 est,
3306 3383 3452 3437 misit
3511 3398 3594 3436 me
3647 3385 3712 3436 ad

2139 3483 2236 3523 vos
2253 3467 2370 3535 ";i
2423 3479 2478 3523 et
2529 3484 2761 3523 rursus:
2804 3488 2822 3521 ι
2860 3470 3012 3525 Dices
3061 3473 3142 3526 eis
3178 3471 3360 3528 :Deus
3409 3475 3711 3540 Abraham,

2140 3557 2312 3624 Isaac,
2360 3569 2414 3615 et
2460 3561 2626 3615 Jacob
2681 3561 2826 3615 misit
2865 3577 2950 3614 me
3008 3565 3074 3616 ad
3125 3579 3216 3619 vos
3241 3565 3356 3619 ⁸ο.»
3420 3567 3708 3620 Servorum

2140 3653 2340 3724 quippe
2391 3652 2658 3722 justorum
2712 3653 2899 3721 quales
2951 3666 3106 3709 erant
3156 3658 3220 3713 de
3281 3659 3477 3727 quibus
3529 3659 3710 3713 dixit:

2145 3763 2165 3796 ι
2197 3743 2459 3796 Mandabo
2481 3745 2531 3796 iu
2562 3742 2765 3812 Spiritu
2799 3760 2919 3799 meo
2946 3748 3120 3800 servis
3142 3750 3278 3803 meis
3309 3752 3664 3820 propln-tis",
3688 3771 3708 3802 ι

2141 3835 2194 3888 in
2243 3833 2459 3886 nomine
2507 3831 2597 3887 Dei
2633 3833 2773 3888 facta
2801 3843 2886 3888 est
2917 3836 3122 3892 missio.
3155 3839 3221 3892 Et
3249 3841 3374 3909 quia
3419 3839 3567 3912 [[ογι.
3595 3841 3714 3915 qui]

2140 3925 2332 3988 dignos
2371 3939 2430 3978 se
2465 3925 2829 3979 exhibuerunt
2865 3927 2995 3992 Deo,
3044 3928 3094 3981 in
3133 3931 3350 3986 nomine
3382 3931 3473 3986 Dei
3504 3935 3716 3988 veniSse

2142 4016 2454 4070 referuntur
2490 4035 2504 4070 :
2536 4033 2726 4071 rursus
2780 4020 3122 4088 proﬁcientes
3173 4023 3222 4075 in
3259 4027 3452 4091 majus,
3504 4036 3556 4078 et
3610 4026 3712 4080 sub

2139 4108 2300 4162 unius
2350 4107 2440 4162 Dei
2495 4108 2725 4178 imperio
2778 4110 3166 4173 consistentes,
3214 4114 3265 4166 in
3321 4114 3710 4183 omnipotentis

2143 4199 2232 4252 Dei
2271 4199 2668 4266 nuncupatione
2714 4211 2999 4254 venerunt.
3037 4203 3169 4266 Quia
3219 4217 3346 4257 vero
3393 4205 3486 4257 ﬁlii
3542 4203 3712 4260 Israel

2139 4288 2192 4342 iu
2220 4287 2456 4359 Egypto
2501 4300 2924 4353 commorantes,
2971 4291 3274 4346 didicerunt
3306 4309 3420 4357 eos,
3465 4295 3555 4362 qui
3607 4311 3712 4349 non

2139 4391 2282 4446 sunt,
2316 4382 2467 4450 quasi
2517 4381 2646 4434 deos
2690 4382 2886 4443 colere,
2930 4393 2985 4436 et
3026 4385 3207 4438 mundi
3244 4395 3422 4453 patres
3463 4387 3574 4457 (7|)
3620 4389 3703 4441 di-

453 4485 506 4538 in
540 4486 942 4552 nuncupatione
987 4481 1222 4550 Spiritus
1254 4482 1417 4535 etiam
1461 4497 1656 4537 nomen
1689 4481 1904 4535 Domini
1943 4483 2028 4535 in-
2063 4493 2110 4550 D
2141 4476 2263 4527 "illo
2297 4475 2505 4529 DOIIOFG
2555 4467 2833 4541 venerari}
2876 4493 3214 4548 consequens
3248 4479 3365 4545 Γυίιν
3412 4491 3468 4533 ul
3499 4480 3712 4552 Μυὶέεε

450 4574 635 4642 telligi.
661 4573 778 4640 Quo
810 4575 968 4627 modo
981 4574 1122 4627 enim
1148 4573 1214 4627 ad
1243 4572 1551 4627 Corinthios
1579 4573 1894 4626 vocabulum
1929 4573 2022 4626 Dei

451 4681 610 4734 super
645 4665 804 4721 Patre
840 4668 1095 4734 positum,
1127 4676 1182 4720 et
1209 4665 1423 4720 Domini
1459 4681 1621 4734 super
1659 4665 1816 4729 Filio,
1851 4680 2024 4734 neque

519 4779 566 4811 ³⁸
604 4780 770 4832 Amos
795 4795 879 4840 III,
907 4780 962 4832 7.

448 4846 539 4902 9.5.
613 4849 659 4880 ’⁵³
696 4849 796 4902 lsa.
824 4865 897 4911 Vl,
927 4849 980 4910 8,
1040 4849 1091 4903 9.
1170 4851 1216 4878 “
1255 4851 1379 4902 ibid.
1437 4850 1524 4902 lt).
1601 4849 1645 4880 "’
1690 4849 1819 4902 ibid.
1875 4848 1964 4902 11.

451 4917 496 4947 ⁸⁸
527 4918 692 4973 Exod.
721 4935 802 4982 tu,
831 4923 884 4972 4.
959 4920 1004 4951 ⁵ο
1045 4920 1173 4973 ibid.
1201 4919 1284 4972 l5.
1364 4920 1407 4950 “
1449 4918 1614 4974 Zaclt.
1645 4934 1690 4984 t,
1737 4917 1789 4973 6.

521 5059 636 5127 (66)
671 5056 876 5110 Vitiose
934 5068 1052 5110 erat
1095 5068 1254 5111 antea
1298 5057 1351 5111 in
1397 5057 1603 5126 aliquot
1649 5056 1813 5112 etiam
1862 5068 2025 5119 mss.,

453 5149 473 5180 ς
509 5131 886 5198 prophetatum
922 5139 1028 5181 est.
1056 5146 1074 5176 ι

521 5193 632 5267 (67)
668 5198 1068 5251 Rectius-vetus
1091 5195 1277 5256 editio,
1316 5196 1487 5267 rqnia
1509 5205 1651 5267 esset
1675 5195 1820 5267 [ilius
1834 5193 2022 5267 David,

455 5271 507 5324 in
537 5265 743 5336 Spiritu
771 5277 962 5320 sancto
997 5267 1290 5335 loquentis,
1325 5266 1474 5320 Dixit
1499 5266 1755 5319 Dominus
1790 5265 2022 5318 Domino

448 5357 563 5394 meo
600 5355 617 5393 :
655 5337 789 5391 Sede
816 5354 848 5389 α
881 5339 1082 5390 dextris
1119 5338 1268 5400 meis,
1318 5340 1494 5389 denuo
1549 5339 1919 5404 interrogavit.
1965 5338 2021 5390 Si

447 5427 576 5478 ergo
606 5409 956 5478 Davidivocat
987 5423 1132 5467 eum,
1170 5417 1317 5478 rete.
1355 5406 1806 5478 Aliter_'l‘holos.,
1844 5423 1863 5454 ε
1894 5407 2020 5475 quia

447 5475 592 5534 esset
615 5480 750 5532 lilius
778 5477 965 5537 David,
991 5478 1144 5537 dixit,
1173 5475 1338 5528 David
1369 5476 1512 5530 enim
1536 5475 1772 5544 loquitur
1797 5478 1861 5529 dc
1891 5478 2018 5540 Deo,

445 5551 596 5604 Dixit
627 5545 1108 5602 DominusDomino
1142 5561 1275 5610 meo,
1308 5565 1326 5596 ι
1362 5558 1469 5598 etc.

520 5621 630 5691 (68)
658 5620 787 5691 Erat
814 5631 910 5669 nec
935 5619 1048 5668 sine
1071 5619 1272 5670 solmco
1295 5636 1312 5668 ε
1343 5616 1583 5691 Spiritus
1606 5621 1823 5691 sanctus
1852 5615 2021 5684 impe-

446 5685 544 5744 rio.
574 5709 592 5741 ι
615 5685 970 5755 Quod-nemo
1001 5702 1105 5738 non
1140 5695 1286 5755 putet
1313 5686 1624 5756 typugraphi
1655 5685 1929 5756 utendum,
1966 5698 2020 5739 et

448 5771 669 5829 reponat
714 5775 735 5808 ‹
766 5758 965 5821 sancti,
987 5772 1006 5806 ›
1040 5755 1484 5826 quemadmbdutu
1513 5757 1564 5808 in
1597 5755 1885 5823 antiqttiss.
1906 5757 2020 5810 edi-

1041 4779 1086 4810 ”
1126 4777 1315 4832 Matth.
1356 4795 1489 4838 xxtt,
1514 4778 1706 4833 45-45.
1784 4777 1830 4808 δ’
1869 4776 1993 4830 Act.

1041 4849 1091 4903 9.
1170 4851 1216 4878 “
1255 4851 1379 4902 ibid.
1437 4850 1524 4902 10.
1601 4849 1645 4880 ⁸⁵
1690 4849 1819 4902 ibid.
1875 4848 1964 4902 11.

2151 4776 2236 4827 16.
2312 4776 2357 4802 δι
2397 4776 2521 4824 Act.
2575 4785 2649 4832 tv,
2705 4776 2807 4840 25;
2859 4776 3002 4830 Psal.
3049 4792 3108 4834 ll.
3146 4777 3195 4830 l.
3272 4778 3317 4807 ι’
3356 4779 3474 4831 Act.
3515 4794 3708 4840 xxvin,

2147 4857 2276 4900 oan.
2315 4854 2406 4905 xv,
2443 4841 2533 4896 26.
2613 4843 2656 4874 ⁸⁷
2708 4843 2867 4900 Joan.
2911 4862 3022 4910 xiv,
3069 4846 3158 4899 26.
3237 4847 3281 4879 “
3319 4846 3476 4902 Joan.
3524 4865 3573 4914 v,
3617 4851 3708 4904 45.

2132 4570 2232 4621 sub
2255 4567 2394 4634 ejus,
2428 4585 2446 4618 ι
2477 4567 2577 4634 Qui
2603 4580 2704 4631 est,
2731 4588 2750 4620 ι
2787 4571 3042 4624 vocabulo
3075 4573 3140 4625 ad
3175 4588 3268 4627 eos
3305 4574 3626 4639 mitteretur,
3656 4585 3713 4628 et

2133 4675 2163 4713 a
2200 4658 2347 4712 falsis
2393 4673 2486 4711 eos
2535 4659 2771 4714 liberans
2816 4663 2940 4726 diis,
2992 4663 3058 4716 ad
3098 4679 3277 4718 veram
3334 4669 3709 4720 transduceret

2151 4773 2236 4827 16.
2312 4771 2357 4802 ⁸⁸
2397 4769 2521 4824 Act.
2575 4785 2649 4832 tv,
2705 4772 2807 4840 25;
2859 4774 3002 4830 Psal.
3049 4792 3108 4834 ll.
3146 4777 3195 4830 l.
3272 4778 3317 4807 ι’
3356 4779 3474 4831 Act.
3515 4794 3709 4840 xxvin,

2129 5057 2292 5121 tione,
2329 5070 2491 5126 quam
2523 5070 2740 5123 sequor.
2776 5054 2886 5110 Sed
2918 5055 3099 5109 malim
3151 5058 3401 5125 equidem
3453 5059 3505 5112 in
3560 5073 3709 5115 recto

2131 5147 2150 5179 ε
2181 5138 2399 5182 sanctus
2417 5145 2445 5200 r
2475 5128 2728 5190 retineri;
2742 5141 2847 5200 pro
2876 5144 2896 5176 ‹
2932 5127 3155 5200 imperio
3177 5147 3194 5179 ι
3232 5141 3409 5182 autem
3435 5129 3534 5200 legi
3569 5149 3586 5178 ς
3616 5149 3712 5200 per

2125 5213 2269 5260 eum,
2301 5215 2319 5248 ι
2353 5197 2581 5260 scilicet,
2612 5211 2707 5264 per
2742 5196 2954 5249 Isaiam.
2990 5196 3087 5249 Hic
3122 5213 3312 5266 nempe
3353 5196 3590 5253 aucturis
3616 5196 3710 5254 ’ρει

2124 5283 2342 5330 sensus,
2400 5277 2653 5336 t0tusque
2714 5267 2938 5320 inferior
2987 5276 3277 5321 contextus
3342 5270 3708 5338 conjecturam

2125 5340 2516 5489 ιῗΐῗὲὄῖὟειυε
2554 5404 2742 5470 editio,
2777 5424 2796 5456 ι
2829 5421 2960 5475 quae.
2988 5407 3188 5476 scripta
3234 5418 3382 5473 sunt,
3418 5409 3470 5462 in
3503 5409 3706 5478 Spiritu

2117 5478 2552 5618 miggiuiiitiose
2581 5555 2702 5599 erat
2734 5545 2942 5598 duobus
2969 5546 3170 5610 verbis,
3195 5565 3214 5598 ‹
3243 5548 3320 5604 slc
3352 5550 3587 5618 quidem.
3614 5570 3631 5600 ι

2190 5615 2302 5687 (71)
2337 5615 2635 5688 pblinebat
2669 5629 2825 5670 antea
2863 5633 2882 5666 ι
2917 5619 3097 5670 mundi
3141 5615 3388 5686 partes”;
3446 5636 3540 5688 pro
3573 5639 3590 5670 ι
3621 5638 3709 5686 ιιι-

2120 5685 2295 5741 tres.i
2337 5685 2554 5756 Reginae
2609 5701 2710 5740 ms.
2756 5689 2992 5741 secunda
3044 5685 3206 5742 tnanu
3263 5707 3282 5740 ι
3315 5685 3496 5743 muniti
3552 5685 3706 5760 prin-

2119 5761 2284 5826 cipes.
2308 5775 2326 5808 ι
