  <div class='ocr_page' id='page_1' title='image "/cluster/home/n/w/nwhite01/storage/ocr_20150623/39/coo.31924054869361/538.png"; bbox 0 0 4034 6402; ppageno 0'>
   <div class='ocr_carea' id='block_1_1' title="bbox 347 358 476 412">
    <p class='ocr_par' dir='ltr' id='par_1_1' title="bbox 347 358 476 412">
     <span class='ocr_line' id='line_1_1' title="bbox 347 358 476 412; baseline 0.016 -2"><span class='ocrx_word' id='word_1_1' title='bbox 347 358 476 412; x_wconf 77' lang='grc'><strong>1061</strong></span> 
     </span>
    </p>
   </div>
   <div class='ocr_carea' id='block_1_2' title="bbox 1475 353 2446 417">
    <p class='ocr_par' dir='ltr' id='par_1_2' title="bbox 1475 353 2446 417">
     <span class='ocr_line' id='line_1_2' title="bbox 1475 353 2446 417; baseline 0.007 -7"><span class='ocrx_word' id='word_1_2' title='bbox 1475 355 1671 410; x_wconf 78' lang='lat' dir='ltr'><strong>LIBER</strong></span> <span class='ocrx_word' id='word_1_3' title='bbox 1709 355 1796 408; x_wconf 82' lang='lat' dir='ltr'><strong>DE</strong></span> <span class='ocrx_word' id='word_1_4' title='bbox 1833 353 2108 410; x_wconf 79' lang='lat' dir='ltr'><strong>SPIRITU</strong></span> <span class='ocrx_word' id='word_1_5' title='bbox 2154 354 2446 417; x_wconf 72' lang='lat' dir='ltr'><strong>SANCTO.</strong></span> 
     </span>
    </p>
   </div>
   <div class='ocr_carea' id='block_1_3' title="bbox 3467 363 3606 419">
    <p class='ocr_par' dir='ltr' id='par_1_3' title="bbox 3467 363 3606 419">
     <span class='ocr_line' id='line_1_3' title="bbox 3467 363 3606 419; baseline 0.007 -2"><span class='ocrx_word' id='word_1_6' title='bbox 3467 363 3606 419; x_wconf 76' lang='grc'><strong>1002</strong></span> 
     </span>
    </p>
   </div>
   <div class='ocr_carea' id='block_1_4' title="bbox 341 472 3608 544">
    <p class='ocr_par' dir='ltr' id='par_1_4' title="bbox 341 472 3608 544">
     <span class='ocr_line' id='line_1_4' title="bbox 341 472 3608 544; baseline 0.001 -18"><span class='ocrx_word' id='word_1_7' title='bbox 341 473 617 536; x_wconf 77' lang='lat' dir='ltr'><strong>deitatem,</strong></span> <span class='ocrx_word' id='word_1_8' title='bbox 661 481 714 528; x_wconf 91' lang='lat' dir='ltr'><strong>et</strong></span> <span class='ocrx_word' id='word_1_9' title='bbox 744 475 808 526; x_wconf 90' lang='lat' dir='ltr'><strong>ad</strong></span> <span class='ocrx_word' id='word_1_10' title='bbox 843 472 1128 528; x_wconf 89' lang='lat' dir='ltr'><strong>Dominum</strong></span> <span class='ocrx_word' id='word_1_11' title='bbox 1163 481 1374 543; x_wconf 79' lang='lat' dir='ltr'><strong>patrum</strong></span> <span class='ocrx_word' id='word_1_12' title='bbox 1411 472 1704 539; x_wconf 80' lang='lat' dir='ltr'><strong>Abraham,</strong></span> <span class='ocrx_word' id='word_1_13' title='bbox 1754 473 1922 535; x_wconf 89' lang='lat' dir='ltr'><strong>Isaac,</strong></span> <span class='ocrx_word' id='word_1_14' title='bbox 1957 479 2002 532; x_wconf 79' lang='grc' dir='ltr'><strong>Α</strong></span> <span class='ocrx_word' id='word_1_15' title='bbox 2035 473 2264 526; x_wconf 89' lang='lat' dir='ltr'><strong>Domino</strong></span> <span class='ocrx_word' id='word_1_16' title='bbox 2293 473 2488 526; x_wconf 87' lang='lat' dir='ltr'><strong>donata</strong></span> <span class='ocrx_word' id='word_1_17' title='bbox 2543 482 2669 526; x_wconf 90' lang='lat' dir='ltr'><strong>sunt</strong></span> <span class='ocrx_word' id='word_1_18' title='bbox 2703 487 2822 527; x_wconf 83' lang='lat' dir='ltr'><strong>eis:</strong></span> <span class='ocrx_word' id='word_1_19' title='bbox 2861 473 2931 527; x_wconf 88' lang='lat' dir='ltr'><strong>ita</strong></span> <span class='ocrx_word' id='word_1_20' title='bbox 2973 482 3033 528; x_wconf 91' lang='lat' dir='ltr'><strong>ut</strong></span> <span class='ocrx_word' id='word_1_21' title='bbox 3066 475 3116 529; x_wconf 90' lang='lat' dir='ltr'><strong>is</strong></span> <span class='ocrx_word' id='word_1_22' title='bbox 3148 474 3240 543; x_wconf 86' lang='lat' dir='ltr'><strong>qui</strong></span> <span class='ocrx_word' id='word_1_23' title='bbox 3299 475 3462 530; x_wconf 76' lang='lat' dir='ltr'><strong>fuerit</strong></span> <span class='ocrx_word' id='word_1_24' title='bbox 3495 481 3608 544; x_wconf 73' lang='lat' dir='ltr'><strong>Spio</strong></span> 
     </span>
    </p>
   </div>
   <div class='ocr_carea' id='block_1_5' title="bbox 339 565 612 619">
    <p class='ocr_par' dir='ltr' id='par_1_5' title="bbox 339 565 612 619">
     <span class='ocr_line' id='line_1_5' title="bbox 339 565 612 619; baseline 0.011 -3"><span class='ocrx_word' id='word_1_25' title='bbox 339 577 390 617; x_wconf 92' lang='lat' dir='ltr'><strong>et</strong></span> <span class='ocrx_word' id='word_1_26' title='bbox 419 565 612 619; x_wconf 81' lang='lat' dir='ltr'><strong>Jacoh.</strong></span> 
     </span>
    </p>
   </div>
   <div class='ocr_carea' id='block_1_6' title="bbox 408 651 1915 722">
    <p class='ocr_par' dir='ltr' id='par_1_6' title="bbox 408 651 1915 722">
     <span class='ocr_line' id='line_1_6' title="bbox 408 651 1915 722; baseline -0.003 -14"><span class='ocrx_word' id='word_1_27' title='bbox 408 657 496 708; x_wconf 78' lang='lat' dir='ltr'><strong>3i.</strong></span> <span class='ocrx_word' id='word_1_28' title='bbox 542 656 659 722; x_wconf 88' lang='lat' dir='ltr'><strong>Quo</strong></span> <span class='ocrx_word' id='word_1_29' title='bbox 709 657 869 710; x_wconf 92' lang='lat' dir='ltr'><strong>modo</strong></span> <span class='ocrx_word' id='word_1_30' title='bbox 916 670 1045 722; x_wconf 65' lang='lat' dir='ltr'><strong>ergo</strong></span> <span class='ocrx_word' id='word_1_31' title='bbox 1076 654 1216 707; x_wconf 87' lang='lat' dir='ltr'><strong>servi</strong></span> <span class='ocrx_word' id='word_1_32' title='bbox 1255 654 1343 722; x_wconf 93' lang='lat' dir='ltr'><strong>qui</strong></span> <span class='ocrx_word' id='word_1_33' title='bbox 1383 654 1432 705; x_wconf 91' lang='lat' dir='ltr'><strong>in</strong></span> <span class='ocrx_word' id='word_1_34' title='bbox 1452 653 1671 706; x_wconf 84' lang='lat' dir='ltr'><strong>nomine</strong></span> <span class='ocrx_word' id='word_1_35' title='bbox 1705 651 1915 705; x_wconf 85' lang='lat' dir='ltr'><strong>Domini</strong></span> 
     </span>
    </p>
   </div>
   <div class='ocr_carea' id='block_1_7' title="bbox 343 744 1917 816">
    <p class='ocr_par' dir='ltr' id='par_1_7' title="bbox 343 744 1917 816">
     <span class='ocr_line' id='line_1_7' title="bbox 343 744 1917 816; baseline -0.004 -16"><span class='ocrx_word' id='word_1_36' title='bbox 343 749 579 810; x_wconf 84' lang='lat' dir='ltr'><strong>veniunt,</strong></span> <span class='ocrx_word' id='word_1_37' title='bbox 614 763 709 816; x_wconf 89' lang='lat' dir='ltr'><strong>per</strong></span> <span class='ocrx_word' id='word_1_38' title='bbox 746 748 846 801; x_wconf 91' lang='lat' dir='ltr'><strong>hoc</strong></span> <span class='ocrx_word' id='word_1_39' title='bbox 881 750 1053 814; x_wconf 91' lang='lat' dir='ltr'><strong>ipsum</strong></span> <span class='ocrx_word' id='word_1_40' title='bbox 1087 745 1230 814; x_wconf 91' lang='lat' dir='ltr'><strong>quod</strong></span> <span class='ocrx_word' id='word_1_41' title='bbox 1265 744 1490 812; x_wconf 82' lang='lat' dir='ltr'><strong>subjecti</strong></span> <span class='ocrx_word' id='word_1_42' title='bbox 1523 752 1670 806; x_wconf 89' lang='lat' dir='ltr'><strong>sunt,</strong></span> <span class='ocrx_word' id='word_1_43' title='bbox 1714 751 1768 795; x_wconf 93' lang='lat' dir='ltr'><strong>et</strong></span> <span class='ocrx_word' id='word_1_44' title='bbox 1801 758 1917 796; x_wconf 87' lang='lat' dir='ltr'><strong>ser-</strong></span> 
     </span>
    </p>
   </div>
   <div class='ocr_carea' id='block_1_8' title="bbox 348 833 1918 908">
    <p class='ocr_par' dir='ltr' id='par_1_8' title="bbox 348 833 1918 908">
     <span class='ocr_line' id='line_1_8' title="bbox 348 833 1918 908; baseline -0.003 -16"><span class='ocrx_word' id='word_1_45' title='bbox 348 844 519 904; x_wconf 73' lang='lat' dir='ltr'><strong>riunt,</strong></span> <span class='ocrx_word' id='word_1_46' title='bbox 569 842 808 896; x_wconf 89' lang='lat' dir='ltr'><strong>indicant</strong></span> <span class='ocrx_word' id='word_1_47' title='bbox 844 840 1160 903; x_wconf 90' lang='lat' dir='ltr'><strong>Domiumn,</strong></span> <span class='ocrx_word' id='word_1_48' title='bbox 1211 840 1593 908; x_wconf 73' lang='lat' dir='ltr'><strong>proprietatem</strong></span> <span class='ocrx_word' id='word_1_49' title='bbox 1625 836 1742 903; x_wconf 82' lang='lat' dir='ltr'><strong>ejus</strong></span> <span class='ocrx_word' id='word_1_50' title='bbox 1779 833 1918 890; x_wconf 79' lang='lat' dir='ltr'><strong>refe-</strong></span> 
     </span>
    </p>
   </div>
   <div class='ocr_carea' id='block_1_9' title="bbox 321 919 1915 1001">
    <p class='ocr_par' dir='ltr' id='par_1_9' title="bbox 321 919 1915 1001">
     <span class='ocr_line' id='line_1_9' title="bbox 321 919 1915 1001; baseline -0.005 -15"><span class='ocrx_word' id='word_1_51' title='bbox 321 919 521 988; x_wconf 61' lang='lat' dir='ltr'><strong>‘reutes</strong></span> <span class='ocrx_word' id='word_1_52' title='bbox 549 951 562 987; x_wconf 92' lang='lat'><strong>:</strong></span> <span class='ocrx_word' id='word_1_53' title='bbox 594 935 732 987; x_wconf 81' lang='lat' dir='ltr'><strong>servi</strong></span> <span class='ocrx_word' id='word_1_54' title='bbox 759 935 954 1001; x_wconf 84' lang='lat' dir='ltr'><strong>quippe</strong></span> <span class='ocrx_word' id='word_1_55' title='bbox 993 943 1113 984; x_wconf 90' lang='lat' dir='ltr'><strong>sunt</strong></span> <span class='ocrx_word' id='word_1_56' title='bbox 1137 930 1350 984; x_wconf 89' lang='lat' dir='ltr'><strong>Domini</strong></span> <span class='ocrx_word' id='word_1_57' title='bbox 1387 948 1401 985; x_wconf 87' lang='lat'>:</span> <span class='ocrx_word' id='word_1_58' title='bbox 1432 929 1512 984; x_wconf 91' lang='lat' dir='ltr'><strong>sic</strong></span> <span class='ocrx_word' id='word_1_59' title='bbox 1543 938 1596 981; x_wconf 90' lang='lat' dir='ltr'><strong>et</strong></span> <span class='ocrx_word' id='word_1_60' title='bbox 1628 927 1796 981; x_wconf 90' lang='lat' dir='ltr'><strong>Filius</strong></span> <span class='ocrx_word' id='word_1_61' title='bbox 1825 925 1915 994; x_wconf 91' lang='lat' dir='ltr'><strong>qui</strong></span> 
     </span>
    </p>
   </div>
   <div class='ocr_carea' id='block_1_10' title="bbox 339 1020 1910 1090">
    <p class='ocr_par' dir='ltr' id='par_1_10' title="bbox 339 1020 1910 1090">
     <span class='ocr_line' id='line_1_10' title="bbox 339 1020 1910 1090; baseline -0.005 -12"><span class='ocrx_word' id='word_1_62' title='bbox 339 1025 486 1078; x_wconf 90' lang='lat' dir='ltr'><strong>venit</strong></span> <span class='ocrx_word' id='word_1_63' title='bbox 517 1027 566 1078; x_wconf 92' lang='lat' dir='ltr'><strong>in</strong></span> <span class='ocrx_word' id='word_1_64' title='bbox 603 1025 820 1078; x_wconf 90' lang='lat' dir='ltr'><strong>nomine</strong></span> <span class='ocrx_word' id='word_1_65' title='bbox 862 1023 1058 1087; x_wconf 85' lang='lat' dir='ltr'><strong>Patris,</strong></span> <span class='ocrx_word' id='word_1_66' title='bbox 1091 1023 1476 1090; x_wconf 84' lang='lat' dir='ltr'><strong>prOprietatem</strong></span> <span class='ocrx_word' id='word_1_67' title='bbox 1521 1020 1699 1073; x_wconf 81' lang='lat' dir='ltr'><strong>Patris</strong></span> <span class='ocrx_word' id='word_1_68' title='bbox 1729 1026 1910 1086; x_wconf 82' lang='lat' dir='ltr'><strong>portat</strong></span> 
     </span>
    </p>
   </div>
   <div class='ocr_carea' id='block_1_11' title="bbox 340 1111 1916 1183">
    <p class='ocr_par' dir='ltr' id='par_1_11' title="bbox 340 1111 1916 1183">
     <span class='ocr_line' id='line_1_11' title="bbox 340 1111 1916 1183; baseline -0.004 -13"><span class='ocrx_word' id='word_1_69' title='bbox 340 1125 394 1170; x_wconf 90' lang='lat' dir='ltr'><strong>et</strong></span> <span class='ocrx_word' id='word_1_70' title='bbox 427 1131 643 1180; x_wconf 88' lang='lat' dir='ltr'><strong>nomen,</strong></span> <span class='ocrx_word' id='word_1_71' title='bbox 670 1125 723 1170; x_wconf 92' lang='lat' dir='ltr'><strong>et</strong></span> <span class='ocrx_word' id='word_1_72' title='bbox 759 1132 851 1183; x_wconf 93' lang='lat' dir='ltr'><strong>per</strong></span> <span class='ocrx_word' id='word_1_73' title='bbox 884 1116 994 1168; x_wconf 69' lang='lat' dir='ltr'><strong>inec</strong></span> <span class='ocrx_word' id='word_1_74' title='bbox 1029 1114 1338 1181; x_wconf 83' lang='lat' dir='ltr'><strong>unigenitus</strong></span> <span class='ocrx_word' id='word_1_75' title='bbox 1372 1112 1464 1166; x_wconf 87' lang='lat' dir='ltr'><strong>Dei</strong></span> <span class='ocrx_word' id='word_1_76' title='bbox 1510 1111 1678 1165; x_wconf 90' lang='lat' dir='ltr'><strong>Filius</strong></span> <span class='ocrx_word' id='word_1_77' title='bbox 1720 1125 1916 1179; x_wconf 88' lang='lat' dir='ltr'><strong>appro-</strong></span> 
     </span>
    </p>
   </div>
   <div class='ocr_carea' id='block_1_12' title="bbox 342 1204 1917 1280">
    <p class='ocr_par' dir='ltr' id='par_1_12' title="bbox 342 1204 1917 1280">
     <span class='ocr_line' id='line_1_12' title="bbox 342 1204 1917 1280; baseline -0.006 -17"><span class='ocrx_word' id='word_1_78' title='bbox 342 1208 501 1263; x_wconf 90' lang='lat' dir='ltr'><strong>batur</strong></span> <span class='ocrx_word' id='word_1_79' title='bbox 536 1207 634 1280; x_wconf 83' lang='grc' dir='ltr'><strong>[αι.</strong></span> <span class='ocrx_word' id='word_1_80' title='bbox 677 1207 1019 1279; x_wconf 77' lang='lat' dir='ltr'><strong>appellatur].</strong></span> <span class='ocrx_word' id='word_1_81' title='bbox 1067 1206 1204 1273; x_wconf 87' lang='lat' dir='ltr'><strong>Quia</strong></span> <span class='ocrx_word' id='word_1_82' title='bbox 1246 1220 1374 1275; x_wconf 81' lang='lat' dir='ltr'><strong>ergo</strong></span> <span class='ocrx_word' id='word_1_83' title='bbox 1423 1204 1657 1273; x_wconf 88' lang='lat' dir='ltr'><strong>Spiritus</strong></span> <span class='ocrx_word' id='word_1_84' title='bbox 1697 1213 1917 1256; x_wconf 91' lang='lat' dir='ltr'><strong>sanctus</strong></span> 
     </span>
    </p>
   </div>
   <div class='ocr_carea' id='block_1_13' title="bbox 342 1295 1913 1361">
    <p class='ocr_par' dir='ltr' id='par_1_13' title="bbox 342 1295 1913 1361">
     <span class='ocr_line' id='line_1_13' title="bbox 342 1295 1913 1361; baseline -0.006 -7"><span class='ocrx_word' id='word_1_85' title='bbox 342 1299 395 1354; x_wconf 93' lang='lat' dir='ltr'><strong>in</strong></span> <span class='ocrx_word' id='word_1_86' title='bbox 431 1301 645 1354; x_wconf 87' lang='lat' dir='ltr'><strong>nomine</strong></span> <span class='ocrx_word' id='word_1_87' title='bbox 673 1299 794 1353; x_wconf 86' lang='lat' dir='ltr'><strong>Filii</strong></span> <span class='ocrx_word' id='word_1_88' title='bbox 829 1315 856 1351; x_wconf 94' lang='lat' dir='ltr'><strong>a</strong></span> <span class='ocrx_word' id='word_1_89' title='bbox 896 1299 1055 1353; x_wconf 84' lang='lat' dir='ltr'><strong>Patre</strong></span> <span class='ocrx_word' id='word_1_90' title='bbox 1104 1297 1358 1360; x_wconf 88' lang='lat' dir='ltr'><strong>mittitur,</strong></span> <span class='ocrx_word' id='word_1_91' title='bbox 1391 1295 1598 1350; x_wconf 87' lang='lat' dir='ltr'><strong>habens</strong></span> <span class='ocrx_word' id='word_1_92' title='bbox 1631 1295 1751 1349; x_wconf 88' lang='lat' dir='ltr'><strong>Filii</strong></span> <span class='ocrx_word' id='word_1_93' title='bbox 1789 1308 1913 1361; x_wconf 88' lang='lat' dir='ltr'><strong>pro-</strong></span> 
     </span>
    </p>
   </div>
   <div class='ocr_carea' id='block_1_14' title="bbox 340 1389 1910 1460">
    <p class='ocr_par' dir='ltr' id='par_1_14' title="bbox 340 1389 1910 1460">
     <span class='ocr_line' id='line_1_14' title="bbox 340 1389 1910 1460; baseline -0.006 -15"><span class='ocrx_word' id='word_1_94' title='bbox 340 1393 652 1459; x_wconf 88' lang='lat' dir='ltr'><strong>prietatem,</strong></span> <span class='ocrx_word' id='word_1_95' title='bbox 711 1391 1007 1446; x_wconf 90' lang='lat' dir='ltr'><strong>secundum</strong></span> <span class='ocrx_word' id='word_1_96' title='bbox 1060 1390 1203 1460; x_wconf 89' lang='lat' dir='ltr'><strong>quod</strong></span> <span class='ocrx_word' id='word_1_97' title='bbox 1246 1389 1386 1442; x_wconf 90' lang='lat' dir='ltr'><strong>Deus</strong></span> <span class='ocrx_word' id='word_1_98' title='bbox 1433 1396 1536 1451; x_wconf 90' lang='lat' dir='ltr'><strong>est,</strong></span> <span class='ocrx_word' id='word_1_99' title='bbox 1579 1401 1685 1438; x_wconf 91' lang='lat' dir='ltr'><strong>non</strong></span> <span class='ocrx_word' id='word_1_100' title='bbox 1731 1397 1910 1438; x_wconf 87' lang='lat' dir='ltr'><strong>tamen</strong></span> 
     </span>
    </p>
   </div>
   <div class='ocr_carea' id='block_1_15' title="bbox 345 1477 1916 1553">
    <p class='ocr_par' dir='ltr' id='par_1_15' title="bbox 345 1477 1916 1553">
     <span class='ocr_line' id='line_1_15' title="bbox 345 1477 1916 1553; baseline -0.004 -17"><span class='ocrx_word' id='word_1_101' title='bbox 345 1483 663 1548; x_wconf 86' lang='lat' dir='ltr'><strong>ﬁlieitatetn,</strong></span> <span class='ocrx_word' id='word_1_102' title='bbox 693 1495 752 1537; x_wconf 83' lang='grc' dir='ltr'><strong>ιιι</strong></span> <span class='ocrx_word' id='word_1_103' title='bbox 780 1485 950 1538; x_wconf 87' lang='lat' dir='ltr'><strong>Filius</strong></span> <span class='ocrx_word' id='word_1_104' title='bbox 978 1485 1096 1553; x_wconf 87' lang='lat' dir='ltr'><strong>ejus</strong></span> <span class='ocrx_word' id='word_1_105' title='bbox 1124 1484 1214 1546; x_wconf 92' lang='lat' dir='ltr'><strong>sit,</strong></span> <span class='ocrx_word' id='word_1_106' title='bbox 1241 1482 1479 1536; x_wconf 88' lang='lat' dir='ltr'><strong>ostendit</strong></span> <span class='ocrx_word' id='word_1_107' title='bbox 1507 1480 1630 1548; x_wconf 87' lang='lat' dir='ltr'><strong>quia</strong></span> <span class='ocrx_word' id='word_1_108' title='bbox 1657 1478 1768 1547; x_wconf 74' lang='lat'><strong>(7‘2)</strong></span> <span class='ocrx_word' id='word_1_109' title='bbox 1803 1477 1916 1530; x_wconf 87' lang='lat' dir='ltr'><strong>uui-</strong></span> 
     </span>
    </p>
   </div>
   <div class='ocr_carea' id='block_1_16' title="bbox 341 1571 1908 1642">
    <p class='ocr_par' dir='ltr' id='par_1_16' title="bbox 341 1571 1908 1642">
     <span class='ocr_line' id='line_1_16' title="bbox 341 1571 1908 1642; baseline -0.004 -14"><span class='ocrx_word' id='word_1_110' title='bbox 341 1584 448 1628; x_wconf 90' lang='lat' dir='ltr'><strong>tate</strong></span> <span class='ocrx_word' id='word_1_111' title='bbox 481 1577 546 1629; x_wconf 90' lang='lat' dir='ltr'><strong>sit</strong></span> <span class='ocrx_word' id='word_1_112' title='bbox 588 1575 808 1642; x_wconf 89' lang='lat' dir='ltr'><strong>junctus</strong></span> <span class='ocrx_word' id='word_1_113' title='bbox 833 1577 898 1629; x_wconf 87' lang='lat' dir='ltr'><strong>ad</strong></span> <span class='ocrx_word' id='word_1_114' title='bbox 939 1575 1151 1629; x_wconf 88' lang='lat' dir='ltr'><strong>Filium.</strong></span> <span class='ocrx_word' id='word_1_115' title='bbox 1186 1575 1336 1630; x_wconf 89' lang='lat' dir='ltr'><strong>Unde</strong></span> <span class='ocrx_word' id='word_1_116' title='bbox 1366 1582 1420 1626; x_wconf 89' lang='lat' dir='ltr'><strong>et</strong></span> <span class='ocrx_word' id='word_1_117' title='bbox 1455 1571 1572 1624; x_wconf 82' lang='lat' dir='ltr'><strong>Filii</strong></span> <span class='ocrx_word' id='word_1_118' title='bbox 1621 1571 1796 1624; x_wconf 86' lang='lat' dir='ltr'><strong>dictus</strong></span> <span class='ocrx_word' id='word_1_119' title='bbox 1824 1576 1908 1623; x_wconf 88' lang='lat' dir='ltr'><strong>est</strong></span> 
     </span>
    </p>
   </div>
   <div class='ocr_carea' id='block_1_17' title="bbox 342 1660 1916 1738">
    <p class='ocr_par' dir='ltr' id='par_1_17' title="bbox 342 1660 1916 1738">
     <span class='ocr_line' id='line_1_17' title="bbox 342 1660 1916 1738; baseline -0.006 -16"><span class='ocrx_word' id='word_1_120' title='bbox 342 1666 598 1738; x_wconf 88' lang='lat' dir='ltr'><strong>Spiritus,</strong></span> <span class='ocrx_word' id='word_1_121' title='bbox 637 1683 732 1737; x_wconf 91' lang='lat' dir='ltr'><strong>per</strong></span> <span class='ocrx_word' id='word_1_122' title='bbox 777 1668 1118 1736; x_wconf 82' lang='lat' dir='ltr'><strong>adoptionem</strong></span> <span class='ocrx_word' id='word_1_123' title='bbox 1163 1666 1368 1720; x_wconf 81' lang='lat' dir='ltr'><strong>faciens</strong></span> <span class='ocrx_word' id='word_1_124' title='bbox 1411 1665 1548 1717; x_wconf 90' lang='lat' dir='ltr'><strong>ﬁlios</strong></span> <span class='ocrx_word' id='word_1_125' title='bbox 1591 1677 1706 1724; x_wconf 91' lang='lat' dir='ltr'><strong>eos,</strong></span> <span class='ocrx_word' id='word_1_126' title='bbox 1737 1660 1825 1728; x_wconf 85' lang='lat' dir='ltr'><strong>qui</strong></span> <span class='ocrx_word' id='word_1_127' title='bbox 1858 1673 1916 1713; x_wconf 85' lang='lat' dir='ltr'><strong>se</strong></span> 
     </span>
    </p>
   </div>
   <div class='ocr_carea' id='block_1_18' title="bbox 339 1749 1910 1826">
    <p class='ocr_par' dir='ltr' id='par_1_18' title="bbox 339 1749 1910 1826">
     <span class='ocr_line' id='line_1_18' title="bbox 339 1749 1910 1826; baseline -0.007 -14"><span class='ocrx_word' id='word_1_128' title='bbox 339 1758 584 1826; x_wconf 85' lang='lat' dir='ltr'><strong>recipere</strong></span> <span class='ocrx_word' id='word_1_129' title='bbox 613 1758 928 1812; x_wconf 90' lang='lat' dir='ltr'><strong>voluissent.</strong></span> <span class='ocrx_word' id='word_1_130' title='bbox 960 1777 978 1808; x_wconf 82' lang='grc'>‹</span> <span class='ocrx_word' id='word_1_131' title='bbox 1007 1757 1106 1823; x_wconf 85' lang='lat' dir='ltr'><strong>Qui</strong></span> <span class='ocrx_word' id='word_1_132' title='bbox 1136 1757 1309 1820; x_wconf 89' lang='lat' dir='ltr'><strong>enim,</strong></span> <span class='ocrx_word' id='word_1_133' title='bbox 1331 1774 1350 1807; x_wconf 76' lang='grc' dir='ltr'><strong>ι</strong></span> <span class='ocrx_word' id='word_1_134' title='bbox 1383 1755 1578 1823; x_wconf 88' lang='lat' dir='ltr'><strong>inquit,</strong></span> <span class='ocrx_word' id='word_1_135' title='bbox 1610 1770 1628 1803; x_wconf 80' lang='grc' dir='ltr'><strong>ι</strong></span> <span class='ocrx_word' id='word_1_136' title='bbox 1657 1752 1788 1806; x_wconf 91' lang='lat' dir='ltr'><strong>estis</strong></span> <span class='ocrx_word' id='word_1_137' title='bbox 1817 1749 1910 1803; x_wconf 87' lang='lat' dir='ltr'><strong>ﬁlii</strong></span> 
     </span>
    </p>
   </div>
   <div class='ocr_carea' id='block_1_19' title="bbox 2024 563 3606 632">
    <p class='ocr_par' dir='ltr' id='par_1_19' title="bbox 2024 563 3606 632">
     <span class='ocr_line' id='line_1_19' title="bbox 2024 563 3606 632; baseline 0.003 -18"><span class='ocrx_word' id='word_1_138' title='bbox 2024 563 2188 615; x_wconf 92' lang='lat' dir='ltr'><strong>ritum</strong></span> <span class='ocrx_word' id='word_1_139' title='bbox 2242 563 2589 618; x_wconf 89' lang='lat' dir='ltr'><strong>revelationis</strong></span> <span class='ocrx_word' id='word_1_140' title='bbox 2631 573 2686 618; x_wconf 93' lang='lat' dir='ltr'><strong>et</strong></span> <span class='ocrx_word' id='word_1_141' title='bbox 2723 565 3002 632; x_wconf 67' lang='lat' dir='ltr'><strong>sapientiae</strong></span> <span class='ocrx_word' id='word_1_142' title='bbox 3052 575 3406 630; x_wconf 87' lang='lat' dir='ltr'><strong>consecutus,</strong></span> <span class='ocrx_word' id='word_1_143' title='bbox 3453 567 3606 621; x_wconf 81' lang='lat' dir='ltr'><strong>solii-</strong></span> 
     </span>
    </p>
   </div>
   <div class='ocr_carea' id='block_1_20' title="bbox 2024 655 3602 726">
    <p class='ocr_par' dir='ltr' id='par_1_20' title="bbox 2024 655 3602 726">
     <span class='ocr_line' id='line_1_20' title="bbox 2024 655 3602 726; baseline 0.001 -17"><span class='ocrx_word' id='word_1_144' title='bbox 2024 655 2174 709; x_wconf 89' lang='lat' dir='ltr'><strong>ciens</strong></span> <span class='ocrx_word' id='word_1_145' title='bbox 2205 656 2275 709; x_wconf 85' lang='lat' dir='ltr'><strong>sit</strong></span> <span class='ocrx_word' id='word_1_146' title='bbox 2315 657 2557 710; x_wconf 80' lang='lat' dir='ltr'><strong>veritatis</strong></span> <span class='ocrx_word' id='word_1_147' title='bbox 2585 656 2834 723; x_wconf 82' lang='lat' dir='ltr'><strong>dogmata</strong></span> <span class='ocrx_word' id='word_1_148' title='bbox 2869 657 3164 726; x_wconf 65' lang='lat' dir='ltr'><strong>praedicare</strong></span> <span class='ocrx_word' id='word_1_149' title='bbox 3192 672 3298 711; x_wconf 92' lang='lat' dir='ltr'><strong>non</strong></span> <span class='ocrx_word' id='word_1_150' title='bbox 3342 659 3602 725; x_wconf 88' lang='lat' dir='ltr'><strong>lmmana,</strong></span> 
     </span>
    </p>
   </div>
   <div class='ocr_carea' id='block_1_21' title="bbox 2019 748 3607 821">
    <p class='ocr_par' dir='ltr' id='par_1_21' title="bbox 2019 748 3607 821">
     <span class='ocr_line' id='line_1_21' title="bbox 2019 748 3607 821; baseline 0.005 -21"><span class='ocrx_word' id='word_1_151' title='bbox 2019 749 2111 801; x_wconf 88' lang='lat' dir='ltr'><strong>sed</strong></span> <span class='ocrx_word' id='word_1_152' title='bbox 2144 748 2237 803; x_wconf 88' lang='lat' dir='ltr'><strong>Dei</strong></span> <span class='ocrx_word' id='word_1_153' title='bbox 2289 759 2405 802; x_wconf 91' lang='lat' dir='ltr'><strong>arte</strong></span> <span class='ocrx_word' id='word_1_154' title='bbox 2447 749 2750 803; x_wconf 80' lang='lat' dir='ltr'><strong>subnixus:</strong></span> <span class='ocrx_word' id='word_1_155' title='bbox 2783 749 2924 802; x_wconf 89' lang='lat' dir='ltr'><strong>sicut</strong></span> <span class='ocrx_word' id='word_1_156' title='bbox 2953 758 3009 804; x_wconf 92' lang='lat' dir='ltr'><strong>et</strong></span> <span class='ocrx_word' id='word_1_157' title='bbox 3047 766 3212 805; x_wconf 92' lang='lat' dir='ltr'><strong>unum</strong></span> <span class='ocrx_word' id='word_1_158' title='bbox 3246 768 3311 807; x_wconf 80' lang='lat' dir='ltr'><strong>ex</strong></span> <span class='ocrx_word' id='word_1_159' title='bbox 3355 753 3439 806; x_wconf 89' lang='lat' dir='ltr'><strong>his</strong></span> <span class='ocrx_word' id='word_1_160' title='bbox 3464 754 3607 821; x_wconf 86' lang='lat' dir='ltr'><strong>Apo-</strong></span> 
     </span>
    </p>
   </div>
   <div class='ocr_carea' id='block_1_22' title="bbox 2020 839 3607 914">
    <p class='ocr_par' dir='ltr' id='par_1_22' title="bbox 2020 839 3607 914">
     <span class='ocr_line' id='line_1_22' title="bbox 2020 839 3607 914; baseline 0.005 -22"><span class='ocrx_word' id='word_1_161' title='bbox 2020 839 2183 892; x_wconf 92' lang='lat' dir='ltr'><strong>tolum</strong></span> <span class='ocrx_word' id='word_1_162' title='bbox 2229 855 2510 908; x_wconf 90' lang='lat' dir='ltr'><strong>possumus</strong></span> <span class='ocrx_word' id='word_1_163' title='bbox 2552 842 2760 908; x_wconf 87' lang='lat' dir='ltr'><strong>audire,</strong></span> <span class='ocrx_word' id='word_1_164' title='bbox 2787 843 3056 896; x_wconf 80' lang='lat' dir='ltr'><strong>dicentem</strong></span> <span class='ocrx_word' id='word_1_165' title='bbox 3089 861 3104 897; x_wconf 89' lang='lat'><strong>:</strong></span> <span class='ocrx_word' id='word_1_166' title='bbox 3146 860 3166 894; x_wconf 75' lang='grc' dir='ltr'><strong>ι</strong></span> <span class='ocrx_word' id='word_1_167' title='bbox 3195 843 3261 896; x_wconf 84' lang='grc' dir='ltr'>Ει</span> <span class='ocrx_word' id='word_1_168' title='bbox 3295 845 3607 914; x_wconf 73' lang='lat' dir='ltr'><strong>pmdicatio</strong></span> 
     </span>
    </p>
   </div>
   <div class='ocr_carea' id='block_1_23' title="bbox 2019 933 3602 1001">
    <p class='ocr_par' dir='ltr' id='par_1_23' title="bbox 2019 933 3602 1001">
     <span class='ocr_line' id='line_1_23' title="bbox 2019 933 3602 1001; baseline 0.005 -18"><span class='ocrx_word' id='word_1_169' title='bbox 2019 946 2134 984; x_wconf 89' lang='lat' dir='ltr'><strong>mea</strong></span> <span class='ocrx_word' id='word_1_170' title='bbox 2173 939 2229 984; x_wconf 92' lang='lat' dir='ltr'><strong>et</strong></span> <span class='ocrx_word' id='word_1_171' title='bbox 2262 946 2441 984; x_wconf 90' lang='lat' dir='ltr'><strong>sermo</strong></span> <span class='ocrx_word' id='word_1_172' title='bbox 2473 946 2622 985; x_wconf 91' lang='lat' dir='ltr'><strong>meus</strong></span> <span class='ocrx_word' id='word_1_173' title='bbox 2651 947 2755 985; x_wconf 94' lang='lat' dir='ltr'><strong>non</strong></span> <span class='ocrx_word' id='word_1_174' title='bbox 2784 933 2836 986; x_wconf 91' lang='lat' dir='ltr'><strong>in</strong></span> <span class='ocrx_word' id='word_1_175' title='bbox 2867 933 3310 1001; x_wconf 89' lang='lat' dir='ltr'><strong>persnasibilibus</strong></span> <span class='ocrx_word' id='word_1_176' title='bbox 3350 935 3602 992; x_wconf 73' lang='lat' dir='ltr'><strong>humana:</strong></span> 
     </span>
    </p>
   </div>
   <div class='ocr_carea' id='block_1_24' title="bbox 2018 1021 3603 1092">
    <p class='ocr_par' dir='ltr' id='par_1_24' title="bbox 2018 1021 3603 1092">
     <span class='ocr_line' id='line_1_24' title="bbox 2018 1021 3603 1092; baseline 0.001 -16"><span class='ocrx_word' id='word_1_177' title='bbox 2018 1022 2294 1091; x_wconf 71' lang='lat' dir='ltr'><strong>sapientim</strong></span> <span class='ocrx_word' id='word_1_178' title='bbox 2325 1022 2501 1075; x_wconf 88' lang='lat' dir='ltr'><strong>verbis</strong></span> <span class='ocrx_word' id='word_1_179' title='bbox 2529 1039 2542 1074; x_wconf 91' lang='lat'><strong>:</strong></span> <span class='ocrx_word' id='word_1_180' title='bbox 2579 1023 2670 1075; x_wconf 86' lang='lat' dir='ltr'><strong>sed</strong></span> <span class='ocrx_word' id='word_1_181' title='bbox 2703 1021 2754 1076; x_wconf 92' lang='lat' dir='ltr'><strong>in</strong></span> <span class='ocrx_word' id='word_1_182' title='bbox 2786 1021 3096 1077; x_wconf 84' lang='lat' dir='ltr'><strong>ostensione</strong></span> <span class='ocrx_word' id='word_1_183' title='bbox 3139 1023 3376 1092; x_wconf 89' lang='lat' dir='ltr'><strong>Spiritus</strong></span> <span class='ocrx_word' id='word_1_184' title='bbox 3402 1035 3458 1080; x_wconf 88' lang='lat' dir='ltr'><strong>et</strong></span> <span class='ocrx_word' id='word_1_185' title='bbox 3489 1027 3603 1080; x_wconf 90' lang='lat' dir='ltr'><strong>vir-</strong></span> 
     </span>
    </p>
   </div>
   <div class='ocr_carea' id='block_1_25' title="bbox 2018 1111 3599 1182">
    <p class='ocr_par' dir='ltr' id='par_1_25' title="bbox 2018 1111 3599 1182">
     <span class='ocr_line' id='line_1_25' title="bbox 2018 1111 3599 1182; baseline 0.004 -16"><span class='ocrx_word' id='word_1_186' title='bbox 2018 1115 2148 1167; x_wconf 89' lang='lat' dir='ltr'><strong>tutis</strong></span> <span class='ocrx_word' id='word_1_187' title='bbox 2182 1113 2272 1167; x_wconf 87' lang='lat' dir='ltr'><strong>Dei</strong></span> <span class='ocrx_word' id='word_1_188' title='bbox 2309 1114 2422 1182; x_wconf 75' lang='grc'><strong>(74)</strong></span> <span class='ocrx_word' id='word_1_189' title='bbox 2449 1114 2517 1167; x_wconf 78' lang='grc'><strong>⁸⁸.</strong></span> <span class='ocrx_word' id='word_1_190' title='bbox 2549 1132 2568 1165; x_wconf 78' lang='grc' dir='ltr'><strong>ι</strong></span> <span class='ocrx_word' id='word_1_191' title='bbox 2610 1111 2893 1180; x_wconf 63' lang='grc' dir='ltr'>ίΕτιιιιιιθηι</span> <span class='ocrx_word' id='word_1_192' title='bbox 2923 1129 3054 1170; x_wconf 82' lang='lat' dir='ltr'><strong>vero</strong></span> <span class='ocrx_word' id='word_1_193' title='bbox 3085 1114 3310 1181; x_wconf 85' lang='lat' dir='ltr'><strong>Spiritui</strong></span> <span class='ocrx_word' id='word_1_194' title='bbox 3343 1117 3599 1172; x_wconf 83' lang='lat' dir='ltr'><strong>virtutem</strong></span> 
     </span>
    </p>
   </div>
   <div class='ocr_carea' id='block_1_26' title="bbox 2019 1203 3607 1274">
    <p class='ocr_par' dir='ltr' id='par_1_26' title="bbox 2019 1203 3607 1274">
     <span class='ocr_line' id='line_1_26' title="bbox 2019 1203 3607 1274; baseline 0.004 -18"><span class='ocrx_word' id='word_1_195' title='bbox 2019 1219 2120 1257; x_wconf 92' lang='lat' dir='ltr'><strong>non</strong></span> <span class='ocrx_word' id='word_1_196' title='bbox 2140 1219 2424 1274; x_wconf 84' lang='lat' dir='ltr'><strong>possumus</strong></span> <span class='ocrx_word' id='word_1_197' title='bbox 2441 1203 2600 1256; x_wconf 87' lang='lat' dir='ltr'><strong>aliam</strong></span> <span class='ocrx_word' id='word_1_198' title='bbox 2630 1213 2825 1270; x_wconf 66' lang='lat' dir='ltr'><strong>praeter</strong></span> <span class='ocrx_word' id='word_1_199' title='bbox 2850 1204 3122 1258; x_wconf 77' lang='lat' dir='ltr'><strong>Christum</strong></span> <span class='ocrx_word' id='word_1_200' title='bbox 3156 1205 3438 1260; x_wconf 92' lang='lat' dir='ltr'><strong>Dominum</strong></span> <span class='ocrx_word' id='word_1_201' title='bbox 3502 1223 3607 1262; x_wconf 90' lang='lat' dir='ltr'><strong>no-</strong></span> 
     </span>
    </p>
   </div>
   <div class='ocr_carea' id='block_1_27' title="bbox 2024 1296 3606 1364">
    <p class='ocr_par' dir='ltr' id='par_1_27' title="bbox 2024 1296 3606 1364">
     <span class='ocr_line' id='line_1_27' title="bbox 2024 1296 3606 1364; baseline 0.002 -13"><span class='ocrx_word' id='word_1_202' title='bbox 2024 1306 2195 1351; x_wconf 89' lang='lat' dir='ltr'><strong>strum</strong></span> <span class='ocrx_word' id='word_1_203' title='bbox 2231 1296 2594 1364; x_wconf 86' lang='lat' dir='ltr'><strong>interpretari.</strong></span> <span class='ocrx_word' id='word_1_204' title='bbox 2630 1296 2747 1364; x_wconf 89' lang='lat' dir='ltr'><strong>Ipse</strong></span> <span class='ocrx_word' id='word_1_205' title='bbox 2785 1297 2928 1351; x_wconf 91' lang='lat' dir='ltr'><strong>enim</strong></span> <span class='ocrx_word' id='word_1_206' title='bbox 2951 1297 3227 1363; x_wconf 90' lang='lat' dir='ltr'><strong>discipulis</strong></span> <span class='ocrx_word' id='word_1_207' title='bbox 3249 1299 3323 1352; x_wconf 89' lang='lat' dir='ltr'><strong>ait</strong></span> <span class='ocrx_word' id='word_1_208' title='bbox 3353 1317 3366 1353; x_wconf 90' lang='lat'><strong>:</strong></span> <span class='ocrx_word' id='word_1_209' title='bbox 3402 1319 3420 1350; x_wconf 74' lang='grc' dir='ltr'><strong>ι</strong></span> <span class='ocrx_word' id='word_1_210' title='bbox 3446 1301 3606 1354; x_wconf 80' lang='lat' dir='ltr'><strong>Acci-</strong></span> 
     </span>
    </p>
   </div>
   <div class='ocr_carea' id='block_1_28' title="bbox 2017 1385 3604 1458">
    <p class='ocr_par' dir='ltr' id='par_1_28' title="bbox 2017 1385 3604 1458">
     <span class='ocr_line' id='line_1_28' title="bbox 2017 1385 3604 1458; baseline 0.002 -18"><span class='ocrx_word' id='word_1_211' title='bbox 2017 1387 2175 1457; x_wconf 91' lang='lat' dir='ltr'><strong>pletis</strong></span> <span class='ocrx_word' id='word_1_212' title='bbox 2205 1387 2347 1440; x_wconf 87' lang='lat' dir='ltr'><strong>enim</strong></span> <span class='ocrx_word' id='word_1_213' title='bbox 2368 1386 2616 1439; x_wconf 80' lang='lat' dir='ltr'><strong>virtutem</strong></span> <span class='ocrx_word' id='word_1_214' title='bbox 2649 1385 2883 1451; x_wconf 82' lang='lat' dir='ltr'><strong>Spiritus</strong></span> <span class='ocrx_word' id='word_1_215' title='bbox 2900 1386 3071 1438; x_wconf 89' lang='lat' dir='ltr'><strong>sancti</strong></span> <span class='ocrx_word' id='word_1_216' title='bbox 3097 1387 3401 1441; x_wconf 81' lang='lat' dir='ltr'><strong>venientem</strong></span> <span class='ocrx_word' id='word_1_217' title='bbox 3447 1385 3604 1458; x_wconf 84' lang='lat' dir='ltr'><strong>[Vat.</strong></span> 
     </span>
    </p>
   </div>
   <div class='ocr_carea' id='block_1_29' title="bbox 2016 1474 3601 1550">
    <p class='ocr_par' dir='ltr' id='par_1_29' title="bbox 2016 1474 3601 1550">
     <span class='ocr_line' id='line_1_29' title="bbox 2016 1474 3601 1550; baseline 0.003 -20"><span class='ocrx_word' id='word_1_218' title='bbox 2016 1474 2304 1546; x_wconf 82' lang='lat' dir='ltr'><strong>venientis]</strong></span> <span class='ocrx_word' id='word_1_219' title='bbox 2346 1491 2509 1544; x_wconf 91' lang='lat' dir='ltr'><strong>super</strong></span> <span class='ocrx_word' id='word_1_220' title='bbox 2542 1489 2636 1528; x_wconf 91' lang='lat' dir='ltr'><strong>vos</strong></span> <span class='ocrx_word' id='word_1_221' title='bbox 2661 1475 2740 1540; x_wconf 73' lang='lat'><strong>&#39;7;</strong></span> <span class='ocrx_word' id='word_1_222' title='bbox 2766 1493 2784 1526; x_wconf 82' lang='grc' dir='ltr'><strong>ι</strong></span> <span class='ocrx_word' id='word_1_223' title='bbox 2823 1486 2873 1530; x_wconf 89' lang='lat' dir='ltr'><strong>et</strong></span> <span class='ocrx_word' id='word_1_224' title='bbox 2900 1478 2967 1530; x_wconf 88' lang='lat' dir='ltr'><strong>ad</strong></span> <span class='ocrx_word' id='word_1_225' title='bbox 3003 1475 3227 1530; x_wconf 84' lang='lat' dir='ltr'><strong>Mariam</strong></span> <span class='ocrx_word' id='word_1_226' title='bbox 3258 1479 3484 1546; x_wconf 77' lang='lat' dir='ltr'><strong>angelus</strong></span> <span class='ocrx_word' id='word_1_227' title='bbox 3503 1477 3601 1550; x_wconf 76' lang='grc' dir='ltr'><strong>[αι.</strong></span> 
     </span>
    </p>
   </div>
   <div class='ocr_carea' id='block_1_30' title="bbox 2015 1565 3606 1639">
    <p class='ocr_par' dir='ltr' id='par_1_30' title="bbox 2015 1565 3606 1639">
     <span class='ocr_line' id='line_1_30' title="bbox 2015 1565 3606 1639; baseline 0.003 -18"><span class='ocrx_word' id='word_1_228' title='bbox 2015 1565 2386 1639; x_wconf 79' lang='lat' dir='ltr'><strong>archangelus]</strong></span> <span class='ocrx_word' id='word_1_229' title='bbox 2409 1608 2423 1629; x_wconf 95' lang='lat'><strong>,</strong></span> <span class='ocrx_word' id='word_1_230' title='bbox 2460 1587 2477 1617; x_wconf 75' lang='grc' dir='ltr'><strong>ε</strong></span> <span class='ocrx_word' id='word_1_231' title='bbox 2512 1567 2770 1634; x_wconf 87' lang='lat' dir='ltr'><strong>Spiritus,</strong></span> <span class='ocrx_word' id='word_1_232' title='bbox 2801 1585 2819 1618; x_wconf 77' lang='grc' dir='ltr'><strong>ι</strong></span> <span class='ocrx_word' id='word_1_233' title='bbox 2862 1568 3063 1637; x_wconf 85' lang='lat' dir='ltr'><strong>inquit,</strong></span> <span class='ocrx_word' id='word_1_234' title='bbox 3098 1588 3117 1620; x_wconf 74' lang='grc' dir='ltr'><strong>ι</strong></span> <span class='ocrx_word' id='word_1_235' title='bbox 3149 1581 3367 1624; x_wconf 90' lang='lat' dir='ltr'><strong>sanctus</strong></span> <span class='ocrx_word' id='word_1_236' title='bbox 3414 1585 3606 1638; x_wconf 81' lang='lat' dir='ltr'><strong>Super-</strong></span> 
     </span>
    </p>
   </div>
   <div class='ocr_carea' id='block_1_31' title="bbox 2014 1659 3598 1722">
    <p class='ocr_par' dir='ltr' id='par_1_31' title="bbox 2014 1659 3598 1722">
     <span class='ocr_line' id='line_1_31' title="bbox 2014 1659 3598 1722; baseline 0.004 -12"><span class='ocrx_word' id='word_1_237' title='bbox 2014 1661 2192 1713; x_wconf 87' lang='lat' dir='ltr'><strong>veniet</strong></span> <span class='ocrx_word' id='word_1_238' title='bbox 2221 1659 2270 1712; x_wconf 90' lang='lat' dir='ltr'><strong>in</strong></span> <span class='ocrx_word' id='word_1_239' title='bbox 2305 1671 2376 1722; x_wconf 89' lang='lat' dir='ltr'><strong>te,</strong></span> <span class='ocrx_word' id='word_1_240' title='bbox 2403 1668 2455 1712; x_wconf 93' lang='lat' dir='ltr'><strong>et</strong></span> <span class='ocrx_word' id='word_1_241' title='bbox 2484 1660 2654 1712; x_wconf 88' lang='lat' dir='ltr'><strong>virtus</strong></span> <span class='ocrx_word' id='word_1_242' title='bbox 2682 1659 2948 1714; x_wconf 86' lang='lat' dir='ltr'><strong>Altissimi</strong></span> <span class='ocrx_word' id='word_1_243' title='bbox 2985 1661 3332 1716; x_wconf 89' lang='lat' dir='ltr'><strong>obumbrahit</strong></span> <span class='ocrx_word' id='word_1_244' title='bbox 3367 1664 3458 1716; x_wconf 92' lang='lat' dir='ltr'><strong>tibi</strong></span> <span class='ocrx_word' id='word_1_245' title='bbox 3488 1664 3598 1717; x_wconf 79' lang='grc'><strong>⁵⁸.»</strong></span> 
     </span>
    </p>
   </div>
   <div class='ocr_carea' id='block_1_32' title="bbox 2014 1750 3604 1821">
    <p class='ocr_par' dir='ltr' id='par_1_32' title="bbox 2014 1750 3604 1821">
     <span class='ocr_line' id='line_1_32' title="bbox 2014 1750 3604 1821; baseline 0.004 -16"><span class='ocrx_word' id='word_1_246' title='bbox 2014 1750 2258 1806; x_wconf 80' lang='lat' dir='ltr'><strong>Creatrix</strong></span> <span class='ocrx_word' id='word_1_247' title='bbox 2303 1752 2466 1820; x_wconf 82' lang='lat' dir='ltr'><strong>igitur</strong></span> <span class='ocrx_word' id='word_1_248' title='bbox 2495 1752 2666 1804; x_wconf 85' lang='lat' dir='ltr'><strong>virtus</strong></span> <span class='ocrx_word' id='word_1_249' title='bbox 2713 1752 3008 1819; x_wconf 81' lang='lat' dir='ltr'><strong>Altissimi,</strong></span> <span class='ocrx_word' id='word_1_250' title='bbox 3053 1754 3254 1821; x_wconf 89' lang='lat' dir='ltr'><strong>Spiritu</strong></span> <span class='ocrx_word' id='word_1_251' title='bbox 3288 1766 3481 1811; x_wconf 88' lang='lat' dir='ltr'><strong>sancto</strong></span> <span class='ocrx_word' id='word_1_252' title='bbox 3510 1774 3604 1813; x_wconf 87' lang='lat' dir='ltr'><strong>su-</strong></span> 
     </span>
    </p>
   </div>
   <div class='ocr_carea' id='block_1_33' title="bbox 341 1821 3609 1918">
    <p class='ocr_par' dir='ltr' id='par_1_33' title="bbox 341 1821 3609 1918">
     <span class='ocr_line' id='line_1_33' title="bbox 341 1821 3609 1918; baseline 0.001 -15"><span class='ocrx_word' id='word_1_253' title='bbox 341 1821 629 1911; x_wconf 42' lang='lat' dir='ltr'><strong>Dei,-misit</strong></span> <span class='ocrx_word' id='word_1_254' title='bbox 656 1849 813 1902; x_wconf 90' lang='lat' dir='ltr'><strong>Pater</strong></span> <span class='ocrx_word' id='word_1_255' title='bbox 845 1821 1106 1918; x_wconf 81' lang='lat' dir='ltr'><strong>Spiritum</strong></span> <span class='ocrx_word' id='word_1_256' title='bbox 1144 1847 1266 1902; x_wconf 88' lang='lat' dir='ltr'><strong>Filii</strong></span> <span class='ocrx_word' id='word_1_257' title='bbox 1300 1848 1382 1901; x_wconf 90' lang='lat' dir='ltr'><strong>sui</strong></span> <span class='ocrx_word' id='word_1_258' title='bbox 1415 1821 1465 1899; x_wconf 90' lang='lat' dir='ltr'><strong>in</strong></span> <span class='ocrx_word' id='word_1_259' title='bbox 1501 1845 1670 1901; x_wconf 88' lang='lat' dir='ltr'><strong>corda</strong></span> <span class='ocrx_word' id='word_1_260' title='bbox 1705 1852 1911 1908; x_wconf 90' lang='lat' dir='ltr'><strong>nostra,</strong></span> <span class='ocrx_word' id='word_1_261' title='bbox 1946 1821 1988 1875; x_wconf 76' lang='grc' dir='ltr'>Β</span> <span class='ocrx_word' id='word_1_262' title='bbox 2022 1843 2369 1911; x_wconf 90' lang='lat' dir='ltr'><strong>perveniente</strong></span> <span class='ocrx_word' id='word_1_263' title='bbox 2395 1843 2448 1896; x_wconf 91' lang='lat' dir='ltr'><strong>in</strong></span> <span class='ocrx_word' id='word_1_264' title='bbox 2481 1841 2754 1910; x_wconf 75' lang='lat' dir='ltr'><strong>Virginem</strong></span> <span class='ocrx_word' id='word_1_265' title='bbox 2803 1842 3046 1910; x_wconf 83' lang='lat' dir='ltr'><strong>Mariam,</strong></span> <span class='ocrx_word' id='word_1_266' title='bbox 3077 1846 3274 1900; x_wconf 83' lang='lat' dir='ltr'><strong>Christi</strong></span> <span class='ocrx_word' id='word_1_267' title='bbox 3305 1862 3500 1917; x_wconf 88' lang='lat' dir='ltr'><strong>corpus</strong></span> <span class='ocrx_word' id='word_1_268' title='bbox 3527 1849 3609 1904; x_wconf 81' lang='lat' dir='ltr'><strong>fa-</strong></span> 
     </span>
    </p>
   </div>
   <div class='ocr_carea' id='block_1_34' title="bbox 337 1930 1916 2007">
    <p class='ocr_par' dir='ltr' id='par_1_34' title="bbox 337 1930 1916 2007">
     <span class='ocr_line' id='line_1_34' title="bbox 337 1930 1916 2007; baseline -0.004 -9"><span class='ocrx_word' id='word_1_269' title='bbox 337 1943 658 1998; x_wconf 89' lang='lat' dir='ltr'><strong>clamantem</strong></span> <span class='ocrx_word' id='word_1_270' title='bbox 691 1961 704 1996; x_wconf 92' lang='lat'><strong>:</strong></span> <span class='ocrx_word' id='word_1_271' title='bbox 735 1944 912 2006; x_wconf 87' lang='lat' dir='ltr'><strong>Abba,</strong></span> <span class='ocrx_word' id='word_1_272' title='bbox 970 1942 1127 1997; x_wconf 87' lang='lat' dir='ltr'><strong>Pater</strong></span> <span class='ocrx_word' id='word_1_273' title='bbox 1166 1943 1233 1998; x_wconf 81' lang='grc'><strong>⁵³.</strong></span> <span class='ocrx_word' id='word_1_274' title='bbox 1265 1960 1284 1992; x_wconf 78' lang='grc' dir='ltr'><strong>ι</strong></span> <span class='ocrx_word' id='word_1_275' title='bbox 1321 1942 1425 1996; x_wconf 91' lang='lat' dir='ltr'><strong>Iste</strong></span> <span class='ocrx_word' id='word_1_276' title='bbox 1450 1951 1628 1994; x_wconf 89' lang='lat' dir='ltr'><strong>autem</strong></span> <span class='ocrx_word' id='word_1_277' title='bbox 1681 1930 1916 2007; x_wconf 83' lang='lat' dir='ltr'><strong>Spiritus</strong></span> 
     </span>
    </p>
   </div>
   <div class='ocr_carea' id='block_1_35' title="bbox 340 2029 1913 2102">
    <p class='ocr_par' dir='ltr' id='par_1_35' title="bbox 340 2029 1913 2102">
     <span class='ocr_line' id='line_1_35' title="bbox 340 2029 1913 2102; baseline -0.004 -14"><span class='ocrx_word' id='word_1_278' title='bbox 340 2046 584 2101; x_wconf 89' lang='lat' dir='ltr'><strong>sanctus,</strong></span> <span class='ocrx_word' id='word_1_279' title='bbox 610 2035 701 2102; x_wconf 90' lang='lat' dir='ltr'><strong>qui</strong></span> <span class='ocrx_word' id='word_1_280' title='bbox 743 2035 890 2088; x_wconf 85' lang='lat' dir='ltr'><strong>venit</strong></span> <span class='ocrx_word' id='word_1_281' title='bbox 919 2035 970 2088; x_wconf 92' lang='lat' dir='ltr'><strong>in</strong></span> <span class='ocrx_word' id='word_1_282' title='bbox 1004 2035 1222 2088; x_wconf 89' lang='lat' dir='ltr'><strong>nomine</strong></span> <span class='ocrx_word' id='word_1_283' title='bbox 1262 2033 1406 2097; x_wconf 86' lang='lat' dir='ltr'><strong>Filii,</strong></span> <span class='ocrx_word' id='word_1_284' title='bbox 1445 2033 1641 2086; x_wconf 84' lang='lat' dir='ltr'><strong>missus</strong></span> <span class='ocrx_word' id='word_1_285' title='bbox 1669 2046 1697 2083; x_wconf 86' lang='lat' dir='ltr'><strong>a</strong></span> <span class='ocrx_word' id='word_1_286' title='bbox 1735 2029 1913 2094; x_wconf 86' lang='lat' dir='ltr'><strong>Patre,</strong></span> 
     </span>
    </p>
   </div>
   <div class='ocr_carea' id='block_1_36' title="bbox 337 2122 1914 2194">
    <p class='ocr_par' dir='ltr' id='par_1_36' title="bbox 337 2122 1914 2194">
     <span class='ocr_line' id='line_1_36' title="bbox 337 2122 1914 2194; baseline -0.004 -14"><span class='ocrx_word' id='word_1_287' title='bbox 337 2127 552 2182; x_wconf 90' lang='lat' dir='ltr'><strong>docebit</strong></span> <span class='ocrx_word' id='word_1_288' title='bbox 577 2128 759 2183; x_wconf 89' lang='lat' dir='ltr'><strong>omnia</strong></span> <span class='ocrx_word' id='word_1_289' title='bbox 785 2141 879 2180; x_wconf 91' lang='lat' dir='ltr'><strong>eos</strong></span> <span class='ocrx_word' id='word_1_290' title='bbox 907 2126 994 2194; x_wconf 89' lang='lat' dir='ltr'><strong>qui</strong></span> <span class='ocrx_word' id='word_1_291' title='bbox 1036 2126 1091 2180; x_wconf 92' lang='lat' dir='ltr'><strong>in</strong></span> <span class='ocrx_word' id='word_1_292' title='bbox 1125 2125 1228 2179; x_wconf 83' lang='lat' dir='ltr'><strong>ﬁde</strong></span> <span class='ocrx_word' id='word_1_293' title='bbox 1258 2125 1460 2179; x_wconf 84' lang='lat' dir='ltr'><strong>Christi</strong></span> <span class='ocrx_word' id='word_1_294' title='bbox 1512 2122 1732 2193; x_wconf 80' lang='lat' dir='ltr'><strong>perfecti</strong></span> <span class='ocrx_word' id='word_1_295' title='bbox 1765 2129 1914 2183; x_wconf 90' lang='lat' dir='ltr'><strong>sunt,</strong></span> 
     </span>
    </p>
   </div>
   <div class='ocr_carea' id='block_1_37' title="bbox 337 2214 1919 2286">
    <p class='ocr_par' dir='ltr' id='par_1_37' title="bbox 337 2214 1919 2286">
     <span class='ocr_line' id='line_1_37' title="bbox 337 2214 1919 2286; baseline -0.003 -15"><span class='ocrx_word' id='word_1_296' title='bbox 337 2219 517 2272; x_wconf 86' lang='lat' dir='ltr'><strong>onmia</strong></span> <span class='ocrx_word' id='word_1_297' title='bbox 575 2230 753 2272; x_wconf 90' lang='lat' dir='ltr'><strong>autem</strong></span> <span class='ocrx_word' id='word_1_298' title='bbox 805 2218 890 2273; x_wconf 87' lang='lat' dir='ltr'><strong>illa</strong></span> <span class='ocrx_word' id='word_1_299' title='bbox 939 2232 1059 2286; x_wconf 70' lang='lat' dir='ltr'><strong>qua:</strong></span> <span class='ocrx_word' id='word_1_300' title='bbox 1106 2216 1406 2286; x_wconf 82' lang='lat' dir='ltr'><strong>Spiritualia</strong></span> <span class='ocrx_word' id='word_1_301' title='bbox 1439 2224 1564 2270; x_wconf 91' lang='lat' dir='ltr'><strong>sunt</strong></span> <span class='ocrx_word' id='word_1_302' title='bbox 1612 2225 1665 2268; x_wconf 92' lang='lat' dir='ltr'><strong>et</strong></span> <span class='ocrx_word' id='word_1_303' title='bbox 1712 2214 1919 2268; x_wconf 91' lang='lat' dir='ltr'><strong>intelle-</strong></span> 
     </span>
    </p>
   </div>
   <div class='ocr_carea' id='block_1_38' title="bbox 339 2307 1915 2377">
    <p class='ocr_par' dir='ltr' id='par_1_38' title="bbox 339 2307 1915 2377">
     <span class='ocr_line' id='line_1_38' title="bbox 339 2307 1915 2377; baseline 0 -15"><span class='ocrx_word' id='word_1_304' title='bbox 339 2310 566 2377; x_wconf 85' lang='lat' dir='ltr'><strong>ctualia;</strong></span> <span class='ocrx_word' id='word_1_305' title='bbox 599 2319 654 2365; x_wconf 92' lang='lat' dir='ltr'><strong>et</strong></span> <span class='ocrx_word' id='word_1_306' title='bbox 693 2319 750 2364; x_wconf 94' lang='lat' dir='ltr'><strong>ut</strong></span> <span class='ocrx_word' id='word_1_307' title='bbox 789 2310 1031 2365; x_wconf 86' lang='lat' dir='ltr'><strong>breviter</strong></span> <span class='ocrx_word' id='word_1_308' title='bbox 1061 2310 1310 2364; x_wconf 89' lang='lat' dir='ltr'><strong>universa</strong></span> <span class='ocrx_word' id='word_1_309' title='bbox 1347 2308 1686 2371; x_wconf 88' lang='lat' dir='ltr'><strong>concludam,</strong></span> <span class='ocrx_word' id='word_1_310' title='bbox 1732 2307 1915 2362; x_wconf 82' lang='lat' dir='ltr'><strong>omnia</strong></span> 
     </span>
    </p>
   </div>
   <div class='ocr_carea' id='block_1_39' title="bbox 337 2401 1916 2471">
    <p class='ocr_par' dir='ltr' id='par_1_39' title="bbox 337 2401 1916 2471">
     <span class='ocr_line' id='line_1_39' title="bbox 337 2401 1916 2471; baseline 0 -19"><span class='ocrx_word' id='word_1_311' title='bbox 337 2402 583 2456; x_wconf 90' lang='lat' dir='ltr'><strong>veritatis</strong></span> <span class='ocrx_word' id='word_1_312' title='bbox 606 2411 660 2456; x_wconf 91' lang='lat' dir='ltr'><strong>et</strong></span> <span class='ocrx_word' id='word_1_313' title='bbox 689 2401 968 2471; x_wconf 64' lang='lat' dir='ltr'><strong>sapientiae</strong></span> <span class='ocrx_word' id='word_1_314' title='bbox 994 2409 1362 2456; x_wconf 88' lang='lat' dir='ltr'><strong>sacramenta.</strong></span> <span class='ocrx_word' id='word_1_315' title='bbox 1383 2401 1604 2455; x_wconf 90' lang='lat' dir='ltr'><strong>Docehit</strong></span> <span class='ocrx_word' id='word_1_316' title='bbox 1631 2414 1780 2463; x_wconf 91' lang='lat' dir='ltr'><strong>vero,</strong></span> <span class='ocrx_word' id='word_1_317' title='bbox 1811 2414 1916 2453; x_wconf 92' lang='lat' dir='ltr'><strong>non</strong></span> 
     </span>
    </p>
   </div>
   <div class='ocr_carea' id='block_1_40' title="bbox 339 2491 1919 2564">
    <p class='ocr_par' dir='ltr' id='par_1_40' title="bbox 339 2491 1919 2564">
     <span class='ocr_line' id='line_1_40' title="bbox 339 2491 1919 2564; baseline 0.001 -21"><span class='ocrx_word' id='word_1_318' title='bbox 339 2493 489 2561; x_wconf 89' lang='lat' dir='ltr'><strong>quasi</strong></span> <span class='ocrx_word' id='word_1_319' title='bbox 511 2494 698 2548; x_wconf 87' lang='lat' dir='ltr'><strong>doctor</strong></span> <span class='ocrx_word' id='word_1_320' title='bbox 718 2501 772 2548; x_wconf 88' lang='lat' dir='ltr'><strong>et</strong></span> <span class='ocrx_word' id='word_1_321' title='bbox 789 2495 1043 2564; x_wconf 77' lang='lat' dir='ltr'><strong>magister</strong></span> <span class='ocrx_word' id='word_1_322' title='bbox 1071 2494 1386 2563; x_wconf 67' lang='lat' dir='ltr'><strong>disciplinae,</strong></span> <span class='ocrx_word' id='word_1_323' title='bbox 1412 2507 1572 2562; x_wconf 91' lang='lat' dir='ltr'><strong>quam</strong></span> <span class='ocrx_word' id='word_1_324' title='bbox 1597 2491 1814 2545; x_wconf 88' lang='lat' dir='ltr'><strong>aliunde</strong></span> <span class='ocrx_word' id='word_1_325' title='bbox 1835 2499 1919 2546; x_wconf 88' lang='lat' dir='ltr'><strong>est</strong></span> 
     </span>
    </p>
   </div>
   <div class='ocr_carea' id='block_1_41' title="bbox 339 2583 1915 2654">
    <p class='ocr_par' dir='ltr' id='par_1_41' title="bbox 339 2583 1915 2654">
     <span class='ocr_line' id='line_1_41' title="bbox 339 2583 1915 2654; baseline -0.002 -14"><span class='ocrx_word' id='word_1_326' title='bbox 339 2596 692 2640; x_wconf 89' lang='lat' dir='ltr'><strong>consecutus:</strong></span> <span class='ocrx_word' id='word_1_327' title='bbox 721 2585 985 2654; x_wconf 87' lang='lat' dir='ltr'><strong>siquidem</strong></span> <span class='ocrx_word' id='word_1_328' title='bbox 1009 2587 1110 2640; x_wconf 93' lang='lat' dir='ltr'><strong>hoc</strong></span> <span class='ocrx_word' id='word_1_329' title='bbox 1132 2599 1317 2638; x_wconf 88' lang='lat' dir='ltr'><strong>eorum</strong></span> <span class='ocrx_word' id='word_1_330' title='bbox 1347 2594 1452 2647; x_wconf 85' lang='lat' dir='ltr'><strong>est,</strong></span> <span class='ocrx_word' id='word_1_331' title='bbox 1474 2584 1563 2653; x_wconf 90' lang='lat' dir='ltr'><strong>qui</strong></span> <span class='ocrx_word' id='word_1_332' title='bbox 1594 2583 1915 2652; x_wconf 90' lang='lat' dir='ltr'><strong>sapientiam</strong></span> 
     </span>
    </p>
   </div>
   <div class='ocr_carea' id='block_1_42' title="bbox 341 2676 1916 2748">
    <p class='ocr_par' dir='ltr' id='par_1_42' title="bbox 341 2676 1916 2748">
     <span class='ocr_line' id='line_1_42' title="bbox 341 2676 1916 2748; baseline -0.002 -15"><span class='ocrx_word' id='word_1_333' title='bbox 341 2690 397 2733; x_wconf 91' lang='lat' dir='ltr'><strong>et</strong></span> <span class='ocrx_word' id='word_1_334' title='bbox 436 2689 578 2734; x_wconf 88' lang='lat' dir='ltr'><strong>artes</strong></span> <span class='ocrx_word' id='word_1_335' title='bbox 619 2677 828 2747; x_wconf 88' lang='lat' dir='ltr'><strong>aliquas</strong></span> <span class='ocrx_word' id='word_1_336' title='bbox 861 2677 974 2748; x_wconf 80' lang='lat'><strong>(75)</strong></span> <span class='ocrx_word' id='word_1_337' title='bbox 1019 2677 1195 2731; x_wconf 87' lang='lat' dir='ltr'><strong>studio</strong></span> <span class='ocrx_word' id='word_1_338' title='bbox 1229 2676 1600 2743; x_wconf 87' lang='lat' dir='ltr'><strong>industriaque</strong></span> <span class='ocrx_word' id='word_1_339' title='bbox 1649 2676 1916 2740; x_wconf 86' lang='lat' dir='ltr'><strong>didicere;</strong></span> 
     </span>
    </p>
   </div>
   <div class='ocr_carea' id='block_1_43' title="bbox 341 2767 1919 2841">
    <p class='ocr_par' dir='ltr' id='par_1_43' title="bbox 341 2767 1919 2841">
     <span class='ocr_line' id='line_1_43' title="bbox 341 2767 1919 2841; baseline -0.003 -15"><span class='ocrx_word' id='word_1_340' title='bbox 341 2771 432 2826; x_wconf 90' lang='lat' dir='ltr'><strong>sed</strong></span> <span class='ocrx_word' id='word_1_341' title='bbox 469 2769 622 2840; x_wconf 87' lang='lat' dir='ltr'><strong>quasi</strong></span> <span class='ocrx_word' id='word_1_342' title='bbox 670 2771 784 2838; x_wconf 90' lang='lat' dir='ltr'><strong>ipse</strong></span> <span class='ocrx_word' id='word_1_343' title='bbox 817 2769 910 2840; x_wconf 84' lang='grc' dir='ltr'><strong>[αι.</strong></span> <span class='ocrx_word' id='word_1_344' title='bbox 939 2767 1076 2841; x_wconf 91' lang='lat' dir='ltr'><strong>ipsa]</strong></span> <span class='ocrx_word' id='word_1_345' title='bbox 1125 2784 1214 2823; x_wconf 90' lang='lat' dir='ltr'><strong>ars</strong></span> <span class='ocrx_word' id='word_1_346' title='bbox 1257 2779 1417 2838; x_wconf 90' lang='lat' dir='ltr'><strong>atque</strong></span> <span class='ocrx_word' id='word_1_347' title='bbox 1461 2769 1706 2822; x_wconf 83' lang='lat' dir='ltr'><strong>doctrina</strong></span> <span class='ocrx_word' id='word_1_348' title='bbox 1731 2776 1784 2821; x_wconf 88' lang='lat' dir='ltr'><strong>et</strong></span> <span class='ocrx_word' id='word_1_349' title='bbox 1831 2784 1919 2822; x_wconf 91' lang='lat' dir='ltr'><strong>sa-</strong></span> 
     </span>
    </p>
   </div>
   <div class='ocr_carea' id='block_1_44' title="bbox 339 2857 1905 2932">
    <p class='ocr_par' dir='ltr' id='par_1_44' title="bbox 339 2857 1905 2932">
     <span class='ocr_line' id='line_1_44' title="bbox 339 2857 1905 2932; baseline -0.003 -17"><span class='ocrx_word' id='word_1_350' title='bbox 339 2863 535 2932; x_wconf 81' lang='lat' dir='ltr'><strong>pientia</strong></span> <span class='ocrx_word' id='word_1_351' title='bbox 570 2862 920 2929; x_wconf 85' lang='lat' dir='ltr'><strong>veritatisque</strong></span> <span class='ocrx_word' id='word_1_352' title='bbox 969 2861 1224 2930; x_wconf 80' lang='lat' dir='ltr'><strong>Spiritus,</strong></span> <span class='ocrx_word' id='word_1_353' title='bbox 1253 2859 1602 2913; x_wconf 86' lang='lat' dir='ltr'><strong>invisibiliter</strong></span> <span class='ocrx_word' id='word_1_354' title='bbox 1636 2857 1735 2930; x_wconf 77' lang='lat' dir='ltr'><strong>[aL</strong></span> <span class='ocrx_word' id='word_1_355' title='bbox 1766 2859 1905 2912; x_wconf 88' lang='lat' dir='ltr'><strong>iuvi-</strong></span> 
     </span>
    </p>
   </div>
   <div class='ocr_carea' id='block_1_45' title="bbox 339 2951 1919 3026">
    <p class='ocr_par' dir='ltr' id='par_1_45' title="bbox 339 2951 1919 3026">
     <span class='ocr_line' id='line_1_45' title="bbox 339 2951 1919 3026; baseline -0.003 -16"><span class='ocrx_word' id='word_1_356' title='bbox 339 2953 507 3026; x_wconf 80' lang='lat' dir='ltr'><strong>sibili&#39;j</strong></span> <span class='ocrx_word' id='word_1_357' title='bbox 546 2954 706 3007; x_wconf 89' lang='lat' dir='ltr'><strong>menti</strong></span> <span class='ocrx_word' id='word_1_358' title='bbox 745 2954 982 3008; x_wconf 87' lang='lat' dir='ltr'><strong>insinuat</strong></span> <span class='ocrx_word' id='word_1_359' title='bbox 1011 2953 1295 3008; x_wconf 85' lang='lat' dir='ltr'><strong>scientiam</strong></span> <span class='ocrx_word' id='word_1_360' title='bbox 1329 2952 1653 3005; x_wconf 88' lang='lat' dir='ltr'><strong>divinorum.</strong></span> <span class='ocrx_word' id='word_1_361' title='bbox 1685 2951 1817 3004; x_wconf 85' lang='lat' dir='ltr'><strong>Nam</strong></span> <span class='ocrx_word' id='word_1_362' title='bbox 1864 2959 1919 3006; x_wconf 89' lang='lat' dir='ltr'><strong>et</strong></span> 
     </span>
    </p>
   </div>
   <div class='ocr_carea' id='block_1_46' title="bbox 339 3043 1916 3114">
    <p class='ocr_par' dir='ltr' id='par_1_46' title="bbox 339 3043 1916 3114">
     <span class='ocr_line' id='line_1_46' title="bbox 339 3043 1916 3114; baseline -0.003 -14"><span class='ocrx_word' id='word_1_363' title='bbox 339 3046 500 3100; x_wconf 83' lang='lat' dir='ltr'><strong>Pater</strong></span> <span class='ocrx_word' id='word_1_364' title='bbox 526 3047 680 3100; x_wconf 89' lang='lat' dir='ltr'><strong>docet</strong></span> <span class='ocrx_word' id='word_1_365' title='bbox 708 3047 786 3100; x_wconf 91' lang='lat' dir='ltr'><strong>sic</strong></span> <span class='ocrx_word' id='word_1_366' title='bbox 828 3045 1118 3114; x_wconf 89' lang='lat' dir='ltr'><strong>discipulos</strong></span> <span class='ocrx_word' id='word_1_367' title='bbox 1163 3058 1311 3105; x_wconf 89' lang='lat' dir='ltr'><strong>suos,</strong></span> <span class='ocrx_word' id='word_1_368' title='bbox 1342 3043 1555 3097; x_wconf 85' lang='lat' dir='ltr'><strong>dicente</strong></span> <span class='ocrx_word' id='word_1_369' title='bbox 1593 3044 1682 3096; x_wconf 92' lang='lat' dir='ltr'><strong>illo</strong></span> <span class='ocrx_word' id='word_1_370' title='bbox 1719 3043 1809 3111; x_wconf 90' lang='lat' dir='ltr'><strong>qui</strong></span> <span class='ocrx_word' id='word_1_371' title='bbox 1849 3045 1916 3096; x_wconf 86' lang='lat' dir='ltr'><strong>ab</strong></span> 
     </span>
    </p>
   </div>
   <div class='ocr_carea' id='block_1_47' title="bbox 339 3134 1914 3202">
    <p class='ocr_par' dir='ltr' id='par_1_47' title="bbox 339 3134 1914 3202">
     <span class='ocr_line' id='line_1_47' title="bbox 339 3134 1914 3202; baseline -0.004 -9"><span class='ocrx_word' id='word_1_372' title='bbox 339 3154 403 3193; x_wconf 89' lang='lat' dir='ltr'><strong>eo</strong></span> <span class='ocrx_word' id='word_1_373' title='bbox 434 3141 622 3194; x_wconf 91' lang='lat' dir='ltr'><strong>doctus</strong></span> <span class='ocrx_word' id='word_1_374' title='bbox 662 3139 832 3193; x_wconf 82' lang='lat' dir='ltr'><strong>fuerat</strong></span> <span class='ocrx_word' id='word_1_375' title='bbox 861 3157 875 3192; x_wconf 89' lang='lat'>:</span> <span class='ocrx_word' id='word_1_376' title='bbox 909 3140 1066 3202; x_wconf 83' lang='lat' dir='ltr'><strong>Deus,</strong></span> <span class='ocrx_word' id='word_1_377' title='bbox 1094 3137 1322 3191; x_wconf 87' lang='lat' dir='ltr'><strong>docuisti</strong></span> <span class='ocrx_word' id='word_1_378' title='bbox 1360 3149 1444 3188; x_wconf 92' lang='lat' dir='ltr'><strong>me</strong></span> <span class='ocrx_word' id='word_1_379' title='bbox 1470 3135 1812 3202; x_wconf 89' lang='lat' dir='ltr'><strong>sapientiam.</strong></span> <span class='ocrx_word' id='word_1_380' title='bbox 1850 3134 1914 3187; x_wconf 79' lang='lat' dir='ltr'><strong>Et</strong></span> 
     </span>
    </p>
   </div>
   <div class='ocr_carea' id='block_1_48' title="bbox 342 3229 1915 3294">
    <p class='ocr_par' dir='ltr' id='par_1_48' title="bbox 342 3229 1915 3294">
     <span class='ocr_line' id='line_1_48' title="bbox 342 3229 1915 3294; baseline -0.001 -12"><span class='ocrx_word' id='word_1_381' title='bbox 342 3233 597 3284; x_wconf 83' lang='lat' dir='ltr'><strong>audacter</strong></span> <span class='ocrx_word' id='word_1_382' title='bbox 623 3233 727 3284; x_wconf 90' lang='lat' dir='ltr'><strong>alio</strong></span> <span class='ocrx_word' id='word_1_383' title='bbox 760 3231 1169 3285; x_wconf 84' lang='lat' dir='ltr'><strong>conclamaute:</strong></span> <span class='ocrx_word' id='word_1_384' title='bbox 1213 3248 1231 3279; x_wconf 74' lang='grc' dir='ltr'><strong>ι</strong></span> <span class='ocrx_word' id='word_1_385' title='bbox 1266 3229 1500 3282; x_wconf 86' lang='lat' dir='ltr'><strong>Docuisti</strong></span> <span class='ocrx_word' id='word_1_386' title='bbox 1547 3244 1652 3288; x_wconf 89' lang='lat' dir='ltr'><strong>me,</strong></span> <span class='ocrx_word' id='word_1_387' title='bbox 1685 3229 1847 3294; x_wconf 88' lang='lat' dir='ltr'><strong>Deus,</strong></span> <span class='ocrx_word' id='word_1_388' title='bbox 1886 3244 1915 3281; x_wconf 90' lang='lat' dir='ltr'><strong>a</strong></span> 
     </span>
    </p>
   </div>
   <div class='ocr_carea' id='block_1_49' title="bbox 334 3319 1916 3390">
    <p class='ocr_par' dir='ltr' id='par_1_49' title="bbox 334 3319 1916 3390">
     <span class='ocr_line' id='line_1_49' title="bbox 334 3319 1916 3390; baseline -0.001 -16"><span class='ocrx_word' id='word_1_389' title='bbox 334 3320 615 3389; x_wconf 81' lang='lat' dir='ltr'><strong>iuventute</strong></span> <span class='ocrx_word' id='word_1_390' title='bbox 643 3339 757 3376; x_wconf 90' lang='lat' dir='ltr'><strong>mea</strong></span> <span class='ocrx_word' id='word_1_391' title='bbox 777 3323 824 3353; x_wconf 81' lang='grc'><strong>⁸³</strong></span> <span class='ocrx_word' id='word_1_392' title='bbox 852 3340 866 3376; x_wconf 89' lang='lat'><strong>:</strong></span> <span class='ocrx_word' id='word_1_393' title='bbox 898 3341 916 3374; x_wconf 82' lang='grc' dir='ltr'><strong>ι</strong></span> <span class='ocrx_word' id='word_1_394' title='bbox 958 3331 1119 3390; x_wconf 89' lang='lat' dir='ltr'><strong>atque</strong></span> <span class='ocrx_word' id='word_1_395' title='bbox 1151 3322 1220 3374; x_wconf 92' lang='lat' dir='ltr'><strong>ita</strong></span> <span class='ocrx_word' id='word_1_396' title='bbox 1249 3335 1435 3375; x_wconf 88' lang='lat' dir='ltr'><strong>omnes</strong></span> <span class='ocrx_word' id='word_1_397' title='bbox 1466 3321 1595 3372; x_wconf 90' lang='lat' dir='ltr'><strong>ﬁunt</strong></span> <span class='ocrx_word' id='word_1_398' title='bbox 1629 3319 1791 3373; x_wconf 90' lang='lat' dir='ltr'><strong>docti.</strong></span> <span class='ocrx_word' id='word_1_399' title='bbox 1825 3319 1916 3372; x_wconf 92' lang='lat' dir='ltr'><strong>Dei</strong></span> 
     </span>
    </p>
   </div>
   <div class='ocr_carea' id='block_1_50' title="bbox 339 3411 1915 3482">
    <p class='ocr_par' dir='ltr' id='par_1_50' title="bbox 339 3411 1915 3482">
     <span class='ocr_line' id='line_1_50' title="bbox 339 3411 1915 3482; baseline -0.003 -15"><span class='ocrx_word' id='word_1_400' title='bbox 339 3428 552 3482; x_wconf 87' lang='lat' dir='ltr'><strong>quoque</strong></span> <span class='ocrx_word' id='word_1_401' title='bbox 592 3413 757 3467; x_wconf 79' lang='lat' dir='ltr'><strong>Filius</strong></span> <span class='ocrx_word' id='word_1_402' title='bbox 794 3424 847 3466; x_wconf 93' lang='lat' dir='ltr'><strong>et</strong></span> <span class='ocrx_word' id='word_1_403' title='bbox 879 3415 1139 3481; x_wconf 86' lang='lat' dir='ltr'><strong>sapientia</strong></span> <span class='ocrx_word' id='word_1_404' title='bbox 1174 3412 1262 3466; x_wconf 87' lang='lat' dir='ltr'><strong>Dei</strong></span> <span class='ocrx_word' id='word_1_405' title='bbox 1311 3422 1366 3464; x_wconf 89' lang='lat' dir='ltr'><strong>et</strong></span> <span class='ocrx_word' id='word_1_406' title='bbox 1399 3411 1600 3464; x_wconf 88' lang='lat' dir='ltr'><strong>veritas</strong></span> <span class='ocrx_word' id='word_1_407' title='bbox 1631 3411 1709 3464; x_wconf 90' lang='lat' dir='ltr'><strong>sic</strong></span> <span class='ocrx_word' id='word_1_408' title='bbox 1761 3411 1915 3463; x_wconf 87' lang='lat' dir='ltr'><strong>docet</strong></span> 
     </span>
    </p>
   </div>
   <div class='ocr_carea' id='block_1_51' title="bbox 339 3501 1916 3573">
    <p class='ocr_par' dir='ltr' id='par_1_51' title="bbox 339 3501 1916 3573">
     <span class='ocr_line' id='line_1_51' title="bbox 339 3501 1916 3573; baseline -0.003 -15"><span class='ocrx_word' id='word_1_409' title='bbox 339 3506 630 3573; x_wconf 90' lang='lat' dir='ltr'><strong>participes</strong></span> <span class='ocrx_word' id='word_1_410' title='bbox 659 3521 806 3570; x_wconf 88' lang='lat' dir='ltr'><strong>suos,</strong></span> <span class='ocrx_word' id='word_1_411' title='bbox 836 3515 890 3558; x_wconf 90' lang='lat' dir='ltr'><strong>ut</strong></span> <span class='ocrx_word' id='word_1_412' title='bbox 925 3504 1266 3572; x_wconf 87' lang='lat' dir='ltr'><strong>disciplinam</strong></span> <span class='ocrx_word' id='word_1_413' title='bbox 1301 3519 1403 3555; x_wconf 92' lang='lat' dir='ltr'><strong>non</strong></span> <span class='ocrx_word' id='word_1_414' title='bbox 1439 3511 1556 3554; x_wconf 89' lang='lat' dir='ltr'><strong>arte</strong></span> <span class='ocrx_word' id='word_1_415' title='bbox 1587 3501 1796 3566; x_wconf 85' lang='lat' dir='ltr'><strong>doceat,</strong></span> <span class='ocrx_word' id='word_1_416' title='bbox 1821 3501 1916 3554; x_wconf 89' lang='lat' dir='ltr'><strong>sed</strong></span> 
     </span>
    </p>
   </div>
   <div class='ocr_carea' id='block_1_52' title="bbox 339 3593 1910 3661">
    <p class='ocr_par' dir='ltr' id='par_1_52' title="bbox 339 3593 1910 3661">
     <span class='ocr_line' id='line_1_52' title="bbox 339 3593 1910 3661; baseline -0.004 -11"><span class='ocrx_word' id='word_1_417' title='bbox 339 3605 553 3650; x_wconf 89' lang='lat' dir='ltr'><strong>natura.</strong></span> <span class='ocrx_word' id='word_1_418' title='bbox 603 3595 756 3650; x_wconf 87' lang='lat' dir='ltr'><strong>Unde</strong></span> <span class='ocrx_word' id='word_1_419' title='bbox 789 3605 843 3649; x_wconf 90' lang='lat' dir='ltr'><strong>et</strong></span> <span class='ocrx_word' id='word_1_420' title='bbox 892 3612 1013 3649; x_wconf 92' lang='lat' dir='ltr'><strong>eum</strong></span> <span class='ocrx_word' id='word_1_421' title='bbox 1055 3599 1316 3651; x_wconf 90' lang='lat' dir='ltr'><strong>docentur</strong></span> <span class='ocrx_word' id='word_1_422' title='bbox 1361 3593 1533 3647; x_wconf 91' lang='lat' dir='ltr'><strong>solum</strong></span> <span class='ocrx_word' id='word_1_423' title='bbox 1592 3593 1910 3661; x_wconf 78' lang='lat' dir='ltr'><strong>magisuum</strong></span> 
     </span>
    </p>
   </div>
   <div class='ocr_carea' id='block_1_53' title="bbox 337 3685 1918 3756">
    <p class='ocr_par' dir='ltr' id='par_1_53' title="bbox 337 3685 1918 3756">
     <span class='ocr_line' id='line_1_53' title="bbox 337 3685 1918 3756; baseline -0.002 -18"><span class='ocrx_word' id='word_1_424' title='bbox 337 3702 534 3742; x_wconf 88' lang='lat' dir='ltr'><strong>vocare</strong></span> <span class='ocrx_word' id='word_1_425' title='bbox 557 3687 833 3756; x_wconf 89' lang='lat' dir='ltr'><strong>discipuli.</strong></span> <span class='ocrx_word' id='word_1_426' title='bbox 867 3687 975 3742; x_wconf 83' lang='lat' dir='ltr'><strong>Has</strong></span> <span class='ocrx_word' id='word_1_427' title='bbox 997 3688 1212 3741; x_wconf 89' lang='lat' dir='ltr'><strong>easdem</strong></span> <span class='ocrx_word' id='word_1_428' title='bbox 1240 3686 1549 3754; x_wconf 87' lang='lat' dir='ltr'><strong>disciplinas</strong></span> <span class='ocrx_word' id='word_1_429' title='bbox 1575 3700 1693 3754; x_wconf 65' lang='lat' dir='ltr'><strong>quae</strong></span> <span class='ocrx_word' id='word_1_430' title='bbox 1721 3685 1918 3736; x_wconf 88' lang='lat' dir='ltr'><strong>dantur</strong></span> 
     </span>
    </p>
   </div>
   <div class='ocr_carea' id='block_1_54' title="bbox 341 3777 1913 3846">
    <p class='ocr_par' dir='ltr' id='par_1_54' title="bbox 341 3777 1913 3846">
     <span class='ocr_line' id='line_1_54' title="bbox 341 3777 1913 3846; baseline -0.004 -13"><span class='ocrx_word' id='word_1_431' title='bbox 341 3795 371 3833; x_wconf 90' lang='lat' dir='ltr'><strong>a</strong></span> <span class='ocrx_word' id='word_1_432' title='bbox 401 3779 560 3834; x_wconf 85' lang='lat' dir='ltr'><strong>Patre</strong></span> <span class='ocrx_word' id='word_1_433' title='bbox 589 3790 643 3834; x_wconf 91' lang='lat' dir='ltr'><strong>et</strong></span> <span class='ocrx_word' id='word_1_434' title='bbox 680 3779 813 3832; x_wconf 87' lang='lat' dir='ltr'><strong>Filio</strong></span> <span class='ocrx_word' id='word_1_435' title='bbox 841 3779 892 3832; x_wconf 92' lang='lat' dir='ltr'><strong>in</strong></span> <span class='ocrx_word' id='word_1_436' title='bbox 930 3779 1090 3833; x_wconf 87' lang='lat' dir='ltr'><strong>corda</strong></span> <span class='ocrx_word' id='word_1_437' title='bbox 1125 3779 1481 3843; x_wconf 87' lang='lat' dir='ltr'><strong>credentium,</strong></span> <span class='ocrx_word' id='word_1_438' title='bbox 1523 3777 1759 3846; x_wconf 89' lang='lat' dir='ltr'><strong>Spiritus</strong></span> <span class='ocrx_word' id='word_1_439' title='bbox 1796 3790 1913 3828; x_wconf 82' lang='lat' dir='ltr'><strong>san-</strong></span> 
     </span>
    </p>
   </div>
   <div class='ocr_carea' id='block_1_55' title="bbox 339 3864 1914 3938">
    <p class='ocr_par' dir='ltr' id='par_1_55' title="bbox 339 3864 1914 3938">
     <span class='ocr_line' id='line_1_55' title="bbox 339 3864 1914 3938; baseline -0.004 -12"><span class='ocrx_word' id='word_1_440' title='bbox 339 3882 461 3926; x_wconf 87' lang='lat' dir='ltr'><strong>ctus</strong></span> <span class='ocrx_word' id='word_1_441' title='bbox 501 3871 772 3925; x_wconf 86' lang='lat' dir='ltr'><strong>ministrat</strong></span> <span class='ocrx_word' id='word_1_442' title='bbox 804 3871 886 3924; x_wconf 90' lang='lat' dir='ltr'><strong>his</strong></span> <span class='ocrx_word' id='word_1_443' title='bbox 919 3869 1009 3938; x_wconf 91' lang='lat' dir='ltr'><strong>qui</strong></span> <span class='ocrx_word' id='word_1_444' title='bbox 1059 3869 1317 3923; x_wconf 87' lang='lat' dir='ltr'><strong>animales</strong></span> <span class='ocrx_word' id='word_1_445' title='bbox 1352 3884 1471 3922; x_wconf 89' lang='lat' dir='ltr'><strong>esse</strong></span> <span class='ocrx_word' id='word_1_446' title='bbox 1507 3869 1767 3922; x_wconf 90' lang='lat' dir='ltr'><strong>desierint</strong></span> <span class='ocrx_word' id='word_1_447' title='bbox 1814 3864 1914 3936; x_wconf 74' lang='grc' dir='ltr'>[ιιι.</span> 
     </span>
    </p>
   </div>
   <div class='ocr_carea' id='block_1_56' title="bbox 338 3959 1914 4035">
    <p class='ocr_par' dir='ltr' id='par_1_56' title="bbox 338 3959 1914 4035">
     <span class='ocr_line' id='line_1_56' title="bbox 338 3959 1914 4035; baseline -0.006 -17"><span class='ocrx_word' id='word_1_448' title='bbox 338 3963 648 4035; x_wconf 88' lang='lat' dir='ltr'><strong>desistunt].</strong></span> <span class='ocrx_word' id='word_1_449' title='bbox 684 3983 700 4014; x_wconf 79' lang='grc' dir='ltr'><strong>ι</strong></span> <span class='ocrx_word' id='word_1_450' title='bbox 733 3963 994 4017; x_wconf 84' lang='lat' dir='ltr'><strong>Animalis</strong></span> <span class='ocrx_word' id='word_1_451' title='bbox 1032 3964 1228 4031; x_wconf 89' lang='lat' dir='ltr'><strong>quippe</strong></span> <span class='ocrx_word' id='word_1_452' title='bbox 1261 3963 1424 4016; x_wconf 89' lang='lat' dir='ltr'><strong>homo</strong></span> <span class='ocrx_word' id='word_1_453' title='bbox 1453 3977 1560 4014; x_wconf 92' lang='lat' dir='ltr'><strong>non</strong></span> <span class='ocrx_word' id='word_1_454' title='bbox 1592 3959 1815 4029; x_wconf 88' lang='lat' dir='ltr'><strong>percipit</strong></span> <span class='ocrx_word' id='word_1_455' title='bbox 1853 3972 1914 4010; x_wconf 89' lang='lat' dir='ltr'><strong>ea</strong></span> 
     </span>
    </p>
   </div>
   <div class='ocr_carea' id='block_1_57' title="bbox 337 4051 1917 4126">
    <p class='ocr_par' dir='ltr' id='par_1_57' title="bbox 337 4051 1917 4126">
     <span class='ocr_line' id='line_1_57' title="bbox 337 4051 1917 4126; baseline -0.004 -18"><span class='ocrx_word' id='word_1_456' title='bbox 337 4072 458 4126; x_wconf 69' lang='lat' dir='ltr'><strong>quae</strong></span> <span class='ocrx_word' id='word_1_457' title='bbox 491 4057 712 4122; x_wconf 84' lang='lat' dir='ltr'><strong>spiritus</strong></span> <span class='ocrx_word' id='word_1_458' title='bbox 762 4067 887 4108; x_wconf 90' lang='lat' dir='ltr'><strong>sunt</strong></span> <span class='ocrx_word' id='word_1_459' title='bbox 920 4055 986 4119; x_wconf 73' lang='lat'><strong>“,</strong></span> <span class='ocrx_word' id='word_1_460' title='bbox 1018 4072 1036 4106; x_wconf 76' lang='grc' dir='ltr'><strong>ι</strong></span> <span class='ocrx_word' id='word_1_461' title='bbox 1067 4055 1338 4106; x_wconf 86' lang='lat' dir='ltr'><strong>arbitrans</strong></span> <span class='ocrx_word' id='word_1_462' title='bbox 1356 4066 1474 4105; x_wconf 88' lang='lat' dir='ltr'><strong>esse</strong></span> <span class='ocrx_word' id='word_1_463' title='bbox 1493 4051 1772 4105; x_wconf 87' lang='lat' dir='ltr'><strong>stultitiam</strong></span> <span class='ocrx_word' id='word_1_464' title='bbox 1798 4062 1917 4116; x_wconf 78' lang='lat' dir='ltr'><strong>quae</strong></span> 
     </span>
    </p>
   </div>
   <div class='ocr_carea' id='block_1_58' title="bbox 337 4143 1914 4216">
    <p class='ocr_par' dir='ltr' id='par_1_58' title="bbox 337 4143 1914 4216">
     <span class='ocr_line' id='line_1_58' title="bbox 337 4143 1914 4216; baseline -0.006 -15"><span class='ocrx_word' id='word_1_465' title='bbox 337 4150 627 4212; x_wconf 90' lang='lat' dir='ltr'><strong>dicuntur;</strong></span> <span class='ocrx_word' id='word_1_466' title='bbox 682 4148 772 4216; x_wconf 92' lang='lat' dir='ltr'><strong>qui</strong></span> <span class='ocrx_word' id='word_1_467' title='bbox 845 4161 972 4200; x_wconf 90' lang='lat' dir='ltr'><strong>vero</strong></span> <span class='ocrx_word' id='word_1_468' title='bbox 1045 4161 1073 4198; x_wconf 90' lang='lat' dir='ltr'><strong>a</strong></span> <span class='ocrx_word' id='word_1_469' title='bbox 1147 4143 1644 4214; x_wconf 89' lang='lat' dir='ltr'><strong>perturbationibus</strong></span> <span class='ocrx_word' id='word_1_470' title='bbox 1717 4154 1914 4210; x_wconf 78' lang='lat' dir='ltr'><strong>purga-</strong></span> 
     </span>
    </p>
   </div>
   <div class='ocr_carea' id='block_1_59' title="bbox 337 4232 1914 4306">
    <p class='ocr_par' dir='ltr' id='par_1_59' title="bbox 337 4232 1914 4306">
     <span class='ocr_line' id='line_1_59' title="bbox 337 4232 1914 4306; baseline -0.006 -12"><span class='ocrx_word' id='word_1_471' title='bbox 337 4241 475 4296; x_wconf 89' lang='lat' dir='ltr'><strong>verit</strong></span> <span class='ocrx_word' id='word_1_472' title='bbox 504 4253 739 4293; x_wconf 87' lang='lat' dir='ltr'><strong>mentem</strong></span> <span class='ocrx_word' id='word_1_473' title='bbox 794 4255 972 4302; x_wconf 89' lang='lat' dir='ltr'><strong>suam,</strong></span> <span class='ocrx_word' id='word_1_474' title='bbox 1018 4237 1250 4306; x_wconf 88' lang='lat' dir='ltr'><strong>Spiritus</strong></span> <span class='ocrx_word' id='word_1_475' title='bbox 1301 4236 1470 4290; x_wconf 88' lang='lat' dir='ltr'><strong>sancti</strong></span> <span class='ocrx_word' id='word_1_476' title='bbox 1507 4233 1829 4303; x_wconf 75' lang='lat' dir='ltr'><strong>disciplinis,</strong></span> <span class='ocrx_word' id='word_1_477' title='bbox 1863 4232 1914 4285; x_wconf 91' lang='lat' dir='ltr'><strong>id</strong></span> 
     </span>
    </p>
   </div>
   <div class='ocr_carea' id='block_1_60' title="bbox 333 4324 1911 4399">
    <p class='ocr_par' dir='ltr' id='par_1_60' title="bbox 333 4324 1911 4399">
     <span class='ocr_line' id='line_1_60' title="bbox 333 4324 1911 4399; baseline -0.008 -13"><span class='ocrx_word' id='word_1_478' title='bbox 333 4342 438 4398; x_wconf 90' lang='lat' dir='ltr'><strong>est,</strong></span> <span class='ocrx_word' id='word_1_479' title='bbox 467 4331 808 4386; x_wconf 86' lang='lat' dir='ltr'><strong>sermonibus</strong></span> <span class='ocrx_word' id='word_1_480' title='bbox 835 4331 1129 4399; x_wconf 75' lang='lat' dir='ltr'><strong>sapientize,</strong></span> <span class='ocrx_word' id='word_1_481' title='bbox 1160 4328 1505 4395; x_wconf 78' lang='lat' dir='ltr'><strong>scientiaeque</strong></span> <span class='ocrx_word' id='word_1_482' title='bbox 1534 4324 1911 4392; x_wconf 88' lang='lat' dir='ltr'><strong>complebitur,</strong></span> 
     </span>
    </p>
   </div>
   <div class='ocr_carea' id='block_1_61' title="bbox 335 4415 1914 4492">
    <p class='ocr_par' dir='ltr' id='par_1_61' title="bbox 335 4415 1914 4492">
     <span class='ocr_line' id='line_1_61' title="bbox 335 4415 1914 4492; baseline -0.004 -16"><span class='ocrx_word' id='word_1_483' title='bbox 335 4423 389 4477; x_wconf 91' lang='lat' dir='ltr'><strong>in</strong></span> <span class='ocrx_word' id='word_1_484' title='bbox 415 4434 619 4476; x_wconf 87' lang='lat' dir='ltr'><strong>tantum</strong></span> <span class='ocrx_word' id='word_1_485' title='bbox 673 4435 731 4475; x_wconf 86' lang='grc' dir='ltr'><strong>ιιι</strong></span> <span class='ocrx_word' id='word_1_486' title='bbox 771 4424 816 4476; x_wconf 91' lang='lat' dir='ltr'><strong>is</strong></span> <span class='ocrx_word' id='word_1_487' title='bbox 867 4423 958 4492; x_wconf 91' lang='lat' dir='ltr'><strong>qui</strong></span> <span class='ocrx_word' id='word_1_488' title='bbox 1008 4437 1070 4476; x_wconf 89' lang='lat' dir='ltr'><strong>ea</strong></span> <span class='ocrx_word' id='word_1_489' title='bbox 1117 4421 1418 4488; x_wconf 74' lang='lat' dir='ltr'><strong>susceperit</strong></span> <span class='ocrx_word' id='word_1_490' title='bbox 1466 4418 1656 4472; x_wconf 68' lang='lat' dir='ltr'><strong>dit-at:</strong></span> <span class='ocrx_word' id='word_1_491' title='bbox 1702 4435 1720 4468; x_wconf 76' lang='grc' dir='ltr'><strong>ι</strong></span> <span class='ocrx_word' id='word_1_492' title='bbox 1752 4415 1914 4469; x_wconf 78' lang='lat' dir='ltr'><strong>Nobis</strong></span> 
     </span>
    </p>
   </div>
   <div class='ocr_carea' id='block_1_62' title="bbox 2019 1933 3608 2003">
    <p class='ocr_par' dir='ltr' id='par_1_62' title="bbox 2019 1933 3608 2003">
     <span class='ocr_line' id='line_1_62' title="bbox 2019 1933 3608 2003; baseline 0.004 -15"><span class='ocrx_word' id='word_1_493' title='bbox 2019 1933 2283 1988; x_wconf 88' lang='lat' dir='ltr'><strong>bricavit:</strong></span> <span class='ocrx_word' id='word_1_494' title='bbox 2321 1949 2428 2003; x_wconf 89' lang='lat' dir='ltr'><strong>quo</strong></span> <span class='ocrx_word' id='word_1_495' title='bbox 2465 1934 2552 1988; x_wconf 90' lang='lat' dir='ltr'><strong>ille</strong></span> <span class='ocrx_word' id='word_1_496' title='bbox 2595 1948 2725 1989; x_wconf 89' lang='lat' dir='ltr'><strong>usus</strong></span> <span class='ocrx_word' id='word_1_497' title='bbox 2770 1935 2992 2003; x_wconf 88' lang='lat' dir='ltr'><strong>templo,</strong></span> <span class='ocrx_word' id='word_1_498' title='bbox 3023 1936 3139 1990; x_wconf 90' lang='lat' dir='ltr'><strong>sine</strong></span> <span class='ocrx_word' id='word_1_499' title='bbox 3173 1938 3275 1991; x_wconf 90' lang='lat' dir='ltr'><strong>viri</strong></span> <span class='ocrx_word' id='word_1_500' title='bbox 3321 1949 3482 1995; x_wconf 90' lang='lat' dir='ltr'><strong>natus</strong></span> <span class='ocrx_word' id='word_1_501' title='bbox 3523 1950 3608 1995; x_wconf 86' lang='lat' dir='ltr'><strong>est</strong></span> 
     </span>
    </p>
   </div>
   <div class='ocr_carea' id='block_1_63' title="bbox 2019 2029 2247 2081">
    <p class='ocr_par' dir='ltr' id='par_1_63' title="bbox 2019 2029 2247 2081">
     <span class='ocr_line' id='line_1_63' title="bbox 2019 2029 2247 2081; baseline -0.013 0"><span class='ocrx_word' id='word_1_502' title='bbox 2019 2029 2247 2081; x_wconf 87' lang='lat' dir='ltr'><strong>semine.</strong></span> 
     </span>
    </p>
   </div>
   <div class='ocr_carea' id='block_1_64' title="bbox 2089 2115 3595 2186">
    <p class='ocr_par' dir='ltr' id='par_1_64' title="bbox 2089 2115 3595 2186">
     <span class='ocr_line' id='line_1_64' title="bbox 2089 2115 3595 2186; baseline 0.003 -17"><span class='ocrx_word' id='word_1_503' title='bbox 2089 2115 2179 2170; x_wconf 74' lang='lat'><strong>3‘2.</strong></span> <span class='ocrx_word' id='word_1_504' title='bbox 2224 2115 2299 2169; x_wconf 80' lang='lat' dir='ltr'><strong>Ex</strong></span> <span class='ocrx_word' id='word_1_505' title='bbox 2330 2115 2525 2182; x_wconf 89' lang='lat' dir='ltr'><strong>quibus</strong></span> <span class='ocrx_word' id='word_1_506' title='bbox 2556 2116 2864 2170; x_wconf 77' lang='lat' dir='ltr'><strong>ostenditur</strong></span> <span class='ocrx_word' id='word_1_507' title='bbox 2889 2130 3012 2170; x_wconf 90' lang='lat' dir='ltr'><strong>esse</strong></span> <span class='ocrx_word' id='word_1_508' title='bbox 3053 2116 3314 2186; x_wconf 90' lang='lat' dir='ltr'><strong>Spiritum</strong></span> <span class='ocrx_word' id='word_1_509' title='bbox 3345 2129 3595 2174; x_wconf 90' lang='lat' dir='ltr'><strong>sanctum</strong></span> 
     </span>
    </p>
   </div>
   <div class='ocr_carea' id='block_1_65' title="bbox 2020 2203 3605 2273">
    <p class='ocr_par' dir='ltr' id='par_1_65' title="bbox 2020 2203 3605 2273">
     <span class='ocr_line' id='line_1_65' title="bbox 2020 2203 3605 2273; baseline 0.004 -15"><span class='ocrx_word' id='word_1_510' title='bbox 2020 2217 2342 2268; x_wconf 89' lang='lat' dir='ltr'><strong>creatorem,</strong></span> <span class='ocrx_word' id='word_1_511' title='bbox 2376 2215 2436 2257; x_wconf 90' lang='lat' dir='ltr'><strong>ut</strong></span> <span class='ocrx_word' id='word_1_512' title='bbox 2461 2203 2571 2270; x_wconf 88' lang='lat' dir='ltr'><strong>jam</strong></span> <span class='ocrx_word' id='word_1_513' title='bbox 2605 2206 2657 2257; x_wconf 92' lang='lat' dir='ltr'><strong>in</strong></span> <span class='ocrx_word' id='word_1_514' title='bbox 2699 2205 3016 2273; x_wconf 83' lang='lat' dir='ltr'><strong>Dogmatum</strong></span> <span class='ocrx_word' id='word_1_515' title='bbox 3051 2208 3323 2261; x_wconf 88' lang='lat' dir='ltr'><strong>volumine</strong></span> <span class='ocrx_word' id='word_1_516' title='bbox 3365 2209 3605 2264; x_wconf 85' lang='lat' dir='ltr'><strong>breviter</strong></span> 
     </span>
    </p>
   </div>
   <div class='ocr_carea' id='block_1_66' title="bbox 2019 2295 3596 2368">
    <p class='ocr_par' dir='ltr' id='par_1_66' title="bbox 2019 2295 3596 2368">
     <span class='ocr_line' id='line_1_66' title="bbox 2019 2295 3596 2368; baseline 0.005 -20"><span class='ocrx_word' id='word_1_517' title='bbox 2019 2297 2354 2349; x_wconf 86' lang='lat' dir='ltr'><strong>ostendimus</strong></span> <span class='ocrx_word' id='word_1_518' title='bbox 2379 2295 2515 2368; x_wconf 83' lang='grc'><strong>(75).</strong></span> <span class='ocrx_word' id='word_1_519' title='bbox 2545 2296 2607 2349; x_wconf 84' lang='lat' dir='ltr'><strong>Et</strong></span> <span class='ocrx_word' id='word_1_520' title='bbox 2638 2297 2690 2350; x_wconf 91' lang='lat' dir='ltr'><strong>in</strong></span> <span class='ocrx_word' id='word_1_521' title='bbox 2718 2296 2930 2351; x_wconf 87' lang='lat' dir='ltr'><strong>Psalmo</strong></span> <span class='ocrx_word' id='word_1_522' title='bbox 2959 2299 3026 2350; x_wconf 82' lang='lat' dir='ltr'><strong>ad</strong></span> <span class='ocrx_word' id='word_1_523' title='bbox 3059 2297 3338 2352; x_wconf 87' lang='lat' dir='ltr'><strong>Dominum</strong></span> <span class='ocrx_word' id='word_1_524' title='bbox 3366 2299 3596 2356; x_wconf 86' lang='lat' dir='ltr'><strong>dicitur:</strong></span> 
     </span>
    </p>
   </div>
   <div class='ocr_carea' id='block_1_67' title="bbox 2023 2386 3601 2457">
    <p class='ocr_par' dir='ltr' id='par_1_67' title="bbox 2023 2386 3601 2457">
     <span class='ocr_line' id='line_1_67' title="bbox 2023 2386 3601 2457; baseline 0.004 -19"><span class='ocrx_word' id='word_1_525' title='bbox 2023 2405 2044 2438; x_wconf 71' lang='grc' dir='ltr'>ε</span> <span class='ocrx_word' id='word_1_526' title='bbox 2068 2386 2293 2441; x_wconf 77' lang='lat' dir='ltr'><strong>Auferes</strong></span> <span class='ocrx_word' id='word_1_527' title='bbox 2325 2389 2392 2442; x_wconf 88' lang='lat' dir='ltr'><strong>a‘b</strong></span> <span class='ocrx_word' id='word_1_528' title='bbox 2419 2389 2500 2442; x_wconf 91' lang='lat' dir='ltr'><strong>eis</strong></span> <span class='ocrx_word' id='word_1_529' title='bbox 2547 2387 2809 2457; x_wconf 89' lang='lat' dir='ltr'><strong>Spiritum</strong></span> <span class='ocrx_word' id='word_1_530' title='bbox 2855 2396 3026 2454; x_wconf 88' lang='lat' dir='ltr'><strong>tuum,</strong></span> <span class='ocrx_word' id='word_1_531' title='bbox 3057 2397 3111 2443; x_wconf 91' lang='lat' dir='ltr'><strong>et</strong></span> <span class='ocrx_word' id='word_1_532' title='bbox 3142 2389 3417 2456; x_wconf 90' lang='lat' dir='ltr'><strong>deﬁcient,</strong></span> <span class='ocrx_word' id='word_1_533' title='bbox 3450 2400 3506 2445; x_wconf 91' lang='lat' dir='ltr'><strong>et</strong></span> <span class='ocrx_word' id='word_1_534' title='bbox 3548 2391 3601 2446; x_wconf 93' lang='lat' dir='ltr'><strong>in</strong></span> 
     </span>
    </p>
   </div>
   <div class='ocr_carea' id='block_1_68' title="bbox 2019 2479 3598 2551">
    <p class='ocr_par' dir='ltr' id='par_1_68' title="bbox 2019 2479 3598 2551">
     <span class='ocr_line' id='line_1_68' title="bbox 2019 2479 3598 2551; baseline 0.003 -20"><span class='ocrx_word' id='word_1_535' title='bbox 2019 2487 2218 2532; x_wconf 83' lang='lat' dir='ltr'><strong>terram</strong></span> <span class='ocrx_word' id='word_1_536' title='bbox 2264 2493 2416 2533; x_wconf 89' lang='lat' dir='ltr'><strong>suam</strong></span> <span class='ocrx_word' id='word_1_537' title='bbox 2469 2489 2827 2534; x_wconf 84' lang='lat' dir='ltr'><strong>revertentur.</strong></span> <span class='ocrx_word' id='word_1_538' title='bbox 2863 2479 3062 2536; x_wconf 83' lang='lat' dir='ltr'><strong>Emitte</strong></span> <span class='ocrx_word' id='word_1_539' title='bbox 3109 2480 3371 2551; x_wconf 91' lang='lat' dir='ltr'><strong>Spiritum</strong></span> <span class='ocrx_word' id='word_1_540' title='bbox 3422 2491 3598 2546; x_wconf 92' lang='lat' dir='ltr'><strong>tuum,</strong></span> 
     </span>
    </p>
   </div>
   <div class='ocr_carea' id='block_1_69' title="bbox 2018 2571 3604 2633">
    <p class='ocr_par' dir='ltr' id='par_1_69' title="bbox 2018 2571 3604 2633">
     <span class='ocr_line' id='line_1_69' title="bbox 2018 2571 3604 2633; baseline 0.004 -9"><span class='ocrx_word' id='word_1_541' title='bbox 2018 2581 2073 2624; x_wconf 91' lang='lat' dir='ltr'><strong>et</strong></span> <span class='ocrx_word' id='word_1_542' title='bbox 2115 2571 2466 2633; x_wconf 88' lang='lat' dir='ltr'><strong>creabuntur,</strong></span> <span class='ocrx_word' id='word_1_543' title='bbox 2498 2580 2553 2626; x_wconf 85' lang='lat' dir='ltr'><strong>et</strong></span> <span class='ocrx_word' id='word_1_544' title='bbox 2586 2572 2872 2626; x_wconf 88' lang='lat' dir='ltr'><strong>renovabis</strong></span> <span class='ocrx_word' id='word_1_545' title='bbox 2918 2573 3108 2627; x_wconf 81' lang='lat' dir='ltr'><strong>faciem</strong></span> <span class='ocrx_word' id='word_1_546' title='bbox 3153 2583 3308 2628; x_wconf 77' lang='lat' dir='ltr'><strong>terra:</strong></span> <span class='ocrx_word' id='word_1_547' title='bbox 3332 2575 3398 2628; x_wconf 71' lang='grc'><strong>⁵⁸.</strong></span> <span class='ocrx_word' id='word_1_548' title='bbox 3423 2593 3443 2627; x_wconf 72' lang='grc' dir='ltr'><strong>ι</strong></span> <span class='ocrx_word' id='word_1_549' title='bbox 3493 2575 3604 2631; x_wconf 86' lang='lat' dir='ltr'><strong>Nec</strong></span> 
     </span>
    </p>
   </div>
   <div class='ocr_carea' id='block_1_70' title="bbox 2022 2661 3601 2734">
    <p class='ocr_par' dir='ltr' id='par_1_70' title="bbox 2022 2661 3601 2734">
     <span class='ocr_line' id='line_1_70' title="bbox 2022 2661 3601 2734; baseline 0.006 -20"><span class='ocrx_word' id='word_1_550' title='bbox 2022 2662 2221 2715; x_wconf 92' lang='lat' dir='ltr'><strong>mirum</strong></span> <span class='ocrx_word' id='word_1_551' title='bbox 2259 2662 2304 2716; x_wconf 90' lang='lat' dir='ltr'><strong>si</strong></span> <span class='ocrx_word' id='word_1_552' title='bbox 2342 2661 2610 2717; x_wconf 87' lang='lat' dir='ltr'><strong>Dominici</strong></span> <span class='ocrx_word' id='word_1_553' title='bbox 2656 2672 2863 2716; x_wconf 90' lang='lat' dir='ltr'><strong>tantum</strong></span> <span class='ocrx_word' id='word_1_554' title='bbox 2903 2666 3149 2732; x_wconf 88' lang='lat' dir='ltr'><strong>corporis</strong></span> <span class='ocrx_word' id='word_1_555' title='bbox 3191 2665 3427 2734; x_wconf 81' lang='lat' dir='ltr'><strong>Spiritus</strong></span> <span class='ocrx_word' id='word_1_556' title='bbox 3470 2683 3601 2722; x_wconf 85' lang='lat' dir='ltr'><strong>sau-</strong></span> 
     </span>
    </p>
   </div>
   <div class='ocr_carea' id='block_1_71' title="bbox 2019 2754 3604 2825">
    <p class='ocr_par' dir='ltr' id='par_1_71' title="bbox 2019 2754 3604 2825">
     <span class='ocr_line' id='line_1_71' title="bbox 2019 2754 3604 2825; baseline 0.004 -17"><span class='ocrx_word' id='word_1_557' title='bbox 2019 2764 2138 2808; x_wconf 83' lang='lat' dir='ltr'><strong>eius</strong></span> <span class='ocrx_word' id='word_1_558' title='bbox 2156 2754 2403 2808; x_wconf 90' lang='lat' dir='ltr'><strong>conditor</strong></span> <span class='ocrx_word' id='word_1_559' title='bbox 2423 2755 2513 2819; x_wconf 86' lang='lat' dir='ltr'><strong>sit,</strong></span> <span class='ocrx_word' id='word_1_560' title='bbox 2545 2769 2666 2808; x_wconf 92' lang='lat' dir='ltr'><strong>cum</strong></span> <span class='ocrx_word' id='word_1_561' title='bbox 2687 2754 2832 2809; x_wconf 90' lang='lat' dir='ltr'><strong>Patri</strong></span> <span class='ocrx_word' id='word_1_562' title='bbox 2865 2755 3108 2825; x_wconf 90' lang='lat' dir='ltr'><strong>Filioque</strong></span> <span class='ocrx_word' id='word_1_563' title='bbox 3131 2759 3390 2824; x_wconf 80' lang='lat' dir='ltr'><strong>sociatus,</strong></span> <span class='ocrx_word' id='word_1_564' title='bbox 3416 2761 3604 2815; x_wconf 87' lang='lat' dir='ltr'><strong>eadem</strong></span> 
     </span>
    </p>
   </div>
   <div class='ocr_carea' id='block_1_72' title="bbox 2017 2847 3604 2916">
    <p class='ocr_par' dir='ltr' id='par_1_72' title="bbox 2017 2847 3604 2916">
     <span class='ocr_line' id='line_1_72' title="bbox 2017 2847 3604 2916; baseline 0.007 -17"><span class='ocrx_word' id='word_1_565' title='bbox 2017 2856 2280 2914; x_wconf 89' lang='lat' dir='ltr'><strong>potestate</strong></span> <span class='ocrx_word' id='word_1_566' title='bbox 2299 2849 2562 2900; x_wconf 88' lang='lat' dir='ltr'><strong>creaverit</strong></span> <span class='ocrx_word' id='word_1_567' title='bbox 2583 2847 2761 2901; x_wconf 90' lang='lat' dir='ltr'><strong>omnia</strong></span> <span class='ocrx_word' id='word_1_568' title='bbox 2782 2863 2902 2916; x_wconf 64' lang='lat' dir='ltr'><strong>quae</strong></span> <span class='ocrx_word' id='word_1_569' title='bbox 2925 2849 3086 2904; x_wconf 89' lang='lat' dir='ltr'><strong>Pater</strong></span> <span class='ocrx_word' id='word_1_570' title='bbox 3104 2851 3314 2905; x_wconf 91' lang='lat' dir='ltr'><strong>creavit</strong></span> <span class='ocrx_word' id='word_1_571' title='bbox 3335 2862 3386 2906; x_wconf 89' lang='lat' dir='ltr'><strong>et</strong></span> <span class='ocrx_word' id='word_1_572' title='bbox 3416 2852 3604 2910; x_wconf 85' lang='lat' dir='ltr'><strong>Filius.</strong></span> 
     </span>
    </p>
   </div>
   <div class='ocr_carea' id='block_1_73' title="bbox 2022 2936 3599 3008">
    <p class='ocr_par' dir='ltr' id='par_1_73' title="bbox 2022 2936 3599 3008">
     <span class='ocr_line' id='line_1_73' title="bbox 2022 2936 3599 3008; baseline 0.007 -22"><span class='ocrx_word' id='word_1_573' title='bbox 2022 2952 2044 2986; x_wconf 70' lang='grc' dir='ltr'><em>ς</em></span> <span class='ocrx_word' id='word_1_574' title='bbox 2074 2936 2269 2990; x_wconf 82' lang='lat' dir='ltr'><strong>Emitte</strong></span> <span class='ocrx_word' id='word_1_575' title='bbox 2295 2937 2462 3000; x_wconf 91' lang='lat' dir='ltr'><strong>enim,</strong></span> <span class='ocrx_word' id='word_1_576' title='bbox 2484 2956 2502 2990; x_wconf 77' lang='grc' dir='ltr'><strong>ι</strong></span> <span class='ocrx_word' id='word_1_577' title='bbox 2526 2939 2622 3002; x_wconf 90' lang='lat' dir='ltr'><strong>ait,</strong></span> <span class='ocrx_word' id='word_1_578' title='bbox 2645 2958 2664 2990; x_wconf 76' lang='grc' dir='ltr'><strong>ι</strong></span> <span class='ocrx_word' id='word_1_579' title='bbox 2691 2938 2948 3008; x_wconf 84' lang='lat' dir='ltr'><strong>Spiritum</strong></span> <span class='ocrx_word' id='word_1_580' title='bbox 2968 2948 3196 3006; x_wconf 89' lang='lat' dir='ltr'><strong>tumn,et</strong></span> <span class='ocrx_word' id='word_1_581' title='bbox 3217 2943 3599 2998; x_wconf 64' lang='lat' dir='ltr'><strong>creabuutur.»</strong></span> 
     </span>
    </p>
   </div>
   <div class='ocr_carea' id='block_1_74' title="bbox 2020 3027 3607 3101">
    <p class='ocr_par' dir='ltr' id='par_1_74' title="bbox 2020 3027 3607 3101">
     <span class='ocr_line' id='line_1_74' title="bbox 2020 3027 3607 3101; baseline 0.004 -21"><span class='ocrx_word' id='word_1_582' title='bbox 2020 3027 2190 3081; x_wconf 82' lang='lat' dir='ltr'><strong>Porro</strong></span> <span class='ocrx_word' id='word_1_583' title='bbox 2223 3027 2334 3097; x_wconf 90' lang='lat' dir='ltr'><strong>jam</strong></span> <span class='ocrx_word' id='word_1_584' title='bbox 2387 3029 2700 3098; x_wconf 80' lang='lat' dir='ltr'><strong>frequenter</strong></span> <span class='ocrx_word' id='word_1_585' title='bbox 2745 3031 3082 3084; x_wconf 87' lang='lat' dir='ltr'><strong>ostendimus</strong></span> <span class='ocrx_word' id='word_1_586' title='bbox 3132 3032 3370 3100; x_wconf 86' lang='lat' dir='ltr'><strong>ejusdem</strong></span> <span class='ocrx_word' id='word_1_587' title='bbox 3415 3049 3607 3101; x_wconf 78' lang='lat' dir='ltr'><strong>opem-</strong></span> 
     </span>
    </p>
   </div>
   <div class='ocr_carea' id='block_1_75' title="bbox 2025 3119 3607 3190">
    <p class='ocr_par' dir='ltr' id='par_1_75' title="bbox 2025 3119 3607 3190">
     <span class='ocr_line' id='line_1_75' title="bbox 2025 3119 3607 3190; baseline 0.008 -21"><span class='ocrx_word' id='word_1_588' title='bbox 2025 3119 2186 3172; x_wconf 88' lang='lat' dir='ltr'><strong>tionis</strong></span> <span class='ocrx_word' id='word_1_589' title='bbox 2230 3135 2353 3174; x_wconf 80' lang='lat' dir='ltr'><strong>esse</strong></span> <span class='ocrx_word' id='word_1_590' title='bbox 2399 3119 2659 3189; x_wconf 86' lang='lat' dir='ltr'><strong>Spiritum</strong></span> <span class='ocrx_word' id='word_1_591' title='bbox 2705 3130 2986 3186; x_wconf 88' lang='lat' dir='ltr'><strong>sanctum,</strong></span> <span class='ocrx_word' id='word_1_592' title='bbox 3031 3121 3184 3190; x_wconf 82' lang='lat' dir='ltr'><strong>Cujus</strong></span> <span class='ocrx_word' id='word_1_593' title='bbox 3228 3133 3313 3178; x_wconf 89' lang='lat' dir='ltr'><strong>est</strong></span> <span class='ocrx_word' id='word_1_594' title='bbox 3361 3124 3523 3179; x_wconf 87' lang='lat' dir='ltr'><strong>Pater</strong></span> <span class='ocrx_word' id='word_1_595' title='bbox 3551 3136 3607 3182; x_wconf 91' lang='lat' dir='ltr'><strong>et</strong></span> 
     </span>
    </p>
   </div>
   <div class='ocr_carea' id='block_1_76' title="bbox 2023 3210 3606 3281">
    <p class='ocr_par' dir='ltr' id='par_1_76' title="bbox 2023 3210 3606 3281">
     <span class='ocr_line' id='line_1_76' title="bbox 2023 3210 3606 3281; baseline 0.006 -19"><span class='ocrx_word' id='word_1_596' title='bbox 2023 3210 2207 3274; x_wconf 88' lang='lat' dir='ltr'><strong>Filius,</strong></span> <span class='ocrx_word' id='word_1_597' title='bbox 2235 3221 2287 3264; x_wconf 89' lang='lat' dir='ltr'><strong>et</strong></span> <span class='ocrx_word' id='word_1_598' title='bbox 2323 3212 2374 3264; x_wconf 93' lang='lat' dir='ltr'><strong>in</strong></span> <span class='ocrx_word' id='word_1_599' title='bbox 2411 3213 2598 3266; x_wconf 87' lang='lat' dir='ltr'><strong>eadem</strong></span> <span class='ocrx_word' id='word_1_600' title='bbox 2635 3215 2951 3281; x_wconf 82' lang='lat' dir='ltr'><strong>operatione</strong></span> <span class='ocrx_word' id='word_1_601' title='bbox 2985 3232 3144 3268; x_wconf 87' lang='lat' dir='ltr'><strong>unam</strong></span> <span class='ocrx_word' id='word_1_602' title='bbox 3192 3231 3312 3270; x_wconf 89' lang='lat' dir='ltr'><strong>esse</strong></span> <span class='ocrx_word' id='word_1_603' title='bbox 3355 3217 3606 3272; x_wconf 78' lang='lat' dir='ltr'><strong>substan-</strong></span> 
     </span>
    </p>
   </div>
   <div class='ocr_carea' id='block_1_77' title="bbox 2021 3304 3606 3378">
    <p class='ocr_par' dir='ltr' id='par_1_77' title="bbox 2021 3304 3606 3378">
     <span class='ocr_line' id='line_1_77' title="bbox 2021 3304 3606 3378; baseline 0.005 -24"><span class='ocrx_word' id='word_1_604' title='bbox 2021 3304 2146 3356; x_wconf 90' lang='lat' dir='ltr'><strong>tiam</strong></span> <span class='ocrx_word' id='word_1_605' title='bbox 2178 3325 2189 3358; x_wconf 88' lang='lat'>:</span> <span class='ocrx_word' id='word_1_606' title='bbox 2219 3313 2273 3356; x_wconf 90' lang='lat' dir='ltr'><strong>et</strong></span> <span class='ocrx_word' id='word_1_607' title='bbox 2306 3305 2580 3372; x_wconf 87' lang='lat' dir='ltr'><strong>reciproce</strong></span> <span class='ocrx_word' id='word_1_608' title='bbox 2604 3319 2791 3360; x_wconf 90' lang='lat' dir='ltr'><strong>eorum</strong></span> <span class='ocrx_word' id='word_1_609' title='bbox 2822 3323 2942 3375; x_wconf 85' lang='lat' dir='ltr'><strong>quae</strong></span> <span class='ocrx_word' id='word_1_610' title='bbox 2973 3307 3205 3378; x_wconf 81' lang='grc' dir='ltr'><strong>ὀμούσια</strong></span> <span class='ocrx_word' id='word_1_611' title='bbox 3235 3318 3383 3371; x_wconf 90' lang='lat' dir='ltr'><strong>sunt,</strong></span> <span class='ocrx_word' id='word_1_612' title='bbox 3413 3325 3606 3377; x_wconf 80' lang='lat' dir='ltr'><strong>opera-</strong></span> 
     </span>
    </p>
   </div>
   <div class='ocr_carea' id='block_1_78' title="bbox 2021 3394 3600 3464">
    <p class='ocr_par' dir='ltr' id='par_1_78' title="bbox 2021 3394 3600 3464">
     <span class='ocr_line' id='line_1_78' title="bbox 2021 3394 3600 3464; baseline 0.006 -19"><span class='ocrx_word' id='word_1_613' title='bbox 2021 3394 2220 3446; x_wconf 90' lang='lat' dir='ltr'><strong>tionem</strong></span> <span class='ocrx_word' id='word_1_614' title='bbox 2269 3410 2482 3464; x_wconf 89' lang='lat' dir='ltr'><strong>quoque</strong></span> <span class='ocrx_word' id='word_1_615' title='bbox 2533 3413 2636 3449; x_wconf 91' lang='lat' dir='ltr'><strong>non</strong></span> <span class='ocrx_word' id='word_1_616' title='bbox 2685 3412 2806 3452; x_wconf 86' lang='lat' dir='ltr'><strong>esse</strong></span> <span class='ocrx_word' id='word_1_617' title='bbox 2851 3399 3142 3453; x_wconf 80' lang='lat' dir='ltr'><strong>diversam.</strong></span> <span class='ocrx_word' id='word_1_618' title='bbox 3192 3398 3262 3453; x_wconf 90' lang='lat' dir='ltr'><strong>Ut</strong></span> <span class='ocrx_word' id='word_1_619' title='bbox 3311 3410 3491 3453; x_wconf 86' lang='lat' dir='ltr'><strong>autem</strong></span> <span class='ocrx_word' id='word_1_620' title='bbox 3543 3412 3600 3454; x_wconf 90' lang='lat' dir='ltr'><strong>et</strong></span> 
     </span>
    </p>
   </div>
   <div class='ocr_carea' id='block_1_79' title="bbox 2019 3482 3600 3558">
    <p class='ocr_par' dir='ltr' id='par_1_79' title="bbox 2019 3482 3600 3558">
     <span class='ocr_line' id='line_1_79' title="bbox 2019 3482 3600 3558; baseline 0.006 -24"><span class='ocrx_word' id='word_1_621' title='bbox 2019 3482 2161 3535; x_wconf 85' lang='lat' dir='ltr'><strong>aliud</strong></span> <span class='ocrx_word' id='word_1_622' title='bbox 2194 3501 2404 3553; x_wconf 86' lang='lat' dir='ltr'><strong>quoque</strong></span> <span class='ocrx_word' id='word_1_623' title='bbox 2439 3486 2808 3540; x_wconf 87' lang='lat' dir='ltr'><strong>testimonium</strong></span> <span class='ocrx_word' id='word_1_624' title='bbox 2839 3489 2979 3555; x_wconf 91' lang='lat' dir='ltr'><strong>quod</strong></span> <span class='ocrx_word' id='word_1_625' title='bbox 3019 3505 3116 3543; x_wconf 91' lang='lat' dir='ltr'><strong>nos</strong></span> <span class='ocrx_word' id='word_1_626' title='bbox 3146 3491 3317 3558; x_wconf 90' lang='lat' dir='ltr'><strong>possit</strong></span> <span class='ocrx_word' id='word_1_627' title='bbox 3345 3489 3600 3557; x_wconf 78' lang='lat' dir='ltr'><strong>adjuvare</strong></span> 
     </span>
    </p>
   </div>
   <div class='ocr_carea' id='block_1_80' title="bbox 2021 3572 3598 3650">
    <p class='ocr_par' dir='ltr' id='par_1_80' title="bbox 2021 3572 3598 3650">
     <span class='ocr_line' id='line_1_80' title="bbox 2021 3572 3598 3650; baseline 0.008 -26"><span class='ocrx_word' id='word_1_628' title='bbox 2021 3572 2072 3626; x_wconf 91' lang='lat' dir='ltr'><strong>in</strong></span> <span class='ocrx_word' id='word_1_629' title='bbox 2118 3575 2218 3628; x_wconf 89' lang='lat' dir='ltr'><strong>ﬁde</strong></span> <span class='ocrx_word' id='word_1_630' title='bbox 2255 3576 2488 3643; x_wconf 89' lang='lat' dir='ltr'><strong>Spiritus</strong></span> <span class='ocrx_word' id='word_1_631' title='bbox 2536 3579 2709 3631; x_wconf 86' lang='lat' dir='ltr'><strong>sancti</strong></span> <span class='ocrx_word' id='word_1_632' title='bbox 2755 3595 3052 3646; x_wconf 85' lang='lat' dir='ltr'><strong>ponamus,</strong></span> <span class='ocrx_word' id='word_1_633' title='bbox 3104 3581 3156 3635; x_wconf 90' lang='lat' dir='ltr'><strong>in</strong></span> <span class='ocrx_word' id='word_1_634' title='bbox 3204 3580 3494 3650; x_wconf 79' lang='lat' dir='ltr'><strong>Evangelia</strong></span> <span class='ocrx_word' id='word_1_635' title='bbox 3527 3582 3598 3636; x_wconf 87' lang='lat' dir='ltr'><strong>ita</strong></span> 
     </span>
    </p>
   </div>
   <div class='ocr_carea' id='block_1_81' title="bbox 2019 3669 3602 3728">
    <p class='ocr_par' dir='ltr' id='par_1_81' title="bbox 2019 3669 3602 3728">
     <span class='ocr_line' id='line_1_81' title="bbox 2019 3669 3602 3728; baseline 0.004 -9"><span class='ocrx_word' id='word_1_636' title='bbox 2019 3679 2198 3719; x_wconf 89' lang='lat' dir='ltr'><strong>sermo</strong></span> <span class='ocrx_word' id='word_1_637' title='bbox 2233 3669 2578 3721; x_wconf 79' lang='lat' dir='ltr'><strong>contexitur:</strong></span> <span class='ocrx_word' id='word_1_638' title='bbox 2620 3687 2639 3719; x_wconf 84' lang='grc'><strong>‹</strong></span> <span class='ocrx_word' id='word_1_639' title='bbox 2668 3670 2857 3724; x_wconf 87' lang='lat' dir='ltr'><strong>Adhuc</strong></span> <span class='ocrx_word' id='word_1_640' title='bbox 2906 3673 3070 3725; x_wconf 84' lang='lat' dir='ltr'><strong>multa</strong></span> <span class='ocrx_word' id='word_1_641' title='bbox 3114 3673 3284 3727; x_wconf 83' lang='lat' dir='ltr'><strong>habeo</strong></span> <span class='ocrx_word' id='word_1_642' title='bbox 3319 3673 3470 3728; x_wconf 92' lang='lat' dir='ltr'><strong>vobis</strong></span> <span class='ocrx_word' id='word_1_643' title='bbox 3516 3673 3602 3726; x_wconf 89' lang='lat' dir='ltr'><strong>di-</strong></span> 
     </span>
    </p>
   </div>
   <div class='ocr_carea' id='block_1_82' title="bbox 2019 3759 3598 3830">
    <p class='ocr_par' dir='ltr' id='par_1_82' title="bbox 2019 3759 3598 3830">
     <span class='ocr_line' id='line_1_82' title="bbox 2019 3759 3598 3830; baseline 0.004 -19"><span class='ocrx_word' id='word_1_644' title='bbox 2019 3771 2163 3821; x_wconf 89' lang='lat' dir='ltr'><strong>cere,</strong></span> <span class='ocrx_word' id='word_1_645' title='bbox 2196 3759 2288 3811; x_wconf 87' lang='lat' dir='ltr'><strong>sed</strong></span> <span class='ocrx_word' id='word_1_646' title='bbox 2343 3773 2448 3811; x_wconf 91' lang='lat' dir='ltr'><strong>non</strong></span> <span class='ocrx_word' id='word_1_647' title='bbox 2490 3763 2715 3827; x_wconf 85' lang='lat' dir='ltr'><strong>potestis</strong></span> <span class='ocrx_word' id='word_1_648' title='bbox 2748 3777 2809 3814; x_wconf 91' lang='lat' dir='ltr'><strong>ea</strong></span> <span class='ocrx_word' id='word_1_649' title='bbox 2850 3773 3066 3830; x_wconf 88' lang='lat' dir='ltr'><strong>portare</strong></span> <span class='ocrx_word' id='word_1_650' title='bbox 3102 3763 3282 3818; x_wconf 89' lang='lat' dir='ltr'><strong>modo.</strong></span> <span class='ocrx_word' id='word_1_651' title='bbox 3310 3764 3444 3819; x_wconf 89' lang='lat' dir='ltr'><strong>Cum</strong></span> <span class='ocrx_word' id='word_1_652' title='bbox 3495 3781 3598 3818; x_wconf 88' lang='lat' dir='ltr'><strong>au-</strong></span> 
     </span>
    </p>
   </div>
   <div class='ocr_carea' id='block_1_83' title="bbox 2019 3850 3598 3923">
    <p class='ocr_par' dir='ltr' id='par_1_83' title="bbox 2019 3850 3598 3923">
     <span class='ocr_line' id='line_1_83' title="bbox 2019 3850 3598 3923; baseline 0.006 -23"><span class='ocrx_word' id='word_1_653' title='bbox 2019 3855 2125 3901; x_wconf 90' lang='lat' dir='ltr'><strong>tem</strong></span> <span class='ocrx_word' id='word_1_654' title='bbox 2145 3851 2350 3903; x_wconf 90' lang='lat' dir='ltr'><strong>venerit</strong></span> <span class='ocrx_word' id='word_1_655' title='bbox 2385 3850 2472 3903; x_wconf 88' lang='lat' dir='ltr'><strong>ille</strong></span> <span class='ocrx_word' id='word_1_656' title='bbox 2500 3851 2734 3919; x_wconf 87' lang='lat' dir='ltr'><strong>Spiritus</strong></span> <span class='ocrx_word' id='word_1_657' title='bbox 2770 3856 3033 3918; x_wconf 90' lang='lat' dir='ltr'><strong>veritatis,</strong></span> <span class='ocrx_word' id='word_1_658' title='bbox 3061 3856 3252 3923; x_wconf 81' lang='lat' dir='ltr'><strong>diriget</strong></span> <span class='ocrx_word' id='word_1_659' title='bbox 3279 3871 3370 3909; x_wconf 84' lang='lat' dir='ltr'><strong>vos</strong></span> <span class='ocrx_word' id='word_1_660' title='bbox 3392 3856 3446 3909; x_wconf 94' lang='lat' dir='ltr'><strong>in</strong></span> <span class='ocrx_word' id='word_1_661' title='bbox 3479 3871 3598 3910; x_wconf 91' lang='lat' dir='ltr'><strong>om-</strong></span> 
     </span>
    </p>
   </div>
   <div class='ocr_carea' id='block_1_84' title="bbox 2018 3942 3598 4015">
    <p class='ocr_par' dir='ltr' id='par_1_84' title="bbox 2018 3942 3598 4015">
     <span class='ocr_line' id='line_1_84' title="bbox 2018 3942 3598 4015; baseline 0.004 -22"><span class='ocrx_word' id='word_1_662' title='bbox 2018 3955 2140 3994; x_wconf 90' lang='lat' dir='ltr'><strong>nem</strong></span> <span class='ocrx_word' id='word_1_663' title='bbox 2181 3942 2487 3998; x_wconf 88' lang='lat' dir='ltr'><strong>veritatem.</strong></span> <span class='ocrx_word' id='word_1_664' title='bbox 2517 3942 2701 4014; x_wconf 83' lang='lat' dir='ltr'><strong>Neque</strong></span> <span class='ocrx_word' id='word_1_665' title='bbox 2735 3946 2878 3998; x_wconf 92' lang='lat' dir='ltr'><strong>enim</strong></span> <span class='ocrx_word' id='word_1_666' title='bbox 2916 3946 3163 4014; x_wconf 88' lang='lat' dir='ltr'><strong>loquetur</strong></span> <span class='ocrx_word' id='word_1_667' title='bbox 3204 3962 3233 3999; x_wconf 87' lang='lat' dir='ltr'><strong>a</strong></span> <span class='ocrx_word' id='word_1_668' title='bbox 3283 3949 3598 4015; x_wconf 72' lang='lat' dir='ltr'><strong>semetipso,</strong></span> 
     </span>
    </p>
   </div>
   <div class='ocr_carea' id='block_1_85' title="bbox 2018 4034 3599 4107">
    <p class='ocr_par' dir='ltr' id='par_1_85' title="bbox 2018 4034 3599 4107">
     <span class='ocr_line' id='line_1_85' title="bbox 2018 4034 3599 4107; baseline 0.005 -21"><span class='ocrx_word' id='word_1_669' title='bbox 2018 4034 2110 4086; x_wconf 90' lang='lat' dir='ltr'><strong>sed</strong></span> <span class='ocrx_word' id='word_1_670' title='bbox 2157 4048 2494 4102; x_wconf 65' lang='lat' dir='ltr'><strong>quaecunque</strong></span> <span class='ocrx_word' id='word_1_671' title='bbox 2523 4037 2726 4101; x_wconf 86' lang='lat' dir='ltr'><strong>audiet,</strong></span> <span class='ocrx_word' id='word_1_672' title='bbox 2779 4037 3028 4107; x_wconf 81' lang='lat' dir='ltr'><strong>loquetur</strong></span> <span class='ocrx_word' id='word_1_673' title='bbox 3067 4057 3079 4092; x_wconf 91' lang='lat'>:</span> <span class='ocrx_word' id='word_1_674' title='bbox 3117 4048 3171 4092; x_wconf 88' lang='lat' dir='ltr'><strong>et</strong></span> <span class='ocrx_word' id='word_1_675' title='bbox 3222 4055 3341 4107; x_wconf 73' lang='lat' dir='ltr'><strong>quae</strong></span> <span class='ocrx_word' id='word_1_676' title='bbox 3376 4051 3599 4095; x_wconf 87' lang='lat' dir='ltr'><strong>ventura</strong></span> 
     </span>
    </p>
   </div>
   <div class='ocr_carea' id='block_1_86' title="bbox 2017 4127 3602 4204">
    <p class='ocr_par' dir='ltr' id='par_1_86' title="bbox 2017 4127 3602 4204">
     <span class='ocr_line' id='line_1_86' title="bbox 2017 4127 3602 4204; baseline 0.004 -26"><span class='ocrx_word' id='word_1_677' title='bbox 2017 4135 2143 4178; x_wconf 89' lang='lat' dir='ltr'><strong>sunt</strong></span> <span class='ocrx_word' id='word_1_678' title='bbox 2168 4127 2512 4179; x_wconf 85' lang='lat' dir='ltr'><strong>aunuutiabit</strong></span> <span class='ocrx_word' id='word_1_679' title='bbox 2542 4129 2712 4183; x_wconf 88' lang='lat' dir='ltr'><strong>vobis.</strong></span> <span class='ocrx_word' id='word_1_680' title='bbox 2743 4127 2834 4182; x_wconf 89' lang='lat' dir='ltr'><strong>llle</strong></span> <span class='ocrx_word' id='word_1_681' title='bbox 2877 4146 2962 4183; x_wconf 91' lang='lat' dir='ltr'><strong>me</strong></span> <span class='ocrx_word' id='word_1_682' title='bbox 3006 4131 3324 4184; x_wconf 86' lang='lat' dir='ltr'><strong>clariﬁcabit</strong></span> <span class='ocrx_word' id='word_1_683' title='bbox 3357 4131 3452 4204; x_wconf 81' lang='grc' dir='ltr'><strong>[αι.</strong></span> <span class='ocrx_word' id='word_1_684' title='bbox 3483 4133 3602 4197; x_wconf 78' lang='lat' dir='ltr'><strong>glo-</strong></span> 
     </span>
    </p>
   </div>
   <div class='ocr_carea' id='block_1_87' title="bbox 2019 4215 3601 4290">
    <p class='ocr_par' dir='ltr' id='par_1_87' title="bbox 2019 4215 3601 4290">
     <span class='ocr_line' id='line_1_87' title="bbox 2019 4215 3601 4290; baseline 0.006 -22"><span class='ocrx_word' id='word_1_685' title='bbox 2019 4215 2324 4288; x_wconf 82' lang='lat' dir='ltr'><strong>riﬁcabit]:</strong></span> <span class='ocrx_word' id='word_1_686' title='bbox 2379 4219 2504 4286; x_wconf 91' lang='lat' dir='ltr'><strong>quia</strong></span> <span class='ocrx_word' id='word_1_687' title='bbox 2552 4220 2619 4275; x_wconf 89' lang='lat' dir='ltr'><strong>de</strong></span> <span class='ocrx_word' id='word_1_688' title='bbox 2657 4236 2778 4274; x_wconf 92' lang='lat' dir='ltr'><strong>meo</strong></span> <span class='ocrx_word' id='word_1_689' title='bbox 2830 4223 3094 4290; x_wconf 82' lang='lat' dir='ltr'><strong>accipiet,</strong></span> <span class='ocrx_word' id='word_1_690' title='bbox 3147 4232 3202 4275; x_wconf 94' lang='lat' dir='ltr'><strong>et</strong></span> <span class='ocrx_word' id='word_1_691' title='bbox 3253 4224 3601 4277; x_wconf 88' lang='lat' dir='ltr'><strong>annuutiabit</strong></span> 
     </span>
    </p>
   </div>
   <div class='ocr_carea' id='block_1_88' title="bbox 2016 4308 3595 4380">
    <p class='ocr_par' dir='ltr' id='par_1_88' title="bbox 2016 4308 3595 4380">
     <span class='ocr_line' id='line_1_88' title="bbox 2016 4308 3595 4380; baseline 0.004 -20"><span class='ocrx_word' id='word_1_692' title='bbox 2016 4310 2188 4361; x_wconf 87' lang='lat' dir='ltr'><strong>vobis.</strong></span> <span class='ocrx_word' id='word_1_693' title='bbox 2209 4308 2398 4363; x_wconf 90' lang='lat' dir='ltr'><strong>Omnia</strong></span> <span class='ocrx_word' id='word_1_694' title='bbox 2429 4326 2549 4379; x_wconf 71' lang='lat' dir='ltr'><strong>qua:</strong></span> <span class='ocrx_word' id='word_1_695' title='bbox 2587 4311 2746 4365; x_wconf 90' lang='lat' dir='ltr'><strong>habet</strong></span> <span class='ocrx_word' id='word_1_696' title='bbox 2779 4311 2965 4375; x_wconf 89' lang='lat' dir='ltr'><strong>Pater,</strong></span> <span class='ocrx_word' id='word_1_697' title='bbox 2991 4328 3106 4367; x_wconf 91' lang='lat' dir='ltr'><strong>mea</strong></span> <span class='ocrx_word' id='word_1_698' title='bbox 3132 4321 3276 4368; x_wconf 90' lang='lat' dir='ltr'><strong>sunt.</strong></span> <span class='ocrx_word' id='word_1_699' title='bbox 3304 4313 3595 4380; x_wconf 86' lang='lat' dir='ltr'><strong>Propterea</strong></span> 
     </span>
    </p>
   </div>
   <div class='ocr_carea' id='block_1_89' title="bbox 2018 4399 3586 4473">
    <p class='ocr_par' dir='ltr' id='par_1_89' title="bbox 2018 4399 3586 4473">
     <span class='ocr_line' id='line_1_89' title="bbox 2018 4399 3586 4473; baseline 0.005 -21"><span class='ocrx_word' id='word_1_700' title='bbox 2018 4399 2126 4452; x_wconf 78' lang='lat' dir='ltr'><strong>dixi</strong></span> <span class='ocrx_word' id='word_1_701' title='bbox 2167 4401 2318 4454; x_wconf 88' lang='lat' dir='ltr'><strong>vobis</strong></span> <span class='ocrx_word' id='word_1_702' title='bbox 2344 4441 2360 4462; x_wconf 91' lang='lat'><strong>,</strong></span> <span class='ocrx_word' id='word_1_703' title='bbox 2393 4402 2519 4471; x_wconf 88' lang='lat' dir='ltr'><strong>quia</strong></span> <span class='ocrx_word' id='word_1_704' title='bbox 2559 4403 2627 4458; x_wconf 89' lang='lat' dir='ltr'><strong>de</strong></span> <span class='ocrx_word' id='word_1_705' title='bbox 2669 4419 2788 4459; x_wconf 93' lang='lat' dir='ltr'><strong>meo</strong></span> <span class='ocrx_word' id='word_1_706' title='bbox 2843 4406 3100 4473; x_wconf 89' lang='lat' dir='ltr'><strong>accipiet,</strong></span> <span class='ocrx_word' id='word_1_707' title='bbox 3146 4415 3201 4460; x_wconf 92' lang='lat' dir='ltr'><strong>et</strong></span> <span class='ocrx_word' id='word_1_708' title='bbox 3243 4406 3586 4460; x_wconf 89' lang='lat' dir='ltr'><strong>annuntiahit</strong></span> 
     </span>
    </p>
   </div>
   <div class='ocr_carea' id='block_1_90' title="bbox 334 4491 1913 4579">
    <p class='ocr_par' dir='ltr' id='par_1_90' title="bbox 334 4491 1905 4579">
     <span class='ocr_line' id='line_1_90' title="bbox 334 4491 1905 4579; baseline -0.007 -11"><span class='ocrx_word' id='word_1_709' title='bbox 334 4525 512 4569; x_wconf 87' lang='lat' dir='ltr'><strong>autem</strong></span> <span class='ocrx_word' id='word_1_710' title='bbox 562 4514 817 4568; x_wconf 90' lang='lat' dir='ltr'><strong>revelavit</strong></span> <span class='ocrx_word' id='word_1_711' title='bbox 869 4491 1007 4567; x_wconf 88' lang='lat' dir='ltr'><strong>Deus</strong></span> <span class='ocrx_word' id='word_1_712' title='bbox 1050 4527 1146 4578; x_wconf 90' lang='lat' dir='ltr'><strong>per</strong></span> <span class='ocrx_word' id='word_1_713' title='bbox 1195 4512 1452 4579; x_wconf 87' lang='lat' dir='ltr'><strong>Spiritmn</strong></span> <span class='ocrx_word' id='word_1_714' title='bbox 1507 4507 1852 4561; x_wconf 78' lang='lat' dir='ltr'><strong>sanctum&quot;.</strong></span> <span class='ocrx_word' id='word_1_715' title='bbox 1887 4525 1905 4557; x_wconf 77' lang='grc' dir='ltr'><strong>ι</strong></span> 
     </span>
    </p>
   </div>
   <div class='ocr_carea' id='block_1_91' title="bbox 2022 4491 2318 4579">
    <p class='ocr_par' dir='ltr' id='par_1_91' title="bbox 2022 4491 2318 4545">
     <span class='ocr_line' id='line_1_91' title="bbox 2022 4491 2318 4545; baseline 0.007 -3"><span class='ocrx_word' id='word_1_716' title='bbox 2022 4492 2169 4545; x_wconf 88' lang='lat' dir='ltr'><strong>vobis</strong></span> <span class='ocrx_word' id='word_1_717' title='bbox 2204 4491 2269 4543; x_wconf 79' lang='lat'><strong>°°.</strong></span> <span class='ocrx_word' id='word_1_718' title='bbox 2299 4511 2318 4544; x_wconf 80' lang='grc' dir='ltr'><strong>ι</strong></span> 
     </span>
    </p>
   </div>
   <div class='ocr_carea' id='block_1_92' title="bbox 337 4597 1912 4672">
    <p class='ocr_par' dir='ltr' id='par_1_92' title="bbox 337 4597 1912 4672">
     <span class='ocr_line' id='line_1_92' title="bbox 337 4597 1912 4672; baseline -0.006 -12"><span class='ocrx_word' id='word_1_719' title='bbox 337 4607 476 4661; x_wconf 89' lang='lat' dir='ltr'><strong>Deus</strong></span> <span class='ocrx_word' id='word_1_720' title='bbox 510 4617 688 4660; x_wconf 87' lang='lat' dir='ltr'><strong>autem</strong></span> <span class='ocrx_word' id='word_1_721' title='bbox 729 4605 812 4658; x_wconf 92' lang='lat' dir='ltr'><strong>his</strong></span> <span class='ocrx_word' id='word_1_722' title='bbox 845 4604 935 4672; x_wconf 90' lang='lat' dir='ltr'><strong>qui</strong></span> <span class='ocrx_word' id='word_1_723' title='bbox 976 4619 1036 4656; x_wconf 93' lang='lat' dir='ltr'><strong>se</strong></span> <span class='ocrx_word' id='word_1_724' title='bbox 1066 4603 1137 4655; x_wconf 84' lang='lat' dir='ltr'><strong>ita</strong></span> <span class='ocrx_word' id='word_1_725' title='bbox 1175 4602 1618 4671; x_wconf 63' lang='lat' dir='ltr'><strong>praeparaverint,</strong></span> <span class='ocrx_word' id='word_1_726' title='bbox 1652 4597 1912 4665; x_wconf 91' lang='lat' dir='ltr'><strong>Spiritum</strong></span> 
     </span>
    </p>
   </div>
   <div class='ocr_carea' id='block_1_93' title="bbox 336 4691 1912 4767">
    <p class='ocr_par' dir='ltr' id='par_1_93' title="bbox 336 4691 1912 4767">
     <span class='ocr_line' id='line_1_93' title="bbox 336 4691 1912 4767; baseline -0.008 -13"><span class='ocrx_word' id='word_1_727' title='bbox 336 4701 614 4767; x_wconf 65' lang='lat' dir='ltr'><strong>sapientiae</strong></span> <span class='ocrx_word' id='word_1_728' title='bbox 649 4697 1101 4764; x_wconf 79' lang='lat' dir='ltr'><strong>revelationisque</strong></span> <span class='ocrx_word' id='word_1_729' title='bbox 1130 4694 1352 4763; x_wconf 81' lang='lat' dir='ltr'><strong>largitur</strong></span> <span class='ocrx_word' id='word_1_730' title='bbox 1381 4692 1445 4744; x_wconf 88' lang='lat' dir='ltr'><strong>ad</strong></span> <span class='ocrx_word' id='word_1_731' title='bbox 1483 4691 1912 4759; x_wconf 74' lang='lat' dir='ltr'><strong>cognoscendum</strong></span> 
     </span>
    </p>
   </div>
   <div class='ocr_carea' id='block_1_94' title="bbox 338 4779 1913 4860">
    <p class='ocr_par' dir='ltr' id='par_1_94' title="bbox 338 4779 1913 4860">
     <span class='ocr_line' id='line_1_94' title="bbox 338 4779 1913 4860; baseline -0.01 -14"><span class='ocrx_word' id='word_1_732' title='bbox 338 4794 717 4860; x_wconf 87' lang='lat' dir='ltr'><strong>semetipsum;</strong></span> <span class='ocrx_word' id='word_1_733' title='bbox 770 4791 860 4858; x_wconf 90' lang='lat' dir='ltr'><strong>qui</strong></span> <span class='ocrx_word' id='word_1_734' title='bbox 909 4788 1237 4855; x_wconf 76' lang='lat' dir='ltr'><strong>accipientes</strong></span> <span class='ocrx_word' id='word_1_735' title='bbox 1291 4783 1555 4852; x_wconf 88' lang='lat' dir='ltr'><strong>Spiritum</strong></span> <span class='ocrx_word' id='word_1_736' title='bbox 1615 4779 1913 4848; x_wconf 72' lang='lat' dir='ltr'><strong>sapientiae,</strong></span> 
     </span>
    </p>
   </div>
   <div class='ocr_carea' id='block_1_95' title="bbox 341 4875 1912 4949">
    <p class='ocr_par' dir='ltr' id='par_1_95' title="bbox 341 4875 1912 4949">
     <span class='ocr_line' id='line_1_95' title="bbox 341 4875 1912 4949; baseline -0.009 -11"><span class='ocrx_word' id='word_1_737' title='bbox 341 4899 442 4938; x_wconf 86' lang='lat' dir='ltr'><strong>non</strong></span> <span class='ocrx_word' id='word_1_738' title='bbox 475 4885 710 4947; x_wconf 86' lang='lat' dir='ltr'><strong>aliunde,</strong></span> <span class='ocrx_word' id='word_1_739' title='bbox 754 4882 849 4936; x_wconf 87' lang='lat' dir='ltr'><strong>sed</strong></span> <span class='ocrx_word' id='word_1_740' title='bbox 885 4883 949 4934; x_wconf 86' lang='lat' dir='ltr'><strong>ab</strong></span> <span class='ocrx_word' id='word_1_741' title='bbox 985 4882 1099 4949; x_wconf 89' lang='lat' dir='ltr'><strong>ipso</strong></span> <span class='ocrx_word' id='word_1_742' title='bbox 1130 4878 1334 4946; x_wconf 89' lang='lat' dir='ltr'><strong>Spiritu</strong></span> <span class='ocrx_word' id='word_1_743' title='bbox 1373 4887 1560 4930; x_wconf 80' lang='lat' dir='ltr'><strong>sancm</strong></span> <span class='ocrx_word' id='word_1_744' title='bbox 1603 4875 1912 4928; x_wconf 83' lang='lat' dir='ltr'><strong>elliciuntur</strong></span> 
     </span>
    </p>
   </div>
   <div class='ocr_carea' id='block_1_96' title="bbox 337 4966 1916 5044">
    <p class='ocr_par' dir='ltr' id='par_1_96' title="bbox 337 4966 1916 5044">
     <span class='ocr_line' id='line_1_96' title="bbox 337 4966 1916 5044; baseline -0.01 -14"><span class='ocrx_word' id='word_1_745' title='bbox 337 4978 626 5044; x_wconf 83' lang='lat' dir='ltr'><strong>sapientes,</strong></span> <span class='ocrx_word' id='word_1_746' title='bbox 656 4985 708 5028; x_wconf 91' lang='lat' dir='ltr'><strong>et</strong></span> <span class='ocrx_word' id='word_1_747' title='bbox 737 4977 804 5027; x_wconf 91' lang='lat' dir='ltr'><strong>ab</strong></span> <span class='ocrx_word' id='word_1_748' title='bbox 851 4975 968 5042; x_wconf 79' lang='lat' dir='ltr'><strong>ipso</strong></span> <span class='ocrx_word' id='word_1_749' title='bbox 1000 4972 1306 5036; x_wconf 82' lang='lat' dir='ltr'><strong>intelligunt</strong></span> <span class='ocrx_word' id='word_1_750' title='bbox 1337 4968 1644 5028; x_wconf 90' lang='lat' dir='ltr'><strong>Dominum,</strong></span> <span class='ocrx_word' id='word_1_751' title='bbox 1675 4975 1729 5021; x_wconf 91' lang='lat' dir='ltr'><strong>et</strong></span> <span class='ocrx_word' id='word_1_752' title='bbox 1756 4966 1916 5034; x_wconf 90' lang='lat' dir='ltr'><strong>quid-</strong></span> 
     </span>
    </p>
   </div>
   <div class='ocr_carea' id='block_1_97' title="bbox 335 5055 1909 5135">
    <p class='ocr_par' dir='ltr' id='par_1_97' title="bbox 335 5055 1909 5135">
     <span class='ocr_line' id='line_1_97' title="bbox 335 5055 1909 5135; baseline -0.005 -19"><span class='ocrx_word' id='word_1_753' title='bbox 335 5067 460 5135; x_wconf 87' lang='lat' dir='ltr'><strong>quid</strong></span> <span class='ocrx_word' id='word_1_754' title='bbox 495 5065 589 5118; x_wconf 87' lang='lat' dir='ltr'><strong>Dei</strong></span> <span class='ocrx_word' id='word_1_755' title='bbox 638 5073 720 5118; x_wconf 86' lang='lat' dir='ltr'><strong>est</strong></span> <span class='ocrx_word' id='word_1_756' title='bbox 752 5063 1074 5125; x_wconf 88' lang='lat' dir='ltr'><strong>voluntatis,</strong></span> <span class='ocrx_word' id='word_1_757' title='bbox 1119 5072 1174 5114; x_wconf 88' lang='lat' dir='ltr'><strong>et</strong></span> <span class='ocrx_word' id='word_1_758' title='bbox 1217 5060 1465 5113; x_wconf 85' lang='lat' dir='ltr'><strong>eumdem</strong></span> <span class='ocrx_word' id='word_1_759' title='bbox 1516 5059 1691 5126; x_wconf 87' lang='lat' dir='ltr'><strong>ipsum</strong></span> <span class='ocrx_word' id='word_1_760' title='bbox 1735 5055 1909 5124; x_wconf 90' lang='lat' dir='ltr'><strong>Spiri-</strong></span> 
     </span>
    </p>
   </div>
   <div class='ocr_carea' id='block_1_98' title="bbox 336 5149 1908 5223">
    <p class='ocr_par' dir='ltr' id='par_1_98' title="bbox 336 5149 1908 5223">
     <span class='ocr_line' id='line_1_98' title="bbox 336 5149 1908 5223; baseline -0.004 -14"><span class='ocrx_word' id='word_1_761' title='bbox 336 5167 471 5223; x_wconf 86' lang='lat' dir='ltr'><strong>tum,</strong></span> <span class='ocrx_word' id='word_1_762' title='bbox 523 5157 637 5223; x_wconf 89' lang='lat' dir='ltr'><strong>ipso</strong></span> <span class='ocrx_word' id='word_1_763' title='bbox 686 5155 978 5220; x_wconf 88' lang='lat' dir='ltr'><strong>revelante,</strong></span> <span class='ocrx_word' id='word_1_764' title='bbox 1014 5161 1374 5223; x_wconf 81' lang='lat' dir='ltr'><strong>cognoscunt,</strong></span> <span class='ocrx_word' id='word_1_765' title='bbox 1413 5159 1472 5203; x_wconf 91' lang='lat' dir='ltr'><strong>ut</strong></span> <span class='ocrx_word' id='word_1_766' title='bbox 1506 5151 1680 5203; x_wconf 85' lang='lat' dir='ltr'><strong>sciant</strong></span> <span class='ocrx_word' id='word_1_767' title='bbox 1718 5149 1845 5218; x_wconf 86' lang='lat' dir='ltr'><strong>quia</strong></span> <span class='ocrx_word' id='word_1_768' title='bbox 1878 5163 1908 5202; x_wconf 89' lang='lat' dir='ltr'><strong>a</strong></span> 
     </span>
    </p>
   </div>
   <div class='ocr_carea' id='block_1_99' title="bbox 404 5307 1487 5375">
    <p class='ocr_par' dir='ltr' id='par_1_99' title="bbox 404 5307 1487 5375">
     <span class='ocr_line' id='line_1_99' title="bbox 404 5307 1487 5375; baseline -0.002 -13"><span class='ocrx_word' id='word_1_769' title='bbox 404 5313 449 5343; x_wconf 72' lang='grc' dir='ltr'><strong>δ’</strong></span> <span class='ocrx_word' id='word_1_770' title='bbox 497 5309 649 5364; x_wconf 78' lang='lat' dir='ltr'><strong>Rom.</strong></span> <span class='ocrx_word' id='word_1_771' title='bbox 688 5312 905 5375; x_wconf 72' lang='lat' dir='ltr'><strong>vttt,15.</strong></span> <span class='ocrx_word' id='word_1_772' title='bbox 981 5310 1026 5341; x_wconf 83' lang='grc'><strong>⁵³</strong></span> <span class='ocrx_word' id='word_1_773' title='bbox 1065 5308 1205 5362; x_wconf 88' lang='lat' dir='ltr'><strong>Psal.</strong></span> <span class='ocrx_word' id='word_1_774' title='bbox 1250 5324 1372 5371; x_wconf 80' lang='lat' dir='ltr'><strong>Lxx,</strong></span> <span class='ocrx_word' id='word_1_775' title='bbox 1401 5307 1487 5360; x_wconf 78' lang='grc'><strong>17.</strong></span> 
     </span>
    </p>
   </div>
   <div class='ocr_carea' id='block_1_100' title="bbox 332 5376 1738 5445">
    <p class='ocr_par' dir='ltr' id='par_1_100' title="bbox 332 5376 1738 5445">
     <span class='ocr_line' id='line_1_100' title="bbox 332 5376 1738 5445; baseline -0.005 -8"><span class='ocrx_word' id='word_1_776' title='bbox 332 5381 422 5437; x_wconf 72' lang='grc'><strong>35.</strong></span> <span class='ocrx_word' id='word_1_777' title='bbox 489 5383 534 5413; x_wconf 72' lang='grc'><strong>⁵³</strong></span> <span class='ocrx_word' id='word_1_778' title='bbox 571 5381 847 5445; x_wconf 77' lang='lat' dir='ltr'><strong>PsnLCIII,</strong></span> <span class='ocrx_word' id='word_1_779' title='bbox 878 5380 968 5442; x_wconf 73' lang='grc'><strong>29,</strong></span> <span class='ocrx_word' id='word_1_780' title='bbox 997 5382 1085 5436; x_wconf 76' lang='grc'><strong>50.</strong></span> <span class='ocrx_word' id='word_1_781' title='bbox 1160 5379 1205 5409; x_wconf 81' lang='grc'>⁶⁰</span> <span class='ocrx_word' id='word_1_782' title='bbox 1224 5377 1378 5431; x_wconf 83' lang='lat' dir='ltr'><strong>Joan.</strong></span> <span class='ocrx_word' id='word_1_783' title='bbox 1407 5393 1518 5440; x_wconf 73' lang='lat' dir='ltr'><strong>XVI,</strong></span> <span class='ocrx_word' id='word_1_784' title='bbox 1548 5376 1738 5430; x_wconf 69' lang='grc'><strong>12-14.</strong></span> 
     </span>
    </p>
   </div>
   <div class='ocr_carea' id='block_1_101' title="bbox 403 5490 1902 5566">
    <p class='ocr_par' dir='ltr' id='par_1_101' title="bbox 403 5490 1902 5566">
     <span class='ocr_line' id='line_1_101' title="bbox 403 5490 1902 5566; baseline -0.003 -18"><span class='ocrx_word' id='word_1_785' title='bbox 403 5495 516 5566; x_wconf 73' lang='grc'><strong>(72)</strong></span> <span class='ocrx_word' id='word_1_786' title='bbox 557 5493 791 5566; x_wconf 75' lang='lat' dir='ltr'><strong>ltamss.</strong></span> <span class='ocrx_word' id='word_1_787' title='bbox 817 5512 1004 5548; x_wconf 87' lang='lat' dir='ltr'><strong>omnes</strong></span> <span class='ocrx_word' id='word_1_788' title='bbox 1031 5493 1282 5566; x_wconf 54' lang='lat' dir='ltr'><strong>habent}</strong></span> <span class='ocrx_word' id='word_1_789' title='bbox 1314 5491 1540 5551; x_wconf 86' lang='lat' dir='ltr'><strong>unitate,</strong></span> <span class='ocrx_word' id='word_1_790' title='bbox 1565 5508 1583 5540; x_wconf 73' lang='grc' dir='ltr'><strong>ι</strong></span> <span class='ocrx_word' id='word_1_791' title='bbox 1614 5490 1743 5566; x_wconf 82' lang='lat' dir='ltr'><strong>editi</strong></span> <span class='ocrx_word' id='word_1_792' title='bbox 1771 5505 1902 5545; x_wconf 86' lang='lat' dir='ltr'><strong>vero</strong></span> 
     </span>
    </p>
   </div>
   <div class='ocr_carea' id='block_1_102' title="bbox 336 5561 1903 5629">
    <p class='ocr_par' dir='ltr' id='par_1_102' title="bbox 336 5561 1903 5629">
     <span class='ocr_line' id='line_1_102' title="bbox 336 5561 1903 5629; baseline -0.001 -14"><span class='ocrx_word' id='word_1_793' title='bbox 336 5583 354 5615; x_wconf 72' lang='grc' dir='ltr'>ς</span> <span class='ocrx_word' id='word_1_794' title='bbox 385 5561 558 5620; x_wconf 85' lang='lat' dir='ltr'><strong>unice.</strong></span> <span class='ocrx_word' id='word_1_795' title='bbox 585 5584 602 5614; x_wconf 84' lang='grc'><strong>›</strong></span> <span class='ocrx_word' id='word_1_796' title='bbox 631 5565 751 5618; x_wconf 81' lang='lat' dir='ltr'><strong>Mox</strong></span> <span class='ocrx_word' id='word_1_797' title='bbox 781 5566 950 5619; x_wconf 86' lang='lat' dir='ltr'><strong>Vatie.</strong></span> <span class='ocrx_word' id='word_1_798' title='bbox 977 5581 1097 5619; x_wconf 85' lang='lat' dir='ltr'><strong>eum</strong></span> <span class='ocrx_word' id='word_1_799' title='bbox 1127 5562 1368 5624; x_wconf 89' lang='lat' dir='ltr'><strong>Tholos.,</strong></span> <span class='ocrx_word' id='word_1_800' title='bbox 1404 5579 1421 5611; x_wconf 73' lang='grc' dir='ltr'><strong>ι</strong></span> <span class='ocrx_word' id='word_1_801' title='bbox 1447 5576 1544 5629; x_wconf 89' lang='lat' dir='ltr'><strong>per</strong></span> <span class='ocrx_word' id='word_1_802' title='bbox 1564 5561 1903 5628; x_wconf 89' lang='lat' dir='ltr'><strong>adoptionem</strong></span> 
     </span>
    </p>
   </div>
   <div class='ocr_carea' id='block_1_103' title="bbox 337 5637 934 5702">
    <p class='ocr_par' dir='ltr' id='par_1_103' title="bbox 337 5637 934 5702">
     <span class='ocr_line' id='line_1_103' title="bbox 337 5637 934 5702; baseline -0.002 -15"><span class='ocrx_word' id='word_1_803' title='bbox 337 5652 487 5687; x_wconf 89' lang='lat' dir='ltr'><strong>suam</strong></span> <span class='ocrx_word' id='word_1_804' title='bbox 523 5637 744 5702; x_wconf 76' lang='lat' dir='ltr'><strong>faciens,</strong></span> <span class='ocrx_word' id='word_1_805' title='bbox 771 5655 788 5686; x_wconf 73' lang='grc' dir='ltr'><strong>ι</strong></span> <span class='ocrx_word' id='word_1_806' title='bbox 829 5646 934 5687; x_wconf 87' lang='lat' dir='ltr'><strong>etc.</strong></span> 
     </span>
    </p>
   </div>
   <div class='ocr_carea' id='block_1_104' title="bbox 405 5699 1904 5772">
    <p class='ocr_par' dir='ltr' id='par_1_104' title="bbox 405 5699 1904 5772">
     <span class='ocr_line' id='line_1_104' title="bbox 405 5699 1904 5772; baseline -0.001 -15"><span class='ocrx_word' id='word_1_807' title='bbox 405 5704 514 5772; x_wconf 80' lang='lat'><strong>(75)</strong></span> <span class='ocrx_word' id='word_1_808' title='bbox 559 5699 755 5766; x_wconf 24' lang='lat' dir='ltr'><strong>Vatic.’,</strong></span> <span class='ocrx_word' id='word_1_809' title='bbox 794 5722 812 5754; x_wconf 86' lang='grc'><strong><em>‹</em></strong></span> <span class='ocrx_word' id='word_1_810' title='bbox 838 5715 888 5757; x_wconf 89' lang='lat' dir='ltr'><strong>et</strong></span> <span class='ocrx_word' id='word_1_811' title='bbox 933 5705 1157 5756; x_wconf 78' lang='lat' dir='ltr'><strong>virtutes</strong></span> <span class='ocrx_word' id='word_1_812' title='bbox 1209 5700 1480 5769; x_wconf 70' lang='lat' dir='ltr'><strong>aliquas.)</strong></span> <span class='ocrx_word' id='word_1_813' title='bbox 1538 5699 1728 5755; x_wconf 81' lang='lat' dir='ltr'><strong>Postea</strong></span> <span class='ocrx_word' id='word_1_814' title='bbox 1763 5699 1904 5756; x_wconf 75' lang='grc' dir='ltr'><strong>ΤΙιοο</strong></span> 
     </span>
    </p>
   </div>
   <div class='ocr_carea' id='block_1_105' title="bbox 333 5774 1286 5844">
    <p class='ocr_par' dir='ltr' id='par_1_105' title="bbox 333 5774 1286 5844">
     <span class='ocr_line' id='line_1_105' title="bbox 333 5774 1286 5844; baseline -0.003 -17"><span class='ocrx_word' id='word_1_815' title='bbox 333 5774 454 5834; x_wconf 85' lang='lat' dir='ltr'><strong>los.,</strong></span> <span class='ocrx_word' id='word_1_816' title='bbox 494 5791 512 5824; x_wconf 77' lang='grc' dir='ltr'><strong>ι</strong></span> <span class='ocrx_word' id='word_1_817' title='bbox 536 5778 627 5830; x_wconf 89' lang='lat' dir='ltr'><strong>sed</strong></span> <span class='ocrx_word' id='word_1_818' title='bbox 656 5777 810 5844; x_wconf 88' lang='lat' dir='ltr'><strong>quasi</strong></span> <span class='ocrx_word' id='word_1_819' title='bbox 850 5775 964 5841; x_wconf 88' lang='lat' dir='ltr'><strong>ipse</strong></span> <span class='ocrx_word' id='word_1_820' title='bbox 993 5789 1101 5836; x_wconf 82' lang='lat' dir='ltr'><strong>ars,</strong></span> <span class='ocrx_word' id='word_1_821' title='bbox 1130 5791 1148 5821; x_wconf 77' lang='grc' dir='ltr'><strong>ι</strong></span> <span class='ocrx_word' id='word_1_822' title='bbox 1182 5782 1286 5826; x_wconf 86' lang='lat' dir='ltr'><strong>etc.</strong></span> 
     </span>
    </p>
   </div>
   <div class='ocr_carea' id='block_1_106' title="bbox 1565 5304 2021 5374">
    <p class='ocr_par' dir='ltr' id='par_1_106' title="bbox 1565 5304 2021 5374">
     <span class='ocr_line' id='line_1_106' title="bbox 1565 5304 2021 5374; baseline 0.002 -17"><span class='ocrx_word' id='word_1_823' title='bbox 1565 5306 1611 5337; x_wconf 75' lang='lat'><strong>“</strong></span> <span class='ocrx_word' id='word_1_824' title='bbox 1651 5304 1667 5357; x_wconf 94' lang='grc'><strong>1</strong></span> <span class='ocrx_word' id='word_1_825' title='bbox 1702 5304 1824 5360; x_wconf 89' lang='lat' dir='ltr'><strong>Cor.</strong></span> <span class='ocrx_word' id='word_1_826' title='bbox 1854 5321 1915 5374; x_wconf 90' lang='grc' dir='ltr'>ιι,</span> <span class='ocrx_word' id='word_1_827' title='bbox 1939 5307 2021 5361; x_wconf 75' lang='grc'><strong>14.</strong></span> 
     </span>
    </p>
   </div>
   <div class='ocr_carea' id='block_1_107' title="bbox 2085 4603 3603 4661">
    <p class='ocr_par' dir='ltr' id='par_1_107' title="bbox 2085 4603 3603 4661">
     <span class='ocr_line' id='line_1_107' title="bbox 2085 4603 3603 4661; baseline 0.003 -5"><span class='ocrx_word' id='word_1_828' title='bbox 2085 4603 2173 4656; x_wconf 75' lang='lat'><strong>5&#39;5.</strong></span> <span class='ocrx_word' id='word_1_829' title='bbox 2218 4603 2294 4656; x_wconf 83' lang='lat' dir='ltr'><strong>Ex</strong></span> <span class='ocrx_word' id='word_1_830' title='bbox 2342 4604 2425 4658; x_wconf 93' lang='lat' dir='ltr'><strong>his</strong></span> <span class='ocrx_word' id='word_1_831' title='bbox 2470 4603 2611 4656; x_wconf 89' lang='lat' dir='ltr'><strong>enim</strong></span> <span class='ocrx_word' id='word_1_832' title='bbox 2666 4611 3128 4656; x_wconf 87' lang='lat' dir='ltr'><strong>sacramentorum</strong></span> <span class='ocrx_word' id='word_1_833' title='bbox 3178 4603 3355 4657; x_wconf 92' lang='lat' dir='ltr'><strong>verbis</strong></span> <span class='ocrx_word' id='word_1_834' title='bbox 3408 4606 3603 4661; x_wconf 77' lang='lat' dir='ltr'><strong>edoce-</strong></span> 
     </span>
    </p>
   </div>
   <div class='ocr_carea' id='block_1_108' title="bbox 2017 4694 3602 4764">
    <p class='ocr_par' dir='ltr' id='par_1_108' title="bbox 2017 4694 3602 4764">
     <span class='ocr_line' id='line_1_108' title="bbox 2017 4694 3602 4764; baseline 0.004 -16"><span class='ocrx_word' id='word_1_835' title='bbox 2017 4711 2158 4760; x_wconf 90' lang='lat' dir='ltr'><strong>mur,</strong></span> <span class='ocrx_word' id='word_1_836' title='bbox 2185 4697 2328 4764; x_wconf 90' lang='lat' dir='ltr'><strong>quod</strong></span> <span class='ocrx_word' id='word_1_837' title='bbox 2358 4712 2480 4750; x_wconf 92' lang='lat' dir='ltr'><strong>cum</strong></span> <span class='ocrx_word' id='word_1_838' title='bbox 2512 4695 2676 4748; x_wconf 92' lang='lat' dir='ltr'><strong>multa</strong></span> <span class='ocrx_word' id='word_1_839' title='bbox 2715 4694 2988 4748; x_wconf 91' lang='lat' dir='ltr'><strong>docuisset</strong></span> <span class='ocrx_word' id='word_1_840' title='bbox 3035 4695 3328 4764; x_wconf 88' lang='lat' dir='ltr'><strong>discipulos</strong></span> <span class='ocrx_word' id='word_1_841' title='bbox 3358 4712 3483 4751; x_wconf 87' lang='lat' dir='ltr'><strong>suos</strong></span> <span class='ocrx_word' id='word_1_842' title='bbox 3511 4698 3602 4754; x_wconf 83' lang='lat' dir='ltr'><strong>Je-</strong></span> 
     </span>
    </p>
   </div>
   <div class='ocr_carea' id='block_1_109' title="bbox 2013 4783 3595 4852">
    <p class='ocr_par' dir='ltr' id='par_1_109' title="bbox 2013 4783 3595 4852">
     <span class='ocr_line' id='line_1_109' title="bbox 2013 4783 3595 4852; baseline 0.004 -16"><span class='ocrx_word' id='word_1_843' title='bbox 2013 4799 2128 4847; x_wconf 90' lang='lat' dir='ltr'><strong>sus,</strong></span> <span class='ocrx_word' id='word_1_844' title='bbox 2157 4785 2391 4838; x_wconf 80' lang='lat' dir='ltr'><strong>dixerit:</strong></span> <span class='ocrx_word' id='word_1_845' title='bbox 2422 4803 2441 4835; x_wconf 73' lang='grc' dir='ltr'><strong>ι</strong></span> <span class='ocrx_word' id='word_1_846' title='bbox 2472 4785 2659 4838; x_wconf 82' lang='lat' dir='ltr'><strong>Adhuc</strong></span> <span class='ocrx_word' id='word_1_847' title='bbox 2695 4785 2868 4838; x_wconf 87' lang='lat' dir='ltr'><strong>habeo</strong></span> <span class='ocrx_word' id='word_1_848' title='bbox 2903 4783 3130 4851; x_wconf 90' lang='lat' dir='ltr'><strong>plurima</strong></span> <span class='ocrx_word' id='word_1_849' title='bbox 3165 4786 3346 4841; x_wconf 89' lang='lat' dir='ltr'><strong>dicere</strong></span> <span class='ocrx_word' id='word_1_850' title='bbox 3376 4789 3549 4852; x_wconf 87' lang='lat' dir='ltr'><strong>vobis,</strong></span> <span class='ocrx_word' id='word_1_851' title='bbox 3575 4810 3595 4842; x_wconf 72' lang='grc' dir='ltr'><strong>ι</strong></span> 
     </span>
    </p>
   </div>
   <div class='ocr_carea' id='block_1_110' title="bbox 2015 4876 3599 4944">
    <p class='ocr_par' dir='ltr' id='par_1_110' title="bbox 2015 4876 3599 4944">
     <span class='ocr_line' id='line_1_110' title="bbox 2015 4876 3599 4944; baseline 0.006 -18"><span class='ocrx_word' id='word_1_852' title='bbox 2015 4879 2140 4944; x_wconf 91' lang='lat' dir='ltr'><strong>quia</strong></span> <span class='ocrx_word' id='word_1_853' title='bbox 2193 4878 2414 4930; x_wconf 79' lang='lat' dir='ltr'><strong>verbum</strong></span> <span class='ocrx_word' id='word_1_854' title='bbox 2469 4876 2632 4939; x_wconf 90' lang='lat' dir='ltr'><strong>istud,</strong></span> <span class='ocrx_word' id='word_1_855' title='bbox 2690 4895 2709 4926; x_wconf 85' lang='grc'><strong>‹</strong></span> <span class='ocrx_word' id='word_1_856' title='bbox 2746 4877 2922 4929; x_wconf 88' lang='lat' dir='ltr'><strong>adlmc</strong></span> <span class='ocrx_word' id='word_1_857' title='bbox 2970 4876 3134 4930; x_wconf 88' lang='lat' dir='ltr'><strong>nmlta</strong></span> <span class='ocrx_word' id='word_1_858' title='bbox 3191 4877 3364 4932; x_wconf 89' lang='lat' dir='ltr'><strong>habeo</strong></span> <span class='ocrx_word' id='word_1_859' title='bbox 3415 4881 3599 4937; x_wconf 90' lang='lat' dir='ltr'><strong>dicere</strong></span> 
     </span>
    </p>
   </div>
   <div class='ocr_carea' id='block_1_111' title="bbox 2017 4966 3599 5038">
    <p class='ocr_par' dir='ltr' id='par_1_111' title="bbox 2017 4966 3599 5038">
     <span class='ocr_line' id='line_1_111' title="bbox 2017 4966 3599 5038; baseline 0.007 -20"><span class='ocrx_word' id='word_1_860' title='bbox 2017 4967 2242 5030; x_wconf 64' lang='lat' dir='ltr'><strong>vobis,»</strong></span> <span class='ocrx_word' id='word_1_861' title='bbox 2299 4983 2403 5020; x_wconf 91' lang='lat' dir='ltr'><strong>non</strong></span> <span class='ocrx_word' id='word_1_862' title='bbox 2456 4967 2519 5020; x_wconf 90' lang='lat' dir='ltr'><strong>ad</strong></span> <span class='ocrx_word' id='word_1_863' title='bbox 2563 4981 2729 5022; x_wconf 88' lang='lat' dir='ltr'><strong>novos</strong></span> <span class='ocrx_word' id='word_1_864' title='bbox 2773 4966 3077 5036; x_wconf 87' lang='lat' dir='ltr'><strong>quoslibet,</strong></span> <span class='ocrx_word' id='word_1_865' title='bbox 3133 4978 3189 5022; x_wconf 89' lang='lat' dir='ltr'><strong>et</strong></span> <span class='ocrx_word' id='word_1_866' title='bbox 3241 4970 3456 5038; x_wconf 89' lang='lat' dir='ltr'><strong>penitus</strong></span> <span class='ocrx_word' id='word_1_867' title='bbox 3506 4974 3599 5029; x_wconf 83' lang='lat' dir='ltr'><strong>Dei</strong></span> 
     </span>
    </p>
   </div>
   <div class='ocr_carea' id='block_1_112' title="bbox 2017 5057 3600 5130">
    <p class='ocr_par' dir='ltr' id='par_1_112' title="bbox 2017 5057 3600 5130">
     <span class='ocr_line' id='line_1_112' title="bbox 2017 5057 3600 5130; baseline 0.006 -22"><span class='ocrx_word' id='word_1_868' title='bbox 2017 5057 2191 5127; x_wconf 78' lang='lat' dir='ltr'><strong>gratia</strong></span> <span class='ocrx_word' id='word_1_869' title='bbox 2249 5072 2449 5111; x_wconf 81' lang='lat' dir='ltr'><strong>vacuos</strong></span> <span class='ocrx_word' id='word_1_870' title='bbox 2481 5058 2730 5126; x_wconf 85' lang='lat' dir='ltr'><strong>dirigitur</strong></span> <span class='ocrx_word' id='word_1_871' title='bbox 2767 5057 2879 5129; x_wconf 87' lang='lat'><strong>(&#39;76)</strong></span> <span class='ocrx_word' id='word_1_872' title='bbox 2911 5075 2924 5111; x_wconf 91' lang='lat'><strong>:</strong></span> <span class='ocrx_word' id='word_1_873' title='bbox 2957 5059 3050 5113; x_wconf 88' lang='lat' dir='ltr'><strong>sed</strong></span> <span class='ocrx_word' id='word_1_874' title='bbox 3092 5059 3157 5112; x_wconf 88' lang='lat' dir='ltr'><strong>ad</strong></span> <span class='ocrx_word' id='word_1_875' title='bbox 3186 5074 3280 5114; x_wconf 88' lang='lat' dir='ltr'><strong>eos</strong></span> <span class='ocrx_word' id='word_1_876' title='bbox 3312 5063 3400 5130; x_wconf 92' lang='lat' dir='ltr'><strong>qui</strong></span> <span class='ocrx_word' id='word_1_877' title='bbox 3451 5065 3600 5118; x_wconf 84' lang='lat' dir='ltr'><strong>audi-</strong></span> 
     </span>
    </p>
   </div>
   <div class='ocr_carea' id='block_1_113' title="bbox 2019 5147 3595 5225">
    <p class='ocr_par' dir='ltr' id='par_1_113' title="bbox 2019 5147 3595 5225">
     <span class='ocr_line' id='line_1_113' title="bbox 2019 5147 3595 5225; baseline 0.006 -25"><span class='ocrx_word' id='word_1_878' title='bbox 2019 5159 2162 5202; x_wconf 88' lang='lat' dir='ltr'><strong>tores</strong></span> <span class='ocrx_word' id='word_1_879' title='bbox 2202 5149 2488 5204; x_wconf 89' lang='lat' dir='ltr'><strong>verborum</strong></span> <span class='ocrx_word' id='word_1_880' title='bbox 2534 5147 2671 5218; x_wconf 84' lang='lat' dir='ltr'><strong>ejus,</strong></span> <span class='ocrx_word' id='word_1_881' title='bbox 2716 5151 2945 5205; x_wconf 90' lang='lat' dir='ltr'><strong>necdum</strong></span> <span class='ocrx_word' id='word_1_882' title='bbox 2998 5151 3210 5225; x_wconf 65' lang='lat' dir='ltr'><strong>fuerant</strong></span> <span class='ocrx_word' id='word_1_883' title='bbox 3241 5157 3420 5207; x_wconf 90' lang='lat' dir='ltr'><strong>omnia</strong></span> <span class='ocrx_word' id='word_1_884' title='bbox 3463 5171 3595 5209; x_wconf 92' lang='lat' dir='ltr'><strong>cou-</strong></span> 
     </span>
    </p>
   </div>
   <div class='ocr_carea' id='block_1_114' title="bbox 2102 5307 3596 5378">
    <p class='ocr_par' dir='ltr' id='par_1_114' title="bbox 2102 5307 3596 5378">
     <span class='ocr_line' id='line_1_114' title="bbox 2102 5307 3596 5378; baseline 0.004 -18"><span class='ocrx_word' id='word_1_885' title='bbox 2102 5308 2150 5339; x_wconf 81' lang='lat'>&quot;</span> <span class='ocrx_word' id='word_1_886' title='bbox 2193 5307 2322 5363; x_wconf 89' lang='lat' dir='ltr'><strong>ibid.</strong></span> <span class='ocrx_word' id='word_1_887' title='bbox 2348 5307 2434 5361; x_wconf 83' lang='grc'><strong>10.</strong></span> <span class='ocrx_word' id='word_1_888' title='bbox 2510 5308 2557 5340; x_wconf 81' lang='grc'><strong>⁸⁸</strong></span> <span class='ocrx_word' id='word_1_889' title='bbox 2597 5309 2726 5364; x_wconf 88' lang='lat' dir='ltr'><strong>ibid.</strong></span> <span class='ocrx_word' id='word_1_890' title='bbox 2752 5311 2808 5364; x_wconf 72' lang='grc'><strong>4.</strong></span> <span class='ocrx_word' id='word_1_891' title='bbox 2885 5311 2929 5342; x_wconf 83' lang='grc'><strong><em>⁵⁷</em></strong></span> <span class='ocrx_word' id='word_1_892' title='bbox 2965 5313 3082 5366; x_wconf 76' lang='lat' dir='ltr'><strong>Act.</strong></span> <span class='ocrx_word' id='word_1_893' title='bbox 3112 5328 3149 5378; x_wconf 94' lang='lat' dir='ltr'><strong>I,</strong></span> <span class='ocrx_word' id='word_1_894' title='bbox 3181 5314 3237 5367; x_wconf 89' lang='lat'><strong>8.</strong></span> <span class='ocrx_word' id='word_1_895' title='bbox 3313 5313 3359 5344; x_wconf 78' lang='grc'><strong>⁵⁸</strong></span> <span class='ocrx_word' id='word_1_896' title='bbox 3391 5312 3523 5368; x_wconf 89' lang='lat' dir='ltr'><strong>Luc.</strong></span> <span class='ocrx_word' id='word_1_897' title='bbox 3557 5331 3596 5378; x_wconf 95' lang='lat' dir='ltr'><strong>t,</strong></span> 
     </span>
    </p>
   </div>
   <div class='ocr_carea' id='block_1_115' title="bbox 2084 5489 3597 5566">
    <p class='ocr_par' dir='ltr' id='par_1_115' title="bbox 2084 5489 3597 5566">
     <span class='ocr_line' id='line_1_115' title="bbox 2084 5489 3597 5566; baseline 0.007 -24"><span class='ocrx_word' id='word_1_898' title='bbox 2084 5490 2195 5559; x_wconf 63' lang='lat'><strong>(74)</strong></span> <span class='ocrx_word' id='word_1_899' title='bbox 2239 5489 2378 5545; x_wconf 91' lang='lat' dir='ltr'><strong>Idem</strong></span> <span class='ocrx_word' id='word_1_900' title='bbox 2413 5490 2612 5558; x_wconf 88' lang='lat' dir='ltr'><strong>Vattc.,</strong></span> <span class='ocrx_word' id='word_1_901' title='bbox 2647 5511 2666 5545; x_wconf 71' lang='grc' dir='ltr'><strong>ι</strong></span> <span class='ocrx_word' id='word_1_902' title='bbox 2701 5501 2757 5549; x_wconf 87' lang='lat' dir='ltr'><strong>et</strong></span> <span class='ocrx_word' id='word_1_903' title='bbox 2787 5497 3032 5551; x_wconf 83' lang='lat' dir='ltr'><strong>veritatis</strong></span> <span class='ocrx_word' id='word_1_904' title='bbox 3067 5496 3180 5563; x_wconf 79' lang='lat' dir='ltr'><strong>Dei,</strong></span> <span class='ocrx_word' id='word_1_905' title='bbox 3207 5514 3225 5548; x_wconf 75' lang='grc' dir='ltr'><strong>ι</strong></span> <span class='ocrx_word' id='word_1_906' title='bbox 3265 5506 3453 5551; x_wconf 68' lang='grc' dir='ltr'><strong>ιιτωοο</strong></span> <span class='ocrx_word' id='word_1_907' title='bbox 3480 5498 3597 5566; x_wconf 91' lang='lat' dir='ltr'><strong>ipso</strong></span> 
     </span>
    </p>
   </div>
   <div class='ocr_carea' id='block_1_116' title="bbox 2013 5569 2475 5616">
    <p class='ocr_par' dir='ltr' id='par_1_116' title="bbox 2013 5569 2475 5616">
     <span class='ocr_line' id='line_1_116' title="bbox 2013 5569 2475 5616; baseline 0.009 -4"><span class='ocrx_word' id='word_1_908' title='bbox 2013 5569 2161 5614; x_wconf 76' lang='lat' dir='ltr'><strong>textu</strong></span> <span class='ocrx_word' id='word_1_909' title='bbox 2199 5576 2475 5616; x_wconf 79' lang='lat' dir='ltr'><strong>renitente.</strong></span> 
     </span>
    </p>
   </div>
   <div class='ocr_carea' id='block_1_117' title="bbox 2083 5631 3596 5704">
    <p class='ocr_par' dir='ltr' id='par_1_117' title="bbox 2083 5631 3596 5704">
     <span class='ocr_line' id='line_1_117' title="bbox 2083 5631 3596 5704; baseline 0.006 -23"><span class='ocrx_word' id='word_1_910' title='bbox 2083 5631 2196 5704; x_wconf 70' lang='grc'><strong>(75)</strong></span> <span class='ocrx_word' id='word_1_911' title='bbox 2239 5631 2436 5686; x_wconf 82' lang='lat' dir='ltr'><strong>Recole</strong></span> <span class='ocrx_word' id='word_1_912' title='bbox 2475 5648 2594 5700; x_wconf 78' lang='lat' dir='ltr'><strong>qnze</strong></span> <span class='ocrx_word' id='word_1_913' title='bbox 2641 5634 2708 5704; x_wconf 88' lang='lat' dir='ltr'><strong>de</strong></span> <span class='ocrx_word' id='word_1_914' title='bbox 2760 5634 2863 5690; x_wconf 86' lang='lat' dir='ltr'><strong>hoc</strong></span> <span class='ocrx_word' id='word_1_915' title='bbox 2912 5635 3047 5689; x_wconf 91' lang='lat' dir='ltr'><strong>libro</strong></span> <span class='ocrx_word' id='word_1_916' title='bbox 3088 5635 3227 5704; x_wconf 77' lang='grc' dir='ltr'><strong>Περὶ</strong></span> <span class='ocrx_word' id='word_1_917' title='bbox 3277 5635 3596 5704; x_wconf 61' lang='grc' dir='ltr'><strong>Δοκιιάτων</strong></span> 
     </span>
    </p>
   </div>
   <div class='ocr_carea' id='block_1_118' title="bbox 2012 5703 3028 5769">
    <p class='ocr_par' dir='ltr' id='par_1_118' title="bbox 2012 5703 3028 5769">
     <span class='ocr_line' id='line_1_118' title="bbox 2012 5703 3028 5769; baseline 0.003 -14"><span class='ocrx_word' id='word_1_918' title='bbox 2012 5703 2244 5755; x_wconf 76' lang='lat' dir='ltr'><strong>diximus</strong></span> <span class='ocrx_word' id='word_1_919' title='bbox 2271 5719 2430 5769; x_wconf 88' lang='lat' dir='ltr'><strong>supra</strong></span> <span class='ocrx_word' id='word_1_920' title='bbox 2449 5704 2558 5757; x_wconf 91' lang='lat' dir='ltr'><strong>col.</strong></span> <span class='ocrx_word' id='word_1_921' title='bbox 2601 5703 2763 5768; x_wconf 65' lang='grc'><strong>1040,</strong></span> <span class='ocrx_word' id='word_1_922' title='bbox 2796 5717 2908 5759; x_wconf 92' lang='lat' dir='ltr'><strong>not.</strong></span> <span class='ocrx_word' id='word_1_923' title='bbox 2936 5707 3028 5758; x_wconf 75' lang='lat'><strong>2|.</strong></span> 
     </span>
    </p>
   </div>
   <div class='ocr_carea' id='block_1_119' title="bbox 2083 5771 3593 5845">
    <p class='ocr_par' dir='ltr' id='par_1_119' title="bbox 2083 5771 3593 5845">
     <span class='ocr_line' id='line_1_119' title="bbox 2083 5771 3593 5845; baseline 0.006 -24"><span class='ocrx_word' id='word_1_924' title='bbox 2083 5771 2194 5839; x_wconf 73' lang='lat' dir='ltr'><strong>(7o)</strong></span> <span class='ocrx_word' id='word_1_925' title='bbox 2238 5772 2464 5825; x_wconf 78' lang='lat' dir='ltr'><strong>Maxima</strong></span> <span class='ocrx_word' id='word_1_926' title='bbox 2515 5774 2600 5828; x_wconf 92' lang='lat' dir='ltr'><strong>hic</strong></span> <span class='ocrx_word' id='word_1_927' title='bbox 2632 5775 2900 5831; x_wconf 87' lang='lat' dir='ltr'><strong>dissensio</strong></span> <span class='ocrx_word' id='word_1_928' title='bbox 2931 5773 3321 5845; x_wconf 83' lang='lat' dir='ltr'><strong>exemplarium</strong></span> <span class='ocrx_word' id='word_1_929' title='bbox 3355 5783 3457 5830; x_wconf 88' lang='lat' dir='ltr'><strong>est.</strong></span> <span class='ocrx_word' id='word_1_930' title='bbox 3491 5775 3593 5832; x_wconf 78' lang='lat' dir='ltr'><strong>Ve-</strong></span> 
     </span>
    </p>
   </div>
  </div>
