4034 6380
435 314 577 370 1065

1711 315 1948 371 DIDYMI
1988 310 2460 370 ALEXANDRINI

3551 310 3696 364 ιοιιι

433 435 629 487 secuti.
678 433 1028 503 Quaecunque
1079 434 1226 488 enim
1279 435 1528 490 sufﬁcere
1560 446 1850 504 poterant,
1901 449 2010 490 tra-
2048 449 2087 499 Α
2118 451 2182 489 ex
2217 436 2375 488 Patre
2407 442 2463 488 et
2484 447 2570 486 me
2599 439 2716 494 est,
2745 430 2848 484 hoc
2895 431 3040 484 enim
3073 428 3246 498 ipsum
3278 425 3420 496 quod
3448 427 3699 481 subsistit

434 525 566 576 dens
599 524 703 586 eis,
751 524 801 574 in
837 522 1077 576 futurum
1115 534 1328 593 tempus
1363 525 1569 594 reliqua
1603 527 1854 580 distulit:
1889 542 2010 597 qua:

433 616 551 667 sine
588 613 870 682 disciplina
906 611 1144 682 Spiritus
1192 615 1369 668 sancti
1414 616 1555 669 scire
1586 631 1692 668 non
1741 626 2011 685 poterant,

432 703 554 772 quia
595 714 722 758 ante
767 705 1057 756 adventum
1092 703 1384 760 Dominica:
1434 707 1701 774 passionis
1748 723 1853 761 non
1897 716 2015 761 erat

433 794 590 845 datus
619 792 928 846 hominibus
981 790 1217 860 Spiritus
1249 805 1471 848 sanctus
1500 793 1637 864 (77),
1684 796 2013 865 evangelista

431 884 682 938 dicente:
721 901 740 934 ι
771 883 882 936 Non
927 885 1069 937 enim
1101 895 1222 938 erat
1253 886 1504 953 cuiquam
1553 886 1793 953 Spiritus
1829 887 2012 951 datus,

431 977 552 1043 quia
595 973 749 1028 Iesus
780 977 1003 1029 necdum
1038 985 1156 1029 erat
1183 976 1514 1045 glorificatns
1541 978 1607 1028 “.
1635 997 1654 1029 ι
1693 976 2001 1032 Glorilicari

432 1067 614 1120 dicens
645 1063 848 1126 Jesum,
893 1077 1121 1120 mortem
1157 1078 1377 1136 gustare
1412 1084 1510 1138 pro
1555 1070 1785 1123 cunctis.
1823 1067 2009 1138 Itaque

432 1168 549 1226 post
612 1160 1062 1210 resurrectionem
1119 1173 1388 1227 apparens
1439 1160 1721 1229 discipulis
1772 1165 1919 1224 suis,
1959 1169 2015 1215 et

433 1247 709 1302 insulﬂans
757 1249 810 1302 in
865 1247 1056 1301 faciem
1105 1263 1336 1304 eorum:
1394 1267 1413 1300 ι
1446 1249 1755 1318 Accipite,»
1802 1251 2010 1320 inquit,

436 1358 455 1389 ι
488 1340 746 1408 Spiritum
799 1350 1045 1392 sanctum
1081 1341 1158 1405 “;
1193 1359 1211 1392 ι
1249 1351 1304 1393 et
1354 1356 1568 1393 rursum
1611 1358 1625 1394 :
1675 1359 1694 1392 σ
1723 1342 2016 1410 Accipietis

433 1433 682 1484 virtutem
730 1431 965 1500 Spiritus
1016 1432 1186 1484 sancti
1242 1432 1508 1486 venientis
1558 1447 1722 1501 super
1763 1449 1856 1486 vos
1894 1433 2009 1486 ⁸³.»

431 1523 548 1587 Quo
579 1523 829 1575 veniente
871 1522 920 1574 in
957 1524 1119 1576 corda
1169 1521 1527 1585 credentium,
1566 1522 1855 1590 implentur
1893 1537 2011 1577 ser-

434 1616 677 1668 monibus
721 1617 995 1683 sapientiae
1042 1625 1098 1669 et
1147 1615 1428 1678 scientiae,
1470 1625 1525 1670 et
1578 1616 1658 1669 sic
1707 1614 2014 1684 spirituales

432 1704 632 1771 effecti,
661 1707 960 1775 suscipiunt
994 1705 1229 1774 Spiritus
1271 1706 1442 1761 sancti
1483 1706 1849 1774 disciplinam,
1893 1720 2013 1775 quae

433 1797 600 1866 possit
644 1814 737 1851 eos
767 1798 1034 1851 deducere
1070 1799 1122 1850 in
1166 1812 1383 1851 omnem
1429 1797 1734 1852 veritatem.
1769 1795 2009 1851 Necdum
2043 1781 2087 1838 Β

431 1890 571 1942 enim
602 1890 836 1944 instante
863 1889 1013 1960 [Ῑοτι.
1045 1887 1302 1959 instabat]
1343 1889 1474 1943 liora
1509 1888 1561 1941 in
1594 1903 1696 1956 qua
1727 1888 2013 1956 oportebat

431 1997 522 2034 eos
553 1979 755 2049 Spiritu
786 1991 973 2034 sancto
1002 1979 1215 2050 repleri,
1243 1991 1369 2034 tunc
1391 1981 1607 2049 quando
1635 1979 1771 2032 dixit
1797 1978 1861 2032 ad
1887 1993 2005 2044 eos,

437 2092 456 2125 ι
488 2076 677 2129 Adhuc
717 2073 880 2126 multa
933 2073 1102 2127 habeo
1132 2073 1281 2126 vobis
1317 2073 1518 2134 dicere,
1543 2089 1562 2122 ι
1617 2079 2014 2139 consequenter

432 2167 656 2232 addidit,
695 2183 716 2217 ι
747 2167 840 2219 sed
876 2181 982 2220 non
1030 2165 1256 2233 potestis
1283 2179 1345 2217 ea
1381 2171 1602 2229 portare
1650 2161 1827 2216 modo.
1853 2179 1873 2213 ι
1905 2162 2015 2214 Ad-

433 2258 537 2310 huc
581 2257 724 2309 enim
754 2265 884 2326 typo
920 2254 1074 2324 legis,
1099 2264 1156 2309 et
1189 2255 1413 2316 umbraa,
1438 2261 1494 2306 et
1538 2251 1863 2320 imaginibus
1897 2264 2014 2303 ser-

433 2349 657 2411 vientes,
685 2363 788 2400 non
823 2356 1070 2415 poterant
1113 2344 1394 2398 veritatem
1433 2344 1610 2413 (cujus
1643 2342 1889 2396 umbram
1926 2340 2012 2394 lex

433 2438 699 2507 portabat)
742 2438 1026 2507 inspicere,
1061 2435 1203 2490 ttnde
1237 2450 1335 2490 nec
1369 2434 1670 2504 spiritualia
1700 2433 1815 2504 (78)
1847 2433 2012 2487 susti-

434 2545 581 2583 nere.
615 2548 636 2579 ι
662 2529 794 2582 Cum
841 2537 1097 2593 autem,»
1135 2528 1243 2591 ait,
1295 2544 1314 2578 ι
1345 2527 1554 2581 venerit
1592 2525 1699 2591 ille,
1725 2545 1743 2577 ι
1792 2525 1892 2580 hoc
1930 2534 2014 2580 est

437 2639 456 2670 ι
501 2619 808 2688 paracletus
829 2616 1066 2688 Spiritus
1087 2618 1351 2681 veritatis,
1380 2616 1576 2686 diriget
1598 2631 1693 2670 vos
1725 2616 1777 2670 in
1799 2629 2012 2669 omnem

433 2713 736 2776 veritatem,
759 2730 777 2763 ι
809 2726 906 2764 sua
940 2709 1209 2775 doctrina,
1248 2717 1301 2762 et
1337 2708 1676 2762 institutione
1715 2721 1808 2761 vos
1841 2717 2014 2760 trans-

433 2807 612 2859 ferens
641 2820 670 2858 a
711 2813 883 2857 morte
923 2802 1115 2856 litterae
1171 2803 1236 2854 ad
1272 2801 1518 2870 Spiritum
1547 2798 1930 2862 vivificantem,
1960 2799 2012 2852 in

432 2912 540 2964 quo
573 2895 686 2950 solo
733 2893 910 2948 omnis
959 2892 1256 2962 Scriptura:
1300 2892 1502 2946 veritas
1545 2891 1719 2960 posita
1748 2900 1849 2946 est.
1895 2891 2014 2960 lpse

429 3004 558 3058 ergo
589 2986 824 3056 Spiritus
851 2984 1121 3046 veritatis,
1151 2984 1461 3050 ingrediens
1505 2997 1695 3051 puram
1725 2992 1780 3036 et
1810 2981 2015 3049 simpli-

431 3095 548 3134 cem
591 3088 848 3144 mentem,
888 3076 1128 3144 signabit
1161 3075 1213 3128 in
1248 3077 1399 3129 vobis
1429 3074 1714 3128 scientiam
1748 3073 2011 3134 veritatis,

2114 538 2169 581 et
2203 527 2462 596 loquitur,
2499 539 2527 577 a
2557 523 2718 576 Patre
2747 532 2906 576 etme
2929 522 3002 575 illi
3026 529 3128 575 est.
3165 519 3274 588 Ego
3302 520 3581 572 veritatem
3617 517 3701 570 lu-

2116 632 2274 686 quor,
2310 616 2361 669 id
2397 625 2480 669 est
2506 654 2523 677 ,
2562 614 2766 682 inspiro
2805 628 2925 680 qua:
2958 611 3233 680 loquitur;
3271 607 3534 678 siquidem
3576 607 3700 673 Spi—

2117 709 2253 762 ritus
2279 707 2522 760 veritatis
2569 715 2672 760 est.
2709 704 2897 758 Dicere
2923 712 3101 756 autem
3146 713 3201 756 et
3232 702 3377 769 loqui
3423 699 3474 752 in
3513 697 3694 752 Trini-

2118 807 2251 860 tate,
2284 811 2388 850 non
2442 795 2738 849 secundum
2783 792 3230 846 consuetudinem
3279 799 3548 848 nostram,
3589 801 3693 855 qua

2117 890 2184 940 ad
2241 902 2338 940 nos
2391 887 2620 940 invicem
2655 885 3084 939 sermocinamur
3119 893 3174 938 et
3220 882 3512 950 loquimur,
3550 880 3693 939 acci-

2118 983 2390 1048 piendum,
2425 979 2518 1033 sed
2544 977 2695 1046 juxta
2733 976 2961 1030 formam
3007 977 3430 1045 incorporaliutn
3474 985 3695 1026 natura-

2117 1088 2271 1132 rum,
2296 1081 2352 1126 et
2390 1071 2624 1124 maxime
2667 1068 2972 1134 Trinitatis,
3021 1083 3140 1134 qua:
3172 1069 3501 1119 voluntatem
3536 1080 3690 1117 suam

2118 1161 2306 1216 inserit
2334 1161 2385 1214 in
2411 1160 2576 1214 corde
2605 1157 2938 1211 credentium
2975 1155 3113 1226 {79),
3147 1167 3201 1209 et
3229 1171 3418 1209 eorum
3451 1154 3540 1223 qui
3573 1168 3693 1208 eam

2115 1250 2302 1305 audire
2328 1259 2455 1303 sunt
2492 1248 2678 1319 digni:
2723 1249 2824 1302 hoc
2845 1257 2959 1314 est,
2996 1249 3246 1302 dicereet
3269 1245 3432 1315 loqui.

2187 1383 2277 1438 '55.
2321 1380 2431 1435 Nos
2460 1381 2656 1449 quippe
2692 1381 2941 1434 homines
2968 1378 3186 1449 quando
3215 1381 3280 1433 de
3313 1379 3491 1448 aliqua
3524 1393 3583 1432 re
3621 1377 3688 1430 ad

2116 1475 2346 1529 alterum
2395 1473 2686 1540 loquimur,
2728 1472 2961 1540 primum
3008 1470 3150 1538 quod
3195 1468 3471 1532 volumus,
3516 1477 3693 1521 mente

2117 1566 2449 1635 concipimus
2490 1565 2695 1632 absque
2747 1577 2997 1616 sermone
3039 1560 3172 1633 (80).
3221 1559 3346 1614 lude
3391 1560 3442 1612 in
3473 1559 3693 1612 alterius

2115 1675 2330 1715 sensum
2363 1657 2606 1712 volentes
2651 1654 2987 1720 transferre,
3039 1654 3234 1722 lingua:
3267 1667 3523 1722 organmn
3547 1667 3692 1705 com-

2115 1842 2246 1895 tium
2292 1840 2639 1901 collidentes,
2673 1835 2912 1890 vocalem
2977 1849 3166 1888 sonum
3201 1832 3518 1888 emittimus.

2115 1934 2273 1988 modo
2299 1932 2463 2001 igitur
2493 1946 2588 1985 nos
2638 1931 2906 1998 linguam,
2951 1943 3110 1997 quam
3153 1925 3330 1994 palato
3375 1923 3486 1995 (8|)
3515 1924 3655 1976 denti

2115 2026 2320 2092 husque
2350 2012 2686 2086 collidimns,
2720 2030 2776 2074 et
2813 2019 2976 2072 ictum
3020 2031 3200 2070 aerem
3233 2015 3283 2069 in
3315 2016 3524 2067 diversa
3557 2022 3691 2066 tem-

2114 2130 2367 2186 peramus
2407 2113 2643 2183 eloquia,
2695 2122 2751 2164 ut
2783 2109 2941 2164 nobis
2981 2117 3105 2162 nota
3152 2106 3608 2161 communicemus
3639 2105 3691 2155 in

2117 2209 2253 2262 alios
2280 2225 2294 2261 :
2324 2207 2395 2260 ita
2431 2215 2485 2260 et
2515 2206 2814 2258 auditorem
2857 2215 3076 2256 necesse
3109 2209 3190 2252 est
3220 2198 3430 2267 patulas
3456 2197 3694 2266 prathete

2117 2311 2301 2364 aures,
2335 2305 2391 2350 et
2421 2295 2568 2350 nullo
2590 2294 2721 2347 vitio
2751 2302 3076 2353 coarctatas,
3109 2289 3162 2343 in
3199 2304 3263 2343 ea
3299 2302 3420 2358 quae
3443 2287 3697 2340 dicuntur

2115 2391 2356 2459 arrigere
2402 2386 2554 2457 (82),
2588 2397 2646 2439 ut
2681 2386 2847 2454 possit
2873 2385 2943 2438 ita
2980 2384 3122 2436 scire
3155 2397 3273 2450 qua:
3322 2379 3686 2450 proferuntur,

2116 2480 2385 2550 quomodo
2409 2477 2557 2532 novit
2582 2491 2644 2531 ea
2678 2477 2768 2530 ille
2801 2475 2889 2543 qui
2914 2473 3169 2543 loquitur.
3203 2472 3369 2526 Porro
3403 2472 3541 2524 Deus
3562 2471 3693 2523 sitn-

2116 2572 2236 2642 plex
2273 2580 2328 2625 et
2380 2571 2747 2639 incomposita:
2788 2566 3191 2636 spiritualisque
3237 2573 3473 2628 naturai,
3519 2578 3690 2632 neque

2116 2678 2295 2729 aures,
2323 2675 2498 2730 neque
2522 2675 2725 2731 organa
2752 2699 2769 2725 ,
2802 2658 2997 2728 quibus
3026 2673 3130 2710 vox
3168 2655 3451 2720 emittitur,
3498 2653 3654 2708 habet
3678 2670 3692 2717 ;

2115 2755 2210 2809 sed
2234 2752 2471 2808 solitaria
2504 2749 3172 2820 incomprebensibilisque
3191 2749 3496 2802 substantia
3530 2747 3685 2800 nullis

2118 2845 2374 2900 membris
2416 2844 2768 2912 partibusque
2813 2842 3176 2909 componitur.
3225 2841 3355 2906 Qua:
3383 2840 3596 2907 quidem
3630 2839 3694 2892 de

2117 2938 2253 2994 Filio
2291 2948 2345 2993 et
2374 2939 2440 2994 de
2475 2937 2682 3006 Spiritu
2719 2947 2906 2991 sancto
2942 2935 3198 2991 similiter
3221 2935 3554 3005 accipienda.

2190 3074 2281 3129 '56.
2322 3073 2377 3127 Si
2404 3073 2621 3143 quando
2654 3087 2781 3143 ergo
2823 3071 3048 3141 legimus
3076 3072 3126 3124 in
3167 3081 3465 3138 DCI‘IplIIl‘lS
3496 3086 3512 3123 :
3554 3087 3570 3119 ι
3607 3067 3696 3121 Di-

429 3181 485 3226 et
523 3186 737 3239 semper
765 3143 902 3224 nova
930 3143 1206 3224 veteribus
1254 3168 1573 3238 adjungeus,
1611 3165 1807 3236 diriget
1833 3179 1928 3220 vos
1958 3165 2011 3220 in
2045 3143 2090 3204 C
2123 3163 2477 3217 xitDominus
2498 3162 2730 3217 Domino
2758 3178 2877 3216 meo
2900 3160 2945 3191 “
2973 3179 2987 3227 ;
3013 3179 3031 3211 ι
3053 3171 3105 3214 et
3133 3160 3257 3214 alibi
3281 3177 3294 3212 :
3317 3177 3334 3210 ι
3368 3160 3508 3212 Dixit
3537 3157 3694 3216 Deus.

429 3277 646 3317 omnem
677 3261 981 3316 veritatem.

503 3352 596 3406 54.
631 3350 714 3404 Ad
755 3351 922 3405 Deum
966 3363 1181 3420 quoque
1234 3348 1449 3402 Patrem
1498 3347 1714 3418 quidam
1771 3347 2012 3417 allegans

433 3456 639 3511 preces,
673 3441 912 3510 loquitur
959 3459 973 3495 :
1013 3459 1032 3492 ι
1073 3440 1252 3511 Dirige
1289 3455 1372 3494 me
1409 3440 1460 3494 in
1494 3439 1723 3494 veritate
1776 3447 1865 3490 tua
1889 3438 1956 3500 “,
1987 3455 2006 3489 ι

436 3531 540 3585 hoc
586 3540 693 3594 est,
722 3531 772 3583 in
816 3530 1107 3600 Unigenito
1151 3540 1274 3596 tuo,
1310 3532 1526 3601 propria
1570 3544 1704 3584 voce
1738 3537 2011 3584 testante:

439 3638 459 3672 ι
502 3621 612 3692 Ego
642 3635 760 3674 sum
796 3622 994 3675 veritas
1037 3621 1103 3676 “.
1144 3641 1163 3674 ι
1195 3622 1367 3688 Quam
1403 3622 1791 3691 perfectionem
1832 3624 2022 3677 tribuit

441 3712 579 3765 Deus
616 3710 833 3766 mittens
883 3709 1146 3780 Spiritum
1186 3714 1466 3778 veritatis,
1511 3714 1604 3784 qui
1640 3715 1927 3768 credentes
1961 3715 2014 3767 in

440 3813 606 3857 totam
638 3802 836 3872 dirigat
878 3805 1182 3859 veritatem.
1223 3806 1429 3860 Dehinc
1469 3807 1522 3860 in
1561 3807 2020 3875 consequentibus

435 3899 501 3948 de
544 3891 752 3963 Spiritu
792 3895 1062 3961 veritatis,
1096 3897 1192 3966 qui
1243 3913 1274 3952 a
1327 3898 1486 3952 Patre
1541 3900 1807 3966 mittatur,
1856 3907 1912 3952 et
1951 3899 2022 3952 sit

435 3985 780 4050 Paracletus,
827 3985 1080 4041 Salvator
1134 3989 1244 4059 (qui
1301 3999 1357 4044 et
1395 3988 1617 4059 veritas)
1663 3990 1739 4043 ait
1776 4007 1789 4042 :
1845 4006 1866 4041 ι
1907 3987 2023 4043 Non

431 4079 574 4134 enim
608 4078 857 4150 loquetur
888 4098 916 4134 a
956 4084 1284 4151 semetipso:
1313 4101 1330 4133 ι
1357 4082 1457 4137 hoc
1486 4093 1590 4149 est,
1618 4099 1722 4136 non
1759 4083 1880 4137 sine
1915 4097 2020 4144 me,

435 4180 494 4225 et
524 4170 642 4225 sine
681 4187 804 4226 meo
833 4182 889 4227 et
916 4172 1096 4228 Patris
1127 4175 1378 4239 arbitrio,
1419 4176 1544 4244 quia
1582 4174 1957 4243 inseparabilis
1989 4189 2020 4228 a

435 4280 553 4321 "ea
578 4277 632 4320 et
664 4265 840 4321 Patris
867 4279 952 4322 est
978 4269 1276 4336 voluntate,
1321 4271 1446 4340 quia
1476 4285 1580 4324 non
1610 4285 1677 4323 ex
1709 4283 1767 4332 se
1793 4277 1895 4334 est,
1924 4267 2017 4322 sed

502 4361 545 4391 “
579 4359 734 4415 Joan.
764 4375 859 4426 vn,
884 4363 974 4419 39.
1052 4363 1096 4396 ⁸³
1121 4363 1276 4419 .loau.
1303 4381 1396 4429 xx,
1426 4363 1518 4418 22.
1594 4363 1640 4394 ⁵³
1675 4363 1800 4418 Act.
1831 4378 1870 4429 ι,
1901 4363 1956 4416 8.

433 4431 476 4463 ⁸⁷
505 4431 639 4486 Gen.
677 4447 721 4493 I,
758 4429 810 4484 5.

435 4535 518 4575 tus
558 4522 744 4584 editio,
783 4538 801 4570 ι
833 4530 883 4574 et
919 4519 1133 4589 penitus
1178 4518 1270 4574 Dei
1322 4519 1648 4589 sapientiam
1693 4519 2002 4589 nescientes
2035 4520 2077 4574 D

433 4592 646 4659 dirigit;
670 4610 687 4640 ι
727 4589 894 4645 Vatic.
931 4610 948 4640 ι
980 4588 1070 4643 Dei
1118 4588 1435 4658 sapientiam
1472 4591 1784 4659 nescientes
1817 4588 2003 4659 dirigi-

434 4657 592 4723 tur;'i
634 4660 788 4730 lieg.,
832 4679 850 4711 ι
884 4661 976 4713 Dei
1003 4657 1262 4728 sapientia
1293 4663 1565 4729 ignaros,»
1600 4669 1705 4714 etc.
1748 4657 1992 4730 Tliolos.,

437 4747 457 4780 ‹
495 4741 551 4784 et
589 4728 773 4798 plenos
821 4729 914 4784 Dei
966 4731 1228 4797 sapientia
1278 4728 1528 4798 dirigitur
1576 4731 1716 4784 sicut
1784 4728 2006 4798 fuerunt

427 4800 561 4867 justi
591 4795 645 4852 et
678 4799 980 4867 prophetae,
1029 4795 1122 4854 sed
1174 4801 1240 4854 ad
1290 4795 1410 4863 eos,
1438 4801 1526 4867 qtti
1565 4801 1852 4867 verborum
1890 4795 2007 4862 ejus

431 4863 701 4923 auditores
730 4863 954 4922 necdum
988 4867 1218 4934 fuerant,
1243 4888 1262 4922 ι
1293 4879 1403 4925 etc.
1433 4863 1567 4922 Tum
1598 4870 1772 4922 denuo
1803 4863 2001 4929 Vatic.,

437 4957 457 4989 ο
487 4940 711 4992 necdum
733 4937 954 5008 fuerant
978 4940 1156 4991 omnia
1193 4941 1490 5001 consecuti,
1521 4954 1641 5008 qua:
1685 4947 1875 5007 postea
1907 4952 2004 5004 pro

435 5008 652 5062 nomine
694 5006 1063 5078 ejussull'erre
1095 5017 1364 5076 poterant,
1414 5011 1508 5064 sed
1540 5006 1717 5078 aliqua
1751 5023 1818 5062 ex
1853 5016 2008 5078 parte

435 5081 654 5132 tradens
681 5079 761 5130 eis
792 5076 903 5142 illa,
941 5093 1061 5146 quae
1090 5075 1289 5146 majora
1332 5089 1489 5134 erant
1516 5079 1567 5131 in
1593 5075 1866 5146 pusterum
1903 5075 2008 5128 dif-

434 5150 633 5209 ferens,
666 5148 1048 5200 commendans
1073 5157 1126 5200 et
1157 5149 1267 5212 illa,
1296 5163 1414 5217 quae
1446 5151 1496 5201 in
1527 5147 1763 5201 futurum
1794 5156 2004 5213 tempus

435 5220 552 5273 ideo
597 5217 833 5282 distulit,
878 5227 938 5269 nt
975 5218 1180 5284 reliqua
1227 5219 1506 5287 disciplina
1561 5217 1792 5285 Spiritus
1833 5217 2004 5270 sancti

433 5290 536 5353 sui,
563 5302 748 5356 quae...
790 5302 894 5339 non
931 5298 1182 5356 poterant
1213 5289 1258 5342 si
1303 5290 1552 5356 primitus
1597 5293 1646 5341 in
1685 5296 1868 5341 nostro
1912 5300 2006 5338 ea-

434 5359 540 5427 pite
582 5356 950 5427 magisterium
978 5368 1033 5409 et
1065 5357 1236 5410 forma
1269 5361 1445 5412 crucis
1479 5359 1699 5426 periret.
1731 5358 2002 5427 Quaacun-

433 5424 537 5487 que
583 5428 726 5480 enim
792 5424 1016 5479 sull'erre
1069 5437 1382 5496 poterant,»
1432 5424 1538 5481 etc.
1579 5427 1776 5482 Eadem
1835 5425 2006 5479 ferme

434 5496 768 5550 'l‘bolosauus
793 5498 1074 5564 praeponit,
1099 5507 1414 5566 tantumque
1439 5498 1636 5550 rectius
1668 5498 1867 5566 legit,_t
1900 5496 2002 5550 nisi

435 5568 680 5635 primitus
728 5563 804 5619 in,
834 5577 1018 5620 nostro
1069 5568 1248 5634 capite
1305 5563 1671 5635 magisterium
1723 5563 1778 5618 et
1827 5563 2001 5617 forma

434 5637 610 5689 crucis
657 5636 951 5705 praeiret“
1003 5639 1129 5705 quia
1182 5646 1305 5689 ante
1367 5639 1656 5688 adventum
1719 5635 2008 5688 Dominij

436 5704 719 5829 passgpis,
745 5724 764 5758 ι
799 5713 930 5771 etc.,
961 5704 1035 5760 ex’
1060 5705 1257 5776 quibus
1304 5706 1425 5761 boni
1474 5705 1675 5774 aliquid
1711 5705 1880 5760 lector
1912 5720 2008 5758 ex-

438 5785 530 5828 tun
629 5809 645 5827 .

438 5782 645 5828 tundat.

2033 4360 2078 4392 °"
2102 4359 2248 4415 Psal.
2313 4372 2463 4422 xxrv,
2514 4356 2567 4412 5.

2118 3255 2242 3310 Fiat
2271 3254 2357 3308 lux
2386 3254 2452 3319 ⁸⁷,
2491 3273 2510 3308 ι
2535 3264 2589 3309 et
2614 3255 2658 3310 si
2684 3270 2786 3324 qua
2823 3254 2908 3307 his
2939 3253 3156 3316 similia,
3205 3252 3363 3312 digne
3391 3250 3485 3321 (al.
3519 3249 3694 3318 digna)

2118 3350 2227 3403 Deo
2255 3349 2502 3417 accipere
2547 3346 2825 3401 debemus.
2858 3344 3044 3415 Neque
3069 3347 3214 3400 enim
3252 3345 3528 3412 ignorante
3564 3342 3695 3396 Filio

2118 3441 2229 3510 (qui
2252 3439 2512 3509 sapientia
2533 3446 2590 3492 et
2619 3437 2820 3490 veritas
2845 3437 2949 3509 est)
2986 3437 3145 3492 Pater
3175 3452 3325 3492 suam
3352 3437 3563 3489 nuntiat
3595 3450 3689 3487 vo-

2122 3533 2403 3595 luntatein,
2436 3545 2556 3584 cum
2592 3543 2753 3582 omne
2786 3530 2930 3596 quod
2975 3528 3232 3596 loquitur,
3263 3527 3477 3597 sapiens
3517 3542 3693 3580 verus-

2121 3635 2224 3690 que
2253 3621 2576 3682 subsistens,
2611 3619 2664 3673 in
2704 3622 2969 3688 sapientia
3003 3622 3200 3675 habeat
3253 3628 3308 3674 et
3365 3621 3417 3672 in
3449 3621 3685 3672 substan-

2122 3715 2192 3768 tia
2225 3713 2358 3784 (85).
2395 3711 2564 3781 Loqui
2607 3728 2736 3782 ergo
2783 3712 3029 3778 Patrem,
3059 3725 3112 3768 et
3141 3713 3326 3768 audire
3364 3711 3554 3765 Filium
3575 3751 3591 3776 ,
3613 3711 3694 3764 vel

2121 3820 2153 3860 e
2186 3805 2481 3864 contrario,
2509 3803 2940 3873 Filioloqnente,
2976 3805 3162 3858 audire
3195 3802 3430 3864 Patrem,
3459 3801 3693 3866 ejusdem

2115 3895 2330 3954 natura:
2361 3899 2414 3952 in
2452 3897 2612 3952 Patre
2653 3908 2708 3951 et
2752 3897 2890 3952 Filio
2933 3912 3337 3966 consensusque
3371 3894 3692 3964 significatio

2122 3999 2225 4044 est.
2258 3988 2493 4057 Spiritus
2521 4002 2737 4056 quoque
2769 3998 2988 4042 sanctus
3009 4027 3024 4052 ,
3060 3987 3149 4057 qui
3185 3998 3266 4042 est
3297 3987 3517 4054 spiritus
3555 3985 3678 4037 veri-

2124 4081 2274 4146 tatis,
2322 4079 2655 4148 Spiritusque
2709 4079 3008 4147 sapientiae,
3060 4093 3166 4131 non
3222 4085 3399 4145 potest
3446 4075 3581 4129 Filio
3615 4074 3691 4127 lo-

2120 4181 2318 4242 quente
2343 4171 2530 4224 audire
2563 4185 2683 4240 quae
2725 4171 2933 4235 nescit,
2959 4184 3079 4224 cum
3116 4169 3218 4224 hoc
3249 4169 3418 4237 ipsum
3446 4167 3515 4220 sit
3553 4165 3692 4235 quod

2120 4265 2394 4334 profertur
2420 4279 2447 4316 a
2474 4261 2613 4317 Filio
2641 4303 2656 4329 ,
2684 4263 2736 4316 id
2769 4272 2852 4316 est
2873 4302 2888 4326 ,
2917 4261 3214 4331 procedens
3241 4275 3270 4312 a
3293 4261 3532 4323 veritate,
3561 4274 3684 4311 con-

2647 4355 2690 4387 ⁸⁵
2728 4354 2886 4410 Joan.
2915 4371 3028 4422 xw,
3079 4355 3132 4409 (i.
3211 4357 3255 4389 ⁸⁸
3287 4354 3428 4410 Psal.
3478 4369 3588 4416 crx,
3636 4354 3692 4407 2-

2179 4514 2292 4588 (77)
2335 4515 2581 4588 Tholos.,
2611 4535 2633 4588 ν(
2667 4515 2924 4588 Nondum
2947 4525 3065 4569 erat
3092 4514 3326 4588 Spiritus
3356 4515 3538 4588 datus,
3566 4529 3691 4582 qnua

2105 4584 2282 4642 Jesus'
2309 4587 2542 4640 nondum
2593 4587 2771 4640 fuerat
2797 4586 3144 4653 glorilicatus.
3182 4607 3199 4635 ι
3228 4587 3365 4650 Quid
3400 4595 3480 4638 est
3508 4584 3689 4638 Jesnm

2107 4658 2338 4710 nondum
2359 4656 2771 4711 honorificatum
2791 4656 2813 4708 ‘2
2835 4655 3169 4710 «Glorilicari
3201 4658 3405 4718 dicens,
3429 4673 3446 4702 ι
3479 4665 3584 4708 etc.

2179 4726 2292 4798 (78)
2346 4727 2488 4798 Erat
2528 4745 2547 4778 ι
2591 4743 2655 4780 ne
2709 4726 3072 4794 spiritualian
3119 4726 3282 4780 Vetus
3328 4728 3493 4787 edit.,
3541 4741 3560 4775 ι
3594 4738 3692 4778 nec

2107 4795 2356 4866 denique.
2389 4815 2408 4849 ι
2450 4795 2594 4861 Vat.,
2631 4814 2649 4846 ι
2683 4810 2875 4864 neque.
2904 4814 2922 4846 ι

2179 4865 2292 4938 (79)
2333 4865 2563 4936 Legerat
2600 4866 2729 4920 olim
2775 4866 3158 4938 Gratianum}
3201 4865 3394 4935 ingerit
3434 4880 3485 4938 in
3528 4865 3690 4917 corda

2107 4935 2484 5002 credentium,
2517 4947 2573 4991 et
2612 4951 2800 4991 eorum
2831 4937 3086 4990 cordibus
3109 4937 3294 4992 inserit
3318 4975 3332 4999 ,
3371 4935 3458 5000 qui
3485 4948 3627 4995 eam,
3667 4952 3686 4986 ι

2109 5019 2216 5131 fle.
2241 5005 2369 5089 ilex
2403 5005 2650 5072 Tholos.,
2686 5023 2706 5058 ι
2742 5005 2945 5070 dicere,
2986 5008 3151 5072 scire,
3185 5017 3242 5060 et
3281 5004 3602 5073 intelligere,
3639 5013 3692 5058 et

2130 5093 2277 5131 00111.
2321 5096 2340 5128 ι

2130 5093 2277 5132 00111.
2321 5096 2340 5128 1

2321 5096 2502 5201 ιγριιιε
2524 5147 2680 5212 edit.,
2713 5165 2732 5200 ι
2767 5155 2951 5203 mente
2973 5144 3329 5213 concipimus,
3350 5154 3404 5200 et
3427 5145 3549 5214 quia
3584 5161 3686 5198 non

2109 5219 2353 5271 valemus
2383 5217 2587 5285 absque
2611 5233 2862 5272 sermone
2903 5219 2955 5271 in
3001 5215 3229 5268 alterum
3259 5231 3476 5269 sensum
3509 5226 3690 5285 trans-

2113 5287 2280 5353 ferre,
2318 5284 2512 5356 linguae
2543 5301 2800 5355 organum
2832 5299 3256 5340 commovemns.
3291 5304 3310 5337 ι
3352 5286 3553 5339 Exinde
3585 5284 3688 5338 Re-

2110 5357 2248 5425 ginae
2296 5357 2450 5416 liber.
2507 5375 2526 5406 ι
2589 5369 2644 5410 et
2686 5359 2876 5411 dentes
2918 5356 3070 5424 quasi
3102 5357 3374 5424 quoddam
3421 5357 3688 5425 plectrum

2119 5427 2289 5482 :ordis
2329 5427 2667 5488 collidentes,
2713 5446 2731 5478 ι
2774 5435 2884 5480 etc.

2181 5495 2292 5567 (8|)
2335 5496 2471 5548 Editi
2501 5497 2763 5564 plerique,
2793 5497 3057 5566 «linguam
3087 5509 3249 5566 quam
3276 5493 3474 5563 palato,
3499 5512 3518 5546 ι
3547 5504 3678 5547 etc.:

2110 5569 2463 5619 entendamus
2490 5582 2517 5617 ει
2555 5569 2791 5628 scriptis.

2182 5636 2294 5705 (3‘2)
2331 5636 2611 5688 Assentior
2642 5636 2883 5698 B.trtlii0,
2911 5635 3002 5704 qui
3043 5655 3062 5686 ί
3115 5636 3354 5704 arrigere
3381 5653 3400 5686 ι
3439 5635 3684 5704 scripsit,

2111 5721 2208 5776 pro
2243 5725 2260 5776 ι
2293 5707 2520 5776 erigere,
2562 5723 2580 5755 ι
2613 5710 2753 5774 quod
2787 5711 3045 5760 hactenus
3075 5707 3403 5776 obtinuerat.

2185 5775 2296 5846 (83)
2336 5773 2474 5828 Olim
2497 5773 2639 5839 erat,
2667 5793 2684 5826 ι
2722 5786 2775 5832 et
2827 5777 2879 5830 in
2917 5777 3144 5831 veritate
3190 5775 3568 5830 substantiam.
3609 5791 3628 5824 ι
