4034 6398
375 365 515 420 1065

1487 355 1689 410 LIBER
1727 355 1813 411 DE
1856 350 2126 413 SPIBI'I‘U
2170 347 2457 405 SANCTO.

3472 346 3608 404 1066

375 477 577 531 solator
609 486 830 528 manans
868 470 934 527 de
976 469 1318 526 consolatore
1349 468 1482 541 (84),
1522 473 1660 525 Deus
1692 472 1757 525 de
1802 472 1940 535 Deo,
1971 476 2020 532 Α
2044 468 2185 537 quod
2212 471 2369 522 datur
2390 466 2435 519 ei
2462 478 2490 517 a
2515 462 2670 519 Filio.
2691 461 2981 530 Propterea
3005 469 3181 515 autem
3210 461 3308 515 ista
3332 461 3604 526 dicuntur,

376 566 608 638 Spiritus
631 564 881 619 veritatis
917 564 1230 631 procedens.
1271 561 1513 630 Denique
1550 578 1617 615 ne
1643 564 1762 630 quis
1790 563 1938 615 illum

373 673 402 710 a
437 655 613 710 Patris
639 663 695 709 et
722 652 845 707 Filii
886 651 1158 706 voluntate
1198 657 1253 705 et
1280 652 1538 705 societate
1567 651 1896 704 discerneret
1924 690 1940 715 ,

371 749 630 818 scriptum
654 755 737 801 est
763 763 776 798 :
818 762 837 796 t
867 744 982 799 Non
1013 745 1156 798 enim
1180 758 1211 797 a
1239 743 1530 813 semetipso
1555 741 1824 811 loquetur,
1848 743 1941 797 sed

370 838 511 892 sicut
538 830 719 890 audiet
763 832 1033 901 loquetur.
1068 851 1087 883 ι
1121 830 1222 886 Cui
1252 832 1412 888 etiam
1456 831 1733 886 simile‘de
1766 832 1943 899 seipso

372 928 620 983 Salvator
644 926 719 980 ait
746 942 763 980 ε
800 942 820 976 ‹
851 924 1001 980 Sicut
1020 925 1196 988 audio,
1227 932 1280 978 et
1306 924 1491 993 judico
1522 924 1598 985 ⁶⁸ς
1632 941 1650 974 ι
1688 934 1742 977 et
1769 922 1891 977 alibi
1926 944 1939 977 :

375 1039 395 1072 t
424 1018 538 1074 Non
563 1026 737 1087 potest
771 1016 943 1072 Filius
972 1031 1000 1069 a
1031 1030 1089 1070 se
1116 1016 1227 1086 (85)
1260 1015 1438 1069 facere
1471 1016 1764 1085 quidquam
1790 1053 1805 1078 ,
1841 1015 1943 1067 nisi

370 1110 511 1182 quod
538 1109 731 1163 viderit
753 1108 967 1163 Patrem
1000 1107 1286 1162 facientem
1302 1107 1371 1160 ⁸³.
1393 1126 1411 1158 t
1441 1104 1498 1160 Si
1519 1106 1660 1160 enim
1689 1121 1827 1160 unus
1859 1113 1945 1159 est

372 1202 517 1258 Patri
556 1200 762 1264 Filius,
798 1215 901 1254 non
928 1197 1083 1267 juxta
1131 1198 1351 1254 Sabellii
1391 1200 1591 1252 dictum
1641 1198 1856 1252 Patrem
1889 1209 1945 1253 et

374 1294 566 1348 Filium
604 1291 1016 1356 confundentis,
1049 1294 1142 1346 sed
1176 1290 1327 1359 juxta
1375 1290 1813 1345 indiscretionem
1861 1305 1945 1346 es-

372 1384 577 1449 sentite,
604 1383 721 1437 sive
741 1382 1073 1447 substantiae,
1100 1398 1204 1436 non
1230 1391 1406 1451 potest
1429 1382 1718 1451 quidquam
1744 1382 1945 1451 absque

376 1474 533 1529 Patre
572 1473 767 1539 facere,
792 1473 917 1542 quia
953 1481 1324 1541 separatorum
1362 1472 1576 1526 diversa
1598 1481 1725 1525 sunt
1756 1485 1944 1541 opera,

372 1566 467 1621 sed
500 1565 686 1620 videns
709 1575 1023 1633 operantem
1046 1564 1284 1632 Patrem,
1312 1573 1367 1620 et
1390 1565 1504 1633 ipse
1533 1572 1808 1633 operatur,
1840 1578 1943 1617 non

371 1658 607 1712 secundo
639 1657 837 1726 gradu,
868 1665 921 1710 et
957 1665 1077 1723 post
1125 1656 1272 1709 illum
1312 1670 1560 1724 operans.
1592 1654 1713 1708 Alia
1750 1654 1946 1723 quippe

372 1746 569 1811 Patris,
597 1747 699 1800 alia
724 1746 847 1800 Filii
876 1761 1039 1815 opera
1067 1761 1186 1801 esse
1220 1747 1538 1815 inciperent,
1564 1746 1609 1799 si
1639 1760 1747 1799 non
1771 1760 1946 1812 aequa-

2044 567 2101 613 ttt
2133 561 2376 613 eamdem
2420 557 2470 610 in
2530 554 2791 609 Trinitate
2839 552 3123 606 credamus
3175 565 3296 607 esse
3356 564 3605 608 naturam

2044 649 2277 719 Spiritus
2315 645 2508 711 sancti,
2532 660 2651 714 qua:
2675 651 2760 698 est
2786 642 2964 697 Patris
3006 652 3061 695 et
3087 640 3228 696 Filii.

2114 739 2203 793 58.
2244 737 2379 803 Quia
2405 750 2532 805 ergo
2558 734 2657 807 [αι.
2682 733 2852 805 enim]
2872 734 3047 788 omnis
3076 733 3309 787 humana
3333 748 3435 789 vox
3464 734 3599 788 nihil

2044 837 2223 902 potest
2271 829 2414 883 aliud
2463 827 2706 897 judicare
2750 841 2912 895 quam
2958 839 3208 894 corpora,
3245 833 3299 879 et
3349 823 3607 889 Trinitas,

2044 925 2110 978 de
2127 938 2230 992 qua
2256 936 2397 976 nunc
2419 921 2573 975 nobis
2601 933 2779 974 sermo
2806 927 2907 983 est,
2940 932 3127 971 omnes
3156 917 3459 972 materiales
3479 919 3609 973 sub-

2044 1017 2271 1071 stantias
2303 1024 2539 1083 superat,
2576 1012 2778 1067 idcirco
2829 1011 3030 1064 nullum
3077 1010 3301 1065 verbum
3351 1018 3530 1078 potest
3560 1012 3610 1064 ei

2043 1106 2260 1176 proprie
2301 1104 2576 1174 coaptari,
2608 1113 2663 1158 et
2705 1103 2820 1172 ejus
2860 1102 3165 1172 signiﬁcare
3213 1101 3609 1166 substantiam,

2044 1200 2138 1254 sed
2177 1213 2335 1252 omne
2380 1197 2520 1266 quod
2558 1196 2844 1265 loquimur,
2880 1193 3332 1265 καταχρηστικῶς
3356 1233 3371 1259 ,
3409 1194 3461 1250 id
3488 1206 3610 1260 est,

2045 1288 2265 1343 abusive
2295 1296 2397 1353 est,
2429 1294 2484 1340 et
2512 1287 2579 1341 de
2606 1287 3029 1355 incorporalibns
3052 1285 3285 1351 cunctis,
3308 1295 3364 1339 et
3380 1287 3614 1341 maxime

2045 1396 2168 1435 cum
2199 1380 2265 1435 de
2291 1379 2555 1434 Trinitate
2586 1377 2872 1446 loquimur.
2906 1377 3182 1434 Glorilicat
3208 1378 3387 1447 itaque
3408 1378 3607 1432 Filium

2047 1470 2280 1540 Spiritus
2304 1478 2541 1533 sanctus,
2569 1470 2855 1522 ostendens
2879 1468 3025 1522 illum
3051 1476 3105 1522 et
3133 1466 3186 1521 in
3211 1481 3453 1536 apertum
3483 1482 3611 1538 pro.

2048 1564 2227 1617 ferens
2272 1562 2356 1616 his
2386 1561 2475 1630 qui
2510 1561 2708 1615 mundo
2735 1560 2900 1615 corde
2942 1576 3063 1615 eum
3108 1560 3405 1630 intelligere
3434 1570 3490 1615 et
3530 1562 3612 1614 vi-

2046 1655 2173 1710 dere
2206 1664 2331 1709 sunt
2362 1655 2530 1724 digni,
2568 1664 2621 1709 et
2651 1654 2994 1723 splendorem
3024 1654 3357 1718 substantiae,
3385 1662 3442 1709 et
3474 1656 3613 1707 ima-

2047 1745 2228 1816 ginem‘
2248 1745 2529 1800 invisibilis
2551 1745 2644 1799 Dei
2662 1748 2820 1800 scire.
2846 1744 3075 1798 Rursum
3098 1745 3272 1814 imago
3296 1746 3408 1815 ipsa
3430 1752 3584 1801 osten

372 1841 496 1895 liter
528 1839 733 1894 tierent.
771 1838 1044 1908 Scriptum
1091 1847 1176 1893 est
1204 1849 1384 1892 autem
1415 1857 1427 1893 :
1460 1854 1485 1891 ς
1513 1837 1646 1905 Quae
1673 1839 1817 1892 enim
1852 1837 1942 1892 ille
1975 1810 2017 1864 Β
2049 1840 2180 1893 dens
2202 1854 2261 1893 se
2286 1839 2438 1906 puris
2461 1838 2751 1902 mentibus,
2775 1836 3037 1904 gloriﬁcat
3066 1835 3304 1903 Patrem,
3334 1837 3614 1891 insinuans

371 1931 520 1996 facit,
557 1951 575 1983 ι
605 1931 745 1985 haud
790 1931 1009 1985 dubium
1047 1931 1175 1999 quin
1210 1930 1409 1994 Pater,
1437 1948 1456 1981 t
1489 1931 1602 1985 haec
1644 1930 1830 1985 eadem
1856 1929 1947 1983 Fi-

372 2024 477 2079 lius
510 2024 759 2078 similiter
786 2022 918 2076 facit
943 2022 1009 2074 "°.
1042 2040 1059 2073 ι
1091 2021 1244 2088 Quod
1271 2022 1314 2075 si
1355 2030 1612 2089 operante
1638 2020 1801 2076 Patre
1831 2020 1945 2092 (86)

370 2121 426 2167 et
458 2111 612 2177 Filio,
643 2127 746 2165 non
770 2111 923 2181 juxta
952 2111 1219 2175 ordinem,
1266 2111 1424 2178 primi
1474 2121 1527 2165 et
1558 2110 1804 2176 secundi,
1850 2112 1944 2164 sed

370 2204 519 2274 juxta
576 2204 710 2258 idem
741 2213 949 2272 tempus
979 2204 1235 2273 operandi
1276 2204 1461 2258 eadem
1492 2212 1547 2255 et
1576 2202 1944 2265 indissimilia,

370 2295 669 2351 subsistunt
709 2295 961 2351 universa
1001 2309 1120 2363 quae
1156 2294 1308 2359 ﬁttut,
1353 2304 1407 2349 et
1434 2294 1604 2349 Filius
1636 2309 1739 2348 non
1771 2303 1943 2362 poteSt

372 2403 403 2442 a
428 2389 718 2458 semetipso
748 2387 1038 2457 quidquam
1081 2387 1256 2442 facere
1278 2429 1293 2452 ,
1327 2389 1416 2458 qui
1458 2402 1487 2440 a
1530 2384 1691 2441 Patre
1719 2403 1822 2440 non
1854 2402 1950 2456 po-

375 2490 481 2538 test
526 2480 787 2549 separari,
840 2480 920 2534 sic
971 2489 1026 2533 et
1065 2478 1298 2547 Spiritus
1350 2489 1571 2533 sanctus
1613 2491 1949 2547 nequaquam

374 2581 650 2643 separatus
677 2588 706 2626 a
727 2572 881 2637 Filio,
910 2580 1130 2641 propter
1156 2571 1445 2625 voluntatis
1476 2580 1792 2637 naturaeque
1820 2583 1952 2622 con-

376 2666 599 2721 sortium
625 2706 641 2731 ,
688 2679 792 2718 non
822 2664 1115 2731 semetipso
1156 2662 1396 2715 creditur
1448 2660 1592 2729 loqui
1621 2698 1636 2724 ,
1666 2659 1771 2714 sed
1800 2658 1952 2730 juxta

376 2755 596 2809 verbum
623 2762 676 2808 et
712 2753 992 2806 veritatem
1036 2752 1126 2805 Dei
1163 2751 1400 2819 loquitur
1431 2751 1681 2804 universa
1710 2765 1830 2818 qua
1873 2749 1952 2803 lo-

381 2847 586 2916 quitur.
611 2845 761 2901 Hanc
786 2845 1090 2914 Opinionem
1117 2843 1391 2913 sequentia
1413 2842 1619 2896 Domini
1642 2843 1802 2896 verba
1827 2857 1951 2896 con-

377 2937 612 3003 ﬁrmant,
649 2937 902 2991 dicentis:
932 2935 1051 2989 tllle
1085 2949 1169 2988 me
1202 2933 1521 2988 clariﬁcabit
1556 2952 1575 2984 ι
1613 2932 1713 3004 [αι.
1741 2932 1953 3001 gloriﬁ-

378 3027 564 3099 cabit],
593 3029 643 3082 id
681 3037 784 3092 est,
827 3026 1166 3092 Paracletus;
1196 3043 1215 3075 ί
1239 3025 1363 3093 quia
1387 3026 1452 3078 de
1481 3041 1598 3079 meo
1635 3023 1885 3078 accipiet.
1926 3041 1945 3073 ι

2047 1944 2168 1984 eum
2220 1927 2617 1992 nescientibus,
2658 1928 2772 1996 ipse
2798 1928 2939 1982 enim
2967 1928 3045 1981 ait
3079 1946 3092 1981 :
3143 1946 3162 1979 t
3199 1928 3301 1994 Qui
3330 1928 3473 1983 videt
3505 1944 3612 1990 me.

2050 2019 2190 2072 videt
2219 2027 2273 2070 et
2303 2016 2516 2071 Patrem
2542 2017 2607 2070 τί.
2642 2035 2663 2070 ›
2688 2017 2844 2071 Pater
2880 2031 3095 2086 quoque
3128 2017 3372 2073 revelans
3415 2016 3612 2071 Filium

2048 2110 2134 2164 his
2173 2110 2262 2178 qui
2314 2109 2379 2162 ad
2432 2109 2633 2163 calcem
2668 2109 2908 2164 scientiae
2949 2109 3231 2177 pervenire
3273 2120 3610 2172 meruerunt,

2047 2201 2316 2270 gloriﬁcat
2342 2199 2688 2270 Unigenitum
2720 2214 2897 2264 suum,
2943 2200 3232 2254 ostendens
3264 2201 3380 2270 ejus
3409 2203 3618 2272 magni-

2051 2292 2320 2347 licentiam
2350 2300 2510 2360 atque
2535 2293 2807 2346 virtutem.
2841 2290 2945 2346 Sed
2969 2300 3024 2345 et
3047 2292 3158 2361 ipse
3177 2292 3346 2347 Filius
3371 2292 3615 2348 tribuens

2053 2384 2313 2452 Spiritum
2362 2393 2605 2438 sanctum
2645 2383 2729 2437 bis
2766 2383 2856 2452 qui
2904 2398 2964 2438 se
3003 2384 3192 2453 dignos
3236 2378 3349 2454 ejus
3396 2400 3619 2440 munere

2050 2483 2509 2543 praeparaverunt,
2557 2483 2613 2528 et
2658 2475 2902 2544 pandens
2956 2474 3338 2530 sublimitatem
3363 2475 3459 2548 [αι.
3493 2491 3621 2546 pro-

2053 2562 2363 2634 prietatem]
2395 2562 2816 2633 gloriﬁcationis,
2855 2574 2907 2618 et
2938 2565 3319 2634 magnitudinis
3352 2565 3471 2635 ejus
3502 2568 3614 2620 vir-

2053 2661 2260 2714 tutem,
2296 2654 2564 2722 gloriﬁcat
2600 2654 2749 2707 illum
2789 2652 2920 2724 (87).
2966 2653 3165 2708 Deinde
3216 2654 3620 2724 interpretatio-

2055 2757 2177 2795 nem
2211 2742 2445 2795 inferens
2471 2756 2594 2795 cum
2625 2743 2783 2796 modo
2817 2742 2931 2813 (88)
2960 2743 3205 2805 dixisset,
3239 2743 3303 2797 de
3335 2759 3452 2796 meo
3477 2746 3625 2798 acci-

2055 2834 2165 2904 piet
2187 2875 2200 2899 ,
2229 2834 2472 2903 protinus
2504 2834 2731 2904 subjecit
2762 2851 2775 2886 :
2813 2852 2833 2884 t
2875 2833 3065 2888 Omnia
3094 2850 3212 2903 quae
3249 2836 3408 2890 habet
3438 2835 3620 2900 Pater,

2056 2942 2176 2982 mea
2207 2938 2369 2991 sunt;
2404 2935 2684 2995 propterea
2720 2926 2851 2989 dixi,
2885 2926 2951 2979 de
2989 2941 3107 2980 meo
3160 2928 3388 2996 accipiet
3418 2936 3472 2981 et
3518 2944 3621 2982 an-

2058 3014 2324 3070 nuntiabit
2347 3016 2494 3070 vobis
2519 3016 2585 3080 τ’,
2622 3034 2640 3067 ι
2673 3016 3068 3085 quodammodo
3112 3017 3336 3087 loquens
3360 3058 3376 3082 ,
3401 3018 3551 3074 Licet
3592 3036 3623 3073 a

380 3122 612 3176 Rursum
641 3120 751 3183 hic,
794 3119 1038 3186 accipere
1073 3116 1170 3189 [αι.
1203 3113 1496 3186 accipiet],
1529 3125 1588 3169 ut
1620 3115 1812 3170 divinae
1852 3128 1951 3166 na-
1986 3146 2030 3208 C
2060 3106 2219 3208 Patre
2267 3107 2525 3176 procedat
2566 3106 2799 3174 Spiritus
2841 3107 3081 3208 veritatis
3104 3148 3118 3171 ,
3155 3118 3207 3161 et
3229 3108 3319 3161 det
3371 3109 3443 3162 illi
3481 3109 3622 3164 Deus

383 3222 513 3266 tura:
545 3211 832 3266 conveniat
871 3208 1297 3278 intelligendum.

450 3303 539 3356 57.
579 3301 855 3369 Quomodo
883 3315 1010 3370 ergo
1035 3300 1203 3354 Filius
1240 3301 1411 3368 dans,
1450 3314 1555 3354 non
1596 3301 1841 3369 privatur
1875 3302 1956 3356 bis

380 3386 479 3463 [ιιι.
524 3387 693 3459 enim]
735 3403 853 3458 quae
889 3388 1107 3452 tribuit,
1147 3403 1320 3457 neque
1346 3403 1466 3441 cum
1498 3390 1693 3444 damno
1726 3405 1825 3445 suo
1855 3391 1958 3444 im-

382 3479 546 3549 pertit
591 3478 741 3544 aliis,
775 3480 854 3532 sic
880 3487 934 3531 et
975 3475 1208 3546 Spiritus
1258 3493 1363 3532 non
1412 3479 1609 3548 accipit
1658 3482 1799 3549 quod
1834 3490 1959 3534 ante

383 3584 488 3624 non
521 3569 725 3622 habuit.
761 3568 819 3622 Si
845 3570 986 3622 enim
1020 3569 1162 3636 quod
1190 3569 1338 3637 prius
1385 3584 1490 3624 non
1542 3571 1776 3625 habebat
1806 3586 1958 3626 acce-

384 3662 481 3731 pit,
541 3662 799 3716 translato
861 3662 915 3715 in
974 3664 1134 3715 alium
1189 3678 1432 3729 munere,
1492 3678 1690 3719 vacuus
1740 3643 1961 3734 largitor

384 3751 606 3809 eﬂ‘ectus
654 3764 772 3818 est,
814 3770 1031 3809 cessans
1080 3756 1279 3809 habere
1350 3756 1491 3823 quod
1554 3757 1759 3811 tribuit.
1816 3754 1959 3822 Quo—

386 3846 546 3901 modo
604 3846 764 3915 igitur
819 3858 981 3914 supra
1028 3845 1092 3899 de
1118 3846 1325 3899 naturis
1381 3845 1803 3915 incorporalibns
1852 3847 1960 3901 dis~

386 3947 637 4009 putantes
682 3936 1081 4001 intelleximus,
1124 3937 1202 3991 sic
1241 3946 1295 3990 et
1331 3952 1472 3991 nunc
1528 3938 1788 4007 Spiritum
1837 3954 1963 3993 san-

387 4041 533 4086 ctum
568 4045 596 4082 a
622 4028 772 4097 .Filio
802 4029 1086 4097 accipere,
1129 4029 1182 4082 id
1222 4029 1362 4097 quod
1391 4044 1501 4084 sua:
1545 4040 1750 4085 natura:
1785 4029 1963 4085 fuerat

390 4120 818 4190 cognoscendum
850 4118 944 4191 [αι.
984 4119 1416 4192 intelligendum]
1456 4130 1580 4184 est,
1613 4130 1666 4174 et
1692 4136 1795 4174 non
1828 4122 1957 4176 dan-

390 4220 496 4267 tem
529 4220 583 4266 et
614 4210 965 4279 accipientem
992 4251 1008 4278 ,
1047 4213 1141 4265 sed
1181 4225 1339 4264 unam
1370 4210 1676 4278 signiﬁcare
1712 4212 1963 4265 substan-

394 4304 545 4357 tiam.
580 4302 857 4371 Siquidem
897 4313 952 4357 et
994 4303 1164 4357 Filius
1207 4304 1391 4356 eadem
1435 4317 1463 4355 a
1506 4301 1669 4356 Patre
1716 4302 1961 4371 accipere

393 4394 606 4458 dicitur,
631 4393 826 4465 quibus
854 4393 966 4462 ipse
991 4393 1257 4448 subsistit.
1285 4391 1467 4460 Neque
1493 4393 1635 4447 enim
1664 4393 1792 4463 quid
1817 4393 1959 4445 aliud

2062 3196 2321 3266 Spiritum
2373 3205 2622 3252 sanctum
2658 3198 2958 3263 petentibus
2989 3212 3068 3261 se,
3115 3208 3293 3251 tamen
3344 3199 3468 3267 quia
3502 3214 3622 3254 om-

2056 3291 2142 3343 nia
2161 3288 2270 3359 (89)
2299 3304 2417 3356 qua:
2451 3288 2611 3342 habet
2643 3288 2823 3354 Pater,
2848 3286 3129 3351 mea'suut,
3165 3299 3219 3343 et
3249 3290 3362 3357 ipse
3394 3292 3626 3359 Spiritus

2058 3380 2233 3435 Patris
2262 3395 2413 3435 meus
2462 3388 2584 3443 est,
2625 3387 2680 3433 et
2712 3378 2779 3433 de
2820 3394 2939 3433 meo
2980 3380 3225 3448 accipiet.
3273 3381 3414 3434 Cave
3444 3390 3623 3437 autem

2059 3487 2178 3526 cum
2219 3472 2316 3525 ista
2360 3470 2610 3524 dicuntur
2638 3485 2705 3524 ne
2738 3485 2903 3539 grave
2950 3471 3146 3524 labaris
3176 3471 3540 3540 intelligentia:
3570 3475 3622 3528 itt

2059 3564 2245 3616 vitium
2274 3560 2407 3628 (90),
2437 3570 2491 3613 et
2516 3570 2668 3629 putes
2700 3575 2809 3614 rem
2830 3560 3063 3630 aliquam
3091 3576 3231 3627 esse,
3253 3572 3304 3616 et
3329 3565 3627 3632 possessio—

2060 3673 2212 3721 nem,
2256 3671 2374 3724 quae
2408 3670 2436 3708 a
2473 3654 2633 3710 Patre
2682 3656 2945 3710 habeatur
2984 3673 3045 3710 ac
3091 3658 3246 3712 Filio.
3278 3659 3475 3714 Verum
3505 3674 3626 3728 quae

2060 3750 2222 3805 habet
2246 3749 2405 3804 Pater
2423 3748 2575 3816 juxta
2609 3749 2988 3814 substantiam,
3022 3751 3072 3804 id
3103 3760 3204 3813 est,
3229 3754 3584 3807 aeternitatem
3609 3794 3625 3816 ,

2062 3840 2568 3905 ittttnutabilitatem,
2592 3840 3074 3907 incorruptionem,
3101 3842 3488 3898 immutabilem
3512 3845 3626 3914 (9i)

2060 3932 2379 3995 bonitatem,
2410 3932 2475 3985 de
2496 3947 2557 3987 se
2578 3941 2633 3985 et
2674 3931 2724 3985 in
2755 3946 2814 3986 se
2850 3932 3257 3996 subsistentem,
3288 3934 3400 3988 haec
3435 3936 3623 3987 eadem

2062 4024 2222 4079 habet
2245 4034 2298 4078 et
2320 4023 2503 4076 Filius.
2535 4021 2621 4085 Et,
2651 4032 2709 4075 ut
2741 4021 2857 4090 plus
2893 4021 3141 4085 inferam,
3171 4024 3429 4091 quidquid
3462 4022 3633 4079 Filius

2063 4116 2176 4184 ipse
2204 4114 2469 4177 subsistit,
2493 4122 2547 4166 et
2578 4127 2911 4181 quaecunque
2956 4123 3078 4165 sunt
3102 4112 3223 4165 Filii
3252 4150 3267 4174 ,
3294 4112 3407 4166 haec
3440 4113 3627 4167 eadem

2062 4215 2117 4261 et
2162 4204 2326 4259 Pater
2374 4205 2553 4258 habet.
2592 4202 2784 4257 Procul
2829 4202 2953 4256 hinc
2998 4202 3180 4256 absint
3221 4201 3630 4257 dialecticorum

2065 4295 2379 4359 tendiculte,
2409 4304 2464 4347 et
2490 4293 2818 4361 sophismata
2847 4308 2876 4346 a
2920 4292 3148 4346 veritate
3182 4292 3471 4360 pellantur,
3504 4306 3627 4361 quae

2062 4386 2400 4442 occasionem
2420 4384 2713 4454 impietatis
2734 4399 2797 4438 ex
2820 4384 2904 4453 pia
2929 4383 3309 4451 pmdicatioue
3334 4384 3626 4452 capientis,

394 4496 475 4539 est
525 4486 713 4551 Filius,
769 4486 1011 4554 exceptis
1059 4485 1146 4539 his
1196 4499 1316 4553 quae
1354 4484 1403 4538 ei
1457 4484 1654 4537 dantur
1692 4499 1721 4536 a
1780 4482 1960 4548 Patre,
1998 4476 2291 4553 Ddicunt:
2329 4474 2467 4543 Ergo
2511 4484 2566 4527 et
2607 4474 2766 4528 Pater
2798 4483 2883 4527 est
2925 4473 3119 4537 Filius,
3161 4483 3215 4527 et
3250 4472 3420 4526 Filius
3446 4473 3628 4527 Pater.

396 4590 569 4647 neque
605 4577 707 4630 alia
746 4575 1045 4632 substantia
1077 4584 1159 4629 est
1191 4573 1425 4645 Spiritus
1463 4573 1633 4628 sancti
1682 4583 1880 4642 praeter
1903 4572 1955 4626 id

467 4774 511 4806 “
538 4772 693 4829 Joan.
724 4790 788 4841 v,
828 4773 915 4830 50.
991 4773 1036 4805 ⁶⁹
1074 4772 1203 4828 ibid.
1251 4770 1338 4825 l9.
1413 4769 1608 4824 "ibid.

469 4937 590 5010 (84)
619 4938 792 5010 Penes
839 4937 1152 5010 Gratianum
1187 4946 1284 5010 est
1317 4957 1336 4991 ο
1390 4940 1685 5010 procedens
1715 4937 1855 4993 Dens
1891 4937 1960 4991 de

400 5010 530 5073 Deo,
561 5009 794 5077 Spiritus
823 5008 1067 5063 veritatis
1096 5008 1449 5075 procedeus'a
1474 5010 1722 5076 veritate,
1764 5023 1959 5064 conso-

400 5080 541 5133 lator
570 5093 813 5143 manans,
848 5096 866 5129 ι
900 5090 1006 5133 etc.
1042 5094 1057 5131 :
1091 5078 1311 5132 rectius.

473 5147 585 5218 (85)
627 5145 853 5202 Voculas
885 5166 902 5199 t
937 5163 967 5218 ξι
1005 5162 1063 5202 se
1093 5166 1111 5198 ι
1140 5162 1203 5200 ex
1237 5148 1407 5202 Vatic.
1442 5146 1750 5218 sttﬁ‘ecimus
1772 5187 1786 5206 .
1822 5162 1957 5200 con-

404 5217 668 5286 sentiente
716 5219 876 5271 etiam
928 5217 1119 5272 Grzeco
1146 5228 1292 5272 textu
1326 5218 1419 5286 ἀφ’
1487 5217 1701 5270 ἑαυτοῦ.
1754 5219 1959 5272 Deinde

405 5296 559 5341 vetns
577 5284 741 5339 editio
764 5304 776 5338 :
815 5306 834 5340 ι
869 5285 926 5342 Si
955 5290 1096 5343 enim
1122 5304 1283 5342 unum
1307 5284 1390 5343 est
1411 5288 1570 5341 Pater
1590 5301 1641 5340 et
1669 5287 1832 5340 Filius
1854 5303 1959 5339 non

399 5355 554 5427 juxta
598 5352 810 5427 Sabellii
850 5358 1050 5412 dictum
1091 5376 1105 5412 :
1145 5376 1165 5409 ι
1209 5359 1422 5413 codices
1455 5357 1626 5412 Vatic.
1676 5368 1731 5410 et
1766 5357 1961 5427 Regia.

407 5444 426 5477 ι
468 5424 686 5480 Sabellii
717 5427 924 5480 vitium.
949 5446 968 5478 ι

472 5494 587 5563 (86)
625 5493 815 5566 Regin.
860 5512 983 5559 ms.,
1026 5514 1045 5549 t
1091 5495 1365 5563 Quomodo
1415 5505 1672 5565 operante
1712 5494 1893 5558 Patre,
1936 5513 1954 5547 ›

401 5567 623 5631 rectius,
664 5576 718 5621 et
764 5566 924 5634 paulo
975 5578 1094 5635 post
1143 5570 1514 5625 consentiente
1554 5567 1717 5621 etiam
1762 5566 1959 5628 Vatic.,

406 5653 425 5686 ι
459 5637 647 5691 eadem
668 5644 724 5689 et
743 5635 941 5690 similia
962 5638 1279 5693 subsistunt.
1327 5656 1345 5691 ›

469 5704 583 5777 (87)
613 5705 946 5777 Iidemmss.
983 5720 1102 5760 cum
1124 5710 1305 5777 veteri
1339 5709 1495 5772 edit.,
1526 5724 1546 5759 ι

400 5773 494 5846 (al.
530 5773 633 5845 eis)
668 5773 1052 5829 sublimitatem
1082 5776 1499 5848 gloriticationis.
1531 5773 1605 5835 et'
1634 5775 1959 5845 magnitudi-

640 5867 910 5927 PATROL.
958 5870 1073 5929 Gn.
1126 5867 1418 5931 XXXIX.

1686 4769 1731 4841 ’ξ
1763 4767 1914 4823 Joan.
1944 4783 2053 4833 xtv,
2079 4768 2131 4823 9.

2065 4566 2123 4620 Si
2172 4567 2315 4621 enim
2356 4565 2618 4628 dixisset,
2660 4564 2838 4618 omnia
2880 4578 3209 4633 quaecunque
3254 4565 3415 4620 habet
3452 4565 3629 4631 Deus,

2233 4769 2279 4801 "
2303 4766 2436 4823 Joan
2488 4782 2610 4834 xw,
2646 4767 2731 4821 15.

2061 4935 2166 4999 nis,
2200 4934 2480 5005 gloriﬁcat.
2522 4953 2538 4984 ι

2129 5000 2242 5075 (88)
2286 5006 2525 5059 Emendo
2550 5021 2613 5060 ex
2646 5001 2852 5057 Barthii
2886 5000 3203 5071 conjectura
3224 5041 3240 5067 ,
3283 5018 3406 5056 cum
3446 5016 3636 5071 perpe-

2061 5091 2173 5129 ram
2201 5085 2345 5130 esset
2374 5091 2482 5130 uno
2504 5080 2666 5129 verbo
2691 5092 2710 5124 ι
2745 5075 3034 5140 quomodo.
3078 5092 3095 5124 ι

2134 5145 2245 5215 (89)
2290 5143 2359 5199 Ut
2386 5160 2578 5198 sensus
2607 5152 2843 5204 constet,
2869 5144 3113 5196 voculam
3142 5161 3162 5194 ι
3193 5140 3267 5195 illi
3304 5161 3323 5193 ι
3353 5156 3596 5215 expunge
3620 5164 3631 5195 :

2061 5212 2172 5267 tum
2201 5214 2392 5285 Regin.
2424 5216 2543 5270 cod.
2581 5231 2600 5267 t
2638 5215 2964 5284 petentibus,
2993 5228 3144 5283 teque
3166 5223 3342 5267 tamen
3372 5212 3574 5278 omnia,
3606 5230 3628 5262 ο

2066 5294 2252 5430 ῗιῗξὶρ)
2294 5353 2477 5430 Malim
2506 5354 2647 5430 quod
2705 5353 2757 5430 in
2791 5352 2956 5430 veteri
2996 5353 3122 5407 edit.
3161 5361 3281 5430 erat
3316 5368 3337 5403 ε
3376 5364 3445 5405 ne
3470 5364 3634 5430 prava

2064 5422 2417 5546 Htelli‘gentia
2467 5422 2665 5479 labaris
2716 5425 2771 5477 in
2814 5424 3025 5489 vitium,
3061 5442 3080 5475 ›
3126 5425 3212 5479 cui
3249 5422 3362 5477 fere
3400 5422 3637 5475 concinit

2114 5509 2254 5547 eam.
2286 5511 2385 5547 IIIS.

2286 5511 2417 5618 lI‘l'lsud
2454 5582 2473 5616 ι
2503 5562 2891 5618 immutabilem
2927 5582 2946 5615 ι
2982 5563 3217 5618 abundat
3241 5559 3491 5634 ltic_loci,
3535 5571 3635 5634 nec

2060 5628 2357 5703 inittegina:
2384 5649 2485 5688 ms.
2515 5636 2804 5689 invenitur.
2839 5634 3037 5687 Deinde
3062 5634 3245 5697 verba,
3277 5649 3296 5682 t
3322 5629 3409 5695 Et,
3439 5637 3498 5682 ut
3517 5628 3636 5696 plus

1587 5706 1824 5779 pandens
1845 5701 1961 5779 ejus
2057 5701 2308 5779 inferam,
2327 5705 2580 5776 quidquid
2596 5704 2760 5779 Filius
2785 5703 2898 5779 ipse
2930 5704 3191 5766 subsistit,
3214 5720 3234 5754 ι
3263 5716 3331 5756 ex
3358 5713 3487 5755 mss.
3514 5712 3633 5753 om-

2060 5774 2207 5826 nium
2237 5774 2500 5829 consensu
2530 5789 2595 5830 ac
2623 5774 2726 5828 ﬁde
2753 5776 2998 5827 restituo.

3237 5864 3314 5925 3's
