  <div class='ocr_page' id='page_1' title='image "/cluster/home/n/w/nwhite01/storage/ocr_20150623/39/coo.31924054869361/541.png"; bbox 0 0 4034 6440; ppageno 0'>
   <div class='ocr_carea' id='block_1_1' title="bbox 402 347 562 404">
    <p class='ocr_par' dir='ltr' id='par_1_1' title="bbox 402 347 562 404">
     <span class='ocr_line' id='line_1_1' title="bbox 402 347 562 404; baseline -0.025 0"><span class='ocrx_word' id='word_1_1' title='bbox 402 347 562 404; x_wconf 62' lang='grc' dir='ltr'><strong>λῦϐἺ</strong></span> 
     </span>
    </p>
   </div>
   <div class='ocr_carea' id='block_1_2' title="bbox 1682 347 2423 405">
    <p class='ocr_par' dir='ltr' id='par_1_2' title="bbox 1682 347 2423 405">
     <span class='ocr_line' id='line_1_2' title="bbox 1682 347 2423 405; baseline 0.001 -2"><span class='ocrx_word' id='word_1_2' title='bbox 1682 349 1919 404; x_wconf 77' lang='lat' dir='ltr'><strong>DlDYMl</strong></span> <span class='ocrx_word' id='word_1_3' title='bbox 1959 347 2423 405; x_wconf 79' lang='lat' dir='ltr'><strong>ALEXANDRlNl</strong></span> 
     </span>
    </p>
   </div>
   <div class='ocr_carea' id='block_1_3' title="bbox 3515 351 3657 407">
    <p class='ocr_par' dir='ltr' id='par_1_3' title="bbox 3515 351 3657 407">
     <span class='ocr_line' id='line_1_3' title="bbox 3515 351 3657 407; baseline 0.021 -3"><span class='ocrx_word' id='word_1_4' title='bbox 3515 351 3657 407; x_wconf 77' lang='grc'><strong>1068</strong></span> 
     </span>
    </p>
   </div>
   <div class='ocr_carea' id='block_1_4' title="bbox 417 465 3658 540">
    <p class='ocr_par' dir='ltr' id='par_1_4' title="bbox 417 465 3658 540">
     <span class='ocr_line' id='line_1_4' title="bbox 417 465 3658 540; baseline 0 -19"><span class='ocrx_word' id='word_1_5' title='bbox 417 482 538 522; x_wconf 87' lang='lat' dir='ltr'><strong>mea</strong></span> <span class='ocrx_word' id='word_1_6' title='bbox 567 473 711 529; x_wconf 89' lang='lat' dir='ltr'><strong>sunt,</strong></span> <span class='ocrx_word' id='word_1_7' title='bbox 731 465 1225 536; x_wconf 89' lang='lat' dir='ltr'><strong>haberetimpietas</strong></span> <span class='ocrx_word' id='word_1_8' title='bbox 1245 468 1583 523; x_wconf 80' lang='lat' dir='ltr'><strong>occasionem</strong></span> <span class='ocrx_word' id='word_1_9' title='bbox 1608 469 1974 540; x_wconf 86' lang='lat' dir='ltr'><strong>contingeudi,</strong></span> <span class='ocrx_word' id='word_1_10' title='bbox 2009 471 2050 526; x_wconf 79' lang='grc' dir='ltr'><strong>Α</strong></span> <span class='ocrx_word' id='word_1_11' title='bbox 2080 467 2260 524; x_wconf 88' lang='lat' dir='ltr'><strong>Pater.</strong></span> <span class='ocrx_word' id='word_1_12' title='bbox 2313 470 2431 539; x_wconf 92' lang='lat' dir='ltr'><strong>lpse</strong></span> <span class='ocrx_word' id='word_1_13' title='bbox 2491 469 2634 524; x_wconf 91' lang='lat' dir='ltr'><strong>enim</strong></span> <span class='ocrx_word' id='word_1_14' title='bbox 2685 467 2921 539; x_wconf 92' lang='lat' dir='ltr'><strong>Spiritus</strong></span> <span class='ocrx_word' id='word_1_15' title='bbox 2982 469 3349 524; x_wconf 90' lang='lat' dir='ltr'><strong>testimonium</strong></span> <span class='ocrx_word' id='word_1_16' title='bbox 3409 469 3658 538; x_wconf 90' lang='lat' dir='ltr'><strong>perhibet</strong></span> 
     </span>
    </p>
   </div>
   <div class='ocr_carea' id='block_1_5' title="bbox 414 558 1986 616">
    <p class='ocr_par' dir='ltr' id='par_1_5' title="bbox 414 558 1986 616">
     <span class='ocr_line' id='line_1_5' title="bbox 414 558 1986 616; baseline 0.001 -2"><span class='ocrx_word' id='word_1_17' title='bbox 414 571 470 614; x_wconf 89' lang='lat' dir='ltr'><strong>et</strong></span> <span class='ocrx_word' id='word_1_18' title='bbox 506 558 795 614; x_wconf 84' lang='lat' dir='ltr'><strong>verisimile</strong></span> <span class='ocrx_word' id='word_1_19' title='bbox 831 559 1103 612; x_wconf 75' lang='lat' dir='ltr'><strong>videretur</strong></span> <span class='ocrx_word' id='word_1_20' title='bbox 1140 575 1258 613; x_wconf 88' lang='lat' dir='ltr'><strong>esse</strong></span> <span class='ocrx_word' id='word_1_21' title='bbox 1286 562 1646 615; x_wconf 84' lang='lat' dir='ltr'><strong>mendacium.</strong></span> <span class='ocrx_word' id='word_1_22' title='bbox 1679 562 1810 615; x_wconf 85' lang='lat' dir='ltr'><strong>Cum</strong></span> <span class='ocrx_word' id='word_1_23' title='bbox 1858 577 1986 616; x_wconf 91' lang='lat' dir='ltr'><strong>vero</strong></span> 
     </span>
    </p>
   </div>
   <div class='ocr_carea' id='block_1_6' title="bbox 415 650 1986 718">
    <p class='ocr_par' dir='ltr' id='par_1_6' title="bbox 415 650 1986 718">
     <span class='ocr_line' id='line_1_6' title="bbox 415 650 1986 718; baseline 0.001 -13"><span class='ocrx_word' id='word_1_24' title='bbox 415 651 632 714; x_wconf 91' lang='lat' dir='ltr'><strong>dixerit,</strong></span> <span class='ocrx_word' id='word_1_25' title='bbox 655 670 672 701; x_wconf 72' lang='grc' dir='ltr'>ι</span> <span class='ocrx_word' id='word_1_26' title='bbox 698 650 890 706; x_wconf 82' lang='lat' dir='ltr'><strong>Omnia</strong></span> <span class='ocrx_word' id='word_1_27' title='bbox 918 666 1037 718; x_wconf 70' lang='lat' dir='ltr'><strong>quae</strong></span> <span class='ocrx_word' id='word_1_28' title='bbox 1063 653 1220 707; x_wconf 87' lang='lat' dir='ltr'><strong>habet</strong></span> <span class='ocrx_word' id='word_1_29' title='bbox 1246 650 1405 706; x_wconf 90' lang='lat' dir='ltr'><strong>Pater</strong></span> <span class='ocrx_word' id='word_1_30' title='bbox 1437 667 1551 706; x_wconf 88' lang='lat' dir='ltr'><strong>mea</strong></span> <span class='ocrx_word' id='word_1_31' title='bbox 1586 664 1729 717; x_wconf 87' lang='lat' dir='ltr'><strong>sunt,</strong></span> <span class='ocrx_word' id='word_1_32' title='bbox 1757 672 1776 703; x_wconf 76' lang='grc' dir='ltr'><strong><em>ι</em></strong></span> <span class='ocrx_word' id='word_1_33' title='bbox 1808 650 1986 706; x_wconf 86' lang='lat' dir='ltr'><strong>Patris</strong></span> 
     </span>
    </p>
   </div>
   <div class='ocr_carea' id='block_1_7' title="bbox 415 739 1988 812">
    <p class='ocr_par' dir='ltr' id='par_1_7' title="bbox 415 739 1988 812">
     <span class='ocr_line' id='line_1_7' title="bbox 415 739 1988 812; baseline 0.003 -19"><span class='ocrx_word' id='word_1_34' title='bbox 415 742 632 794; x_wconf 88' lang='lat' dir='ltr'><strong>nomine</strong></span> <span class='ocrx_word' id='word_1_35' title='bbox 673 755 732 795; x_wconf 82' lang='lat' dir='ltr'><strong>se</strong></span> <span class='ocrx_word' id='word_1_36' title='bbox 772 739 963 794; x_wconf 87' lang='lat' dir='ltr'><strong>Filium</strong></span> <span class='ocrx_word' id='word_1_37' title='bbox 1005 743 1316 806; x_wconf 83' lang='lat' dir='ltr'><strong>declaravit,</strong></span> <span class='ocrx_word' id='word_1_38' title='bbox 1359 744 1869 812; x_wconf 84' lang='lat' dir='ltr'><strong>paternitatem,.qui</strong></span> <span class='ocrx_word' id='word_1_39' title='bbox 1899 743 1988 798; x_wconf 84' lang='lat' dir='ltr'><strong>Fi-</strong></span> 
     </span>
    </p>
   </div>
   <div class='ocr_carea' id='block_1_8' title="bbox 383 830 1984 904">
    <p class='ocr_par' dir='ltr' id='par_1_8' title="bbox 383 830 1984 904">
     <span class='ocr_line' id='line_1_8' title="bbox 383 830 1984 904; baseline 0.003 -19"><span class='ocrx_word' id='word_1_40' title='bbox 383 830 517 885; x_wconf 57' lang='lat' dir='ltr'><strong>lius</strong></span> <span class='ocrx_word' id='word_1_41' title='bbox 547 842 682 895; x_wconf 86' lang='lat' dir='ltr'><strong>erat,</strong></span> <span class='ocrx_word' id='word_1_42' title='bbox 711 847 816 886; x_wconf 92' lang='lat' dir='ltr'><strong>non</strong></span> <span class='ocrx_word' id='word_1_43' title='bbox 855 833 1152 902; x_wconf 81' lang='lat' dir='ltr'><strong>usurpavit,</strong></span> <span class='ocrx_word' id='word_1_44' title='bbox 1177 849 1481 902; x_wconf 81' lang='lat' dir='ltr'><strong>quanquam</strong></span> <span class='ocrx_word' id='word_1_45' title='bbox 1509 844 1563 889; x_wconf 90' lang='lat' dir='ltr'><strong>et</strong></span> <span class='ocrx_word' id='word_1_46' title='bbox 1590 835 1703 904; x_wconf 90' lang='lat' dir='ltr'><strong>ipse</strong></span> <span class='ocrx_word' id='word_1_47' title='bbox 1743 851 1838 904; x_wconf 91' lang='lat' dir='ltr'><strong>per</strong></span> <span class='ocrx_word' id='word_1_48' title='bbox 1888 838 1984 890; x_wconf 90' lang='lat' dir='ltr'><strong>ad-</strong></span> 
     </span>
    </p>
   </div>
   <div class='ocr_carea' id='block_1_9' title="bbox 412 923 1983 990">
    <p class='ocr_par' dir='ltr' id='par_1_9' title="bbox 412 923 1983 990">
     <span class='ocr_line' id='line_1_9' title="bbox 412 923 1983 990; baseline 0.005 -15"><span class='ocrx_word' id='word_1_49' title='bbox 412 923 648 990; x_wconf 89' lang='lat' dir='ltr'><strong>optionis</strong></span> <span class='ocrx_word' id='word_1_50' title='bbox 672 924 923 990; x_wconf 78' lang='lat' dir='ltr'><strong>gratiam,</strong></span> <span class='ocrx_word' id='word_1_51' title='bbox 943 927 1230 978; x_wconf 87' lang='lat' dir='ltr'><strong>multorunt</strong></span> <span class='ocrx_word' id='word_1_52' title='bbox 1256 937 1564 981; x_wconf 90' lang='lat' dir='ltr'><strong>sanctorum</strong></span> <span class='ocrx_word' id='word_1_53' title='bbox 1587 928 1654 980; x_wconf 91' lang='lat' dir='ltr'><strong>sit</strong></span> <span class='ocrx_word' id='word_1_54' title='bbox 1684 926 1865 989; x_wconf 83' lang='lat' dir='ltr'><strong>Pater,</strong></span> <span class='ocrx_word' id='word_1_55' title='bbox 1895 943 1983 983; x_wconf 81' lang='lat' dir='ltr'><strong>se-</strong></span> 
     </span>
    </p>
   </div>
   <div class='ocr_carea' id='block_1_10' title="bbox 411 1011 1984 1082">
    <p class='ocr_par' dir='ltr' id='par_1_10' title="bbox 411 1011 1984 1082">
     <span class='ocr_line' id='line_1_10' title="bbox 411 1011 1984 1082; baseline 0.006 -19"><span class='ocrx_word' id='word_1_56' title='bbox 411 1014 646 1064; x_wconf 84' lang='lat' dir='ltr'><strong>cundum</strong></span> <span class='ocrx_word' id='word_1_57' title='bbox 677 1011 802 1064; x_wconf 90' lang='lat' dir='ltr'><strong>illud</strong></span> <span class='ocrx_word' id='word_1_58' title='bbox 831 1015 970 1079; x_wconf 89' lang='lat' dir='ltr'><strong>quod</strong></span> <span class='ocrx_word' id='word_1_59' title='bbox 996 1014 1048 1066; x_wconf 89' lang='lat' dir='ltr'><strong>in</strong></span> <span class='ocrx_word' id='word_1_60' title='bbox 1072 1013 1301 1069; x_wconf 87' lang='lat' dir='ltr'><strong>Psalmis</strong></span> <span class='ocrx_word' id='word_1_61' title='bbox 1328 1016 1546 1082; x_wconf 85' lang='lat' dir='ltr'><strong>legitur,</strong></span> <span class='ocrx_word' id='word_1_62' title='bbox 1583 1035 1599 1065; x_wconf 77' lang='grc' dir='ltr'><strong><em>ι</em></strong></span> <span class='ocrx_word' id='word_1_63' title='bbox 1631 1016 1686 1070; x_wconf 93' lang='lat' dir='ltr'><strong>Si</strong></span> <span class='ocrx_word' id='word_1_64' title='bbox 1713 1019 1984 1072; x_wconf 85' lang='lat' dir='ltr'><strong>custodie-</strong></span> 
     </span>
    </p>
   </div>
   <div class='ocr_carea' id='block_1_11' title="bbox 413 1099 1983 1177">
    <p class='ocr_par' dir='ltr' id='par_1_11' title="bbox 413 1099 1983 1177">
     <span class='ocr_line' id='line_1_11' title="bbox 413 1099 1983 1177; baseline 0.007 -24"><span class='ocrx_word' id='word_1_65' title='bbox 413 1099 522 1153; x_wconf 83' lang='lat' dir='ltr'><strong>rint</strong></span> <span class='ocrx_word' id='word_1_66' title='bbox 552 1100 643 1154; x_wconf 88' lang='lat' dir='ltr'><strong>ﬁlii</strong></span> <span class='ocrx_word' id='word_1_67' title='bbox 689 1103 761 1154; x_wconf 90' lang='lat' dir='ltr'><strong>tui</strong></span> <span class='ocrx_word' id='word_1_68' title='bbox 788 1103 870 1169; x_wconf 66' lang='lat'><strong>7’;</strong></span> <span class='ocrx_word' id='word_1_69' title='bbox 900 1123 918 1154; x_wconf 75' lang='grc' dir='ltr'><strong><em>ι</em></strong></span> <span class='ocrx_word' id='word_1_70' title='bbox 964 1115 1015 1158; x_wconf 90' lang='lat' dir='ltr'><strong>et</strong></span> <span class='ocrx_word' id='word_1_71' title='bbox 1040 1107 1229 1160; x_wconf 91' lang='lat' dir='ltr'><strong>iterum</strong></span> <span class='ocrx_word' id='word_1_72' title='bbox 1274 1125 1287 1160; x_wconf 91' lang='lat'><strong>:</strong></span> <span class='ocrx_word' id='word_1_73' title='bbox 1323 1127 1340 1157; x_wconf 75' lang='grc' dir='ltr'>ι</span> <span class='ocrx_word' id='word_1_74' title='bbox 1385 1107 1439 1161; x_wconf 92' lang='lat' dir='ltr'><strong>Si</strong></span> <span class='ocrx_word' id='word_1_75' title='bbox 1479 1109 1863 1177; x_wconf 89' lang='lat' dir='ltr'><strong>dereliquerint</strong></span> <span class='ocrx_word' id='word_1_76' title='bbox 1890 1110 1983 1164; x_wconf 89' lang='lat' dir='ltr'><strong>ﬁlii</strong></span> 
     </span>
    </p>
   </div>
   <div class='ocr_carea' id='block_1_12' title="bbox 415 1191 1984 1268">
    <p class='ocr_par' dir='ltr' id='par_1_12' title="bbox 415 1191 1984 1268">
     <span class='ocr_line' id='line_1_12' title="bbox 415 1191 1984 1268; baseline 0.008 -24"><span class='ocrx_word' id='word_1_77' title='bbox 415 1191 533 1258; x_wconf 88' lang='lat' dir='ltr'><strong>ejus</strong></span> <span class='ocrx_word' id='word_1_78' title='bbox 564 1191 934 1259; x_wconf 82' lang='lat' dir='ltr'><strong>legem-meant</strong></span> <span class='ocrx_word' id='word_1_79' title='bbox 963 1195 1028 1250; x_wconf 69' lang='grc'><strong>⁷⁸.</strong></span> <span class='ocrx_word' id='word_1_80' title='bbox 1061 1214 1080 1247; x_wconf 77' lang='grc' dir='ltr'><strong><em>ι</em></strong></span> <span class='ocrx_word' id='word_1_81' title='bbox 1108 1197 1212 1250; x_wconf 87' lang='lat' dir='ltr'><strong>Sed</strong></span> <span class='ocrx_word' id='word_1_82' title='bbox 1237 1198 1288 1250; x_wconf 90' lang='lat' dir='ltr'><strong>in</strong></span> <span class='ocrx_word' id='word_1_83' title='bbox 1322 1199 1420 1252; x_wconf 90' lang='lat' dir='ltr'><strong>hoc</strong></span> <span class='ocrx_word' id='word_1_84' title='bbox 1445 1214 1691 1254; x_wconf 85' lang='lat' dir='ltr'><strong>sermone</strong></span> <span class='ocrx_word' id='word_1_85' title='bbox 1719 1215 1984 1268; x_wconf 88' lang='lat' dir='ltr'><strong>sensuque</strong></span> 
     </span>
    </p>
   </div>
   <div class='ocr_carea' id='block_1_13' title="bbox 409 1284 1982 1362">
    <p class='ocr_par' dir='ltr' id='par_1_13' title="bbox 409 1284 1982 1362">
     <span class='ocr_line' id='line_1_13' title="bbox 409 1284 1982 1362; baseline 0.008 -27"><span class='ocrx_word' id='word_1_86' title='bbox 409 1284 739 1352; x_wconf 63' lang='lat' dir='ltr'><strong>pratposilo,</strong></span> <span class='ocrx_word' id='word_1_87' title='bbox 786 1297 1174 1356; x_wconf 84' lang='lat' dir='ltr'><strong>consequenter</strong></span> <span class='ocrx_word' id='word_1_88' title='bbox 1213 1303 1274 1342; x_wconf 90' lang='lat' dir='ltr'><strong>ea</strong></span> <span class='ocrx_word' id='word_1_89' title='bbox 1313 1304 1432 1358; x_wconf 66' lang='lat' dir='ltr'><strong>quae</strong></span> <span class='ocrx_word' id='word_1_90' title='bbox 1473 1291 1705 1346; x_wconf 82' lang='lat' dir='ltr'><strong>diximus</strong></span> <span class='ocrx_word' id='word_1_91' title='bbox 1733 1296 1982 1362; x_wconf 88' lang='lat' dir='ltr'><strong>superius</strong></span> 
     </span>
    </p>
   </div>
   <div class='ocr_carea' id='block_1_14' title="bbox 371 1374 1978 1450">
    <p class='ocr_par' dir='ltr' id='par_1_14' title="bbox 371 1374 1978 1450">
     <span class='ocr_line' id='line_1_14' title="bbox 371 1374 1978 1450; baseline 0.007 -23"><span class='ocrx_word' id='word_1_92' title='bbox 371 1392 376 1398; x_wconf 91' lang='grc'><strong>·</strong></span> <span class='ocrx_word' id='word_1_93' title='bbox 413 1374 767 1444; x_wconf 66' lang='grc' dir='ltr'><strong>Ρειτὶειεεεε,</strong></span> <span class='ocrx_word' id='word_1_94' title='bbox 797 1380 955 1434; x_wconf 83' lang='lat' dir='ltr'><strong>habet</strong></span> <span class='ocrx_word' id='word_1_95' title='bbox 979 1391 1032 1434; x_wconf 89' lang='lat' dir='ltr'><strong>et</strong></span> <span class='ocrx_word' id='word_1_96' title='bbox 1057 1379 1256 1445; x_wconf 75' lang='lat' dir='ltr'><strong>Filius,</strong></span> <span class='ocrx_word' id='word_1_97' title='bbox 1290 1391 1345 1434; x_wconf 89' lang='lat' dir='ltr'><strong>ct</strong></span> <span class='ocrx_word' id='word_1_98' title='bbox 1382 1397 1501 1450; x_wconf 68' lang='lat' dir='ltr'><strong>qua:</strong></span> <span class='ocrx_word' id='word_1_99' title='bbox 1538 1381 1660 1436; x_wconf 88' lang='lat' dir='ltr'><strong>Filii</strong></span> <span class='ocrx_word' id='word_1_100' title='bbox 1698 1394 1844 1448; x_wconf 89' lang='lat' dir='ltr'><strong>sunt,</strong></span> <span class='ocrx_word' id='word_1_101' title='bbox 1881 1385 1978 1438; x_wconf 92' lang='lat' dir='ltr'><strong>ha-</strong></span> 
     </span>
    </p>
   </div>
   <div class='ocr_carea' id='block_1_15' title="bbox 379 1466 1984 1542">
    <p class='ocr_par' dir='ltr' id='par_1_15' title="bbox 379 1466 1984 1542">
     <span class='ocr_line' id='line_1_15' title="bbox 379 1466 1984 1542; baseline 0.004 -20"><span class='ocrx_word' id='word_1_102' title='bbox 379 1466 502 1530; x_wconf 19' lang='lat' dir='ltr'><strong>rbet</strong></span> <span class='ocrx_word' id='word_1_103' title='bbox 532 1477 584 1521; x_wconf 91' lang='lat' dir='ltr'><strong>et</strong></span> <span class='ocrx_word' id='word_1_104' title='bbox 613 1469 846 1538; x_wconf 77' lang='lat' dir='ltr'><strong>Spiritus</strong></span> <span class='ocrx_word' id='word_1_105' title='bbox 877 1480 1120 1525; x_wconf 89' lang='lat' dir='ltr'><strong>sanctus.</strong></span> <span class='ocrx_word' id='word_1_106' title='bbox 1160 1471 1248 1524; x_wconf 83' lang='lat' dir='ltr'><strong>Ait</strong></span> <span class='ocrx_word' id='word_1_107' title='bbox 1283 1473 1501 1542; x_wconf 85' lang='lat' dir='ltr'><strong>quippe,</strong></span> <span class='ocrx_word' id='word_1_108' title='bbox 1533 1491 1554 1524; x_wconf 70' lang='grc' dir='ltr'><strong><em>ι</em></strong></span> <span class='ocrx_word' id='word_1_109' title='bbox 1594 1477 1659 1528; x_wconf 92' lang='lat' dir='ltr'><strong>de</strong></span> <span class='ocrx_word' id='word_1_110' title='bbox 1683 1489 1801 1528; x_wconf 90' lang='lat' dir='ltr'><strong>meo</strong></span> <span class='ocrx_word' id='word_1_111' title='bbox 1839 1476 1984 1529; x_wconf 87' lang='lat' dir='ltr'><strong>acci-</strong></span> 
     </span>
    </p>
   </div>
   <div class='ocr_carea' id='block_1_16' title="bbox 410 1558 1984 1628">
    <p class='ocr_par' dir='ltr' id='par_1_16' title="bbox 410 1558 1984 1628">
     <span class='ocr_line' id='line_1_16' title="bbox 410 1558 1984 1628; baseline 0.006 -17"><span class='ocrx_word' id='word_1_112' title='bbox 410 1558 552 1627; x_wconf 87' lang='lat' dir='ltr'><strong>piet,</strong></span> <span class='ocrx_word' id='word_1_113' title='bbox 583 1570 860 1628; x_wconf 87' lang='lat' dir='ltr'><strong>propterea</strong></span> <span class='ocrx_word' id='word_1_114' title='bbox 901 1572 954 1616; x_wconf 91' lang='lat' dir='ltr'><strong>et</strong></span> <span class='ocrx_word' id='word_1_115' title='bbox 982 1573 1206 1618; x_wconf 87' lang='lat' dir='ltr'><strong>ventura</strong></span> <span class='ocrx_word' id='word_1_116' title='bbox 1250 1566 1591 1620; x_wconf 90' lang='lat' dir='ltr'><strong>annuntiabit</strong></span> <span class='ocrx_word' id='word_1_117' title='bbox 1618 1567 1786 1620; x_wconf 85' lang='lat' dir='ltr'><strong>vobis.</strong></span> <span class='ocrx_word' id='word_1_118' title='bbox 1823 1585 1841 1618; x_wconf 77' lang='grc' dir='ltr'><strong><em>ι</em></strong></span> <span class='ocrx_word' id='word_1_119' title='bbox 1879 1565 1984 1620; x_wconf 85' lang='lat' dir='ltr'><strong>Per</strong></span> 
     </span>
    </p>
   </div>
   <div class='ocr_carea' id='block_1_17' title="bbox 414 1651 1978 1722">
    <p class='ocr_par' dir='ltr' id='par_1_17' title="bbox 414 1651 1978 1722">
     <span class='ocr_line' id='line_1_17' title="bbox 414 1651 1978 1722; baseline 0.005 -18"><span class='ocrx_word' id='word_1_120' title='bbox 414 1651 672 1719; x_wconf 87' lang='lat' dir='ltr'><strong>Spiritum</strong></span> <span class='ocrx_word' id='word_1_121' title='bbox 696 1653 960 1722; x_wconf 82' lang='lat' dir='ltr'><strong>siquidem</strong></span> <span class='ocrx_word' id='word_1_122' title='bbox 988 1657 1254 1720; x_wconf 84' lang='lat' dir='ltr'><strong>veritatis,</strong></span> <span class='ocrx_word' id='word_1_123' title='bbox 1287 1658 1490 1711; x_wconf 87' lang='lat' dir='ltr'><strong>sanctis</strong></span> <span class='ocrx_word' id='word_1_124' title='bbox 1519 1657 1651 1711; x_wconf 86' lang='lat' dir='ltr'><strong>viris</strong></span> <span class='ocrx_word' id='word_1_125' title='bbox 1673 1656 1978 1712; x_wconf 83' lang='lat' dir='ltr'><strong>futurorum</strong></span> 
     </span>
    </p>
   </div>
   <div class='ocr_carea' id='block_1_18' title="bbox 410 1743 1980 1818">
    <p class='ocr_par' dir='ltr' id='par_1_18' title="bbox 410 1743 1980 1818">
     <span class='ocr_line' id='line_1_18' title="bbox 410 1743 1980 1818; baseline 0.003 -21"><span class='ocrx_word' id='word_1_126' title='bbox 410 1743 632 1797; x_wconf 89' lang='lat' dir='ltr'><strong>scientia</strong></span> <span class='ocrx_word' id='word_1_127' title='bbox 681 1755 831 1798; x_wconf 91' lang='lat' dir='ltr'><strong>certa</strong></span> <span class='ocrx_word' id='word_1_128' title='bbox 881 1747 1220 1801; x_wconf 88' lang='lat' dir='ltr'><strong>conceditur.</strong></span> <span class='ocrx_word' id='word_1_129' title='bbox 1262 1748 1412 1802; x_wconf 90' lang='lat' dir='ltr'><strong>Unde</strong></span> <span class='ocrx_word' id='word_1_130' title='bbox 1460 1757 1513 1802; x_wconf 85' lang='lat' dir='ltr'><strong>et</strong></span> <span class='ocrx_word' id='word_1_131' title='bbox 1555 1750 1825 1818; x_wconf 77' lang='lat' dir='ltr'><strong>propheta:</strong></span> <span class='ocrx_word' id='word_1_132' title='bbox 1871 1751 1980 1802; x_wconf 79' lang='lat' dir='ltr'><strong>&#39;hoc</strong></span> 
     </span>
    </p>
   </div>
   <div class='ocr_carea' id='block_1_19' title="bbox 2091 560 3654 630">
    <p class='ocr_par' dir='ltr' id='par_1_19' title="bbox 2091 560 3654 630">
     <span class='ocr_line' id='line_1_19' title="bbox 2091 560 3654 630; baseline -0.001 -16"><span class='ocrx_word' id='word_1_133' title='bbox 2091 563 2302 629; x_wconf 89' lang='lat' dir='ltr'><strong>spiritui</strong></span> <span class='ocrx_word' id='word_1_134' title='bbox 2369 571 2584 625; x_wconf 91' lang='lat' dir='ltr'><strong>nostro,</strong></span> <span class='ocrx_word' id='word_1_135' title='bbox 2644 563 2766 630; x_wconf 84' lang='lat' dir='ltr'><strong>quia</strong></span> <span class='ocrx_word' id='word_1_136' title='bbox 2833 577 3019 616; x_wconf 90' lang='lat' dir='ltr'><strong>sumus</strong></span> <span class='ocrx_word' id='word_1_137' title='bbox 3082 562 3173 615; x_wconf 90' lang='lat' dir='ltr'><strong>ﬁlii</strong></span> <span class='ocrx_word' id='word_1_138' title='bbox 3255 561 3370 616; x_wconf 87' lang='lat' dir='ltr'><strong>Dei.</strong></span> <span class='ocrx_word' id='word_1_139' title='bbox 3435 560 3491 614; x_wconf 89' lang='lat' dir='ltr'><strong>Si</strong></span> <span class='ocrx_word' id='word_1_140' title='bbox 3553 575 3654 612; x_wconf 86' lang='lat' dir='ltr'><strong>au-</strong></span> 
     </span>
    </p>
   </div>
   <div class='ocr_carea' id='block_1_20' title="bbox 2093 652 3654 722">
    <p class='ocr_par' dir='ltr' id='par_1_20' title="bbox 2093 652 3654 722">
     <span class='ocr_line' id='line_1_20' title="bbox 2093 652 3654 722; baseline 0.001 -16"><span class='ocrx_word' id='word_1_141' title='bbox 2093 665 2197 706; x_wconf 89' lang='lat' dir='ltr'><strong>tem</strong></span> <span class='ocrx_word' id='word_1_142' title='bbox 2239 653 2356 713; x_wconf 84' lang='lat' dir='ltr'><strong>ﬁlii,</strong></span> <span class='ocrx_word' id='word_1_143' title='bbox 2401 664 2449 706; x_wconf 93' lang='lat' dir='ltr'><strong>et</strong></span> <span class='ocrx_word' id='word_1_144' title='bbox 2487 655 2727 707; x_wconf 67' lang='lat' dir='ltr'><strong>haerentes</strong></span> <span class='ocrx_word' id='word_1_145' title='bbox 2756 672 2770 706; x_wconf 88' lang='lat'><strong>:</strong></span> <span class='ocrx_word' id='word_1_146' title='bbox 2804 655 3046 708; x_wconf 70' lang='lat' dir='ltr'><strong>hmredes</strong></span> <span class='ocrx_word' id='word_1_147' title='bbox 3075 654 3292 722; x_wconf 87' lang='lat' dir='ltr'><strong>quidem</strong></span> <span class='ocrx_word' id='word_1_148' title='bbox 3337 652 3452 717; x_wconf 87' lang='lat' dir='ltr'><strong>Dei,</strong></span> <span class='ocrx_word' id='word_1_149' title='bbox 3477 654 3654 707; x_wconf 67' lang='lat' dir='ltr'><strong>coha-</strong></span> 
     </span>
    </p>
   </div>
   <div class='ocr_carea' id='block_1_21' title="bbox 2091 742 3656 810">
    <p class='ocr_par' dir='ltr' id='par_1_21' title="bbox 2091 742 3656 810">
     <span class='ocr_line' id='line_1_21' title="bbox 2091 742 3656 810; baseline 0.001 -15"><span class='ocrx_word' id='word_1_150' title='bbox 2091 743 2243 796; x_wconf 90' lang='lat' dir='ltr'><strong>redes</strong></span> <span class='ocrx_word' id='word_1_151' title='bbox 2280 753 2458 796; x_wconf 88' lang='lat' dir='ltr'><strong>autem</strong></span> <span class='ocrx_word' id='word_1_152' title='bbox 2488 742 2687 796; x_wconf 85' lang='lat' dir='ltr'><strong>Christi</strong></span> <span class='ocrx_word' id='word_1_153' title='bbox 2731 761 2742 794; x_wconf 92' lang='lat'><strong>:</strong></span> <span class='ocrx_word' id='word_1_154' title='bbox 2789 744 2832 796; x_wconf 92' lang='lat' dir='ltr'><strong>si</strong></span> <span class='ocrx_word' id='word_1_155' title='bbox 2883 753 3062 798; x_wconf 90' lang='lat' dir='ltr'><strong>tamen</strong></span> <span class='ocrx_word' id='word_1_156' title='bbox 3109 743 3486 810; x_wconf 87' lang='lat' dir='ltr'><strong>compatimur,</strong></span> <span class='ocrx_word' id='word_1_157' title='bbox 3513 752 3570 794; x_wconf 91' lang='lat' dir='ltr'><strong>ut</strong></span> <span class='ocrx_word' id='word_1_158' title='bbox 3600 755 3656 796; x_wconf 92' lang='lat' dir='ltr'><strong>et</strong></span> 
     </span>
    </p>
   </div>
   <div class='ocr_carea' id='block_1_22' title="bbox 2087 834 3654 904">
    <p class='ocr_par' dir='ltr' id='par_1_22' title="bbox 2087 834 3654 904">
     <span class='ocr_line' id='line_1_22' title="bbox 2087 834 3654 904; baseline 0 -16"><span class='ocrx_word' id='word_1_159' title='bbox 2087 834 2646 904; x_wconf 79' lang='lat' dir='ltr'><strong>congloriticemur&quot;.</strong></span> <span class='ocrx_word' id='word_1_160' title='bbox 2691 853 2710 885; x_wconf 72' lang='grc' dir='ltr'><strong>ι</strong></span> <span class='ocrx_word' id='word_1_161' title='bbox 2748 835 2803 888; x_wconf 87' lang='grc' dir='ltr'><strong>1η</strong></span> <span class='ocrx_word' id='word_1_162' title='bbox 2853 835 3102 903; x_wconf 67' lang='lat' dir='ltr'><strong>praesenti</strong></span> <span class='ocrx_word' id='word_1_163' title='bbox 3134 836 3374 903; x_wconf 85' lang='lat' dir='ltr'><strong>Apostoli</strong></span> <span class='ocrx_word' id='word_1_164' title='bbox 3423 837 3654 904; x_wconf 91' lang='lat' dir='ltr'><strong>capitulo</strong></span> 
     </span>
    </p>
   </div>
   <div class='ocr_carea' id='block_1_23' title="bbox 2086 925 3654 994">
    <p class='ocr_par' dir='ltr' id='par_1_23' title="bbox 2086 925 3654 994">
     <span class='ocr_line' id='line_1_23' title="bbox 2086 925 3654 994; baseline 0 -17"><span class='ocrx_word' id='word_1_165' title='bbox 2086 926 2315 994; x_wconf 90' lang='lat' dir='ltr'><strong>plurima</strong></span> <span class='ocrx_word' id='word_1_166' title='bbox 2350 927 2417 978; x_wconf 92' lang='lat' dir='ltr'><strong>de</strong></span> <span class='ocrx_word' id='word_1_167' title='bbox 2450 927 2710 980; x_wconf 85' lang='lat' dir='ltr'><strong>societate</strong></span> <span class='ocrx_word' id='word_1_168' title='bbox 2741 925 2996 994; x_wconf 90' lang='lat' dir='ltr'><strong>Spiritus,</strong></span> <span class='ocrx_word' id='word_1_169' title='bbox 3030 941 3191 993; x_wconf 89' lang='lat' dir='ltr'><strong>quam</strong></span> <span class='ocrx_word' id='word_1_170' title='bbox 3217 927 3376 979; x_wconf 85' lang='lat' dir='ltr'><strong>habet</strong></span> <span class='ocrx_word' id='word_1_171' title='bbox 3408 942 3525 980; x_wconf 90' lang='lat' dir='ltr'><strong>cum</strong></span> <span class='ocrx_word' id='word_1_172' title='bbox 3555 925 3654 979; x_wconf 79' lang='lat' dir='ltr'><strong>Pa-</strong></span> 
     </span>
    </p>
   </div>
   <div class='ocr_carea' id='block_1_24' title="bbox 2089 1014 3654 1084">
    <p class='ocr_par' dir='ltr' id='par_1_24' title="bbox 2089 1014 3654 1084">
     <span class='ocr_line' id='line_1_24' title="bbox 2089 1014 3654 1084; baseline 0.003 -16"><span class='ocrx_word' id='word_1_173' title='bbox 2089 1024 2169 1068; x_wconf 92' lang='lat' dir='ltr'><strong>tre</strong></span> <span class='ocrx_word' id='word_1_174' title='bbox 2206 1025 2259 1067; x_wconf 90' lang='lat' dir='ltr'><strong>et</strong></span> <span class='ocrx_word' id='word_1_175' title='bbox 2307 1014 2444 1068; x_wconf 80' lang='lat' dir='ltr'><strong>Filio</strong></span> <span class='ocrx_word' id='word_1_176' title='bbox 2498 1015 2958 1069; x_wconf 90' lang='lat' dir='ltr'><strong>demonstrantur.</strong></span> <span class='ocrx_word' id='word_1_177' title='bbox 3011 1016 3102 1068; x_wconf 81' lang='lat' dir='ltr'><strong>Ait</strong></span> <span class='ocrx_word' id='word_1_178' title='bbox 3135 1017 3332 1084; x_wconf 86' lang='lat' dir='ltr'><strong>quippe</strong></span> <span class='ocrx_word' id='word_1_179' title='bbox 3369 1016 3654 1084; x_wconf 59' lang='lat' dir='ltr'><strong>Apostolus</strong></span> 
     </span>
    </p>
   </div>
   <div class='ocr_carea' id='block_1_25' title="bbox 2080 1103 3651 1175">
    <p class='ocr_par' dir='ltr' id='par_1_25' title="bbox 2080 1103 3651 1175">
     <span class='ocr_line' id='line_1_25' title="bbox 2080 1103 3651 1175; baseline 0.001 -18"><span class='ocrx_word' id='word_1_180' title='bbox 2080 1103 2522 1172; x_wconf 82' lang='lat' dir='ltr'><strong>justiﬁcationetn</strong></span> <span class='ocrx_word' id='word_1_181' title='bbox 2557 1106 2819 1168; x_wconf 82' lang='lat' dir='ltr'><strong>divinam,</strong></span> <span class='ocrx_word' id='word_1_182' title='bbox 2862 1115 2913 1159; x_wconf 88' lang='lat' dir='ltr'><strong>et</strong></span> <span class='ocrx_word' id='word_1_183' title='bbox 2948 1106 3243 1174; x_wconf 88' lang='lat' dir='ltr'><strong>spiritualis</strong></span> <span class='ocrx_word' id='word_1_184' title='bbox 3279 1106 3410 1175; x_wconf 88' lang='lat' dir='ltr'><strong>legis</strong></span> <span class='ocrx_word' id='word_1_185' title='bbox 3454 1107 3651 1174; x_wconf 88' lang='lat' dir='ltr'><strong>expleri</strong></span> 
     </span>
    </p>
   </div>
   <div class='ocr_carea' id='block_1_26' title="bbox 2089 1195 3652 1267">
    <p class='ocr_par' dir='ltr' id='par_1_26' title="bbox 2089 1195 3652 1267">
     <span class='ocr_line' id='line_1_26' title="bbox 2089 1195 3652 1267; baseline 0 -18"><span class='ocrx_word' id='word_1_186' title='bbox 2089 1198 2139 1250; x_wconf 94' lang='lat' dir='ltr'><strong>in</strong></span> <span class='ocrx_word' id='word_1_187' title='bbox 2178 1197 2261 1251; x_wconf 90' lang='lat' dir='ltr'><strong>his</strong></span> <span class='ocrx_word' id='word_1_188' title='bbox 2301 1215 2313 1249; x_wconf 90' lang='lat'><strong>:</strong></span> <span class='ocrx_word' id='word_1_189' title='bbox 2351 1211 2453 1250; x_wconf 93' lang='lat' dir='ltr'><strong>non</strong></span> <span class='ocrx_word' id='word_1_190' title='bbox 2490 1197 2578 1266; x_wconf 91' lang='lat' dir='ltr'><strong>qui</strong></span> <span class='ocrx_word' id='word_1_191' title='bbox 2606 1197 2761 1265; x_wconf 82' lang='lat' dir='ltr'><strong>juxta</strong></span> <span class='ocrx_word' id='word_1_192' title='bbox 2795 1211 3012 1250; x_wconf 91' lang='lat' dir='ltr'><strong>carnem</strong></span> <span class='ocrx_word' id='word_1_193' title='bbox 3043 1195 3338 1260; x_wconf 86' lang='lat' dir='ltr'><strong>ambulant,</strong></span> <span class='ocrx_word' id='word_1_194' title='bbox 3375 1199 3466 1250; x_wconf 91' lang='lat' dir='ltr'><strong>sed</strong></span> <span class='ocrx_word' id='word_1_195' title='bbox 3501 1199 3652 1267; x_wconf 87' lang='lat' dir='ltr'><strong>juxta</strong></span> 
     </span>
    </p>
   </div>
   <div class='ocr_carea' id='block_1_27' title="bbox 2085 1288 3648 1358">
    <p class='ocr_par' dir='ltr' id='par_1_27' title="bbox 2085 1288 3648 1358">
     <span class='ocr_line' id='line_1_27' title="bbox 2085 1288 3648 1358; baseline -0.001 -16"><span class='ocrx_word' id='word_1_196' title='bbox 2085 1288 2553 1358; x_wconf 63' lang='lat' dir='ltr'><strong>Spiritum-Juxta</strong></span> <span class='ocrx_word' id='word_1_197' title='bbox 2584 1304 2802 1343; x_wconf 88' lang='lat' dir='ltr'><strong>carnem</strong></span> <span class='ocrx_word' id='word_1_198' title='bbox 2834 1289 3218 1351; x_wconf 84' lang='lat' dir='ltr'><strong>ambulantem,</strong></span> <span class='ocrx_word' id='word_1_199' title='bbox 3259 1303 3380 1342; x_wconf 90' lang='lat' dir='ltr'><strong>eum</strong></span> <span class='ocrx_word' id='word_1_200' title='bbox 3417 1288 3506 1356; x_wconf 90' lang='lat' dir='ltr'><strong>qui</strong></span> <span class='ocrx_word' id='word_1_201' title='bbox 3553 1303 3648 1357; x_wconf 89' lang='lat' dir='ltr'><strong>per</strong></span> 
     </span>
    </p>
   </div>
   <div class='ocr_carea' id='block_1_28' title="bbox 2085 1379 3650 1449">
    <p class='ocr_par' dir='ltr' id='par_1_28' title="bbox 2085 1379 3650 1449">
     <span class='ocr_line' id='line_1_28' title="bbox 2085 1379 3650 1449; baseline 0.001 -19"><span class='ocrx_word' id='word_1_202' title='bbox 2085 1381 2384 1449; x_wconf 83' lang='lat' dir='ltr'><strong>voluptates</strong></span> <span class='ocrx_word' id='word_1_203' title='bbox 2402 1381 2530 1433; x_wconf 92' lang='lat' dir='ltr'><strong>vitia</strong></span> <span class='ocrx_word' id='word_1_204' title='bbox 2556 1381 2736 1435; x_wconf 89' lang='lat' dir='ltr'><strong>carnis</strong></span> <span class='ocrx_word' id='word_1_205' title='bbox 2756 1381 2968 1446; x_wconf 91' lang='lat' dir='ltr'><strong>corpori</strong></span> <span class='ocrx_word' id='word_1_206' title='bbox 2993 1379 3272 1446; x_wconf 88' lang='lat' dir='ltr'><strong>copulatus</strong></span> <span class='ocrx_word' id='word_1_207' title='bbox 3290 1421 3306 1446; x_wconf 88' lang='lat'><strong>,</strong></span> <span class='ocrx_word' id='word_1_208' title='bbox 3334 1379 3650 1436; x_wconf 82' lang='lat' dir='ltr'><strong>facitontnia</strong></span> 
     </span>
    </p>
   </div>
   <div class='ocr_carea' id='block_1_29' title="bbox 2083 1469 3652 1542">
    <p class='ocr_par' dir='ltr' id='par_1_29' title="bbox 2083 1469 3652 1542">
     <span class='ocr_line' id='line_1_29' title="bbox 2083 1469 3652 1542; baseline -0.001 -19"><span class='ocrx_word' id='word_1_209' title='bbox 2083 1487 2204 1540; x_wconf 83' lang='lat' dir='ltr'><strong>quae</strong></span> <span class='ocrx_word' id='word_1_210' title='bbox 2237 1471 2418 1525; x_wconf 82' lang='lat' dir='ltr'><strong>carnis</strong></span> <span class='ocrx_word' id='word_1_211' title='bbox 2447 1481 2572 1524; x_wconf 90' lang='lat' dir='ltr'><strong>sunt</strong></span> <span class='ocrx_word' id='word_1_212' title='bbox 2621 1471 2726 1542; x_wconf 81' lang='grc' dir='ltr'><strong>[αι.</strong></span> <span class='ocrx_word' id='word_1_213' title='bbox 2778 1469 2931 1541; x_wconf 92' lang='lat' dir='ltr'><strong>esse]</strong></span> <span class='ocrx_word' id='word_1_214' title='bbox 2967 1479 3020 1524; x_wconf 90' lang='lat' dir='ltr'><strong>et</strong></span> <span class='ocrx_word' id='word_1_215' title='bbox 3045 1471 3285 1538; x_wconf 89' lang='lat' dir='ltr'><strong>corporis</strong></span> <span class='ocrx_word' id='word_1_216' title='bbox 3319 1485 3501 1538; x_wconf 87' lang='lat' dir='ltr'><strong>opera,</strong></span> <span class='ocrx_word' id='word_1_217' title='bbox 3528 1485 3652 1536; x_wconf 90' lang='lat' dir='ltr'><strong>apo-</strong></span> 
     </span>
    </p>
   </div>
   <div class='ocr_carea' id='block_1_30' title="bbox 2081 1559 3649 1633">
    <p class='ocr_par' dir='ltr' id='par_1_30' title="bbox 2081 1559 3649 1633">
     <span class='ocr_line' id='line_1_30' title="bbox 2081 1559 3649 1633; baseline -0.001 -17"><span class='ocrx_word' id='word_1_218' title='bbox 2081 1562 2304 1617; x_wconf 91' lang='lat' dir='ltr'><strong>stolicus</strong></span> <span class='ocrx_word' id='word_1_219' title='bbox 2330 1576 2509 1616; x_wconf 88' lang='lat' dir='ltr'><strong>sermo</strong></span> <span class='ocrx_word' id='word_1_220' title='bbox 2537 1563 2820 1630; x_wconf 86' lang='lat' dir='ltr'><strong>descripsit</strong></span> <span class='ocrx_word' id='word_1_221' title='bbox 2845 1561 2940 1633; x_wconf 78' lang='grc' dir='ltr'><strong>[ίιΙ.</strong></span> <span class='ocrx_word' id='word_1_222' title='bbox 2969 1560 3285 1632; x_wconf 89' lang='lat' dir='ltr'><strong>describit].</strong></span> <span class='ocrx_word' id='word_1_223' title='bbox 3315 1559 3649 1630; x_wconf 83' lang='lat' dir='ltr'><strong>Porrojuxta</strong></span> 
     </span>
    </p>
   </div>
   <div class='ocr_carea' id='block_1_31' title="bbox 2085 1649 3651 1721">
    <p class='ocr_par' dir='ltr' id='par_1_31' title="bbox 2085 1649 3651 1721">
     <span class='ocr_line' id='line_1_31' title="bbox 2085 1649 3651 1721; baseline 0 -15"><span class='ocrx_word' id='word_1_224' title='bbox 2085 1649 2343 1721; x_wconf 90' lang='lat' dir='ltr'><strong>Spiritum</strong></span> <span class='ocrx_word' id='word_1_225' title='bbox 2373 1652 2734 1705; x_wconf 80' lang='lat' dir='ltr'><strong>ambulantem</strong></span> <span class='ocrx_word' id='word_1_226' title='bbox 2778 1667 2926 1715; x_wconf 92' lang='lat' dir='ltr'><strong>eum,</strong></span> <span class='ocrx_word' id='word_1_227' title='bbox 2971 1654 3061 1721; x_wconf 92' lang='lat' dir='ltr'><strong>qui</strong></span> <span class='ocrx_word' id='word_1_228' title='bbox 3100 1653 3153 1706; x_wconf 92' lang='lat' dir='ltr'><strong>in</strong></span> <span class='ocrx_word' id='word_1_229' title='bbox 3203 1653 3484 1721; x_wconf 67' lang='lat' dir='ltr'><strong>praeceptis</strong></span> <span class='ocrx_word' id='word_1_230' title='bbox 3522 1652 3651 1721; x_wconf 83' lang='lat' dir='ltr'><strong>legis</strong></span> 
     </span>
    </p>
   </div>
   <div class='ocr_carea' id='block_1_32' title="bbox 2082 1744 3649 1813">
    <p class='ocr_par' dir='ltr' id='par_1_32' title="bbox 2082 1744 3649 1813">
     <span class='ocr_line' id='line_1_32' title="bbox 2082 1744 3649 1813; baseline 0 -15"><span class='ocrx_word' id='word_1_231' title='bbox 2082 1744 2175 1799; x_wconf 90' lang='lat' dir='ltr'><strong>Dei</strong></span> <span class='ocrx_word' id='word_1_232' title='bbox 2203 1754 2256 1798; x_wconf 90' lang='lat' dir='ltr'><strong>et</strong></span> <span class='ocrx_word' id='word_1_233' title='bbox 2279 1744 2550 1811; x_wconf 84' lang='lat' dir='ltr'><strong>Evangelii</strong></span> <span class='ocrx_word' id='word_1_234' title='bbox 2588 1745 2862 1813; x_wconf 90' lang='lat' dir='ltr'><strong>gradiens,</strong></span> <span class='ocrx_word' id='word_1_235' title='bbox 2893 1745 3254 1812; x_wconf 88' lang='lat' dir='ltr'><strong>spiritualium</strong></span> <span class='ocrx_word' id='word_1_236' title='bbox 3286 1745 3533 1812; x_wconf 89' lang='lat' dir='ltr'><strong>sequitur</strong></span> <span class='ocrx_word' id='word_1_237' title='bbox 3559 1759 3649 1798; x_wconf 88' lang='lat' dir='ltr'><strong>or-</strong></span> 
     </span>
    </p>
   </div>
   <div class='ocr_carea' id='block_1_33' title="bbox 412 1823 3646 1908">
    <p class='ocr_par' dir='ltr' id='par_1_33' title="bbox 412 1823 3646 1908">
     <span class='ocr_line' id='line_1_33' title="bbox 412 1823 3646 1908; baseline 0 -21"><span class='ocrx_word' id='word_1_238' title='bbox 412 1834 598 1888; x_wconf 89' lang='lat' dir='ltr'><strong>eodem</strong></span> <span class='ocrx_word' id='word_1_239' title='bbox 623 1834 808 1904; x_wconf 87' lang='lat' dir='ltr'><strong>repleti</strong></span> <span class='ocrx_word' id='word_1_240' title='bbox 845 1835 1067 1905; x_wconf 86' lang='lat' dir='ltr'><strong>Spiritu,</strong></span> <span class='ocrx_word' id='word_1_241' title='bbox 1103 1839 1537 1907; x_wconf 61' lang='lat' dir='ltr'><strong>praenuntiabant</strong></span> <span class='ocrx_word' id='word_1_242' title='bbox 1560 1853 1720 1893; x_wconf 90' lang='lat' dir='ltr'><strong>sensu</strong></span> <span class='ocrx_word' id='word_1_243' title='bbox 1753 1839 1888 1908; x_wconf 76' lang='lat'><strong>(92),</strong></span> <span class='ocrx_word' id='word_1_244' title='bbox 1924 1849 1980 1894; x_wconf 90' lang='lat' dir='ltr'><strong>et</strong></span> <span class='ocrx_word' id='word_1_245' title='bbox 2010 1823 2052 1878; x_wconf 75' lang='grc' dir='ltr'><strong>Β</strong></span> <span class='ocrx_word' id='word_1_246' title='bbox 2084 1836 2259 1890; x_wconf 88' lang='lat' dir='ltr'><strong>dinem</strong></span> <span class='ocrx_word' id='word_1_247' title='bbox 2292 1835 2690 1890; x_wconf 85' lang='lat' dir='ltr'><strong>mandatorum.</strong></span> <span class='ocrx_word' id='word_1_248' title='bbox 2734 1834 3012 1904; x_wconf 89' lang='lat' dir='ltr'><strong>Siquidem</strong></span> <span class='ocrx_word' id='word_1_249' title='bbox 3053 1835 3194 1889; x_wconf 89' lang='lat' dir='ltr'><strong>sicut</strong></span> <span class='ocrx_word' id='word_1_250' title='bbox 3233 1835 3527 1890; x_wconf 88' lang='lat' dir='ltr'><strong>carnalium</strong></span> <span class='ocrx_word' id='word_1_251' title='bbox 3567 1836 3646 1888; x_wconf 87' lang='lat' dir='ltr'><strong>vi-</strong></span> 
     </span>
    </p>
   </div>
   <div class='ocr_carea' id='block_1_34' title="bbox 410 1927 1976 2002">
    <p class='ocr_par' dir='ltr' id='par_1_34' title="bbox 410 1927 1976 2002">
     <span class='ocr_line' id='line_1_34' title="bbox 410 1927 1976 2002; baseline 0.004 -22"><span class='ocrx_word' id='word_1_252' title='bbox 410 1927 564 1996; x_wconf 89' lang='lat' dir='ltr'><strong>quasi</strong></span> <span class='ocrx_word' id='word_1_253' title='bbox 612 1927 892 1997; x_wconf 66' lang='lat' dir='ltr'><strong>prmsentia</strong></span> <span class='ocrx_word' id='word_1_254' title='bbox 936 1929 1325 1996; x_wconf 49' lang='lat' dir='ltr'><strong>intuebantur).</strong></span> <span class='ocrx_word' id='word_1_255' title='bbox 1353 1947 1474 2002; x_wconf 64' lang='lat' dir='ltr'><strong>qua)</strong></span> <span class='ocrx_word' id='word_1_256' title='bbox 1517 1941 1676 1988; x_wconf 88' lang='lat' dir='ltr'><strong>erant</strong></span> <span class='ocrx_word' id='word_1_257' title='bbox 1718 1932 1976 2000; x_wconf 87' lang='lat' dir='ltr'><strong>deinceps</strong></span> 
     </span>
    </p>
   </div>
   <div class='ocr_carea' id='block_1_35' title="bbox 410 2019 1978 2094">
    <p class='ocr_par' dir='ltr' id='par_1_35' title="bbox 410 2019 1978 2094">
     <span class='ocr_line' id='line_1_35' title="bbox 410 2019 1978 2094; baseline 0.002 -20"><span class='ocrx_word' id='word_1_258' title='bbox 410 2033 679 2074; x_wconf 88' lang='lat' dir='ltr'><strong>secutura.</strong></span> <span class='ocrx_word' id='word_1_259' title='bbox 711 2019 858 2075; x_wconf 87' lang='lat' dir='ltr'><strong>Satis</strong></span> <span class='ocrx_word' id='word_1_260' title='bbox 892 2022 1007 2077; x_wconf 67' lang='lat' dir='ltr'><strong>haec</strong></span> <span class='ocrx_word' id='word_1_261' title='bbox 1041 2023 1360 2094; x_wconf 88' lang='lat' dir='ltr'><strong>abundeque</strong></span> <span class='ocrx_word' id='word_1_262' title='bbox 1383 2024 1542 2090; x_wconf 88' lang='lat' dir='ltr'><strong>juxta</strong></span> <span class='ocrx_word' id='word_1_263' title='bbox 1580 2022 1778 2092; x_wconf 77' lang='lat' dir='ltr'><strong>ingenii</strong></span> <span class='ocrx_word' id='word_1_264' title='bbox 1810 2023 1978 2077; x_wconf 87' lang='lat' dir='ltr'><strong>nostri</strong></span> 
     </span>
    </p>
   </div>
   <div class='ocr_carea' id='block_1_36' title="bbox 400 2110 1980 2182">
    <p class='ocr_par' dir='ltr' id='par_1_36' title="bbox 400 2110 1980 2182">
     <span class='ocr_line' id='line_1_36' title="bbox 400 2110 1980 2182; baseline 0.002 -19"><span class='ocrx_word' id='word_1_265' title='bbox 400 2118 779 2180; x_wconf 76' lang='lat' dir='ltr'><strong>paupertatem</strong></span> <span class='ocrx_word' id='word_1_266' title='bbox 805 2110 870 2164; x_wconf 91' lang='lat' dir='ltr'><strong>de</strong></span> <span class='ocrx_word' id='word_1_267' title='bbox 907 2112 1159 2180; x_wconf 65' lang='lat' dir='ltr'><strong>praesenti</strong></span> <span class='ocrx_word' id='word_1_268' title='bbox 1197 2112 1471 2181; x_wconf 83' lang='lat' dir='ltr'><strong>Evangelii</strong></span> <span class='ocrx_word' id='word_1_269' title='bbox 1512 2112 1746 2182; x_wconf 89' lang='lat' dir='ltr'><strong>capitulo</strong></span> <span class='ocrx_word' id='word_1_270' title='bbox 1777 2113 1980 2167; x_wconf 84' lang='lat' dir='ltr'><strong>dixisse</strong></span> 
     </span>
    </p>
   </div>
   <div class='ocr_carea' id='block_1_37' title="bbox 407 2200 1980 2270">
    <p class='ocr_par' dir='ltr' id='par_1_37' title="bbox 407 2200 1980 2270">
     <span class='ocr_line' id='line_1_37' title="bbox 407 2200 1980 2270; baseline 0.003 -16"><span class='ocrx_word' id='word_1_271' title='bbox 407 2200 658 2255; x_wconf 74' lang='lat' dir='ltr'><strong>sulliciat.</strong></span> <span class='ocrx_word' id='word_1_272' title='bbox 695 2201 748 2256; x_wconf 92' lang='lat' dir='ltr'><strong>Si</strong></span> <span class='ocrx_word' id='word_1_273' title='bbox 793 2203 989 2270; x_wconf 87' lang='lat' dir='ltr'><strong>quibus</strong></span> <span class='ocrx_word' id='word_1_274' title='bbox 1017 2212 1194 2257; x_wconf 90' lang='lat' dir='ltr'><strong>autem</strong></span> <span class='ocrx_word' id='word_1_275' title='bbox 1226 2204 1481 2258; x_wconf 91' lang='lat' dir='ltr'><strong>Dominus</strong></span> <span class='ocrx_word' id='word_1_276' title='bbox 1528 2204 1885 2268; x_wconf 86' lang='lat' dir='ltr'><strong>revelaverit,</strong></span> <span class='ocrx_word' id='word_1_277' title='bbox 1925 2213 1980 2258; x_wconf 89' lang='lat' dir='ltr'><strong>et</strong></span> 
     </span>
    </p>
   </div>
   <div class='ocr_carea' id='block_1_38' title="bbox 383 2288 1980 2364">
    <p class='ocr_par' dir='ltr' id='par_1_38' title="bbox 383 2288 1980 2364">
     <span class='ocr_line' id='line_1_38' title="bbox 383 2288 1980 2364; baseline 0.001 -18"><span class='ocrx_word' id='word_1_278' title='bbox 383 2288 464 2346; x_wconf 69' lang='lat' dir='ltr'><strong>:iu</strong></span> <span class='ocrx_word' id='word_1_279' title='bbox 487 2293 738 2346; x_wconf 86' lang='lat' dir='ltr'><strong>viciniam</strong></span> <span class='ocrx_word' id='word_1_280' title='bbox 757 2293 1004 2348; x_wconf 85' lang='lat' dir='ltr'><strong>veritatis</strong></span> <span class='ocrx_word' id='word_1_281' title='bbox 1031 2293 1246 2348; x_wconf 91' lang='lat' dir='ltr'><strong>adducti</strong></span> <span class='ocrx_word' id='word_1_282' title='bbox 1269 2305 1417 2358; x_wconf 91' lang='lat' dir='ltr'><strong>sunt,</strong></span> <span class='ocrx_word' id='word_1_283' title='bbox 1449 2295 1724 2364; x_wconf 77' lang='lat' dir='ltr'><strong>magisque</strong></span> <span class='ocrx_word' id='word_1_284' title='bbox 1754 2302 1980 2362; x_wconf 90' lang='lat' dir='ltr'><strong>possunt</strong></span> 
     </span>
    </p>
   </div>
   <div class='ocr_carea' id='block_1_39' title="bbox 384 2383 1976 2454">
    <p class='ocr_par' dir='ltr' id='par_1_39' title="bbox 384 2383 1976 2454">
     <span class='ocr_line' id='line_1_39' title="bbox 384 2383 1976 2454; baseline 0.003 -18"><span class='ocrx_word' id='word_1_285' title='bbox 384 2397 632 2438; x_wconf 56' lang='lat' dir='ltr'><strong>«cernere</strong></span> <span class='ocrx_word' id='word_1_286' title='bbox 661 2385 961 2447; x_wconf 82' lang='lat' dir='ltr'><strong>veritatem,</strong></span> <span class='ocrx_word' id='word_1_287' title='bbox 985 2383 1336 2454; x_wconf 78' lang='lat' dir='ltr'><strong>diSputationi</strong></span> <span class='ocrx_word' id='word_1_288' title='bbox 1367 2385 1578 2440; x_wconf 90' lang='lat' dir='ltr'><strong>illorum</strong></span> <span class='ocrx_word' id='word_1_289' title='bbox 1609 2386 1976 2440; x_wconf 88' lang='lat' dir='ltr'><strong>concedamus</strong></span> 
     </span>
    </p>
   </div>
   <div class='ocr_carea' id='block_1_40' title="bbox 394 2475 1978 2546">
    <p class='ocr_par' dir='ltr' id='par_1_40' title="bbox 394 2475 1978 2546">
     <span class='ocr_line' id='line_1_40' title="bbox 394 2475 1978 2546; baseline 0.002 -18"><span class='ocrx_word' id='word_1_290' title='bbox 394 2475 654 2540; x_wconf 81' lang='lat' dir='ltr'><strong>meliora,</strong></span> <span class='ocrx_word' id='word_1_291' title='bbox 691 2475 890 2544; x_wconf 89' lang='lat' dir='ltr'><strong>quibus</strong></span> <span class='ocrx_word' id='word_1_292' title='bbox 920 2476 1006 2530; x_wconf 92' lang='lat' dir='ltr'><strong>ille</strong></span> <span class='ocrx_word' id='word_1_293' title='bbox 1035 2475 1359 2545; x_wconf 75' lang='lat' dir='ltr'><strong>suffragatur</strong></span> <span class='ocrx_word' id='word_1_294' title='bbox 1380 2477 1470 2546; x_wconf 91' lang='lat' dir='ltr'><strong>qui</strong></span> <span class='ocrx_word' id='word_1_295' title='bbox 1503 2485 1587 2532; x_wconf 86' lang='lat' dir='ltr'><strong>est</strong></span> <span class='ocrx_word' id='word_1_296' title='bbox 1618 2475 1853 2546; x_wconf 90' lang='lat' dir='ltr'><strong>Spiritus</strong></span> <span class='ocrx_word' id='word_1_297' title='bbox 1883 2492 1978 2531; x_wconf 87' lang='lat' dir='ltr'><strong>ve—</strong></span> 
     </span>
    </p>
   </div>
   <div class='ocr_carea' id='block_1_41' title="bbox 397 2565 1978 2638">
    <p class='ocr_par' dir='ltr' id='par_1_41' title="bbox 397 2565 1978 2638">
     <span class='ocr_line' id='line_1_41' title="bbox 397 2565 1978 2638; baseline 0.003 -20"><span class='ocrx_word' id='word_1_298' title='bbox 397 2565 590 2619; x_wconf 74' lang='lat' dir='ltr'><strong>ritatis</strong></span> <span class='ocrx_word' id='word_1_299' title='bbox 619 2583 634 2619; x_wconf 90' lang='lat'>:</span> <span class='ocrx_word' id='word_1_300' title='bbox 663 2575 718 2620; x_wconf 88' lang='lat' dir='ltr'><strong>et</strong></span> <span class='ocrx_word' id='word_1_301' title='bbox 735 2565 973 2636; x_wconf 87' lang='lat' dir='ltr'><strong>petimus</strong></span> <span class='ocrx_word' id='word_1_302' title='bbox 999 2581 1092 2623; x_wconf 92' lang='lat' dir='ltr'><strong>eos</strong></span> <span class='ocrx_word' id='word_1_303' title='bbox 1122 2568 1212 2635; x_wconf 91' lang='lat' dir='ltr'><strong>qui</strong></span> <span class='ocrx_word' id='word_1_304' title='bbox 1231 2567 1423 2622; x_wconf 90' lang='lat' dir='ltr'><strong>lecturi</strong></span> <span class='ocrx_word' id='word_1_305' title='bbox 1446 2575 1594 2627; x_wconf 88' lang='lat' dir='ltr'><strong>sunt,</strong></span> <span class='ocrx_word' id='word_1_306' title='bbox 1619 2577 1677 2621; x_wconf 90' lang='lat' dir='ltr'><strong>ut</strong></span> <span class='ocrx_word' id='word_1_307' title='bbox 1700 2568 1978 2638; x_wconf 74' lang='lat' dir='ltr'><strong>ignoscant</strong></span> 
     </span>
    </p>
   </div>
   <div class='ocr_carea' id='block_1_42' title="bbox 409 2655 1976 2726">
    <p class='ocr_par' dir='ltr' id='par_1_42' title="bbox 409 2655 1976 2726">
     <span class='ocr_line' id='line_1_42' title="bbox 409 2655 1976 2726; baseline 0.001 -16"><span class='ocrx_word' id='word_1_308' title='bbox 409 2655 720 2724; x_wconf 61' lang='lat' dir='ltr'><strong>imperitiae,</strong></span> <span class='ocrx_word' id='word_1_309' title='bbox 753 2657 1038 2726; x_wconf 80' lang='lat' dir='ltr'><strong>studioque</strong></span> <span class='ocrx_word' id='word_1_310' title='bbox 1081 2658 1208 2713; x_wconf 90' lang='lat' dir='ltr'><strong>dent</strong></span> <span class='ocrx_word' id='word_1_311' title='bbox 1253 2659 1462 2712; x_wconf 88' lang='lat' dir='ltr'><strong>veniam</strong></span> <span class='ocrx_word' id='word_1_312' title='bbox 1490 2697 1508 2724; x_wconf 89' lang='lat'><strong>,</strong></span> <span class='ocrx_word' id='word_1_313' title='bbox 1532 2659 1767 2726; x_wconf 91' lang='lat' dir='ltr'><strong>cupienti</strong></span> <span class='ocrx_word' id='word_1_314' title='bbox 1807 2668 1976 2714; x_wconf 89' lang='lat' dir='ltr'><strong>totum</strong></span> 
     </span>
    </p>
   </div>
   <div class='ocr_carea' id='block_1_43' title="bbox 409 2745 1978 2819">
    <p class='ocr_par' dir='ltr' id='par_1_43' title="bbox 409 2745 1978 2819">
     <span class='ocr_line' id='line_1_43' title="bbox 409 2745 1978 2819; baseline 0.003 -19"><span class='ocrx_word' id='word_1_315' title='bbox 409 2745 520 2800; x_wconf 89' lang='lat' dir='ltr'><strong>Deo</strong></span> <span class='ocrx_word' id='word_1_316' title='bbox 541 2745 906 2816; x_wconf 78' lang='lat' dir='ltr'><strong>oll‘errequod</strong></span> <span class='ocrx_word' id='word_1_317' title='bbox 942 2748 1135 2818; x_wconf 89' lang='lat' dir='ltr'><strong>potuit,</strong></span> <span class='ocrx_word' id='word_1_318' title='bbox 1163 2748 1288 2804; x_wconf 89' lang='lat' dir='ltr'><strong>licet</strong></span> <span class='ocrx_word' id='word_1_319' title='bbox 1313 2764 1464 2803; x_wconf 88' lang='lat' dir='ltr'><strong>suam</strong></span> <span class='ocrx_word' id='word_1_320' title='bbox 1493 2764 1600 2804; x_wconf 91' lang='lat' dir='ltr'><strong>non</strong></span> <span class='ocrx_word' id='word_1_321' title='bbox 1623 2750 1857 2819; x_wconf 90' lang='lat' dir='ltr'><strong>quiverit</strong></span> <span class='ocrx_word' id='word_1_322' title='bbox 1878 2751 1978 2805; x_wconf 92' lang='lat' dir='ltr'><strong>im-</strong></span> 
     </span>
    </p>
   </div>
   <div class='ocr_carea' id='block_1_44' title="bbox 406 2839 927 2910">
    <p class='ocr_par' dir='ltr' id='par_1_44' title="bbox 406 2839 927 2910">
     <span class='ocr_line' id='line_1_44' title="bbox 406 2839 927 2910; baseline 0.004 -18"><span class='ocrx_word' id='word_1_323' title='bbox 406 2839 557 2910; x_wconf 88' lang='lat' dir='ltr'><strong>plere</strong></span> <span class='ocrx_word' id='word_1_324' title='bbox 577 2839 927 2894; x_wconf 88' lang='lat' dir='ltr'><strong>voluntatem.</strong></span> 
     </span>
    </p>
   </div>
   <div class='ocr_carea' id='block_1_45' title="bbox 480 2931 1978 3008">
    <p class='ocr_par' dir='ltr' id='par_1_45' title="bbox 480 2931 1978 3008">
     <span class='ocr_line' id='line_1_45' title="bbox 480 2931 1978 3008; baseline 0.005 -22"><span class='ocrx_word' id='word_1_325' title='bbox 480 2933 571 2990; x_wconf 74' lang='lat'><strong>59.</strong></span> <span class='ocrx_word' id='word_1_326' title='bbox 611 2931 978 3002; x_wconf 90' lang='lat' dir='ltr'><strong>Proponamus</strong></span> <span class='ocrx_word' id='word_1_327' title='bbox 1009 2944 1063 2989; x_wconf 90' lang='lat' dir='ltr'><strong>et</strong></span> <span class='ocrx_word' id='word_1_328' title='bbox 1084 2935 1321 3004; x_wconf 84' lang='lat' dir='ltr'><strong>Apostoli</strong></span> <span class='ocrx_word' id='word_1_329' title='bbox 1346 2937 1411 2990; x_wconf 88' lang='lat' dir='ltr'><strong>ad</strong></span> <span class='ocrx_word' id='word_1_330' title='bbox 1429 2935 1703 2992; x_wconf 74' lang='lat' dir='ltr'><strong>Romanos</strong></span> <span class='ocrx_word' id='word_1_331' title='bbox 1729 2937 1978 3008; x_wconf 71' lang='lat' dir='ltr'><strong>Epistola:</strong></span> 
     </span>
    </p>
   </div>
   <div class='ocr_carea' id='block_1_46' title="bbox 409 3025 1978 3101">
    <p class='ocr_par' dir='ltr' id='par_1_46' title="bbox 409 3025 1978 3101">
     <span class='ocr_line' id='line_1_46' title="bbox 409 3025 1978 3101; baseline 0.005 -22"><span class='ocrx_word' id='word_1_332' title='bbox 409 3025 798 3089; x_wconf 86' lang='lat' dir='ltr'><strong>testimonium,</strong></span> <span class='ocrx_word' id='word_1_333' title='bbox 853 3040 1081 3096; x_wconf 71' lang='lat' dir='ltr'><strong>qumque</strong></span> <span class='ocrx_word' id='word_1_334' title='bbox 1120 3029 1274 3082; x_wconf 89' lang='lat' dir='ltr'><strong>nobis</strong></span> <span class='ocrx_word' id='word_1_335' title='bbox 1316 3030 1368 3082; x_wconf 88' lang='lat' dir='ltr'><strong>in</strong></span> <span class='ocrx_word' id='word_1_336' title='bbox 1415 3030 1502 3083; x_wconf 89' lang='lat' dir='ltr'><strong>illa</strong></span> <span class='ocrx_word' id='word_1_337' title='bbox 1548 3030 1799 3086; x_wconf 90' lang='lat' dir='ltr'><strong>videntur</strong></span> <span class='ocrx_word' id='word_1_338' title='bbox 1841 3048 1978 3101; x_wconf 70' lang='lat' dir='ltr'><strong>prte-</strong></span> 
     </span>
    </p>
   </div>
   <div class='ocr_carea' id='block_1_47' title="bbox 408 3119 1975 3192">
    <p class='ocr_par' dir='ltr' id='par_1_47' title="bbox 408 3119 1975 3192">
     <span class='ocr_line' id='line_1_47' title="bbox 408 3119 1975 3192; baseline 0.005 -20"><span class='ocrx_word' id='word_1_339' title='bbox 408 3119 548 3172; x_wconf 87' lang='lat' dir='ltr'><strong>senti</strong></span> <span class='ocrx_word' id='word_1_340' title='bbox 583 3119 820 3173; x_wconf 67' lang='lat' dir='ltr'><strong>materia:</strong></span> <span class='ocrx_word' id='word_1_341' title='bbox 851 3134 1146 3190; x_wconf 76' lang='lat' dir='ltr'><strong>congruere</strong></span> <span class='ocrx_word' id='word_1_342' title='bbox 1176 3122 1520 3178; x_wconf 88' lang='lat' dir='ltr'><strong>ventilemtts.</strong></span> <span class='ocrx_word' id='word_1_343' title='bbox 1560 3141 1579 3176; x_wconf 86' lang='grc'><strong><em>‹</em></strong></span> <span class='ocrx_word' id='word_1_344' title='bbox 1613 3124 1680 3180; x_wconf 90' lang='lat' dir='ltr'><strong>Ut</strong></span> <span class='ocrx_word' id='word_1_345' title='bbox 1709 3124 1975 3192; x_wconf 84' lang='lat' dir='ltr'><strong>justiﬁca-</strong></span> 
     </span>
    </p>
   </div>
   <div class='ocr_carea' id='block_1_48' title="bbox 409 3209 1974 3288">
    <p class='ocr_par' dir='ltr' id='par_1_48' title="bbox 409 3209 1974 3288">
     <span class='ocr_line' id='line_1_48' title="bbox 409 3209 1974 3288; baseline 0.006 -25"><span class='ocrx_word' id='word_1_346' title='bbox 409 3210 535 3275; x_wconf 73' lang='lat' dir='ltr'><strong>tio,t</strong></span> <span class='ocrx_word' id='word_1_347' title='bbox 569 3209 774 3280; x_wconf 89' lang='lat' dir='ltr'><strong>inquit,</strong></span> <span class='ocrx_word' id='word_1_348' title='bbox 800 3228 818 3261; x_wconf 76' lang='grc' dir='ltr'>ι</span> <span class='ocrx_word' id='word_1_349' title='bbox 849 3209 978 3280; x_wconf 90' lang='lat' dir='ltr'><strong>legis</strong></span> <span class='ocrx_word' id='word_1_350' title='bbox 1013 3211 1293 3280; x_wconf 87' lang='lat' dir='ltr'><strong>impleatur</strong></span> <span class='ocrx_word' id='word_1_351' title='bbox 1319 3213 1371 3267; x_wconf 91' lang='lat' dir='ltr'><strong>in</strong></span> <span class='ocrx_word' id='word_1_352' title='bbox 1403 3216 1574 3279; x_wconf 87' lang='lat' dir='ltr'><strong>vobis,</strong></span> <span class='ocrx_word' id='word_1_353' title='bbox 1596 3217 1686 3285; x_wconf 91' lang='lat' dir='ltr'><strong>qui</strong></span> <span class='ocrx_word' id='word_1_354' title='bbox 1710 3219 1974 3288; x_wconf 90' lang='lat' dir='ltr'><strong>nonjuxta</strong></span> 
     </span>
    </p>
   </div>
   <div class='ocr_carea' id='block_1_49' title="bbox 405 3302 1976 3378">
    <p class='ocr_par' dir='ltr' id='par_1_49' title="bbox 405 3302 1976 3378">
     <span class='ocr_line' id='line_1_49' title="bbox 405 3302 1976 3378; baseline 0.006 -22"><span class='ocrx_word' id='word_1_355' title='bbox 405 3317 626 3357; x_wconf 88' lang='lat' dir='ltr'><strong>carnem</strong></span> <span class='ocrx_word' id='word_1_356' title='bbox 678 3302 990 3367; x_wconf 86' lang='lat' dir='ltr'><strong>ambulatis,</strong></span> <span class='ocrx_word' id='word_1_357' title='bbox 1063 3307 1158 3358; x_wconf 90' lang='lat' dir='ltr'><strong>sed</strong></span> <span class='ocrx_word' id='word_1_358' title='bbox 1219 3309 1512 3361; x_wconf 87' lang='lat' dir='ltr'><strong>secundum</strong></span> <span class='ocrx_word' id='word_1_359' title='bbox 1572 3310 1840 3378; x_wconf 88' lang='lat' dir='ltr'><strong>spiritum.</strong></span> <span class='ocrx_word' id='word_1_360' title='bbox 1874 3311 1976 3378; x_wconf 85' lang='lat' dir='ltr'><strong>Qui</strong></span> 
     </span>
    </p>
   </div>
   <div class='ocr_carea' id='block_1_50' title="bbox 406 3394 1977 3467">
    <p class='ocr_par' dir='ltr' id='par_1_50' title="bbox 406 3394 1977 3467">
     <span class='ocr_line' id='line_1_50' title="bbox 406 3394 1977 3467; baseline 0.003 -17"><span class='ocrx_word' id='word_1_361' title='bbox 406 3395 550 3450; x_wconf 89' lang='lat' dir='ltr'><strong>enim</strong></span> <span class='ocrx_word' id='word_1_362' title='bbox 593 3394 746 3461; x_wconf 85' lang='lat' dir='ltr'><strong>juxta</strong></span> <span class='ocrx_word' id='word_1_363' title='bbox 775 3411 994 3449; x_wconf 87' lang='lat' dir='ltr'><strong>carnem</strong></span> <span class='ocrx_word' id='word_1_364' title='bbox 1035 3404 1189 3460; x_wconf 75' lang='lat' dir='ltr'><strong>Stmt,</strong></span> <span class='ocrx_word' id='word_1_365' title='bbox 1234 3412 1294 3451; x_wconf 88' lang='lat' dir='ltr'><strong>ea</strong></span> <span class='ocrx_word' id='word_1_366' title='bbox 1334 3413 1451 3467; x_wconf 63' lang='lat' dir='ltr'><strong>quae</strong></span> <span class='ocrx_word' id='word_1_367' title='bbox 1495 3402 1678 3454; x_wconf 90' lang='lat' dir='ltr'><strong>carnis</strong></span> <span class='ocrx_word' id='word_1_368' title='bbox 1734 3411 1859 3457; x_wconf 90' lang='lat' dir='ltr'><strong>sunt</strong></span> <span class='ocrx_word' id='word_1_369' title='bbox 1887 3419 1977 3458; x_wconf 84' lang='lat' dir='ltr'><strong>Sa-</strong></span> 
     </span>
    </p>
   </div>
   <div class='ocr_carea' id='block_1_51' title="bbox 405 3486 1980 3564">
    <p class='ocr_par' dir='ltr' id='par_1_51' title="bbox 405 3486 1980 3564">
     <span class='ocr_line' id='line_1_51' title="bbox 405 3486 1980 3564; baseline 0.008 -26"><span class='ocrx_word' id='word_1_370' title='bbox 405 3486 559 3557; x_wconf 79' lang='lat' dir='ltr'><strong>piunt</strong></span> <span class='ocrx_word' id='word_1_371' title='bbox 584 3504 597 3539; x_wconf 93' lang='lat'>:</span> <span class='ocrx_word' id='word_1_372' title='bbox 623 3487 712 3554; x_wconf 88' lang='lat' dir='ltr'><strong>qui</strong></span> <span class='ocrx_word' id='word_1_373' title='bbox 739 3502 867 3542; x_wconf 81' lang='lat' dir='ltr'><strong>vero</strong></span> <span class='ocrx_word' id='word_1_374' title='bbox 884 3489 1036 3557; x_wconf 84' lang='lat' dir='ltr'><strong>juxta</strong></span> <span class='ocrx_word' id='word_1_375' title='bbox 1063 3491 1333 3559; x_wconf 87' lang='lat' dir='ltr'><strong>spiritum,</strong></span> <span class='ocrx_word' id='word_1_376' title='bbox 1360 3508 1424 3547; x_wconf 89' lang='lat' dir='ltr'><strong>ea</strong></span> <span class='ocrx_word' id='word_1_377' title='bbox 1463 3509 1584 3562; x_wconf 65' lang='lat' dir='ltr'><strong>qua?</strong></span> <span class='ocrx_word' id='word_1_378' title='bbox 1609 3495 1832 3564; x_wconf 89' lang='lat' dir='ltr'><strong>spiritus</strong></span> <span class='ocrx_word' id='word_1_379' title='bbox 1853 3509 1980 3551; x_wconf 87' lang='lat' dir='ltr'><strong>sunt</strong></span> 
     </span>
    </p>
   </div>
   <div class='ocr_carea' id='block_1_52' title="bbox 405 3575 1977 3652">
    <p class='ocr_par' dir='ltr' id='par_1_52' title="bbox 405 3575 1977 3652">
     <span class='ocr_line' id='line_1_52' title="bbox 405 3575 1977 3652; baseline 0.004 -22"><span class='ocrx_word' id='word_1_380' title='bbox 405 3576 666 3632; x_wconf 86' lang='lat' dir='ltr'><strong>sentiunt.</strong></span> <span class='ocrx_word' id='word_1_381' title='bbox 711 3575 986 3646; x_wconf 88' lang='lat' dir='ltr'><strong>Sapientia</strong></span> <span class='ocrx_word' id='word_1_382' title='bbox 1019 3580 1215 3647; x_wconf 87' lang='lat' dir='ltr'><strong>quippe</strong></span> <span class='ocrx_word' id='word_1_383' title='bbox 1231 3581 1415 3635; x_wconf 89' lang='lat' dir='ltr'><strong>carnis</strong></span> <span class='ocrx_word' id='word_1_384' title='bbox 1444 3596 1589 3635; x_wconf 88' lang='lat' dir='ltr'><strong>mors</strong></span> <span class='ocrx_word' id='word_1_385' title='bbox 1615 3594 1732 3648; x_wconf 78' lang='lat' dir='ltr'><strong>eSt;</strong></span> <span class='ocrx_word' id='word_1_386' title='bbox 1767 3583 1977 3652; x_wconf 90' lang='lat' dir='ltr'><strong>sapien-</strong></span> 
     </span>
    </p>
   </div>
   <div class='ocr_carea' id='block_1_53' title="bbox 407 3668 1976 3742">
    <p class='ocr_par' dir='ltr' id='par_1_53' title="bbox 407 3668 1976 3742">
     <span class='ocr_line' id='line_1_53' title="bbox 407 3668 1976 3742; baseline 0.005 -22"><span class='ocrx_word' id='word_1_387' title='bbox 407 3668 484 3722; x_wconf 89' lang='lat' dir='ltr'><strong>tia</strong></span> <span class='ocrx_word' id='word_1_388' title='bbox 521 3676 701 3721; x_wconf 83' lang='lat' dir='ltr'><strong>autem</strong></span> <span class='ocrx_word' id='word_1_389' title='bbox 731 3669 971 3736; x_wconf 83' lang='lat' dir='ltr'><strong>spiritus,</strong></span> <span class='ocrx_word' id='word_1_390' title='bbox 1005 3670 1116 3722; x_wconf 89' lang='lat' dir='ltr'><strong>vita</strong></span> <span class='ocrx_word' id='word_1_391' title='bbox 1163 3682 1217 3723; x_wconf 93' lang='lat' dir='ltr'><strong>et</strong></span> <span class='ocrx_word' id='word_1_392' title='bbox 1247 3686 1388 3739; x_wconf 89' lang='lat' dir='ltr'><strong>pax;</strong></span> <span class='ocrx_word' id='word_1_393' title='bbox 1411 3673 1680 3740; x_wconf 65' lang='lat' dir='ltr'><strong>-quoniam</strong></span> <span class='ocrx_word' id='word_1_394' title='bbox 1711 3675 1976 3742; x_wconf 88' lang='lat' dir='ltr'><strong>sapientia</strong></span> 
     </span>
    </p>
   </div>
   <div class='ocr_carea' id='block_1_54' title="bbox 406 3759 1978 3834">
    <p class='ocr_par' dir='ltr' id='par_1_54' title="bbox 406 3759 1978 3834">
     <span class='ocr_line' id='line_1_54' title="bbox 406 3759 1978 3834; baseline 0.003 -19"><span class='ocrx_word' id='word_1_395' title='bbox 406 3760 587 3815; x_wconf 83' lang='lat' dir='ltr'><strong>carnis</strong></span> <span class='ocrx_word' id='word_1_396' title='bbox 624 3759 840 3814; x_wconf 89' lang='lat' dir='ltr'><strong>inimica</strong></span> <span class='ocrx_word' id='word_1_397' title='bbox 871 3769 954 3813; x_wconf 91' lang='lat' dir='ltr'><strong>est</strong></span> <span class='ocrx_word' id='word_1_398' title='bbox 997 3759 1105 3813; x_wconf 91' lang='lat' dir='ltr'><strong>Deo</strong></span> <span class='ocrx_word' id='word_1_399' title='bbox 1133 3778 1145 3813; x_wconf 93' lang='lat'><strong>:</strong></span> <span class='ocrx_word' id='word_1_400' title='bbox 1179 3760 1282 3831; x_wconf 85' lang='lat' dir='ltr'><strong>legi</strong></span> <span class='ocrx_word' id='word_1_401' title='bbox 1323 3763 1521 3832; x_wconf 89' lang='lat' dir='ltr'><strong>quippe</strong></span> <span class='ocrx_word' id='word_1_402' title='bbox 1551 3762 1645 3818; x_wconf 87' lang='lat' dir='ltr'><strong>Dei</strong></span> <span class='ocrx_word' id='word_1_403' title='bbox 1675 3779 1779 3818; x_wconf 93' lang='lat' dir='ltr'><strong>non</strong></span> <span class='ocrx_word' id='word_1_404' title='bbox 1811 3765 1978 3834; x_wconf 90' lang='lat' dir='ltr'><strong>subji-</strong></span> 
     </span>
    </p>
   </div>
   <div class='ocr_carea' id='block_1_55' title="bbox 405 3852 1974 3923">
    <p class='ocr_par' dir='ltr' id='par_1_55' title="bbox 405 3852 1974 3923">
     <span class='ocr_line' id='line_1_55' title="bbox 405 3852 1974 3923; baseline 0.004 -19"><span class='ocrx_word' id='word_1_405' title='bbox 405 3852 580 3916; x_wconf 76' lang='lat' dir='ltr'><strong>citur;</strong></span> <span class='ocrx_word' id='word_1_406' title='bbox 618 3865 788 3920; x_wconf 91' lang='lat' dir='ltr'><strong>neque</strong></span> <span class='ocrx_word' id='word_1_407' title='bbox 811 3852 971 3905; x_wconf 78' lang='lat' dir='ltr'><strong>&#39;enim</strong></span> <span class='ocrx_word' id='word_1_408' title='bbox 998 3862 1208 3921; x_wconf 87' lang='lat' dir='ltr'><strong>potest.</strong></span> <span class='ocrx_word' id='word_1_409' title='bbox 1243 3853 1343 3919; x_wconf 90' lang='lat' dir='ltr'><strong>Qui</strong></span> <span class='ocrx_word' id='word_1_410' title='bbox 1384 3869 1512 3907; x_wconf 89' lang='lat' dir='ltr'><strong>vero</strong></span> <span class='ocrx_word' id='word_1_411' title='bbox 1539 3855 1591 3908; x_wconf 89' lang='lat' dir='ltr'><strong>in</strong></span> <span class='ocrx_word' id='word_1_412' title='bbox 1620 3870 1786 3911; x_wconf 88' lang='lat' dir='ltr'><strong>carne</strong></span> <span class='ocrx_word' id='word_1_413' title='bbox 1827 3865 1974 3923; x_wconf 90' lang='lat' dir='ltr'><strong>sunt,</strong></span> 
     </span>
    </p>
   </div>
   <div class='ocr_carea' id='block_1_56' title="bbox 406 3939 1974 4010">
    <p class='ocr_par' dir='ltr' id='par_1_56' title="bbox 406 3939 1974 4010">
     <span class='ocr_line' id='line_1_56' title="bbox 406 3939 1974 4010; baseline 0.004 -15"><span class='ocrx_word' id='word_1_414' title='bbox 406 3939 518 3995; x_wconf 89' lang='lat' dir='ltr'><strong>Deo</strong></span> <span class='ocrx_word' id='word_1_415' title='bbox 546 3939 753 4009; x_wconf 90' lang='lat' dir='ltr'><strong>placere</strong></span> <span class='ocrx_word' id='word_1_416' title='bbox 791 3955 894 3993; x_wconf 91' lang='lat' dir='ltr'><strong>non</strong></span> <span class='ocrx_word' id='word_1_417' title='bbox 937 3951 1180 4010; x_wconf 88' lang='lat' dir='ltr'><strong>possunt.</strong></span> <span class='ocrx_word' id='word_1_418' title='bbox 1233 3941 1339 3997; x_wconf 83' lang='lat' dir='ltr'><strong>Vos</strong></span> <span class='ocrx_word' id='word_1_419' title='bbox 1379 3953 1556 3996; x_wconf 89' lang='lat' dir='ltr'><strong>autem</strong></span> <span class='ocrx_word' id='word_1_420' title='bbox 1603 3959 1708 3998; x_wconf 89' lang='lat' dir='ltr'><strong>non</strong></span> <span class='ocrx_word' id='word_1_421' title='bbox 1756 3948 1887 4001; x_wconf 88' lang='lat' dir='ltr'><strong>estis</strong></span> <span class='ocrx_word' id='word_1_422' title='bbox 1919 3947 1974 4002; x_wconf 91' lang='lat' dir='ltr'><strong>in</strong></span> 
     </span>
    </p>
   </div>
   <div class='ocr_carea' id='block_1_57' title="bbox 405 4033 1974 4106">
    <p class='ocr_par' dir='ltr' id='par_1_57' title="bbox 405 4033 1974 4106">
     <span class='ocr_line' id='line_1_57' title="bbox 405 4033 1974 4106; baseline 0.003 -17"><span class='ocrx_word' id='word_1_423' title='bbox 405 4049 589 4101; x_wconf 88' lang='lat' dir='ltr'><strong>carne,</strong></span> <span class='ocrx_word' id='word_1_424' title='bbox 617 4035 712 4089; x_wconf 89' lang='lat' dir='ltr'><strong>sed</strong></span> <span class='ocrx_word' id='word_1_425' title='bbox 750 4034 803 4087; x_wconf 89' lang='lat' dir='ltr'><strong>in</strong></span> <span class='ocrx_word' id='word_1_426' title='bbox 828 4033 1040 4103; x_wconf 81' lang='lat' dir='ltr'><strong>Spiritu</strong></span> <span class='ocrx_word' id='word_1_427' title='bbox 1073 4052 1086 4088; x_wconf 88' lang='lat'><strong>:</strong></span> <span class='ocrx_word' id='word_1_428' title='bbox 1130 4036 1177 4089; x_wconf 92' lang='lat' dir='ltr'><strong>si</strong></span> <span class='ocrx_word' id='word_1_429' title='bbox 1215 4045 1394 4090; x_wconf 91' lang='lat' dir='ltr'><strong>tamen</strong></span> <span class='ocrx_word' id='word_1_430' title='bbox 1432 4037 1664 4106; x_wconf 88' lang='lat' dir='ltr'><strong>Spiritus</strong></span> <span class='ocrx_word' id='word_1_431' title='bbox 1699 4040 1792 4095; x_wconf 90' lang='lat' dir='ltr'><strong>Dei</strong></span> <span class='ocrx_word' id='word_1_432' title='bbox 1820 4038 1974 4093; x_wconf 90' lang='lat' dir='ltr'><strong>habi-</strong></span> 
     </span>
    </p>
   </div>
   <div class='ocr_carea' id='block_1_58' title="bbox 406 4125 1974 4198">
    <p class='ocr_par' dir='ltr' id='par_1_58' title="bbox 406 4125 1974 4198">
     <span class='ocr_line' id='line_1_58' title="bbox 406 4125 1974 4198; baseline 0.004 -17"><span class='ocrx_word' id='word_1_433' title='bbox 406 4136 485 4182; x_wconf 88' lang='lat' dir='ltr'><strong>tat</strong></span> <span class='ocrx_word' id='word_1_434' title='bbox 511 4126 568 4180; x_wconf 91' lang='lat' dir='ltr'><strong>in</strong></span> <span class='ocrx_word' id='word_1_435' title='bbox 600 4125 770 4180; x_wconf 83' lang='lat' dir='ltr'><strong>vobis.</strong></span> <span class='ocrx_word' id='word_1_436' title='bbox 814 4126 870 4180; x_wconf 89' lang='lat' dir='ltr'><strong>Si</strong></span> <span class='ocrx_word' id='word_1_437' title='bbox 917 4128 1038 4195; x_wconf 87' lang='lat' dir='ltr'><strong>quis</strong></span> <span class='ocrx_word' id='word_1_438' title='bbox 1067 4136 1262 4182; x_wconf 70' lang='lat' dir='ltr'><strong>autem</strong></span> <span class='ocrx_word' id='word_1_439' title='bbox 1311 4128 1568 4198; x_wconf 88' lang='lat' dir='ltr'><strong>Spiritum</strong></span> <span class='ocrx_word' id='word_1_440' title='bbox 1602 4130 1816 4186; x_wconf 87' lang='lat' dir='ltr'><strong>Christi</strong></span> <span class='ocrx_word' id='word_1_441' title='bbox 1869 4148 1974 4187; x_wconf 91' lang='lat' dir='ltr'><strong>non</strong></span> 
     </span>
    </p>
   </div>
   <div class='ocr_carea' id='block_1_59' title="bbox 403 4214 1972 4285">
    <p class='ocr_par' dir='ltr' id='par_1_59' title="bbox 403 4214 1972 4285">
     <span class='ocr_line' id='line_1_59' title="bbox 403 4214 1972 4285; baseline 0.002 -13"><span class='ocrx_word' id='word_1_442' title='bbox 403 4216 611 4283; x_wconf 87' lang='lat' dir='ltr'><strong>habet,</strong></span> <span class='ocrx_word' id='word_1_443' title='bbox 647 4214 734 4271; x_wconf 92' lang='lat' dir='ltr'><strong>hic</strong></span> <span class='ocrx_word' id='word_1_444' title='bbox 768 4231 874 4271; x_wconf 92' lang='lat' dir='ltr'><strong>non</strong></span> <span class='ocrx_word' id='word_1_445' title='bbox 905 4226 987 4272; x_wconf 89' lang='lat' dir='ltr'><strong>est</strong></span> <span class='ocrx_word' id='word_1_446' title='bbox 1015 4215 1154 4285; x_wconf 89' lang='lat' dir='ltr'><strong>ejus.</strong></span> <span class='ocrx_word' id='word_1_447' title='bbox 1203 4217 1473 4273; x_wconf 42' lang='lat' dir='ltr'><strong>Sieautem</strong></span> <span class='ocrx_word' id='word_1_448' title='bbox 1510 4218 1758 4276; x_wconf 85' lang='lat' dir='ltr'><strong>Christus</strong></span> <span class='ocrx_word' id='word_1_449' title='bbox 1797 4230 1880 4275; x_wconf 88' lang='lat' dir='ltr'><strong>est</strong></span> <span class='ocrx_word' id='word_1_450' title='bbox 1920 4223 1972 4276; x_wconf 91' lang='lat' dir='ltr'><strong>in</strong></span> 
     </span>
    </p>
   </div>
   <div class='ocr_carea' id='block_1_60' title="bbox 398 4306 1973 4380">
    <p class='ocr_par' dir='ltr' id='par_1_60' title="bbox 398 4306 1973 4380">
     <span class='ocr_line' id='line_1_60' title="bbox 398 4306 1973 4380; baseline 0.004 -20"><span class='ocrx_word' id='word_1_451' title='bbox 398 4306 558 4362; x_wconf 89' lang='lat' dir='ltr'><strong>vobis</strong></span> <span class='ocrx_word' id='word_1_452' title='bbox 589 4346 605 4372; x_wconf 94' lang='lat'><strong>,</strong></span> <span class='ocrx_word' id='word_1_453' title='bbox 636 4321 835 4377; x_wconf 87' lang='lat' dir='ltr'><strong>corpus</strong></span> <span class='ocrx_word' id='word_1_454' title='bbox 861 4307 1076 4376; x_wconf 90' lang='lat' dir='ltr'><strong>quidem</strong></span> <span class='ocrx_word' id='word_1_455' title='bbox 1101 4317 1378 4362; x_wconf 87' lang='lat' dir='ltr'><strong>mortuum</strong></span> <span class='ocrx_word' id='word_1_456' title='bbox 1420 4319 1502 4363; x_wconf 92' lang='lat' dir='ltr'><strong>est</strong></span> <span class='ocrx_word' id='word_1_457' title='bbox 1534 4319 1751 4380; x_wconf 89' lang='lat' dir='ltr'><strong>propter</strong></span> <span class='ocrx_word' id='word_1_458' title='bbox 1785 4325 1973 4380; x_wconf 88' lang='lat' dir='ltr'><strong>pecca-</strong></span> 
     </span>
    </p>
   </div>
   <div class='ocr_carea' id='block_1_61' title="bbox 403 4397 1972 4468">
    <p class='ocr_par' dir='ltr' id='par_1_61' title="bbox 403 4397 1972 4468">
     <span class='ocr_line' id='line_1_61' title="bbox 403 4397 1972 4468; baseline 0.003 -18"><span class='ocrx_word' id='word_1_459' title='bbox 403 4404 546 4462; x_wconf 85' lang='lat' dir='ltr'><strong>tum,</strong></span> <span class='ocrx_word' id='word_1_460' title='bbox 575 4398 799 4468; x_wconf 90' lang='lat' dir='ltr'><strong>spiritus</strong></span> <span class='ocrx_word' id='word_1_461' title='bbox 833 4411 961 4452; x_wconf 89' lang='lat' dir='ltr'><strong>vero</strong></span> <span class='ocrx_word' id='word_1_462' title='bbox 982 4397 1111 4451; x_wconf 87' lang='lat' dir='ltr'><strong>vivit</strong></span> <span class='ocrx_word' id='word_1_463' title='bbox 1136 4409 1358 4468; x_wconf 84' lang='lat' dir='ltr'><strong>prepter</strong></span> <span class='ocrx_word' id='word_1_464' title='bbox 1384 4397 1672 4465; x_wconf 89' lang='lat' dir='ltr'><strong>justitiam.</strong></span> <span class='ocrx_word' id='word_1_465' title='bbox 1709 4401 1763 4455; x_wconf 88' lang='lat' dir='ltr'><strong>Si</strong></span> <span class='ocrx_word' id='word_1_466' title='bbox 1791 4411 1972 4456; x_wconf 90' lang='lat' dir='ltr'><strong>autem</strong></span> 
     </span>
    </p>
   </div>
   <div class='ocr_carea' id='block_1_62' title="bbox 2087 1926 3648 1997">
    <p class='ocr_par' dir='ltr' id='par_1_62' title="bbox 2087 1926 3648 1997">
     <span class='ocr_line' id='line_1_62' title="bbox 2087 1926 3648 1997; baseline 0 -17"><span class='ocrx_word' id='word_1_467' title='bbox 2087 1928 2217 1981; x_wconf 89' lang='lat' dir='ltr'><strong>tium</strong></span> <span class='ocrx_word' id='word_1_468' title='bbox 2236 1937 2319 1982; x_wconf 93' lang='lat' dir='ltr'><strong>est</strong></span> <span class='ocrx_word' id='word_1_469' title='bbox 2347 1941 2410 1979; x_wconf 90' lang='lat' dir='ltr'><strong>ea</strong></span> <span class='ocrx_word' id='word_1_470' title='bbox 2432 1942 2624 1996; x_wconf 90' lang='lat' dir='ltr'><strong>sapere</strong></span> <span class='ocrx_word' id='word_1_471' title='bbox 2650 1941 2772 1995; x_wconf 64' lang='lat' dir='ltr'><strong>quae</strong></span> <span class='ocrx_word' id='word_1_472' title='bbox 2801 1926 2982 1980; x_wconf 88' lang='lat' dir='ltr'><strong>carnis</strong></span> <span class='ocrx_word' id='word_1_473' title='bbox 3009 1936 3154 1991; x_wconf 90' lang='lat' dir='ltr'><strong>sunt,</strong></span> <span class='ocrx_word' id='word_1_474' title='bbox 3177 1941 3239 1981; x_wconf 87' lang='lat' dir='ltr'><strong>ea</strong></span> <span class='ocrx_word' id='word_1_475' title='bbox 3266 1928 3505 1997; x_wconf 88' lang='lat' dir='ltr'><strong>cogitare</strong></span> <span class='ocrx_word' id='word_1_476' title='bbox 3531 1941 3648 1995; x_wconf 76' lang='lat' dir='ltr'><strong>qua:</strong></span> 
     </span>
    </p>
   </div>
   <div class='ocr_carea' id='block_1_63' title="bbox 2085 2019 3645 2088">
    <p class='ocr_par' dir='ltr' id='par_1_63' title="bbox 2085 2019 3645 2088">
     <span class='ocr_line' id='line_1_63' title="bbox 2085 2019 3645 2088; baseline -0.002 -15"><span class='ocrx_word' id='word_1_477' title='bbox 2085 2033 2371 2088; x_wconf 89' lang='lat' dir='ltr'><strong>corporum</strong></span> <span class='ocrx_word' id='word_1_478' title='bbox 2393 2059 2408 2083; x_wconf 92' lang='lat'><strong>,</strong></span> <span class='ocrx_word' id='word_1_479' title='bbox 2443 2021 2521 2074; x_wconf 91' lang='lat' dir='ltr'><strong>sic</strong></span> <span class='ocrx_word' id='word_1_480' title='bbox 2549 2034 2580 2074; x_wconf 90' lang='lat' dir='ltr'><strong>e</strong></span> <span class='ocrx_word' id='word_1_481' title='bbox 2615 2020 2888 2074; x_wconf 86' lang='lat' dir='ltr'><strong>contrario</strong></span> <span class='ocrx_word' id='word_1_482' title='bbox 2923 2019 3286 2086; x_wconf 90' lang='lat' dir='ltr'><strong>spiritualium</strong></span> <span class='ocrx_word' id='word_1_483' title='bbox 3330 2019 3500 2072; x_wconf 89' lang='lat' dir='ltr'><strong>virtus</strong></span> <span class='ocrx_word' id='word_1_484' title='bbox 3533 2027 3645 2083; x_wconf 86' lang='lat' dir='ltr'><strong>est,</strong></span> 
     </span>
    </p>
   </div>
   <div class='ocr_carea' id='block_1_64' title="bbox 2085 2110 3648 2180">
    <p class='ocr_par' dir='ltr' id='par_1_64' title="bbox 2085 2110 3648 2180">
     <span class='ocr_line' id='line_1_64' title="bbox 2085 2110 3648 2180; baseline -0.002 -14"><span class='ocrx_word' id='word_1_485' title='bbox 2085 2125 2295 2180; x_wconf 89' lang='lat' dir='ltr'><strong>semper</strong></span> <span class='ocrx_word' id='word_1_486' title='bbox 2339 2112 2574 2180; x_wconf 89' lang='lat' dir='ltr'><strong>cogitare</strong></span> <span class='ocrx_word' id='word_1_487' title='bbox 2623 2113 2690 2166; x_wconf 90' lang='lat' dir='ltr'><strong>de</strong></span> <span class='ocrx_word' id='word_1_488' title='bbox 2732 2111 3042 2167; x_wconf 68' lang='lat' dir='ltr'><strong>cmlestibus</strong></span> <span class='ocrx_word' id='word_1_489' title='bbox 3071 2121 3126 2166; x_wconf 90' lang='lat' dir='ltr'><strong>et</strong></span> <span class='ocrx_word' id='word_1_490' title='bbox 3165 2111 3411 2176; x_wconf 69' lang='lat' dir='ltr'><strong>aeternis,</strong></span> <span class='ocrx_word' id='word_1_491' title='bbox 3459 2118 3513 2164; x_wconf 89' lang='lat' dir='ltr'><strong>et</strong></span> <span class='ocrx_word' id='word_1_492' title='bbox 3566 2110 3648 2163; x_wconf 90' lang='lat' dir='ltr'><strong>his</strong></span> 
     </span>
    </p>
   </div>
   <div class='ocr_carea' id='block_1_65' title="bbox 2086 2201 3644 2272">
    <p class='ocr_par' dir='ltr' id='par_1_65' title="bbox 2086 2201 3644 2272">
     <span class='ocr_line' id='line_1_65' title="bbox 2086 2201 3644 2272; baseline -0.003 -14"><span class='ocrx_word' id='word_1_493' title='bbox 2086 2213 2321 2258; x_wconf 88' lang='lat' dir='ltr'><strong>tractare</strong></span> <span class='ocrx_word' id='word_1_494' title='bbox 2356 2218 2473 2272; x_wconf 73' lang='lat' dir='ltr'><strong>qua:</strong></span> <span class='ocrx_word' id='word_1_495' title='bbox 2515 2205 2735 2272; x_wconf 87' lang='lat' dir='ltr'><strong>spiritus</strong></span> <span class='ocrx_word' id='word_1_496' title='bbox 2777 2213 2922 2258; x_wconf 91' lang='lat' dir='ltr'><strong>sunt.</strong></span> <span class='ocrx_word' id='word_1_497' title='bbox 2981 2203 3084 2258; x_wconf 92' lang='lat' dir='ltr'><strong>Sed</strong></span> <span class='ocrx_word' id='word_1_498' title='bbox 3131 2201 3307 2258; x_wconf 89' lang='lat' dir='ltr'><strong>carnis</strong></span> <span class='ocrx_word' id='word_1_499' title='bbox 3365 2203 3644 2269; x_wconf 88' lang='lat' dir='ltr'><strong>sapientia,</strong></span> 
     </span>
    </p>
   </div>
   <div class='ocr_carea' id='block_1_66' title="bbox 2086 2294 3646 2363">
    <p class='ocr_par' dir='ltr' id='par_1_66' title="bbox 2086 2294 3646 2363">
     <span class='ocr_line' id='line_1_66' title="bbox 2086 2294 3646 2363; baseline -0.002 -14"><span class='ocrx_word' id='word_1_500' title='bbox 2086 2295 2226 2350; x_wconf 90' lang='lat' dir='ltr'><strong>illico</strong></span> <span class='ocrx_word' id='word_1_501' title='bbox 2252 2305 2427 2348; x_wconf 89' lang='lat' dir='ltr'><strong>morte</strong></span> <span class='ocrx_word' id='word_1_502' title='bbox 2451 2294 2551 2348; x_wconf 90' lang='lat' dir='ltr'><strong>sibi</strong></span> <span class='ocrx_word' id='word_1_503' title='bbox 2579 2295 2800 2360; x_wconf 92' lang='lat' dir='ltr'><strong>sociata,</strong></span> <span class='ocrx_word' id='word_1_504' title='bbox 2831 2295 3084 2349; x_wconf 88' lang='lat' dir='ltr'><strong>interticit</strong></span> <span class='ocrx_word' id='word_1_505' title='bbox 3109 2309 3201 2348; x_wconf 86' lang='lat' dir='ltr'><strong>eos</strong></span> <span class='ocrx_word' id='word_1_506' title='bbox 3234 2294 3324 2362; x_wconf 90' lang='lat' dir='ltr'><strong>qui</strong></span> <span class='ocrx_word' id='word_1_507' title='bbox 3347 2294 3503 2363; x_wconf 73' lang='lat' dir='ltr'><strong>juxta</strong></span> <span class='ocrx_word' id='word_1_508' title='bbox 3533 2307 3646 2347; x_wconf 81' lang='lat' dir='ltr'><strong>ear-</strong></span> 
     </span>
    </p>
   </div>
   <div class='ocr_carea' id='block_1_67' title="bbox 2085 2385 3643 2457">
    <p class='ocr_par' dir='ltr' id='par_1_67' title="bbox 2085 2385 3643 2457">
     <span class='ocr_line' id='line_1_67' title="bbox 2085 2385 3643 2457; baseline -0.003 -16"><span class='ocrx_word' id='word_1_509' title='bbox 2085 2402 2205 2441; x_wconf 92' lang='lat' dir='ltr'><strong>nem</strong></span> <span class='ocrx_word' id='word_1_510' title='bbox 2235 2387 2552 2457; x_wconf 89' lang='lat' dir='ltr'><strong>gradiuntur</strong></span> <span class='ocrx_word' id='word_1_511' title='bbox 2580 2397 2635 2440; x_wconf 90' lang='lat' dir='ltr'><strong>et</strong></span> <span class='ocrx_word' id='word_1_512' title='bbox 2674 2386 2919 2452; x_wconf 90' lang='lat' dir='ltr'><strong>sapiunt;</strong></span> <span class='ocrx_word' id='word_1_513' title='bbox 2964 2386 3228 2454; x_wconf 88' lang='lat' dir='ltr'><strong>sapientia</strong></span> <span class='ocrx_word' id='word_1_514' title='bbox 3255 2399 3383 2439; x_wconf 92' lang='lat' dir='ltr'><strong>vero</strong></span> <span class='ocrx_word' id='word_1_515' title='bbox 3407 2385 3643 2454; x_wconf 90' lang='lat' dir='ltr'><strong>spiritus,</strong></span> 
     </span>
    </p>
   </div>
   <div class='ocr_carea' id='block_1_68' title="bbox 2086 2479 3645 2549">
    <p class='ocr_par' dir='ltr' id='par_1_68' title="bbox 2086 2479 3645 2549">
     <span class='ocr_line' id='line_1_68' title="bbox 2086 2479 3645 2549; baseline -0.001 -16"><span class='ocrx_word' id='word_1_516' title='bbox 2086 2483 2279 2533; x_wconf 89' lang='lat' dir='ltr'><strong>mentis</strong></span> <span class='ocrx_word' id='word_1_517' title='bbox 2316 2480 2776 2549; x_wconf 79' lang='lat' dir='ltr'><strong>tranquillitatem,</strong></span> <span class='ocrx_word' id='word_1_518' title='bbox 2823 2491 2878 2534; x_wconf 92' lang='lat' dir='ltr'><strong>et</strong></span> <span class='ocrx_word' id='word_1_519' title='bbox 2918 2495 3100 2548; x_wconf 90' lang='lat' dir='ltr'><strong>pacem</strong></span> <span class='ocrx_word' id='word_1_520' title='bbox 3123 2521 3137 2541; x_wconf 91' lang='lat'><strong>,</strong></span> <span class='ocrx_word' id='word_1_521' title='bbox 3165 2489 3220 2533; x_wconf 90' lang='lat' dir='ltr'><strong>et</strong></span> <span class='ocrx_word' id='word_1_522' title='bbox 3245 2480 3406 2533; x_wconf 89' lang='lat' dir='ltr'><strong>vitam</strong></span> <span class='ocrx_word' id='word_1_523' title='bbox 3445 2479 3645 2533; x_wconf 88' lang='lat' dir='ltr'><strong>haben—</strong></span> 
     </span>
    </p>
   </div>
   <div class='ocr_carea' id='block_1_69' title="bbox 2084 2572 3646 2652">
    <p class='ocr_par' dir='ltr' id='par_1_69' title="bbox 2084 2572 3646 2652">
     <span class='ocr_line' id='line_1_69' title="bbox 2084 2572 3646 2652; baseline -0.002 -25"><span class='ocrx_word' id='word_1_524' title='bbox 2084 2575 2225 2627; x_wconf 90' lang='lat' dir='ltr'><strong>tibus</strong></span> <span class='ocrx_word' id='word_1_525' title='bbox 2253 2588 2311 2628; x_wconf 88' lang='lat' dir='ltr'><strong>se</strong></span> <span class='ocrx_word' id='word_1_526' title='bbox 2340 2573 2563 2643; x_wconf 84' lang='lat' dir='ltr'><strong>largitur</strong></span> <span class='ocrx_word' id='word_1_527' title='bbox 2601 2585 2879 2627; x_wconf 74' lang='lat' dir='ltr'><strong>:cternam.</strong></span> <span class='ocrx_word' id='word_1_528' title='bbox 2918 2572 3089 2638; x_wconf 84' lang='lat' dir='ltr'><strong>Quam</strong></span> <span class='ocrx_word' id='word_1_529' title='bbox 3111 2588 3238 2652; x_wconf 78' lang='lat' dir='ltr'><strong>cum</strong></span> <span class='ocrx_word' id='word_1_530' title='bbox 3291 2573 3646 2643; x_wconf 81' lang='lat' dir='ltr'><strong>possederint,</strong></span> 
     </span>
    </p>
   </div>
   <div class='ocr_carea' id='block_1_70' title="bbox 2082 2666 3646 2734">
    <p class='ocr_par' dir='ltr' id='par_1_70' title="bbox 2082 2666 3646 2734">
     <span class='ocr_line' id='line_1_70' title="bbox 2082 2666 3646 2734; baseline -0.001 -14"><span class='ocrx_word' id='word_1_531' title='bbox 2082 2681 2271 2720; x_wconf 86' lang='lat' dir='ltr'><strong>omnes</strong></span> <span class='ocrx_word' id='word_1_532' title='bbox 2301 2666 2734 2734; x_wconf 90' lang='lat' dir='ltr'><strong>perturbationes</strong></span> <span class='ocrx_word' id='word_1_533' title='bbox 2779 2675 2835 2720; x_wconf 90' lang='lat' dir='ltr'><strong>et</strong></span> <span class='ocrx_word' id='word_1_534' title='bbox 2871 2681 3067 2733; x_wconf 83' lang='lat' dir='ltr'><strong>genera</strong></span> <span class='ocrx_word' id='word_1_535' title='bbox 3094 2666 3343 2719; x_wconf 89' lang='lat' dir='ltr'><strong>vitiorum</strong></span> <span class='ocrx_word' id='word_1_536' title='bbox 3368 2705 3382 2728; x_wconf 93' lang='lat'><strong>,</strong></span> <span class='ocrx_word' id='word_1_537' title='bbox 3413 2677 3466 2719; x_wconf 92' lang='lat' dir='ltr'><strong>et</strong></span> <span class='ocrx_word' id='word_1_538' title='bbox 3507 2667 3646 2734; x_wconf 89' lang='lat' dir='ltr'><strong>ipsos</strong></span> 
     </span>
    </p>
   </div>
   <div class='ocr_carea' id='block_1_71' title="bbox 2084 2755 3646 2826">
    <p class='ocr_par' dir='ltr' id='par_1_71' title="bbox 2084 2755 3646 2826">
     <span class='ocr_line' id='line_1_71' title="bbox 2084 2755 3646 2826; baseline 0.001 -18"><span class='ocrx_word' id='word_1_539' title='bbox 2084 2770 2297 2824; x_wconf 91' lang='lat' dir='ltr'><strong>quoque</strong></span> <span class='ocrx_word' id='word_1_540' title='bbox 2327 2757 2599 2809; x_wconf 61' lang='lat' dir='ltr'><strong>daemones</strong></span> <span class='ocrx_word' id='word_1_541' title='bbox 2631 2755 2754 2825; x_wconf 92' lang='lat' dir='ltr'><strong>(qui</strong></span> <span class='ocrx_word' id='word_1_542' title='bbox 2791 2757 2903 2809; x_wconf 73' lang='lat' dir='ltr'><strong>lucc</strong></span> <span class='ocrx_word' id='word_1_543' title='bbox 2928 2770 3214 2826; x_wconf 81' lang='lat' dir='ltr'><strong>suggerere</strong></span> <span class='ocrx_word' id='word_1_544' title='bbox 3238 2757 3523 2824; x_wconf 87' lang='lat' dir='ltr'><strong>nituntur)</strong></span> <span class='ocrx_word' id='word_1_545' title='bbox 3553 2756 3646 2809; x_wconf 89' lang='lat' dir='ltr'><strong>ha-</strong></span> 
     </span>
    </p>
   </div>
   <div class='ocr_carea' id='block_1_72' title="bbox 2085 2845 3646 2916">
    <p class='ocr_par' dir='ltr' id='par_1_72' title="bbox 2085 2845 3646 2916">
     <span class='ocr_line' id='line_1_72' title="bbox 2085 2845 3646 2916; baseline 0 -16"><span class='ocrx_word' id='word_1_546' title='bbox 2085 2847 2284 2900; x_wconf 92' lang='lat' dir='ltr'><strong>bebunt</strong></span> <span class='ocrx_word' id='word_1_547' title='bbox 2315 2848 2413 2900; x_wconf 90' lang='lat' dir='ltr'><strong>sub</strong></span> <span class='ocrx_word' id='word_1_548' title='bbox 2438 2847 2666 2916; x_wconf 83' lang='lat' dir='ltr'><strong>pedibus</strong></span> <span class='ocrx_word' id='word_1_549' title='bbox 2696 2847 2829 2901; x_wconf 92' lang='lat' dir='ltr'><strong>suis.</strong></span> <span class='ocrx_word' id='word_1_550' title='bbox 2859 2845 3133 2916; x_wconf 82' lang='lat' dir='ltr'><strong>Sapientia</strong></span> <span class='ocrx_word' id='word_1_551' title='bbox 3165 2862 3292 2916; x_wconf 90' lang='lat' dir='ltr'><strong>ergo</strong></span> <span class='ocrx_word' id='word_1_552' title='bbox 3321 2848 3501 2901; x_wconf 91' lang='lat' dir='ltr'><strong>carnis</strong></span> <span class='ocrx_word' id='word_1_553' title='bbox 3525 2861 3646 2901; x_wconf 91' lang='lat' dir='ltr'><strong>cum</strong></span> 
     </span>
    </p>
   </div>
   <div class='ocr_carea' id='block_1_73' title="bbox 2084 2935 3647 3007">
    <p class='ocr_par' dir='ltr' id='par_1_73' title="bbox 2084 2935 3647 3007">
     <span class='ocr_line' id='line_1_73' title="bbox 2084 2935 3647 3007; baseline 0.001 -16"><span class='ocrx_word' id='word_1_554' title='bbox 2084 2938 2242 2991; x_wconf 88' lang='lat' dir='ltr'><strong>morti</strong></span> <span class='ocrx_word' id='word_1_555' title='bbox 2279 2936 2466 3005; x_wconf 87' lang='lat' dir='ltr'><strong>juncta</strong></span> <span class='ocrx_word' id='word_1_556' title='bbox 2497 2938 2593 3002; x_wconf 85' lang='lat' dir='ltr'><strong>sit,</strong></span> <span class='ocrx_word' id='word_1_557' title='bbox 2625 2937 2841 2994; x_wconf 89' lang='lat' dir='ltr'><strong>inimica</strong></span> <span class='ocrx_word' id='word_1_558' title='bbox 2887 2947 2970 2991; x_wconf 93' lang='lat' dir='ltr'><strong>est</strong></span> <span class='ocrx_word' id='word_1_559' title='bbox 3014 2937 3140 2992; x_wconf 90' lang='lat' dir='ltr'><strong>Deo.</strong></span> <span class='ocrx_word' id='word_1_560' title='bbox 3176 2935 3428 2991; x_wconf 89' lang='lat' dir='ltr'><strong>Inimicos</strong></span> <span class='ocrx_word' id='word_1_561' title='bbox 3456 2939 3647 3007; x_wconf 87' lang='lat' dir='ltr'><strong>quippe</strong></span> 
     </span>
    </p>
   </div>
   <div class='ocr_carea' id='block_1_74' title="bbox 2084 3028 3646 3099">
    <p class='ocr_par' dir='ltr' id='par_1_74' title="bbox 2084 3028 3646 3099">
     <span class='ocr_line' id='line_1_74' title="bbox 2084 3028 3646 3099; baseline -0.002 -15"><span class='ocrx_word' id='word_1_562' title='bbox 2084 3044 2176 3084; x_wconf 90' lang='lat' dir='ltr'><strong>eos</strong></span> <span class='ocrx_word' id='word_1_563' title='bbox 2205 3031 2380 3084; x_wconf 91' lang='lat' dir='ltr'><strong>reddit</strong></span> <span class='ocrx_word' id='word_1_564' title='bbox 2417 3031 2505 3098; x_wconf 92' lang='lat' dir='ltr'><strong>qui</strong></span> <span class='ocrx_word' id='word_1_565' title='bbox 2531 3031 2646 3084; x_wconf 89' lang='lat' dir='ltr'><strong>suis</strong></span> <span class='ocrx_word' id='word_1_566' title='bbox 2673 3028 2879 3099; x_wconf 86' lang='lat' dir='ltr'><strong>legibus</strong></span> <span class='ocrx_word' id='word_1_567' title='bbox 2909 3031 3178 3095; x_wconf 84' lang='lat' dir='ltr'><strong>vixerint;</strong></span> <span class='ocrx_word' id='word_1_568' title='bbox 3200 3030 3478 3084; x_wconf 57' lang='lat' dir='ltr'><strong>&quot;contraria</strong></span> <span class='ocrx_word' id='word_1_569' title='bbox 3507 3043 3646 3084; x_wconf 82' lang='lat' dir='ltr'><strong>sem-</strong></span> 
     </span>
    </p>
   </div>
   <div class='ocr_carea' id='block_1_75' title="bbox 2086 3120 3645 3194">
    <p class='ocr_par' dir='ltr' id='par_1_75' title="bbox 2086 3120 3645 3194">
     <span class='ocr_line' id='line_1_75' title="bbox 2086 3120 3645 3194; baseline -0.003 -16"><span class='ocrx_word' id='word_1_570' title='bbox 2086 3141 2202 3194; x_wconf 90' lang='lat' dir='ltr'><strong>per,</strong></span> <span class='ocrx_word' id='word_1_571' title='bbox 2227 3135 2278 3178; x_wconf 91' lang='lat' dir='ltr'><strong>et</strong></span> <span class='ocrx_word' id='word_1_572' title='bbox 2313 3137 2618 3194; x_wconf 87' lang='lat' dir='ltr'><strong>repugnans</strong></span> <span class='ocrx_word' id='word_1_573' title='bbox 2652 3122 2911 3176; x_wconf 87' lang='lat' dir='ltr'><strong>voluntati</strong></span> <span class='ocrx_word' id='word_1_574' title='bbox 2941 3133 2995 3175; x_wconf 93' lang='lat' dir='ltr'><strong>et</strong></span> <span class='ocrx_word' id='word_1_575' title='bbox 3023 3122 3126 3193; x_wconf 85' lang='lat' dir='ltr'><strong>legi</strong></span> <span class='ocrx_word' id='word_1_576' title='bbox 3154 3123 3264 3176; x_wconf 91' lang='lat' dir='ltr'><strong>Dei.</strong></span> <span class='ocrx_word' id='word_1_577' title='bbox 3295 3120 3478 3190; x_wconf 81' lang='lat' dir='ltr'><strong>Neque</strong></span> <span class='ocrx_word' id='word_1_578' title='bbox 3507 3122 3645 3175; x_wconf 87' lang='lat' dir='ltr'><strong>enim</strong></span> 
     </span>
    </p>
   </div>
   <div class='ocr_carea' id='block_1_76' title="bbox 2083 3211 3646 3285">
    <p class='ocr_par' dir='ltr' id='par_1_76' title="bbox 2083 3211 3646 3285">
     <span class='ocr_line' id='line_1_76' title="bbox 2083 3211 3646 3285; baseline -0.004 -15"><span class='ocrx_word' id='word_1_579' title='bbox 2083 3218 2197 3271; x_wconf 89' lang='lat' dir='ltr'><strong>ﬁeri</strong></span> <span class='ocrx_word' id='word_1_580' title='bbox 2227 3225 2420 3285; x_wconf 86' lang='lat' dir='ltr'><strong>p0test,</strong></span> <span class='ocrx_word' id='word_1_581' title='bbox 2456 3214 2632 3283; x_wconf 90' lang='lat' dir='ltr'><strong>utqui</strong></span> <span class='ocrx_word' id='word_1_582' title='bbox 2675 3214 2726 3268; x_wconf 93' lang='lat' dir='ltr'><strong>in</strong></span> <span class='ocrx_word' id='word_1_583' title='bbox 2759 3214 3018 3282; x_wconf 90' lang='lat' dir='ltr'><strong>sapientia</strong></span> <span class='ocrx_word' id='word_1_584' title='bbox 3043 3215 3222 3268; x_wconf 89' lang='lat' dir='ltr'><strong>carnis</strong></span> <span class='ocrx_word' id='word_1_585' title='bbox 3252 3223 3354 3276; x_wconf 90' lang='lat' dir='ltr'><strong>est,</strong></span> <span class='ocrx_word' id='word_1_586' title='bbox 3393 3211 3487 3265; x_wconf 86' lang='lat' dir='ltr'><strong>Dei</strong></span> <span class='ocrx_word' id='word_1_587' title='bbox 3514 3226 3646 3279; x_wconf 66' lang='lat' dir='ltr'><strong>pre-</strong></span> 
     </span>
    </p>
   </div>
   <div class='ocr_carea' id='block_1_77' title="bbox 2081 3300 3648 3374">
    <p class='ocr_par' dir='ltr' id='par_1_77' title="bbox 2081 3300 3648 3374">
     <span class='ocr_line' id='line_1_77' title="bbox 2081 3300 3648 3374; baseline -0.005 -14"><span class='ocrx_word' id='word_1_588' title='bbox 2081 3317 2234 3374; x_wconf 89' lang='lat' dir='ltr'><strong>cepta</strong></span> <span class='ocrx_word' id='word_1_589' title='bbox 2255 3304 2542 3366; x_wconf 87' lang='lat' dir='ltr'><strong>custodiat,</strong></span> <span class='ocrx_word' id='word_1_590' title='bbox 2567 3312 2620 3358; x_wconf 88' lang='lat' dir='ltr'><strong>et</strong></span> <span class='ocrx_word' id='word_1_591' title='bbox 2645 3302 2904 3356; x_wconf 88' lang='lat' dir='ltr'><strong>voluntati</strong></span> <span class='ocrx_word' id='word_1_592' title='bbox 2932 3302 3075 3357; x_wconf 90' lang='lat' dir='ltr'><strong>illius</strong></span> <span class='ocrx_word' id='word_1_593' title='bbox 3102 3303 3439 3372; x_wconf 86' lang='lat' dir='ltr'><strong>subjiciatur.</strong></span> <span class='ocrx_word' id='word_1_594' title='bbox 3472 3300 3648 3366; x_wconf 84' lang='lat' dir='ltr'><strong>Quan-</strong></span> 
     </span>
    </p>
   </div>
   <div class='ocr_carea' id='block_1_78' title="bbox 2079 3393 3648 3465">
    <p class='ocr_par' dir='ltr' id='par_1_78' title="bbox 2079 3393 3648 3465">
     <span class='ocr_line' id='line_1_78' title="bbox 2079 3393 3648 3465; baseline -0.003 -15"><span class='ocrx_word' id='word_1_595' title='bbox 2079 3397 2171 3450; x_wconf 90' lang='lat' dir='ltr'><strong>diu</strong></span> <span class='ocrx_word' id='word_1_596' title='bbox 2207 3397 2473 3451; x_wconf 89' lang='lat' dir='ltr'><strong>servimus</strong></span> <span class='ocrx_word' id='word_1_597' title='bbox 2502 3395 2868 3465; x_wconf 87' lang='lat' dir='ltr'><strong>voluptatibus</strong></span> <span class='ocrx_word' id='word_1_598' title='bbox 2888 3433 2904 3459; x_wconf 90' lang='lat'><strong>,</strong></span> <span class='ocrx_word' id='word_1_599' title='bbox 2933 3395 3140 3449; x_wconf 91' lang='lat' dir='ltr'><strong>servire</strong></span> <span class='ocrx_word' id='word_1_600' title='bbox 3179 3393 3289 3447; x_wconf 90' lang='lat' dir='ltr'><strong>Deo</strong></span> <span class='ocrx_word' id='word_1_601' title='bbox 3320 3408 3423 3447; x_wconf 94' lang='lat' dir='ltr'><strong>non</strong></span> <span class='ocrx_word' id='word_1_602' title='bbox 3453 3407 3648 3462; x_wconf 79' lang='lat' dir='ltr'><strong>possu-</strong></span> 
     </span>
    </p>
   </div>
   <div class='ocr_carea' id='block_1_79' title="bbox 2079 3483 3648 3554">
    <p class='ocr_par' dir='ltr' id='par_1_79' title="bbox 2079 3483 3648 3554">
     <span class='ocr_line' id='line_1_79' title="bbox 2079 3483 3648 3554; baseline -0.004 -10"><span class='ocrx_word' id='word_1_603' title='bbox 2079 3505 2220 3546; x_wconf 93' lang='lat' dir='ltr'><strong>mus.</strong></span> <span class='ocrx_word' id='word_1_604' title='bbox 2261 3489 2395 3544; x_wconf 90' lang='lat' dir='ltr'><strong>Cum</strong></span> <span class='ocrx_word' id='word_1_605' title='bbox 2437 3498 2617 3542; x_wconf 83' lang='lat' dir='ltr'><strong>autem</strong></span> <span class='ocrx_word' id='word_1_606' title='bbox 2665 3487 2968 3542; x_wconf 87' lang='lat' dir='ltr'><strong>titillantem</strong></span> <span class='ocrx_word' id='word_1_607' title='bbox 3019 3485 3414 3554; x_wconf 90' lang='lat' dir='ltr'><strong>subjecerimus</strong></span> <span class='ocrx_word' id='word_1_608' title='bbox 3451 3483 3648 3538; x_wconf 86' lang='lat' dir='ltr'><strong>nostris</strong></span> 
     </span>
    </p>
   </div>
   <div class='ocr_carea' id='block_1_80' title="bbox 2078 3573 3648 3652">
    <p class='ocr_par' dir='ltr' id='par_1_80' title="bbox 2078 3573 3648 3652">
     <span class='ocr_line' id='line_1_80' title="bbox 2078 3573 3648 3652; baseline -0.005 -16"><span class='ocrx_word' id='word_1_609' title='bbox 2078 3582 2304 3652; x_wconf 90' lang='lat' dir='ltr'><strong>pedibus</strong></span> <span class='ocrx_word' id='word_1_610' title='bbox 2337 3580 2626 3644; x_wconf 89' lang='lat' dir='ltr'><strong>luxuriam,</strong></span> <span class='ocrx_word' id='word_1_611' title='bbox 2661 3587 2716 3633; x_wconf 91' lang='lat' dir='ltr'><strong>et</strong></span> <span class='ocrx_word' id='word_1_612' title='bbox 2752 3588 2892 3632; x_wconf 88' lang='lat' dir='ltr'><strong>totos</strong></span> <span class='ocrx_word' id='word_1_613' title='bbox 2925 3591 3023 3631; x_wconf 91' lang='lat' dir='ltr'><strong>nos</strong></span> <span class='ocrx_word' id='word_1_614' title='bbox 3053 3577 3119 3631; x_wconf 90' lang='lat' dir='ltr'><strong>ad</strong></span> <span class='ocrx_word' id='word_1_615' title='bbox 3142 3577 3388 3646; x_wconf 91' lang='lat' dir='ltr'><strong>spiritum</strong></span> <span class='ocrx_word' id='word_1_616' title='bbox 3419 3573 3648 3629; x_wconf 53' lang='lat' dir='ltr'><strong>tr‘ansl&#39;eo</strong></span> 
     </span>
    </p>
   </div>
   <div class='ocr_carea' id='block_1_81' title="bbox 2079 3667 3644 3740">
    <p class='ocr_par' dir='ltr' id='par_1_81' title="bbox 2079 3667 3644 3740">
     <span class='ocr_line' id='line_1_81' title="bbox 2079 3667 3644 3740; baseline -0.007 -12"><span class='ocrx_word' id='word_1_617' title='bbox 2079 3682 2277 3734; x_wconf 90' lang='lat' dir='ltr'><strong>rentes,</strong></span> <span class='ocrx_word' id='word_1_618' title='bbox 2327 3684 2664 3740; x_wconf 85' lang='lat' dir='ltr'><strong>nequaquam</strong></span> <span class='ocrx_word' id='word_1_619' title='bbox 2703 3669 2964 3723; x_wconf 77' lang='lat' dir='ltr'><strong>fuerimus</strong></span> <span class='ocrx_word' id='word_1_620' title='bbox 3003 3669 3056 3723; x_wconf 93' lang='lat' dir='ltr'><strong>in</strong></span> <span class='ocrx_word' id='word_1_621' title='bbox 3105 3682 3289 3730; x_wconf 86' lang='lat' dir='ltr'><strong>carne,</strong></span> <span class='ocrx_word' id='word_1_622' title='bbox 3338 3668 3388 3721; x_wconf 89' lang='lat' dir='ltr'><strong>id</strong></span> <span class='ocrx_word' id='word_1_623' title='bbox 3439 3676 3540 3730; x_wconf 92' lang='lat' dir='ltr'><strong>est,</strong></span> <span class='ocrx_word' id='word_1_624' title='bbox 3591 3667 3644 3718; x_wconf 92' lang='lat' dir='ltr'><strong>in</strong></span> 
     </span>
    </p>
   </div>
   <div class='ocr_carea' id='block_1_82' title="bbox 2077 3753 3647 3830">
    <p class='ocr_par' dir='ltr' id='par_1_82' title="bbox 2077 3753 3647 3830">
     <span class='ocr_line' id='line_1_82' title="bbox 2077 3753 3647 3830; baseline -0.005 -13"><span class='ocrx_word' id='word_1_625' title='bbox 2077 3762 2256 3818; x_wconf 89' lang='lat' dir='ltr'><strong>carnis</strong></span> <span class='ocrx_word' id='word_1_626' title='bbox 2304 3760 2646 3830; x_wconf 88' lang='lat' dir='ltr'><strong>passionibus</strong></span> <span class='ocrx_word' id='word_1_627' title='bbox 2677 3799 2693 3823; x_wconf 98' lang='lat'><strong>,</strong></span> <span class='ocrx_word' id='word_1_628' title='bbox 2745 3767 2873 3812; x_wconf 85' lang='lat' dir='ltr'><strong>tunc</strong></span> <span class='ocrx_word' id='word_1_629' title='bbox 2919 3757 3266 3824; x_wconf 90' lang='lat' dir='ltr'><strong>subjiciemur</strong></span> <span class='ocrx_word' id='word_1_630' title='bbox 3303 3754 3431 3808; x_wconf 91' lang='lat' dir='ltr'><strong>Deo.</strong></span> <span class='ocrx_word' id='word_1_631' title='bbox 3467 3753 3647 3824; x_wconf 83' lang='lat' dir='ltr'><strong>Neque</strong></span> 
     </span>
    </p>
   </div>
   <div class='ocr_carea' id='block_1_83' title="bbox 2076 3844 3644 3917">
    <p class='ocr_par' dir='ltr' id='par_1_83' title="bbox 2076 3844 3644 3917">
     <span class='ocr_line' id='line_1_83' title="bbox 2076 3844 3644 3917; baseline -0.007 -9"><span class='ocrx_word' id='word_1_632' title='bbox 2076 3851 2219 3908; x_wconf 91' lang='lat' dir='ltr'><strong>enim</strong></span> <span class='ocrx_word' id='word_1_633' title='bbox 2246 3852 2312 3905; x_wconf 90' lang='lat' dir='ltr'><strong>de</strong></span> <span class='ocrx_word' id='word_1_634' title='bbox 2348 3864 2512 3905; x_wconf 89' lang='lat' dir='ltr'><strong>carne</strong></span> <span class='ocrx_word' id='word_1_635' title='bbox 2542 3850 2644 3904; x_wconf 90' lang='lat' dir='ltr'><strong>hac</strong></span> <span class='ocrx_word' id='word_1_636' title='bbox 2672 3849 2725 3902; x_wconf 91' lang='lat' dir='ltr'><strong>in</strong></span> <span class='ocrx_word' id='word_1_637' title='bbox 2752 3862 2856 3917; x_wconf 91' lang='lat' dir='ltr'><strong>qua</strong></span> <span class='ocrx_word' id='word_1_638' title='bbox 2884 3848 3132 3908; x_wconf 87' lang='lat' dir='ltr'><strong>vivimus,</strong></span> <span class='ocrx_word' id='word_1_639' title='bbox 3161 3854 3216 3899; x_wconf 89' lang='lat' dir='ltr'><strong>et</strong></span> <span class='ocrx_word' id='word_1_640' title='bbox 3253 3846 3304 3899; x_wconf 88' lang='lat' dir='ltr'><strong>in</strong></span> <span class='ocrx_word' id='word_1_641' title='bbox 3349 3844 3499 3911; x_wconf 82' lang='lat' dir='ltr'><strong>cujus</strong></span> <span class='ocrx_word' id='word_1_642' title='bbox 3545 3859 3644 3897; x_wconf 88' lang='lat' dir='ltr'><strong>va-</strong></span> 
     </span>
    </p>
   </div>
   <div class='ocr_carea' id='block_1_84' title="bbox 2075 3937 3643 4006">
    <p class='ocr_par' dir='ltr' id='par_1_84' title="bbox 2075 3937 3643 4006">
     <span class='ocr_line' id='line_1_84' title="bbox 2075 3937 3643 4006; baseline -0.006 -7"><span class='ocrx_word' id='word_1_643' title='bbox 2075 3943 2226 4000; x_wconf 86' lang='lat' dir='ltr'><strong>sculo</strong></span> <span class='ocrx_word' id='word_1_644' title='bbox 2249 3951 2432 3997; x_wconf 90' lang='lat' dir='ltr'><strong>nostra</strong></span> <span class='ocrx_word' id='word_1_645' title='bbox 2475 3941 2655 3994; x_wconf 91' lang='lat' dir='ltr'><strong>anima</strong></span> <span class='ocrx_word' id='word_1_646' title='bbox 2683 3939 3016 4003; x_wconf 90' lang='lat' dir='ltr'><strong>continetur,</strong></span> <span class='ocrx_word' id='word_1_647' title='bbox 3059 3937 3298 4006; x_wconf 85' lang='lat' dir='ltr'><strong>Apostoli</strong></span> <span class='ocrx_word' id='word_1_648' title='bbox 3341 3951 3517 3990; x_wconf 90' lang='lat' dir='ltr'><strong>sermo</strong></span> <span class='ocrx_word' id='word_1_649' title='bbox 3539 3945 3643 4001; x_wconf 87' lang='lat' dir='ltr'><strong>est,</strong></span> 
     </span>
    </p>
   </div>
   <div class='ocr_carea' id='block_1_85' title="bbox 2076 4027 3643 4105">
    <p class='ocr_par' dir='ltr' id='par_1_85' title="bbox 2076 4027 3643 4105">
     <span class='ocr_line' id='line_1_85' title="bbox 2076 4027 3643 4105; baseline -0.004 -17"><span class='ocrx_word' id='word_1_650' title='bbox 2076 4035 2200 4105; x_wconf 91' lang='lat' dir='ltr'><strong>quia</strong></span> <span class='ocrx_word' id='word_1_651' title='bbox 2239 4047 2427 4087; x_wconf 90' lang='lat' dir='ltr'><strong>omnes</strong></span> <span class='ocrx_word' id='word_1_652' title='bbox 2472 4032 2682 4096; x_wconf 87' lang='lat' dir='ltr'><strong>sancti,</strong></span> <span class='ocrx_word' id='word_1_653' title='bbox 2719 4044 2945 4099; x_wconf 87' lang='lat' dir='ltr'><strong>corpore</strong></span> <span class='ocrx_word' id='word_1_654' title='bbox 2995 4037 3050 4083; x_wconf 90' lang='lat' dir='ltr'><strong>et</strong></span> <span class='ocrx_word' id='word_1_655' title='bbox 3088 4043 3253 4083; x_wconf 90' lang='lat' dir='ltr'><strong>carne</strong></span> <span class='ocrx_word' id='word_1_656' title='bbox 3286 4027 3602 4082; x_wconf 87' lang='lat' dir='ltr'><strong>circumdati</strong></span> <span class='ocrx_word' id='word_1_657' title='bbox 3625 4064 3643 4090; x_wconf 88' lang='lat'><strong><em>.</em></strong></span> 
     </span>
    </p>
   </div>
   <div class='ocr_carea' id='block_1_86' title="bbox 2077 4118 3644 4196">
    <p class='ocr_par' dir='ltr' id='par_1_86' title="bbox 2077 4118 3644 4196">
     <span class='ocr_line' id='line_1_86' title="bbox 2077 4118 3644 4196; baseline -0.005 -17"><span class='ocrx_word' id='word_1_658' title='bbox 2077 4127 2396 4196; x_wconf 91' lang='lat' dir='ltr'><strong>placuerunt</strong></span> <span class='ocrx_word' id='word_1_659' title='bbox 2425 4125 2568 4187; x_wconf 86' lang='lat' dir='ltr'><strong>Deo;</strong></span> <span class='ocrx_word' id='word_1_660' title='bbox 2611 4123 2703 4177; x_wconf 87' lang='lat' dir='ltr'><strong>sed</strong></span> <span class='ocrx_word' id='word_1_661' title='bbox 2743 4121 2811 4175; x_wconf 91' lang='lat' dir='ltr'><strong>ad</strong></span> <span class='ocrx_word' id='word_1_662' title='bbox 2844 4119 2897 4175; x_wconf 91' lang='lat' dir='ltr'><strong>id</strong></span> <span class='ocrx_word' id='word_1_663' title='bbox 2926 4122 3104 4189; x_wconf 92' lang='lat' dir='ltr'><strong>potius</strong></span> <span class='ocrx_word' id='word_1_664' title='bbox 3127 4118 3280 4188; x_wconf 38' lang='lat' dir='ltr'><strong>Lquod</strong></span> <span class='ocrx_word' id='word_1_665' title='bbox 3325 4127 3510 4174; x_wconf 89' lang='lat' dir='ltr'><strong>contra</strong></span> <span class='ocrx_word' id='word_1_666' title='bbox 3549 4118 3644 4171; x_wconf 88' lang='lat' dir='ltr'><strong>Dei</strong></span> 
     </span>
    </p>
   </div>
   <div class='ocr_carea' id='block_1_87' title="bbox 2074 4207 3646 4288">
    <p class='ocr_par' dir='ltr' id='par_1_87' title="bbox 2074 4207 3646 4288">
     <span class='ocr_line' id='line_1_87' title="bbox 2074 4207 3646 4288; baseline -0.005 -17"><span class='ocrx_word' id='word_1_667' title='bbox 2074 4223 2400 4288; x_wconf 75' lang='lat' dir='ltr'><strong>przeceptum</strong></span> <span class='ocrx_word' id='word_1_668' title='bbox 2456 4229 2523 4269; x_wconf 90' lang='lat' dir='ltr'><strong>ex</strong></span> <span class='ocrx_word' id='word_1_669' title='bbox 2574 4214 2805 4267; x_wconf 91' lang='lat' dir='ltr'><strong>humana</strong></span> <span class='ocrx_word' id='word_1_670' title='bbox 2858 4213 3118 4266; x_wconf 88' lang='lat' dir='ltr'><strong>societate</strong></span> <span class='ocrx_word' id='word_1_671' title='bbox 3167 4217 3526 4280; x_wconf 88' lang='lat' dir='ltr'><strong>perpetratur,</strong></span> <span class='ocrx_word' id='word_1_672' title='bbox 3575 4207 3646 4263; x_wconf 91' lang='lat' dir='ltr'><strong>de</strong></span> 
     </span>
    </p>
   </div>
   <div class='ocr_carea' id='block_1_88' title="bbox 2075 4301 3638 4376">
    <p class='ocr_par' dir='ltr' id='par_1_88' title="bbox 2075 4301 3638 4376">
     <span class='ocr_line' id='line_1_88' title="bbox 2075 4301 3638 4376; baseline -0.006 -14"><span class='ocrx_word' id='word_1_673' title='bbox 2075 4308 2270 4376; x_wconf 89' lang='lat' dir='ltr'><strong>quibus</strong></span> <span class='ocrx_word' id='word_1_674' title='bbox 2297 4315 2381 4360; x_wconf 90' lang='lat' dir='ltr'><strong>est</strong></span> <span class='ocrx_word' id='word_1_675' title='bbox 2413 4323 2428 4360; x_wconf 92' lang='lat'>:</span> <span class='ocrx_word' id='word_1_676' title='bbox 2474 4324 2493 4356; x_wconf 73' lang='grc' dir='ltr'><strong><em>ι</em></strong></span> <span class='ocrx_word' id='word_1_677' title='bbox 2525 4305 2724 4374; x_wconf 87' lang='lat' dir='ltr'><strong>Diliges</strong></span> <span class='ocrx_word' id='word_1_678' title='bbox 2755 4304 3038 4358; x_wconf 91' lang='lat' dir='ltr'><strong>Dominum</strong></span> <span class='ocrx_word' id='word_1_679' title='bbox 3077 4301 3243 4358; x_wconf 90' lang='lat' dir='ltr'><strong>Deum</strong></span> <span class='ocrx_word' id='word_1_680' title='bbox 3287 4310 3434 4355; x_wconf 90' lang='lat' dir='ltr'><strong>tuum</strong></span> <span class='ocrx_word' id='word_1_681' title='bbox 3469 4301 3514 4332; x_wconf 81' lang='grc'><strong>⁷⁸</strong></span> <span class='ocrx_word' id='word_1_682' title='bbox 3550 4316 3566 4365; x_wconf 92' lang='lat'><strong>;</strong></span> <span class='ocrx_word' id='word_1_683' title='bbox 3617 4319 3638 4353; x_wconf 73' lang='grc' dir='ltr'><strong><em>ι</em></strong></span> 
     </span>
    </p>
   </div>
   <div class='ocr_carea' id='block_1_89' title="bbox 2074 4394 3640 4466">
    <p class='ocr_par' dir='ltr' id='par_1_89' title="bbox 2074 4394 3640 4466">
     <span class='ocr_line' id='line_1_89' title="bbox 2074 4394 3640 4466; baseline -0.005 -12"><span class='ocrx_word' id='word_1_684' title='bbox 2074 4409 2125 4454; x_wconf 90' lang='lat' dir='ltr'><strong>et</strong></span> <span class='ocrx_word' id='word_1_685' title='bbox 2157 4417 2170 4454; x_wconf 89' lang='lat'><strong>:</strong></span> <span class='ocrx_word' id='word_1_686' title='bbox 2220 4418 2237 4450; x_wconf 77' lang='grc' dir='ltr'>ι</span> <span class='ocrx_word' id='word_1_687' title='bbox 2271 4397 2425 4466; x_wconf 79' lang='lat' dir='ltr'><strong>Quod</strong></span> <span class='ocrx_word' id='word_1_688' title='bbox 2458 4398 2549 4453; x_wconf 92' lang='lat' dir='ltr'><strong>tibi</strong></span> <span class='ocrx_word' id='word_1_689' title='bbox 2577 4412 2679 4452; x_wconf 93' lang='lat' dir='ltr'><strong>non</strong></span> <span class='ocrx_word' id='word_1_690' title='bbox 2715 4399 2795 4453; x_wconf 90' lang='lat' dir='ltr'><strong>vis</strong></span> <span class='ocrx_word' id='word_1_691' title='bbox 2828 4395 2942 4452; x_wconf 87' lang='lat' dir='ltr'><strong>ﬁeri</strong></span> <span class='ocrx_word' id='word_1_692' title='bbox 2965 4396 3029 4460; x_wconf 81' lang='grc'><strong>⁷⁷,</strong></span> <span class='ocrx_word' id='word_1_693' title='bbox 3075 4413 3093 4448; x_wconf 71' lang='grc' dir='ltr'><strong><em>ι</em></strong></span> <span class='ocrx_word' id='word_1_694' title='bbox 3136 4405 3244 4451; x_wconf 89' lang='lat' dir='ltr'><strong>etc.</strong></span> <span class='ocrx_word' id='word_1_695' title='bbox 3297 4394 3400 4449; x_wconf 82' lang='lat' dir='ltr'><strong>Vos</strong></span> <span class='ocrx_word' id='word_1_696' title='bbox 3441 4404 3640 4459; x_wconf 89' lang='lat' dir='ltr'><strong>autem,</strong></span> 
     </span>
    </p>
   </div>
   <div class='ocr_carea' id='block_1_90' title="bbox 405 4479 3641 4570">
    <p class='ocr_par' dir='ltr' id='par_1_90' title="bbox 405 4479 3641 4570">
     <span class='ocr_line' id='line_1_90' title="bbox 405 4479 3641 4570; baseline -0.002 -27"><span class='ocrx_word' id='word_1_697' title='bbox 405 4479 641 4557; x_wconf 90' lang='lat' dir='ltr'><strong>Spiritus</strong></span> <span class='ocrx_word' id='word_1_698' title='bbox 681 4488 796 4557; x_wconf 86' lang='lat' dir='ltr'><strong>ejus</strong></span> <span class='ocrx_word' id='word_1_699' title='bbox 829 4488 919 4559; x_wconf 90' lang='lat' dir='ltr'><strong>qui</strong></span> <span class='ocrx_word' id='word_1_700' title='bbox 970 4489 1252 4544; x_wconf 83' lang='lat' dir='ltr'><strong>suscitavit</strong></span> <span class='ocrx_word' id='word_1_701' title='bbox 1291 4487 1474 4544; x_wconf 86' lang='lat' dir='ltr'><strong>Jesum</strong></span> <span class='ocrx_word' id='word_1_702' title='bbox 1519 4505 1550 4545; x_wconf 90' lang='lat' dir='ltr'><strong>a</strong></span> <span class='ocrx_word' id='word_1_703' title='bbox 1581 4493 1812 4547; x_wconf 86' lang='lat' dir='ltr'><strong>mortuis</strong></span> <span class='ocrx_word' id='word_1_704' title='bbox 1835 4531 1850 4556; x_wconf 90' lang='lat'><strong>,</strong></span> <span class='ocrx_word' id='word_1_705' title='bbox 1876 4493 1968 4546; x_wconf 87' lang='lat' dir='ltr'><strong>ha-</strong></span> <span class='ocrx_word' id='word_1_706' title='bbox 2001 4515 2047 4570; x_wconf 71' lang='grc' dir='ltr'><strong>Ι)</strong></span> <span class='ocrx_word' id='word_1_707' title='bbox 2075 4491 2168 4554; x_wconf 90' lang='lat' dir='ltr'><strong>ait,</strong></span> <span class='ocrx_word' id='word_1_708' title='bbox 2199 4490 2339 4544; x_wconf 87' lang='lat' dir='ltr'><strong>haud</strong></span> <span class='ocrx_word' id='word_1_709' title='bbox 2370 4487 2589 4543; x_wconf 88' lang='lat' dir='ltr'><strong>dubium</strong></span> <span class='ocrx_word' id='word_1_710' title='bbox 2619 4488 2746 4557; x_wconf 85' lang='lat' dir='ltr'><strong>quin</strong></span> <span class='ocrx_word' id='word_1_711' title='bbox 2777 4486 3022 4554; x_wconf 89' lang='lat' dir='ltr'><strong>discipuli</strong></span> <span class='ocrx_word' id='word_1_712' title='bbox 3054 4485 3274 4550; x_wconf 91' lang='lat' dir='ltr'><strong>Christi,</strong></span> <span class='ocrx_word' id='word_1_713' title='bbox 3305 4485 3394 4555; x_wconf 91' lang='lat' dir='ltr'><strong>qui</strong></span> <span class='ocrx_word' id='word_1_714' title='bbox 3426 4486 3641 4554; x_wconf 90' lang='lat' dir='ltr'><strong>sapien-</strong></span> 
     </span>
    </p>
   </div>
   <div class='ocr_carea' id='block_1_91' title="bbox 402 4578 1970 4650">
    <p class='ocr_par' dir='ltr' id='par_1_91' title="bbox 402 4578 1970 4650">
     <span class='ocr_line' id='line_1_91' title="bbox 402 4578 1970 4650; baseline 0.001 -15"><span class='ocrx_word' id='word_1_715' title='bbox 402 4580 542 4636; x_wconf 83' lang='lat' dir='ltr'><strong>bitat</strong></span> <span class='ocrx_word' id='word_1_716' title='bbox 592 4581 646 4635; x_wconf 91' lang='lat' dir='ltr'><strong>in</strong></span> <span class='ocrx_word' id='word_1_717' title='bbox 691 4581 864 4641; x_wconf 88' lang='lat' dir='ltr'><strong>vobis,</strong></span> <span class='ocrx_word' id='word_1_718' title='bbox 916 4581 1007 4650; x_wconf 89' lang='lat' dir='ltr'><strong>qui</strong></span> <span class='ocrx_word' id='word_1_719' title='bbox 1055 4581 1341 4635; x_wconf 85' lang='lat' dir='ltr'><strong>suscitavit</strong></span> <span class='ocrx_word' id='word_1_720' title='bbox 1377 4578 1570 4637; x_wconf 83' lang='lat' dir='ltr'><strong>Jesum</strong></span> <span class='ocrx_word' id='word_1_721' title='bbox 1611 4581 1889 4638; x_wconf 90' lang='lat' dir='ltr'><strong>Christum</strong></span> <span class='ocrx_word' id='word_1_722' title='bbox 1939 4597 1970 4637; x_wconf 93' lang='lat' dir='ltr'><strong>a</strong></span> 
     </span>
    </p>
   </div>
   <div class='ocr_carea' id='block_1_92' title="bbox 402 4671 1969 4743">
    <p class='ocr_par' dir='ltr' id='par_1_92' title="bbox 402 4671 1969 4743">
     <span class='ocr_line' id='line_1_92' title="bbox 402 4671 1969 4743; baseline 0.002 -19"><span class='ocrx_word' id='word_1_723' title='bbox 402 4672 650 4736; x_wconf 90' lang='lat' dir='ltr'><strong>mortuis,</strong></span> <span class='ocrx_word' id='word_1_724' title='bbox 680 4671 972 4727; x_wconf 86' lang='lat' dir='ltr'><strong>viviﬁcabit</strong></span> <span class='ocrx_word' id='word_1_725' title='bbox 999 4679 1054 4725; x_wconf 89' lang='lat' dir='ltr'><strong>et</strong></span> <span class='ocrx_word' id='word_1_726' title='bbox 1100 4671 1349 4727; x_wconf 87' lang='lat' dir='ltr'><strong>mortalia</strong></span> <span class='ocrx_word' id='word_1_727' title='bbox 1379 4687 1606 4743; x_wconf 90' lang='lat' dir='ltr'><strong>corpora</strong></span> <span class='ocrx_word' id='word_1_728' title='bbox 1638 4683 1817 4727; x_wconf 89' lang='lat' dir='ltr'><strong>vestra</strong></span> <span class='ocrx_word' id='word_1_729' title='bbox 1840 4689 1969 4743; x_wconf 88' lang='lat' dir='ltr'><strong>pro-</strong></span> 
     </span>
    </p>
   </div>
   <div class='ocr_carea' id='block_1_93' title="bbox 400 4761 1970 4834">
    <p class='ocr_par' dir='ltr' id='par_1_93' title="bbox 400 4761 1970 4834">
     <span class='ocr_line' id='line_1_93' title="bbox 400 4761 1970 4834; baseline 0.002 -17"><span class='ocrx_word' id='word_1_730' title='bbox 400 4769 524 4832; x_wconf 90' lang='lat' dir='ltr'><strong>pter</strong></span> <span class='ocrx_word' id='word_1_731' title='bbox 562 4762 947 4818; x_wconf 89' lang='lat' dir='ltr'><strong>inhabitantem</strong></span> <span class='ocrx_word' id='word_1_732' title='bbox 976 4761 1236 4831; x_wconf 91' lang='lat' dir='ltr'><strong>Spiritum</strong></span> <span class='ocrx_word' id='word_1_733' title='bbox 1257 4763 1371 4832; x_wconf 90' lang='lat' dir='ltr'><strong>ejus</strong></span> <span class='ocrx_word' id='word_1_734' title='bbox 1395 4765 1450 4820; x_wconf 90' lang='lat' dir='ltr'><strong>in</strong></span> <span class='ocrx_word' id='word_1_735' title='bbox 1474 4764 1642 4819; x_wconf 90' lang='lat' dir='ltr'><strong>vobis.</strong></span> <span class='ocrx_word' id='word_1_736' title='bbox 1675 4764 1838 4834; x_wconf 87' lang='lat' dir='ltr'><strong>Ergo,</strong></span> <span class='ocrx_word' id='word_1_737' title='bbox 1863 4765 1970 4820; x_wconf 81' lang='lat' dir='ltr'><strong>fra-</strong></span> 
     </span>
    </p>
   </div>
   <div class='ocr_carea' id='block_1_94' title="bbox 403 4852 1964 4925">
    <p class='ocr_par' dir='ltr' id='par_1_94' title="bbox 403 4852 1964 4925">
     <span class='ocr_line' id='line_1_94' title="bbox 403 4852 1964 4925; baseline 0.003 -19"><span class='ocrx_word' id='word_1_738' title='bbox 403 4863 515 4908; x_wconf 88' lang='lat' dir='ltr'><strong>tres</strong></span> <span class='ocrx_word' id='word_1_739' title='bbox 537 4852 671 4925; x_wconf 78' lang='lat'><strong>(93),</strong></span> <span class='ocrx_word' id='word_1_740' title='bbox 701 4855 970 4911; x_wconf 89' lang='lat' dir='ltr'><strong>debitores</strong></span> <span class='ocrx_word' id='word_1_741' title='bbox 995 4869 1182 4909; x_wconf 88' lang='lat' dir='ltr'><strong>sumus</strong></span> <span class='ocrx_word' id='word_1_742' title='bbox 1221 4870 1325 4910; x_wconf 93' lang='lat' dir='ltr'><strong>non</strong></span> <span class='ocrx_word' id='word_1_743' title='bbox 1357 4856 1542 4920; x_wconf 87' lang='lat' dir='ltr'><strong>carni,</strong></span> <span class='ocrx_word' id='word_1_744' title='bbox 1581 4864 1640 4909; x_wconf 90' lang='lat' dir='ltr'><strong>ut</strong></span> <span class='ocrx_word' id='word_1_745' title='bbox 1671 4857 1964 4910; x_wconf 84' lang='lat' dir='ltr'><strong>secundum</strong></span> 
     </span>
    </p>
   </div>
   <div class='ocr_carea' id='block_1_95' title="bbox 401 4943 1969 5001">
    <p class='ocr_par' dir='ltr' id='par_1_95' title="bbox 401 4943 1969 5001">
     <span class='ocr_line' id='line_1_95' title="bbox 401 4943 1969 5001; baseline 0.004 -6"><span class='ocrx_word' id='word_1_746' title='bbox 401 4956 620 4996; x_wconf 88' lang='lat' dir='ltr'><strong>carnem</strong></span> <span class='ocrx_word' id='word_1_747' title='bbox 668 4945 930 4999; x_wconf 77' lang='lat' dir='ltr'><strong>vivamus.</strong></span> <span class='ocrx_word' id='word_1_748' title='bbox 967 4943 1023 4998; x_wconf 91' lang='lat' dir='ltr'><strong>Si</strong></span> <span class='ocrx_word' id='word_1_749' title='bbox 1059 4945 1201 4999; x_wconf 92' lang='lat' dir='ltr'><strong>enim</strong></span> <span class='ocrx_word' id='word_1_750' title='bbox 1247 4946 1541 5001; x_wconf 90' lang='lat' dir='ltr'><strong>secundum</strong></span> <span class='ocrx_word' id='word_1_751' title='bbox 1569 4961 1787 5001; x_wconf 89' lang='lat' dir='ltr'><strong>carnem</strong></span> <span class='ocrx_word' id='word_1_752' title='bbox 1819 4947 1969 5001; x_wconf 90' lang='lat' dir='ltr'><strong>vixe-</strong></span> 
     </span>
    </p>
   </div>
   <div class='ocr_carea' id='block_1_96' title="bbox 400 5034 1969 5107">
    <p class='ocr_par' dir='ltr' id='par_1_96' title="bbox 400 5034 1969 5107">
     <span class='ocr_line' id='line_1_96' title="bbox 400 5034 1969 5107; baseline 0.003 -18"><span class='ocrx_word' id='word_1_753' title='bbox 400 5034 542 5098; x_wconf 87' lang='lat' dir='ltr'><strong>ritis,</strong></span> <span class='ocrx_word' id='word_1_754' title='bbox 573 5035 905 5102; x_wconf 89' lang='lat' dir='ltr'><strong>moriemini;</strong></span> <span class='ocrx_word' id='word_1_755' title='bbox 940 5035 985 5089; x_wconf 90' lang='lat' dir='ltr'><strong>si</strong></span> <span class='ocrx_word' id='word_1_756' title='bbox 1018 5046 1196 5092; x_wconf 90' lang='lat' dir='ltr'><strong>autem</strong></span> <span class='ocrx_word' id='word_1_757' title='bbox 1228 5037 1419 5107; x_wconf 88' lang='lat' dir='ltr'><strong>spiritu</strong></span> <span class='ocrx_word' id='word_1_758' title='bbox 1444 5037 1589 5092; x_wconf 76' lang='lat' dir='ltr'><strong>facta</strong></span> <span class='ocrx_word' id='word_1_759' title='bbox 1612 5039 1794 5094; x_wconf 90' lang='lat' dir='ltr'><strong>carnis</strong></span> <span class='ocrx_word' id='word_1_760' title='bbox 1824 5054 1969 5093; x_wconf 88' lang='lat' dir='ltr'><strong>mor-</strong></span> 
     </span>
    </p>
   </div>
   <div class='ocr_carea' id='block_1_97' title="bbox 401 5124 1966 5200">
    <p class='ocr_par' dir='ltr' id='par_1_97' title="bbox 401 5124 1966 5200">
     <span class='ocr_line' id='line_1_97' title="bbox 401 5124 1966 5200; baseline 0.005 -21"><span class='ocrx_word' id='word_1_761' title='bbox 401 5124 766 5192; x_wconf 80' lang='lat' dir='ltr'><strong>tiﬁcaveritis,</strong></span> <span class='ocrx_word' id='word_1_762' title='bbox 817 5129 1029 5183; x_wconf 88' lang='lat' dir='ltr'><strong>vivetis.</strong></span> <span class='ocrx_word' id='word_1_763' title='bbox 1080 5129 1400 5200; x_wconf 84' lang='lat' dir='ltr'><strong>Quicunque</strong></span> <span class='ocrx_word' id='word_1_764' title='bbox 1449 5131 1592 5186; x_wconf 92' lang='lat' dir='ltr'><strong>enim</strong></span> <span class='ocrx_word' id='word_1_765' title='bbox 1631 5130 1834 5200; x_wconf 91' lang='lat' dir='ltr'><strong>Spiritu</strong></span> <span class='ocrx_word' id='word_1_766' title='bbox 1873 5131 1966 5187; x_wconf 89' lang='lat' dir='ltr'><strong>Dei</strong></span> 
     </span>
    </p>
   </div>
   <div class='ocr_carea' id='block_1_98' title="bbox 399 5222 1966 5295">
    <p class='ocr_par' dir='ltr' id='par_1_98' title="bbox 399 5222 1966 5295">
     <span class='ocr_line' id='line_1_98' title="bbox 399 5222 1966 5295; baseline 0.003 -21"><span class='ocrx_word' id='word_1_767' title='bbox 399 5231 652 5293; x_wconf 88' lang='lat' dir='ltr'><strong>aguntur,</strong></span> <span class='ocrx_word' id='word_1_768' title='bbox 681 5222 734 5276; x_wconf 91' lang='lat' dir='ltr'><strong>hi</strong></span> <span class='ocrx_word' id='word_1_769' title='bbox 779 5222 870 5276; x_wconf 84' lang='lat' dir='ltr'><strong>lilii</strong></span> <span class='ocrx_word' id='word_1_770' title='bbox 920 5233 1046 5278; x_wconf 91' lang='lat' dir='ltr'><strong>sunt</strong></span> <span class='ocrx_word' id='word_1_771' title='bbox 1070 5224 1182 5279; x_wconf 89' lang='lat' dir='ltr'><strong>Dei.</strong></span> <span class='ocrx_word' id='word_1_772' title='bbox 1215 5223 1331 5281; x_wconf 85' lang='lat' dir='ltr'><strong>Non</strong></span> <span class='ocrx_word' id='word_1_773' title='bbox 1360 5225 1505 5280; x_wconf 88' lang='lat' dir='ltr'><strong>enim</strong></span> <span class='ocrx_word' id='word_1_774' title='bbox 1545 5227 1832 5295; x_wconf 82' lang='lat' dir='ltr'><strong>accepistis</strong></span> <span class='ocrx_word' id='word_1_775' title='bbox 1854 5227 1966 5295; x_wconf 89' lang='lat' dir='ltr'><strong>spi-</strong></span> 
     </span>
    </p>
   </div>
   <div class='ocr_carea' id='block_1_99' title="bbox 398 5313 1967 5386">
    <p class='ocr_par' dir='ltr' id='par_1_99' title="bbox 398 5313 1967 5386">
     <span class='ocr_line' id='line_1_99' title="bbox 398 5313 1967 5386; baseline 0.004 -22"><span class='ocrx_word' id='word_1_776' title='bbox 398 5313 563 5366; x_wconf 89' lang='lat' dir='ltr'><strong>ritum</strong></span> <span class='ocrx_word' id='word_1_777' title='bbox 606 5314 882 5368; x_wconf 86' lang='lat' dir='ltr'><strong>servitutis</strong></span> <span class='ocrx_word' id='word_1_778' title='bbox 931 5315 1123 5368; x_wconf 90' lang='lat' dir='ltr'><strong>iterum</strong></span> <span class='ocrx_word' id='word_1_779' title='bbox 1166 5315 1220 5369; x_wconf 91' lang='lat' dir='ltr'><strong>in</strong></span> <span class='ocrx_word' id='word_1_780' title='bbox 1269 5315 1500 5379; x_wconf 91' lang='lat' dir='ltr'><strong>timore;</strong></span> <span class='ocrx_word' id='word_1_781' title='bbox 1537 5317 1631 5370; x_wconf 90' lang='lat' dir='ltr'><strong>sed</strong></span> <span class='ocrx_word' id='word_1_782' title='bbox 1669 5316 1967 5386; x_wconf 89' lang='lat' dir='ltr'><strong>accepistis</strong></span> 
     </span>
    </p>
   </div>
   <div class='ocr_carea' id='block_1_100' title="bbox 391 5401 1964 5476">
    <p class='ocr_par' dir='ltr' id='par_1_100' title="bbox 391 5401 1964 5476">
     <span class='ocr_line' id='line_1_100' title="bbox 391 5401 1964 5476; baseline 0 -20"><span class='ocrx_word' id='word_1_783' title='bbox 391 5401 660 5471; x_wconf 83' lang='lat' dir='ltr'><strong>Spiritum</strong></span> <span class='ocrx_word' id='word_1_784' title='bbox 707 5403 1012 5472; x_wconf 89' lang='lat' dir='ltr'><strong>adoptionis</strong></span> <span class='ocrx_word' id='word_1_785' title='bbox 1065 5405 1118 5459; x_wconf 94' lang='lat' dir='ltr'><strong>in</strong></span> <span class='ocrx_word' id='word_1_786' title='bbox 1199 5420 1307 5476; x_wconf 91' lang='lat' dir='ltr'><strong>quo</strong></span> <span class='ocrx_word' id='word_1_787' title='bbox 1373 5404 1670 5459; x_wconf 88' lang='lat' dir='ltr'><strong>clamamus</strong></span> <span class='ocrx_word' id='word_1_788' title='bbox 1714 5423 1727 5458; x_wconf 90' lang='lat'>:</span> <span class='ocrx_word' id='word_1_789' title='bbox 1773 5405 1964 5472; x_wconf 86' lang='lat' dir='ltr'><strong>Abba,</strong></span> 
     </span>
    </p>
   </div>
   <div class='ocr_carea' id='block_1_101' title="bbox 456 5559 1704 5625">
    <p class='ocr_par' dir='ltr' id='par_1_101' title="bbox 456 5559 1704 5625">
     <span class='ocr_line' id='line_1_101' title="bbox 456 5559 1704 5625; baseline -0.002 -11"><span class='ocrx_word' id='word_1_790' title='bbox 456 5563 506 5594; x_wconf 77' lang='grc'>³³</span> <span class='ocrx_word' id='word_1_791' title='bbox 532 5561 674 5617; x_wconf 82' lang='lat' dir='ltr'><strong>Psal.</strong></span> <span class='ocrx_word' id='word_1_792' title='bbox 700 5577 884 5625; x_wconf 85' lang='lat' dir='ltr'><strong>cxxxt,</strong></span> <span class='ocrx_word' id='word_1_793' title='bbox 916 5561 1003 5616; x_wconf 67' lang='lat' dir='ltr'><strong>l2.</strong></span> <span class='ocrx_word' id='word_1_794' title='bbox 1079 5561 1126 5592; x_wconf 72' lang='grc'>⁷⁸</span> <span class='ocrx_word' id='word_1_795' title='bbox 1153 5559 1294 5617; x_wconf 86' lang='lat' dir='ltr'><strong>Psal.</strong></span> <span class='ocrx_word' id='word_1_796' title='bbox 1320 5575 1580 5625; x_wconf 75' lang='lat' dir='ltr'><strong>cxxxvnt,</strong></span> <span class='ocrx_word' id='word_1_797' title='bbox 1615 5559 1704 5614; x_wconf 75' lang='grc'><strong>51.</strong></span> 
     </span>
    </p>
   </div>
   <div class='ocr_carea' id='block_1_102' title="bbox 455 5717 1969 5790">
    <p class='ocr_par' dir='ltr' id='par_1_102' title="bbox 455 5717 1969 5790">
     <span class='ocr_line' id='line_1_102' title="bbox 455 5717 1969 5790; baseline 0.001 -18"><span class='ocrx_word' id='word_1_798' title='bbox 455 5717 837 5790; x_wconf 68' lang='lat' dir='ltr'><strong>.(924)_Regin:e</strong></span> <span class='ocrx_word' id='word_1_799' title='bbox 879 5719 997 5772; x_wconf 91' lang='lat' dir='ltr'><strong>cod.</strong></span> <span class='ocrx_word' id='word_1_800' title='bbox 1039 5737 1058 5770; x_wconf 75' lang='grc' dir='ltr'><strong><em>α</em></strong></span> <span class='ocrx_word' id='word_1_801' title='bbox 1107 5719 1292 5777; x_wconf 86' lang='lat' dir='ltr'><strong>eodem</strong></span> <span class='ocrx_word' id='word_1_802' title='bbox 1337 5718 1524 5789; x_wconf 88' lang='lat' dir='ltr'><strong>repleti</strong></span> <span class='ocrx_word' id='word_1_803' title='bbox 1567 5719 1806 5790; x_wconf 90' lang='lat' dir='ltr'><strong>Spiritu,</strong></span> <span class='ocrx_word' id='word_1_804' title='bbox 1843 5734 1969 5790; x_wconf 89' lang='lat' dir='ltr'><strong>pro-</strong></span> 
     </span>
    </p>
   </div>
   <div class='ocr_carea' id='block_1_103' title="bbox 394 5788 1046 5844">
    <p class='ocr_par' dir='ltr' id='par_1_103' title="bbox 394 5788 1046 5844">
     <span class='ocr_line' id='line_1_103' title="bbox 394 5788 1046 5844; baseline -0.003 -2"><span class='ocrx_word' id='word_1_805' title='bbox 394 5788 716 5844; x_wconf 81' lang='lat' dir='ltr'><strong>nuntiabant</strong></span> <span class='ocrx_word' id='word_1_806' title='bbox 733 5798 787 5843; x_wconf 90' lang='lat' dir='ltr'><strong>et</strong></span> <span class='ocrx_word' id='word_1_807' title='bbox 813 5802 992 5844; x_wconf 85' lang='lat' dir='ltr'><strong>sensu.</strong></span> <span class='ocrx_word' id='word_1_808' title='bbox 1028 5808 1046 5840; x_wconf 69' lang='grc' dir='ltr'><strong>ι</strong></span> 
     </span>
    </p>
   </div>
   <div class='ocr_carea' id='block_1_104' title="bbox 1782 5559 2352 5624">
    <p class='ocr_par' dir='ltr' id='par_1_104' title="bbox 1782 5559 2352 5624">
     <span class='ocr_line' id='line_1_104' title="bbox 1782 5559 2352 5624; baseline -0.002 -11"><span class='ocrx_word' id='word_1_809' title='bbox 1782 5561 1826 5591; x_wconf 84' lang='grc'><strong>⁷⁵</strong></span> <span class='ocrx_word' id='word_1_810' title='bbox 1857 5559 2010 5614; x_wconf 81' lang='lat' dir='ltr'><strong>Rom.</strong></span> <span class='ocrx_word' id='word_1_811' title='bbox 2043 5573 2162 5624; x_wconf 88' lang='lat' dir='ltr'><strong>vm,</strong></span> <span class='ocrx_word' id='word_1_812' title='bbox 2200 5559 2352 5612; x_wconf 67' lang='lat'><strong>4-17.</strong></span> 
     </span>
    </p>
   </div>
   <div class='ocr_carea' id='block_1_105' title="bbox 2077 4573 3641 4644">
    <p class='ocr_par' dir='ltr' id='par_1_105' title="bbox 2077 4573 3641 4644">
     <span class='ocr_line' id='line_1_105' title="bbox 2077 4573 3641 4644; baseline -0.003 -13"><span class='ocrx_word' id='word_1_813' title='bbox 2077 4579 2206 4631; x_wconf 91' lang='lat' dir='ltr'><strong>tiam</strong></span> <span class='ocrx_word' id='word_1_814' title='bbox 2239 4576 2474 4644; x_wconf 88' lang='lat' dir='ltr'><strong>Spiritus</strong></span> <span class='ocrx_word' id='word_1_815' title='bbox 2504 4574 2850 4644; x_wconf 86' lang='lat' dir='ltr'><strong>suscepistis,</strong></span> <span class='ocrx_word' id='word_1_816' title='bbox 2893 4583 2949 4629; x_wconf 92' lang='lat' dir='ltr'><strong>et</strong></span> <span class='ocrx_word' id='word_1_817' title='bbox 2991 4574 3155 4628; x_wconf 91' lang='lat' dir='ltr'><strong>vitam</strong></span> <span class='ocrx_word' id='word_1_818' title='bbox 3187 4584 3242 4630; x_wconf 91' lang='lat' dir='ltr'><strong>et</strong></span> <span class='ocrx_word' id='word_1_819' title='bbox 3273 4589 3457 4644; x_wconf 88' lang='lat' dir='ltr'><strong>pacem</strong></span> <span class='ocrx_word' id='word_1_820' title='bbox 3489 4573 3641 4643; x_wconf 70' lang='lat'><strong>(94);</strong></span> 
     </span>
    </p>
   </div>
   <div class='ocr_carea' id='block_1_106' title="bbox 2076 4667 3645 4736">
    <p class='ocr_par' dir='ltr' id='par_1_106' title="bbox 2076 4667 3645 4736">
     <span class='ocr_line' id='line_1_106' title="bbox 2076 4667 3645 4736; baseline -0.001 -15"><span class='ocrx_word' id='word_1_821' title='bbox 2076 4684 2182 4723; x_wconf 92' lang='lat' dir='ltr'><strong>non</strong></span> <span class='ocrx_word' id='word_1_822' title='bbox 2222 4668 2354 4723; x_wconf 89' lang='lat' dir='ltr'><strong>estis</strong></span> <span class='ocrx_word' id='word_1_823' title='bbox 2379 4670 2430 4722; x_wconf 92' lang='lat' dir='ltr'><strong>in</strong></span> <span class='ocrx_word' id='word_1_824' title='bbox 2464 4681 2661 4732; x_wconf 88' lang='lat' dir='ltr'><strong>carne,</strong></span> <span class='ocrx_word' id='word_1_825' title='bbox 2700 4667 2752 4721; x_wconf 88' lang='lat' dir='ltr'><strong>id</strong></span> <span class='ocrx_word' id='word_1_826' title='bbox 2789 4676 2870 4721; x_wconf 93' lang='lat' dir='ltr'><strong>est</strong></span> <span class='ocrx_word' id='word_1_827' title='bbox 2892 4708 2906 4732; x_wconf 94' lang='lat'><strong>,</strong></span> <span class='ocrx_word' id='word_1_828' title='bbox 2946 4667 2999 4720; x_wconf 93' lang='lat' dir='ltr'><strong>in</strong></span> <span class='ocrx_word' id='word_1_829' title='bbox 3032 4668 3212 4722; x_wconf 89' lang='lat' dir='ltr'><strong>carnis</strong></span> <span class='ocrx_word' id='word_1_830' title='bbox 3246 4667 3519 4736; x_wconf 88' lang='lat' dir='ltr'><strong>operibus,</strong></span> <span class='ocrx_word' id='word_1_831' title='bbox 3548 4680 3645 4720; x_wconf 84' lang='lat' dir='ltr'><strong>ne-</strong></span> 
     </span>
    </p>
   </div>
   <div class='ocr_carea' id='block_1_107' title="bbox 2071 4757 3642 4830">
    <p class='ocr_par' dir='ltr' id='par_1_107' title="bbox 2071 4757 3642 4830">
     <span class='ocr_line' id='line_1_107' title="bbox 2071 4757 3642 4830; baseline -0.001 -17"><span class='ocrx_word' id='word_1_832' title='bbox 2071 4775 2176 4830; x_wconf 90' lang='lat' dir='ltr'><strong>que</strong></span> <span class='ocrx_word' id='word_1_833' title='bbox 2201 4759 2319 4830; x_wconf 90' lang='lat' dir='ltr'><strong>ejus</strong></span> <span class='ocrx_word' id='word_1_834' title='bbox 2350 4774 2511 4829; x_wconf 85' lang='lat' dir='ltr'><strong>opera</strong></span> <span class='ocrx_word' id='word_1_835' title='bbox 2548 4760 2902 4828; x_wconf 89' lang='lat' dir='ltr'><strong>perpetratis,</strong></span> <span class='ocrx_word' id='word_1_836' title='bbox 2939 4758 3206 4828; x_wconf 89' lang='lat' dir='ltr'><strong>siquidem</strong></span> <span class='ocrx_word' id='word_1_837' title='bbox 3247 4757 3504 4825; x_wconf 89' lang='lat' dir='ltr'><strong>Spiritum</strong></span> <span class='ocrx_word' id='word_1_838' title='bbox 3547 4757 3642 4812; x_wconf 88' lang='lat' dir='ltr'><strong>Dei</strong></span> 
     </span>
    </p>
   </div>
   <div class='ocr_carea' id='block_1_108' title="bbox 2073 4849 3643 4920">
    <p class='ocr_par' dir='ltr' id='par_1_108' title="bbox 2073 4849 3643 4920">
     <span class='ocr_line' id='line_1_108' title="bbox 2073 4849 3643 4920; baseline -0.001 -15"><span class='ocrx_word' id='word_1_839' title='bbox 2073 4851 2284 4906; x_wconf 84' lang='lat' dir='ltr'><strong>habetis</strong></span> <span class='ocrx_word' id='word_1_840' title='bbox 2309 4849 2361 4905; x_wconf 91' lang='lat' dir='ltr'><strong>in</strong></span> <span class='ocrx_word' id='word_1_841' title='bbox 2404 4851 2577 4907; x_wconf 89' lang='lat' dir='ltr'><strong>vobis.</strong></span> <span class='ocrx_word' id='word_1_842' title='bbox 2612 4850 2756 4906; x_wconf 92' lang='lat' dir='ltr'><strong>Idem</strong></span> <span class='ocrx_word' id='word_1_843' title='bbox 2791 4861 2969 4904; x_wconf 90' lang='lat' dir='ltr'><strong>autem</strong></span> <span class='ocrx_word' id='word_1_844' title='bbox 3015 4849 3252 4920; x_wconf 89' lang='lat' dir='ltr'><strong>Spiritus</strong></span> <span class='ocrx_word' id='word_1_845' title='bbox 3283 4850 3412 4913; x_wconf 88' lang='lat' dir='ltr'><strong>Dei,</strong></span> <span class='ocrx_word' id='word_1_846' title='bbox 3442 4859 3496 4905; x_wconf 91' lang='lat' dir='ltr'><strong>et</strong></span> <span class='ocrx_word' id='word_1_847' title='bbox 3517 4849 3643 4918; x_wconf 85' lang='lat' dir='ltr'><strong>Spi-</strong></span> 
     </span>
    </p>
   </div>
   <div class='ocr_carea' id='block_1_109' title="bbox 2068 4940 3642 5014">
    <p class='ocr_par' dir='ltr' id='par_1_109' title="bbox 2068 4940 3642 5014">
     <span class='ocr_line' id='line_1_109' title="bbox 2068 4940 3642 5014; baseline -0.003 -15"><span class='ocrx_word' id='word_1_848' title='bbox 2068 4945 2208 5000; x_wconf 90' lang='lat' dir='ltr'><strong>ritus</strong></span> <span class='ocrx_word' id='word_1_849' title='bbox 2247 4943 2450 5002; x_wconf 90' lang='lat' dir='ltr'><strong>Christi</strong></span> <span class='ocrx_word' id='word_1_850' title='bbox 2487 4954 2592 5006; x_wconf 84' lang='lat' dir='ltr'><strong>est,</strong></span> <span class='ocrx_word' id='word_1_851' title='bbox 2629 4943 2904 4998; x_wconf 86' lang='lat' dir='ltr'><strong>deducens</strong></span> <span class='ocrx_word' id='word_1_852' title='bbox 2929 4953 2984 4997; x_wconf 87' lang='lat' dir='ltr'><strong>et</strong></span> <span class='ocrx_word' id='word_1_853' title='bbox 3019 4942 3430 5014; x_wconf 33' lang='lat' dir='ltr'><strong>copulansleum</strong></span> <span class='ocrx_word' id='word_1_854' title='bbox 3458 4940 3550 5011; x_wconf 90' lang='lat' dir='ltr'><strong>qui</strong></span> <span class='ocrx_word' id='word_1_855' title='bbox 3586 4944 3642 4995; x_wconf 92' lang='lat' dir='ltr'><strong>in</strong></span> 
     </span>
    </p>
   </div>
   <div class='ocr_carea' id='block_1_110' title="bbox 2067 5032 3644 5100">
    <p class='ocr_par' dir='ltr' id='par_1_110' title="bbox 2067 5032 3644 5100">
     <span class='ocr_line' id='line_1_110' title="bbox 2067 5032 3644 5100; baseline -0.005 -10"><span class='ocrx_word' id='word_1_856' title='bbox 2067 5052 2126 5092; x_wconf 87' lang='lat' dir='ltr'><strong>se</strong></span> <span class='ocrx_word' id='word_1_857' title='bbox 2155 5037 2423 5100; x_wconf 89' lang='lat' dir='ltr'><strong>habuerit,</strong></span> <span class='ocrx_word' id='word_1_858' title='bbox 2458 5035 2684 5090; x_wconf 87' lang='lat' dir='ltr'><strong>Domino</strong></span> <span class='ocrx_word' id='word_1_859' title='bbox 2722 5033 2846 5089; x_wconf 85' lang='lat' dir='ltr'><strong>Jesu</strong></span> <span class='ocrx_word' id='word_1_860' title='bbox 2881 5034 3118 5089; x_wconf 88' lang='lat' dir='ltr'><strong>Christo.</strong></span> <span class='ocrx_word' id='word_1_861' title='bbox 3162 5032 3314 5088; x_wconf 88' lang='lat' dir='ltr'><strong>Unde</strong></span> <span class='ocrx_word' id='word_1_862' title='bbox 3343 5042 3398 5087; x_wconf 92' lang='lat' dir='ltr'><strong>et</strong></span> <span class='ocrx_word' id='word_1_863' title='bbox 3429 5033 3480 5085; x_wconf 96' lang='lat' dir='ltr'><strong>in</strong></span> <span class='ocrx_word' id='word_1_864' title='bbox 3512 5045 3644 5086; x_wconf 86' lang='lat' dir='ltr'><strong>con-</strong></span> 
     </span>
    </p>
   </div>
   <div class='ocr_carea' id='block_1_111' title="bbox 2067 5121 3640 5197">
    <p class='ocr_par' dir='ltr' id='par_1_111' title="bbox 2067 5121 3640 5197">
     <span class='ocr_line' id='line_1_111' title="bbox 2067 5121 3640 5197; baseline -0.006 -15"><span class='ocrx_word' id='word_1_865' title='bbox 2067 5126 2414 5197; x_wconf 87' lang='lat' dir='ltr'><strong>sequentibus</strong></span> <span class='ocrx_word' id='word_1_866' title='bbox 2463 5126 2719 5182; x_wconf 89' lang='lat' dir='ltr'><strong>scribitur</strong></span> <span class='ocrx_word' id='word_1_867' title='bbox 2767 5145 2780 5179; x_wconf 91' lang='lat'>:</span> <span class='ocrx_word' id='word_1_868' title='bbox 2829 5143 2847 5176; x_wconf 76' lang='grc' dir='ltr'>α</span> <span class='ocrx_word' id='word_1_869' title='bbox 2896 5123 2953 5178; x_wconf 90' lang='lat' dir='ltr'><strong>Si</strong></span> <span class='ocrx_word' id='word_1_870' title='bbox 2998 5125 3120 5195; x_wconf 89' lang='lat' dir='ltr'><strong>quis</strong></span> <span class='ocrx_word' id='word_1_871' title='bbox 3155 5137 3332 5178; x_wconf 82' lang='lat' dir='ltr'><strong>autem</strong></span> <span class='ocrx_word' id='word_1_872' title='bbox 3381 5121 3640 5192; x_wconf 88' lang='lat' dir='ltr'><strong>Spiritum</strong></span> 
     </span>
    </p>
   </div>
   <div class='ocr_carea' id='block_1_112' title="bbox 2070 5216 3226 5284">
    <p class='ocr_par' dir='ltr' id='par_1_112' title="bbox 2070 5216 3226 5284">
     <span class='ocr_line' id='line_1_112' title="bbox 2070 5216 3226 5284; baseline -0.006 -10"><span class='ocrx_word' id='word_1_873' title='bbox 2070 5217 2270 5274; x_wconf 86' lang='lat' dir='ltr'><strong>Christi</strong></span> <span class='ocrx_word' id='word_1_874' title='bbox 2312 5234 2414 5270; x_wconf 91' lang='lat' dir='ltr'><strong>non</strong></span> <span class='ocrx_word' id='word_1_875' title='bbox 2447 5217 2628 5282; x_wconf 89' lang='lat' dir='ltr'><strong>habet,</strong></span> <span class='ocrx_word' id='word_1_876' title='bbox 2659 5217 2746 5270; x_wconf 89' lang='lat' dir='ltr'><strong>hic</strong></span> <span class='ocrx_word' id='word_1_877' title='bbox 2782 5232 2884 5269; x_wconf 92' lang='lat' dir='ltr'><strong>non</strong></span> <span class='ocrx_word' id='word_1_878' title='bbox 2924 5227 3007 5272; x_wconf 86' lang='lat' dir='ltr'><strong>est</strong></span> <span class='ocrx_word' id='word_1_879' title='bbox 3032 5216 3168 5284; x_wconf 91' lang='lat' dir='ltr'><strong>ejus.</strong></span> <span class='ocrx_word' id='word_1_880' title='bbox 3206 5235 3226 5267; x_wconf 75' lang='grc' dir='ltr'><strong><em>ι</em></strong></span> 
     </span>
    </p>
   </div>
   <div class='ocr_carea' id='block_1_113' title="bbox 2143 5307 3634 5378">
    <p class='ocr_par' dir='ltr' id='par_1_113' title="bbox 2143 5307 3634 5378">
     <span class='ocr_line' id='line_1_113' title="bbox 2143 5307 3634 5378; baseline -0.005 -13"><span class='ocrx_word' id='word_1_881' title='bbox 2143 5311 2234 5365; x_wconf 72' lang='grc'><strong>40.</strong></span> <span class='ocrx_word' id='word_1_882' title='bbox 2279 5309 2510 5363; x_wconf 83' lang='lat' dir='ltr'><strong>Rursum</strong></span> <span class='ocrx_word' id='word_1_883' title='bbox 2572 5309 2624 5363; x_wconf 94' lang='lat' dir='ltr'><strong>in</strong></span> <span class='ocrx_word' id='word_1_884' title='bbox 2680 5309 2930 5378; x_wconf 76' lang='lat' dir='ltr'><strong>praesenti</strong></span> <span class='ocrx_word' id='word_1_885' title='bbox 3004 5309 3260 5362; x_wconf 88' lang='lat' dir='ltr'><strong>discimus</strong></span> <span class='ocrx_word' id='word_1_886' title='bbox 3323 5307 3634 5362; x_wconf 85' lang='lat' dir='ltr'><strong>societatem</strong></span> 
     </span>
    </p>
   </div>
   <div class='ocr_carea' id='block_1_114' title="bbox 2074 5397 3640 5470">
    <p class='ocr_par' dir='ltr' id='par_1_114' title="bbox 2074 5397 3640 5470">
     <span class='ocr_line' id='line_1_114' title="bbox 2074 5397 3640 5470; baseline -0.003 -16"><span class='ocrx_word' id='word_1_887' title='bbox 2074 5416 2234 5470; x_wconf 88' lang='lat' dir='ltr'><strong>quam</strong></span> <span class='ocrx_word' id='word_1_888' title='bbox 2291 5399 2452 5454; x_wconf 83' lang='lat' dir='ltr'><strong>habet</strong></span> <span class='ocrx_word' id='word_1_889' title='bbox 2528 5398 2765 5468; x_wconf 86' lang='lat' dir='ltr'><strong>Spiritus</strong></span> <span class='ocrx_word' id='word_1_890' title='bbox 2811 5409 3031 5452; x_wconf 88' lang='lat' dir='ltr'><strong>sanctus</strong></span> <span class='ocrx_word' id='word_1_891' title='bbox 3089 5397 3157 5450; x_wconf 89' lang='lat' dir='ltr'><strong>ad</strong></span> <span class='ocrx_word' id='word_1_892' title='bbox 3209 5397 3407 5462; x_wconf 90' lang='lat' dir='ltr'><strong>Deum,</strong></span> <span class='ocrx_word' id='word_1_893' title='bbox 3464 5406 3519 5451; x_wconf 89' lang='lat' dir='ltr'><strong>et</strong></span> <span class='ocrx_word' id='word_1_894' title='bbox 3573 5397 3640 5449; x_wconf 92' lang='lat' dir='ltr'><strong>ad</strong></span> 
     </span>
    </p>
   </div>
   <div class='ocr_carea' id='block_1_115' title="bbox 2429 5556 3347 5626">
    <p class='ocr_par' dir='ltr' id='par_1_115' title="bbox 2429 5556 3347 5626">
     <span class='ocr_line' id='line_1_115' title="bbox 2429 5556 3347 5626; baseline -0.003 -13"><span class='ocrx_word' id='word_1_895' title='bbox 2429 5559 2474 5590; x_wconf 83' lang='lat'><strong>&quot;‘</strong></span> <span class='ocrx_word' id='word_1_896' title='bbox 2497 5558 2655 5613; x_wconf 86' lang='lat' dir='ltr'><strong>Deut.</strong></span> <span class='ocrx_word' id='word_1_897' title='bbox 2689 5573 2762 5626; x_wconf 87' lang='lat' dir='ltr'><strong>vt,</strong></span> <span class='ocrx_word' id='word_1_898' title='bbox 2803 5558 2857 5614; x_wconf 84' lang='lat'><strong>5.</strong></span> <span class='ocrx_word' id='word_1_899' title='bbox 2935 5559 2978 5590; x_wconf 85' lang='grc'><strong>⁷⁷</strong></span> <span class='ocrx_word' id='word_1_900' title='bbox 3001 5556 3134 5612; x_wconf 82' lang='lat' dir='ltr'><strong>Tol).</strong></span> <span class='ocrx_word' id='word_1_901' title='bbox 3169 5556 3347 5621; x_wconf 77' lang='lat' dir='ltr'><strong>tv,16.</strong></span> 
     </span>
    </p>
   </div>
   <div class='ocr_carea' id='block_1_116' title="bbox 2150 5718 3580 5790">
    <p class='ocr_par' dir='ltr' id='par_1_116' title="bbox 2150 5718 3580 5790">
     <span class='ocr_line' id='line_1_116' title="bbox 2150 5718 3580 5790; baseline 0 -16"><span class='ocrx_word' id='word_1_902' title='bbox 2150 5720 2264 5788; x_wconf 80' lang='lat'><strong>(95)</strong></span> <span class='ocrx_word' id='word_1_903' title='bbox 2304 5720 2495 5774; x_wconf 89' lang='lat' dir='ltr'><strong>Deerat</strong></span> <span class='ocrx_word' id='word_1_904' title='bbox 2519 5739 2537 5771; x_wconf 76' lang='grc' dir='ltr'><strong><em>ι</em></strong></span> <span class='ocrx_word' id='word_1_905' title='bbox 2570 5721 2785 5786; x_wconf 81' lang='lat' dir='ltr'><strong>fratres,</strong></span> <span class='ocrx_word' id='word_1_906' title='bbox 2822 5741 2840 5772; x_wconf 79' lang='grc' dir='ltr'><strong><em>ι</em></strong></span> <span class='ocrx_word' id='word_1_907' title='bbox 2873 5722 3014 5790; x_wconf 89' lang='lat' dir='ltr'><strong>quod</strong></span> <span class='ocrx_word' id='word_1_908' title='bbox 3040 5737 3071 5775; x_wconf 92' lang='lat' dir='ltr'><strong>e</strong></span> <span class='ocrx_word' id='word_1_909' title='bbox 3097 5735 3225 5775; x_wconf 88' lang='lat' dir='ltr'><strong>mss.</strong></span> <span class='ocrx_word' id='word_1_910' title='bbox 3256 5718 3580 5774; x_wconf 80' lang='lat' dir='ltr'><strong>suﬂ&#39;ecimus.</strong></span> 
     </span>
    </p>
   </div>
   <div class='ocr_carea' id='block_1_117' title="bbox 2146 5790 3634 5861">
    <p class='ocr_par' dir='ltr' id='par_1_117' title="bbox 2146 5790 3634 5861">
     <span class='ocr_line' id='line_1_117' title="bbox 2146 5790 3634 5861; baseline -0.003 -15"><span class='ocrx_word' id='word_1_911' title='bbox 2146 5793 2254 5859; x_wconf 62' lang='lat'><strong>(91)</strong></span> <span class='ocrx_word' id='word_1_912' title='bbox 2297 5790 2422 5845; x_wconf 82' lang='lat' dir='ltr'><strong>Erat</strong></span> <span class='ocrx_word' id='word_1_913' title='bbox 2453 5809 2470 5841; x_wconf 73' lang='grc' dir='ltr'>ι</span> <span class='ocrx_word' id='word_1_914' title='bbox 2508 5803 2559 5846; x_wconf 90' lang='lat' dir='ltr'><strong>et</strong></span> <span class='ocrx_word' id='word_1_915' title='bbox 2589 5794 2747 5845; x_wconf 87' lang='lat' dir='ltr'><strong>vitam</strong></span> <span class='ocrx_word' id='word_1_916' title='bbox 2779 5793 2944 5861; x_wconf 86' lang='lat' dir='ltr'><strong>pacis,</strong></span> <span class='ocrx_word' id='word_1_917' title='bbox 2981 5811 2998 5842; x_wconf 78' lang='grc' dir='ltr'><em>ι</em></span> <span class='ocrx_word' id='word_1_918' title='bbox 3036 5790 3476 5847; x_wconf 78' lang='lat' dir='ltr'><strong>dissentientibus</strong></span> <span class='ocrx_word' id='word_1_919' title='bbox 3504 5807 3634 5844; x_wconf 83' lang='lat' dir='ltr'><strong>mss.</strong></span> 
     </span>
    </p>
   </div>
  </div>
