4034 6414
442 422 465 476 1
476 421 579 478 069

1562 416 1764 474 LIBER
1804 419 1890 473 DE
1930 418 2201 475 SPIRITU
2246 418 2536 478 SANCTO.

3552 428 3689 485 1070

440 541 734 596 Christum.
765 536 871 594 Sed
894 545 948 593 et
972 538 1024 594 in
1056 536 1293 608 Epistula
1316 537 1460 594 Petri
1490 581 1506 608 ,
1534 539 1771 609 Spiritus
1796 550 2014 595 sanctus
2045 547 2091 602 Α
2121 539 2250 605 tuis,
2294 539 2498 595 habitat
2536 540 2589 595 in
2630 540 2817 605 vobis,
2867 541 2957 612 qui
3015 542 3299 598 suscitavit
3342 543 3619 601 Christum
3660 563 3689 600 a

439 645 562 685 esse
591 629 792 686 Christi
824 627 1063 698 Spiritus
1098 630 1482 699 comprobatur
1515 646 1528 682 :
1564 649 1583 682 ι
1615 631 1953 696 Scrutantes,
1990 649 2008 682 ι

442 723 651 790 inquit,
700 739 721 773 ε
776 730 832 776 et
875 723 1243 791 inquirentes,
1302 743 1321 776 ι
1366 724 1419 779 id
1465 735 1549 780 est
1594 727 1904 796 pr0phetaz,
1950 728 2016 782 de

438 816 636 885 quibus
663 814 712 868 ei
735 814 909 868 fuerat
934 829 1115 869 sermo
1138 817 1401 884 superior,
1438 836 1457 868 ‹
1492 818 1545 870 in
1575 817 1744 887 quod,
1772 827 1828 873 et
1859 818 2017 888 quale

443 917 651 975 tempus
670 905 792 977 (95)
829 906 1256 976 signiﬁcabatis,
1305 909 1394 979 qui
1436 911 1488 962 in
1515 909 1596 964 eis
1633 920 1753 965 erat
1782 910 2017 979 Spiritus

438 996 676 1060 Christi,
703 995 1005 1051 testiﬁcans
1038 997 1090 1050 in
1136 998 1354 1053 Christo
1390 1000 1691 1068 passiones,
1723 1011 1776 1054 et
1804 1016 1868 1054 ea
1898 1017 2016 1071 qum

438 1100 560 1159 post
595 1099 750 1144 erant
791 1100 1041 1145 secutura
1076 1089 1291 1145 decreta
1329 1106 1344 1144 :
1391 1092 1445 1145 in
1479 1095 1673 1162 quibus
1721 1095 2015 1151 revelatum

440 1190 552 1248 est,
581 1183 708 1250 quia
740 1197 844 1237 non
882 1181 1022 1246 sibi,
1054 1183 1147 1236 sed
1190 1183 1345 1237 nobis
1388 1184 1767 1239 ministrabant
1801 1202 1864 1241 ea
1897 1200 2018 1253 quas

441 1289 583 1328 nunc
596 1276 911 1328 annuntiata
937 1284 1062 1329 sunt.
1077 1275 1231 1330 vobis
1248 1291 1342 1345 per
1359 1276 1617 1345 Spiritum
1631 1286 1877 1334 sanctum
1897 1279 1964 1333 ⁷³.
1991 1299 2010 1331 ι

440 1364 541 1418 Iste
587 1373 768 1418 autem
804 1365 1039 1434 Spiritus
1084 1374 1305 1420 sanctus
1346 1368 1522 1424 dictus
1559 1380 1643 1425 est
1692 1380 1747 1424 et
1781 1368 2015 1440 Spiritus

441 1454 556 1522 Dei,
591 1470 697 1510 non
740 1455 792 1510 in
834 1457 1083 1525 prmsenti
1137 1467 1342 1512 tantum
1389 1475 1660 1527 sermone,
1710 1463 1801 1517 sed
1850 1472 1906 1517 et
1959 1464 2013 1517 in

439 1545 559 1602 aliis
584 1545 717 1601 locis
753 1546 1151 1616 compluribus,
1183 1558 1243 1603 ut
1277 1549 1349 1603 ibi
1385 1568 1398 1602 :
1429 1567 1449 1601 ι
1484 1550 1560 1604 Ea
1587 1567 1709 1620 qua:
1739 1551 1829 1607 Dei
1864 1562 2014 1616 sunt,

440 1651 596 1691 nemo
643 1637 792 1691 novit
832 1637 936 1691 nisi
984 1636 1217 1708 Spiritus
1242 1638 1334 1693 Dei
1370 1640 1441 1694 “'9.
1481 1658 1500 1691 ι
1536 1640 1742 1696 Deinde
1772 1644 2016 1714 sequitur

437 1734 559 1795 post
595 1725 699 1779 hoc
731 1726 874 1796 quod
904 1728 982 1781 ait
1031 1746 1045 1781 :
1085 1746 1103 1780 ι
1142 1728 1200 1783 Si
1234 1731 1357 1800 quis
1391 1740 1569 1787 autem
1609 1733 1870 1802 Spiritum
1921 1735 2012 1791 Dei

438 1831 542 1870 non
574 1816 755 1881 habet,
788 1818 873 1871 hic
904 1833 1013 1872 non
1033 1828 1116 1874 est
1143 1819 1297 1886 ejus;
1329 1841 1348 1873 ι
1384 1832 1438 1877 et
1470 1823 1698 1879 infertur
1728 1844 1740 1880 :
1777 1845 1794 1878 ι
1833 1825 1887 1881 Si
1922 1844 2018 1881 au-

439 1915 546 1960 tem
569 1906 816 1962 Christus
833 1909 887 1962 in
910 1908 1085 1972 vobis,
1115 1928 1133 1960 »
1160 1911 1666 1969 etmanifestissime
1683 1917 2012 1973 demonstra-

440 2007 527 2052 tur
551 1999 961 2067 inseparabilem
985 2017 1105 2058 essc
1131 2001 1393 2071 Spiritum
1423 2016 1674 2059 sanctum
1699 2021 1729 2060 a
1750 2005 1968 2064 Christo
1993 2027 2006 2063 :

438 2089 563 2157 quia
593 2090 902 2159 ubicunque
938 2091 1174 2161 Spiritus
1205 2104 1426 2148 sanctus
1455 2093 1636 2160 fuerit,
1670 2096 1744 2150 ibi
1771 2108 1825 2151 et
1851 2098 2011 2152 Chri-

437 2191 550 2234 sws
575 2191 689 2243 est,
717 2190 768 2235 et
800 2182 1153 2255 undecunque
1178 2182 1377 2240 Christi
1417 2184 1652 2255 Spiritus
1678 2188 2007 2253 discesserit,

438 2270 562 2325 inde
611 2273 811 2340 pariter
857 2269 1058 2328 recedit
1106 2284 1160 2329 et
1192 2274 1459 2331 Christus.
1513 2294 1533 2328 ‹
1590 2277 1646 2331 Si
1699 2280 1818 2346 quis
1866 2282 2008 2334 enim

438 2360 697 2429 Spiritum
723 2362 928 2418 Christi
960 2380 1064 2419 non
1099 2365 1282 2430 habet,
1313 2366 1401 2421 hic
1433 2382 1538 2423 non
1572 2378 1655 2423 est
1682 2370 1818 2437 ejus.
1858 2389 1876 2422 ›
1910 2371 2007 2426 Cui

435 2452 723 2520 coniuncto
763 2454 806 2508 si
849 2455 970 2524 quis
1004 2457 1334 2511 contrarium
1383 2468 1659 2523 assumat,
1694 2460 1874 2515 dicere
1910 2476 2005 2530 po-

438 2548 540 2595 test
570 2556 583 2594 :
620 2541 674 2596 Si
707 2543 828 2611 quis
875 2543 1081 2601 Christi
1115 2557 1228 2607 est.
1259 2547 1329 2599 ita
1363 2556 1421 2602 ut
1461 2547 1710 2605 Christus
1745 2551 1797 2605 in
1826 2566 1890 2606 eo
1919 2554 2008 2618 sit,

437 2632 488 2687 in
521 2634 622 2688 hoc
652 2634 888 2702 Spiritus
926 2639 1016 2691 Dei
1051 2647 1151 2692 est.
1186 2637 1298 2693 [Ioc
1328 2649 1508 2694 autem
1544 2641 1684 2695 idem
1712 2654 1767 2697 et
1795 2644 1862 2699 de
1902 2645 2011 2700 Deo

433 2722 598 2779 Patre
641 2726 891 2781 similiter
938 2732 1325 2798 usurpandum.
1370 2729 1425 2784 Si
1468 2732 1589 2800 quis
1622 2733 1881 2802 Spiritum
1916 2737 2009 2791 Dei

434 2830 541 2869 non
566 2816 749 2883 habet,
777 2817 877 2873 iste
903 2832 1006 2872 non
1031 2828 1114 2873 est
1145 2819 1284 2889 ejus.
1314 2821 1409 2875 Cui
1439 2836 1651 2876 rursum
1677 2826 2009 2880 contrarium

435 2905 480 2959 si
512 2907 633 2976 quis
665 2919 928 2973 assumat,
966 2910 1149 2965 dicens
1197 2926 1212 2964 :
1249 2911 1307 2967 Si
1351 2913 1472 2981 quis
1522 2913 1615 2967 Dei
1646 2922 1749 2981 est,
1805 2916 1858 2970 in
1908 2918 2011 2972 hoc

436 2995 669 3065 Spiritus
712 2999 803 3053 Dei
846 3010 951 3055 est.
988 2998 1141 3057 Unde
1188 3003 1445 3058 scribitur
1492 3022 1506 3060 :
1564 3024 1584 3056 ‹
1622 3004 1852 3062 Nescitis
1882 3009 2009 3078 quia

435 3092 691 3158 templum
753 3094 843 3148 Dei
894 3096 1057 3161 estis,
1112 3104 1167 3150 et
1217 3098 1268 3151 in
1318 3096 1470 3153 vobis
1522 3099 1729 3154 habitat
1777 3100 2010 3171 Spiritus

436 3184 530 3237 Dei
552 3185 636 3238 ⁸⁸2
659 3205 678 3237 ι
711 3186 776 3240 Ει
799 3188 850 3240 in
867 3185 1091 3243 Joannis
1113 3188 1345 3258 Epistola
1374 3208 1431 3243 :r
1462 3188 1516 3243 In
1543 3191 1644 3246 hoc
1666 3193 2010 3263 cognoscitur

443 3275 581 3331 Deus
619 3278 863 3335 habitans
907 3280 960 3334 in
992 3281 1337 3350 quibusdam,
1373 3296 1496 3336 cum
1541 3284 1804 3339 manserit
1841 3286 1895 3339 in
1928 3286 2009 3342 eis

436 3369 673 3439 Spiritus
693 3386 853 3441 quem
874 3373 1019 3428 dedit
1036 3374 1102 3426 κ’.
1132 3392 1151 3426 ›
1188 3374 1265 3429 Ex
1291 3376 1485 3444 quibus
1500 3377 1751 3432 omnibus
1776 3378 2009 3433 indisso-

433 3461 644 3518 oiabilis
691 3476 854 3533 atque
898 3466 1190 3522 indiscreta
1234 3466 1522 3524 Trinitatis
1560 3468 1866 3525 substantia
1914 3468 2008 3525 de-

433 3561 786 3608 monstratur.

506 3642 595 3700 41.
636 3644 768 3700 Cum
801 3659 931 3715 ergo
965 3647 1041 3699 ait
1095 3663 1111 3700 :
1147 3665 1167 3699 r
1219 3645 1274 3701 Si
1311 3644 1561 3702 Christus
1598 3648 1653 3703 in
1705 3648 1857 3704 vobis
1902 3658 2005 3712 est,

435 3750 630 3804 corpus
652 3735 869 3805 quidem
895 3747 1165 3791 mortuum
1189 3747 1406 3807 propter
1426 3748 1730 3807 peccatum,
1766 3758 1786 3791 ι
1811 3755 2011 3810 nequa-

434 3840 596 3895 quam
639 3826 786 3882 vitiis
831 3826 1172 3898 lasciviaeque
1209 3829 1545 3895 deserviens,
1586 3831 1679 3886 sed
1716 3830 1830 3902 (96)
1865 3846 2011 3887 mor-

434 3918 700 3973 tiﬁcatum
752 3928 1006 3988 peccato,
1041 3935 1148 3975 non
1189 3932 1563 3978 commovetur
1604 3924 1670 3978 ad
1725 3924 1857 3979 vitia
1899 3942 1913 3977 :
1955 3933 2013 3979 et

434 4023 774 4079 nequaquam
825 4010 932 4064 erit
980 4011 1145 4066 vitale
1194 4021 1436 4081 peccato.
1487 4012 1779 4084 Postquam
1829 4022 2009 4069 autem

400 4130 407 4134 ~
436 4114 634 4170 corpus
663 4112 887 4171 peccato
918 4114 1191 4157 mortuum
1229 4101 1413 4169 fuerit,
1438 4103 1688 4160 Christus
1719 4106 1773 4186 in
1808 4106 1893 4162 his
1915 4106 2007 4177 qui

434 4206 530 4247 sua
553 4208 780 4264 corpora
813 4196 1297 4261 mortiﬁcaveruut,
1330 4209 1570 4266 praesens
1593 4195 1854 4268 Spiritum
1886 4200 2011 4253 vita:

433 4281 673 4339 ostendit
726 4300 824 4354 per
854 4285 1122 4354 justitiam
1178 4291 1292 4343 sive
1344 4289 1737 4344 correctionem
1785 4304 2008 4359 operum

436 4373 697 4429 virtutum
727 4374 1134 4440 immortalium,
1166 4378 1281 4435 sive
1310 4377 1466 4434 ﬁdem
1492 4379 1617 4435 Jesu
1643 4380 1847 4436 Christi
1873 4379 2005 4453 (97),

436 4465 491 4520 in
520 4461 608 4520 his
634 4465 725 4534 qui
750 4465 904 4535 juxta
936 4468 1098 4524 ﬁdem
1143 4468 1288 4524 illius
1337 4480 1759 4529 conversantur.
1802 4470 2009 4527 Deinde

2120 632 2363 694 mortuis,
2402 633 2698 687 viviﬁcabit
2728 645 2784 687 et
2817 633 3061 688 mortalia
3090 650 3318 706 corpora
3370 646 3548 693 vestra
3595 655 3692 711 per

2118 722 2509 778 inhabitanteni
2576 724 2835 793 Spiritum
2879 741 3031 779 suum
3068 726 3119 780 in
3171 726 3321 782 vobis
3366 744 3380 781 :
3435 747 3455 780 ι
3514 746 3693 788 nonne

2118 813 2211 868 tibi
2248 814 2459 868 videtur
2489 816 2705 882 dicere,
2733 817 2857 887 quia
2891 817 2936 871 si
2969 816 3201 886 Spiritus
3233 820 3351 888 ejus
3386 821 3476 889 qui
3518 824 3692 876 susci-

2121 907 2253 959 tavit
2290 906 2561 961 Christum
2599 907 2818 971 Jesum,
2878 910 2931 965 id
2983 920 3087 976 est,
3132 912 3220 980 qui
3272 910 3513 979 ejusdem
3565 912 3691 968 Jesu

2115 994 2318 1053 Christi
2351 997 2582 1065 Spiritus
2628 1008 2731 1067 est,
2773 999 2981 1055 habitat
3026 1002 3077 1055 in
3127 1003 3324 1057 vobis:
3361 1018 3694 1073 consequen-

2118 1096 2202 1140 ter
2243 1088 2659 1145 vivilicahuntur
2686 1102 2741 1146 et
2784 1093 3032 1147 mortalia
3077 1109 3305 1165 corpora
3337 1105 3518 1150 vestra
3567 1110 3691 1150 cum

2115 1176 2511 1235 immortalibus
2545 1182 2827 1239 animabus
2879 1184 2991 1255 (98)
3039 1187 3106 1241 ab
3157 1202 3223 1240 eo
3277 1191 3369 1258 qui
3409 1190 3696 1244 suscitavit

2115 1269 2390 1325 Christum
2419 1271 2601 1328 Jesum
2628 1289 2655 1327 a
2688 1276 2940 1339 mortuis,
2971 1277 3265 1346 principem
3289 1291 3342 1333 et
3369 1281 3695 1351 primogeni-

2121 1369 2231 1415 tum
2261 1365 2715 1419 resurrectionis?
2736 1365 2804 1420 Et
2844 1369 3040 1436 quibus
3075 1369 3175 1425 tale
3210 1379 3525 1442 tantumque
3557 1373 3693 1428 divi-

2116 1451 2260 1507 nitus
2302 1467 2398 1523 per
2445 1454 2705 1524 Spiritum
2752 1471 2946 1512 munus
2989 1458 3250 1513 indultum
3281 1471 3383 1525 est,
3421 1464 3692 1519 debitores

2115 1555 2302 1597 sumus
2333 1543 2579 1614 Spiritui,
2622 1563 2727 1603 non
2768 1550 2941 1614 carni,
2979 1561 3035 1603 ut
3068 1550 3221 1618 juxta
3266 1568 3385 1608 eam
3422 1556 3687 1612 vivamus.

2116 1634 2395 1705 Siquidem
2439 1641 2529 1709 qui
2571 1640 2725 1709 juxta
2765 1658 2984 1699 carnem
3034 1648 3249 1713 vixerit,
3289 1652 3551 1706 morietur
3600 1653 3687 1709 illa

2117 1740 2295 1784 morte
2326 1746 2443 1799 quae
2474 1743 2755 1801 peccatum
2793 1737 3059 1806 sequitur.
3102 1757 3121 1790 ι
3168 1739 3452 1797 Peccatum
3491 1746 3691 1816 quippe

2117 1834 2239 1874 cum
2281 1835 2710 1881 consummatum
2755 1827 2936 1891 fuerit,
2974 1842 3199 1900 generat
3246 1847 3497 1903 mortem,
3544 1856 3564 1891 ι
3599 1856 3690 1894 se-

2045 1894 2090 1952 B
2117 1914 2349 1969 cundum
2394 1915 2654 1973 Jacohum
2704 1920 2773 1975 θ’.
2817 1921 2922 1977 Sed
2974 1894 3030 1978 et
3074 1924 3320 1982 Ezechiel
3376 1894 3687 1999 peccantem

2112 2006 2347 2061 animam
2384 2011 2520 2064 mori
2570 2013 2777 2067 scribit.
2819 2013 3112 2083 Separatur
3162 2020 3305 2074 enim
3335 2021 3445 2087 jam
3485 2039 3515 2078 a
3557 2026 3686 2094 vita,

2112 2110 2231 2164 qua:
2274 2098 2326 2153 in
2355 2101 2618 2170 sapientia
2651 2103 2883 2174 Spiritus
2910 2108 3169 2164 collocata
3198 2124 3282 2168 est
3310 2113 3377 2168 ⁸³.

2183 2187 2272 2240 42.
2309 2189 2363 2244 Si
2396 2193 2519 2261 quis
2568 2203 2748 2247 autem
2782 2200 3177 2254 transcenderit
3218 2203 3382 2257 vitam
3413 2207 3596 2260 carnis
3626 2217 3681 2262 et

2114 2280 2318 2350 Spiritu
2343 2296 2507 2351 opera
2536 2286 2718 2340 carnis
2744 2291 3149 2346 mortilieaverit
3180 2292 3315 2363 (99),
3358 2296 3499 2351 vivet
3529 2299 3683 2353 beata

2109 2382 2421 2442 aeternaque
2468 2375 2577 2430 vita
2614 2378 2816 2435 relatus
2859 2381 2911 2436 in
2940 2382 3077 2439 ﬁlios
3111 2383 3230 2448 Dei,
3278 2394 3333 2440 et
3362 2387 3601 2444 directus
3632 2391 3685 2444 in

2113 2462 2254 2516 viam
2291 2473 2491 2518 rectam
2522 2476 2741 2536 propter
2769 2467 3030 2537 Spiritum
3082 2482 3346 2538 sanctum,
3385 2476 3476 2544 qui
3505 2487 3561 2530 et
3593 2477 3685 2530 Dei

2112 2551 2344 2623 Spiritus
2365 2554 2683 2624 appellatur.
2713 2576 2734 2610 ι
2771 2560 2828 2615 Si
2856 2561 3019 2627 enim,
3054 2581 3073 2614 ι
3108 2562 3302 2634 inquit,
3331 2583 3349 2616 ι
3380 2564 3532 2633 juxta
3565 2581 3689 2622 car-

2112 2658 2236 2698 nem
2267 2645 2529 2712 vixeritis,
2558 2649 2882 2706 moriemini.
2911 2651 3064 2719 Quod
3094 2655 3139 2708 si
3172 2656 3364 2726 spiritu
3393 2656 3533 2712 facta
3561 2675 3685 2715 car-

2111 2734 2196 2788 nis
2222 2737 2697 2805 mortiﬁcaveritis,
2721 2742 2914 2797 vivetis
2940 2760 2955 2809 ;
2993 2765 3012 2796 ›
3045 2757 3099 2799 et
3120 2746 3173 2800 in
3198 2750 3684 2818 consequentibus:

2119 2844 2137 2877 ι
2179 2825 2452 2898 Quotquot
2479 2831 2624 2885 enim
2662 2832 2867 2902 Spiritu
2904 2834 2997 2890 Dei
3031 2848 3285 2907 aguntur,
3326 2840 3380 2895 hi
3433 2841 3525 2896 ﬁlii
3562 2854 3691 2898 sunt

2112 2916 2228 2975 Dei.
2263 2938 2282 2971 ι
2312 2918 2546 2975 Rursum
2580 2922 2887 2981 refocillans
2919 2942 3034 2990 eos,
3065 2940 3118 2983 et
3146 2932 3453 2997 consolans,
3480 2942 3535 2988 et
3561 2950 3689 3004 pro-

2111 3024 2311 3065 vocans
2365 3027 2588 3082 sperare
2632 3016 2875 3085 meliora,
2923 3019 3119 3087 quibus
3168 3021 3506 3091 loquebatur,
3555 3026 3685 3083 ait:

2118 3117 2136 3151 ι
2175 3101 2289 3156 Νοη
2316 3104 2462 3158 enim
2495 3107 2780 3175 accepistis
2809 3109 3002 3167 iterum
3039 3114 3288 3183 spiritqu
3321 3118 3598 3176 servitutis
3631 3122 3684 3176 in

2115 3191 2329 3259 timore,
2354 3212 2374 3246 ι
2397 3195 2449 3249 id
2481 3205 2584 3262 est,
2608 3213 2711 3253 non
2744 3200 3096 3259 similitudine
3128 3220 3428 3275 servorum,
3458 3223 3602 3267 metu
3629 3225 3687 3270 et

2111 3289 2319 3338 terrore
2346 3297 2629 3353 poenarum
2663 3303 2757 3344 vos
2786 3292 3071 3349 abstinetis
3107 3311 3135 3348 a
3167 3297 3331 3362 vitiis,
3363 3300 3486 3369 quia
3515 3302 3684 3359 habe-

2115 3374 2184 3429 tis
2208 3374 2363 3430 vobis
2396 3377 2576 3433 datum
2606 3378 2683 3453 (1)
2713 3396 2743 3436 a
2777 3381 2937 3438 Patre
2982 3385 3242 3455 Spiritum
3273 3392 3601 3461 adoptionis,
3631 3396 3687 3452 id

2112 3474 2196 3517 est
2232 3463 2495 3534 Spiritum
2528 3480 2797 3538 sanctum,
2825 3473 2916 3543 qui
2950 3473 3063 3545 ipse
3094 3477 3352 3547 Spiritus,
3384 3494 3439 3538 et
3467 3484 3587 3552 Dei,
3631 3498 3689 3543 et.

2110 3554 2344 3623 Christi,
2374 3570 2429 3614 et
2459 3561 2705 3617 veritatis
2753 3565 2950 3621 dicitur
2980 3577 3145 3640 atque
3174 3574 3469 3642 sapientia).
3503 3577 3560 3633 Si
3590 3595 3689 3635 au-

2114 3657 2218 3701 tem
2244 3649 2476 3718 Spiritus
2505 3651 2608 3708 iste
2641 3654 2857 3725 adoptat
2910 3661 2962 3713 in
2996 3660 3133 3717 ﬁlios
3161 3664 3253 3719 Dei
3293 3681 3422 3735 eos,
3454 3685 3685 3740 quorum

2110 3740 2419 3811 dignatione
2440 3745 2522 3798 sui
2551 3745 2822 3803 habitator
2838 3750 3086 3819 efﬁcitur,
3116 3757 3211 3812 tibi
3238 3766 3684 3832 consequentium

2111 3845 2276 3899 super
2305 3835 2543 3901 petentia
2573 3837 2689 3905 ejus
2714 3840 3137 3913 intelligentiam
3162 3847 3501 3921 derelinquo.

2180 3922 2351 3979 Porro
2406 3925 2460 3980 in
2528 3927 2633 3983 hoc
2679 3930 2980 4000 ad0ptionis
3042 3934 3245 4007 Spiritu
3292 3941 3529 3999 clamant
3594 3948 3688 4017 qui

2110 4013 2416 4070 habuerunt
2441 4016 2591 4074 illum
2614 4019 2828 4077 Patrem
2861 4024 3050 4090 Deum,
3074 4028 3215 4083 sicut
3240 4034 3479 4089 ostendit
3505 4013 3687 4094 sermo

2111 4107 2295 4164 dicens
2331 4130 2343 4164 :
2386 4127 2405 4162 ε
2456 4109 2514 4166 ln
2560 4127 2667 4182 quo
2693 4114 3023 4173 clamamus:
3054 4120 3228 4186 Abba,
3266 4122 3466 4181 Pater:
3512 4147 3532 4181 ι
3569 4131 3686 4200 ipso

2111 4196 2315 4267 Spiritu
2349 4200 2438 4269 qui
2467 4216 2567 4259 nos
2604 4205 2823 4276 adoptat
2851 4208 2903 4263 in
2944 4210 3103 4275 ﬁlios,
3150 4215 3515 4274 testimonium
3549 4196 3686 4289 prae-

2109 4289 2273 4345 bente
2306 4293 2716 4364 participatione
2753 4299 2857 4364 sui,
2885 4301 3027 4369 quod
3060 4317 3090 4356 a
3122 4314 3305 4361 nostro
3326 4306 3530 4378 Spiritu
3558 4326 3688 4382 pos-

2110 4382 2336 4451 sidetur,
2385 4385 2512 4454 quia
2561 4385 2657 4442 ﬁlii
2697 4387 2794 4444 Dei
2836 4406 3045 4447 sumus.
3084 4394 3185 4451 Cui
3234 4413 3571 4470 consequens
3600 4416 3687 4461 est

2111 4472 2277 4529 Deum
2317 4477 2533 4544 quidem
2564 4479 2718 4547 quasi
2748 4492 2979 4550 patrem,
3015 4487 3386 4547 hatreditarias
3413 4495 3568 4550 nobis
3600 4497 3685 4551 di-

434 4550 727 4625 Apostolus
773 4556 880 4611 alio
919 4557 1231 4628 syllogismo
1284 4559 1579 4630 conjuncta
1628 4562 1817 4631 utitur,
1864 4562 2009 4633 quod
2043 4570 2084 4625 D
2115 4564 2276 4620 vitias
2312 4567 2607 4624 contulisse
2641 4569 2744 4641 (2),
2777 4573 3079 4643 spiritualia
3111 4577 3284 4643 dona;
3314 4583 3512 4639 Christi
3555 4550 3685 4644 vero

434 4646 834 4717 signiﬁcantius
861 4648 1128 4705 dialectici
1157 4649 1377 4722 ἀξίωμα
1410 4661 1629 4717 vocant,
1657 4663 1713 4708 et
1741 4654 1816 4707 ait
1845 4672 1858 4708 :
1897 4671 1918 4706 ‹
1952 4653 2012 4709 Si

432 4751 616 4795 autem
651 4739 886 4812 Spiritus
914 4742 1031 4812 ejus
1060 4743 1153 4813 qui
1193 4743 1478 4799 suscitavit
1508 4744 1783 4801 Christum
1815 4761 1845 4800 a
1874 4760 2014 4801 mor-

2109 4652 2418 4709 cohaaredes
2459 4669 2558 4712 nos
2584 4670 2724 4722 esse,
2756 4675 2821 4717 eo
2857 4664 3001 4731 quod
3031 4664 3224 4723 fratres
3263 4668 3381 4738 ejus
3424 4686 3521 4742 per
3559 4692 3686 4746 gra-

2110 4746 2241 4799 tiam
2270 4755 2326 4801 et
2350 4747 2733 4818 benignitatem
2764 4753 2930 4820 ipsius
2965 4758 3318 4827 appellamur.
3345 4763 3560 4821 Erimus
3588 4783 3686 4823 au-

505 4851 1032 4920 "lPet.r,ll,12.
1107 4854 1532 4923 "lCor.u,tl.
1607 4857 1997 4927 8“lCor.nt,l

2134 4862 2179 4894 ⁸¹
2207 4863 2223 4916 l
2250 4861 2405 4918 Joan.
2432 4880 2505 4928 tv,
2535 4865 2621 4921 15.
2699 4867 2744 4899 ⁸³
2766 4866 2882 4925 Jac.
2905 4886 2942 4936 ι,
2976 4870 3059 4927 15.
3136 4874 3183 4905 ⁸³
3201 4875 3566 4946 Ezech.xvrtt,
3592 4882 3682 4938 20.

506 4968 619 5040 (95)
658 4968 859 5045 lterum
891 4972 1087 5028 vitiose
1113 4982 1257 5040 erat,
1292 4985 1347 5029 et
1376 4975 1524 5031 nullo
1542 4988 1717 5045 sensu
1759 4994 1777 5026 ι
1818 4976 1873 5029 in
1899 4990 2007 5045 quo

439 5037 729 5115 ait,_q’uale
756 5049 1044 5115 tempus,»
1083 5053 1214 5109 etc.,
1241 5037 1416 5114 neque
1444 5057 1500 5100 ut
1528 5044 1825 5115 Scriptum
1853 5037 2004 5101 locus

439 5109 797 5186 scribebatur,
843 5109 900 5165 ut
944 5113 1049 5186 alia
1102 5116 1295 5186 menda
1330 5109 1828 5186 'interpunctionis,
1875 5128 2006 5183 etc.,

439 5177 636 5250 quibus
662 5188 810 5250 totus
837 5183 1080 5238 scatebat
1110 5184 1197 5240 hic
1218 5183 1375 5250 liber,
1408 5177 1828 5241 dissimulemus.

511 5246 622 5318 (96)
662 5247 834 5307 Vatic.
884 5269 902 5303 ι
938 5254 983 5308 si
1030 5272 1050 5305 ι
1090 5269 1187 5323 pro
1222 5272 1243 5306 ι
1284 5246 1399 5310 sed.
1440 5274 1461 5307 ι
1501 5255 1568 5309 Ut
1595 5270 1785 5310 sensus
1828 5265 2005 5311 tamen

440 5328 713 5395 utcunque
740 5331 949 5395 constet
977 5327 1394 5395 cumisuperiori
1429 5325 1672 5395 Apostoli
1711 5329 2003 5391 sententia,

439 5387 665 5464 verbum
709 5389 923 5464 aliquod
965 5387 1321 5463 supplendum
1351 5404 1455 5460 est,
1480 5387 1652 5464 "puta,
1695 5412 1715 5445 α
1754 5395 1880 5450 illud
1916 5387 2003 5450 in;

443 5406 665 5441 vernum
709 5406 923 5513 anguou
965 5406 1321 5463 supplendum
1351 5406 1455 5460 est,
1491 5406 1652 5464 puta,
1695 5412 1715 5445 ι
1754 5406 1880 5450 Illud
1916 5406 1966 5450 ttt

443 5457 633 5534 telligjt
667 5472 775 5534 quo
840 5476 1213 5531 nequaquam,
1257 5483 1276 5516 ›
1313 5474 1444 5528 etc.,
1477 5473 1572 5519 aut
1602 5465 1731 5534 quid
1771 5465 1966 5521 simile.

513 5526 627 5605 (D7)
672 5525 801 5605 Vide
828 5525 1167 5605 naturistha’c
1198 5525 1274 5588 sit
1301 5525 1634 5603 praeferenda
1665 5533 1885 5605 Reginae
1913 5551 2005 5592 co-

441 5596 579 5674 dicis
602 5597 763 5652 lectio
798 5618 813 5654 :
863 5619 880 5651 ι
915 5601 1186 5669 Christus,
1223 5596 1334 5659 suis
1363 5605 1453 5672 qui
1478 5619 1573 5658 sua
1604 5596 1832 5674 corpora
1861 5621 2003 5662 mor-

444 5666 787 5745 tiﬁcaverunt
803 5684 896 5739 per
920 5666 1235 5741 praesentem
1260 5666 1541 5744 Spiritum,
1564 5666 1727 5728 vitam
1746 5678 2002 5745 ostendit,

439 5750 539 5804 per
560 5738 825 5812 justitiam
863 5738 1116 5810 operum,
1149 5745 1263 5797 sive
1296 5738 1392 5812 per
1428 5738 1816 5812 correctionem
1847 5747 1978 5800 vitio

441 5810 929 5881 l'llllelIIQI'lalAillnl,
962 5812 1075 5866 sive
1101 5828 1196 5880 per
1239 5810 1395 5868 fidem
1423 5811 1550 5867 Jesu
1582 5814 1802 5881 Christi,
1841 5834 1861 5867 ι
1895 5826 1999 5871 etc.

511 5876 620 5948 (98)
666 5876 742 5932 lta
776 5878 956 5936 ferunt
980 5876 1133 5938 vetus
1161 5883 1325 5940 editio
1350 5894 1403 5940 et
1438 5882 1654 5957 Reginae
1683 5876 1814 5961 nisi,
1846 5899 2002 5948 antea

2106 4988 2226 5033 erat
2272 4996 2292 5029 ι
2329 4993 2453 5051 cum
2499 4980 2885 5037 immortalium
2918 4986 3221 5043 animabus.
3263 5009 3282 5042 ι
3331 4990 3451 5047 Mox
3494 4996 3684 5051 eadem

2107 5049 2520 5123 vetus_edit.Ar
2580 5052 2994 5122 primogenitum
3061 5057 3208 5111 illum
3265 5049 3684 5123 resurrectionis

2104 5119 2420 5192 ostendens.
2464 5118 2647 5192 Quare
2674 5130 2731 5176 et
2761 5118 2967 5192 'quibus
3002 5125 3127 5192 tale,
3164 5145 3184 5178 ι
3219 5141 3327 5187 etc.

2176 5187 2288 5267 (99)
2331 5187 2424 5267 Est
2471 5188 2693 5267 ltegina:
2740 5187 2945 5248 codicis
2977 5187 3239 5267 integrior
3275 5200 3437 5257 lectio
3471 5203 3583 5258 haec
3626 5216 3685 5259 et
3724 5221 3732 5233 ·

2105 5258 2447 5313 concinnior.
2478 5258 2655 5313 Antea
2680 5272 2799 5317 erat
2821 5258 3192 5323 tantummodo
3226 5286 3246 5320 ι
3285 5258 3684 5329 transcenderit.

2103 5330 2271 5402 vitam
2294 5329 2494 5402 carnis,
2517 5337 2571 5402 et
2590 5330 2798 5399 Spiritu
2814 5348 2975 5402 opera
2998 5338 3179 5392 carnis
3203 5343 3627 5398 mortilicaverit.
3656 5364 3677 5395 ο

2176 5396 2253 5468 (1)
2295 5396 2417 5452 Vat.
2446 5416 2467 5449 ι
2501 5396 2766 5475 abstinete
2791 5416 2825 5456 a
2851 5396 3017 5470 'vitiis,
3045 5408 3135 5475 qui
3166 5409 3374 5467 habetis
3402 5396 3678 5467 vobiscum

2105 5467 2310 5548 datum,
2348 5487 2369 5519 ι
2398 5470 2780 5548 etc.,Ldeinde
2815 5491 2835 5524 ι
2889 5467 3145 5546 (ιιιῖἰρεο
3192 5476 3427 5548 Spiritus
3465 5480 3587 5536 Filii
3625 5492 3682 5538 et

2102 5538 2329 5601 Christi,
2361 5544 2417 5592 et
2441 5540 2706 5605 veritatis,
2746 5560 2765 5593 ι
2804 5538 2911 5598 etc.

2174 5608 2252 5677 (2)
2285 5606 2420 5690 Cod.
2455 5608 2677 5690 Reginae
2717 5630 2736 5663 r
2779 5627 2885 5682 qua
2916 5629 2947 5667 a
2989 5626 3173 5690 nostro
3201 5617 3394 5687 spiritu
3430 5620 3678 5690 posside-

2104 5687 2214 5743 tur,
2258 5686 2379 5758 ’.ει
2428 5681 2905 5758 paulo_post__cum
2949 5688 3119 5741 veteri
3169 5681 3383 5758 quoque
3415 5681 3675 5756 editione,

2108 5768 2127 5821 ᾳ
2160 5749 2313 5821 quasi
2346 5759 2556 5813 patrem
2589 5751 2893 5807 haereditari
2923 5770 2951 5806 a
2988 5757 3164 5821 nobis,
3189 5749 3393 5815 Christi
3432 5776 3559 5814 vero
3589 5749 3676 5817 eo;

2104 5819 2367 5894 haeredes,
2424 5829 2608 5894 i_etc.,
2650 5823 2855 5893 absque
2882 5823 3013 5894 illis,
3050 5844 3069 5879 ς
3117 5819 3338 5884 divitias
3379 5832 3677 5889 contulisse

2102 5886 2405 5959 spiritualia
2427 5887 2591 5946 dona.
2623 5908 2645 5944 ι
