4034 6446
350 411 489 467 ’1071

1607 400 1843 459 DIDYMI
1883 401 2350 459 ALEXANDRINI

3451 408 3592 464 1079

361 537 467 579 tem
502 523 740 579 hatredes
770 521 888 587 Dei,
919 519 1228 577 cohteredes
1258 530 1435 576 autem
1468 518 1670 574 Christi
1702 522 1747 576 si
1779 536 1926 576 com-
1954 530 2003 585 Α
2029 523 2241 578 cordari
2289 531 2468 603 autept
2515 536 2574 576 se
2625 520 3011 577 misericordiae
3057 528 3113 575 et
3156 521 3414 576 virtutum
3451 523 3594 593 ejus,

358 615 647 684 patiamur,
682 620 740 666 ιιι
772 620 827 665 et
861 610 1259 682 congloriﬁcari
1292 611 1342 665 ei
1376 626 1443 666 ex
1482 610 1791 681 passionum
1835 624 1928 666 so-

332 708 558 763 --cietate
590 718 916 760 mereamur.

428 797 521 854 43.
558 797 757 854 Verum
799 797 925 866 quia
964 806 1019 850 et
1059 795 1161 850 hoc
1184 795 1338 863 juxta
1373 795 1424 849 id
1472 797 1613 867 quod
1656 797 1926 867 potuimus

336 889 678 945 'edissertum
728 896 831 950 est,
879 899 1241 955 proponamus
1294 886 1568 954 prophetas
1610 884 1924 956 capitulum,

358 979 603 1050 quaedam
641 979 708 1033 de
734 977 936 1046 Spiritu
964 986 1148 1030 sancto
1180 974 1483 1038 continens,
1527 984 1585 1027 ut
1616 989 1721 1027 non
1754 972 1925 1029 solum

357 1073 427 1128 de
462 1064 631 1137 Novo,
662 1085 848 1125 verum
875 1068 1037 1123 etiam
1080 1068 1146 1122 de
1178 1066 1352 1121 Veteri
1381 1064 1729 1120 Testamento
1766 1079 1928 1134 super

358 1165 474 1236 ejus
504 1163 609 1217 ﬁde
657 1160 1041 1229 intellectuque
1083 1158 1399 1213 doceamur.
1429 1155 1562 1210 Nam
1592 1164 1646 1213 et
1677 1158 1927 1226 superius

358 1252 635 1327 praelocuti
669 1266 883 1315 sumus,
917 1250 969 1303 in
1008 1248 1260 1304 omnibus
1293 1250 1519 1313 sanctis,
1549 1257 1656 1302 tam
1709 1248 1795 1303 his
1834 1249 1924 1318 qui

357 1356 479 1418 post
514 1345 798 1400 adventum
834 1341 1044 1397 Domini
1084 1341 1255 1395 nostri
1287 1342 1521 1404 luerunt,
1563 1355 1724 1409 quam
1763 1340 1926 1394 etiam

358 1447 527 1503 retro,
552 1436 606 1491 in
648 1433 976 1503 patriarchis
1004 1432 1256 1487 videlicet
1281 1441 1336 1487 et
1364 1432 1664 1502 prophetis,
1691 1431 1928 1502 Spiritus

356 1529 529 1585 sancti
559 1527 786 1599 gratiam
814 1525 983 1581 fuisse
1013 1535 1301 1588 versatam,
1338 1536 1392 1579 et
1421 1539 1516 1579 eos
1542 1525 1768 1579 diversis
1796 1525 1929 1579 cha-

355 1621 673 1677 rismatibus
702 1619 1096 1686 virtutibusque
1124 1617 1443 1687 complesse.
1471 1615 1753 1684 Quomodo
1779 1617 1925 1672 enim

352 1712 517 1768 unius
541 1712 633 1767 Dei
660 1720 713 1765 et
742 1709 1010 1780 Unigeniti
1036 1708 1153 1779 ejus
1174 1708 1403 1779 gratiam
1429 1708 1783 1778 possidentes,
1817 1718 1925 1762 tam

342 1804 412 1859 'bi
437 1804 529 1874 qui
552 1811 696 1867 ante,
723 1816 882 1871 quam
911 1801 1075 1858 etiam
1102 1800 1176 1853 illi
1200 1801 1290 1869 qui
1319 1809 1440 1870 post
1463 1800 1755 1854 adventum
1782 1800 1922 1870 ejus,

2030 614 2302 684 inquiunt,
2338 615 2391 668 in
2429 612 2682 668 omnibus
2714 628 2833 683 qua:
2865 612 3114 673 retribuit
3155 612 3269 676 eis,
3299 627 3403 667 non
3442 613 3597 682 juxta

2021 707 2287 778 justitiam
2316 723 2500 772 suam,
2530 706 2621 760 sed
2648 705 2800 773 juxta
2838 705 3262 762 misericordiam
3294 714 3348 761 et
3384 704 3598 762 bonita-

2030 808 2135 852 tem
2180 796 2318 866 ejus,
2361 797 2453 867 qui
2486 808 2570 851 est
2619 796 2785 867 jutlex
2835 796 3011 850 domui
3051 794 3287 860 videnti,
3331 806 3385 848 et
3414 796 3595 850 sensui

2029 889 2230 945 mundo
2259 891 2421 945 corde
2448 890 2690 944 cernenti
2741 888 3023 943 Dominum
3057 887 3160 959 (4).
3194 886 3306 942 Hoc
3333 887 3597 957 siquidem

2027 995 2090 1034 ex
2139 979 2365 1035 Hebraeo
2406 994 2656 1035 sermone
2690 980 2743 1032 in
2779 979 2955 1048 lingua
2991 988 3177 1032 nostra
3216 980 3599 1047 interpretatur

2026 1071 2211 1137 Israel,
2258 1072 2309 1125 id
2353 1078 2456 1138 est,
2490 1087 2634 1125 mens
2678 1072 2852 1125 videns
2885 1070 3050 1123 Deum
3101 1069 3201 1140 (5).
3257 1068 3408 1125 Licet
3450 1070 3596 1123 enim

2027 1172 2294 1217 tormenta
2317 1202 2332 1227 ,
2363 1173 2418 1217 et
2460 1162 2735 1216 cruciatus
2759 1161 2923 1232 judex
2974 1175 3358 1228 nonnunquam
3402 1158 3597 1213 inferat

2021 1255 2280 1324 judicium
2311 1253 2662 1312 merentibus.
2691 1262 2870 1307 tamen
2902 1253 2990 1321 qui
3016 1266 3208 1306 causas
3231 1266 3411 1306 rerum
3434 1250 3593 1304 altius

2028 1348 2286 1409 intuetur,
2311 1345 2499 1400 videns
2525 1345 2855 1415 propositqu
2883 1344 3140 1399 bonitatis
3163 1342 3302 1412 ejus,
3329 1342 3418 1411 qui
3446 1343 3594 1412 cupit

2025 1436 2297 1506 corrigere
2343 1444 2677 1503 peccantem,
2720 1433 2918 1489 bonum
2965 1433 3113 1487 illmn
3158 1434 3466 1497 conﬁtetur,
3507 1432 3593 1487 di—

2026 1542 2192 1583 cens:
2220 1545 2238 1578 ι
2271 1526 2509 1582 lnferens
2535 1525 2634 1598 (αι.
2665 1524 2887 1597 inferas]
2916 1526 3070 1580 nobis
3097 1524 3247 1594 juxta
3281 1525 3591 1579 misericor-

2026 1621 2169 1676 diam
2205 1633 2379 1674 suam.
2418 1637 2438 1672 ι
2478 1620 2534 1673 Si
2584 1620 2727 1673 enim
2766 1618 3081 1685 iniquitates
3122 1632 3306 1671 eorum
3348 1631 3481 1686 quos
3511 1614 3596 1683 ju-

2027 1708 2167 1763 dicat
2197 1709 2441 1762 attendat
2466 1706 2743 1771 Dominus,
2775 1708 2896 1777 quis
2927 1706 3247 1761 sustinebit?
3274 1706 3441 1761 Porro
3468 1705 3593 1774 quia

2029 1797 2171 1868 apud
2212 1797 2495 1852 Dominum
2544 1797 2856 1868 prepitiatio
2883 1807 2987 1860 est,
3043 1798 3302 1852 Dominus
3343 1796 3593 1850 videlicet

352 1895 575 1965 jnstitiae
616 1907 842 1949 erexere
880 1891 1133 1946 vexillum
1155 1930 1171 1956 ,
1216 1891 1464 1946 veritatis
1493 1898 1620 1945 sunt
1648 1891 1929 1945 scientiam
1962 1886 2006 1942 Β
2032 1901 2214 1946 noster
2254 1899 2413 1958 atque
2457 1890 2707 1947 Salvator
2737 1892 2902 1947 infert
2939 1893 3093 1945 nobis
3114 1891 3404 1945 secundum
3437 1890 3595 1944 mise.

353 1986 668 2052 consecuti;
711 1984 791 2039 sic
823 1992 879 2038 et
914 1982 1151 2053 Spiritus
1194 1982 1368 2038 sancti
1400 1983 1630 2052 gratiam
1679 1981 1921 2052 posside-

353 2078 511 2145 bunt,
543 2075 668 2146 quia
701 2073 1114 2144 inseparabilem
1149 2088 1177 2126 a
1211 2072 1371 2126 Patre
1396 2081 1450 2125 et
1470 2071 1611 2126 Filio
1632 2085 1773 2135 esse,
1803 2069 1926 2141 Spi-

354 2168 519 2223 ritum
551 2174 797 2222 sanctum
834 2165 906 2219 in-
940 2163 1123 2218 multis
1168 2178 1329 2233 supra
1377 2161 1512 2218 locis
1563 2163 1920 2218 ostendimus.

352 2261 627 2332 Scriptum
655 2268 741 2314 est
769 2271 899 2327 ergo
930 2257 983 2310 in
1007 2256 1269 2326 propheta
1305 2273 1319 2309 :
1353 2273 1370 2306 ι
1407 2254 1786 2310 Misericordiae
1815 2255 1921 2308 Do-

350 2350 486 2407 mini
530 2348 846 2405 recordatus
883 2361 1002 2402 sum
1026 2384 1042 2407 ,
1085 2354 1139 2399 et
1168 2345 1384 2399 virtutis
1434 2344 1551 2412 ejus
1581 2345 1635 2399 in
1677 2344 1927 2398 omnibus

350 2456 475 2512 quae
519 2442 767 2496 retribuit
816 2438 989 2494 nobis.
1035 2436 1292 2491 Dominus
1322 2437 1483 2513 jttdex
1529 2436 1703 2497 bonus
1745 2436 1924 2497 domui

354 2531 542 2607 lsracl,
568 2530 813 2593 inferens
842 2530 997 2592 nobis
1021 2528 1172 2604 juxta
1212 2534 1644 2589 misericordiam
1670 2548 1844 2596 suam,
1875 2541 1931 2586 et

351 2634 503 2701 juxta
554 2629 955 2684 multitudinem
982 2627 1203 2698 justitia:
1249 2642 1377 2682 suae.
1423 2628 1488 2681 Et
1518 2626 1696 2681 dixit:
1744 2624 1930 2680 Nonne

356 2721 583 2792 populus
611 2736 762 2775 meus
794 2720 885 2774 ﬁlii
930 2728 985 2774 et
1028 2735 1134 2775 non
1172 2720 1670 2788 prmvaricabuntur
1721 2716 1823 2789 (5).
1865 2716 1930 2771 Ει

353 2814 531 2867 factus
577 2820 660 2866 est
717 2811 825 2866 illis
873 2809 927 2865 in
976 2812 1209 2866 salutem
1267 2825 1331 2863 ex
1384 2808 1531 2863 omni
1587 2808 1930 2862 tribulatione

354 2920 540 2960 eorum
563 2922 580 2971 ;
605 2919 709 2958 non
744 2904 967 2974 legatus,
1012 2917 1186 2972 neque
1222 2902 1464 2972 angelus,
1493 2902 1586 2957 sed
1617 2902 1732 2972 ipse
1762 2900 1931 2955 salva-

354 2998 435 3052 vit
457 3012 573 3066 eos,
600 3011 664 3051 eo
696 2998 836 3065 quod
864 2995 1111 3050 dilexerit
1135 3010 1244 3055 eos,
1277 3004 1330 3048 et
1358 2995 1661 3064 pepercerit
1684 2993 1780 3048 eis.
1812 2992 1931 3063 Ipse

354 3087 586 3143 redemit
632 3101 746 3149 eos,
789 3096 845 3140 et
886 3085 1124 3154 suscepit
1170 3099 1283 3152 eos,
1334 3094 1388 3139 et
1420 3084 1680 3138 exaltavit
1729 3100 1823 3138 eos
1877 3086 1929 3138 in

354 3179 606 3234 omnibus
628 3178 815 3233 diebus
835 3177 1039 3233 saeculi.
1067 3177 1171 3247 Ipsi
1200 3191 1329 3232 vero
1351 3191 1454 3230 non
1485 3177 1851 3239 crediderunt,
1878 3184 1932 3230 et

2027 1982 2312 2038 ricordiam
2345 1998 2520 2051 suam,
2545 1984 2727 2039 omnia
2760 1998 2878 2052 qua:
2908 1998 3005 2037 nos
3032 1983 3335 2052 provehant
3363 1980 3429 2035 ad
3456 1981 3593 2036 salu-

2027 2086 2152 2131 tem.
2204 2076 2446 2133 luferens
2480 2091 2692 2146 quoque
2729 2075 2885 2145 juxta
2937 2075 3361 2130 misericordiam
3400 2088 3588 2138 suam,

2025 2178 2080 2224 et
2107 2169 2206 2224 hoc
2239 2169 2448 2225 faciens
2482 2168 2759 2235 injudicio
2796 2168 2893 2239 (6),
2922 2184 3044 2223 cum
3067 2168 3276 2237 justitia
3307 2167 3462 2221 nobis
3495 2168 3589 2219 tri-

2026 2261 2178 2325 buit,
2209 2274 2329 2330 qua:
2372 2260 2605 2314 admista
2652 2260 3039 2315 misericordiae
3078 2258 3319 2313 bonitate
3368 2257 3593 2323 largitus

2025 2361 2127 2407 est.
3647 2346 3656 2354 '

2095 2446 2183 2507 45.
2222 2446 2535 2520 Arguendus
2557 2454 2638 2503 est
2664 2460 2730 2499 ex
2767 2443 3016 2515 prmsenti
3051 2441 3286 2513 capitulo
3310 2441 3386 2513 (7)
3417 2442 3589 2496 luere-

2030 2544 2252 2598 ticorum
2288 2556 2462 2606 error,
2494 2541 2584 2609 qui
2617 2538 2911 2593 bonitatem
2947 2553 2975 2590 a
3006 2535 3215 2604 justitia
3253 2545 3591 2604 separantes,

2027 2634 2191 2689 alium
2221 2632 2386 2688 Deum
2415 2633 2635 2696 bonum,
2677 2632 2838 2683 alium
2887 2630 3094 2697 justum
3137 2628 3421 2681 ﬁnxerunt.
3457 2625 3595 2680 Ecce

2027 2725 2172 2779 enim
2210 2725 2261 2780 in
2303 2724 2706 2795 prtesentiarum
2753 2721 2868 2791 ipse
2902 2730 2984 2775 est
3017 2721 3179 2785 Deus,
3224 2728 3280 2773 et
3322 2720 3512 2784 bonus,
3542 2725 3597 2772 et

2026 2818 2210 2886 jnilex,
2247 2826 2302 2870 et
2352 2816 2504 2885 juxta
2554 2814 2983 2868 misericordiam
3037 2827 3188 2867 suam
3223 2812 3598 2882 jnstitiamque

2031 2909 2337 2971 restituens,
2387 2919 2442 2962 et
2486 2907 2689 2977 pariter
2739 2908 2911 2960 bonus
2956 2905 3245 2975 jnstusque
3276 2904 3595 2958 subsistens.

2033 2999 2253 3053 Frustra
2303 2999 2464 3067 igitur
2504 2997 2749 3066 iniquum
2792 2996 2984 3063 dogma
3025 2995 3362 3058 simulantes,
3400 2994 3597 3046 bonum

2030 3091 2195 3144 Deum
2227 3087 2524 3158 Evangelii,
2558 3098 2613 3142 et
2643 3087 2852 3143 Veteris
2890 3085 3221 3140 Testamenti
3247 3086 3449 3152 justum
3480 3097 3600 3139 esse

2029 3180 2327 3239 defendunt
2347 3180 2444 3251 (8i,
2470 3180 2595 3250 quia
2623 3189 2676 3234 et
2707 3179 2758 3232 in
2785 3177 3031 3249 plurimis
3052 3178 3172 3231 aliis
3198 3177 3348 3241 locis,
3376 3187 3429 3230 et
3456 3189 3599 3230 nunc

356 3270 704 3324 irritaverunt
736 3268 994 3339 Spiritum
1049 3277 1295 3325 sanctum
1342 3268 1492 3337 ejus;
1534 3274 1589 3323 et
1629 3282 1922 3323 conversus
1951 3284 1992 3338 ο
2027 3276 2078 3329 in
2132 3273 2405 3343 propheta:
2462 3285 2743 3337 sermone,
2808 3270 3011 3340 rjudex
3067 3270 3284 3323 bonus»
3350 3267 3605 3323 scribitur

354 3371 441 3416 est
465 3360 546 3416 eis
571 3362 636 3416 ad
665 3359 1023 3415 inimicitiam.
1058 3358 1174 3429 lpse
1208 3360 1502 3414 debellavit
1526 3373 1628 3414 eos
1660 3368 1713 3413 et
1746 3374 1930 3415 recor-

356 3450 514 3504 datus
552 3459 635 3504 est
676 3450 886 3503 tﬁerum
918 3450 1286 3517 antiquorum.
1325 3449 1428 3514 Qui
1463 3449 1649 3502 eduxit
1691 3449 1757 3502 de
1789 3458 1929 3502 terra

356 3550 628 3609 pastorem
666 3540 870 3605 ovium,
914 3539 1003 3608 qui
1046 3540 1224 3608 posuit
1258 3539 1312 3592 in
1363 3539 1442 3593 eis
1487 3537 1745 3607 Spiritum
1800 3554 1929 3592 san-

357 3643 528 3694 etum,
559 3646 894 3701 congregans
921 3632 1138 3685 dextera
1172 3630 1386 3701 Moysen
1420 3630 1485 3682 ⁸³.
1521 3648 1540 3682 ι

429 3721 520 3774 44.
562 3718 667 3786 Qui
717 3720 1032 3789 frequenter
1084 3719 1175 3775 Dei
1231 3720 1410 3788 adepti
1468 3729 1595 3773 sunt
1634 3719 1930 3785 beneficia,

359 3811 597 3866 scientes
628 3811 798 3880 gratia
838 3812 1026 3881 magis,
1063 3820 1117 3864 et
1156 3810 1523 3865 misericordia
1571 3811 1723 3879 ejus,
1771 3827 1960 3881 quam-

360 3903 598 3975 propriis
623 3918 688 3957 ex
714 3916 772 3958 se
805 3901 972 3957 fuisse
997 3904 1250 3972 operibus
1277 3913 1614 3965 consecutos,
1647 3906 1800 3972 quasi
1826 3920 1932 3960 uno

362 4009 554 4052 omnes
576 4009 861 4059 consensu,
898 4004 954 4047 et
986 3996 1167 4050 animo
1192 3996 1583 4049 concordantes
1618 3996 1931 4065 loquuntur,

364 4106 388 4144 ι
435 4088 817 4142 Misericordiae
871 4086 1084 4141 Domini
1141 4085 1458 4140 recordatus
1511 4101 1650 4140 sum.
1696 4106 1714 4139 ι
1772 4088 1931 4157 Cogi-

361 4187 541 4233 tantes
572 4179 717 4232 enim
744 4192 862 4247 quas
910 4175 977 4231 ab
1015 4193 1078 4231 eo
1121 4176 1433 4246 frequenter
1479 4177 1531 4230 in
1568 4176 1754 4248 Moyse
1794 4180 1933 4234 dona

360 4271 721 4341 susceperint,
753 4268 955 4339 gratias
986 4270 1263 4334 referunt,
1299 4279 1353 4320 et
1386 4284 1505 4321 cum
1541 4271 1930 4339 misericordia,

361 4364 526 4417 etiam
577 4362 834 4415 virtutum
880 4359 1091 4414 Domini
1129 4360 1516 4426 recordantur,
1558 4364 1671 4414 sive
1717 4360 1938 4416 mirabi-

360 4454 517 4520 lium,
551 4469 673 4523 qua:
702 4454 892 4507 crebro
922 4466 1018 4519 pro
1059 4450 1137 4503 eis
1163 4446 1289 4502 fecit
1321 4448 1372 4501 in
1404 4448 1633 4516 populis,
1672 4450 1783 4504 sive
1810 4466 1938 4521 pro-

362 4555 599 4602 tectuum
626 4547 817 4599 animae
840 4585 855 4611 ,
890 4545 1086 4614 quibus
1116 4557 1209 4610 per
1240 4541 1430 4610 legem,
1466 4552 1520 4595 et
1545 4544 1856 4613 prophetas,
1883 4558 1937 4602 et

2036 3365 2193 3429 Deus,
2230 3374 2285 3417 et
2316 3378 2346 3418 e
2376 3363 2651 3417 centrario
2677 3363 2817 3430 quod
2862 3361 3071 3427 nolunt,
3105 3363 3156 3414 in
3189 3359 3337 3414 Pauli
3372 3359 3600 3429 apostoli

2032 3453 2264 3521 Epistula
2295 3451 2407 3524 (qui
2442 3462 2590 3505 certe
2618 3448 2751 3503 Novi
2782 3449 3110 3504 Testamenti
3152 3448 3468 3516 praedicator
3496 3456 3600 3516 est)

2032 3547 2171 3599 Deus
2207 3544 2385 3613 justus
2434 3544 2598 3612 judcx
2646 3541 2897 3596 refertur.
2954 3540 3247 3610 «Reposita
3277 3550 3362 3595 est
3397 3539 3547 3605 mihi,
3573 3556 3593 3590 ι

2032 3639 2225 3708 inquit,
2254 3657 2273 3690 ι
2293 3653 2492 3692 corona
2511 3637 2754 3707 justitiar,
2780 3651 2942 3705 quam
2969 3637 3154 3690 reddet
3184 3634 3311 3687 mihi
3347 3632 3602 3687 Dominus

2033 3731 2085 3785 in
2123 3730 2210 3784 illa
2243 3730 2329 3785 die
2351 3728 2530 3798 justus
2561 3729 2721 3800 judex
2754 3728 2822 3782 ⁸³.
2851 3748 2870 3781 ι
2895 3729 3035 3783 Idem
3065 3738 3148 3783 est
3175 3742 3322 3797 ergo,
3355 3725 3476 3780 licet
3505 3739 3603 3778 no-

2030 3820 2304 3886 lint,Novi
2345 3830 2399 3875 et
2432 3819 2641 3875 Veteris
2673 3821 3004 3875 Testamenti
3036 3821 3201 3884 Deus,
3234 3819 3521 3873 visibilium
3552 3825 3605 3872 et

2034 3913 2381 3967 invisibilium
2411 3913 2677 3974 conditor,
2714 3912 2995 3967 Salvatore
3028 3913 3189 3966 etiam
3223 3911 3274 3965 in
3313 3908 3603 3980 Evangelia

2028 4005 2234 4075 justum
2269 4013 2326 4059 et
2359 4004 2557 4059 b’onum
2594 4005 2808 4060 Patrem
2848 4005 3053 4074 liquido
3081 4012 3372 4057 attestanle
3402 4019 3416 4056 :
3454 4021 3473 4054 ι
3500 4001 3604 4056 Pa-

2035 4104 2117 4151 ter
2157 4097 2320 4168 juste,
2362 4096 2591 4150 mundus
2648 4107 2699 4151 te
2744 4111 2845 4150 non
2903 4095 3234 4166 cognovit".
3261 4113 3280 4147 ι
3319 4092 3385 4150 Ει
3418 4094 3470 4148 in
3505 4093 3608 4147 alio

2036 4188 2153 4243 loco
2186 4205 2200 4242 :
2240 4188 2447 4244 «Nemo
2474 4189 2668 4255 bonus,
2707 4189 2806 4244 nisi
2838 4206 2975 4243 unus
3005 4189 3144 4243 Deus
3166 4187 3233 4242 ".
3267 4207 3286 4241 ι
3320 4187 3423 4242 Sed
3470 4195 3524 4241 et
3555 4187 3617 4253 in.

2036 4280 2205 4333 veteri
2245 4280 2361 4351 lege
2413 4281 2539 4335 alibi
2580 4281 2783 4351 justus,
2830 4281 2957 4336 alibi
3005 4282 3177 4335 bonus
3212 4281 3411 4335 dicitur
3439 4279 3600 4334 Deus.

2036 4370 2091 4425 lu
2127 4370 2375 4433 Psalmis,
2422 4371 2649 4428 «Justus
2698 4374 3018 4437 Dominus,»
3072 4373 3269 4441 inquit,
3313 4381 3409 4427 «et
3454 4370 3611 4439 justi-

2041 4461 2140 4517 tias
2157 4463 2432 4523 dilexit".
2466 4482 2487 4515 ι
2524 4465 2587 4518 Ει
2614 4481 2643 4519 e
2689 4468 2966 4519 contrario
2999 4465 3051 4518 in
3093 4462 3346 4529 Jeremia,
3387 4481 3406 4516 ι
3431 4462 3610 4518 Bonus

2040 4549 2298 4606 Dominus
2328 4554 2414 4609 bis
2445 4555 2533 4623 qui
2561 4557 2827 4609 sustinent
2858 4570 2979 4609 eum
3003 4553 3069 4606 θ’.
3094 4572 3112 4605 ι
3149 4554 3356 4608 Rursus
3380 4554 3433 4609 in
3464 4552 3609 4607 Psal-

364 4646 631 4706 praecepta
678 4636 793 4706 ejus
839 4634 1078 4689 salubria
1130 4631 1327 4686 eruditi
1378 4639 1521 4684 sunt.
1561 4633 1839 4703 Siquidem
1882 4638 1935 4692 in
1968 4621 2013 4676 Ῑ)
2045 4643 2146 4698 mis
2175 4662 2188 4697 :
2222 4660 2240 4693 ι
2265 4644 2435 4711 Quam
2463 4621 2641 4701 bonus
2675 4646 2815 4700 Deus
2861 4646 3046 4709 Israel,
3076 4646 3161 4700 his
3189 4647 3279 4714 qui
3311 4657 3459 4703 recto
3488 4655 3613 4699 ειιιιι

368 4727 668 4797 Scripturis
703 4743 895 4783 nomen
937 4726 1153 4779 virtutis
1183 4734 1471 4792 utrmnque
1506 4724 1793 4794 signiﬁcat.
1826 4728 1934 4784 Re.

437 4843 484 4875 ⁸δ
515 4842 616 4895 lsa.
658 4856 812 4903 mn,
849 4841 1001 4894 7-l2.
1097 4840 1141 4871 ⁸⁸
1169 4838 1211 4892 ll
1251 4838 1391 4894 Tim.
1422 4855 1495 4907 tv,
1526 4839 1582 4895 8.

368 4929 453 4981 ut,
482 4911 575 4966 25.
647 4912 692 4942 ⁹⁰
727 4911 866 4966 Psal.
905 4925 1073 4974 Lxxtt,
1120 4910 1170 4964 ‘I.

441 5024 520 5097 (5)
563 5024 679 5097 Erit
712 5022 1154 5097 operzepretinm
1186 5024 1448 5097 insignem
1489 5024 1834 5097 istumlsaim
1865 5025 1944 5079 lo-

372 5094 507 5152 cum
533 5095 773 5148 recolere
801 5096 867 5147 ad
890 5094 1464 5165 Grmcunrexetnplar,
1494 5097 1559 5149 ad
1589 5095 1746 5165 cujus
1779 5097 1938 5149 ﬁdem

373 5164 627 5233 nonnulla
661 5164 1081 5218 emendavimus.
1123 5161 1230 5217 Pro
1257 5182 1277 5215 ς
1314 5163 1502 5220 Nonne
1528 5161 1755 5233 populus
1789 5182 1941 5221 utens

373 5230 507 5291 lilii?
557 5253 575 5286 ι
623 5244 743 5287 erat
784 5234 1008 5303 negandi
1050 5246 1231 5288 sensu.
1289 5252 1307 5285 ι
1360 5235 1473 5289 Non
1516 5230 1740 5303 populus
1791 5251 1942 5291 meus

374 5307 493 5371 ﬁlii,
541 5323 559 5355 ι
591 5315 776 5357 contra
806 5318 935 5371 mss.
971 5301 1190 5371 Reginae
1215 5314 1269 5356 et
1301 5301 1543 5359 Vaticani
1572 5301 1757 5360 fidem.
1789 5305 1943 5360 Grae-

375 5370 485 5430 cus
501 5389 716 5444 quoque
739 5372 850 5441 Οὐχ
872 5370 1201 5444 ὀγλαὸςμου,
1230 5385 1339 5428 etc.

376 5446 524 5571 Βμ)
570 5445 733 5498 Vetus
788 5443 976 5507 editio,
1034 5461 1053 5493 ι
1112 5452 1169 5495 et
1224 5459 1384 5512 sensu
1436 5445 1636 5499 mundo
1691 5443 1939 5500 cernenti

425 5531 568 5569 811111.
621 5532 639 5566 1

425 5531 568 5569 811111.
621 5532 639 5566 1

445 5585 523 5655 (5)
564 5583 764 5655 Vitiosa
792 5590 845 5636 et
873 5591 1057 5636 contra
1089 5595 1221 5655 mss.
1257 5583 1605 5655 fiuctuantes
1630 5593 1749 5655 erat
1787 5601 1806 5633 ι
1835 5583 1940 5638 Do-

377 5650 601 5707 minum.
642 5671 660 5702 ι
693 5653 815 5706 llaec
838 5667 997 5721 porro
1020 5653 1251 5706 nominis
1275 5650 1439 5704 Israel
1465 5653 1808 5722 etymologia,
1826 5657 1942 5709 sive

377 5723 498 5786 νοῦς
523 5723 665 5792 ὁρῶν
696 5722 858 5788 Θεόν,
892 5722 1096 5793 Graecis
1121 5723 1406 5793 praecipue
1435 5723 1636 5788 arrisit,
1657 5724 1941 5793 illyrnpio-

380 5802 509 5846 noro
560 5790 623 5844 Vin
686 5806 805 5860 cap.
860 5807 875 5845 ι
929 5790 1316 5860 Εεειεείίιειιιξ,ί
1364 5791 1585 5848 Leontio
1638 5790 1943 5856 Dc'sectis,

380 5861 690 5932 Theophani
715 5859 973 5917 Cerauieo
1001 5862 1244 5932 aliisque.
1283 5859 1323 5916 E
1354 5860 1560 5918 Latinis
1603 5862 1747 5936 apud
1777 5863 1944 5934 Opta-

1658 4842 1703 4876 ⁸⁸
1740 4843 1894 4901 Joan.
1926 4863 2064 4917 xvtt,
2100 4851 2190 4908 il.
2265 4852 2309 4884 ⁸⁷
2333 4851 2501 4908 Marc.
2538 4855 2687 4921 x,l8.
2763 4854 2809 4887 ⁸⁸
2844 4854 2983 4908 Psal.
3051 4869 3105 4919 x,
3168 4854 3223 4907 8.

2040 4736 2206 4790 corde
2228 4736 2295 4788 νο.
2322 4754 2342 4788 ι
2382 4737 2447 4790 Ει
2478 4738 2591 4791 haec
2619 4738 2833 4807 quidem
2859 4753 2888 4790 e
2921 4739 3089 4792 latere
3115 4748 3308 4793 contra
3333 4737 3613 4793 lueretieos

3314 4852 3362 4886 “
3408 4852 3610 4908 Thren.

2042 5038 2151 5084 tum
2183 5030 2546 5088 Milevitanum
2597 5034 2839 5088 invenias
2883 5034 2978 5089 lib.
3010 5052 3069 5097 tt,
3105 5036 3157 5091 in
3194 5037 3318 5105 ﬁne,
3342 5049 3395 5093 et
3426 5037 3616 5095 Hieroo

2053 5116 2270 5171 nymum
2313 5120 2528 5172 quoque
2569 5119 2634 5157 ex
2668 5106 2896 5158 aliorum
2943 5122 3125 5160 sensu.
3175 5107 3276 5174 Qui
3320 5121 3498 5163 autem
3547 5127 3616 5165 ex

2040 5205 2103 5245 ea
2126 5207 2273 5263 t'oce
2304 5177 2494 5254 Ssx-nm
2534 5197 2755 5249 extundi
2790 5197 2991 5263 possit,
3027 5198 3153 5251 alibi
3187 5199 3438 5253 diximus.

2112 5261 2190 5331 (6)
2238 5263 2409 5318 Verba
2439 5273 2536 5338 oet
2562 5267 2662 5338 hoc
2688 5261 2891 5320 faciens
2912 5285 2931 5317 ι
2959 5268 3008 5320 in
3038 5268 3255 5337 Reginae
3280 5284 3383 5324 ms.
3409 5284 3618 5338 expun-

2039 5344 2239 5411 guntur
2268 5350 2283 5386 :
2313 5350 2432 5411 mox
2462 5332 2663 5411 _Vatic.,
2715 5354 2732 5386 ι
2762 5337 2916 5411 nobis
2965 5332 3173 5401 tribuit,
3203 5341 3328 5408 quia
3360 5354 3422 5394 ea
3459 5332 3615 5408 jima

2039 5405 2425 5474 misericordia:
2461 5406 2754 5458 bonitatem
2777 5406 3006 5474 largitus
3029 5418 3131 5460 est.
3174 5425 3195 5458 ι

2108 5472 2187 5540 (7)
2227 5470 2366 5526 Hine
2396 5475 2613 5528 tertium
2639 5475 2835 5527 librum
2868 5470 3224 5544 auspicantur
3246 5478 3484 5532 editores
3503 5477 3617 5543 alii,

2036 5556 2137 5613 qua
2185 5545 2251 5596 de
2292 5559 2349 5596 re
2390 5559 2549 5610 supra
2591 5545 2825 5596 diximus
2873 5546 2925 5599 in
2961 5548 3177 5613 praeﬁxa
3210 5547 3615 5604 Admonitione.
3678 5554 3684 5613 ξ

2037 5612 2317 5693 Abson'utn
2344 5628 2473 5693 vero
2501 5623 2585 5666 est
2609 5614 2867 5693 maxime,
2893 5612 3035 5685 quod
3063 5633 3092 5669 a
3135 5618 3308 5671 inedia
3336 5617 3487 5672 Isaia:
3514 5617 3619 5672 loci
3676 5628 3687 5687 ᾗ

2043 5683 2386 5750 expositione
2416 5683 2740 5750 ineeperint.

2112 5745 2445 5833 (_8'jmltegin2
2469 5745 2623 5833 liber,
2652 5771 2670 5802 ι
2700 5754 2900 5807 bonum
2924 5753 2994 5833 de
3017 5753 3330 5833 Evangelia,
3355 5765 3411 5812 et
3441 5771 3507 5813 oe
3533 5770 3624 5812 ve-

2044 5821 2141 5875 ter‘
2170 5820 2535 5877 'TeStamento
2558 5821 2760 5878 ‘ustutn
2801 5837 2924 5879 esse
2963 5820 3278 5881 defendunt.
3313 5845 3335 5879 ι
