4034 6400
411 356 550 412 1075

1532 358 1735 414 LIBER
1776 358 1862 414 DE
1903 356 2175 414 SPlRlTU
2211 354 2504 412 SANCTO.

3502 362 3524 412 1
3537 359 3600 412 07
3611 360 3661 412 ιο..

410 480 640 536 strictim
672 480 813 536 dicta
849 490 993 537 sunt.
1024 483 1258 554 Tempus
1285 492 1464 536 autem
1510 491 1614 547 est,
1644 494 1704 535 ut
1729 482 1975 551 propo‘si-
2002 486 2048 542 Α
2079 480 2598 534 consummationem
2637 479 2816 533 eteculi
2867 480 3032 534 vitam
3072 480 3150 537 eis
3201 481 3459 547 tribuens,
3493 484 3640 538 salu-

413 573 525 626 tum
570 572 844 641 pr0pheta:
885 574 1127 627 ordinem
1163 588 1574 643 prosequamur,
1614 572 1704 642 qui
1737 572 1809 627 ita
1844 587 1975 626 con-

410 664 651 718 texitur:
688 680 709 715 «
731 672 788 717 et
830 663 985 731 dixit,
1009 683 1026 712 ι
1070 663 1209 718 haud
1243 664 1461 719 dubium
1496 662 1623 732 quin
1671 663 1925 718 Dominus
1958 682 1972 718 :

417 772 437 805 «
468 754 656 809 Nonne
673 755 897 824 p0pulus
916 770 1065 809 meus
1087 756 1201 821 lilii,
1223 772 1321 810 nec
1346 755 1839 825 praevaricabuntur
1859 756 1900 788 "
1918 754 1971 809 in

413 845 527 901 Non
564 856 743 911 erant,
786 847 979 916 inquit,
1014 847 1219 903 similes
1251 849 1335 902 bis
1370 848 1459 916 qui
1506 849 1741 918 generati
1773 855 1897 902 sunt
1923 857 1978 902 et

412 935 653 1002 exaltati,
706 943 760 990 et
801 950 923 989 eum
968 937 1056 1005 qui
1105 938 1291 1006 genuit
1338 937 1478 1000 illos,
1524 938 1837 1004 dcspexere.
1871 937 1979 991 «Et

412 1025 588 1080 factus
616 1034 698 1079 est
729 1024 809 1079 eis
838 1024 890 1078 in
925 1027 1148 1079 salutem
1173 1026 1239 1090 ",
1281 1044 1299 1076 ι
1325 1027 1376 1080 id
1414 1036 1499 1080 est
1530 1025 1634 1079 illis
1674 1025 1740 1079 de
1785 1025 1977 1093 quibus

414 1117 674 1172 Dominus
718 1115 829 1170 ait:
865 1115 1094 1170 «Nonne
1143 1116 1368 1185 populus
1421 1131 1570 1171 meus
1616 1115 1734 1181 lilii,
1783 1124 1978 1170 etnon

413 1207 942 1278 prrevaricabuntur?
965 1227 982 1261 ι
1021 1207 1133 1262 Hoc
1167 1210 1311 1261 enim
1340 1209 1512 1277 ipsum
1538 1209 1679 1276 quod
1702 1222 1806 1262 non
1839 1222 1977 1277 prae-

412 1298 640 1353 varicati
695 1307 838 1364 sunt,
889 1313 986 1353 nec
1035 1307 1357 1367 spreverunt
1391 1297 1632 1362 Patrem,
1681 1297 1762 1353 eis
1805 1300 1979 1354 lactus

415 1397 499 1441 est
526 1388 580 1441 in
608 1386 835 1442 salutem
870 1405 883 1441 :
916 1386 997 1440 vel
1031 1389 1098 1442 ob
1138 1388 1368 1456 idipsum
1403 1388 1544 1457 quod
1575 1388 1825 1457 appellati
1854 1396 1981 1442 sunt

418 1478 534 1545 lilii,
585 1494 746 1533 causa
800 1479 879 1533 eis
926 1478 1112 1533 salutis
1156 1478 1377 1534 ell‘ectus
1434 1488 1534 1534 est.
1589 1480 1716 1546 Quae
1759 1480 1905 1534 salus
1949 1495 1979 1533 a

416 1569 633 1625 Christo
660 1568 885 1624 Domino
928 1569 1253 1635 contributa,
1303 1570 1477 1634 angeli
1525 1585 1736 1639 quoque
1768 1571 1833 1624 ad
1882 1585 1981 1640 pa-

416 1670 594 1716 stores
644 1675 775 1715 voce
819 1660 1097 1723 ﬁrmatur,
1138 1661 1408 1716 dicentis:
1450 1680 1467 1712 «
1496 1662 1631 1716 Ecce
1673 1663 1982 1731 evangelizo

417 1751 570 1805 vobis
613 1751 863 1820 gaudium
912 1766 1187 1820 magnum,
1233 1752 1375 1822 quod
1416 1753 1522 1807 erit
1566 1754 1713 1808 omni
1757 1752 1978 1823 populo;

418 1842 545 1911 quia
590 1853 745 1896 natus
801 1853 882 1896 est
930 1843 1083 1897 vobis
1124 1843 1200 1912 (9)
1238 1844 1397 1899 hodie
1448 1842 1714 1910 Salvator,
1770 1845 1859 1913 qui
1903 1854 1985 1899 est

419 1935 665 1990 Christus
703 1935 978 2002 Dominus,
1018 1937 1069 1990 in
1098 1936 1313 1990 civitate
1338 1938 1501 1990 David
1526 1937 1623 1991 “.3
1662 1936 1781 2005 lpse
1815 1919 1985 1991 lactus

420 2033 503 2079 est
531 2027 759 2090 cunctis,
815 2028 903 2095 qui
956 2028 1007 2079 in
1060 2042 1180 2082 eum
1232 2029 1478 2094 credunt,
1532 2030 1747 2084 occasio
1795 2029 1986 2084 salutis

419 2125 656 2181 aeterna},
691 2125 744 2171 et
774 2119 887 2187 ipse
917 2128 1000 2172 est
1037 2118 1283 2174 Salvator
1311 2121 1515 2185 mundi,
1549 2120 1637 2190 qui
1669 2121 1813 2174 venit
1840 2136 1986 2191 quae-

420 2222 541 2263 rere
572 2209 709 2278 quod
744 2211 995 2278 perierat.
1034 2211 1097 2264 Et
1133 2212 1244 2280 ipse
1269 2220 1371 2277 est,
1407 2212 1472 2264 de
1507 2226 1612 2280 quo
1635 2212 1833 2266 chorus
1858 2226 1984 2265 sano

364 2333 372 2342 .
419 2307 628 2351 ctorum
664 2297 811 2351 canit
833 2297 878 2328 “
906 2315 921 2352 ε
953 2316 971 2348 ‹
1000 2299 1139 2352 Deus
1170 2308 1375 2364 noster,
1398 2300 1535 2354 Deus
1557 2299 1797 2365 salvandj
1816 2300 1980 2371 (10).»

490 2387 579 2441 46.
624 2388 757 2454 Quia
800 2388 964 2458 igitur
997 2388 1134 2443 Deus
1165 2397 1304 2453 erat,
1330 2390 1420 2460 qui
1458 2390 1685 2444 salutem
1716 2392 1988 2460 prmbebat

419 2488 698 2543 mternam,
729 2480 927 2534 dictum
955 2490 1056 2545 est,
1083 2498 1100 2531 «
1128 2477 1245 2536 Non
1272 2482 1499 2552 legatus,
1518 2496 1691 2551 neque
1708 2482 1981 2550 angelus,»

420 2571 472 2624 id
501 2570 589 2625 est
621 2586 722 2624 non
758 2571 1040 2641 propheta,
1069 2588 1173 2626 non
1208 2575 1536 2644 patriarcha,
1574 2590 1679 2628 non
1716 2574 1987 2645 legislator

418 2661 629 2733 Moyses
669 2662 900 2716 salvavit
929 2661 1274 2729 eos.,0mncs
1322 2666 1466 2718 enim
1510 2678 1645 2734 quos
1689 2665 1984 2731 nominavi,

418 2761 667 2822 poterant
712 2755 779 2807 ad
825 2754 1108 2809 Dominum
1158 2755 1303 2826 fungi
1336 2757 1606 2828 legatione
1636 2774 1731 2826 pro
1770 2758 1982 2828 populo.

421 2842 661 2916 Denique
689 2847 917 2917 Moyses,
952 2849 1301 2918 interpellans
1348 2866 1470 2905 eum
1504 2867 1602 2922 pro
1640 2850 1987 2921 delinquente

419 2939 593 3009 plebe,
644 2940 759 2996 ait:
795 2942 887 2995 «Si
933 2943 1157 2997 dimittis
1201 2944 1280 2997 eis
1329 2953 1609 3013 peccatum
1659 2959 1874 3007 eorum,
1906 2945 1988 2997 di-

423 3031 687 3087 ιηίιιο⁹⁵.›
714 3032 818 3087 Sed
849 3033 1152 3088 obsecravit
1172 3034 1383 3088 veniam
1414 3035 1770 3106 quadraginta
1799 3034 1989 3090 diebus

2080 574 2254 643 lisque
2283 568 2473 626 auctOr
2499 570 2791 628 exsistens.
2823 570 3082 628 Omnibus
3110 583 3288 627 autem
3316 573 3507 630 diebus
3532 588 3641 629 εω-

2078 666 2182 720 culi
2214 663 2523 718 illuminans
2548 663 2710 717 corda
2753 678 2961 727 eorum,
2991 680 3095 718 non
3122 664 3253 719 sinit
3274 679 3367 719 eos
3392 665 3446 719 in
3488 675 3641 721 tene-

2078 755 2190 810 bris
2222 755 2562 825 ignorantize,
2595 764 2649 807 et
2676 767 2861 809 errore
2894 754 3119 809 versari.
3142 754 3209 808 Et
3235 753 3337 809 hoc
3365 766 3494 824 puto
3521 770 3643 811 esse
3696 811 3701 816 _

2079 847 2221 917 quod
2253 847 2513 919 scriptum
2553 856 2659 913 est,
2717 864 2735 897 «
2758 847 2809 900 in
2861 846 3111 901 omnibus
3147 847 3377 903 diebus»
3414 846 3640 902 exaltari

2076 954 2193 994 COS.

2148 1031 2238 1086 47.
2279 1030 2415 1098 Quia
2439 1045 2568 1087 vero
2591 1030 2894 1096 mutabiles,
2919 1038 2971 1083 et
2994 1030 3061 1085 ad
3086 1030 3214 1085 vitia
3238 1038 3431 1100 sponte
3457 1028 3645 1085 laben-

2080 1131 2186 1188 tes,
2229 1131 2350 1192 post
2387 1131 2533 1175 tanta
2573 1121 2835 1176 beneﬁcia
2868 1119 2978 1175 Deo
3024 1120 3241 1174 luerunt
3277 1118 3560 1182 increduli,
3589 1128 3647 1172 et

2080 1224 2345 1285 praecepta
2391 1215 2532 1269 illius
2577 1214 2930 1283 reliquerunt,
2959 1222 3012 1269 et
3036 1213 3499 1267 exacerbaverunt
3529 1209 3650 1280 Spi-

2082 1308 2242 1361 ritum
2290 1316 2530 1360 sanctum
2556 1303 2672 1369 Dei,
2705 1305 2795 1375 qui
2827 1305 2904 1359 eis
2938 1304 3100 1360 multa
3125 1303 3261 1358 bona
3290 1304 3516 1373 largitus
3538 1312 3643 1367 est,

2083 1400 2135 1454 in
2183 1408 2460 1468 peccatum
2513 1398 2689 1453 simile
2738 1405 3079 1459 corruerunt,
3115 1398 3197 1451 his
3235 1397 3324 1466 qui
3359 1406 3642 1465 postquam

2082 1490 2246 1559 geniti
2279 1501 2425 1555 sunt,
2458 1500 2512 1545 et
2561 1491 2802 1556 exaltati,
2848 1499 3169 1559 spreverunt
3213 1489 3424 1544 Patrem
3465 1504 3645 1545 suum.

2084 1577 2178 1633 Vel
2206 1588 2353 1634 certe
2384 1595 2525 1635 nunc
2568 1581 2667 1649 ipsi
2706 1582 3109 1645 describuntur,
3154 1582 3246 1649 qui
3292 1590 3344 1636 et
3374 1589 3497 1634 ante
3548 1579 3644 1635 de-

2083 1669 2268 1739 scripti
2300 1672 2738 1740 sunt,rsiquidem
2782 1683 2838 1727 et
2874 1672 2945 1726 ibi
2993 1683 3113 1741 post
3139 1683 3419 1743 peccatum
3447 1670 3648 1739 dicitur

2085 1762 2151 1816 ad
2179 1778 2272 1817 eos
2298 1779 2312 1816 :
2343 1780 2361 1813 «
2390 1762 2757 1832 Dereliquistis
2789 1764 3096 1830 Dominum,
3143 1772 3196 1817 et
3219 1764 3282 1816 ad
3313 1763 3645 1816 iracundiam

2087 1854 2397 1909 concitastis
2447 1853 2700 1909 Sanctum
2754 1853 2936 1919 lsrael,
2975 1873 2995 1906 ι
3024 1863 3077 1909 et
3118 1869 3281 1918 nunc,
3319 1852 3458 1922 quod
3503 1852 3647 1920 «ipsi

2085 1961 2189 2001 non
2219 1947 2578 2009 crediderunt,
2612 1956 2666 2000 et
2710 1946 3169 2001 exacerbaverunt
3221 1944 3478 2014 Spiritum
3520 1958 3648 1997 san-

2084 2047 2229 2091 etum
2261 2037 2431 2105 ejus.»
2462 2038 2539 2090 Ex
2567 2039 2815 2105 prmsenti
2848 2051 2976 2105 ergo
3005 2037 3124 2091 loco
3153 2036 3386 2091 societas
3415 2033 3649 2107 Spiritus

2085 2128 2150 2181 ad
2178 2126 2460 2182 Dominum
2498 2128 2817 2182 ostenditur.
2856 2127 2956 2193 Qui
3004 2125 3289 2197 dereliquit
3338 2125 3645 2189 Dominum,

2085 2225 2139 2271 et
2166 2226 2249 2272 est
2294 2217 2622 2282 incredulus,
2650 2227 2703 2272 et
2734 2219 2799 2271 ad
2835 2217 3165 2271 iracundiam
3204 2223 3461 2286 provocat
3508 2216 3648 2268 San-

2085 2316 2231 2362 ctum
2277 2307 2461 2373 Israel,
2508 2318 2564 2364 et
2592 2311 2882 2364 exacerbat
2930 2308 3187 2378 Spiritum
3230 2317 3476 2362 sanctum
3506 2306 3647 2375 ejus.

2086 2398 2286 2454 Eadem
2316 2400 2615 2471 indignatio
2641 2414 2804 2469 super
2838 2399 3214 2469 peccatoribus
3242 2407 3351 2451 tam
3382 2398 3450 2452 ad
3477 2396 3651 2468 Spiri-

2088 2497 2197 2542 tum
2231 2499 2494 2555 sanctum,
2542 2504 2700 2557 quam
2755 2489 2820 2542 ad
2871 2488 3126 2568 Sanctum
3172 2486 3341 2542 Israel
3394 2486 3648 2543 refertur.

2088 2579 2241 2635 Unde
2279 2590 2333 2635 et
2369 2581 2422 2634 in
2468 2580 2923 2649 consequentibus
2969 2577 3230 2633 similibus
3258 2577 3448 2645 copula
3472 2575 3652 2631 Trini-

2091 2671 2217 2725 tatis
2260 2671 2583 2737 ostenditur,
2634 2671 2845 2725 dicente
2895 2669 3199 2738 Scriptura,
3248 2667 3532 2723 Dnminum
3580 2668 3655 2722 ad

2087 2762 2397 2817 inimicitias
2424 2774 2553 2820 esse
2575 2775 2914 2825 conversum,
2946 2759 3030 2814 his
3062 2760 3154 2829 qui
3185 2757 3649 2813 exacerbaverunt

2089 2849 2346 2920 Spiritum
2376 2861 2620 2923 sanctum
2649 2851 2786 2920 ejus,
2813 2860 2869 2905 et
2891 2850 3177 2905 tradidisse
3199 2864 3296 2905 eos
3320 2849 3652 2919 sempiterno

2087 2940 2371 3006 cruciatui,
2416 2953 2698 3011 postquam
2748 2956 2850 2994 non
2905 2955 3186 3006 sermone,
3240 2941 3336 2995 sed
3382 2940 3543 2994 rebus
3597 2940 3651 2993 in

2088 3042 2333 3089 sanctum
2357 3032 2473 3102 ejus
2497 3031 2753 3101 Spiritttm
2778 3031 3309 3099 blasphemaverunt.
3340 3028 3459 3099 Ipse
3485 3029 3655 3099 igitur

417 3124 690 3194 jejunans,
739 3137 795 3180 et
865 3125 1291 3181 misericordiam
1335 3125 1426 3180 Dei
1460 3127 1653 3181 animae
1698 3125 1984 3181 atillctione
2016 3153 2063 3215 ς
2094 3127 2182 3195 qui
2218 3125 2336 3180 «eis
2379 3138 2676 3178 conversus
2712 3131 2796 3177 est
2845 3122 2912 3175 ad
2959 3121 3319 3187 inimicitiam,
3365 3120 3654 3175 debellavit

421 3229 742 3281 provocans.
774 3214 947 3269 Nemo
983 3226 1164 3268 autem
1211 3214 1277 3270 de
1309 3215 1497 3269 borum
1531 3230 1757 3271 numero
1785 3216 1989 3287 legato-

421 3320 541 3360 rum
570 3313 745 3373 potest
792 3319 912 3360 esse
948 3305 1207 3369 salvator,
1242 3305 1489 3375 indigens
1532 3316 1587 3359 et
1616 3306 1731 3375 ipse
1767 3320 1852 3371 eo,
1894 3307 1986 3377 qui

420 3395 612 3450 salutis
641 3394 863 3466 largitor
886 3410 1045 3450 verus
1076 3404 1177 3449 est.
1202 3393 1330 3448 Nam
1369 3406 1422 3449 et
1450 3395 1644 3466 angeli,
1673 3411 1984 3468 quanquam

420 3487 641 3554 spiritus
673 3487 799 3549 sint,
837 3494 889 3541 et
917 3488 980 3540 ad
1011 3486 1221 3540 diversa
1251 3497 1471 3556 propter
1499 3502 1592 3543 eos
1621 3489 1711 3558 qui
1748 3488 1978 3543 salutem

422 3578 693 3647 accepturi
736 3586 878 3643 sunt,
933 3577 1234 3631 ministeria
1284 3580 1585 3643 mittantur,
1618 3594 1723 3633 non
1755 3587 1881 3632 sunt
1908 3588 1989 3632 ta-

421 3683 542 3722 men
577 3676 825 3722 auctores
858 3668 1065 3731 salutis,
1099 3668 1194 3722 sed
1219 3683 1341 3722 eum
1385 3671 1474 3739 qui
1507 3668 1627 3725 fons
1657 3670 1847 3726 salutis
1885 3680 1987 3736 εει,

422 3760 845 3829 interpretantur
868 3769 923 3813 et
952 3760 1217 3815 nuntiant.
1258 3760 1411 3817 Unde
1454 3761 1655 3815 dictum
1691 3771 1794 3828 est,
1830 3780 1851 3813 «
1883 3777 1989 3817 non

423 3849 648 3920 legatus,
684 3864 857 3918 neque
889 3851 1130 3919 angelus,
1169 3852 1263 3906 sed
1299 3853 1412 3921 ipse
1460 3852 1719 3908 Dominus
1765 3854 1992 3909 salvavit

421 3956 534 3997 eos.
555 3959 573 3994 ι
608 3939 722 3995 Non
754 3951 973 4011 propter
999 3943 1139 3997 aliud
1174 3944 1323 4012 quid,
1349 3945 1441 3998 sed
1472 3956 1689 4014 propter
1713 3947 1787 4012 id,
1818 3947 1990 4016 «quod

421 4035 666 4104 diligeret
708 4049 822 4100 eos,
859 4044 913 4088 et
947 4046 1191 4106 parceret
1229 4036 1326 4092 eis.
1352 4056 1370 4088 ι
1415 4036 1648 4092 Parcere
1698 4049 1880 4092 autem
1911 4039 1992 4092 di-

421 4127 580 4191 citur,
613 4128 766 4196 quasi
812 4128 1077 4182 creaturis
1124 4127 1256 4194 suis,
1299 4127 1454 4196 juxta
1502 4127 1631 4182 illud
1679 4130 1820 4198 quod
1859 4129 1989 4184 alibi

421 4217 674 4272 scribitur
703 4235 716 4271 :
750 4235 769 4270 «
788 4216 984 4272 Parces
1008 4227 1187 4273 autem
1220 4220 1489 4284 omnibus,
1525 4220 1750 4274 Domine
1777 4226 1991 4274 amator

422 4307 746 4373 animarum,
782 4310 907 4378 quia
943 4317 1048 4363 tuae
1094 4318 1241 4373 sunt,
1273 4325 1444 4379 neque
1485 4310 1629 4364 enim
1675 4310 1827 4366 odies
1854 4325 1990 4379 quos

423 4399 681 4454 iecisti".
710 4418 729 4452 ι
773 4401 1107 4469 Quapropter
1136 4411 1191 4455 et
1231 4417 1327 4470 pro
1360 4417 1545 4456 eorum
1578 4402 1751 4457 salute
1776 4403 1992 4471 proprio

2093 3231 2245 3282 eos,»
2292 3223 2344 3269 et
2379 3212 2608 3282 subjecit
2643 3211 3031 3280 multiplicibus
3075 3212 3357 3283 longisque
3393 3210 3654 3266 cruciati-

2088 3308 2210 3370 bus,
2242 3314 2299 3359 ut
2332 3319 2430 3360 nec
2464 3305 2517 3358 in
2545 3303 2795 3375 praesenti
2822 3313 3082 3370 tempore,
3107 3315 3207 3356 nec
3234 3301 3286 3355 in
3316 3299 3498 3356 futuro
3523 3312 3652 3353 con-

2088 3409 2381 3468 sequantur
2399 3399 2609 3453 veniam
2632 3405 3000 3467 peccatorum.
3019 3394 3489 3451 Exacerbaverunt
3507 3392 3652 3448 enim

2090 3491 2350 3559 Spiritum
2411 3501 2657 3546 sanctum
2719 3490 2878 3560 ejus,
2930 3498 2985 3544 et
3041 3486 3545 3557 blasphemaverunt
3596 3484 3671 3539 in,
3748 3508 3753 3511 >

2090 3583 2259 3638 illum.

2158 3675 2251 3733 48.
2293 3673 2351 3730 Si
2380 3682 2561 3731 autem
2590 3672 2825 3728 volueris
2854 3672 2955 3727 hoc
2990 3674 3057 3727 de
3089 3669 3291 3725 Iudaeis
3329 3667 3651 3737 intelligere.

2078 3766 2182 3834 .qui
2221 3764 2609 3820 crucilixerunt
2652 3762 2936 3816 Dominum
2983 3761 3341 3825 Salvatorem,
3369 3768 3425 3814 et
3455 3759 3655 3814 idcirco

2090 3853 2828 3924 enacerbaveruntSpiritum
2853 3861 3123 3919 sanctum,
3153 3853 3205 3909 id
3235 3853 3374 3923 quod
3396 3852 3654 3921 scriptum

2090 3959 2195 4014 est,
2229 3965 2248 3999 «
2277 3948 2391 4017 ipse
2438 3946 2724 4002 debellavit
2759 3960 2874 4011 eos,
2900 3963 2920 3997 ι
2955 3946 3023 4011 ad
3057 3944 3204 4000 illam
3234 3955 3316 3999 est
3350 3943 3656 4012 intelligen-

2092 4042 2221 4093 tiam
2245 4038 2605 4103 referendum,
2628 4038 2773 4109 quod
2788 4037 3047 4094 Romanis
3072 4037 3250 4091 traditi
3277 4045 3423 4101 sunt,
3441 4036 3658 4105 quando

2089 4133 2237 4188 venit
2263 4148 2424 4204 super
2452 4148 2547 4189 eos
2582 4134 2661 4188 ira
2700 4132 2794 4189 Dei
2829 4134 2880 4187 in
2912 4134 3095 4187 tinem.
3132 4131 3191 4186 In
3237 4132 3486 4185 universo
3512 4129 3655 4184 enim

2090 4226 2221 4279 orbe
2262 4225 2577 4294 cunctisque
2625 4223 2935 4293 regionibus
2969 4222 3068 4278 soli
3106 4220 3321 4276 exsules
3359 4220 3566 4290 patriae,
3597 4220 3654 4272 in

2093 4328 2235 4372 terra
2269 4326 2530 4387 vagantur
2559 4315 2758 4380 aliena,
2810 4330 2916 4370 non
2965 4316 3153 4370 urbem
3201 4313 3497 4382 antiquam,
3547 4324 3655 4364 non

2092 4411 2249 4465 sedes
2294 4411 2540 4480 proprias
2583 4409 2945 4478 possidentes,
2983 4408 3037 4462 id
3080 4406 3223 4477 quod
3281 4404 3559 4474 prophetis
3601 4413 3659 4457 et

421 4491 557 4548 Filio
595 4507 698 4546 ηοη
742 4505 968 4559 Parcells
1021 4492 1199 4558 Ρίιῑθν,
1233 4492 1453 4547 "adid"
1485 4507 1606 4547 eum
1640 4493 1692 4546 in
1737 4485 1986 4559 mortem.
2015 4491 2066 4551 D
2091 4499 2352 4555 Salvatori
2384 4515 2483 4557 suo
2511 4498 2772 4565 fecerunt,
2807 4508 3144 4569 receperunt.
3181 4496 3316 4564 Quia
3353 4497 3497 4550 enim
3530 4509 3657 4549 san-

420 4590 480 4637 ut
523 4597 618 4651 per
663 4592 887 4635 mortem
931 4579 1050 4634 Filii
1097 4580 1178 4634 sui
1223 4581 1498 4635 destructo
1536 4596 1601 4635 eo
1629 4582 1722 4650 qui
1755 4582 1989 4637 habebat

420 4675 613 4728 mortis
647 4673 953 4741 imperium,
985 4673 1087 4727 hoc
1110 4681 1192 4741 est
1220 4671 1454 4735 diabolo,
1484 4671 1774 4728 redimeret
1800 4687 1989 4729 omnes

420 4764 511 4832 qui
535 4764 601 4817 ab
631 4778 697 4818 eo
725 4763 1049 4831 captivitatis
1078 4762 1289 4816 vinculo
1319 4763 1660 4818 tenebantur.
1681 4763 1834 4819 Unde
1860 4766 1989 4819 sub-

414 4854 637 4923 jicitur:
670 4870 689 4904 «
712 4853 834 4922 ipse
876 4862 1055 4908 autem
1101 4853 1328 4908 redemit
1367 4869 1481 4919 eos,
1517 4863 1571 4908 et
1603 4858 1843 4925 suscepit
1867 4870 1985 4920 eos,

419 4954 474 4998 et
499 4944 758 5000 exaltavit
793 4945 972 5000 illos.»
1018 4944 1253 5012 Suscipit
1281 4946 1425 4998 enim
1467 4946 1775 5015 eaaltatque
1811 4946 1987 5000 salva-

423 5045 526 5101 tos,
562 5045 616 5092 et
649 5036 952 5105 redemptos
983 5036 1035 5091 in
1067 5037 1294 5091 sublime
1327 5038 1460 5091 tollit
1491 5039 1750 5092 virtutum
1781 5038 1906 5104 alis,
1934 5048 1988 5092 et

420 5129 721 5184 eruditione
766 5139 820 5183 et
857 5128 1080 5183 scientia
1115 5129 1379 5194 veritatis,
1427 5146 1534 5184 non
1580 5131 1643 5185 ad
1680 5148 1846 5185 unum
1876 5142 1989 5186 tan-

422 5230 558 5284 tum,
596 5226 649 5273 et
676 5220 899 5274 alterum
932 5220 1095 5285 diem,
1126 5221 1219 5274 sed
1249 5221 1303 5275 in
1340 5221 1590 5276 omnibus
1615 5223 1800 5278 diebus
1826 5232 1987 5279 aeter-

422 5311 626 5375 nitatis,
672 5310 926 5370 habitans
972 5313 1025 5366 in
1068 5313 1169 5377 eis,
1214 5321 1423 5368 etcum
1468 5315 1569 5378 eis,
1610 5323 1666 5368 et
1706 5330 1875 5385 usque
1920 5316 1988 5372 ad

503 5444 547 5477 ”
595 5443 699 5499 lsa.
755 5458 797 5511 ι,
847 5445 901 5499 3.
990 5445 1037 5476 ⁹²
1070 5442 1212 5498 Psal.
1244 5457 1410 5509 cxvn,
1444 5443 1530 5496 Η.

420 5531 496 5584 ιι,
523 5514 612 5568 2⁸7.

491 5628 567 5700 (9)
607 5626 781 5700 Vatic.
830 5625 1246 5700 «Evangelinm,
1279 5643 1554 5698 magnum,
1603 5635 1659 5684 et
1709 5637 1867 5684 natus
1905 5638 1989 5685 est

420 5695 625 5759 vobis,»
656 5695 844 5752 Graeco
870 5698 987 5761 ipso
1014 5708 1157 5753 textu
1197 5695 1571 5753 dissentiente.

431 5810 435 5819 ,
491 5767 604 5837 (10)
627 5766 684 5823 in
717 5782 819 5823 ms.
847 5766 1058 5835 Tolos.,
1090 5786 1107 5821 «
1140 5767 1300 5837 Deus,
1332 5769 1495 5825 Deus.
1526 5770 1663 5827 Deus
1685 5769 1980 5827 salvandi.»

1630 5444 1679 5476 "
1702 5444 1832 5498 Luc.
1888 5461 1947 5510 ll,
1982 5445 2069 5500 £0.

2094 4591 2346 4660 guinarii,
2387 4600 2441 4645 et
2485 4606 2684 4645 vesano
2722 4604 2937 4659 semper
2970 4588 3153 4646 lurore
3202 4586 3345 4656 capti
3383 4582 3522 4657 (11),
3550 4599 3665 4641 ιιοη⁸

2092 4681 2264 4735 solum
2305 4683 2594 4750 prophetas
2637 4678 2972 4742 occiderunt,
3021 4677 3506 4747 lapidaveruntque
3558 4689 3657 4728 eos

2093 4772 2183 4840 qui
2217 4771 2281 4826 ad
2313 4785 2375 4826 se
2409 4771 2557 4825 missi
2591 4770 2827 4835 fuerant,
2858 4769 2952 4824 sed
2999 4769 3065 4822 ad
3117 4767 3409 4838 impietatis
3443 4765 3660 4821 culmen

2091 4863 2314 4931 egressi,
2363 4861 2647 4918 Dominum
2680 4860 3035 4927 Salvatorem,
3075 4861 3168 4930 qui
3212 4874 3312 4930 pro
3341 4868 3664 4915 cunctorum

2090 4957 2262 5008 salute
2286 4953 2614 5009 descendere
2647 4953 2898 5023 dignatus
2929 4952 3108 5007 fuerat
3150 4953 3217 5007 ad
3251 4962 3446 5016 terras,
3480 4951 3663 5020 prodi-

2090 5045 2284 5099 derunt
2308 5055 2363 5100 et
2392 5045 2800 5111 crucilixerunt,
2831 5054 3114 5115 propterea
3145 5042 3351 5115 expulsi
3380 5053 3506 5099 sunt
3526 5042 3663 5098 urbe

2090 5151 2251 5204 quam
2285 5137 2670 5207 prophetarum
2699 5147 2753 5193 et
2780 5136 2984 5193 Christi
3009 5152 3208 5192 cruore
3232 5137 3658 5193 maculaverunt.

2094 5226 2402 5282 Secundum
2435 5228 2599 5297 igitur
2630 5229 2774 5283 hunc
2796 5243 3016 5284 sensum
3039 5227 3337 5284 debellatus
3364 5242 3460 5282 eos
3490 5242 3520 5280 a
3549 5226 3657 5281 Do-

2094 5318 2239 5373 mino
2263 5319 2561 5390 intelligere
2590 5320 2868 5383 debemus,
2897 5335 3003 5374 non
3029 5321 3095 5373 ad
3117 5319 3280 5374 breve
3306 5327 3539 5388 tempus,
3563 5317 3658 5370 sed

2171 5448 2218 5480 "
2240 5448 2383 5505 Psal.
2410 5465 2575 5518 van,
2598 5450 2688 5505 2|.
2801 5450 2850 5482 "
2876 5450 3044 5506 Exod.
3074 5465 3249 5515 xum,
3275 5449 3367 5504 3|.
3442 5446 3486 5477 ’⁸
3523 5445 3655 5515 Sap.

2162 5632 2274 5703 (Η)
2295 5631 2413 5686 Duo
2435 5645 2567 5686 mss.
2592 5630 2762 5688 Vatic.
2786 5641 2842 5687 et
2867 5630 2998 5700 Reg.
3036 5644 3158 5686 cum
3201 5627 3369 5682 veteri
3398 5624 3667 5691 editione,

2096 5720 2114 5755 «
2146 5703 2329 5759 lurore
2362 5704 2576 5772 raptati'.
2604 5720 2621 5752 ι
