4034 6398
347 369 487 428 ωτι
1472 369 1674 426 LIBER
1711 370 1800 427 DE
1840 371 1940 430 SPI

1992 372 2115 430 ,lTU
2159 367 2451 427 SANCTO.
3441 373 3585 431 1073

338 508 408 551 ex
453 493 568 563 ipso
600 490 717 547 loco
749 489 1036 547 manifeste
1065 503 1467 558 comprobatur,
1501 491 1630 560 quia
1671 491 1786 562 ipse
1823 500 1909 547 est
1936 500 1982 555 Α
2080 492 2169 546 53.
2214 492 2359 546 Satis
2392 489 2710 561 abundeque
2735 491 2800 547 de
2825 491 3101 562 prepltetae
3130 491 3437 549 testimonio
3467 498 3575 551 dis-

341 586 563 641 dextera
597 582 712 648 Dei,
751 583 892 637 sicut
935 582 1194 650 scriptum
1226 589 1308 635 est
1350 580 1404 635 in
1439 581 1662 636 Actibus
1688 590 1903 650 aposto—
2009 590 2248 651 putatum
2276 589 2380 649 est,
2412 595 2511 635 nec
2540 580 2607 635 ad
2633 579 2835 649 reliqua
2864 592 3171 652 pergamus,
3202 590 3261 637 ut
3292 585 3567 653 quomodo

341 675 539 741 lorum,
571 673 715 743 quod
757 672 932 727 factus
966 671 1035 726 sit
1067 684 1131 725 ex
1163 670 1371 725 semine
1411 669 1576 723 David
1609 670 1905 723 secundum
2009 675 2209 728 scimus
2237 673 2380 742 quod
2412 671 2525 744 (26)
2571 671 2732 726 Pater
2775 681 2827 747 et
2864 671 3032 727 Filius
3073 684 3292 730 sanctos
3319 684 3374 730 et
3407 676 3585 734 bonos

342 778 558 821 carnem
582 804 599 831 ,
625 763 835 834 genitus
869 762 936 818 de.
964 762 1209 832 Virgine,
1255 762 1665 830 superveniente
1694 762 1746 815 in
1786 776 1906 817 eam
2010 767 2095 818 sui
2123 763 2616 819 communicatione
2650 765 2973 834 perﬁciunt:
3002 765 3081 820 sic
3110 777 3329 823 sanctus
3356 784 3575 838 quoque

355 856 560 927 Spiritu
591 863 885 918 sancto,et
915 853 1113 908 virtute
1140 853 1349 908 Excelsi
1384 852 1738 907 obumbrante
1762 868 1904 909 eam.
2011 857 2247 927 Spiritus
2274 857 2689 927 participatione
2717 858 2803 913 sui
2828 857 2999 913 honos
3021 858 3218 915 eﬁiciat
3242 873 3572 933 sanctosque

342 947 418 1004 De
444 964 549 1017 quo
579 946 743 1002 David
767 945 1105 1016 prophetavit
1128 946 1183 999 in
1207 943 1436 1015 Spiritu,
1459 944 1597 1014 quod
1620 962 1648 997 a
1682 945 1908 1001 mortuis
2007 950 2325 1012 credentes;
2368 958 2423 1002 et
2469 963 2534 1002 ex
2580 948 2691 1028 hoc
2725 949 2885 1003 etiam
2943 949 3100 1002 unius
3144 964 3266 1004 cum
3312 949 3474 1005 Patre
3523 960 3595 1007 et.

343 1053 651 1110 resurgens,
683 1048 991 1107 assumptus
1017 1038 1083 1093 sit
1112 1039 1167 1092 in
1191 1038 1379 1103 coelos,
1411 1039 1631 1092 dextera
1657 1036 1750 1091 Dei
1779 1037 1907 1092 sub-
2006 1040 2143 1094 Filio
2169 1039 2485 1094 substantia:
2526 1052 2646 1093 esse
2691 1039 2966 1093 doceatur.
3004 1039 3212 1092 Dicitur
3244 1039 3293 1093 in
3340 1038 3577 1095 Psalmis

342 1132 549 1188 levatus
586 1128 721 1202 (23).
759 1130 1032 1185 Scribitur
1058 1129 1128 1183 ibi
1174 1140 1352 1185 autem
1388 1130 1441 1184 in
1473 1130 1615 1185 hunc
1641 1128 1857 1184 modum
1888 1148 1901 1184 :
2006 1130 2072 1185 ad
2104 1129 2387 1184 Dominum
2415 1146 2429 1182 :
2469 1146 2486 1179 ι
2526 1127 2762 1196 Spiritus
2787 1135 2913 1182 tuus
2942 1126 3113 1183 bonus
3138 1128 3367 1183 deducet
3403 1143 3489 1183 me
3519 1128 3575 1183 in

348 1243 367 1276 ι
417 1224 722 1277 Praavidens
764 1222 905 1276 idem
952 1221 1120 1277 David
1161 1221 1372 1277 loculus
1408 1230 1495 1277 est
1538 1221 1604 1275 de
1660 1235 1908 1275 resurre-
2007 1234 2208 1277 terram
2241 1231 2443 1276 rectam
2477 1219 2541 1274 ιθ.
2579 1239 2597 1271 ι
2629 1218 2844 1275 Scimus
2906 1228 3085 1273 autem
3136 1218 3200 1272 in.
3249 1218 3596 1289 quibusdam.

341 1315 518 1370 ctione
554 1313 784 1380 Christi,
817 1313 1070 1384 quoniam
1097 1328 1202 1367 non
1235 1311 1523 1368 derelictus
1551 1311 1665 1383 (25)
1714 1312 1764 1364 itt
1815 1311 1900 1365 in-
2005 1314 2404 1384 exemplaribus
2420 1313 2678 1382 scriptum
2696 1328 2835 1379 esse,
2857 1332 2878 1364 ι
2905 1312 3138 1383 Spiritus
3153 1323 3535 1369 sanctustuus.
3551 1332 3591 1369 ι.

341 1404 515 1468 ferno,
560 1418 733 1472 neque
772 1417 899 1458 caro
947 1403 1066 1473 ejus
1096 1401 1227 1458 vidit
1277 1402 1703 1472 corruptionem.
1751 1401 1905 1457 Hunc
2005 1407 2176 1460 Porro
2225 1405 2277 1460 in
2342 1404 2508 1460 Esdra
2568 1406 2774 1475 absque
2828 1403 2933 1459 ulla
2986 1404 3339 1475 ambiguitate
3403 1407 3595 1476 bonus.

340 1493 520 1551 Jesum
551 1496 827 1550 suscitavit
850 1496 1013 1560 Deus,
1041 1495 1126 1549 cui
1159 1509 1255 1548 nos
1278 1508 1467 1548 omnes
1491 1501 1660 1547 testes
1689 1507 1899 1547 sumus.
2007 1497 2241 1567 Spiritus
2295 1497 2629 1568 appellatur:
2680 1515 2701 1548 ι
2739 1496 2995 1567 Spiritum
3040 1508 3187 1551 tuum
3240 1496 3437 1552 bonum
3482 1498 3579 1552 de-

339 1588 570 1643 Dextera
603 1588 764 1656 igitur
786 1586 880 1641 Dei
903 1588 1169 1651 elevatus,
1197 1594 1251 1641 et
1277 1584 1747 1653 reprontissionem
1779 1585 1903 1654 Spi-
2004 1590 2165 1656 disti,
2196 1598 2254 1645 ut
2289 1604 2383 1645 eos
2427 1588 2639 1644 faceres
2682 1588 2980 1659 intelligere
3005 1586 3069 1642 “.
3132 1606 3151 1640 ι
3200 1588 3352 1656 Quod
3396 1598 3576 1643 autem

339 1677 478 1732 ritus
520 1677 692 1731 sancti
726 1676 998 1746 accipiens
1028 1691 1058 1729 a
1106 1675 1304 1743 Patre,
1335 1673 1522 1729 eﬁ'udit
1553 1675 1655 1729 hoc
1703 1674 1901 1728 donum
2002 1681 2166 1737 Pater
2230 1682 2557 1746 sanctiﬁcet,
2617 1679 2904 1749 Apostolus
2968 1666 3189 1747 scribit,
3239 1681 3425 1735 dicens
3469 1680 3512 1712 ¹⁵
3556 1696 3583 1732 :-

341 1768 393 1822 in
425 1768 609 1833 nobis,
641 1769 784 1837 quod
831 1783 926 1823 vos
950 1768 1160 1847 _videtis
1188 1776 1243 1821 et
1285 1767 1517 1831 auditis,
1546 1781 1719 1836 neque
1759 1767 1899 1819 enim

2012 1792 2030 1826 ι
2058 1774 2217 1830 Deus-
2237 1784 2416 1830 autem
2454 1773 2600 1843 pacis
2623 1772 2923 1828 sanctiﬁcet
2957 1787 3052 1827 vos
3094 1770 3359 1841 perfectos
3386 1771 3518 1845 (27).
3551 1792 3570 1823 ι

340 1861 504 1916 David
538 1862 779 1916 ascendit
806 1861 857 1915 in
890 1861 1056 1916 cmlos
1080 1862 1120 1915 °.
1174 1881 1192 1913 ›
1233 1860 1374 1915 Nulli
1411 1861 1610 1931 quippe
1637 1859 1858 1916 dubium
1884 1898 1900 1923 .
1932 1864 1975 1919 Β
2004 1866 2070 1921 Ει
2115 1866 2360 1921 Salvator
2411 1867 2517 1920 ait:
2568 1884 2586 1917 ι
2636 1863 2794 1920 Pater
2847 1875 3051 1930 sancte,
3087 1865 3365 1921 sanctil'lca
3396 1880 3489 1919 eos
3521 1865 3593 1919 iu.

337 1951 631 2007 exaltatum
670 1953 886 2007 dextera
934 1953 1061 2017 Dei,
1108 1962 1161 2007 et
1199 1954 1265 2006 ab
1297 1951 1485 2006 inferis
1526 1960 1899 2021 resurgentem
2005 1957 2253 2022 veritate,
2285 1957 2407 2025 quia
2437 1957 2660 2011 verbum
2700 1965 2848 2010 tuum
2876 1964 2957 2009 est
2984 1956 3182 2009 veritas
3206 1955 3271 2006 “.
3306 1954 3578 2024 sperspi.

337 2057 457 2098 esse
489 2043 771 2099 Dominum
799 2042 1008 2109 Jesutn,
1039 2043 1177 2098 sicut
1200 2043 1315 2113 ipse
1340 2042 1631 2112 Scriptum
1654 2056 1902 2097 sermone
2004 2062 2103 2101 cue
2140 2047 2323 2101 dicens
2352 2064 2366 2099 :
2409 2047 2467 2099 In
2496 2061 2581 2102 me
2615 2044 2739 2114 (qui
2779 2043 3012 2099 Verbum
3044 2053 3448 2107 tuum.snm,-et
3479 2056 3585 2096 ve-

339 2144 565 2192 testatus
582 2144 685 2191 est.
710 2138 818 2190 Iste
839 2149 969 2206 ergo
992 2136 1081 2204 qui
1106 2135 1402 2189 resurrexit
1427 2149 1455 2188 a
1477 2134 1702 2188 mortuis
1732 2132 1862 2187 dicit
1885 2151 1898 2185 :
2005 2138 2138 2192 ritas
2163 2136 2274 2208 tua)
2302 2136 2579 2192 sanctiﬁca
2602 2136 2721 2193 illos
2738 2136 2841 2190 ﬁde
2866 2145 2919 2189 et
2940 2136 3209 2192 consortio
3232 2135 3363 2189 mei.
3388 2135 3616 2191 Dictus...

344 2242 364 2276 ι
400 2225 509 2294 Ego
538 2225 770 2279 dormivi
800 2233 855 2278 et
884 2238 1129 2279 somnum
1156 2224 1295 2293 cepi,
1333 2232 1388 2279 et
1432 2223 1732 2285 resurrexi.
1776 2221 1900 2291 quia
2004 2236 2171 2284 estet
2203 2229 2326 2282 alibi
2375 2229 2547 2284 bonus
2583 2229 2763 2283 Deus:
2805 2247 2823 2279 ι
2862 2226 3030 2283 Nemo
3067 2228 3262 2292 bonus,
3301 2226 3403 2282 nisi
3438 2242 3606 2283 unus.

335 2304 597 2367 Dominus
622 2311 903 2366 suscitavit
930 2327 1014 2366 me
1042 2313 1107 2367 ¹⁰ο
1148 2332 1167 2364 ι
2007 2320 2148 2376 Deus
2179 2320 2242 2372 ιτ.
2291 2339 2311 2372 δ
2366 2319 2627 2390 Superius
2673 2335 2889 2388 quoque
2939 2320 3276 2375 ostendimus
3319 2318 3574 2388 quoniam

404 2403 493 2459 53.
534 2403 653 2473 Ipse
675 2420 803 2473 ergo
833 2418 1085 2459 sermone
1112 2405 1203 2459 Dei
1233 2404 1344 2476 (24)
1374 2415 1683 2475 assumptus
1712 2407 1764 2461 in
1794 2424 1903 2465 coe-
2003 2410 2174 2466 Filius
2198 2411 2519 2477 sanctiﬁcet,
2543 2410 2706 2465 Paulo
2726 2411 2778 2463 in
2810 2409 3000 2465 eadem
3026 2410 3189 2463 verba
3213 2419 3543 2479 congruente
3556 2424 3597 2464 ε,

334 2494 483 2561 lum,
526 2495 768 2551 elevatus
814 2511 936 2552 esse
975 2496 1042 2550 ab
1080 2512 1166 2561 ea,
1210 2498 1275 2552 de
1309 2512 1415 2566 qua
1446 2512 1609 2567 supra
1644 2499 1900 2567 diximus,
2010 2517 2029 2551 ι
2074 2501 2286 2555 Etenim
2323 2500 2417 2570 qui
2456 2501 2780 2566 sanctilicat,
2820 2509 2875 2556 et
2901 2500 2995 2570 qui
3038 2500 3473 2563 sanctiﬁcantur,
3507 2514 3595 2555 ex-

336 2587 553 2641 dextera
586 2586 677 2641 Dei
702 2588 1044 2656 praedicatur,
1072 2597 1127 2643 et
1147 2589 1423 2658 accepisse
1453 2590 1904 2657 repromissiones
2004 2607 2110 2647 uno
2128 2606 2317 2648 omnes
2345 2593 2408 2646 ⁸³.
2440 2610 2458 2643 ι
2487 2592 2921 2647 Sanctiﬁcantem
2943 2591 3252 2662 signiﬁcans
3279 2590 3602 2655 Christum,,

335 2677 570 2749 Spiritus
600 2680 774 2735 sancti
801 2694 830 2733 a
862 2679 1055 2743 Patre,
1094 2688 1149 2735 et
1179 2678 1441 2736 eﬁ‘udisse
1486 2681 1636 2734 illum
1676 2682 1730 2736 in
1779 2696 1901 2736 cre-
2003 2695 2056 2741 el
2084 2684 2447 2741 sanctiticatos
2473 2700 2589 2750 eos,
2617 2685 2706 2755 qui
2735 2693 2959 2755 possunt
2983 2686 3183 2750 dicere,
3219 2702 3238 2735 ι
3268 2683 3465 2739 Factus
3490 2691 3612 2739 est.

334 2772 541 2837 dentes,
566 2772 635 2825 ila
675 2772 995 2826 utomnium
1026 2772 1221 2841 linguis
1248 2773 1600 2843 loquerentur
1632 2773 1899 2844 magnalia
2006 2774 2160 2830 nobis
2198 2774 2467 2845 sapientia
2512 2789 2579 2828 ex
2632 2775 2741 2830 Deo
2787 2774 3071 2842 Christus,
3127 2784 3183 2830 et
3216 2772 3428 2842 justitia
3456 2815 3472 2838 ,
3523 2784 3581 2828 et

334 2862 452 2920 Dei.
480 2861 613 2916 Nam
643 2871 696 2917 et
742 2862 1054 2918 Dominirus
1088 2862 1261 2919 Homo
1291 2866 1503 2934 accepit
1532 2866 1903 2919 communica-
2006 2865 2470 2921 sanctiﬁcatio".
2518 2885 2536 2917 ι
2589 2865 2903 2935 Appellatur
2951 2866 3213 2935 siquidem
3261 2874 3314 2920 et
3346 2864 3577 2934 Spiritus
3614 2908 3622 2913 .

335 2954 535 3010 tionem
575 2953 810 3023 Spiritus
854 2956 1055 3020 sancti,
1089 2957 1230 3011 sicut
1272 2956 1327 3011 in
1359 2956 1668 3027 Evangeliis
1711 2957 1903 3012 scribi-
2005 2958 2470 3015 sanctiﬁcationis.
2499 2957 2649 3014 Unde
2673 2967 2726 3013 et
2747 2958 2813 3012 ad
2836 2973 2957 3013 eum
2978 2959 3209 3014 dicitur:
3241 2978 3261 3010 ι
3284 2956 3352 3011 Ει
3387 2973 3605 3013 omnes.

337 3055 456 3101 tur:
488 3064 506 3098 ι
535 3044 691 3101 Jesus
718 3060 848 3115 ergo
879 3046 1114 3116 repletus
1142 3047 1350 3117 Spiritu
1381 3057 1593 3115 sancto,
1625 3062 1919 3121 regressus.
2004 3051 2322 3107 sanctiﬁcati
2355 3052 2456 3107 sub
2497 3052 2742 3107 manibus
2782 3052 2909 3115 tuis,
2943 3060 2998 3106 et
3028 3051 3128 3105 sub
3158 3058 3211 3104 te
3241 3056 3387 3104 sunt.
3427 3066 3446 3100 ι
3470 3046 3574 3103 Bo-

335 3145 422 3190 est
449 3150 479 3190 a
512 3133 843 3201 Iordane“;
882 3154 902 3188 ι
928 3137 1065 3191 etin
1096 3136 1201 3191 alio
1242 3137 1399 3192 loco:
1444 3155 1464 3188 ι
1510 3135 1780 3191 Reversus
1821 3147 1904 3192 est
1937 3196 1972 3206 _
2008 3159 2110 3200 nus
2160 3144 2420 3199 Dominus
2468 3154 2652 3199 noster
2686 3141 2841 3199 Jesus
2883 3143 3169 3206 Christus,
3217 3150 3273 3195 et
3321 3155 3387 3194 ex
3429 3141 3611 3195 bono,.

336 3225 493 3283 Jesus
520 3226 572 3282 in
596 3227 796 3283 virtute
818 3226 1054 3296 Spiritus
1075 3227 1127 3282 in
1150 3226 1507 3283 Galiltcam“.
1530 3246 1550 3280 ι
1571 3227 1695 3282 Haec
1721 3236 1898 3281 autem
1930 3196 1973 3255 ο
2006 3234 2166 3291 Patre
2197 3245 2486 3306 generatus
2534 3243 2650 3298 est,
2683 3244 2737 3289 et
2778 3234 2845 3289 de
2873 3249 2940 3289 eo
2968 3233 3197 3303 legimus
3230 3248 3243 3282 :
3282 3248 3302 3283 ι
3338 3230 3576 3285 Conﬁte-

336 3320 541 3388 shsque
582 3319 691 3374 ulla
736 3320 1004 3376 calumnia
1056 3322 1122 3376 de
1170 3321 1448 3376 Dominico
1493 3319 1760 3386 Homine,
1808 3322 1898 3391 qui
2009 3324 2141 3379 mini
2176 3325 2424 3390 Domino,
2455 3325 2712 3393 quoniam
2743 3308 2915 3378 bonus
2944 3323 3013 3376 ὀ.
3052 3341 3070 3374 ι
3104 3319 3587 3377 Conﬁteanturilli.

337 3414 483 3461 totus
504 3405 772 3476 Christus,
797 3426 937 3465 unus
962 3421 1045 3465 est
1069 3409 1231 3466 Jesus
1254 3410 1423 3465 Filius
1452 3410 1543 3465 Dei
1569 3410 1707 3481 (25),
1739 3425 1899 3465 sensu

2009 3427 2189 3472 autem
2217 3417 2306 3486 qui
2334 3416 2403 3471 ab
2429 3432 2493 3471 eo
2517 3426 2610 3470 aut
2632 3416 2844 3471 veniam
2870 3415 3157 3470 obsecrant
3205 3423 3602 3484 peccatorum”

336 3497 597 3556 debemus
632 3501 846 3571 pietatis
883 3504 1127 3572 accipere
1156 3542 1172 3567 ,
1208 3518 1312 3559 non
1347 3503 1488 3572 quod
1515 3503 1649 3557 alter
1682 3512 1735 3557 et
1766 3502 1904 3556 alter
2011 3520 2104 3563 aut
2141 3509 2341 3576 gratias
2375 3507 2614 3563 referunt
2637 3511 2753 3575 ejus
2781 3508 3080 3563 clementiae
3107 3522 3203 3577 pro
3238 3505 3576 3562 indultishe-

336 3591 441 3656 sit,
469 3593 564 3647 sed
590 3594 733 3663 quod
775 3596 841 3650 de
866 3610 976 3650 uno
998 3605 1160 3663 atque
1186 3595 1373 3650 eodem
1395 3636 1410 3661 ,
1438 3595 1593 3665 quasi
1638 3594 1704 3649 de
1727 3594 1898 3649 altero
2005 3598 2232 3655 neﬁeiis.
2276 3596 2509 3665 Spiritus
2542 3612 2757 3667 quoque
2786 3607 3007 3653 sanctus
3037 3612 3133 3652 eos
3160 3611 3299 3667 quos
3322 3596 3578 3667 dignatur
3610 3623 3618 3629 -

337 3685 629 3738 secundum
679 3695 925 3741 naturam
971 3687 1099 3750 Dei,
1133 3696 1185 3741 et
1208 3687 1445 3741 hominis
1492 3687 1818 3755 disputetur,
1851 3696 1906 3741 et
2012 3690 2256 3759 implere,
2287 3688 2612 3752 sanctiﬁcat,
2642 3698 2701 3743 ut
2730 3692 2980 3759 superius
3001 3688 3114 3757 jam
3151 3690 3593 3743 demonstratum,

335 3776 461 3843 quia
512 3776 653 3830 Deus
702 3776 934 3832 Verbum
1000 3777 1306 3846 unigenitus
1357 3776 1524 3831 Filius
1570 3777 1685 3839 Dei,
1729 3790 1902 3845 neque
2011 3792 2130 3846 est,
2173 3781 2387 3850 quando
2420 3780 2756 3836 ostendimus
2800 3796 2924 3835 eum
2978 3780 3405 3850 participabiletn
3455 3788 3514 3832 et
3547 3795 3605 3831 a.

336 3868 767 3925 immutationem
796 3871 1023 3938 recipit,
1055 3885 1158 3924 nec
1199 3881 1547 3941 augmentum
1569 3911 1585 3927 .
1623 3869 1901 3940 Siquidem
2016 3872 2198 3929 multis
2232 3872 2394 3927 simul
2432 3874 2549 3941 capi
2587 3887 2778 3941 posse:
2793 3872 2856 3926 Et
2887 3888 3031 3928 nunc
3064 3873 3119 3927 in
3151 3871 3401 3940 praesenti
3429 3870 3599 3924 Pauli.-

341 3959 457 4028 ipse
491 3971 575 4015 est
601 3962 861 4016 bonorum
887 3962 1127 4016 omnium
1157 3961 1452 4031 plenitudo.
2014 3964 2323 4020 testimonio
2362 3963 2584 4033 largitor
2611 3964 3051 4019 sanctilicationis
3085 3964 3406 4027 ostenditur,
3431 3963 3484 4017 in
3512 3977 3596 4018 eo.

407 4075 429 4106 ’
454 4074 573 4128 Act.
604 4090 665 4138 ll,
696 4075 867 4129 51-34
976 4076 1021 4107 ¹⁰
1050 4073 1190 4129 Psal.
1213 4091 1293 4142 ιιι,
1323 4076 1376 4130 6.
1454 4078 1493 4109 “
1530 4075 1661 4131 an.
1704 4092 1777 4137 tv,
1814 4077 1901 4130 7|.
1980 4077 1995 4107 ¹

1982 4077 2023 4109 ¹²
2052 4076 2182 4131 Luc.
2216 4094 2332 4141 vm,
2360 4078 2451 4134 55.
2530 4078 2574 4110 ¹⁸
2603 4078 2744 4132 Psal.
2770 4094 2933 4142 chlt,
2961 4079 3045 4134 10.
3123 4077 3166 4110 ⁸⁸
3188 4076 3343 4132 Esdr.
3379 4095 3455 4142 lx,
3485 4079 3575 4133 20.

339 4143 424 4199 ¹⁸1
457 4143 648 4199 Thess.
670 4160 722 4211 v,
747 4145 841 4199 25.
916 4145 958 4177 ¹⁶
985 4146 1141 4201 Joan.
1164 4161 1295 4210 xv”,
1321 4148 1406 4201 17.
1485 4148 1525 4178 ³⁷
1553 4146 1682 4202 Luc.
1707 4163 1860 4210 xvm,
1885 4148 1932 4203 ιε

2050 4147 2093 4178 ¹⁸
2130 4147 2292 4203 Hebr.
2322 4164 2382 4213 ιι,
2420 4150 2507 4203 11.
2587 4148 2629 4179 ¹⁹
2652 4146 2672 4200 l
2694 4148 2818 4203 Cor.
2854 4165 2890 4214 ι,
2921 4150 3010 4203 50.
3088 4149 3135 4181 ’⁸
3161 4148 3302 4203 Psal.
3327 4164 3495 4209 cxvu.
3521 4149 3574 4202 1.

342 4285 363 4318 ι
395 4266 537 4340 quod
591 4265 1163 4340 Atltanasii__lihrttm,
1223 4266 1310 4340 ubi
1362 4266 1669 4340 Dominicns
1718 4266 1890 4320 Homo
2002 4286 2022 4319 ι
2070 4266 2583 4340 ῌοιιιοᾨοηιίηἰειιε
2606 4270 2862 4325 nonnulla
2897 4269 3104 4323 ratione
3133 4270 3583 4340 potestdel‘endi,

336 4339 569 4409 srriptns
597 4335 1131 4409 est._Apollinar_ist:e
1184 4339 1249 4409 ad
1299 4336 1578 4409 legendum
1618 4348 1894 4405 acceptum
2002 4338 2128 4409 quia
2190 4338 2417 4409 scilicet
2447 4349 2621 4406 potest
2669 4340 2860 4406 aliquis
2911 4341 3090 4394 dicere
3113 4335 3148 4404 ,⁷
3185 4339 3327 4409 quod
3375 4339 3585 4392 dicitur.

338 4407 410 4461 ita
435 4406 809 4478 rorruperinl,
838 4415 894 4478 ut
920 4406 972 4459 in
997 4406 1155 4459 litura
1190 4407 1240 4478 id
1272 4406 1410 4478 quod
1437 4416 1897 4478 raseruntrursus
2003 4407 2175 4478 Homo
2216 4408 2523 4462 Dominicns
2570 4410 2773 4463 ratione
2807 4411 3051 4462 humanm
3111 4406 3317 4461 natura:
3340 4448 3355 4469 ,
3407 4424 3594 4478 quam,

337 4477 660 4532 scriberent.
702 4486 760 4529 ut
793 4476 1000 4531 scilicet
1030 4491 1133 4530 non
1166 4476 1233 4529 ab
1279 4476 1383 4529 illis
1430 4475 1700 4540 falsatum,
1735 4479 1826 4529 sed
1872 4495 1891 4528 ι
2004 4477 2271 4546 signiﬁcat
2298 4480 2398 4532 hoc
2425 4493 2618 4532 nomen
2647 4481 2831 4542 homo,
2866 4493 2969 4533 non
2998 4487 3178 4533 autem
3206 4475 3575 4546 ratione‘sup-
3604 4523 3611 4525 .

339 4563 368 4601 a
417 4546 742 4619 Hieronymo
789 4564 809 4597 ι
846 4546 1081 4619 additum
1113 4556 1413 4615 putaretur.
1450 4564 1468 4597 ι
1511 4546 1751 4619 Denique
1784 4547 1897 4598 Au-
1932 4561 1979 4619 ι)
2005 4547 2186 4619 positi.
2233 4566 2252 4619 ε

336 4616 586 4688 gustinus
607 4615 735 4688 cum
765 4632 828 4669 ea
861 4615 1133 4688 locutione
1174 4631 1303 4669 usus
1329 4625 1474 4688 esset
1511 4615 1623 4688 lib._
1655 4630 1859 4688 Lxxrm
1882 4656 1900 4681 ,
1934 4615 1960 4619 ί
2005 4615 2019 4617 ’
2081 4615 2190 4688 (:22)
2232 4615 2432 4682 Vatic.,
2459 4635 2478 4669 ι
2511 4617 2602 4671 Dei
2627 4618 2680 4672 in
2705 4616 2980 4673 dexteram
3006 4617 3346 4674 sublevatus:
3381 4637 3400 4669 ι
3433 4618 3601 4673 [lauda

336 4685 530 4747 aliaest.
562 4685 664 4749 36,
692 4701 808 4740 eam
845 4686 1182 4754 postmodum
1231 4687 1502 4739 emendari
1544 4686 1709 4739 voluit
1762 4687 1852 4739 lib.
1889 4702 1904 4740 ι
2005 4685 2170 4741 recte.

344 4754 665 4820 Retraclat.,
703 4772 753 4810 c.
790 4755 895 4820 19,
928 4756 1051 4823 quia
1084 4770 1204 4809 cum
1240 4754 1486 4809 Christus
1511 4756 1581 4809 sit
1624 4756 1902 4818 Dominus,
2076 4755 2188 4825 (25)
2230 4757 2392 4811 Vetus
2435 4758 2589 4822 edit.,
2651 4775 2670 4808 ι
2728 4755 2983 4811 derelicta
3025 4759 3078 4811 in
3132 4756 3346 4811 inferno
3396 4756 3575 4811 anima

340 4827 631 4894 improprie
663 4826 970 4895 Dominicus
995 4826 1287 4895 diceretur,
1320 4826 1474 4894 quasi
1505 4827 1902 4892 signiﬁcaretur
2004 4826 2122 4893 ejus
2153 4844 2166 4877 :
2201 4846 2221 4880 ι
2265 4827 2422 4895 paulo
2450 4828 2587 4881 inl'ra
2618 4840 2799 4893 voces,
2841 4844 2860 4878 ι
2892 4826 3087 4883 donum
3130 4829 3181 4882 in
3209 4830 3382 4892 nobis,
3422 4846 3442 4879 ι
3481 4828 3588 4882 (18·-

340 4897 490 4950 illum
524 4910 625 4949 non
649 4910 766 4950 esse
790 4894 976 4959 Deum,
1007 4906 1061 4948 et
1088 4894 1391 4960 Dominum,
1421 4899 1514 4948 sed
1544 4896 1899 4957 Duntinicum,
2009 4894 2406 4950 desiderantur.

342 4967 446 5019 hoc
477 4975 558 5038 est
584 4965 915 5038 Supposittnn
967 4966 1257 5038 humanum
1286 4965 1497 5038 unitum
1533 4965 1781 5038 Domino,
1805 4980 1901 5038 seu
2077 4964 2191 5037 (24)
2226 4966 2446 5038 Eadem,
2487 4983 2507 5017 ι
2540 4966 2645 5020 Iste
2686 4982 2816 5038 ergo
2844 4968 2936 5038 qui
2984 4981 3209 5038 surgens
3250 4983 3280 5022 a
3325 4971 3573 5038 mortuis,

342 5034 620 5103 supposito
666 5035 910 5103 Domini,
946 5049 1113 5101 quare
1150 5035 1255 5087 duo
1283 5036 1558 5102 supposita
1592 5034 1645 5086 iu
1688 5035 1906 5089 Christo
2004 5034 2256 5090 sermone
2286 5035 2403 5098 Dei,
2438 5054 2457 5086 ι
2496 5047 2605 5090 etc.

345 5102 705 5176 ﬁngerentur,
740 5115 797 5157 ιιι
824 5102 1107 5176 Nestorius
1141 5103 1555 5176 blasphemavit.
1590 5103 1772 5176 Nihilo
1812 5120 1904 5176 se.
2017 5174 2041 5176 _
2075 5104 2189 5175 (25)
2235 5106 2447 5158 Ahsunt
2477 5121 2506 5159 a
2535 5106 2700 5176 veteri
2735 5106 2972 5176 editione
3005 5107 3211 5171 istlnec,
3249 5126 3268 5158 ι
3304 5107 3394 5176 ιιιιί
3433 5117 3578 5163 totus

344 5174 463 5243 cius
484 5187 600 5230 eam
639 5188 820 5228 vocem
852 5174 942 5227 alii
975 5175 1308 5243 potissimum
1340 5173 1508 5243 (ἶνεςί
1552 5175 1757 5243 absque
1799 5174 1903 5227 ulla
2004 5173 2250 5229 Christus
2277 5190 2414 5228 unus
2437 5188 2517 5229 est
2540 5173 2695 5230 Jesus
2719 5175 2888 5231 Filius
2922 5179 3034 5232 Dei.
3073 5195 3092 5228 ι
3124 5177 3287 5232 Certe
3317 5173 3384 5231 ne
3418 5196 3437 5228 ι
3476 5177 3582 5233 Do-

342 5242 680 5316 dnbitatione
714 5242 998 5316 tlsurpant.
1032 5244 1091 5298 S.
1122 5243 1416 5316 Gregorius
1458 5242 1902 5316 NyssennsOrat.
2007 5245 2235 5316 milliens
2279 5245 2439 5297 homo
2491 5244 3009 5316 D_Ap0mnal‘i0l‘lllll
3052 5260 3214 5301 sensu
3261 5247 3578 5316 accipiatur,

342 5314 580 5387 secunda
630 5313 699 5387 de
823 5311 1185 5387 Stephano,_6
1228 5312 1327 5387 μὲν
1357 5313 1478 5387 γὰρ-
1501 5311 1780 5387 Romanis;
1812 5312 1906 5367 ἄν·

2006 5314 2182 5387 adtlita
2214 5324 2359 5387 sunt,
2384 5332 2414 5387 :_t
2447 5311 2759 5387 Didymone,
2788 5328 2881 5369 aut
2907 5316 3252 5387 Hieronymo,
3280 5331 3347 5370 an
3372 5311 3439 5371 ab
3459 5317 3580 5372 aliis

343 5381 590 5455 Opwmg_
606 5380 701 5434 τοῦ
736 5381 989 5455 ῂηῆρες
1010 5424 1026 5455 ,
1064 5401 1083 5455 ι
1123 5380 1444 5455 Dominicus
1468 5380 1630 5437 homo
1661 5383 1905 5455 Salvato-

1676 5383 1905 5455 Salvalo-
2005 5398 2123 5455 non;
2146 5384 2350 5455 judico.
2384 5380 2581 5440 Recole
2611 5396 2791 5439 notant
2817 5380 3152 5455 superiorem
3180 5387 3269 5440 2|.

343 5450 442 5526 ris.
478 5470 498 5502 ι
557 5450 654 5526 S._
675 5450 907 5526 (tuoque
929 5452 1258 5526 Epiphanius
1297 5454 1348 5526 in
1382 5453 1664 5526 _Ancorato
1710 5468 1764 5505 ιι.
1813 5453 1901 5526 ῼξ,
2078 5450 2190 5521 (26)
2211 5452 2446 5526 Voculae
2474 5472 2494 5506 ι
2528 5456 2731 5511 scimus
2764 5450 2912 5526 quod
2954 5475 2975 5509 ι
3008 5458 3063 5511 in
3104 5454 3368 5509 Vaticano
3395 5463 3451 5526 et
3479 5470 3575 5507 ve-

342 5522 563 5599 ali_i_que.
616 5520 657 5575 E
715 5520 919 5599 Latinis
962 5520 1251 5599 Cassianum
1298 5523 1494 5599 Collat.
1543 5538 1768 5599 Ir,_eap.
1814 5524 1903 5599 l5.
2007 5520 2267 5599 tericdit.
2321 5525 2714 5580 desiderantur.
2767 5520 2889 5583 Slus
2925 5527 3143 5599 Reginae
3170 5529 3291 5581 cod.
3348 5542 3366 5576 ι
3400 5524 3581 5579 bonus

351 5609 372 5642 ι
408 5590 617 5655 Homo,
669 5608 689 5642 ι
728 5591 996 5661 inqttit,_t
1033 5592 1120 5646 ille
1163 5592 1470 5647 Dominicns
1494 5633 1508 5653 ,
1538 5594 1630 5661 qui
1676 5594 1907 5647 redemit
2004 5592 2165 5649 eﬂicit
2197 5609 2324 5649 suos
2359 5599 2659 5650 credentes.
2700 5614 2721 5647 ι

343 5661 636 5737 humanum
670 5674 857 5737 genus.
890 5679 910 5712 ι
941 5658 1245 5737 Est_at_ttem
1298 5662 1437 5737 illis,
1472 5672 1535 5737 ut
1558 5658 1614 5718 et
1652 5663 1903 5737 przesenli
2018 5735 2027 5737 Α
2076 5663 2419 5737 (εἴλνειῑῇρη
2453 5680 2474 5715 ι
2507 5680 2601 5722 vos
2620 5681 2718 5737 per
2744 5666 2946 5733 omnia,
2971 5681 3129 5723 tcum
3143 5660 3591 5736 Vulgataﬁracc

345 5729 717 5807 Didymiloqo,
745 5732 899 5807 ratius
922 5731 1088 5799 gratia
1116 5730 1230 5785 hare
1253 5732 1451 5794 scribo,
1485 5732 1571 5807 illa
1590 5729 1903 5807 _adhihen_da
2005 5729 2464 5807 ὑμᾶςίὸλοτελεῖς.

343 5798 608 5865 θιιιὺέίιίο
641 5799 698 5856 S.
753 5798 972 5855 Thomie
1002 5815 1060 5856 ιιι
1109 5808 1271 5870 part.,
1317 5812 1517 5871 quaest-
1549 5803 1635 5870 16,
1667 5813 1771 5858 art.
1821 5804 1855 5857 5
1885 5821 1900 5857 :
