  <div class='ocr_page' id='page_1' title='image "/cluster/home/n/w/nwhite01/storage/ocr_20150623/39/coo.31924054869361/547.png"; bbox 0 0 4034 6402; ppageno 0'>
   <div class='ocr_carea' id='block_1_1' title="bbox 459 385 593 441">
    <p class='ocr_par' dir='ltr' id='par_1_1' title="bbox 459 385 593 441">
     <span class='ocr_line' id='line_1_1' title="bbox 459 385 593 441; baseline 0.037 -5"><span class='ocrx_word' id='word_1_1' title='bbox 459 385 593 441; x_wconf 68' lang='lat'><strong>1979</strong></span> 
     </span>
    </p>
   </div>
   <div class='ocr_carea' id='block_1_2' title="bbox 1691 392 2436 450">
    <p class='ocr_par' dir='ltr' id='par_1_2' title="bbox 1691 392 2436 450">
     <span class='ocr_line' id='line_1_2' title="bbox 1691 392 2436 450; baseline 0.003 -4"><span class='ocrx_word' id='word_1_2' title='bbox 1691 392 1926 448; x_wconf 78' lang='lat' dir='ltr'><strong>DIDYMI</strong></span> <span class='ocrx_word' id='word_1_3' title='bbox 1963 393 2436 450; x_wconf 78' lang='lat' dir='ltr'><strong>ALEXANDRINI</strong></span> 
     </span>
    </p>
   </div>
   <div class='ocr_carea' id='block_1_3' title="bbox 3555 387 3694 443">
    <p class='ocr_par' dir='ltr' id='par_1_3' title="bbox 3555 387 3694 443">
     <span class='ocr_line' id='line_1_3' title="bbox 3555 387 3694 443; baseline 0.007 -1"><span class='ocrx_word' id='word_1_4' title='bbox 3555 387 3694 443; x_wconf 74' lang='grc'><strong>1080</strong></span> 
     </span>
    </p>
   </div>
   <div class='ocr_carea' id='block_1_4' title="bbox 453 501 3695 584">
    <p class='ocr_par' dir='ltr' id='par_1_4' title="bbox 453 501 3695 584">
     <span class='ocr_line' id='line_1_4' title="bbox 453 501 3695 584; baseline 0.002 -30"><span class='ocrx_word' id='word_1_5' title='bbox 453 501 596 570; x_wconf 83' lang='lat' dir='ltr'><strong>quod</strong></span> <span class='ocrx_word' id='word_1_6' title='bbox 630 503 702 556; x_wconf 89' lang='lat' dir='ltr'><strong>ait</strong></span> <span class='ocrx_word' id='word_1_7' title='bbox 737 521 750 556; x_wconf 90' lang='lat'><strong>:</strong></span> <span class='ocrx_word' id='word_1_8' title='bbox 793 520 812 554; x_wconf 80' lang='grc' dir='ltr'><strong>ι</strong></span> <span class='ocrx_word' id='word_1_9' title='bbox 862 503 1128 560; x_wconf 87' lang='lat' dir='ltr'><strong>Debemus</strong></span> <span class='ocrx_word' id='word_1_10' title='bbox 1161 519 1338 562; x_wconf 88' lang='lat' dir='ltr'><strong>autem</strong></span> <span class='ocrx_word' id='word_1_11' title='bbox 1377 518 1441 564; x_wconf 86' lang='lat' dir='ltr'><strong>et-</strong></span> <span class='ocrx_word' id='word_1_12' title='bbox 1480 526 1578 564; x_wconf 89' lang='lat' dir='ltr'><strong>nos</strong></span> <span class='ocrx_word' id='word_1_13' title='bbox 1611 514 1817 581; x_wconf 98' lang='lat' dir='ltr'><strong>gratias</strong></span> <span class='ocrx_word' id='word_1_14' title='bbox 1857 529 2018 581; x_wconf 85' lang='lat' dir='ltr'><strong>agere</strong></span> <span class='ocrx_word' id='word_1_15' title='bbox 2048 519 2092 574; x_wconf 81' lang='grc' dir='ltr'>Α</span> <span class='ocrx_word' id='word_1_16' title='bbox 2123 515 2224 568; x_wconf 86' lang='lat' dir='ltr'><strong>nisi</strong></span> <span class='ocrx_word' id='word_1_17' title='bbox 2276 514 2501 584; x_wconf 90' lang='lat' dir='ltr'><strong>spiritus</strong></span> <span class='ocrx_word' id='word_1_18' title='bbox 2551 513 2704 582; x_wconf 80' lang='lat' dir='ltr'><strong>ejus,</strong></span> <span class='ocrx_word' id='word_1_19' title='bbox 2753 511 2876 580; x_wconf 86' lang='lat' dir='ltr'><strong>quia</strong></span> <span class='ocrx_word' id='word_1_20' title='bbox 2920 511 2985 565; x_wconf 90' lang='lat' dir='ltr'><strong>de</strong></span> <span class='ocrx_word' id='word_1_21' title='bbox 3029 522 3256 580; x_wconf 88' lang='lat' dir='ltr'><strong>corpore</strong></span> <span class='ocrx_word' id='word_1_22' title='bbox 3297 506 3545 563; x_wconf 86' lang='lat' dir='ltr'><strong>solitario</strong></span> <span class='ocrx_word' id='word_1_23' title='bbox 3591 508 3695 562; x_wconf 84' lang='lat' dir='ltr'><strong>hoc</strong></span> 
     </span>
    </p>
   </div>
   <div class='ocr_carea' id='block_1_5' title="bbox 453 591 2014 671">
    <p class='ocr_par' dir='ltr' id='par_1_5' title="bbox 453 591 2014 671">
     <span class='ocr_line' id='line_1_5' title="bbox 453 591 2014 671; baseline 0.009 -26"><span class='ocrx_word' id='word_1_24' title='bbox 453 591 563 646; x_wconf 91' lang='lat' dir='ltr'><strong>Deo</strong></span> <span class='ocrx_word' id='word_1_25' title='bbox 605 608 820 660; x_wconf 86' lang='lat' dir='ltr'><strong>semper</strong></span> <span class='ocrx_word' id='word_1_26' title='bbox 869 607 966 662; x_wconf 89' lang='lat' dir='ltr'><strong>pro</strong></span> <span class='ocrx_word' id='word_1_27' title='bbox 1004 597 1154 652; x_wconf 82' lang='lat' dir='ltr'><strong>vobis</strong></span> <span class='ocrx_word' id='word_1_28' title='bbox 1180 639 1194 663; x_wconf 96' lang='lat'><strong>,</strong></span> <span class='ocrx_word' id='word_1_29' title='bbox 1237 598 1429 656; x_wconf 79' lang='lat' dir='ltr'><strong>fratres</strong></span> <span class='ocrx_word' id='word_1_30' title='bbox 1469 601 1649 656; x_wconf 88' lang='lat' dir='ltr'><strong>dilecti</strong></span> <span class='ocrx_word' id='word_1_31' title='bbox 1685 618 1716 657; x_wconf 91' lang='lat' dir='ltr'><strong>a</strong></span> <span class='ocrx_word' id='word_1_32' title='bbox 1757 602 2014 671; x_wconf 91' lang='lat' dir='ltr'><strong>Domino,</strong></span> 
     </span>
    </p>
   </div>
   <div class='ocr_carea' id='block_1_6' title="bbox 452 683 2020 760">
    <p class='ocr_par' dir='ltr' id='par_1_6' title="bbox 452 683 2020 760">
     <span class='ocr_line' id='line_1_6' title="bbox 452 683 2020 760; baseline 0.011 -28"><span class='ocrx_word' id='word_1_33' title='bbox 452 683 577 748; x_wconf 84' lang='lat' dir='ltr'><strong>quia</strong></span> <span class='ocrx_word' id='word_1_34' title='bbox 605 683 766 751; x_wconf 87' lang='lat' dir='ltr'><strong>elegit</strong></span> <span class='ocrx_word' id='word_1_35' title='bbox 804 686 942 740; x_wconf 89' lang='lat' dir='ltr'><strong>Deus</strong></span> <span class='ocrx_word' id='word_1_36' title='bbox 977 703 1074 742; x_wconf 93' lang='lat' dir='ltr'><strong>nos</strong></span> <span class='ocrx_word' id='word_1_37' title='bbox 1118 689 1384 755; x_wconf 88' lang='lat' dir='ltr'><strong>primitias</strong></span> <span class='ocrx_word' id='word_1_38' title='bbox 1428 692 1481 745; x_wconf 92' lang='lat' dir='ltr'><strong>in</strong></span> <span class='ocrx_word' id='word_1_39' title='bbox 1516 693 1765 760; x_wconf 83' lang='lat' dir='ltr'><strong>Salutem,</strong></span> <span class='ocrx_word' id='word_1_40' title='bbox 1810 696 1861 749; x_wconf 92' lang='lat' dir='ltr'><strong>in</strong></span> <span class='ocrx_word' id='word_1_41' title='bbox 1895 711 2020 748; x_wconf 85' lang='lat' dir='ltr'><strong>san-</strong></span> 
     </span>
    </p>
   </div>
   <div class='ocr_carea' id='block_1_7' title="bbox 451 769 2014 842">
    <p class='ocr_par' dir='ltr' id='par_1_7' title="bbox 451 769 2014 842">
     <span class='ocr_line' id='line_1_7' title="bbox 451 769 2014 842; baseline 0.011 -21"><span class='ocrx_word' id='word_1_42' title='bbox 451 769 778 826; x_wconf 78' lang='lat' dir='ltr'><strong>ctiﬁcatione</strong></span> <span class='ocrx_word' id='word_1_43' title='bbox 798 771 1028 842; x_wconf 84' lang='lat' dir='ltr'><strong>Spiritus</strong></span> <span class='ocrx_word' id='word_1_44' title='bbox 1055 781 1248 842; x_wconf 85' lang='lat' dir='ltr'><strong>sancti,</strong></span> <span class='ocrx_word' id='word_1_45' title='bbox 1279 791 1333 834; x_wconf 92' lang='lat' dir='ltr'><strong>et</strong></span> <span class='ocrx_word' id='word_1_46' title='bbox 1365 780 1466 834; x_wconf 83' lang='lat' dir='ltr'><strong>[Ide</strong></span> <span class='ocrx_word' id='word_1_47' title='bbox 1493 784 1740 836; x_wconf 84' lang='lat' dir='ltr'><strong>veritatis</strong></span> <span class='ocrx_word' id='word_1_48' title='bbox 1770 783 2014 838; x_wconf 66' lang='lat' dir='ltr'><strong>&quot;.iNam</strong></span> 
     </span>
    </p>
   </div>
   <div class='ocr_carea' id='block_1_8' title="bbox 449 861 2015 944">
    <p class='ocr_par' dir='ltr' id='par_1_8' title="bbox 449 861 2015 944">
     <span class='ocr_line' id='line_1_8' title="bbox 449 861 2015 944; baseline 0.01 -30"><span class='ocrx_word' id='word_1_49' title='bbox 449 871 505 914; x_wconf 88' lang='lat' dir='ltr'><strong>et</strong></span> <span class='ocrx_word' id='word_1_50' title='bbox 536 861 588 914; x_wconf 95' lang='lat' dir='ltr'><strong>in</strong></span> <span class='ocrx_word' id='word_1_51' title='bbox 636 862 737 918; x_wconf 88' lang='lat' dir='ltr'><strong>hoc</strong></span> <span class='ocrx_word' id='word_1_52' title='bbox 785 863 904 920; x_wconf 93' lang='lat' dir='ltr'><strong>loco</strong></span> <span class='ocrx_word' id='word_1_53' title='bbox 933 867 1262 922; x_wconf 76' lang='lat' dir='ltr'><strong>charismata</strong></span> <span class='ocrx_word' id='word_1_54' title='bbox 1313 869 1404 925; x_wconf 90' lang='lat' dir='ltr'><strong>Dei</strong></span> <span class='ocrx_word' id='word_1_55' title='bbox 1439 872 1913 944; x_wconf 86' lang='lat' dir='ltr'><strong>subintelliguntur</strong></span> <span class='ocrx_word' id='word_1_56' title='bbox 1962 877 2015 930; x_wconf 93' lang='lat' dir='ltr'><strong>in</strong></span> 
     </span>
    </p>
   </div>
   <div class='ocr_carea' id='block_1_9' title="bbox 451 952 2014 1039">
    <p class='ocr_par' dir='ltr' id='par_1_9' title="bbox 451 952 2014 1039">
     <span class='ocr_line' id='line_1_9' title="bbox 451 952 2014 1039; baseline 0.01 -33"><span class='ocrx_word' id='word_1_57' title='bbox 451 952 677 1022; x_wconf 88' lang='lat' dir='ltr'><strong>Spiritu,</strong></span> <span class='ocrx_word' id='word_1_58' title='bbox 710 971 832 1010; x_wconf 92' lang='lat' dir='ltr'><strong>cum</strong></span> <span class='ocrx_word' id='word_1_59' title='bbox 875 959 926 1012; x_wconf 91' lang='lat' dir='ltr'><strong>in</strong></span> <span class='ocrx_word' id='word_1_60' title='bbox 956 963 1381 1017; x_wconf 84' lang='lat' dir='ltr'><strong>sanctificatione</strong></span> <span class='ocrx_word' id='word_1_61' title='bbox 1413 965 1666 1034; x_wconf 90' lang='lat' dir='ltr'><strong>Spiritus,</strong></span> <span class='ocrx_word' id='word_1_62' title='bbox 1705 966 1838 1022; x_wconf 83' lang='lat' dir='ltr'><strong>fides</strong></span> <span class='ocrx_word' id='word_1_63' title='bbox 1869 969 2014 1039; x_wconf 87' lang='lat' dir='ltr'><strong>pari-</strong></span> 
     </span>
    </p>
   </div>
   <div class='ocr_carea' id='block_1_10' title="bbox 453 1051 1388 1124">
    <p class='ocr_par' dir='ltr' id='par_1_10' title="bbox 453 1051 1388 1124">
     <span class='ocr_line' id='line_1_10' title="bbox 453 1051 1388 1124; baseline 0.01 -25"><span class='ocrx_word' id='word_1_64' title='bbox 453 1055 552 1109; x_wconf 89' lang='lat' dir='ltr'><strong>ter,</strong></span> <span class='ocrx_word' id='word_1_65' title='bbox 579 1057 633 1102; x_wconf 91' lang='lat' dir='ltr'><strong>et</strong></span> <span class='ocrx_word' id='word_1_66' title='bbox 662 1051 860 1105; x_wconf 90' lang='lat' dir='ltr'><strong>veritas</strong></span> <span class='ocrx_word' id='word_1_67' title='bbox 890 1054 1226 1120; x_wconf 84' lang='lat' dir='ltr'><strong>possidentur</strong></span> <span class='ocrx_word' id='word_1_68' title='bbox 1254 1056 1388 1124; x_wconf 78' lang='grc'>(28).</span> 
     </span>
    </p>
   </div>
   <div class='ocr_carea' id='block_1_11' title="bbox 521 1137 2014 1214">
    <p class='ocr_par' dir='ltr' id='par_1_11' title="bbox 521 1137 2014 1214">
     <span class='ocr_line' id='line_1_11' title="bbox 521 1137 2014 1214; baseline 0.011 -25"><span class='ocrx_word' id='word_1_69' title='bbox 521 1137 611 1191; x_wconf 72' lang='grc'><strong>54.</strong></span> <span class='ocrx_word' id='word_1_70' title='bbox 653 1137 790 1204; x_wconf 84' lang='lat' dir='ltr'><strong>Quia</strong></span> <span class='ocrx_word' id='word_1_71' title='bbox 831 1156 958 1210; x_wconf 89' lang='lat' dir='ltr'><strong>ergo</strong></span> <span class='ocrx_word' id='word_1_72' title='bbox 994 1154 1160 1208; x_wconf 87' lang='lat' dir='ltr'><strong>recte,</strong></span> <span class='ocrx_word' id='word_1_73' title='bbox 1208 1155 1262 1199; x_wconf 91' lang='lat' dir='ltr'><strong>et</strong></span> <span class='ocrx_word' id='word_1_74' title='bbox 1295 1145 1403 1214; x_wconf 88' lang='lat' dir='ltr'><strong>pie,</strong></span> <span class='ocrx_word' id='word_1_75' title='bbox 1439 1156 1491 1201; x_wconf 91' lang='lat' dir='ltr'><strong>et</strong></span> <span class='ocrx_word' id='word_1_76' title='bbox 1519 1157 1574 1201; x_wconf 91' lang='lat' dir='ltr'><strong>ut</strong></span> <span class='ocrx_word' id='word_1_77' title='bbox 1604 1163 1662 1203; x_wconf 89' lang='lat' dir='ltr'><strong>se</strong></span> <span class='ocrx_word' id='word_1_78' title='bbox 1691 1151 1891 1204; x_wconf 91' lang='lat' dir='ltr'><strong>veritas</strong></span> <span class='ocrx_word' id='word_1_79' title='bbox 1921 1151 2014 1205; x_wconf 80' lang='lat' dir='ltr'><strong>ha-</strong></span> 
     </span>
    </p>
   </div>
   <div class='ocr_carea' id='block_1_12' title="bbox 449 1228 2018 1310">
    <p class='ocr_par' dir='ltr' id='par_1_12' title="bbox 449 1228 2018 1310">
     <span class='ocr_line' id='line_1_12' title="bbox 449 1228 2018 1310; baseline 0.01 -29"><span class='ocrx_word' id='word_1_80' title='bbox 449 1228 562 1294; x_wconf 89' lang='lat' dir='ltr'><strong>bet,</strong></span> <span class='ocrx_word' id='word_1_81' title='bbox 595 1229 706 1284; x_wconf 56' lang='lat' dir='ltr'><strong>hac</strong></span> <span class='ocrx_word' id='word_1_82' title='bbox 740 1231 992 1299; x_wconf 80' lang='lat' dir='ltr'><strong>diximus,</strong></span> <span class='ocrx_word' id='word_1_83' title='bbox 1029 1236 1894 1310; x_wconf 77' lang='lat' dir='ltr'><strong>sanctificationis,_bonitatisque</strong></span> <span class='ocrx_word' id='word_1_84' title='bbox 1929 1257 2018 1296; x_wconf 88' lang='lat' dir='ltr'><strong>vo-</strong></span> 
     </span>
    </p>
   </div>
   <div class='ocr_carea' id='block_1_13' title="bbox 450 1322 2016 1404">
    <p class='ocr_par' dir='ltr' id='par_1_13' title="bbox 450 1322 2016 1404">
     <span class='ocr_line' id='line_1_13' title="bbox 450 1322 2016 1404; baseline 0.008 -29"><span class='ocrx_word' id='word_1_85' title='bbox 450 1322 723 1388; x_wconf 88' lang='lat' dir='ltr'><strong>cabulum,</strong></span> <span class='ocrx_word' id='word_1_86' title='bbox 750 1335 803 1378; x_wconf 91' lang='lat' dir='ltr'><strong>et</strong></span> <span class='ocrx_word' id='word_1_87' title='bbox 837 1325 902 1379; x_wconf 91' lang='lat' dir='ltr'><strong>ad</strong></span> <span class='ocrx_word' id='word_1_88' title='bbox 939 1326 1173 1391; x_wconf 86' lang='lat' dir='ltr'><strong>Patrem,</strong></span> <span class='ocrx_word' id='word_1_89' title='bbox 1208 1340 1260 1383; x_wconf 91' lang='lat' dir='ltr'><strong>et</strong></span> <span class='ocrx_word' id='word_1_90' title='bbox 1290 1331 1354 1382; x_wconf 92' lang='lat' dir='ltr'><strong>ad</strong></span> <span class='ocrx_word' id='word_1_91' title='bbox 1407 1330 1625 1396; x_wconf 88' lang='lat' dir='ltr'><strong>Filium,</strong></span> <span class='ocrx_word' id='word_1_92' title='bbox 1671 1343 1727 1387; x_wconf 93' lang='lat' dir='ltr'><strong>et</strong></span> <span class='ocrx_word' id='word_1_93' title='bbox 1751 1333 1816 1388; x_wconf 89' lang='lat' dir='ltr'><strong>ad</strong></span> <span class='ocrx_word' id='word_1_94' title='bbox 1845 1334 2016 1404; x_wconf 91' lang='lat' dir='ltr'><strong>Spiri-</strong></span> 
     </span>
    </p>
   </div>
   <div class='ocr_carea' id='block_1_14' title="bbox 454 1422 2015 1496">
    <p class='ocr_par' dir='ltr' id='par_1_14' title="bbox 454 1422 2015 1496">
     <span class='ocr_line' id='line_1_14' title="bbox 454 1422 2015 1496; baseline 0.008 -31"><span class='ocrx_word' id='word_1_95' title='bbox 454 1422 561 1466; x_wconf 90' lang='lat' dir='ltr'><strong>tum</strong></span> <span class='ocrx_word' id='word_1_96' title='bbox 601 1427 844 1471; x_wconf 90' lang='lat' dir='ltr'><strong>sanctum</strong></span> <span class='ocrx_word' id='word_1_97' title='bbox 881 1435 1033 1487; x_wconf 67' lang='lat' dir='ltr'><strong>{eque</strong></span> <span class='ocrx_word' id='word_1_98' title='bbox 1068 1422 1317 1486; x_wconf 78' lang='lat' dir='ltr'><strong>refertur,</strong></span> <span class='ocrx_word' id='word_1_99' title='bbox 1359 1424 1497 1478; x_wconf 90' lang='lat' dir='ltr'><strong>sicut</strong></span> <span class='ocrx_word' id='word_1_100' title='bbox 1532 1425 1647 1493; x_wconf 88' lang='lat' dir='ltr'><strong>ipsa</strong></span> <span class='ocrx_word' id='word_1_101' title='bbox 1679 1441 1893 1495; x_wconf 86' lang='lat' dir='ltr'><strong>quoque</strong></span> <span class='ocrx_word' id='word_1_102' title='bbox 1921 1443 2015 1496; x_wconf 89' lang='lat' dir='ltr'><strong>ap-</strong></span> 
     </span>
    </p>
   </div>
   <div class='ocr_carea' id='block_1_15' title="bbox 449 1503 2017 1584">
    <p class='ocr_par' dir='ltr' id='par_1_15' title="bbox 449 1503 2017 1584">
     <span class='ocr_line' id='line_1_15' title="bbox 449 1503 2017 1584; baseline 0.01 -29"><span class='ocrx_word' id='word_1_103' title='bbox 449 1503 668 1571; x_wconf 87' lang='lat' dir='ltr'><strong>pellatio</strong></span> <span class='ocrx_word' id='word_1_104' title='bbox 702 1506 958 1575; x_wconf 86' lang='lat' dir='ltr'><strong>Spiritus.</strong></span> <span class='ocrx_word' id='word_1_105' title='bbox 995 1509 1128 1564; x_wconf 86' lang='lat' dir='ltr'><strong>Nam</strong></span> <span class='ocrx_word' id='word_1_106' title='bbox 1161 1521 1213 1564; x_wconf 92' lang='lat' dir='ltr'><strong>et</strong></span> <span class='ocrx_word' id='word_1_107' title='bbox 1244 1511 1403 1568; x_wconf 86' lang='lat' dir='ltr'><strong>Pater</strong></span> <span class='ocrx_word' id='word_1_108' title='bbox 1446 1513 1678 1584; x_wconf 89' lang='lat' dir='ltr'><strong>Spiritus</strong></span> <span class='ocrx_word' id='word_1_109' title='bbox 1708 1516 1924 1581; x_wconf 90' lang='lat' dir='ltr'><strong>dicitur,</strong></span> <span class='ocrx_word' id='word_1_110' title='bbox 1959 1527 2017 1572; x_wconf 92' lang='lat' dir='ltr'><strong>ut</strong></span> 
     </span>
    </p>
   </div>
   <div class='ocr_carea' id='block_1_16' title="bbox 449 1595 2011 1676">
    <p class='ocr_par' dir='ltr' id='par_1_16' title="bbox 449 1595 2011 1676">
     <span class='ocr_line' id='line_1_16' title="bbox 449 1595 2011 1676; baseline 0.01 -28"><span class='ocrx_word' id='word_1_111' title='bbox 449 1595 558 1649; x_wconf 87' lang='lat' dir='ltr'><strong>ibi:</strong></span> <span class='ocrx_word' id='word_1_112' title='bbox 590 1615 608 1647; x_wconf 80' lang='grc' dir='ltr'><strong>ι</strong></span> <span class='ocrx_word' id='word_1_113' title='bbox 640 1597 874 1666; x_wconf 81' lang='lat' dir='ltr'><strong>Spiritus</strong></span> <span class='ocrx_word' id='word_1_114' title='bbox 899 1609 982 1653; x_wconf 89' lang='lat' dir='ltr'><strong>est</strong></span> <span class='ocrx_word' id='word_1_115' title='bbox 1005 1601 1145 1657; x_wconf 88' lang='lat' dir='ltr'><strong>Deus</strong></span> <span class='ocrx_word' id='word_1_116' title='bbox 1166 1603 1245 1657; x_wconf 79' lang='lat' dir='ltr'><strong>&quot;z</strong></span> <span class='ocrx_word' id='word_1_117' title='bbox 1276 1623 1294 1656; x_wconf 82' lang='grc'>›</span> <span class='ocrx_word' id='word_1_118' title='bbox 1323 1615 1375 1658; x_wconf 91' lang='lat' dir='ltr'><strong>et</strong></span> <span class='ocrx_word' id='word_1_119' title='bbox 1396 1604 1562 1659; x_wconf 88' lang='lat' dir='ltr'><strong>Filius</strong></span> <span class='ocrx_word' id='word_1_120' title='bbox 1595 1607 1828 1676; x_wconf 90' lang='lat' dir='ltr'><strong>Spiritus</strong></span> <span class='ocrx_word' id='word_1_121' title='bbox 1869 1609 2011 1676; x_wconf 72' lang='lat'><strong>(29):</strong></span> 
     </span>
    </p>
   </div>
   <div class='ocr_carea' id='block_1_17' title="bbox 453 1682 2015 1764">
    <p class='ocr_par' dir='ltr' id='par_1_17' title="bbox 453 1682 2015 1764">
     <span class='ocr_line' id='line_1_17' title="bbox 453 1682 2015 1764; baseline 0.012 -27"><span class='ocrx_word' id='word_1_122' title='bbox 453 1704 471 1737; x_wconf 87' lang='grc' dir='ltr'><strong>ι</strong></span> <span class='ocrx_word' id='word_1_123' title='bbox 517 1682 798 1754; x_wconf 89' lang='lat' dir='ltr'><strong>Dominus,</strong></span> <span class='ocrx_word' id='word_1_124' title='bbox 839 1708 858 1740; x_wconf 85' lang='grc'><strong>›</strong></span> <span class='ocrx_word' id='word_1_125' title='bbox 908 1691 1101 1760; x_wconf 89' lang='lat' dir='ltr'><strong>inquit,</strong></span> <span class='ocrx_word' id='word_1_126' title='bbox 1164 1710 1183 1744; x_wconf 81' lang='grc' dir='ltr'><strong>ι</strong></span> <span class='ocrx_word' id='word_1_127' title='bbox 1230 1693 1464 1764; x_wconf 87' lang='lat' dir='ltr'><strong>Spiritus</strong></span> <span class='ocrx_word' id='word_1_128' title='bbox 1512 1706 1594 1752; x_wconf 85' lang='lat' dir='ltr'><strong>est</strong></span> <span class='ocrx_word' id='word_1_129' title='bbox 1617 1701 1680 1752; x_wconf 81' lang='lat'><strong>&quot;.</strong></span> <span class='ocrx_word' id='word_1_130' title='bbox 1731 1718 1750 1751; x_wconf 74' lang='grc' dir='ltr'><strong>ι</strong></span> <span class='ocrx_word' id='word_1_131' title='bbox 1781 1697 2015 1764; x_wconf 90' lang='lat' dir='ltr'><strong>Spiritus</strong></span> 
     </span>
    </p>
   </div>
   <div class='ocr_carea' id='block_1_18' title="bbox 448 1788 2014 1863">
    <p class='ocr_par' dir='ltr' id='par_1_18' title="bbox 448 1788 2014 1863">
     <span class='ocr_line' id='line_1_18' title="bbox 448 1788 2014 1863; baseline 0.01 -31"><span class='ocrx_word' id='word_1_132' title='bbox 448 1790 627 1835; x_wconf 89' lang='lat' dir='ltr'><strong>autem</strong></span> <span class='ocrx_word' id='word_1_133' title='bbox 713 1795 973 1850; x_wconf 79' lang='lat' dir='ltr'><strong>sanctus,</strong></span> <span class='ocrx_word' id='word_1_134' title='bbox 1061 1801 1278 1856; x_wconf 87' lang='lat' dir='ltr'><strong>semper</strong></span> <span class='ocrx_word' id='word_1_135' title='bbox 1343 1788 1574 1857; x_wconf 88' lang='lat' dir='ltr'><strong>Spiritus</strong></span> <span class='ocrx_word' id='word_1_136' title='bbox 1654 1795 1824 1846; x_wconf 84' lang='lat' dir='ltr'><strong>sancti</strong></span> <span class='ocrx_word' id='word_1_137' title='bbox 1920 1809 2014 1863; x_wconf 87' lang='lat' dir='ltr'><strong>ap-</strong></span> 
     </span>
    </p>
   </div>
   <div class='ocr_carea' id='block_1_19' title="bbox 2124 603 3072 674">
    <p class='ocr_par' dir='ltr' id='par_1_19' title="bbox 2124 603 3072 674">
     <span class='ocr_line' id='line_1_19' title="bbox 2124 603 3072 674; baseline -0.005 -14"><span class='ocrx_word' id='word_1_138' title='bbox 2124 605 2423 674; x_wconf 86' lang='lat' dir='ltr'><strong>intelligere</strong></span> <span class='ocrx_word' id='word_1_139' title='bbox 2453 604 2590 659; x_wconf 87' lang='lat' dir='ltr'><strong>velle</strong></span> <span class='ocrx_word' id='word_1_140' title='bbox 2623 603 2942 673; x_wconf 90' lang='lat' dir='ltr'><strong>perstultum</strong></span> <span class='ocrx_word' id='word_1_141' title='bbox 2972 609 3072 656; x_wconf 88' lang='lat' dir='ltr'><strong>est.</strong></span> 
     </span>
    </p>
   </div>
   <div class='ocr_carea' id='block_1_20' title="bbox 2192 688 3690 764">
    <p class='ocr_par' dir='ltr' id='par_1_20' title="bbox 2192 688 3690 764">
     <span class='ocr_line' id='line_1_20' title="bbox 2192 688 3690 764; baseline -0.007 -13"><span class='ocrx_word' id='word_1_142' title='bbox 2192 697 2281 751; x_wconf 82' lang='grc'><strong>55.</strong></span> <span class='ocrx_word' id='word_1_143' title='bbox 2324 695 2476 762; x_wconf 86' lang='lat' dir='ltr'><strong>Quod</strong></span> <span class='ocrx_word' id='word_1_144' title='bbox 2517 697 2560 751; x_wconf 89' lang='lat' dir='ltr'><strong>si</strong></span> <span class='ocrx_word' id='word_1_145' title='bbox 2594 705 2780 764; x_wconf 84' lang='lat' dir='ltr'><strong>arguta</strong></span> <span class='ocrx_word' id='word_1_146' title='bbox 2820 695 3007 748; x_wconf 91' lang='lat' dir='ltr'><strong>nititur</strong></span> <span class='ocrx_word' id='word_1_147' title='bbox 3043 692 3230 745; x_wconf 79' lang='lat' dir='ltr'><strong>fraude</strong></span> <span class='ocrx_word' id='word_1_148' title='bbox 3269 689 3576 758; x_wconf 82' lang='lat' dir='ltr'><strong>subrepere,</strong></span> <span class='ocrx_word' id='word_1_149' title='bbox 3622 688 3690 741; x_wconf 86' lang='lat' dir='ltr'><strong>de</strong></span> 
     </span>
    </p>
   </div>
   <div class='ocr_carea' id='block_1_21' title="bbox 2121 781 3692 857">
    <p class='ocr_par' dir='ltr' id='par_1_21' title="bbox 2121 781 3692 857">
     <span class='ocr_line' id='line_1_21' title="bbox 2121 781 3692 857; baseline -0.006 -16"><span class='ocrx_word' id='word_1_150' title='bbox 2121 788 2323 857; x_wconf 80' lang='lat' dir='ltr'><strong>Spiritu</strong></span> <span class='ocrx_word' id='word_1_151' title='bbox 2357 798 2547 841; x_wconf 86' lang='lat' dir='ltr'><strong>sancto</strong></span> <span class='ocrx_word' id='word_1_152' title='bbox 2580 788 2691 842; x_wconf 66' lang='lat' dir='ltr'><strong>haec</strong></span> <span class='ocrx_word' id='word_1_153' title='bbox 2722 787 2924 854; x_wconf 87' lang='lat' dir='ltr'><strong>scripta</strong></span> <span class='ocrx_word' id='word_1_154' title='bbox 2957 792 3302 847; x_wconf 86' lang='lat' dir='ltr'><strong>contestans;</strong></span> <span class='ocrx_word' id='word_1_155' title='bbox 3333 781 3376 834; x_wconf 91' lang='lat' dir='ltr'><strong>si</strong></span> <span class='ocrx_word' id='word_1_156' title='bbox 3409 781 3692 849; x_wconf 83' lang='lat' dir='ltr'><strong>diligenter</strong></span> 
     </span>
    </p>
   </div>
   <div class='ocr_carea' id='block_1_22' title="bbox 2121 873 3682 948">
    <p class='ocr_par' dir='ltr' id='par_1_22' title="bbox 2121 873 3682 948">
     <span class='ocr_line' id='line_1_22' title="bbox 2121 873 3682 948; baseline -0.003 -17"><span class='ocrx_word' id='word_1_157' title='bbox 2121 882 2281 934; x_wconf 85' lang='lat' dir='ltr'><strong>verba</strong></span> <span class='ocrx_word' id='word_1_158' title='bbox 2302 881 2412 948; x_wconf 78' lang='lat' dir='ltr'><strong>ipsa</strong></span> <span class='ocrx_word' id='word_1_159' title='bbox 2436 881 2757 942; x_wconf 86' lang='lat' dir='ltr'><strong>consideret,</strong></span> <span class='ocrx_word' id='word_1_160' title='bbox 2779 877 3025 939; x_wconf 84' lang='lat' dir='ltr'><strong>cessabit</strong></span> <span class='ocrx_word' id='word_1_161' title='bbox 3052 888 3299 930; x_wconf 85' lang='lat' dir='ltr'><strong>asserere</strong></span> <span class='ocrx_word' id='word_1_162' title='bbox 3327 873 3682 927; x_wconf 86' lang='lat' dir='ltr'><strong>mendacium.</strong></span> 
     </span>
    </p>
   </div>
   <div class='ocr_carea' id='block_1_23' title="bbox 2122 964 3688 1042">
    <p class='ocr_par' dir='ltr' id='par_1_23' title="bbox 2122 964 3688 1042">
     <span class='ocr_line' id='line_1_23' title="bbox 2122 964 3688 1042; baseline -0.008 -15"><span class='ocrx_word' id='word_1_163' title='bbox 2122 972 2397 1040; x_wconf 85' lang='lat' dir='ltr'><strong>Siquidem</strong></span> <span class='ocrx_word' id='word_1_164' title='bbox 2424 973 2493 1026; x_wconf 91' lang='lat' dir='ltr'><strong>ita</strong></span> <span class='ocrx_word' id='word_1_165' title='bbox 2526 974 2786 1042; x_wconf 89' lang='lat' dir='ltr'><strong>scriptum</strong></span> <span class='ocrx_word' id='word_1_166' title='bbox 2829 979 2948 1025; x_wconf 88' lang='lat' dir='ltr'><strong>est:</strong></span> <span class='ocrx_word' id='word_1_167' title='bbox 2989 987 3007 1020; x_wconf 82' lang='grc' dir='ltr'><strong>ι</strong></span> <span class='ocrx_word' id='word_1_168' title='bbox 3041 968 3178 1034; x_wconf 88' lang='lat' dir='ltr'><strong>Quis</strong></span> <span class='ocrx_word' id='word_1_169' title='bbox 3211 967 3350 1020; x_wconf 90' lang='lat' dir='ltr'><strong>enim</strong></span> <span class='ocrx_word' id='word_1_170' title='bbox 3381 966 3482 1020; x_wconf 86' lang='lat' dir='ltr'><strong>scit</strong></span> <span class='ocrx_word' id='word_1_171' title='bbox 3518 964 3688 1017; x_wconf 84' lang='lat' dir='ltr'><strong>homi-</strong></span> 
     </span>
    </p>
   </div>
   <div class='ocr_carea' id='block_1_24' title="bbox 2121 1052 3686 1132">
    <p class='ocr_par' dir='ltr' id='par_1_24' title="bbox 2121 1052 3686 1132">
     <span class='ocr_line' id='line_1_24' title="bbox 2121 1052 3686 1132; baseline -0.008 -15"><span class='ocrx_word' id='word_1_172' title='bbox 2121 1080 2244 1118; x_wconf 92' lang='lat' dir='ltr'><strong>num</strong></span> <span class='ocrx_word' id='word_1_173' title='bbox 2278 1079 2395 1132; x_wconf 73' lang='lat' dir='ltr'><strong>qua:</strong></span> <span class='ocrx_word' id='word_1_174' title='bbox 2437 1075 2563 1117; x_wconf 91' lang='lat' dir='ltr'><strong>sunt</strong></span> <span class='ocrx_word' id='word_1_175' title='bbox 2595 1060 2828 1116; x_wconf 87' lang='lat' dir='ltr'><strong>hominis</strong></span> <span class='ocrx_word' id='word_1_176' title='bbox 2853 1100 2867 1124; x_wconf 94' lang='lat'><strong>,</strong></span> <span class='ocrx_word' id='word_1_177' title='bbox 2903 1057 3001 1112; x_wconf 89' lang='lat' dir='ltr'><strong>nisi</strong></span> <span class='ocrx_word' id='word_1_178' title='bbox 3033 1057 3253 1125; x_wconf 89' lang='lat' dir='ltr'><strong>spiritus</strong></span> <span class='ocrx_word' id='word_1_179' title='bbox 3296 1055 3562 1117; x_wconf 88' lang='lat' dir='ltr'><strong>hominis,</strong></span> <span class='ocrx_word' id='word_1_180' title='bbox 3595 1052 3686 1121; x_wconf 89' lang='lat' dir='ltr'><strong>qui</strong></span> 
     </span>
    </p>
   </div>
   <div class='ocr_carea' id='block_1_25' title="bbox 2119 1144 3685 1220">
    <p class='ocr_par' dir='ltr' id='par_1_25' title="bbox 2119 1144 3685 1220">
     <span class='ocr_line' id='line_1_25' title="bbox 2119 1144 3685 1220; baseline -0.007 -11"><span class='ocrx_word' id='word_1_181' title='bbox 2119 1155 2171 1209; x_wconf 92' lang='lat' dir='ltr'><strong>in</strong></span> <span class='ocrx_word' id='word_1_182' title='bbox 2214 1170 2278 1209; x_wconf 92' lang='lat' dir='ltr'><strong>eo</strong></span> <span class='ocrx_word' id='word_1_183' title='bbox 2309 1155 2436 1208; x_wconf 89' lang='lat' dir='ltr'><strong>est?</strong></span> <span class='ocrx_word' id='word_1_184' title='bbox 2467 1155 2555 1208; x_wconf 86' lang='lat' dir='ltr'><strong>Sic</strong></span> <span class='ocrx_word' id='word_1_185' title='bbox 2587 1163 2640 1207; x_wconf 91' lang='lat' dir='ltr'><strong>et</strong></span> <span class='ocrx_word' id='word_1_186' title='bbox 2670 1167 2732 1205; x_wconf 88' lang='lat' dir='ltr'><strong>ea</strong></span> <span class='ocrx_word' id='word_1_187' title='bbox 2763 1165 2882 1220; x_wconf 64' lang='lat' dir='ltr'><strong>quae</strong></span> <span class='ocrx_word' id='word_1_188' title='bbox 2918 1158 3043 1202; x_wconf 90' lang='lat' dir='ltr'><strong>sunt</strong></span> <span class='ocrx_word' id='word_1_189' title='bbox 3071 1147 3164 1202; x_wconf 90' lang='lat' dir='ltr'><strong>Dei</strong></span> <span class='ocrx_word' id='word_1_190' title='bbox 3185 1187 3197 1207; x_wconf 88' lang='lat'><strong>,</strong></span> <span class='ocrx_word' id='word_1_191' title='bbox 3229 1160 3386 1200; x_wconf 88' lang='lat' dir='ltr'><strong>nemo</strong></span> <span class='ocrx_word' id='word_1_192' title='bbox 3409 1145 3543 1209; x_wconf 85' lang='lat' dir='ltr'><strong>scit,</strong></span> <span class='ocrx_word' id='word_1_193' title='bbox 3581 1144 3685 1198; x_wconf 87' lang='lat' dir='ltr'><strong>nisi</strong></span> 
     </span>
    </p>
   </div>
   <div class='ocr_carea' id='block_1_26' title="bbox 2120 1234 3686 1314">
    <p class='ocr_par' dir='ltr' id='par_1_26' title="bbox 2120 1234 3686 1314">
     <span class='ocr_line' id='line_1_26' title="bbox 2120 1234 3686 1314; baseline -0.007 -15"><span class='ocrx_word' id='word_1_194' title='bbox 2120 1244 2357 1314; x_wconf 89' lang='lat' dir='ltr'><strong>Spiritus</strong></span> <span class='ocrx_word' id='word_1_195' title='bbox 2373 1246 2463 1298; x_wconf 90' lang='lat' dir='ltr'><strong>Dei</strong></span> <span class='ocrx_word' id='word_1_196' title='bbox 2481 1245 2583 1298; x_wconf 76' lang='grc' dir='ltr'><strong>³ο.»</strong></span> <span class='ocrx_word' id='word_1_197' title='bbox 2610 1241 2889 1311; x_wconf 88' lang='lat' dir='ltr'><strong>Quomodo</strong></span> <span class='ocrx_word' id='word_1_198' title='bbox 2914 1239 3059 1293; x_wconf 91' lang='lat' dir='ltr'><strong>enim</strong></span> <span class='ocrx_word' id='word_1_199' title='bbox 3085 1237 3221 1291; x_wconf 90' lang='lat' dir='ltr'><strong>alius</strong></span> <span class='ocrx_word' id='word_1_200' title='bbox 3243 1245 3328 1290; x_wconf 92' lang='lat' dir='ltr'><strong>est</strong></span> <span class='ocrx_word' id='word_1_201' title='bbox 3345 1236 3526 1299; x_wconf 89' lang='lat' dir='ltr'><strong>homo,</strong></span> <span class='ocrx_word' id='word_1_202' title='bbox 3549 1234 3686 1288; x_wconf 92' lang='lat' dir='ltr'><strong>alius</strong></span> 
     </span>
    </p>
   </div>
   <div class='ocr_carea' id='block_1_27' title="bbox 2117 1326 3682 1404">
    <p class='ocr_par' dir='ltr' id='par_1_27' title="bbox 2117 1326 3682 1404">
     <span class='ocr_line' id='line_1_27' title="bbox 2117 1326 3682 1404; baseline -0.008 -13"><span class='ocrx_word' id='word_1_203' title='bbox 2117 1348 2200 1391; x_wconf 89' lang='lat' dir='ltr'><strong>est</strong></span> <span class='ocrx_word' id='word_1_204' title='bbox 2239 1339 2397 1402; x_wconf 89' lang='lat' dir='ltr'><strong>Deus,</strong></span> <span class='ocrx_word' id='word_1_205' title='bbox 2436 1337 2516 1390; x_wconf 91' lang='lat' dir='ltr'><strong>sic</strong></span> <span class='ocrx_word' id='word_1_206' title='bbox 2564 1346 2617 1389; x_wconf 91' lang='lat' dir='ltr'><strong>et</strong></span> <span class='ocrx_word' id='word_1_207' title='bbox 2656 1335 2880 1404; x_wconf 91' lang='lat' dir='ltr'><strong>spiritus</strong></span> <span class='ocrx_word' id='word_1_208' title='bbox 2923 1330 3190 1394; x_wconf 86' lang='lat' dir='ltr'><strong>hominis,</strong></span> <span class='ocrx_word' id='word_1_209' title='bbox 3225 1328 3314 1397; x_wconf 90' lang='lat' dir='ltr'><strong>qui</strong></span> <span class='ocrx_word' id='word_1_210' title='bbox 3362 1335 3445 1381; x_wconf 86' lang='lat' dir='ltr'><strong>est</strong></span> <span class='ocrx_word' id='word_1_211' title='bbox 3493 1326 3546 1380; x_wconf 94' lang='lat' dir='ltr'><strong>in</strong></span> <span class='ocrx_word' id='word_1_212' title='bbox 3598 1340 3682 1390; x_wconf 90' lang='lat' dir='ltr'><strong>eo,</strong></span> 
     </span>
    </p>
   </div>
   <div class='ocr_carea' id='block_1_28' title="bbox 2118 1416 3685 1498">
    <p class='ocr_par' dir='ltr' id='par_1_28' title="bbox 2118 1416 3685 1498">
     <span class='ocr_line' id='line_1_28' title="bbox 2118 1416 3685 1498; baseline -0.009 -15"><span class='ocrx_word' id='word_1_213' title='bbox 2118 1438 2401 1498; x_wconf 90' lang='lat' dir='ltr'><strong>separatur</strong></span> <span class='ocrx_word' id='word_1_214' title='bbox 2423 1443 2452 1481; x_wconf 87' lang='lat' dir='ltr'><strong>a</strong></span> <span class='ocrx_word' id='word_1_215' title='bbox 2475 1427 2679 1498; x_wconf 89' lang='lat' dir='ltr'><strong>Spiritu</strong></span> <span class='ocrx_word' id='word_1_216' title='bbox 2706 1425 2820 1488; x_wconf 91' lang='lat' dir='ltr'><strong>Dei,</strong></span> <span class='ocrx_word' id='word_1_217' title='bbox 2841 1424 2930 1493; x_wconf 92' lang='lat' dir='ltr'><strong>qui</strong></span> <span class='ocrx_word' id='word_1_218' title='bbox 2951 1431 3035 1478; x_wconf 90' lang='lat' dir='ltr'><strong>est</strong></span> <span class='ocrx_word' id='word_1_219' title='bbox 3053 1421 3105 1474; x_wconf 93' lang='lat' dir='ltr'><strong>in</strong></span> <span class='ocrx_word' id='word_1_220' title='bbox 3124 1438 3220 1476; x_wconf 91' lang='lat' dir='ltr'><strong>eo:</strong></span> <span class='ocrx_word' id='word_1_221' title='bbox 3248 1435 3402 1490; x_wconf 91' lang='lat' dir='ltr'><strong>quem</strong></span> <span class='ocrx_word' id='word_1_222' title='bbox 3427 1416 3685 1486; x_wconf 89' lang='lat' dir='ltr'><strong>Spiritum</strong></span> 
     </span>
    </p>
   </div>
   <div class='ocr_carea' id='block_1_29' title="bbox 2117 1506 3686 1588">
    <p class='ocr_par' dir='ltr' id='par_1_29' title="bbox 2117 1506 3686 1588">
     <span class='ocr_line' id='line_1_29' title="bbox 2117 1506 3686 1588; baseline -0.01 -14"><span class='ocrx_word' id='word_1_223' title='bbox 2117 1529 2362 1575; x_wconf 82' lang='lat' dir='ltr'><strong>Sanctum</strong></span> <span class='ocrx_word' id='word_1_224' title='bbox 2398 1519 2708 1588; x_wconf 89' lang='lat' dir='ltr'><strong>frequenter</strong></span> <span class='ocrx_word' id='word_1_225' title='bbox 2737 1513 3091 1570; x_wconf 87' lang='lat' dir='ltr'><strong>ostendimus.</strong></span> <span class='ocrx_word' id='word_1_226' title='bbox 3143 1510 3246 1565; x_wconf 84' lang='lat' dir='ltr'><strong>Sed</strong></span> <span class='ocrx_word' id='word_1_227' title='bbox 3273 1519 3328 1563; x_wconf 92' lang='lat' dir='ltr'><strong>et</strong></span> <span class='ocrx_word' id='word_1_228' title='bbox 3354 1509 3406 1563; x_wconf 93' lang='lat' dir='ltr'><strong>in</strong></span> <span class='ocrx_word' id='word_1_229' title='bbox 3439 1508 3542 1562; x_wconf 91' lang='lat' dir='ltr'><strong>alio</strong></span> <span class='ocrx_word' id='word_1_230' title='bbox 3568 1506 3686 1559; x_wconf 91' lang='lat' dir='ltr'><strong>loco</strong></span> 
     </span>
    </p>
   </div>
   <div class='ocr_carea' id='block_1_30' title="bbox 2118 1599 3681 1678">
    <p class='ocr_par' dir='ltr' id='par_1_30' title="bbox 2118 1599 3681 1678">
     <span class='ocr_line' id='line_1_30' title="bbox 2118 1599 3681 1678; baseline -0.008 -14"><span class='ocrx_word' id='word_1_231' title='bbox 2118 1611 2257 1665; x_wconf 89' lang='lat' dir='ltr'><strong>idem</strong></span> <span class='ocrx_word' id='word_1_232' title='bbox 2292 1609 2576 1678; x_wconf 84' lang='lat' dir='ltr'><strong>Apostolus</strong></span> <span class='ocrx_word' id='word_1_233' title='bbox 2603 1625 2630 1661; x_wconf 90' lang='lat' dir='ltr'><strong>a</strong></span> <span class='ocrx_word' id='word_1_234' title='bbox 2658 1615 2842 1662; x_wconf 89' lang='lat' dir='ltr'><strong>nostro</strong></span> <span class='ocrx_word' id='word_1_235' title='bbox 2865 1605 3058 1675; x_wconf 85' lang='lat' dir='ltr'><strong>spiritu</strong></span> <span class='ocrx_word' id='word_1_236' title='bbox 3089 1603 3348 1671; x_wconf 91' lang='lat' dir='ltr'><strong>Spiritum</strong></span> <span class='ocrx_word' id='word_1_237' title='bbox 3385 1599 3476 1655; x_wconf 87' lang='lat' dir='ltr'><strong>Dei</strong></span> <span class='ocrx_word' id='word_1_238' title='bbox 3502 1613 3681 1654; x_wconf 89' lang='lat' dir='ltr'><strong>secer-</strong></span> 
     </span>
    </p>
   </div>
   <div class='ocr_carea' id='block_1_31' title="bbox 2117 1691 3686 1769">
    <p class='ocr_par' dir='ltr' id='par_1_31' title="bbox 2117 1691 3686 1769">
     <span class='ocr_line' id='line_1_31' title="bbox 2117 1691 3686 1769; baseline -0.008 -13"><span class='ocrx_word' id='word_1_239' title='bbox 2117 1718 2270 1766; x_wconf 91' lang='lat' dir='ltr'><strong>nens,</strong></span> <span class='ocrx_word' id='word_1_240' title='bbox 2295 1702 2404 1756; x_wconf 86' lang='lat' dir='ltr'><strong>ait:</strong></span> <span class='ocrx_word' id='word_1_241' title='bbox 2431 1719 2449 1751; x_wconf 87' lang='grc' dir='ltr'><strong>ι</strong></span> <span class='ocrx_word' id='word_1_242' title='bbox 2474 1702 2589 1769; x_wconf 90' lang='lat' dir='ltr'><strong>Ipse</strong></span> <span class='ocrx_word' id='word_1_243' title='bbox 2619 1699 2852 1768; x_wconf 86' lang='lat' dir='ltr'><strong>Spiritus</strong></span> <span class='ocrx_word' id='word_1_244' title='bbox 2879 1696 3242 1753; x_wconf 88' lang='lat' dir='ltr'><strong>testimonium</strong></span> <span class='ocrx_word' id='word_1_245' title='bbox 3261 1693 3505 1763; x_wconf 89' lang='lat' dir='ltr'><strong>perhibet</strong></span> <span class='ocrx_word' id='word_1_246' title='bbox 3525 1691 3686 1760; x_wconf 85' lang='lat' dir='ltr'><strong>spiri-</strong></span> 
     </span>
    </p>
   </div>
   <div class='ocr_carea' id='block_1_32' title="bbox 2125 1781 3678 1859">
    <p class='ocr_par' dir='ltr' id='par_1_32' title="bbox 2125 1781 3678 1859">
     <span class='ocr_line' id='line_1_32' title="bbox 2125 1781 3678 1859; baseline -0.008 -13"><span class='ocrx_word' id='word_1_247' title='bbox 2125 1793 2200 1846; x_wconf 90' lang='lat' dir='ltr'><strong>tui</strong></span> <span class='ocrx_word' id='word_1_248' title='bbox 2237 1803 2420 1847; x_wconf 92' lang='lat' dir='ltr'><strong>nostro</strong></span> <span class='ocrx_word' id='word_1_249' title='bbox 2444 1791 2509 1856; x_wconf 85' lang='grc'><strong>³¹,</strong></span> <span class='ocrx_word' id='word_1_250' title='bbox 2551 1809 2569 1843; x_wconf 75' lang='grc' dir='ltr'><strong>ι</strong></span> <span class='ocrx_word' id='word_1_251' title='bbox 2613 1791 2713 1845; x_wconf 90' lang='lat' dir='ltr'><strong>hoc</strong></span> <span class='ocrx_word' id='word_1_252' title='bbox 2753 1788 3097 1859; x_wconf 79' lang='lat' dir='ltr'><strong>significans,</strong></span> <span class='ocrx_word' id='word_1_253' title='bbox 3129 1785 3270 1852; x_wconf 86' lang='lat' dir='ltr'><strong>quod</strong></span> <span class='ocrx_word' id='word_1_254' title='bbox 3294 1783 3514 1851; x_wconf 88' lang='lat' dir='ltr'><strong>spiritus</strong></span> <span class='ocrx_word' id='word_1_255' title='bbox 3553 1781 3678 1843; x_wconf 87' lang='lat' dir='ltr'><strong>Dei,</strong></span> 
     </span>
    </p>
   </div>
   <div class='ocr_carea' id='block_1_33' title="bbox 447 1855 3683 1952">
    <p class='ocr_par' dir='ltr' id='par_1_33' title="bbox 447 1855 3683 1952">
     <span class='ocr_line' id='line_1_33' title="bbox 447 1855 3683 1952; baseline -0.001 -26"><span class='ocrx_word' id='word_1_256' title='bbox 447 1873 730 1937; x_wconf 90' lang='lat' dir='ltr'><strong>pellatione</strong></span> <span class='ocrx_word' id='word_1_257' title='bbox 797 1887 1065 1941; x_wconf 90' lang='lat' dir='ltr'><strong>censetur,</strong></span> <span class='ocrx_word' id='word_1_258' title='bbox 1113 1855 1216 1934; x_wconf 88' lang='lat' dir='ltr'><strong>non</strong></span> <span class='ocrx_word' id='word_1_259' title='bbox 1271 1855 1411 1949; x_wconf 83' lang='lat' dir='ltr'><strong>quod</strong></span> <span class='ocrx_word' id='word_1_260' title='bbox 1473 1897 1535 1936; x_wconf 83' lang='lat' dir='ltr'><strong>ex</strong></span> <span class='ocrx_word' id='word_1_261' title='bbox 1586 1887 1856 1940; x_wconf 91' lang='lat' dir='ltr'><strong>consortio</strong></span> <span class='ocrx_word' id='word_1_262' title='bbox 1899 1855 2015 1939; x_wconf 47' lang='lat' dir='ltr'><strong>ta&#39;a-</strong></span> <span class='ocrx_word' id='word_1_263' title='bbox 2046 1855 2086 1908; x_wconf 74' lang='grc' dir='ltr'>Β</span> <span class='ocrx_word' id='word_1_264' title='bbox 2121 1885 2169 1938; x_wconf 87' lang='lat' dir='ltr'><strong>id</strong></span> <span class='ocrx_word' id='word_1_265' title='bbox 2197 1893 2278 1939; x_wconf 93' lang='lat' dir='ltr'><strong>est</strong></span> <span class='ocrx_word' id='word_1_266' title='bbox 2305 1883 2540 1952; x_wconf 91' lang='lat' dir='ltr'><strong>Spiritus</strong></span> <span class='ocrx_word' id='word_1_267' title='bbox 2563 1890 2780 1936; x_wconf 87' lang='lat' dir='ltr'><strong>sanctus</strong></span> <span class='ocrx_word' id='word_1_268' title='bbox 2808 1920 2821 1940; x_wconf 90' lang='lat'><strong>,</strong></span> <span class='ocrx_word' id='word_1_269' title='bbox 2859 1877 3229 1932; x_wconf 89' lang='lat' dir='ltr'><strong>testimonium</strong></span> <span class='ocrx_word' id='word_1_270' title='bbox 3266 1874 3476 1942; x_wconf 91' lang='lat' dir='ltr'><strong>spiritui</strong></span> <span class='ocrx_word' id='word_1_271' title='bbox 3503 1883 3683 1926; x_wconf 80' lang='lat' dir='ltr'><strong>neSIro</strong></span> 
     </span>
    </p>
   </div>
   <div class='ocr_carea' id='block_1_34' title="bbox 447 1965 2018 2040">
    <p class='ocr_par' dir='ltr' id='par_1_34' title="bbox 447 1965 2018 2040">
     <span class='ocr_line' id='line_1_34' title="bbox 447 1965 2018 2040; baseline 0.007 -23"><span class='ocrx_word' id='word_1_272' title='bbox 447 1971 558 2017; x_wconf 83' lang='lat' dir='ltr'><strong>tum</strong></span> <span class='ocrx_word' id='word_1_273' title='bbox 594 1965 826 2019; x_wconf 80' lang='lat' dir='ltr'><strong>numinis</strong></span> <span class='ocrx_word' id='word_1_274' title='bbox 885 1967 1116 2034; x_wconf 78' lang='lat' dir='ltr'><strong>Spiritus</strong></span> <span class='ocrx_word' id='word_1_275' title='bbox 1159 1983 1280 2023; x_wconf 85' lang='lat' dir='ltr'><strong>cum</strong></span> <span class='ocrx_word' id='word_1_276' title='bbox 1333 1969 1496 2024; x_wconf 90' lang='lat' dir='ltr'><strong>Patre</strong></span> <span class='ocrx_word' id='word_1_277' title='bbox 1541 1982 1768 2040; x_wconf 89' lang='lat' dir='ltr'><strong>ponatur</strong></span> <span class='ocrx_word' id='word_1_278' title='bbox 1833 1985 1883 2028; x_wconf 92' lang='lat' dir='ltr'><strong>et</strong></span> <span class='ocrx_word' id='word_1_279' title='bbox 1928 1973 2018 2028; x_wconf 88' lang='lat' dir='ltr'><strong>Fi-</strong></span> 
     </span>
    </p>
   </div>
   <div class='ocr_carea' id='block_1_35' title="bbox 444 2051 2018 2129">
    <p class='ocr_par' dir='ltr' id='par_1_35' title="bbox 444 2051 2018 2129">
     <span class='ocr_line' id='line_1_35' title="bbox 444 2051 2018 2129; baseline 0.007 -24"><span class='ocrx_word' id='word_1_280' title='bbox 444 2051 542 2117; x_wconf 81' lang='lat' dir='ltr'><strong>lio,</strong></span> <span class='ocrx_word' id='word_1_281' title='bbox 573 2053 664 2107; x_wconf 91' lang='lat' dir='ltr'><strong>sed</strong></span> <span class='ocrx_word' id='word_1_282' title='bbox 701 2055 840 2121; x_wconf 90' lang='lat' dir='ltr'><strong>quod</strong></span> <span class='ocrx_word' id='word_1_283' title='bbox 902 2071 1004 2108; x_wconf 88' lang='lat' dir='ltr'><strong>una</strong></span> <span class='ocrx_word' id='word_1_284' title='bbox 1057 2067 1278 2122; x_wconf 87' lang='lat' dir='ltr'><strong>natura,</strong></span> <span class='ocrx_word' id='word_1_285' title='bbox 1309 2075 1472 2112; x_wconf 90' lang='lat' dir='ltr'><strong>unum</strong></span> <span class='ocrx_word' id='word_1_286' title='bbox 1521 2062 1792 2129; x_wconf 88' lang='lat' dir='ltr'><strong>possideat</strong></span> <span class='ocrx_word' id='word_1_287' title='bbox 1839 2071 1893 2116; x_wconf 93' lang='lat' dir='ltr'><strong>et</strong></span> <span class='ocrx_word' id='word_1_288' title='bbox 1922 2079 2018 2116; x_wconf 86' lang='lat' dir='ltr'><strong>no-</strong></span> 
     </span>
    </p>
   </div>
   <div class='ocr_carea' id='block_1_36' title="bbox 444 2145 2016 2216">
    <p class='ocr_par' dir='ltr' id='par_1_36' title="bbox 444 2145 2016 2216">
     <span class='ocr_line' id='line_1_36' title="bbox 444 2145 2016 2216; baseline 0.006 -19"><span class='ocrx_word' id='word_1_289' title='bbox 444 2158 590 2198; x_wconf 89' lang='lat' dir='ltr'><strong>men.</strong></span> <span class='ocrx_word' id='word_1_290' title='bbox 639 2145 776 2212; x_wconf 85' lang='lat' dir='ltr'><strong>Quia</strong></span> <span class='ocrx_word' id='word_1_291' title='bbox 837 2161 962 2200; x_wconf 89' lang='lat' dir='ltr'><strong>vero</strong></span> <span class='ocrx_word' id='word_1_292' title='bbox 1017 2148 1251 2216; x_wconf 91' lang='lat' dir='ltr'><strong>Spiritus</strong></span> <span class='ocrx_word' id='word_1_293' title='bbox 1311 2150 1629 2204; x_wconf 88' lang='lat' dir='ltr'><strong>vocabulum</strong></span> <span class='ocrx_word' id='word_1_294' title='bbox 1701 2151 1866 2204; x_wconf 88' lang='lat' dir='ltr'><strong>multa</strong></span> <span class='ocrx_word' id='word_1_295' title='bbox 1944 2154 2016 2206; x_wconf 89' lang='lat' dir='ltr'><strong>si-</strong></span> 
     </span>
    </p>
   </div>
   <div class='ocr_carea' id='block_1_37' title="bbox 444 2237 2012 2310">
    <p class='ocr_par' dir='ltr' id='par_1_37' title="bbox 444 2237 2012 2310">
     <span class='ocr_line' id='line_1_37' title="bbox 444 2237 2012 2310; baseline 0.006 -22"><span class='ocrx_word' id='word_1_296' title='bbox 444 2237 692 2304; x_wconf 83' lang='lat' dir='ltr'><strong>gnificat,</strong></span> <span class='ocrx_word' id='word_1_297' title='bbox 724 2239 1142 2293; x_wconf 86' lang='lat' dir='ltr'><strong>enumerandum</strong></span> <span class='ocrx_word' id='word_1_298' title='bbox 1195 2249 1277 2293; x_wconf 90' lang='lat' dir='ltr'><strong>est</strong></span> <span class='ocrx_word' id='word_1_299' title='bbox 1331 2239 1566 2295; x_wconf 91' lang='lat' dir='ltr'><strong>breviter</strong></span> <span class='ocrx_word' id='word_1_300' title='bbox 1604 2242 1801 2310; x_wconf 89' lang='lat' dir='ltr'><strong>quibus</strong></span> <span class='ocrx_word' id='word_1_301' title='bbox 1853 2244 2012 2298; x_wconf 89' lang='lat' dir='ltr'><strong>rebus</strong></span> 
     </span>
    </p>
   </div>
   <div class='ocr_carea' id='block_1_38' title="bbox 443 2331 2007 2402">
    <p class='ocr_par' dir='ltr' id='par_1_38' title="bbox 443 2331 2007 2402">
     <span class='ocr_line' id='line_1_38' title="bbox 443 2331 2007 2402; baseline 0.007 -24"><span class='ocrx_word' id='word_1_302' title='bbox 443 2344 638 2383; x_wconf 87' lang='lat' dir='ltr'><strong>nomen</strong></span> <span class='ocrx_word' id='word_1_303' title='bbox 687 2331 803 2399; x_wconf 90' lang='lat' dir='ltr'><strong>ejus</strong></span> <span class='ocrx_word' id='word_1_304' title='bbox 850 2341 1078 2399; x_wconf 85' lang='lat' dir='ltr'><strong>aptetur.</strong></span> <span class='ocrx_word' id='word_1_305' title='bbox 1141 2332 1371 2385; x_wconf 86' lang='lat' dir='ltr'><strong>Vocatur</strong></span> <span class='ocrx_word' id='word_1_306' title='bbox 1413 2333 1634 2402; x_wconf 78' lang='lat' dir='ltr'><strong>Spiritus</strong></span> <span class='ocrx_word' id='word_1_307' title='bbox 1699 2343 1753 2389; x_wconf 92' lang='lat' dir='ltr'><strong>et</strong></span> <span class='ocrx_word' id='word_1_308' title='bbox 1797 2345 2007 2399; x_wconf 88' lang='lat' dir='ltr'><strong>ventus,</strong></span> 
     </span>
    </p>
   </div>
   <div class='ocr_carea' id='block_1_39' title="bbox 443 2419 2012 2494">
    <p class='ocr_par' dir='ltr' id='par_1_39' title="bbox 443 2419 2012 2494">
     <span class='ocr_line' id='line_1_39' title="bbox 443 2419 2012 2494; baseline 0.004 -21"><span class='ocrx_word' id='word_1_309' title='bbox 443 2421 583 2473; x_wconf 87' lang='lat' dir='ltr'><strong>sicut</strong></span> <span class='ocrx_word' id='word_1_310' title='bbox 633 2419 686 2472; x_wconf 90' lang='lat' dir='ltr'><strong>in</strong></span> <span class='ocrx_word' id='word_1_311' title='bbox 732 2421 1017 2474; x_wconf 85' lang='lat' dir='ltr'><strong>Ezechiele</strong></span> <span class='ocrx_word' id='word_1_312' title='bbox 1051 2441 1062 2474; x_wconf 92' lang='lat'><strong>:</strong></span> <span class='ocrx_word' id='word_1_313' title='bbox 1114 2441 1132 2472; x_wconf 86' lang='grc' dir='ltr'><strong>ι</strong></span> <span class='ocrx_word' id='word_1_314' title='bbox 1172 2419 1408 2476; x_wconf 88' lang='lat' dir='ltr'><strong>Tertiam</strong></span> <span class='ocrx_word' id='word_1_315' title='bbox 1446 2433 1622 2477; x_wconf 89' lang='lat' dir='ltr'><strong>autem</strong></span> <span class='ocrx_word' id='word_1_316' title='bbox 1665 2436 1868 2494; x_wconf 89' lang='lat' dir='ltr'><strong>partem</strong></span> <span class='ocrx_word' id='word_1_317' title='bbox 1901 2427 2012 2480; x_wconf 81' lang='lat' dir='ltr'><strong>dis-</strong></span> 
     </span>
    </p>
   </div>
   <div class='ocr_carea' id='block_1_40' title="bbox 443 2508 2008 2580">
    <p class='ocr_par' dir='ltr' id='par_1_40' title="bbox 443 2508 2008 2580">
     <span class='ocr_line' id='line_1_40' title="bbox 443 2508 2008 2580; baseline 0.006 -20"><span class='ocrx_word' id='word_1_318' title='bbox 443 2523 634 2577; x_wconf 86' lang='lat' dir='ltr'><strong>perges</strong></span> <span class='ocrx_word' id='word_1_319' title='bbox 667 2508 719 2561; x_wconf 92' lang='lat' dir='ltr'><strong>iu</strong></span> <span class='ocrx_word' id='word_1_320' title='bbox 750 2509 995 2576; x_wconf 92' lang='lat' dir='ltr'><strong>spiritum</strong></span> <span class='ocrx_word' id='word_1_321' title='bbox 1022 2510 1106 2562; x_wconf 59' lang='grc' dir='ltr'><strong>’δε</strong></span> <span class='ocrx_word' id='word_1_322' title='bbox 1162 2529 1179 2562; x_wconf 73' lang='grc' dir='ltr'><strong>ι</strong></span> <span class='ocrx_word' id='word_1_323' title='bbox 1217 2511 1316 2565; x_wconf 92' lang='lat' dir='ltr'><strong>hoc</strong></span> <span class='ocrx_word' id='word_1_324' title='bbox 1350 2522 1452 2576; x_wconf 85' lang='lat' dir='ltr'><strong>est,</strong></span> <span class='ocrx_word' id='word_1_325' title='bbox 1495 2515 1545 2566; x_wconf 95' lang='lat' dir='ltr'><strong>in</strong></span> <span class='ocrx_word' id='word_1_326' title='bbox 1577 2523 1812 2568; x_wconf 91' lang='lat' dir='ltr'><strong>ventum.</strong></span> <span class='ocrx_word' id='word_1_327' title='bbox 1856 2515 2008 2580; x_wconf 91' lang='lat' dir='ltr'><strong>Quod</strong></span> 
     </span>
    </p>
   </div>
   <div class='ocr_carea' id='block_1_41' title="bbox 442 2600 2007 2675">
    <p class='ocr_par' dir='ltr' id='par_1_41' title="bbox 442 2600 2007 2675">
     <span class='ocr_line' id='line_1_41' title="bbox 442 2600 2007 2675; baseline 0.004 -23"><span class='ocrx_word' id='word_1_328' title='bbox 442 2600 486 2652; x_wconf 89' lang='lat' dir='ltr'><strong>si</strong></span> <span class='ocrx_word' id='word_1_329' title='bbox 523 2601 752 2655; x_wconf 79' lang='lat' dir='ltr'><strong>volueris</strong></span> <span class='ocrx_word' id='word_1_330' title='bbox 781 2601 1072 2655; x_wconf 90' lang='lat' dir='ltr'><strong>secundum</strong></span> <span class='ocrx_word' id='word_1_331' title='bbox 1109 2603 1388 2656; x_wconf 89' lang='lat' dir='ltr'><strong>historiam</strong></span> <span class='ocrx_word' id='word_1_332' title='bbox 1418 2604 1548 2658; x_wconf 90' lang='lat' dir='ltr'><strong>illud</strong></span> <span class='ocrx_word' id='word_1_333' title='bbox 1593 2605 1828 2669; x_wconf 88' lang='lat' dir='ltr'><strong>sentire,</strong></span> <span class='ocrx_word' id='word_1_334' title='bbox 1867 2607 2007 2675; x_wconf 92' lang='lat' dir='ltr'><strong>quod</strong></span> 
     </span>
    </p>
   </div>
   <div class='ocr_carea' id='block_1_42' title="bbox 443 2689 2009 2761">
    <p class='ocr_par' dir='ltr' id='par_1_42' title="bbox 443 2689 2009 2761">
     <span class='ocr_line' id='line_1_42' title="bbox 443 2689 2009 2761; baseline 0.007 -21"><span class='ocrx_word' id='word_1_335' title='bbox 443 2689 699 2758; x_wconf 88' lang='lat' dir='ltr'><strong>scriptum</strong></span> <span class='ocrx_word' id='word_1_336' title='bbox 745 2701 846 2754; x_wconf 84' lang='lat' dir='ltr'><strong>est,</strong></span> <span class='ocrx_word' id='word_1_337' title='bbox 896 2711 914 2742; x_wconf 87' lang='grc' dir='ltr'><strong>ι</strong></span> <span class='ocrx_word' id='word_1_338' title='bbox 952 2691 1008 2744; x_wconf 92' lang='lat' dir='ltr'><strong>In</strong></span> <span class='ocrx_word' id='word_1_339' title='bbox 1044 2694 1234 2761; x_wconf 84' lang='lat' dir='ltr'><strong>spiritu</strong></span> <span class='ocrx_word' id='word_1_340' title='bbox 1284 2694 1516 2749; x_wconf 90' lang='lat' dir='ltr'><strong>violento</strong></span> <span class='ocrx_word' id='word_1_341' title='bbox 1551 2707 1798 2749; x_wconf 86' lang='lat' dir='ltr'><strong>conteres</strong></span> <span class='ocrx_word' id='word_1_342' title='bbox 1845 2712 2009 2751; x_wconf 87' lang='lat' dir='ltr'><strong>naves</strong></span> 
     </span>
    </p>
   </div>
   <div class='ocr_carea' id='block_1_43' title="bbox 443 2779 2005 2852">
    <p class='ocr_par' dir='ltr' id='par_1_43' title="bbox 443 2779 2005 2852">
     <span class='ocr_line' id='line_1_43' title="bbox 443 2779 2005 2852; baseline 0.006 -20"><span class='ocrx_word' id='word_1_343' title='bbox 443 2779 668 2834; x_wconf 78' lang='lat' dir='ltr'><strong>Tharsis</strong></span> <span class='ocrx_word' id='word_1_344' title='bbox 693 2781 760 2844; x_wconf 76' lang='grc'>’⁸,</span> <span class='ocrx_word' id='word_1_345' title='bbox 790 2800 810 2833; x_wconf 74' lang='grc' dir='ltr'><strong>ι</strong></span> <span class='ocrx_word' id='word_1_346' title='bbox 836 2797 940 2834; x_wconf 91' lang='lat' dir='ltr'><strong>non</strong></span> <span class='ocrx_word' id='word_1_347' title='bbox 971 2781 1112 2835; x_wconf 90' lang='lat' dir='ltr'><strong>aliud</strong></span> <span class='ocrx_word' id='word_1_348' title='bbox 1143 2783 1214 2836; x_wconf 92' lang='lat' dir='ltr'><strong>ibi</strong></span> <span class='ocrx_word' id='word_1_349' title='bbox 1241 2784 1483 2852; x_wconf 90' lang='lat' dir='ltr'><strong>spiritus,</strong></span> <span class='ocrx_word' id='word_1_350' title='bbox 1515 2798 1674 2851; x_wconf 88' lang='lat' dir='ltr'><strong>quam</strong></span> <span class='ocrx_word' id='word_1_351' title='bbox 1699 2795 1890 2839; x_wconf 90' lang='lat' dir='ltr'><strong>ventus</strong></span> <span class='ocrx_word' id='word_1_352' title='bbox 1913 2801 2005 2840; x_wconf 90' lang='lat' dir='ltr'><strong>ac-</strong></span> 
     </span>
    </p>
   </div>
   <div class='ocr_carea' id='block_1_44' title="bbox 439 2870 2006 2946">
    <p class='ocr_par' dir='ltr' id='par_1_44' title="bbox 439 2870 2006 2946">
     <span class='ocr_line' id='line_1_44' title="bbox 439 2870 2006 2946; baseline 0.005 -24"><span class='ocrx_word' id='word_1_353' title='bbox 439 2873 656 2938; x_wconf 85' lang='lat' dir='ltr'><strong>cipitur.</strong></span> <span class='ocrx_word' id='word_1_354' title='bbox 703 2870 920 2926; x_wconf 79' lang='lat' dir='ltr'><strong>Necnon</strong></span> <span class='ocrx_word' id='word_1_355' title='bbox 975 2870 1226 2928; x_wconf 91' lang='lat' dir='ltr'><strong>Salomon</strong></span> <span class='ocrx_word' id='word_1_356' title='bbox 1263 2873 1404 2929; x_wconf 89' lang='lat' dir='ltr'><strong>inter</strong></span> <span class='ocrx_word' id='word_1_357' title='bbox 1452 2876 1616 2929; x_wconf 89' lang='lat' dir='ltr'><strong>multa</strong></span> <span class='ocrx_word' id='word_1_358' title='bbox 1651 2877 1751 2930; x_wconf 90' lang='lat' dir='ltr'><strong>hoc</strong></span> <span class='ocrx_word' id='word_1_359' title='bbox 1795 2892 2006 2946; x_wconf 77' lang='lat' dir='ltr'><strong>quoque</strong></span> 
     </span>
    </p>
   </div>
   <div class='ocr_carea' id='block_1_45' title="bbox 439 2965 2001 3037">
    <p class='ocr_par' dir='ltr' id='par_1_45' title="bbox 439 2965 2001 3037">
     <span class='ocr_line' id='line_1_45' title="bbox 439 2965 2001 3037; baseline 0.002 -21"><span class='ocrx_word' id='word_1_360' title='bbox 439 2978 634 3018; x_wconf 86' lang='lat' dir='ltr'><strong>munus</strong></span> <span class='ocrx_word' id='word_1_361' title='bbox 659 2979 688 3017; x_wconf 89' lang='lat' dir='ltr'><strong>a</strong></span> <span class='ocrx_word' id='word_1_362' title='bbox 717 2965 822 3018; x_wconf 92' lang='lat' dir='ltr'><strong>Deo</strong></span> <span class='ocrx_word' id='word_1_363' title='bbox 845 2967 1073 3034; x_wconf 88' lang='lat' dir='ltr'><strong>accepit,</strong></span> <span class='ocrx_word' id='word_1_364' title='bbox 1099 2976 1155 3020; x_wconf 92' lang='lat' dir='ltr'><strong>ut</strong></span> <span class='ocrx_word' id='word_1_365' title='bbox 1177 2968 1341 3020; x_wconf 88' lang='lat' dir='ltr'><strong>sciret</strong></span> <span class='ocrx_word' id='word_1_366' title='bbox 1367 2965 1653 3021; x_wconf 90' lang='lat' dir='ltr'><strong>violentias</strong></span> <span class='ocrx_word' id='word_1_367' title='bbox 1679 2969 2001 3037; x_wconf 81' lang='lat' dir='ltr'><strong>Spirituum;</strong></span> 
     </span>
    </p>
   </div>
   <div class='ocr_carea' id='block_1_46' title="bbox 436 3054 2001 3129">
    <p class='ocr_par' dir='ltr' id='par_1_46' title="bbox 436 3054 2001 3129">
     <span class='ocr_line' id='line_1_46' title="bbox 436 3054 2001 3129; baseline 0.004 -23"><span class='ocrx_word' id='word_1_368' title='bbox 436 3067 544 3106; x_wconf 64' lang='lat' dir='ltr'><strong>non</strong></span> <span class='ocrx_word' id='word_1_369' title='bbox 586 3054 729 3107; x_wconf 88' lang='lat' dir='ltr'><strong>aliud</strong></span> <span class='ocrx_word' id='word_1_370' title='bbox 759 3071 817 3108; x_wconf 90' lang='lat' dir='ltr'><strong>se</strong></span> <span class='ocrx_word' id='word_1_371' title='bbox 867 3055 918 3107; x_wconf 94' lang='lat' dir='ltr'><strong>in</strong></span> <span class='ocrx_word' id='word_1_372' title='bbox 952 3056 1052 3110; x_wconf 91' lang='lat' dir='ltr'><strong>hoc</strong></span> <span class='ocrx_word' id='word_1_373' title='bbox 1083 3057 1353 3126; x_wconf 87' lang='lat' dir='ltr'><strong>accepisse</strong></span> <span class='ocrx_word' id='word_1_374' title='bbox 1378 3057 1792 3123; x_wconf 87' lang='lat' dir='ltr'><strong>demonstrans,</strong></span> <span class='ocrx_word' id='word_1_375' title='bbox 1839 3075 2001 3129; x_wconf 90' lang='lat' dir='ltr'><strong>quam</strong></span> 
     </span>
    </p>
   </div>
   <div class='ocr_carea' id='block_1_47' title="bbox 436 3145 2003 3217">
    <p class='ocr_par' dir='ltr' id='par_1_47' title="bbox 436 3145 2003 3217">
     <span class='ocr_line' id='line_1_47' title="bbox 436 3145 2003 3217; baseline 0.003 -19"><span class='ocrx_word' id='word_1_376' title='bbox 436 3145 575 3200; x_wconf 83' lang='lat' dir='ltr'><strong>scire</strong></span> <span class='ocrx_word' id='word_1_377' title='bbox 601 3146 814 3214; x_wconf 88' lang='lat' dir='ltr'><strong>rapidos</strong></span> <span class='ocrx_word' id='word_1_378' title='bbox 843 3155 1121 3200; x_wconf 85' lang='lat' dir='ltr'><strong>ventorum</strong></span> <span class='ocrx_word' id='word_1_379' title='bbox 1150 3148 1339 3212; x_wconf 88' lang='lat' dir='ltr'><strong>llatus,</strong></span> <span class='ocrx_word' id='word_1_380' title='bbox 1377 3157 1430 3201; x_wconf 88' lang='lat' dir='ltr'><strong>et</strong></span> <span class='ocrx_word' id='word_1_381' title='bbox 1464 3149 1661 3217; x_wconf 90' lang='lat' dir='ltr'><strong>quibus</strong></span> <span class='ocrx_word' id='word_1_382' title='bbox 1689 3151 1866 3204; x_wconf 90' lang='lat' dir='ltr'><strong>causis</strong></span> <span class='ocrx_word' id='word_1_383' title='bbox 1909 3165 2003 3205; x_wconf 89' lang='lat' dir='ltr'><strong>eo-</strong></span> 
     </span>
    </p>
   </div>
   <div class='ocr_carea' id='block_1_48' title="bbox 2120 1962 3682 2041">
    <p class='ocr_par' dir='ltr' id='par_1_48' title="bbox 2120 1962 3682 2041">
     <span class='ocr_line' id='line_1_48' title="bbox 2120 1962 3682 2041; baseline -0.006 -18"><span class='ocrx_word' id='word_1_384' title='bbox 2120 1973 2388 2041; x_wconf 65' lang='lat' dir='ltr'><strong>prwhcat:</strong></span> <span class='ocrx_word' id='word_1_385' title='bbox 2425 1986 2581 2039; x_wconf 90' lang='lat' dir='ltr'><strong>quem</strong></span> <span class='ocrx_word' id='word_1_386' title='bbox 2621 1984 2762 2022; x_wconf 90' lang='lat' dir='ltr'><strong>nunc</strong></span> <span class='ocrx_word' id='word_1_387' title='bbox 2791 1968 3026 2021; x_wconf 83' lang='lat' dir='ltr'><strong>diximus</strong></span> <span class='ocrx_word' id='word_1_388' title='bbox 3067 1980 3188 2020; x_wconf 89' lang='lat' dir='ltr'><strong>esse</strong></span> <span class='ocrx_word' id='word_1_389' title='bbox 3223 1963 3480 2030; x_wconf 90' lang='lat' dir='ltr'><strong>Spiritum</strong></span> <span class='ocrx_word' id='word_1_390' title='bbox 3512 1962 3682 2016; x_wconf 80' lang='lat' dir='ltr'><strong>horni-</strong></span> 
     </span>
    </p>
   </div>
   <div class='ocr_carea' id='block_1_49' title="bbox 2118 2053 3680 2126">
    <p class='ocr_par' dir='ltr' id='par_1_49' title="bbox 2118 2053 3680 2126">
     <span class='ocr_line' id='line_1_49' title="bbox 2118 2053 3680 2126; baseline -0.006 -12"><span class='ocrx_word' id='word_1_391' title='bbox 2118 2062 2220 2116; x_wconf 92' lang='lat' dir='ltr'><strong>nis.</strong></span> <span class='ocrx_word' id='word_1_392' title='bbox 2253 2062 2333 2114; x_wconf 85' lang='lat' dir='ltr'><strong>Ad</strong></span> <span class='ocrx_word' id='word_1_393' title='bbox 2367 2059 2874 2114; x_wconf 86' lang='lat' dir='ltr'><strong>Tbessalonicenses</strong></span> <span class='ocrx_word' id='word_1_394' title='bbox 2915 2072 3129 2126; x_wconf 88' lang='lat' dir='ltr'><strong>quoque</strong></span> <span class='ocrx_word' id='word_1_395' title='bbox 3159 2076 3170 2110; x_wconf 95' lang='lat'><strong>:</strong></span> <span class='ocrx_word' id='word_1_396' title='bbox 3215 2076 3233 2109; x_wconf 82' lang='grc' dir='ltr'><strong>ι</strong></span> <span class='ocrx_word' id='word_1_397' title='bbox 3276 2057 3504 2124; x_wconf 86' lang='lat' dir='ltr'><strong>Integer,</strong></span> <span class='ocrx_word' id='word_1_398' title='bbox 3542 2073 3560 2105; x_wconf 71' lang='grc' dir='ltr'><strong>ι</strong></span> <span class='ocrx_word' id='word_1_399' title='bbox 3596 2053 3680 2105; x_wconf 89' lang='lat' dir='ltr'><strong>in-</strong></span> 
     </span>
    </p>
   </div>
   <div class='ocr_carea' id='block_1_50' title="bbox 2115 2145 3683 2223">
    <p class='ocr_par' dir='ltr' id='par_1_50' title="bbox 2115 2145 3683 2223">
     <span class='ocr_line' id='line_1_50' title="bbox 2115 2145 3683 2223; baseline -0.006 -18"><span class='ocrx_word' id='word_1_400' title='bbox 2115 2154 2252 2221; x_wconf 68' lang='lat' dir='ltr'><strong>quit,</strong></span> <span class='ocrx_word' id='word_1_401' title='bbox 2285 2169 2304 2202; x_wconf 82' lang='grc' dir='ltr'><strong>ι</strong></span> <span class='ocrx_word' id='word_1_402' title='bbox 2337 2152 2558 2223; x_wconf 82' lang='lat' dir='ltr'><strong>spiritus</strong></span> <span class='ocrx_word' id='word_1_403' title='bbox 2590 2160 2786 2215; x_wconf 90' lang='lat' dir='ltr'><strong>vester,</strong></span> <span class='ocrx_word' id='word_1_404' title='bbox 2818 2159 2869 2204; x_wconf 91' lang='lat' dir='ltr'><strong>et</strong></span> <span class='ocrx_word' id='word_1_405' title='bbox 2893 2148 3068 2202; x_wconf 90' lang='lat' dir='ltr'><strong>anima</strong></span> <span class='ocrx_word' id='word_1_406' title='bbox 3095 2157 3146 2202; x_wconf 92' lang='lat' dir='ltr'><strong>et</strong></span> <span class='ocrx_word' id='word_1_407' title='bbox 3171 2163 3366 2216; x_wconf 86' lang='lat' dir='ltr'><strong>corpus</strong></span> <span class='ocrx_word' id='word_1_408' title='bbox 3392 2147 3456 2198; x_wconf 80' lang='grc'><strong>³³.</strong></span> <span class='ocrx_word' id='word_1_409' title='bbox 3483 2163 3502 2198; x_wconf 84' lang='grc'><strong>›</strong></span> <span class='ocrx_word' id='word_1_410' title='bbox 3534 2145 3683 2198; x_wconf 91' lang='lat' dir='ltr'><strong>Sicut</strong></span> 
     </span>
    </p>
   </div>
   <div class='ocr_carea' id='block_1_51' title="bbox 2116 2237 3681 2310">
    <p class='ocr_par' dir='ltr' id='par_1_51' title="bbox 2116 2237 3681 2310">
     <span class='ocr_line' id='line_1_51' title="bbox 2116 2237 3681 2310; baseline -0.005 -13"><span class='ocrx_word' id='word_1_411' title='bbox 2116 2246 2256 2298; x_wconf 83' lang='lat' dir='ltr'><strong>enim</strong></span> <span class='ocrx_word' id='word_1_412' title='bbox 2289 2245 2391 2297; x_wconf 87' lang='lat' dir='ltr'><strong>alia</strong></span> <span class='ocrx_word' id='word_1_413' title='bbox 2427 2256 2511 2298; x_wconf 86' lang='lat' dir='ltr'><strong>est</strong></span> <span class='ocrx_word' id='word_1_414' title='bbox 2549 2245 2748 2304; x_wconf 88' lang='lat' dir='ltr'><strong>anima,</strong></span> <span class='ocrx_word' id='word_1_415' title='bbox 2783 2251 2837 2297; x_wconf 92' lang='lat' dir='ltr'><strong>et</strong></span> <span class='ocrx_word' id='word_1_416' title='bbox 2879 2257 3076 2310; x_wconf 89' lang='lat' dir='ltr'><strong>corpus</strong></span> <span class='ocrx_word' id='word_1_417' title='bbox 3103 2241 3286 2294; x_wconf 89' lang='lat' dir='ltr'><strong>aliud:</strong></span> <span class='ocrx_word' id='word_1_418' title='bbox 3329 2239 3407 2293; x_wconf 86' lang='lat' dir='ltr'><strong>sic</strong></span> <span class='ocrx_word' id='word_1_419' title='bbox 3448 2249 3500 2293; x_wconf 91' lang='lat' dir='ltr'><strong>et</strong></span> <span class='ocrx_word' id='word_1_420' title='bbox 3541 2237 3681 2292; x_wconf 77' lang='lat' dir='ltr'><strong>aliud</strong></span> 
     </span>
    </p>
   </div>
   <div class='ocr_carea' id='block_1_52' title="bbox 2114 2331 3682 2405">
    <p class='ocr_par' dir='ltr' id='par_1_52' title="bbox 2114 2331 3682 2405">
     <span class='ocr_line' id='line_1_52' title="bbox 2114 2331 3682 2405; baseline -0.003 -15"><span class='ocrx_word' id='word_1_421' title='bbox 2114 2348 2196 2391; x_wconf 90' lang='lat' dir='ltr'><strong>est</strong></span> <span class='ocrx_word' id='word_1_422' title='bbox 2241 2337 2461 2405; x_wconf 90' lang='lat' dir='ltr'><strong>spiritus</strong></span> <span class='ocrx_word' id='word_1_423' title='bbox 2513 2337 2580 2390; x_wconf 89' lang='lat' dir='ltr'><strong>ab</strong></span> <span class='ocrx_word' id='word_1_424' title='bbox 2624 2337 2836 2398; x_wconf 89' lang='lat' dir='ltr'><strong>anima,</strong></span> <span class='ocrx_word' id='word_1_425' title='bbox 2891 2350 3009 2404; x_wconf 70' lang='lat' dir='ltr'><strong>quae</strong></span> <span class='ocrx_word' id='word_1_426' title='bbox 3069 2349 3166 2389; x_wconf 87' lang='lat' dir='ltr'><strong>suo</strong></span> <span class='ocrx_word' id='word_1_427' title='bbox 3219 2334 3336 2387; x_wconf 91' lang='lat' dir='ltr'><strong>loco</strong></span> <span class='ocrx_word' id='word_1_428' title='bbox 3377 2331 3682 2402; x_wconf 77' lang='lat' dir='ltr'><strong>Specialiter</strong></span> 
     </span>
    </p>
   </div>
   <div class='ocr_carea' id='block_1_53' title="bbox 2113 2423 3683 2497">
    <p class='ocr_par' dir='ltr' id='par_1_53' title="bbox 2113 2423 3683 2497">
     <span class='ocr_line' id='line_1_53' title="bbox 2113 2423 3683 2497; baseline -0.003 -19"><span class='ocrx_word' id='word_1_429' title='bbox 2113 2427 2429 2497; x_wconf 88' lang='lat' dir='ltr'><strong>appellatur.</strong></span> <span class='ocrx_word' id='word_1_430' title='bbox 2462 2427 2536 2480; x_wconf 88' lang='lat' dir='ltr'><strong>De</strong></span> <span class='ocrx_word' id='word_1_431' title='bbox 2565 2440 2671 2494; x_wconf 91' lang='lat' dir='ltr'><strong>quo</strong></span> <span class='ocrx_word' id='word_1_432' title='bbox 2703 2437 2757 2480; x_wconf 89' lang='lat' dir='ltr'><strong>et</strong></span> <span class='ocrx_word' id='word_1_433' title='bbox 2802 2427 2975 2478; x_wconf 88' lang='lat' dir='ltr'><strong>oravit</strong></span> <span class='ocrx_word' id='word_1_434' title='bbox 3019 2423 3114 2496; x_wconf 82' lang='grc' dir='ltr'><strong>[αι.</strong></span> <span class='ocrx_word' id='word_1_435' title='bbox 3153 2423 3295 2494; x_wconf 90' lang='lat' dir='ltr'><strong>orat]</strong></span> <span class='ocrx_word' id='word_1_436' title='bbox 3318 2463 3332 2486; x_wconf 94' lang='lat'><strong>,</strong></span> <span class='ocrx_word' id='word_1_437' title='bbox 3388 2435 3446 2476; x_wconf 92' lang='lat' dir='ltr'><strong>ut</strong></span> <span class='ocrx_word' id='word_1_438' title='bbox 3480 2423 3683 2492; x_wconf 81' lang='lat' dir='ltr'><strong>integer</strong></span> 
     </span>
    </p>
   </div>
   <div class='ocr_carea' id='block_1_54' title="bbox 2112 2512 3676 2584">
    <p class='ocr_par' dir='ltr' id='par_1_54' title="bbox 2112 2512 3676 2584">
     <span class='ocr_line' id='line_1_54' title="bbox 2112 2512 3676 2584; baseline -0.006 -13"><span class='ocrx_word' id='word_1_439' title='bbox 2112 2531 2230 2571; x_wconf 89' lang='lat' dir='ltr'><strong>cum</strong></span> <span class='ocrx_word' id='word_1_440' title='bbox 2260 2519 2436 2570; x_wconf 88' lang='lat' dir='ltr'><strong>anima</strong></span> <span class='ocrx_word' id='word_1_441' title='bbox 2464 2527 2708 2571; x_wconf 85' lang='lat' dir='ltr'><strong>servetur</strong></span> <span class='ocrx_word' id='word_1_442' title='bbox 2737 2527 2787 2570; x_wconf 91' lang='lat' dir='ltr'><strong>et</strong></span> <span class='ocrx_word' id='word_1_443' title='bbox 2817 2530 3060 2584; x_wconf 89' lang='lat' dir='ltr'><strong>corpore,</strong></span> <span class='ocrx_word' id='word_1_444' title='bbox 3087 2515 3211 2581; x_wconf 90' lang='lat' dir='ltr'><strong>quia</strong></span> <span class='ocrx_word' id='word_1_445' title='bbox 3237 2512 3549 2568; x_wconf 87' lang='lat' dir='ltr'><strong>incredibile</strong></span> <span class='ocrx_word' id='word_1_446' title='bbox 3572 2521 3676 2575; x_wconf 89' lang='lat' dir='ltr'><strong>est,</strong></span> 
     </span>
    </p>
   </div>
   <div class='ocr_carea' id='block_1_55' title="bbox 2111 2604 3678 2677">
    <p class='ocr_par' dir='ltr' id='par_1_55' title="bbox 2111 2604 3678 2677">
     <span class='ocr_line' id='line_1_55' title="bbox 2111 2604 3678 2677; baseline -0.004 -17"><span class='ocrx_word' id='word_1_447' title='bbox 2111 2619 2272 2677; x_wconf 88' lang='lat' dir='ltr'><strong>atque</strong></span> <span class='ocrx_word' id='word_1_448' title='bbox 2298 2609 2670 2676; x_wconf 87' lang='lat' dir='ltr'><strong>blasphemum</strong></span> <span class='ocrx_word' id='word_1_449' title='bbox 2694 2647 2710 2671; x_wconf 95' lang='lat'><strong>,</strong></span> <span class='ocrx_word' id='word_1_450' title='bbox 2763 2621 2923 2660; x_wconf 88' lang='lat' dir='ltr'><strong>orare</strong></span> <span class='ocrx_word' id='word_1_451' title='bbox 2962 2605 3274 2674; x_wconf 83' lang='lat' dir='ltr'><strong>Apostolum</strong></span> <span class='ocrx_word' id='word_1_452' title='bbox 3297 2645 3311 2669; x_wconf 92' lang='lat'><strong>,</strong></span> <span class='ocrx_word' id='word_1_453' title='bbox 3354 2615 3413 2658; x_wconf 86' lang='grc' dir='ltr'><strong>ιιι</strong></span> <span class='ocrx_word' id='word_1_454' title='bbox 3443 2604 3678 2673; x_wconf 86' lang='lat' dir='ltr'><strong>Spiritus</strong></span> 
     </span>
    </p>
   </div>
   <div class='ocr_carea' id='block_1_56' title="bbox 2109 2693 3676 2767">
    <p class='ocr_par' dir='ltr' id='par_1_56' title="bbox 2109 2693 3676 2767">
     <span class='ocr_line' id='line_1_56' title="bbox 2109 2693 3676 2767; baseline -0.004 -14"><span class='ocrx_word' id='word_1_455' title='bbox 2109 2701 2549 2767; x_wconf 86' lang='lat' dir='ltr'><strong>sanctusinteger</strong></span> <span class='ocrx_word' id='word_1_456' title='bbox 2570 2707 2837 2764; x_wconf 88' lang='lat' dir='ltr'><strong>servetur,</strong></span> <span class='ocrx_word' id='word_1_457' title='bbox 2865 2699 2952 2767; x_wconf 91' lang='lat' dir='ltr'><strong>qui</strong></span> <span class='ocrx_word' id='word_1_458' title='bbox 2989 2712 3085 2750; x_wconf 90' lang='lat' dir='ltr'><strong>nec</strong></span> <span class='ocrx_word' id='word_1_459' title='bbox 3113 2695 3537 2749; x_wconf 87' lang='lat' dir='ltr'><strong>imminutionem</strong></span> <span class='ocrx_word' id='word_1_460' title='bbox 3562 2693 3676 2765; x_wconf 76' lang='lat'><strong>(53)</strong></span> 
     </span>
    </p>
   </div>
   <div class='ocr_carea' id='block_1_57' title="bbox 2112 2788 3672 2859">
    <p class='ocr_par' dir='ltr' id='par_1_57' title="bbox 2112 2788 3672 2859">
     <span class='ocr_line' id='line_1_57' title="bbox 2112 2788 3672 2859; baseline -0.003 -17"><span class='ocrx_word' id='word_1_461' title='bbox 2112 2798 2290 2859; x_wconf 87' lang='lat' dir='ltr'><strong>potest</strong></span> <span class='ocrx_word' id='word_1_462' title='bbox 2322 2790 2581 2858; x_wconf 85' lang='lat' dir='ltr'><strong>recipere,</strong></span> <span class='ocrx_word' id='word_1_463' title='bbox 2609 2804 2709 2844; x_wconf 89' lang='lat' dir='ltr'><strong>nec</strong></span> <span class='ocrx_word' id='word_1_464' title='bbox 2737 2788 3055 2856; x_wconf 90' lang='lat' dir='ltr'><strong>profectum.</strong></span> <span class='ocrx_word' id='word_1_465' title='bbox 3082 2789 3157 2842; x_wconf 91' lang='lat' dir='ltr'><strong>De</strong></span> <span class='ocrx_word' id='word_1_466' title='bbox 3180 2789 3414 2842; x_wconf 89' lang='lat' dir='ltr'><strong>humano</strong></span> <span class='ocrx_word' id='word_1_467' title='bbox 3437 2802 3583 2856; x_wconf 83' lang='lat' dir='ltr'><strong>ergo,</strong></span> <span class='ocrx_word' id='word_1_468' title='bbox 3613 2793 3672 2838; x_wconf 91' lang='lat' dir='ltr'><strong>ut</strong></span> 
     </span>
    </p>
   </div>
   <div class='ocr_carea' id='block_1_58' title="bbox 2109 2881 3671 2949">
    <p class='ocr_par' dir='ltr' id='par_1_58' title="bbox 2109 2881 3671 2949">
     <span class='ocr_line' id='line_1_58' title="bbox 2109 2881 3671 2949; baseline -0.002 -13"><span class='ocrx_word' id='word_1_469' title='bbox 2109 2882 2362 2945; x_wconf 72' lang='lat' dir='ltr'><strong>diximus,</strong></span> <span class='ocrx_word' id='word_1_470' title='bbox 2393 2883 2585 2949; x_wconf 88' lang='lat' dir='ltr'><strong>spiritu</strong></span> <span class='ocrx_word' id='word_1_471' title='bbox 2615 2882 2668 2934; x_wconf 94' lang='lat' dir='ltr'><strong>in</strong></span> <span class='ocrx_word' id='word_1_472' title='bbox 2707 2882 2808 2935; x_wconf 92' lang='lat' dir='ltr'><strong>hoc</strong></span> <span class='ocrx_word' id='word_1_473' title='bbox 2840 2881 3077 2949; x_wconf 90' lang='lat' dir='ltr'><strong>Apostoli</strong></span> <span class='ocrx_word' id='word_1_474' title='bbox 3114 2895 3292 2936; x_wconf 89' lang='lat' dir='ltr'><strong>sermo</strong></span> <span class='ocrx_word' id='word_1_475' title='bbox 3320 2889 3543 2933; x_wconf 89' lang='lat' dir='ltr'><strong>testatus</strong></span> <span class='ocrx_word' id='word_1_476' title='bbox 3567 2888 3671 2933; x_wconf 92' lang='lat' dir='ltr'><strong>est.</strong></span> 
     </span>
    </p>
   </div>
   <div class='ocr_carea' id='block_1_59' title="bbox 2176 2971 3681 3042">
    <p class='ocr_par' dir='ltr' id='par_1_59' title="bbox 2176 2971 3681 3042">
     <span class='ocr_line' id='line_1_59' title="bbox 2176 2971 3681 3042; baseline -0.001 -15"><span class='ocrx_word' id='word_1_477' title='bbox 2176 2972 2263 3027; x_wconf 74' lang='lat'><strong>36.</strong></span> <span class='ocrx_word' id='word_1_478' title='bbox 2294 2972 2645 3042; x_wconf 90' lang='lat' dir='ltr'><strong>Appellantur</strong></span> <span class='ocrx_word' id='word_1_479' title='bbox 2671 2987 2885 3042; x_wconf 87' lang='lat' dir='ltr'><strong>quoque</strong></span> <span class='ocrx_word' id='word_1_480' title='bbox 2929 2987 3170 3041; x_wconf 80' lang='lat' dir='ltr'><strong>supernze</strong></span> <span class='ocrx_word' id='word_1_481' title='bbox 3225 2971 3681 3038; x_wconf 88' lang='lat' dir='ltr'><strong>rationabilcsque</strong></span> 
     </span>
    </p>
   </div>
   <div class='ocr_carea' id='block_1_60' title="bbox 2106 3061 3680 3133">
    <p class='ocr_par' dir='ltr' id='par_1_60' title="bbox 2106 3061 3680 3133">
     <span class='ocr_line' id='line_1_60' title="bbox 2106 3061 3680 3133; baseline -0.001 -18"><span class='ocrx_word' id='word_1_482' title='bbox 2106 3065 2350 3125; x_wconf 79' lang='lat' dir='ltr'><strong>virtutes,</strong></span> <span class='ocrx_word' id='word_1_483' title='bbox 2386 3077 2522 3131; x_wconf 91' lang='lat' dir='ltr'><strong>quas</strong></span> <span class='ocrx_word' id='word_1_484' title='bbox 2579 3063 2712 3116; x_wconf 89' lang='lat' dir='ltr'><strong>solet</strong></span> <span class='ocrx_word' id='word_1_485' title='bbox 2753 3061 3028 3130; x_wconf 90' lang='lat' dir='ltr'><strong>Scriptura</strong></span> <span class='ocrx_word' id='word_1_486' title='bbox 3079 3063 3297 3133; x_wconf 79' lang='lat' dir='ltr'><strong>angelos</strong></span> <span class='ocrx_word' id='word_1_487' title='bbox 3328 3075 3382 3117; x_wconf 90' lang='lat' dir='ltr'><strong>et</strong></span> <span class='ocrx_word' id='word_1_488' title='bbox 3413 3061 3680 3116; x_wconf 75' lang='lat' dir='ltr'><strong>fortitudi-</strong></span> 
     </span>
    </p>
   </div>
   <div class='ocr_carea' id='block_1_61' title="bbox 2107 3151 3664 3222">
    <p class='ocr_par' dir='ltr' id='par_1_61' title="bbox 2107 3151 3664 3222">
     <span class='ocr_line' id='line_1_61' title="bbox 2107 3151 3664 3222; baseline -0.001 -16"><span class='ocrx_word' id='word_1_489' title='bbox 2107 3167 2202 3208; x_wconf 78' lang='lat' dir='ltr'><strong>nes</strong></span> <span class='ocrx_word' id='word_1_490' title='bbox 2229 3155 2525 3214; x_wconf 87' lang='lat' dir='ltr'><strong>nominare,</strong></span> <span class='ocrx_word' id='word_1_491' title='bbox 2557 3153 2814 3206; x_wconf 89' lang='lat' dir='ltr'><strong>vocabulo</strong></span> <span class='ocrx_word' id='word_1_492' title='bbox 2835 3153 3076 3222; x_wconf 89' lang='lat' dir='ltr'><strong>spiritus,</strong></span> <span class='ocrx_word' id='word_1_493' title='bbox 3107 3163 3164 3206; x_wconf 92' lang='lat' dir='ltr'><strong>ut</strong></span> <span class='ocrx_word' id='word_1_494' title='bbox 3199 3153 3306 3206; x_wconf 89' lang='lat' dir='ltr'><strong>ibi:</strong></span> <span class='ocrx_word' id='word_1_495' title='bbox 3343 3172 3362 3203; x_wconf 82' lang='grc' dir='ltr'><strong>ι</strong></span> <span class='ocrx_word' id='word_1_496' title='bbox 3410 3153 3495 3222; x_wconf 90' lang='lat' dir='ltr'><strong>qui</strong></span> <span class='ocrx_word' id='word_1_497' title='bbox 3535 3151 3664 3204; x_wconf 88' lang='lat' dir='ltr'><strong>facis</strong></span> 
     </span>
    </p>
   </div>
   <div class='ocr_carea' id='block_1_62' title="bbox 437 3213 3675 3320">
    <p class='ocr_par' dir='ltr' id='par_1_62' title="bbox 437 3213 3675 3320">
     <span class='ocr_line' id='line_1_62' title="bbox 437 3213 3675 3320; baseline 0.002 -30"><span class='ocrx_word' id='word_1_498' title='bbox 437 3253 554 3290; x_wconf 91' lang='lat' dir='ltr'><strong>rum</strong></span> <span class='ocrx_word' id='word_1_499' title='bbox 587 3213 780 3290; x_wconf 85' lang='lat' dir='ltr'><strong>natura</strong></span> <span class='ocrx_word' id='word_1_500' title='bbox 820 3239 1099 3292; x_wconf 88' lang='lat' dir='ltr'><strong>subsistat.</strong></span> <span class='ocrx_word' id='word_1_501' title='bbox 1143 3236 1380 3293; x_wconf 79' lang='lat' dir='ltr'><strong>Vocatur</strong></span> <span class='ocrx_word' id='word_1_502' title='bbox 1413 3249 1468 3293; x_wconf 89' lang='lat' dir='ltr'><strong>et</strong></span> <span class='ocrx_word' id='word_1_503' title='bbox 1513 3240 1691 3294; x_wconf 85' lang='lat' dir='ltr'><strong>anima</strong></span> <span class='ocrx_word' id='word_1_504' title='bbox 1745 3243 2000 3310; x_wconf 88' lang='lat' dir='ltr'><strong>spiritus,</strong></span> <span class='ocrx_word' id='word_1_505' title='bbox 2029 3213 2074 3275; x_wconf 53' lang='grc' dir='ltr'>(ἶ</span> <span class='ocrx_word' id='word_1_506' title='bbox 2108 3247 2206 3320; x_wconf 77' lang='grc' dir='ltr'><strong>[ιι.</strong></span> <span class='ocrx_word' id='word_1_507' title='bbox 2240 3245 2372 3300; x_wconf 90' lang='lat' dir='ltr'><strong>facit</strong></span> <span class='ocrx_word' id='word_1_508' title='bbox 2395 3257 2441 3299; x_wconf 79' lang='lat' dir='ltr'><strong>et</strong></span> <span class='ocrx_word' id='word_1_509' title='bbox 2469 3244 2615 3316; x_wconf 83' lang='lat' dir='ltr'><strong>suos]</strong></span> <span class='ocrx_word' id='word_1_510' title='bbox 2647 3245 2862 3312; x_wconf 82' lang='lat' dir='ltr'><strong>angelos</strong></span> <span class='ocrx_word' id='word_1_511' title='bbox 2904 3255 3020 3300; x_wconf 90' lang='lat' dir='ltr'><strong>tuos</strong></span> <span class='ocrx_word' id='word_1_512' title='bbox 3052 3246 3272 3314; x_wconf 89' lang='lat' dir='ltr'><strong>spiritus</strong></span> <span class='ocrx_word' id='word_1_513' title='bbox 3295 3245 3338 3276; x_wconf 84' lang='grc'><em>³³</em></span> <span class='ocrx_word' id='word_1_514' title='bbox 3363 3263 3408 3310; x_wconf 79' lang='grc' dir='ltr'>;ι</span> <span class='ocrx_word' id='word_1_515' title='bbox 3438 3254 3490 3298; x_wconf 90' lang='lat' dir='ltr'><strong>et</strong></span> <span class='ocrx_word' id='word_1_516' title='bbox 3508 3243 3627 3297; x_wconf 89' lang='lat' dir='ltr'><strong>alibi</strong></span> <span class='ocrx_word' id='word_1_517' title='bbox 3659 3263 3675 3298; x_wconf 90' lang='lat'><strong>:</strong></span> 
     </span>
    </p>
   </div>
   <div class='ocr_carea' id='block_1_63' title="bbox 433 3325 2002 3405">
    <p class='ocr_par' dir='ltr' id='par_1_63' title="bbox 433 3325 2002 3405">
     <span class='ocr_line' id='line_1_63' title="bbox 433 3325 2002 3405; baseline 0.006 -26"><span class='ocrx_word' id='word_1_518' title='bbox 433 3338 492 3384; x_wconf 85' lang='grc' dir='ltr'><strong>ιιι</strong></span> <span class='ocrx_word' id='word_1_519' title='bbox 516 3329 569 3384; x_wconf 92' lang='lat' dir='ltr'><strong>in</strong></span> <span class='ocrx_word' id='word_1_520' title='bbox 601 3325 788 3384; x_wconf 85' lang='lat' dir='ltr'><strong>Jacobi</strong></span> <span class='ocrx_word' id='word_1_521' title='bbox 821 3329 1056 3399; x_wconf 90' lang='lat' dir='ltr'><strong>Epistula</strong></span> <span class='ocrx_word' id='word_1_522' title='bbox 1085 3348 1097 3381; x_wconf 92' lang='lat'><strong>:</strong></span> <span class='ocrx_word' id='word_1_523' title='bbox 1131 3349 1150 3381; x_wconf 87' lang='grc' dir='ltr'><strong>ι</strong></span> <span class='ocrx_word' id='word_1_524' title='bbox 1183 3331 1460 3396; x_wconf 85' lang='lat' dir='ltr'><strong>Quomodo</strong></span> <span class='ocrx_word' id='word_1_525' title='bbox 1486 3346 1679 3400; x_wconf 83' lang='lat' dir='ltr'><strong>corpus</strong></span> <span class='ocrx_word' id='word_1_526' title='bbox 1714 3344 1862 3387; x_wconf 91' lang='lat' dir='ltr'><strong>tuum</strong></span> <span class='ocrx_word' id='word_1_527' title='bbox 1889 3335 2002 3405; x_wconf 81' lang='lat'><strong>(50)</strong></span> 
     </span>
    </p>
   </div>
   <div class='ocr_carea' id='block_1_64' title="bbox 434 3423 2005 3494">
    <p class='ocr_par' dir='ltr' id='par_1_64' title="bbox 434 3423 2005 3494">
     <span class='ocr_line' id='line_1_64' title="bbox 434 3423 2005 3494; baseline 0.003 -18"><span class='ocrx_word' id='word_1_528' title='bbox 434 3423 554 3477; x_wconf 88' lang='lat' dir='ltr'><strong>sine</strong></span> <span class='ocrx_word' id='word_1_529' title='bbox 583 3423 772 3490; x_wconf 91' lang='lat' dir='ltr'><strong>spiritu</strong></span> <span class='ocrx_word' id='word_1_530' title='bbox 801 3432 1071 3477; x_wconf 90' lang='lat' dir='ltr'><strong>mortuum</strong></span> <span class='ocrx_word' id='word_1_531' title='bbox 1097 3433 1198 3486; x_wconf 85' lang='lat' dir='ltr'><strong>est,</strong></span> <span class='ocrx_word' id='word_1_532' title='bbox 1230 3442 1247 3474; x_wconf 77' lang='grc' dir='ltr'><strong>ι</strong></span> <span class='ocrx_word' id='word_1_533' title='bbox 1277 3435 1332 3478; x_wconf 92' lang='lat' dir='ltr'><strong>et</strong></span> <span class='ocrx_word' id='word_1_534' title='bbox 1357 3425 1561 3494; x_wconf 85' lang='lat' dir='ltr'><strong>reliqua</strong></span> <span class='ocrx_word' id='word_1_535' title='bbox 1585 3426 1649 3476; x_wconf 72' lang='grc' dir='ltr'><strong>η.</strong></span> <span class='ocrx_word' id='word_1_536' title='bbox 1681 3424 2005 3482; x_wconf 79' lang='lat' dir='ltr'><strong>Manifestis-</strong></span> 
     </span>
    </p>
   </div>
   <div class='ocr_carea' id='block_1_65' title="bbox 434 3514 2004 3581">
    <p class='ocr_par' dir='ltr' id='par_1_65' title="bbox 434 3514 2004 3581">
     <span class='ocr_line' id='line_1_65' title="bbox 434 3514 2004 3581; baseline 0.004 -15"><span class='ocrx_word' id='word_1_537' title='bbox 434 3514 572 3569; x_wconf 86' lang='lat' dir='ltr'><strong>sime</strong></span> <span class='ocrx_word' id='word_1_538' title='bbox 601 3514 745 3568; x_wconf 88' lang='lat' dir='ltr'><strong>enim</strong></span> <span class='ocrx_word' id='word_1_539' title='bbox 774 3514 998 3581; x_wconf 90' lang='lat' dir='ltr'><strong>spiritus</strong></span> <span class='ocrx_word' id='word_1_540' title='bbox 1042 3515 1130 3568; x_wconf 91' lang='lat' dir='ltr'><strong>hic</strong></span> <span class='ocrx_word' id='word_1_541' title='bbox 1165 3515 1295 3569; x_wconf 90' lang='lat' dir='ltr'><strong>nihil</strong></span> <span class='ocrx_word' id='word_1_542' title='bbox 1333 3516 1479 3571; x_wconf 89' lang='lat' dir='ltr'><strong>aliud</strong></span> <span class='ocrx_word' id='word_1_543' title='bbox 1512 3517 1615 3572; x_wconf 91' lang='lat' dir='ltr'><strong>nisi</strong></span> <span class='ocrx_word' id='word_1_544' title='bbox 1656 3519 1832 3571; x_wconf 86' lang='lat' dir='ltr'><strong>anima</strong></span> <span class='ocrx_word' id='word_1_545' title='bbox 1869 3534 2004 3573; x_wconf 90' lang='lat' dir='ltr'><strong>nun-</strong></span> 
     </span>
    </p>
   </div>
   <div class='ocr_carea' id='block_1_66' title="bbox 433 3603 2004 3677">
    <p class='ocr_par' dir='ltr' id='par_1_66' title="bbox 433 3603 2004 3677">
     <span class='ocr_line' id='line_1_66' title="bbox 433 3603 2004 3677; baseline 0.004 -19"><span class='ocrx_word' id='word_1_546' title='bbox 433 3615 682 3673; x_wconf 88' lang='lat' dir='ltr'><strong>cupatur.</strong></span> <span class='ocrx_word' id='word_1_547' title='bbox 731 3603 892 3658; x_wconf 80' lang='lat' dir='ltr'><strong>Juxta</strong></span> <span class='ocrx_word' id='word_1_548' title='bbox 931 3619 1090 3673; x_wconf 91' lang='lat' dir='ltr'><strong>quam</strong></span> <span class='ocrx_word' id='word_1_549' title='bbox 1137 3605 1550 3674; x_wconf 80' lang='lat' dir='ltr'><strong>intelligentiam</strong></span> <span class='ocrx_word' id='word_1_550' title='bbox 1592 3617 1648 3662; x_wconf 92' lang='lat' dir='ltr'><strong>et</strong></span> <span class='ocrx_word' id='word_1_551' title='bbox 1697 3607 2004 3677; x_wconf 90' lang='lat' dir='ltr'><strong>Stephanus</strong></span> 
     </span>
    </p>
   </div>
   <div class='ocr_carea' id='block_1_67' title="bbox 435 3697 1999 3770">
    <p class='ocr_par' dir='ltr' id='par_1_67' title="bbox 435 3697 1999 3770">
     <span class='ocr_line' id='line_1_67' title="bbox 435 3697 1999 3770; baseline 0.002 -20"><span class='ocrx_word' id='word_1_552' title='bbox 435 3697 670 3750; x_wconf 88' lang='lat' dir='ltr'><strong>animam</strong></span> <span class='ocrx_word' id='word_1_553' title='bbox 705 3711 858 3750; x_wconf 89' lang='lat' dir='ltr'><strong>suam</strong></span> <span class='ocrx_word' id='word_1_554' title='bbox 887 3697 1134 3765; x_wconf 91' lang='lat' dir='ltr'><strong>spiritum</strong></span> <span class='ocrx_word' id='word_1_555' title='bbox 1166 3711 1390 3761; x_wconf 89' lang='lat' dir='ltr'><strong>vocans,</strong></span> <span class='ocrx_word' id='word_1_556' title='bbox 1423 3716 1442 3749; x_wconf 84' lang='grc' dir='ltr'><strong>ι</strong></span> <span class='ocrx_word' id='word_1_557' title='bbox 1471 3699 1718 3764; x_wconf 88' lang='lat' dir='ltr'><strong>Domine,</strong></span> <span class='ocrx_word' id='word_1_558' title='bbox 1751 3719 1769 3750; x_wconf 74' lang='grc' dir='ltr'><strong>ι</strong></span> <span class='ocrx_word' id='word_1_559' title='bbox 1809 3699 1999 3770; x_wconf 90' lang='lat' dir='ltr'><strong>inquit,</strong></span> 
     </span>
    </p>
   </div>
   <div class='ocr_carea' id='block_1_68' title="bbox 439 3784 2006 3861">
    <p class='ocr_par' dir='ltr' id='par_1_68' title="bbox 439 3784 2006 3861">
     <span class='ocr_line' id='line_1_68' title="bbox 439 3784 2006 3861; baseline 0.005 -22"><span class='ocrx_word' id='word_1_560' title='bbox 439 3807 457 3839; x_wconf 84' lang='grc' dir='ltr'><strong>ι</strong></span> <span class='ocrx_word' id='word_1_561' title='bbox 501 3784 628 3840; x_wconf 86' lang='lat' dir='ltr'><strong>Jesu</strong></span> <span class='ocrx_word' id='word_1_562' title='bbox 652 3825 667 3848; x_wconf 91' lang='lat'><strong>,</strong></span> <span class='ocrx_word' id='word_1_563' title='bbox 701 3787 913 3855; x_wconf 87' lang='lat' dir='ltr'><strong>suscipe</strong></span> <span class='ocrx_word' id='word_1_564' title='bbox 958 3787 1206 3857; x_wconf 90' lang='lat' dir='ltr'><strong>spiritum</strong></span> <span class='ocrx_word' id='word_1_565' title='bbox 1259 3803 1436 3842; x_wconf 90' lang='lat' dir='ltr'><strong>meum</strong></span> <span class='ocrx_word' id='word_1_566' title='bbox 1473 3790 1541 3843; x_wconf 78' lang='grc'><strong>’⁷.</strong></span> <span class='ocrx_word' id='word_1_567' title='bbox 1574 3809 1592 3840; x_wconf 71' lang='grc' dir='ltr'><strong>ι</strong></span> <span class='ocrx_word' id='word_1_568' title='bbox 1630 3791 1760 3845; x_wconf 93' lang='lat' dir='ltr'><strong>Illud</strong></span> <span class='ocrx_word' id='word_1_569' title='bbox 1792 3807 2006 3861; x_wconf 89' lang='lat' dir='ltr'><strong>quoque</strong></span> 
     </span>
    </p>
   </div>
   <div class='ocr_carea' id='block_1_69' title="bbox 435 3877 2004 3952">
    <p class='ocr_par' dir='ltr' id='par_1_69' title="bbox 435 3877 2004 3952">
     <span class='ocr_line' id='line_1_69' title="bbox 435 3877 2004 3952; baseline 0.004 -21"><span class='ocrx_word' id='word_1_570' title='bbox 435 3879 577 3949; x_wconf 87' lang='lat' dir='ltr'><strong>quod</strong></span> <span class='ocrx_word' id='word_1_571' title='bbox 609 3879 663 3932; x_wconf 92' lang='lat' dir='ltr'><strong>in</strong></span> <span class='ocrx_word' id='word_1_572' title='bbox 698 3877 1019 3935; x_wconf 88' lang='lat' dir='ltr'><strong>Ecclesiaste</strong></span> <span class='ocrx_word' id='word_1_573' title='bbox 1049 3880 1282 3934; x_wconf 89' lang='lat' dir='ltr'><strong>dicitur:</strong></span> <span class='ocrx_word' id='word_1_574' title='bbox 1332 3899 1350 3932; x_wconf 90' lang='grc' dir='ltr'><strong>ι</strong></span> <span class='ocrx_word' id='word_1_575' title='bbox 1391 3880 1520 3946; x_wconf 88' lang='lat' dir='ltr'><strong>Quis</strong></span> <span class='ocrx_word' id='word_1_576' title='bbox 1554 3883 1657 3935; x_wconf 91' lang='lat' dir='ltr'><strong>scit</strong></span> <span class='ocrx_word' id='word_1_577' title='bbox 1686 3897 1752 3935; x_wconf 90' lang='lat' dir='ltr'><strong>an</strong></span> <span class='ocrx_word' id='word_1_578' title='bbox 1783 3883 2004 3952; x_wconf 85' lang='lat' dir='ltr'><strong>spiritus</strong></span> 
     </span>
    </p>
   </div>
   <div class='ocr_carea' id='block_1_70' title="bbox 433 3969 2004 4042">
    <p class='ocr_par' dir='ltr' id='par_1_70' title="bbox 433 3969 2004 4042">
     <span class='ocr_line' id='line_1_70' title="bbox 433 3969 2004 4042; baseline 0.003 -18"><span class='ocrx_word' id='word_1_579' title='bbox 433 3969 670 4025; x_wconf 84' lang='lat' dir='ltr'><strong>hominis</strong></span> <span class='ocrx_word' id='word_1_580' title='bbox 697 3970 951 4025; x_wconf 90' lang='lat' dir='ltr'><strong>ascendat</strong></span> <span class='ocrx_word' id='word_1_581' title='bbox 993 3985 1239 4036; x_wconf 89' lang='lat' dir='ltr'><strong>sursum,</strong></span> <span class='ocrx_word' id='word_1_582' title='bbox 1279 3981 1332 4027; x_wconf 87' lang='lat' dir='ltr'><strong>et</strong></span> <span class='ocrx_word' id='word_1_583' title='bbox 1389 3972 1612 4042; x_wconf 81' lang='lat' dir='ltr'><strong>Spiritus</strong></span> <span class='ocrx_word' id='word_1_584' title='bbox 1639 3972 1865 4040; x_wconf 81' lang='lat' dir='ltr'><strong>iumenti</strong></span> <span class='ocrx_word' id='word_1_585' title='bbox 1912 3975 2004 4028; x_wconf 83' lang='lat' dir='ltr'><strong>de-</strong></span> 
     </span>
    </p>
   </div>
   <div class='ocr_carea' id='block_1_71' title="bbox 433 4064 2006 4124">
    <p class='ocr_par' dir='ltr' id='par_1_71' title="bbox 433 4064 2006 4124">
     <span class='ocr_line' id='line_1_71' title="bbox 433 4064 2006 4124; baseline 0.001 -4"><span class='ocrx_word' id='word_1_586' title='bbox 433 4065 657 4120; x_wconf 84' lang='lat' dir='ltr'><strong>sccndat</strong></span> <span class='ocrx_word' id='word_1_587' title='bbox 689 4064 938 4118; x_wconf 87' lang='lat' dir='ltr'><strong>deorsum</strong></span> <span class='ocrx_word' id='word_1_588' title='bbox 965 4064 1045 4116; x_wconf 65' lang='lat'><strong>&#39;3?</strong></span> <span class='ocrx_word' id='word_1_589' title='bbox 1082 4084 1100 4116; x_wconf 78' lang='grc' dir='ltr'><strong>ι</strong></span> <span class='ocrx_word' id='word_1_590' title='bbox 1133 4064 1591 4120; x_wconf 86' lang='lat' dir='ltr'><strong>Considerandum</strong></span> <span class='ocrx_word' id='word_1_591' title='bbox 1618 4074 1922 4121; x_wconf 90' lang='lat' dir='ltr'><strong>utrumnam</strong></span> <span class='ocrx_word' id='word_1_592' title='bbox 1951 4079 2006 4124; x_wconf 89' lang='lat' dir='ltr'><strong>et</strong></span> 
     </span>
    </p>
   </div>
   <div class='ocr_carea' id='block_1_72' title="bbox 432 4158 2001 4228">
    <p class='ocr_par' dir='ltr' id='par_1_72' title="bbox 432 4158 2001 4228">
     <span class='ocr_line' id='line_1_72' title="bbox 432 4158 2001 4228; baseline 0.002 -17"><span class='ocrx_word' id='word_1_593' title='bbox 432 4161 696 4228; x_wconf 91' lang='lat' dir='ltr'><strong>pecudum</strong></span> <span class='ocrx_word' id='word_1_594' title='bbox 745 4158 938 4212; x_wconf 65' lang='lat' dir='ltr'><strong>animae</strong></span> <span class='ocrx_word' id='word_1_595' title='bbox 964 4159 1183 4227; x_wconf 88' lang='lat' dir='ltr'><strong>spiritus</strong></span> <span class='ocrx_word' id='word_1_596' title='bbox 1219 4158 1576 4228; x_wconf 91' lang='lat' dir='ltr'><strong>appellentur.</strong></span> <span class='ocrx_word' id='word_1_597' title='bbox 1603 4159 1813 4214; x_wconf 90' lang='lat' dir='ltr'><strong>Dicitur</strong></span> <span class='ocrx_word' id='word_1_598' title='bbox 1837 4161 2001 4216; x_wconf 91' lang='lat' dir='ltr'><strong>etiam</strong></span> 
     </span>
    </p>
   </div>
   <div class='ocr_carea' id='block_1_73' title="bbox 434 4249 2003 4320">
    <p class='ocr_par' dir='ltr' id='par_1_73' title="bbox 434 4249 2003 4320">
     <span class='ocr_line' id='line_1_73' title="bbox 434 4249 2003 4320; baseline 0.002 -16"><span class='ocrx_word' id='word_1_599' title='bbox 434 4259 661 4318; x_wconf 81' lang='lat' dir='ltr'><strong>excepta</strong></span> <span class='ocrx_word' id='word_1_600' title='bbox 697 4249 877 4303; x_wconf 84' lang='lat' dir='ltr'><strong>anima</strong></span> <span class='ocrx_word' id='word_1_601' title='bbox 902 4289 918 4314; x_wconf 95' lang='lat'><strong>,</strong></span> <span class='ocrx_word' id='word_1_602' title='bbox 958 4258 1013 4302; x_wconf 91' lang='lat' dir='ltr'><strong>et</strong></span> <span class='ocrx_word' id='word_1_603' title='bbox 1058 4259 1282 4317; x_wconf 77' lang='lat' dir='ltr'><strong>excepto</strong></span> <span class='ocrx_word' id='word_1_604' title='bbox 1311 4251 1502 4318; x_wconf 87' lang='lat' dir='ltr'><strong>spiritu</strong></span> <span class='ocrx_word' id='word_1_605' title='bbox 1534 4260 1743 4317; x_wconf 90' lang='lat' dir='ltr'><strong>nostro,</strong></span> <span class='ocrx_word' id='word_1_606' title='bbox 1782 4252 2003 4320; x_wconf 89' lang='lat' dir='ltr'><strong>spiritus</strong></span> 
     </span>
    </p>
   </div>
   <div class='ocr_carea' id='block_1_74' title="bbox 436 4336 2005 4409">
    <p class='ocr_par' dir='ltr' id='par_1_74' title="bbox 436 4336 2005 4409">
     <span class='ocr_line' id='line_1_74' title="bbox 436 4336 2005 4409; baseline 0.006 -21"><span class='ocrx_word' id='word_1_607' title='bbox 436 4337 575 4391; x_wconf 88' lang='lat' dir='ltr'><strong>alius</strong></span> <span class='ocrx_word' id='word_1_608' title='bbox 606 4336 717 4404; x_wconf 74' lang='grc'>(51)</span> <span class='ocrx_word' id='word_1_609' title='bbox 744 4337 865 4405; x_wconf 91' lang='lat' dir='ltr'><strong>quis</strong></span> <span class='ocrx_word' id='word_1_610' title='bbox 894 4352 1014 4392; x_wconf 90' lang='lat' dir='ltr'><strong>esse</strong></span> <span class='ocrx_word' id='word_1_611' title='bbox 1045 4337 1097 4390; x_wconf 93' lang='lat' dir='ltr'><strong>in</strong></span> <span class='ocrx_word' id='word_1_612' title='bbox 1126 4339 1373 4406; x_wconf 90' lang='lat' dir='ltr'><strong>homine,</strong></span> <span class='ocrx_word' id='word_1_613' title='bbox 1405 4339 1471 4394; x_wconf 91' lang='lat' dir='ltr'><strong>de</strong></span> <span class='ocrx_word' id='word_1_614' title='bbox 1500 4355 1608 4409; x_wconf 89' lang='lat' dir='ltr'><strong>quo</strong></span> <span class='ocrx_word' id='word_1_615' title='bbox 1645 4338 1839 4396; x_wconf 88' lang='lat' dir='ltr'><strong>Paulus</strong></span> <span class='ocrx_word' id='word_1_616' title='bbox 1869 4343 2005 4397; x_wconf 90' lang='lat' dir='ltr'><strong>scri-</strong></span> 
     </span>
    </p>
   </div>
   <div class='ocr_carea' id='block_1_75' title="bbox 437 4429 2004 4502">
    <p class='ocr_par' dir='ltr' id='par_1_75' title="bbox 437 4429 2004 4502">
     <span class='ocr_line' id='line_1_75' title="bbox 437 4429 2004 4502; baseline 0.003 -18"><span class='ocrx_word' id='word_1_617' title='bbox 437 4430 553 4484; x_wconf 87' lang='lat' dir='ltr'><strong>bit:</strong></span> <span class='ocrx_word' id='word_1_618' title='bbox 586 4447 605 4481; x_wconf 86' lang='grc' dir='ltr'><strong>ι</strong></span> <span class='ocrx_word' id='word_1_619' title='bbox 639 4429 769 4497; x_wconf 91' lang='lat' dir='ltr'><strong>Quis</strong></span> <span class='ocrx_word' id='word_1_620' title='bbox 800 4431 941 4485; x_wconf 92' lang='lat' dir='ltr'><strong>enim</strong></span> <span class='ocrx_word' id='word_1_621' title='bbox 976 4432 1080 4486; x_wconf 91' lang='lat' dir='ltr'><strong>scit</strong></span> <span class='ocrx_word' id='word_1_622' title='bbox 1113 4432 1388 4486; x_wconf 91' lang='lat' dir='ltr'><strong>hominum</strong></span> <span class='ocrx_word' id='word_1_623' title='bbox 1422 4448 1486 4487; x_wconf 89' lang='lat' dir='ltr'><strong>ea</strong></span> <span class='ocrx_word' id='word_1_624' title='bbox 1517 4448 1634 4502; x_wconf 68' lang='lat' dir='ltr'><strong>qua:</strong></span> <span class='ocrx_word' id='word_1_625' title='bbox 1679 4443 1802 4487; x_wconf 91' lang='lat' dir='ltr'><strong>sunt</strong></span> <span class='ocrx_word' id='word_1_626' title='bbox 1827 4435 2004 4489; x_wconf 86' lang='lat' dir='ltr'><strong>homi-</strong></span> 
     </span>
    </p>
   </div>
   <div class='ocr_carea' id='block_1_76' title="bbox 2111 3334 3668 3406">
    <p class='ocr_par' dir='ltr' id='par_1_76' title="bbox 2111 3334 3668 3406">
     <span class='ocr_line' id='line_1_76' title="bbox 2111 3334 3668 3406; baseline -0.002 -16"><span class='ocrx_word' id='word_1_627' title='bbox 2111 3359 2129 3390; x_wconf 79' lang='grc' dir='ltr'><strong>ι</strong></span> <span class='ocrx_word' id='word_1_628' title='bbox 2166 3337 2354 3393; x_wconf 83' lang='lat' dir='ltr'><strong>Nonne</strong></span> <span class='ocrx_word' id='word_1_629' title='bbox 2391 3353 2576 3391; x_wconf 90' lang='lat' dir='ltr'><strong>omnes</strong></span> <span class='ocrx_word' id='word_1_630' title='bbox 2632 3345 2758 3390; x_wconf 80' lang='lat' dir='ltr'><strong>sunt</strong></span> <span class='ocrx_word' id='word_1_631' title='bbox 2802 3337 3263 3392; x_wconf 90' lang='lat' dir='ltr'><strong>administratores</strong></span> <span class='ocrx_word' id='word_1_632' title='bbox 3309 3338 3528 3406; x_wconf 90' lang='lat' dir='ltr'><strong>spiritus</strong></span> <span class='ocrx_word' id='word_1_633' title='bbox 3556 3334 3668 3389; x_wconf 72' lang='grc' dir='ltr'><strong>³⁸⁴Ρι</strong></span> 
     </span>
    </p>
   </div>
   <div class='ocr_carea' id='block_1_77' title="bbox 2105 3427 3676 3499">
    <p class='ocr_par' dir='ltr' id='par_1_77' title="bbox 2105 3427 3676 3499">
     <span class='ocr_line' id='line_1_77' title="bbox 2105 3427 3676 3499; baseline -0.004 -14"><span class='ocrx_word' id='word_1_634' title='bbox 2105 3432 2240 3487; x_wconf 87' lang='grc' dir='ltr'>Ριιιο</span> <span class='ocrx_word' id='word_1_635' title='bbox 2273 3432 2337 3484; x_wconf 85' lang='lat' dir='ltr'><strong>ad</strong></span> <span class='ocrx_word' id='word_1_636' title='bbox 2369 3431 2512 3485; x_wconf 86' lang='lat' dir='ltr'><strong>hunc</strong></span> <span class='ocrx_word' id='word_1_637' title='bbox 2537 3444 2753 3484; x_wconf 87' lang='lat' dir='ltr'><strong>seusmn</strong></span> <span class='ocrx_word' id='word_1_638' title='bbox 2788 3439 2843 3483; x_wconf 92' lang='lat' dir='ltr'><strong>et</strong></span> <span class='ocrx_word' id='word_1_639' title='bbox 2875 3430 3002 3484; x_wconf 93' lang='lat' dir='ltr'><strong>illud</strong></span> <span class='ocrx_word' id='word_1_640' title='bbox 3029 3429 3242 3494; x_wconf 79' lang='lat' dir='ltr'><strong>referri,</strong></span> <span class='ocrx_word' id='word_1_641' title='bbox 3289 3428 3430 3499; x_wconf 90' lang='lat' dir='ltr'><strong>quod</strong></span> <span class='ocrx_word' id='word_1_642' title='bbox 3458 3429 3508 3482; x_wconf 93' lang='lat' dir='ltr'><strong>in</strong></span> <span class='ocrx_word' id='word_1_643' title='bbox 3532 3427 3676 3480; x_wconf 86' lang='lat' dir='ltr'><strong>Acti-</strong></span> 
     </span>
    </p>
   </div>
   <div class='ocr_carea' id='block_1_78' title="bbox 2105 3519 3668 3591">
    <p class='ocr_par' dir='ltr' id='par_1_78' title="bbox 2105 3519 3668 3591">
     <span class='ocr_line' id='line_1_78' title="bbox 2105 3519 3668 3591; baseline -0.003 -16"><span class='ocrx_word' id='word_1_644' title='bbox 2105 3523 2206 3575; x_wconf 89' lang='lat' dir='ltr'><strong>bus</strong></span> <span class='ocrx_word' id='word_1_645' title='bbox 2253 3521 2612 3590; x_wconf 88' lang='lat' dir='ltr'><strong>apostolorum</strong></span> <span class='ocrx_word' id='word_1_646' title='bbox 2676 3519 2932 3574; x_wconf 89' lang='lat' dir='ltr'><strong>scribitur</strong></span> <span class='ocrx_word' id='word_1_647' title='bbox 2973 3538 2987 3575; x_wconf 90' lang='lat'><strong>:</strong></span> <span class='ocrx_word' id='word_1_648' title='bbox 3027 3521 3302 3591; x_wconf 68' lang='lat' dir='ltr'><strong>«Spiritus</strong></span> <span class='ocrx_word' id='word_1_649' title='bbox 3354 3520 3557 3574; x_wconf 90' lang='lat' dir='ltr'><strong>Domini</strong></span> <span class='ocrx_word' id='word_1_650' title='bbox 3590 3534 3668 3571; x_wconf 87' lang='lat' dir='ltr'><strong>ra-</strong></span> 
     </span>
    </p>
   </div>
   <div class='ocr_carea' id='block_1_79' title="bbox 2104 3611 3670 3681">
    <p class='ocr_par' dir='ltr' id='par_1_79' title="bbox 2104 3611 3670 3681">
     <span class='ocr_line' id='line_1_79' title="bbox 2104 3611 3670 3681; baseline -0.002 -16"><span class='ocrx_word' id='word_1_651' title='bbox 2104 3611 2612 3681; x_wconf 86' lang='lat' dir='ltr'><strong>puitPhilippum,et</strong></span> <span class='ocrx_word' id='word_1_652' title='bbox 2628 3628 2732 3668; x_wconf 92' lang='lat' dir='ltr'><strong>non</strong></span> <span class='ocrx_word' id='word_1_653' title='bbox 2747 3611 3106 3680; x_wconf 86' lang='lat' dir='ltr'><strong>amplinsenm</strong></span> <span class='ocrx_word' id='word_1_654' title='bbox 3130 3614 3260 3667; x_wconf 89' lang='lat' dir='ltr'><strong>vidit</strong></span> <span class='ocrx_word' id='word_1_655' title='bbox 3282 3613 3556 3667; x_wconf 90' lang='lat' dir='ltr'><strong>eunuchus</strong></span> <span class='ocrx_word' id='word_1_656' title='bbox 3572 3611 3670 3673; x_wconf 75' lang='grc' dir='ltr'>³³,ι</span> 
     </span>
    </p>
   </div>
   <div class='ocr_carea' id='block_1_80' title="bbox 2106 3704 3675 3772">
    <p class='ocr_par' dir='ltr' id='par_1_80' title="bbox 2106 3704 3675 3772">
     <span class='ocr_line' id='line_1_80' title="bbox 2106 3704 3675 3772; baseline -0.001 -16"><span class='ocrx_word' id='word_1_657' title='bbox 2106 3704 2156 3757; x_wconf 94' lang='lat' dir='ltr'><strong>id</strong></span> <span class='ocrx_word' id='word_1_658' title='bbox 2193 3713 2272 3757; x_wconf 92' lang='lat' dir='ltr'><strong>est</strong></span> <span class='ocrx_word' id='word_1_659' title='bbox 2308 3705 2532 3772; x_wconf 83' lang='lat' dir='ltr'><strong>angelus</strong></span> <span class='ocrx_word' id='word_1_660' title='bbox 2565 3705 2774 3761; x_wconf 86' lang='lat' dir='ltr'><strong>Domini</strong></span> <span class='ocrx_word' id='word_1_661' title='bbox 2799 3707 2852 3760; x_wconf 93' lang='lat' dir='ltr'><strong>in</strong></span> <span class='ocrx_word' id='word_1_662' title='bbox 2873 3706 3098 3760; x_wconf 91' lang='lat' dir='ltr'><strong>sublime</strong></span> <span class='ocrx_word' id='word_1_663' title='bbox 3123 3704 3675 3772; x_wconf 81' lang='lat' dir='ltr'><strong>elevansPhilippum,</strong></span> 
     </span>
    </p>
   </div>
   <div class='ocr_carea' id='block_1_81' title="bbox 2105 3793 3677 3863">
    <p class='ocr_par' dir='ltr' id='par_1_81' title="bbox 2105 3793 3677 3863">
     <span class='ocr_line' id='line_1_81' title="bbox 2105 3793 3677 3863; baseline 0.001 -17"><span class='ocrx_word' id='word_1_664' title='bbox 2105 3793 2376 3846; x_wconf 89' lang='lat' dir='ltr'><strong>transtulit</strong></span> <span class='ocrx_word' id='word_1_665' title='bbox 2407 3794 2553 3847; x_wconf 91' lang='lat' dir='ltr'><strong>illum</strong></span> <span class='ocrx_word' id='word_1_666' title='bbox 2591 3795 2642 3849; x_wconf 91' lang='lat' dir='ltr'><strong>in</strong></span> <span class='ocrx_word' id='word_1_667' title='bbox 2675 3797 2840 3850; x_wconf 89' lang='lat' dir='ltr'><strong>alium</strong></span> <span class='ocrx_word' id='word_1_668' title='bbox 2891 3795 3087 3849; x_wconf 89' lang='lat' dir='ltr'><strong>Iocmn.</strong></span> <span class='ocrx_word' id='word_1_669' title='bbox 3136 3794 3441 3848; x_wconf 80' lang='lat' dir='ltr'><strong>Rationales</strong></span> <span class='ocrx_word' id='word_1_670' title='bbox 3467 3809 3677 3863; x_wconf 89' lang='lat' dir='ltr'><strong>quoque</strong></span> 
     </span>
    </p>
   </div>
   <div class='ocr_carea' id='block_1_82' title="bbox 2106 3884 3675 3955">
    <p class='ocr_par' dir='ltr' id='par_1_82' title="bbox 2106 3884 3675 3955">
     <span class='ocr_line' id='line_1_82' title="bbox 2106 3884 3675 3955; baseline 0.001 -18"><span class='ocrx_word' id='word_1_671' title='bbox 2106 3884 2219 3937; x_wconf 71' lang='lat' dir='ltr'><strong>alia:</strong></span> <span class='ocrx_word' id='word_1_672' title='bbox 2259 3895 2538 3943; x_wconf 70' lang='lat' dir='ltr'><strong>creaturaa.</strong></span> <span class='ocrx_word' id='word_1_673' title='bbox 2573 3897 2625 3940; x_wconf 87' lang='lat' dir='ltr'><strong>et</strong></span> <span class='ocrx_word' id='word_1_674' title='bbox 2649 3888 2715 3941; x_wconf 91' lang='lat' dir='ltr'><strong>de</strong></span> <span class='ocrx_word' id='word_1_675' title='bbox 2745 3889 2886 3942; x_wconf 90' lang='lat' dir='ltr'><strong>bono</strong></span> <span class='ocrx_word' id='word_1_676' title='bbox 2917 3889 2966 3941; x_wconf 95' lang='lat' dir='ltr'><strong>in</strong></span> <span class='ocrx_word' id='word_1_677' title='bbox 3007 3886 3203 3940; x_wconf 90' lang='lat' dir='ltr'><strong>malum</strong></span> <span class='ocrx_word' id='word_1_678' title='bbox 3237 3899 3427 3955; x_wconf 89' lang='lat' dir='ltr'><strong>sponte</strong></span> <span class='ocrx_word' id='word_1_679' title='bbox 3465 3885 3675 3954; x_wconf 85' lang='lat' dir='ltr'><strong>propria</strong></span> 
     </span>
    </p>
   </div>
   <div class='ocr_carea' id='block_1_83' title="bbox 2105 3973 3678 4046">
    <p class='ocr_par' dir='ltr' id='par_1_83' title="bbox 2105 3973 3678 4046">
     <span class='ocr_line' id='line_1_83' title="bbox 2105 3973 3678 4046; baseline -0.001 -20"><span class='ocrx_word' id='word_1_680' title='bbox 2105 3973 2449 4043; x_wconf 79' lang='lat' dir='ltr'><strong>proﬂuentes,</strong></span> <span class='ocrx_word' id='word_1_681' title='bbox 2474 3976 2698 4045; x_wconf 90' lang='lat' dir='ltr'><strong>spiritus</strong></span> <span class='ocrx_word' id='word_1_682' title='bbox 2729 3977 2970 4046; x_wconf 88' lang='lat' dir='ltr'><strong>pessimi,</strong></span> <span class='ocrx_word' id='word_1_683' title='bbox 2999 3985 3051 4030; x_wconf 89' lang='lat' dir='ltr'><strong>et</strong></span> <span class='ocrx_word' id='word_1_684' title='bbox 3092 3974 3311 4044; x_wconf 87' lang='lat' dir='ltr'><strong>spiritus</strong></span> <span class='ocrx_word' id='word_1_685' title='bbox 3341 3973 3678 4044; x_wconf 89' lang='lat' dir='ltr'><strong>appellantur</strong></span> 
     </span>
    </p>
   </div>
   <div class='ocr_carea' id='block_1_84' title="bbox 2105 4062 3675 4132">
    <p class='ocr_par' dir='ltr' id='par_1_84' title="bbox 2105 4062 3675 4132">
     <span class='ocr_line' id='line_1_84' title="bbox 2105 4062 3675 4132; baseline -0.001 -18"><span class='ocrx_word' id='word_1_686' title='bbox 2105 4062 2398 4123; x_wconf 86' lang='lat' dir='ltr'><strong>immundi;</strong></span> <span class='ocrx_word' id='word_1_687' title='bbox 2432 4064 2700 4120; x_wconf 83' lang='lat' dir='ltr'><strong>sicutibi:</strong></span> <span class='ocrx_word' id='word_1_688' title='bbox 2734 4084 2752 4116; x_wconf 88' lang='grc' dir='ltr'><strong>ι</strong></span> <span class='ocrx_word' id='word_1_689' title='bbox 2793 4065 2927 4120; x_wconf 91' lang='lat' dir='ltr'><strong>Cum</strong></span> <span class='ocrx_word' id='word_1_690' title='bbox 2979 4074 3156 4120; x_wconf 91' lang='lat' dir='ltr'><strong>autem</strong></span> <span class='ocrx_word' id='word_1_691' title='bbox 3197 4063 3418 4132; x_wconf 88' lang='lat' dir='ltr'><strong>spiritus</strong></span> <span class='ocrx_word' id='word_1_692' title='bbox 3444 4064 3675 4116; x_wconf 84' lang='lat' dir='ltr'><strong>immun-</strong></span> 
     </span>
    </p>
   </div>
   <div class='ocr_carea' id='block_1_85' title="bbox 2104 4153 3677 4224">
    <p class='ocr_par' dir='ltr' id='par_1_85' title="bbox 2104 4153 3677 4224">
     <span class='ocr_line' id='line_1_85' title="bbox 2104 4153 3677 4224; baseline 0.001 -19"><span class='ocrx_word' id='word_1_693' title='bbox 2104 4153 2203 4205; x_wconf 89' lang='lat' dir='ltr'><strong>dus</strong></span> <span class='ocrx_word' id='word_1_694' title='bbox 2232 4153 2424 4207; x_wconf 79' lang='lat' dir='ltr'><strong>exierit</strong></span> <span class='ocrx_word' id='word_1_695' title='bbox 2451 4155 2516 4209; x_wconf 84' lang='lat' dir='ltr'><strong>ab</strong></span> <span class='ocrx_word' id='word_1_696' title='bbox 2547 4156 2825 4220; x_wconf 60' lang='lat' dir='ltr'><strong>hominen</strong></span> <span class='ocrx_word' id='word_1_697' title='bbox 2855 4167 2908 4211; x_wconf 92' lang='lat' dir='ltr'><strong>et</strong></span> <span class='ocrx_word' id='word_1_698' title='bbox 2928 4156 2980 4210; x_wconf 93' lang='lat' dir='ltr'><strong>in</strong></span> <span class='ocrx_word' id='word_1_699' title='bbox 3012 4153 3499 4224; x_wconf 90' lang='lat' dir='ltr'><strong>consequentibus:</strong></span> <span class='ocrx_word' id='word_1_700' title='bbox 3534 4171 3552 4204; x_wconf 79' lang='grc' dir='ltr'><strong>ι</strong></span> <span class='ocrx_word' id='word_1_701' title='bbox 3576 4153 3677 4206; x_wconf 83' lang='lat' dir='ltr'><strong>As-</strong></span> 
     </span>
    </p>
   </div>
   <div class='ocr_carea' id='block_1_86' title="bbox 2103 4243 3677 4315">
    <p class='ocr_par' dir='ltr' id='par_1_86' title="bbox 2103 4243 3677 4315">
     <span class='ocr_line' id='line_1_86' title="bbox 2103 4243 3677 4315; baseline 0 -19"><span class='ocrx_word' id='word_1_702' title='bbox 2103 4243 2268 4296; x_wconf 78' lang='lat' dir='ltr'><strong>sntit</strong></span> <span class='ocrx_word' id='word_1_703' title='bbox 2296 4255 2497 4312; x_wconf 91' lang='lat' dir='ltr'><strong>septem</strong></span> <span class='ocrx_word' id='word_1_704' title='bbox 2526 4245 2660 4300; x_wconf 90' lang='lat' dir='ltr'><strong>alios</strong></span> <span class='ocrx_word' id='word_1_705' title='bbox 2691 4246 2911 4315; x_wconf 89' lang='lat' dir='ltr'><strong>spiritus</strong></span> <span class='ocrx_word' id='word_1_706' title='bbox 2936 4247 3218 4315; x_wconf 89' lang='lat' dir='ltr'><strong>nequiores</strong></span> <span class='ocrx_word' id='word_1_707' title='bbox 3246 4260 3305 4299; x_wconf 89' lang='lat' dir='ltr'><strong>se</strong></span> <span class='ocrx_word' id='word_1_708' title='bbox 3329 4245 3392 4298; x_wconf 83' lang='grc'><strong>³⁸.</strong></span> <span class='ocrx_word' id='word_1_709' title='bbox 3409 4262 3426 4295; x_wconf 74' lang='grc' dir='ltr'><strong>ι</strong></span> <span class='ocrx_word' id='word_1_710' title='bbox 3448 4244 3677 4312; x_wconf 90' lang='lat' dir='ltr'><strong>Spiritus</strong></span> 
     </span>
    </p>
   </div>
   <div class='ocr_carea' id='block_1_87' title="bbox 2109 4336 3673 4408">
    <p class='ocr_par' dir='ltr' id='par_1_87' title="bbox 2109 4336 3673 4408">
     <span class='ocr_line' id='line_1_87' title="bbox 2109 4336 3673 4408; baseline 0 -20"><span class='ocrx_word' id='word_1_711' title='bbox 2109 4348 2325 4404; x_wconf 89' lang='lat' dir='ltr'><strong>quoque</strong></span> <span class='ocrx_word' id='word_1_712' title='bbox 2354 4340 2625 4392; x_wconf 85' lang='lat' dir='ltr'><strong>daemones</strong></span> <span class='ocrx_word' id='word_1_713' title='bbox 2654 4337 2706 4391; x_wconf 91' lang='lat' dir='ltr'><strong>in</strong></span> <span class='ocrx_word' id='word_1_714' title='bbox 2740 4336 3046 4408; x_wconf 88' lang='lat' dir='ltr'><strong>Evangeliis</strong></span> <span class='ocrx_word' id='word_1_715' title='bbox 3084 4337 3440 4406; x_wconf 88' lang='lat' dir='ltr'><strong>appellantur.</strong></span> <span class='ocrx_word' id='word_1_716' title='bbox 3478 4336 3582 4390; x_wconf 87' lang='lat' dir='ltr'><strong>Sed</strong></span> <span class='ocrx_word' id='word_1_717' title='bbox 3619 4343 3673 4388; x_wconf 86' lang='lat' dir='ltr'><strong>et</strong></span> 
     </span>
    </p>
   </div>
   <div class='ocr_carea' id='block_1_88' title="bbox 2105 4425 3674 4500">
    <p class='ocr_par' dir='ltr' id='par_1_88' title="bbox 2105 4425 3674 4500">
     <span class='ocr_line' id='line_1_88' title="bbox 2105 4425 3674 4500; baseline 0 -21"><span class='ocrx_word' id='word_1_718' title='bbox 2105 4425 2210 4481; x_wconf 86' lang='lat' dir='ltr'><strong>hoc</strong></span> <span class='ocrx_word' id='word_1_719' title='bbox 2242 4429 2560 4492; x_wconf 89' lang='lat' dir='ltr'><strong>notandum,</strong></span> <span class='ocrx_word' id='word_1_720' title='bbox 2600 4445 2872 4499; x_wconf 90' lang='lat' dir='ltr'><strong>nunquam</strong></span> <span class='ocrx_word' id='word_1_721' title='bbox 2930 4430 3246 4500; x_wconf 89' lang='lat' dir='ltr'><strong>simpliciter</strong></span> <span class='ocrx_word' id='word_1_722' title='bbox 3278 4428 3547 4496; x_wconf 89' lang='lat' dir='ltr'><strong>spiritum,</strong></span> <span class='ocrx_word' id='word_1_723' title='bbox 3581 4425 3674 4481; x_wconf 86' lang='lat' dir='ltr'><strong>sed</strong></span> 
     </span>
    </p>
   </div>
   <div class='ocr_carea' id='block_1_89' title="bbox 433 4515 3674 4609">
    <p class='ocr_par' dir='ltr' id='par_1_89' title="bbox 433 4515 3674 4609">
     <span class='ocr_line' id='line_1_89' title="bbox 433 4515 3674 4609; baseline -0.001 -40"><span class='ocrx_word' id='word_1_724' title='bbox 433 4520 540 4585; x_wconf 80' lang='lat' dir='ltr'><strong>nis,</strong></span> <span class='ocrx_word' id='word_1_725' title='bbox 569 4520 670 4573; x_wconf 88' lang='lat' dir='ltr'><strong>nisi</strong></span> <span class='ocrx_word' id='word_1_726' title='bbox 703 4520 921 4590; x_wconf 87' lang='lat' dir='ltr'><strong>spiritus</strong></span> <span class='ocrx_word' id='word_1_727' title='bbox 944 4521 1196 4587; x_wconf 74' lang='lat' dir='ltr'><strong>hominis,</strong></span> <span class='ocrx_word' id='word_1_728' title='bbox 1226 4522 1316 4590; x_wconf 89' lang='lat' dir='ltr'><strong>qui</strong></span> <span class='ocrx_word' id='word_1_729' title='bbox 1342 4523 1395 4576; x_wconf 86' lang='lat' dir='ltr'><strong>in</strong></span> <span class='ocrx_word' id='word_1_730' title='bbox 1425 4537 1490 4576; x_wconf 87' lang='lat' dir='ltr'><strong>eo</strong></span> <span class='ocrx_word' id='word_1_731' title='bbox 1514 4531 1597 4577; x_wconf 76' lang='lat' dir='ltr'><strong>est</strong></span> <span class='ocrx_word' id='word_1_732' title='bbox 1619 4523 1698 4576; x_wconf 71' lang='lat'><strong>&#39;9?</strong></span> <span class='ocrx_word' id='word_1_733' title='bbox 1730 4543 1748 4576; x_wconf 73' lang='grc' dir='ltr'><strong>ι</strong></span> <span class='ocrx_word' id='word_1_734' title='bbox 1779 4523 1834 4577; x_wconf 87' lang='lat' dir='ltr'><strong>Si</strong></span> <span class='ocrx_word' id='word_1_735' title='bbox 1860 4527 2000 4579; x_wconf 77' lang='lat' dir='ltr'><strong>enim</strong></span> <span class='ocrx_word' id='word_1_736' title='bbox 2035 4555 2080 4609; x_wconf 68' lang='grc' dir='ltr'><strong>Β</strong></span> <span class='ocrx_word' id='word_1_737' title='bbox 2109 4529 2231 4568; x_wconf 87' lang='lat' dir='ltr'><strong>eum</strong></span> <span class='ocrx_word' id='word_1_738' title='bbox 2263 4515 2443 4586; x_wconf 89' lang='lat' dir='ltr'><strong>aliquo</strong></span> <span class='ocrx_word' id='word_1_739' title='bbox 2472 4519 2838 4574; x_wconf 77' lang='lat' dir='ltr'><strong>additamenta</strong></span> <span class='ocrx_word' id='word_1_740' title='bbox 2865 4519 3112 4588; x_wconf 87' lang='lat' dir='ltr'><strong>spiritum</strong></span> <span class='ocrx_word' id='word_1_741' title='bbox 3145 4517 3436 4588; x_wconf 82' lang='lat' dir='ltr'><strong>significari</strong></span> <span class='ocrx_word' id='word_1_742' title='bbox 3469 4525 3674 4572; x_wconf 82' lang='lat' dir='ltr'><strong>contra-</strong></span> 
     </span>
    </p>
   </div>
   <div class='ocr_carea' id='block_1_90' title="bbox 431 4612 2002 4686">
    <p class='ocr_par' dir='ltr' id='par_1_90' title="bbox 431 4612 2002 4686">
     <span class='ocr_line' id='line_1_90' title="bbox 431 4612 2002 4686; baseline 0.005 -23"><span class='ocrx_word' id='word_1_743' title='bbox 431 4612 664 4666; x_wconf 82' lang='lat' dir='ltr'><strong>voluerit</strong></span> <span class='ocrx_word' id='word_1_744' title='bbox 691 4613 1014 4667; x_wconf 86' lang='lat' dir='ltr'><strong>contendere</strong></span> <span class='ocrx_word' id='word_1_745' title='bbox 1043 4612 1311 4683; x_wconf 90' lang='lat' dir='ltr'><strong>quispiam</strong></span> <span class='ocrx_word' id='word_1_746' title='bbox 1333 4616 1570 4669; x_wconf 90' lang='lat' dir='ltr'><strong>animam</strong></span> <span class='ocrx_word' id='word_1_747' title='bbox 1595 4615 1683 4670; x_wconf 86' lang='lat' dir='ltr'><strong>hic</strong></span> <span class='ocrx_word' id='word_1_748' title='bbox 1707 4617 2002 4686; x_wconf 87' lang='lat' dir='ltr'><strong>significari</strong></span> 
     </span>
    </p>
   </div>
   <div class='ocr_carea' id='block_1_91' title="bbox 431 4704 2002 4778">
    <p class='ocr_par' dir='ltr' id='par_1_91' title="bbox 431 4704 2002 4778">
     <span class='ocr_line' id='line_1_91' title="bbox 431 4704 2002 4778; baseline 0.006 -22"><span class='ocrx_word' id='word_1_749' title='bbox 431 4704 486 4757; x_wconf 88' lang='lat' dir='ltr'><strong>in</strong></span> <span class='ocrx_word' id='word_1_750' title='bbox 522 4705 737 4774; x_wconf 91' lang='lat' dir='ltr'><strong>spiritu,</strong></span> <span class='ocrx_word' id='word_1_751' title='bbox 765 4708 884 4775; x_wconf 89' lang='lat' dir='ltr'><strong>quis</strong></span> <span class='ocrx_word' id='word_1_752' title='bbox 912 4707 1014 4762; x_wconf 87' lang='lat' dir='ltr'><strong>erit</strong></span> <span class='ocrx_word' id='word_1_753' title='bbox 1040 4708 1200 4763; x_wconf 88' lang='lat' dir='ltr'><strong>homo</strong></span> <span class='ocrx_word' id='word_1_754' title='bbox 1234 4708 1387 4778; x_wconf 88' lang='lat' dir='ltr'><strong>cujus</strong></span> <span class='ocrx_word' id='word_1_755' title='bbox 1422 4710 1796 4777; x_wconf 86' lang='lat' dir='ltr'><strong>cogitationes,</strong></span> <span class='ocrx_word' id='word_1_756' title='bbox 1831 4721 1884 4765; x_wconf 86' lang='lat' dir='ltr'><strong>et</strong></span> <span class='ocrx_word' id='word_1_757' title='bbox 1914 4727 2002 4765; x_wconf 91' lang='lat' dir='ltr'><strong>ar-</strong></span> 
     </span>
    </p>
   </div>
   <div class='ocr_carea' id='block_1_92' title="bbox 431 4799 2000 4877">
    <p class='ocr_par' dir='ltr' id='par_1_92' title="bbox 431 4799 2000 4877">
     <span class='ocr_line' id='line_1_92' title="bbox 431 4799 2000 4877; baseline 0.005 -29"><span class='ocrx_word' id='word_1_758' title='bbox 431 4809 564 4849; x_wconf 88' lang='lat' dir='ltr'><strong>cana</strong></span> <span class='ocrx_word' id='word_1_759' title='bbox 588 4835 606 4863; x_wconf 95' lang='lat'><strong>,</strong></span> <span class='ocrx_word' id='word_1_760' title='bbox 649 4806 704 4851; x_wconf 89' lang='lat' dir='ltr'><strong>et</strong></span> <span class='ocrx_word' id='word_1_761' title='bbox 732 4808 939 4854; x_wconf 87' lang='lat' dir='ltr'><strong>secreta</strong></span> <span class='ocrx_word' id='word_1_762' title='bbox 971 4799 1151 4855; x_wconf 91' lang='lat' dir='ltr'><strong>cordis</strong></span> <span class='ocrx_word' id='word_1_763' title='bbox 1181 4799 1395 4855; x_wconf 90' lang='lat' dir='ltr'><strong>occulta</strong></span> <span class='ocrx_word' id='word_1_764' title='bbox 1445 4801 1654 4855; x_wconf 88' lang='lat' dir='ltr'><strong>nesciat</strong></span> <span class='ocrx_word' id='word_1_765' title='bbox 1684 4801 1846 4877; x_wconf 86' lang='lat' dir='ltr'><strong>homo</strong></span> <span class='ocrx_word' id='word_1_766' title='bbox 1886 4801 2000 4873; x_wconf 74' lang='lat'><strong>(32)</strong></span> 
     </span>
    </p>
   </div>
   <div class='ocr_carea' id='block_1_93' title="bbox 501 4931 1592 5003">
    <p class='ocr_par' dir='ltr' id='par_1_93' title="bbox 501 4931 1592 5003">
     <span class='ocr_line' id='line_1_93' title="bbox 501 4931 1592 5003; baseline 0.014 -20"><span class='ocrx_word' id='word_1_767' title='bbox 501 4932 548 4963; x_wconf 75' lang='grc' dir='ltr'>ἰ</span> <span class='ocrx_word' id='word_1_768' title='bbox 585 4931 623 4984; x_wconf 97' lang='lat' dir='ltr'><strong>ll</strong></span> <span class='ocrx_word' id='word_1_769' title='bbox 650 4935 840 4990; x_wconf 87' lang='lat' dir='ltr'><strong>Thess.</strong></span> <span class='ocrx_word' id='word_1_770' title='bbox 871 4952 930 5003; x_wconf 85' lang='grc' dir='ltr'><strong>ιι,</strong></span> <span class='ocrx_word' id='word_1_771' title='bbox 968 4937 1056 4993; x_wconf 72' lang='grc'><strong>12.</strong></span> <span class='ocrx_word' id='word_1_772' title='bbox 1131 4939 1176 4968; x_wconf 82' lang='grc'>²²</span> <span class='ocrx_word' id='word_1_773' title='bbox 1205 4937 1360 4992; x_wconf 84' lang='lat' dir='ltr'><strong>Joan.</strong></span> <span class='ocrx_word' id='word_1_774' title='bbox 1389 4954 1463 5002; x_wconf 78' lang='grc' dir='ltr'><strong>ιν.</strong></span> <span class='ocrx_word' id='word_1_775' title='bbox 1500 4937 1592 4994; x_wconf 71' lang='grc'><strong>24.</strong></span> 
     </span>
    </p>
   </div>
   <div class='ocr_carea' id='block_1_94' title="bbox 429 5003 1666 5074">
    <p class='ocr_par' dir='ltr' id='par_1_94' title="bbox 429 5003 1666 5074">
     <span class='ocr_line' id='line_1_94' title="bbox 429 5003 1666 5074; baseline 0.006 -19"><span class='ocrx_word' id='word_1_776' title='bbox 429 5003 640 5074; x_wconf 28' lang='lat' dir='ltr'><strong>261M&quot;</strong></span> <span class='ocrx_word' id='word_1_777' title='bbox 681 5004 800 5074; x_wconf 77' lang='lat' dir='ltr'><strong>Act.</strong></span> <span class='ocrx_word' id='word_1_778' title='bbox 843 5023 941 5070; x_wconf 86' lang='lat' dir='ltr'><strong>vn,</strong></span> <span class='ocrx_word' id='word_1_779' title='bbox 971 5009 1060 5061; x_wconf 78' lang='lat'><strong>58.</strong></span> <span class='ocrx_word' id='word_1_780' title='bbox 1151 5008 1195 5040; x_wconf 75' lang='lat'>“</span> <span class='ocrx_word' id='word_1_781' title='bbox 1242 5008 1416 5063; x_wconf 88' lang='lat' dir='ltr'><strong>Ecele.</strong></span> <span class='ocrx_word' id='word_1_782' title='bbox 1459 5025 1541 5074; x_wconf 90' lang='lat' dir='ltr'><strong>III,</strong></span> <span class='ocrx_word' id='word_1_783' title='bbox 1577 5010 1666 5064; x_wconf 71' lang='lat'><strong>21.</strong></span> 
     </span>
    </p>
   </div>
   <div class='ocr_carea' id='block_1_95' title="bbox 2108 4607 3670 4678">
    <p class='ocr_par' dir='ltr' id='par_1_95' title="bbox 2108 4607 3670 4678">
     <span class='ocr_line' id='line_1_95' title="bbox 2108 4607 3670 4678; baseline 0.001 -19"><span class='ocrx_word' id='word_1_784' title='bbox 2108 4607 2270 4670; x_wconf 86' lang='lat' dir='ltr'><strong>rium,</strong></span> <span class='ocrx_word' id='word_1_785' title='bbox 2300 4617 2358 4661; x_wconf 91' lang='lat' dir='ltr'><strong>ut</strong></span> <span class='ocrx_word' id='word_1_786' title='bbox 2387 4609 2611 4678; x_wconf 87' lang='lat' dir='ltr'><strong>spiritus</strong></span> <span class='ocrx_word' id='word_1_787' title='bbox 2642 4611 2967 4674; x_wconf 87' lang='lat' dir='ltr'><strong>immundus,</strong></span> <span class='ocrx_word' id='word_1_788' title='bbox 3009 4621 3066 4664; x_wconf 89' lang='lat' dir='ltr'><strong>et</strong></span> <span class='ocrx_word' id='word_1_789' title='bbox 3111 4610 3332 4678; x_wconf 90' lang='lat' dir='ltr'><strong>spiritus</strong></span> <span class='ocrx_word' id='word_1_790' title='bbox 3383 4607 3670 4672; x_wconf 75' lang='lat' dir='ltr'><strong>daemonis;</strong></span> 
     </span>
    </p>
   </div>
   <div class='ocr_carea' id='block_1_96' title="bbox 2109 4692 3673 4770">
    <p class='ocr_par' dir='ltr' id='par_1_96' title="bbox 2109 4692 3673 4770">
     <span class='ocr_line' id='line_1_96' title="bbox 2109 4692 3673 4770; baseline 0.001 -20"><span class='ocrx_word' id='word_1_791' title='bbox 2109 4698 2162 4750; x_wconf 93' lang='lat' dir='ltr'><strong>bi</strong></span> <span class='ocrx_word' id='word_1_792' title='bbox 2195 4692 2321 4753; x_wconf 80' lang='lat' dir='ltr'><strong>vero</strong></span> <span class='ocrx_word' id='word_1_793' title='bbox 2360 4701 2451 4769; x_wconf 85' lang='lat' dir='ltr'><strong>qui</strong></span> <span class='ocrx_word' id='word_1_794' title='bbox 2482 4702 2654 4756; x_wconf 91' lang='lat' dir='ltr'><strong>sancti</strong></span> <span class='ocrx_word' id='word_1_795' title='bbox 2681 4711 2808 4755; x_wconf 92' lang='lat' dir='ltr'><strong>sunt</strong></span> <span class='ocrx_word' id='word_1_796' title='bbox 2837 4701 3079 4770; x_wconf 89' lang='lat' dir='ltr'><strong>spiritus,</strong></span> <span class='ocrx_word' id='word_1_797' title='bbox 3119 4701 3322 4768; x_wconf 89' lang='lat' dir='ltr'><strong>absque</strong></span> <span class='ocrx_word' id='word_1_798' title='bbox 3368 4697 3476 4753; x_wconf 88' lang='lat' dir='ltr'><strong>ullo</strong></span> <span class='ocrx_word' id='word_1_799' title='bbox 3525 4696 3673 4752; x_wconf 88' lang='lat' dir='ltr'><strong>addi-</strong></span> 
     </span>
    </p>
   </div>
   <div class='ocr_carea' id='block_1_97' title="bbox 2110 4791 3304 4861">
    <p class='ocr_par' dir='ltr' id='par_1_97' title="bbox 2110 4791 3304 4861">
     <span class='ocr_line' id='line_1_97' title="bbox 2110 4791 3304 4861; baseline 0.001 -19"><span class='ocrx_word' id='word_1_800' title='bbox 2110 4799 2346 4844; x_wconf 90' lang='lat' dir='ltr'><strong>tamento</strong></span> <span class='ocrx_word' id='word_1_801' title='bbox 2373 4791 2594 4860; x_wconf 88' lang='lat' dir='ltr'><strong>spiritus</strong></span> <span class='ocrx_word' id='word_1_802' title='bbox 2628 4792 2943 4860; x_wconf 90' lang='lat' dir='ltr'><strong>simpliciter</strong></span> <span class='ocrx_word' id='word_1_803' title='bbox 2967 4791 3304 4861; x_wconf 83' lang='lat' dir='ltr'><strong>appellantur</strong></span> 
     </span>
    </p>
   </div>
   <div class='ocr_carea' id='block_1_98' title="bbox 1667 4939 2006 5012">
    <p class='ocr_par' dir='ltr' id='par_1_98' title="bbox 1667 4939 1998 5012">
     <span class='ocr_line' id='line_1_98' title="bbox 1667 4939 1998 5012; baseline 0.015 -18"><span class='ocrx_word' id='word_1_804' title='bbox 1667 4939 1714 4972; x_wconf 84' lang='grc'><strong>¹³</strong></span> <span class='ocrx_word' id='word_1_805' title='bbox 1755 4941 1799 4994; x_wconf 91' lang='lat' dir='ltr'><strong>II</strong></span> <span class='ocrx_word' id='word_1_806' title='bbox 1821 4941 1948 5012; x_wconf 63' lang='lat' dir='ltr'><strong>Cor.</strong></span> <span class='ocrx_word' id='word_1_807' title='bbox 1983 4960 1998 4998; x_wconf 85' lang='grc' dir='ltr'><strong>ι</strong></span> 
     </span>
    </p>
   </div>
   <div class='ocr_carea' id='block_1_99' title="bbox 2111 4939 3666 5012">
    <p class='ocr_par' dir='ltr' id='par_1_99' title="bbox 2111 4944 3666 5012">
     <span class='ocr_line' id='line_1_99' title="bbox 2111 4944 3666 5012; baseline -0.003 -12"><span class='ocrx_word' id='word_1_808' title='bbox 2111 4947 2192 5000; x_wconf 88' lang='lat' dir='ltr'><strong>I7.</strong></span> <span class='ocrx_word' id='word_1_809' title='bbox 2251 4947 2297 4979; x_wconf 73' lang='lat'><strong>&quot;</strong></span> <span class='ocrx_word' id='word_1_810' title='bbox 2324 4948 2521 5003; x_wconf 85' lang='lat' dir='ltr'><strong>Ezech.</strong></span> <span class='ocrx_word' id='word_1_811' title='bbox 2552 4949 2685 5012; x_wconf 47' lang='grc' dir='ltr'><strong>γλ.</strong></span> <span class='ocrx_word' id='word_1_812' title='bbox 2760 4950 2808 4981; x_wconf 72' lang='grc'><strong>’⁵</strong></span> <span class='ocrx_word' id='word_1_813' title='bbox 2854 4947 2996 5001; x_wconf 86' lang='lat' dir='ltr'><strong>Psal.</strong></span> <span class='ocrx_word' id='word_1_814' title='bbox 3026 4963 3191 5010; x_wconf 74' lang='lat' dir='ltr'><strong>XLVII,</strong></span> <span class='ocrx_word' id='word_1_815' title='bbox 3226 4951 3280 5002; x_wconf 89' lang='lat'><strong>8.</strong></span> <span class='ocrx_word' id='word_1_816' title='bbox 3357 4947 3402 4978; x_wconf 80' lang='lat'><strong>&#39;°</strong></span> <span class='ocrx_word' id='word_1_817' title='bbox 3451 4944 3566 5000; x_wconf 83' lang='lat' dir='ltr'><strong>Jac.</strong></span> <span class='ocrx_word' id='word_1_818' title='bbox 3608 4959 3666 5006; x_wconf 87' lang='lat' dir='ltr'><strong>II,</strong></span> 
     </span>
    </p>
   </div>
   <div class='ocr_carea' id='block_1_100' title="bbox 1743 5011 2238 5077">
    <p class='ocr_par' dir='ltr' id='par_1_100' title="bbox 1743 5011 2238 5077">
     <span class='ocr_line' id='line_1_100' title="bbox 1743 5011 2238 5077; baseline 0.016 -13"><span class='ocrx_word' id='word_1_819' title='bbox 1743 5011 1838 5064; x_wconf 77' lang='lat' dir='ltr'><strong>&quot;I</strong></span> <span class='ocrx_word' id='word_1_820' title='bbox 1879 5012 2002 5068; x_wconf 81' lang='lat' dir='ltr'><strong>Cor.</strong></span> <span class='ocrx_word' id='word_1_821' title='bbox 2041 5032 2102 5077; x_wconf 93' lang='grc' dir='ltr'><strong>ιι,</strong></span> <span class='ocrx_word' id='word_1_822' title='bbox 2151 5017 2238 5072; x_wconf 84' lang='lat' dir='ltr'><strong>H.</strong></span> 
     </span>
    </p>
   </div>
   <div class='ocr_carea' id='block_1_101' title="bbox 2315 5015 3669 5085">
    <p class='ocr_par' dir='ltr' id='par_1_101' title="bbox 2315 5015 3669 5085">
     <span class='ocr_line' id='line_1_101' title="bbox 2315 5015 3669 5085; baseline -0.002 -14"><span class='ocrx_word' id='word_1_823' title='bbox 2315 5019 2362 5049; x_wconf 87' lang='grc'>³⁰</span> <span class='ocrx_word' id='word_1_824' title='bbox 2386 5021 2402 5071; x_wconf 96' lang='lat' dir='ltr'><strong>l</strong></span> <span class='ocrx_word' id='word_1_825' title='bbox 2425 5018 2550 5072; x_wconf 90' lang='lat' dir='ltr'><strong>Cor.</strong></span> <span class='ocrx_word' id='word_1_826' title='bbox 2585 5036 2646 5085; x_wconf 88' lang='lat' dir='ltr'><strong>tt,</strong></span> <span class='ocrx_word' id='word_1_827' title='bbox 2675 5018 2762 5073; x_wconf 78' lang='grc'><strong>10.</strong></span> <span class='ocrx_word' id='word_1_828' title='bbox 2809 5019 2852 5049; x_wconf 83' lang='grc'><strong>³¹</strong></span> <span class='ocrx_word' id='word_1_829' title='bbox 2886 5019 3039 5072; x_wconf 63' lang='lat' dir='ltr'><strong>lion).</strong></span> <span class='ocrx_word' id='word_1_830' title='bbox 3078 5033 3197 5083; x_wconf 88' lang='lat' dir='ltr'><strong>vm,</strong></span> <span class='ocrx_word' id='word_1_831' title='bbox 3231 5017 3316 5071; x_wconf 80' lang='grc'><strong>16.</strong></span> <span class='ocrx_word' id='word_1_832' title='bbox 3367 5017 3411 5048; x_wconf 75' lang='grc'>³³</span> <span class='ocrx_word' id='word_1_833' title='bbox 3439 5015 3458 5070; x_wconf 91' lang='grc' dir='ltr'><strong>ι</strong></span> <span class='ocrx_word' id='word_1_834' title='bbox 3483 5015 3669 5069; x_wconf 84' lang='lat' dir='ltr'><strong>Thess.</strong></span> 
     </span>
    </p>
   </div>
   <div class='ocr_carea' id='block_1_102' title="bbox 429 5069 2006 5153">
    <p class='ocr_par' dir='ltr' id='par_1_102' title="bbox 429 5069 2006 5145">
     <span class='ocr_line' id='line_1_102' title="bbox 429 5069 2006 5145; baseline 0.01 -22"><span class='ocrx_word' id='word_1_835' title='bbox 429 5069 597 5140; x_wconf 46' lang='grc' dir='ltr'><strong>ἱππ.</strong></span> <span class='ocrx_word' id='word_1_836' title='bbox 672 5073 718 5105; x_wconf 82' lang='grc'>³³</span> <span class='ocrx_word' id='word_1_837' title='bbox 756 5069 1035 5143; x_wconf 77' lang='lat' dir='ltr'><strong>Psal.etu,</strong></span> <span class='ocrx_word' id='word_1_838' title='bbox 1063 5076 1118 5130; x_wconf 76' lang='grc'><strong>4.</strong></span> <span class='ocrx_word' id='word_1_839' title='bbox 1193 5078 1239 5110; x_wconf 68' lang='grc'><strong>³⁸</strong></span> <span class='ocrx_word' id='word_1_840' title='bbox 1277 5077 1441 5134; x_wconf 81' lang='lat' dir='ltr'><strong>Hebr.</strong></span> <span class='ocrx_word' id='word_1_841' title='bbox 1474 5069 1625 5145; x_wconf 66' lang='lat'><strong>1,“.</strong></span> <span class='ocrx_word' id='word_1_842' title='bbox 1701 5081 1745 5112; x_wconf 81' lang='grc'><strong><em>³⁵</em></strong></span> <span class='ocrx_word' id='word_1_843' title='bbox 1782 5083 1905 5138; x_wconf 84' lang='lat' dir='ltr'><strong>Act.</strong></span> <span class='ocrx_word' id='word_1_844' title='bbox 1940 5100 2006 5138; x_wconf 90' lang='lat' dir='ltr'><strong>vn</strong></span> 
     </span>
    </p>
   </div>
   <div class='ocr_carea' id='block_1_103' title="bbox 2111 5069 2843 5153">
    <p class='ocr_par' dir='ltr' id='par_1_103' title="bbox 2111 5069 2843 5153">
     <span class='ocr_line' id='line_1_103' title="bbox 2111 5069 2843 5153; baseline -0.001 -11"><span class='ocrx_word' id='word_1_845' title='bbox 2111 5069 2177 5142; x_wconf 64' lang='lat' dir='ltr'><strong>9f</strong></span> <span class='ocrx_word' id='word_1_846' title='bbox 2193 5069 2211 5071; x_wconf 60' lang='grc'><em>’</em></span> <span class='ocrx_word' id='word_1_847' title='bbox 2228 5069 2280 5119; x_wconf 56' lang='lat'><strong>3°</strong></span> <span class='ocrx_word' id='word_1_848' title='bbox 2309 5069 2622 5153; x_wconf 44' lang='lat' dir='ltr'><strong>Matthiae,</strong></span> <span class='ocrx_word' id='word_1_849' title='bbox 2633 5069 2843 5144; x_wconf 49' lang='lat'><strong>’43-&#39;45.</strong></span> 
     </span>
    </p>
   </div>
   <div class='ocr_carea' id='block_1_104' title="bbox 503 5215 1990 5295">
    <p class='ocr_par' dir='ltr' id='par_1_104' title="bbox 503 5215 1990 5295">
     <span class='ocr_line' id='line_1_104' title="bbox 503 5215 1990 5295; baseline 0.007 -24"><span class='ocrx_word' id='word_1_850' title='bbox 503 5216 614 5289; x_wconf 73' lang='lat'><strong>(28)</strong></span> <span class='ocrx_word' id='word_1_851' title='bbox 651 5215 868 5295; x_wconf 70' lang='lat' dir='ltr'><strong>Regium</strong></span> <span class='ocrx_word' id='word_1_852' title='bbox 914 5219 1097 5295; x_wconf 63' lang='lat' dir='ltr'><strong>liber,</strong></span> <span class='ocrx_word' id='word_1_853' title='bbox 1131 5238 1150 5272; x_wconf 86' lang='grc' dir='ltr'><strong>ι</strong></span> <span class='ocrx_word' id='word_1_854' title='bbox 1203 5219 1256 5273; x_wconf 93' lang='lat' dir='ltr'><strong>in</strong></span> <span class='ocrx_word' id='word_1_855' title='bbox 1291 5221 1717 5279; x_wconf 83' lang='lat' dir='ltr'><strong>sanctificatione</strong></span> <span class='ocrx_word' id='word_1_856' title='bbox 1758 5222 1990 5295; x_wconf 90' lang='lat' dir='ltr'><strong>Spiritus</strong></span> 
     </span>
    </p>
   </div>
   <div class='ocr_carea' id='block_1_105' title="bbox 429 5287 1335 5358">
    <p class='ocr_par' dir='ltr' id='par_1_105' title="bbox 429 5287 1335 5358">
     <span class='ocr_line' id='line_1_105' title="bbox 429 5287 1335 5358; baseline 0 -16"><span class='ocrx_word' id='word_1_857' title='bbox 429 5287 590 5342; x_wconf 82' lang='lat' dir='ltr'><strong>Pater</strong></span> <span class='ocrx_word' id='word_1_858' title='bbox 614 5297 668 5358; x_wconf 85' lang='lat' dir='ltr'><strong>et</strong></span> <span class='ocrx_word' id='word_1_859' title='bbox 698 5291 896 5342; x_wconf 86' lang='lat' dir='ltr'><strong>veritas</strong></span> <span class='ocrx_word' id='word_1_860' title='bbox 921 5291 1281 5358; x_wconf 89' lang='lat' dir='ltr'><strong>possidentur.</strong></span> <span class='ocrx_word' id='word_1_861' title='bbox 1315 5308 1335 5342; x_wconf 74' lang='grc' dir='ltr'><strong>ι</strong></span> 
     </span>
    </p>
   </div>
   <div class='ocr_carea' id='block_1_106' title="bbox 501 5357 1993 5431">
    <p class='ocr_par' dir='ltr' id='par_1_106' title="bbox 501 5357 1993 5431">
     <span class='ocr_line' id='line_1_106' title="bbox 501 5357 1993 5431; baseline 0.007 -21"><span class='ocrx_word' id='word_1_862' title='bbox 501 5358 611 5428; x_wconf 73' lang='lat'><strong>(29)</strong></span> <span class='ocrx_word' id='word_1_863' title='bbox 639 5357 874 5431; x_wconf 87' lang='lat' dir='ltr'><strong>Pessime</strong></span> <span class='ocrx_word' id='word_1_864' title='bbox 907 5370 1157 5431; x_wconf 85' lang='lat' dir='ltr'><strong>acceptos</strong></span> <span class='ocrx_word' id='word_1_865' title='bbox 1198 5360 1332 5415; x_wconf 91' lang='lat' dir='ltr'><strong>duos</strong></span> <span class='ocrx_word' id='word_1_866' title='bbox 1363 5360 1526 5431; x_wconf 81' lang='lat' dir='ltr'><strong>hosce</strong></span> <span class='ocrx_word' id='word_1_867' title='bbox 1557 5361 1850 5431; x_wconf 64' lang='lat' dir='ltr'><strong>Scriptura:</strong></span> <span class='ocrx_word' id='word_1_868' title='bbox 1876 5374 1993 5420; x_wconf 77' lang='lat' dir='ltr'><strong>tex-</strong></span> 
     </span>
    </p>
   </div>
   <div class='ocr_carea' id='block_1_107' title="bbox 430 5429 1993 5496">
    <p class='ocr_par' dir='ltr' id='par_1_107' title="bbox 430 5429 1993 5496">
     <span class='ocr_line' id='line_1_107' title="bbox 430 5429 1993 5496; baseline 0.007 -17"><span class='ocrx_word' id='word_1_869' title='bbox 430 5438 515 5484; x_wconf 87' lang='lat' dir='ltr'><strong>tus</strong></span> <span class='ocrx_word' id='word_1_870' title='bbox 569 5430 640 5480; x_wconf 90' lang='lat' dir='ltr'><strong>ita</strong></span> <span class='ocrx_word' id='word_1_871' title='bbox 691 5429 913 5482; x_wconf 91' lang='lat' dir='ltr'><strong>restituo</strong></span> <span class='ocrx_word' id='word_1_872' title='bbox 940 5443 1004 5482; x_wconf 90' lang='lat' dir='ltr'><strong>ac</strong></span> <span class='ocrx_word' id='word_1_873' title='bbox 1048 5429 1336 5496; x_wconf 80' lang='lat' dir='ltr'><strong>distinguo.</strong></span> <span class='ocrx_word' id='word_1_874' title='bbox 1371 5429 1501 5484; x_wconf 87' lang='lat' dir='ltr'><strong>Erat</strong></span> <span class='ocrx_word' id='word_1_875' title='bbox 1547 5433 1598 5485; x_wconf 93' lang='lat' dir='ltr'><strong>in</strong></span> <span class='ocrx_word' id='word_1_876' title='bbox 1626 5429 1792 5488; x_wconf 79' lang='lat' dir='ltr'><strong>altera</strong></span> <span class='ocrx_word' id='word_1_877' title='bbox 1829 5455 1847 5486; x_wconf 86' lang='grc' dir='ltr'><strong>ι</strong></span> <span class='ocrx_word' id='word_1_878' title='bbox 1888 5436 1993 5490; x_wconf 91' lang='lat' dir='ltr'><strong>Du-</strong></span> 
     </span>
    </p>
   </div>
   <div class='ocr_carea' id='block_1_108' title="bbox 429 5498 1920 5568">
    <p class='ocr_par' dir='ltr' id='par_1_108' title="bbox 429 5498 1920 5568">
     <span class='ocr_line' id='line_1_108' title="bbox 429 5498 1920 5568; baseline 0.004 -17"><span class='ocrx_word' id='word_1_879' title='bbox 429 5501 626 5562; x_wconf 81' lang='lat' dir='ltr'><strong>minus,</strong></span> <span class='ocrx_word' id='word_1_880' title='bbox 659 5516 678 5548; x_wconf 75' lang='grc' dir='ltr'><strong>ι</strong></span> <span class='ocrx_word' id='word_1_881' title='bbox 713 5498 795 5552; x_wconf 89' lang='lat' dir='ltr'><strong>vel</strong></span> <span class='ocrx_word' id='word_1_882' title='bbox 823 5516 843 5550; x_wconf 83' lang='grc' dir='ltr'><strong>ι</strong></span> <span class='ocrx_word' id='word_1_883' title='bbox 874 5498 1107 5562; x_wconf 91' lang='lat' dir='ltr'><strong>Domini,</strong></span> <span class='ocrx_word' id='word_1_884' title='bbox 1141 5500 1362 5568; x_wconf 86' lang='lat' dir='ltr'><strong>spiritus</strong></span> <span class='ocrx_word' id='word_1_885' title='bbox 1392 5504 1506 5564; x_wconf 92' lang='lat' dir='ltr'><strong>ejus</strong></span> <span class='ocrx_word' id='word_1_886' title='bbox 1540 5520 1560 5552; x_wconf 72' lang='grc' dir='ltr'><strong>ι</strong></span> <span class='ocrx_word' id='word_1_887' title='bbox 1597 5517 1692 5568; x_wconf 93' lang='lat' dir='ltr'><strong>pro</strong></span> <span class='ocrx_word' id='word_1_888' title='bbox 1721 5523 1739 5554; x_wconf 80' lang='grc' dir='ltr'><strong>ι</strong></span> <span class='ocrx_word' id='word_1_889' title='bbox 1760 5514 1861 5559; x_wconf 88' lang='lat' dir='ltr'><strong>est.</strong></span> <span class='ocrx_word' id='word_1_890' title='bbox 1900 5525 1920 5557; x_wconf 74' lang='grc' dir='ltr'><strong>ι</strong></span> 
     </span>
    </p>
   </div>
   <div class='ocr_carea' id='block_1_109' title="bbox 500 5567 1993 5637">
    <p class='ocr_par' dir='ltr' id='par_1_109' title="bbox 500 5567 1993 5637">
     <span class='ocr_line' id='line_1_109' title="bbox 500 5567 1993 5637; baseline 0.005 -15"><span class='ocrx_word' id='word_1_891' title='bbox 500 5568 611 5634; x_wconf 83' lang='lat'><strong>(&#39;50)</strong></span> <span class='ocrx_word' id='word_1_892' title='bbox 642 5569 818 5620; x_wconf 88' lang='lat' dir='ltr'><strong>Alium</strong></span> <span class='ocrx_word' id='word_1_893' title='bbox 854 5570 921 5622; x_wconf 83' lang='lat' dir='ltr'><strong>ab</strong></span> <span class='ocrx_word' id='word_1_894' title='bbox 964 5569 1066 5622; x_wconf 92' lang='lat' dir='ltr'><strong>isto</strong></span> <span class='ocrx_word' id='word_1_895' title='bbox 1097 5585 1128 5622; x_wconf 85' lang='lat' dir='ltr'><strong>e</strong></span> <span class='ocrx_word' id='word_1_896' title='bbox 1161 5567 1342 5624; x_wconf 89' lang='lat' dir='ltr'><strong>Jacobi</strong></span> <span class='ocrx_word' id='word_1_897' title='bbox 1379 5567 1611 5637; x_wconf 83' lang='lat' dir='ltr'><strong>Epistula</strong></span> <span class='ocrx_word' id='word_1_898' title='bbox 1651 5572 1824 5627; x_wconf 92' lang='lat' dir='ltr'><strong>locum</strong></span> <span class='ocrx_word' id='word_1_899' title='bbox 1861 5577 1993 5629; x_wconf 86' lang='lat' dir='ltr'><strong>sub-</strong></span> 
     </span>
    </p>
   </div>
   <div class='ocr_carea' id='block_1_110' title="bbox 428 5637 1992 5708">
    <p class='ocr_par' dir='ltr' id='par_1_110' title="bbox 428 5637 1992 5708">
     <span class='ocr_line' id='line_1_110' title="bbox 428 5637 1992 5708; baseline 0.005 -19"><span class='ocrx_word' id='word_1_900' title='bbox 428 5637 607 5708; x_wconf 79' lang='lat' dir='ltr'><strong>stituit</strong></span> <span class='ocrx_word' id='word_1_901' title='bbox 635 5638 852 5708; x_wconf 71' lang='lat' dir='ltr'><strong>Reginze</strong></span> <span class='ocrx_word' id='word_1_902' title='bbox 873 5639 1018 5704; x_wconf 88' lang='lat' dir='ltr'><strong>eod.;</strong></span> <span class='ocrx_word' id='word_1_903' title='bbox 1052 5641 1195 5694; x_wconf 90' lang='lat' dir='ltr'><strong>hunc</strong></span> <span class='ocrx_word' id='word_1_904' title='bbox 1236 5654 1447 5707; x_wconf 89' lang='lat' dir='ltr'><strong>nempe,</strong></span> <span class='ocrx_word' id='word_1_905' title='bbox 1476 5655 1594 5707; x_wconf 90' lang='lat' dir='ltr'><strong>cap.</strong></span> <span class='ocrx_word' id='word_1_906' title='bbox 1632 5656 1702 5694; x_wconf 86' lang='lat' dir='ltr'><strong>tv.</strong></span> <span class='ocrx_word' id='word_1_907' title='bbox 1735 5642 1768 5696; x_wconf 86' lang='lat'><strong>5</strong></span> <span class='ocrx_word' id='word_1_908' title='bbox 1799 5662 1812 5695; x_wconf 93' lang='lat'><strong>:</strong></span> <span class='ocrx_word' id='word_1_909' title='bbox 1861 5663 1878 5696; x_wconf 88' lang='grc' dir='ltr'><strong>ι</strong></span> <span class='ocrx_word' id='word_1_910' title='bbox 1911 5645 1992 5699; x_wconf 82' lang='lat' dir='ltr'><strong>Ad</strong></span> 
     </span>
    </p>
   </div>
   <div class='ocr_carea' id='block_1_111' title="bbox 429 5704 1990 5776">
    <p class='ocr_par' dir='ltr' id='par_1_111' title="bbox 429 5704 1990 5776">
     <span class='ocr_line' id='line_1_111' title="bbox 429 5704 1990 5776; baseline 0.006 -19"><span class='ocrx_word' id='word_1_911' title='bbox 429 5704 683 5776; x_wconf 87' lang='lat' dir='ltr'><strong>invidiam</strong></span> <span class='ocrx_word' id='word_1_912' title='bbox 710 5704 1041 5776; x_wconf 75' lang='lat' dir='ltr'><strong>concupiscit</strong></span> <span class='ocrx_word' id='word_1_913' title='bbox 1062 5708 1294 5776; x_wconf 88' lang='lat' dir='ltr'><strong>Spiritus</strong></span> <span class='ocrx_word' id='word_1_914' title='bbox 1323 5704 1411 5776; x_wconf 83' lang='lat' dir='ltr'><strong>qui</strong></span> <span class='ocrx_word' id='word_1_915' title='bbox 1436 5704 1637 5763; x_wconf 87' lang='lat' dir='ltr'><strong>habitat</strong></span> <span class='ocrx_word' id='word_1_916' title='bbox 1660 5712 1711 5765; x_wconf 89' lang='lat' dir='ltr'><strong>in</strong></span> <span class='ocrx_word' id='word_1_917' title='bbox 1739 5715 1893 5768; x_wconf 90' lang='lat' dir='ltr'><strong>vobis</strong></span> <span class='ocrx_word' id='word_1_918' title='bbox 1920 5733 1933 5766; x_wconf 91' lang='lat'><strong>:</strong></span> <span class='ocrx_word' id='word_1_919' title='bbox 1968 5734 1990 5766; x_wconf 69' lang='grc' dir='ltr'><strong>ι</strong></span> 
     </span>
    </p>
   </div>
   <div class='ocr_carea' id='block_1_112' title="bbox 428 5775 1990 5847">
    <p class='ocr_par' dir='ltr' id='par_1_112' title="bbox 428 5775 1990 5847">
     <span class='ocr_line' id='line_1_112' title="bbox 428 5775 1990 5847; baseline 0.007 -23"><span class='ocrx_word' id='word_1_920' title='bbox 428 5775 729 5847; x_wconf 83' lang='lat' dir='ltr'><strong>subditque.</strong></span> <span class='ocrx_word' id='word_1_921' title='bbox 773 5796 792 5826; x_wconf 82' lang='grc' dir='ltr'><strong>ι</strong></span> <span class='ocrx_word' id='word_1_922' title='bbox 829 5775 1060 5847; x_wconf 87' lang='lat' dir='ltr'><strong>Spiritus</strong></span> <span class='ocrx_word' id='word_1_923' title='bbox 1090 5775 1231 5832; x_wconf 87' lang='lat' dir='ltr'><strong>enim</strong></span> <span class='ocrx_word' id='word_1_924' title='bbox 1263 5775 1394 5832; x_wconf 85' lang='lat' dir='ltr'><strong>nihil</strong></span> <span class='ocrx_word' id='word_1_925' title='bbox 1436 5779 1598 5842; x_wconf 86' lang='lat' dir='ltr'><strong>aliud,</strong></span> <span class='ocrx_word' id='word_1_926' title='bbox 1639 5800 1656 5832; x_wconf 75' lang='grc' dir='ltr'><strong>ι</strong></span> <span class='ocrx_word' id='word_1_927' title='bbox 1690 5792 1794 5838; x_wconf 91' lang='lat' dir='ltr'><strong>etc.</strong></span> <span class='ocrx_word' id='word_1_928' title='bbox 1843 5785 1896 5838; x_wconf 94' lang='lat' dir='ltr'><strong>In</strong></span> <span class='ocrx_word' id='word_1_929' title='bbox 1926 5799 1990 5836; x_wconf 90' lang='lat' dir='ltr'><strong>eo</strong></span> 
     </span>
    </p>
   </div>
   <div class='ocr_carea' id='block_1_113' title="bbox 433 5843 1990 5910">
    <p class='ocr_par' dir='ltr' id='par_1_113' title="bbox 433 5843 1990 5910">
     <span class='ocr_line' id='line_1_113' title="bbox 433 5843 1990 5910; baseline 0.009 -15"><span class='ocrx_word' id='word_1_930' title='bbox 433 5843 522 5910; x_wconf 89' lang='lat' dir='ltr'><strong>qui</strong></span> <span class='ocrx_word' id='word_1_931' title='bbox 556 5845 841 5902; x_wconf 77' lang='lat' dir='ltr'><strong>exhibetur</strong></span> <span class='ocrx_word' id='word_1_932' title='bbox 871 5843 1072 5903; x_wconf 60' lang='lat' dir='ltr'><strong>&#39;vocem</strong></span> <span class='ocrx_word' id='word_1_933' title='bbox 1120 5867 1138 5899; x_wconf 86' lang='grc' dir='ltr'><strong>ι</strong></span> <span class='ocrx_word' id='word_1_934' title='bbox 1183 5860 1330 5903; x_wconf 88' lang='lat' dir='ltr'><strong>tuum</strong></span> <span class='ocrx_word' id='word_1_935' title='bbox 1377 5867 1396 5901; x_wconf 75' lang='grc' dir='ltr'><strong>ι</strong></span> <span class='ocrx_word' id='word_1_936' title='bbox 1451 5865 1553 5905; x_wconf 90' lang='lat' dir='ltr'><strong>non</strong></span> <span class='ocrx_word' id='word_1_937' title='bbox 1603 5851 1764 5907; x_wconf 86' lang='lat' dir='ltr'><strong>habet</strong></span> <span class='ocrx_word' id='word_1_938' title='bbox 1820 5853 1990 5910; x_wconf 77' lang='lat' dir='ltr'><strong>Vatic.</strong></span> 
     </span>
    </p>
   </div>
   <div class='ocr_carea' id='block_1_114' title="bbox 2101 5228 3056 5300">
    <p class='ocr_par' dir='ltr' id='par_1_114' title="bbox 2101 5228 3056 5300">
     <span class='ocr_line' id='line_1_114' title="bbox 2101 5228 3056 5300; baseline 0 -17"><span class='ocrx_word' id='word_1_939' title='bbox 2101 5228 2261 5300; x_wconf 86' lang='lat' dir='ltr'><strong>liber,</strong></span> <span class='ocrx_word' id='word_1_940' title='bbox 2291 5245 2468 5300; x_wconf 85' lang='lat' dir='ltr'><strong>neque</strong></span> <span class='ocrx_word' id='word_1_941' title='bbox 2495 5231 2611 5300; x_wconf 88' lang='lat' dir='ltr'><strong>ipse</strong></span> <span class='ocrx_word' id='word_1_942' title='bbox 2631 5229 2821 5286; x_wconf 89' lang='lat' dir='ltr'><strong>Jacobi</strong></span> <span class='ocrx_word' id='word_1_943' title='bbox 2855 5240 3056 5285; x_wconf 78' lang='lat' dir='ltr'><strong>textus.</strong></span> 
     </span>
    </p>
   </div>
   <div class='ocr_carea' id='block_1_115' title="bbox 2146 5299 3655 5377">
    <p class='ocr_par' dir='ltr' id='par_1_115' title="bbox 2146 5299 3655 5377">
     <span class='ocr_line' id='line_1_115' title="bbox 2146 5299 3655 5377; baseline -0.003 -25"><span class='ocrx_word' id='word_1_944' title='bbox 2146 5299 2280 5377; x_wconf 51' lang='lat' dir='ltr'><strong>(Erl)</strong></span> <span class='ocrx_word' id='word_1_945' title='bbox 2313 5299 2508 5370; x_wconf 89' lang='lat' dir='ltr'><strong>Insigni</strong></span> <span class='ocrx_word' id='word_1_946' title='bbox 2536 5316 2722 5355; x_wconf 88' lang='lat' dir='ltr'><strong>errore</strong></span> <span class='ocrx_word' id='word_1_947' title='bbox 2744 5301 3182 5377; x_wconf 79' lang='lat' dir='ltr'><strong>e_di_ti_hactenus,</strong></span> <span class='ocrx_word' id='word_1_948' title='bbox 3214 5299 3655 5377; x_wconf 47' lang='lat' dir='ltr'><strong>etpassim-mss.</strong></span> 
     </span>
    </p>
   </div>
   <div class='ocr_carea' id='block_1_116' title="bbox 2099 5365 3666 5444">
    <p class='ocr_par' dir='ltr' id='par_1_116' title="bbox 2099 5365 3666 5444">
     <span class='ocr_line' id='line_1_116' title="bbox 2099 5365 3666 5444; baseline -0.004 -23"><span class='ocrx_word' id='word_1_949' title='bbox 2099 5365 2348 5444; x_wconf 59' lang='lat' dir='ltr'><strong>legebant</strong></span> <span class='ocrx_word' id='word_1_950' title='bbox 2383 5389 2402 5420; x_wconf 87' lang='grc' dir='ltr'><strong>ι</strong></span> <span class='ocrx_word' id='word_1_951' title='bbox 2425 5365 2728 5444; x_wconf 62' lang='lat' dir='ltr'><strong>etexeeptu</strong></span> <span class='ocrx_word' id='word_1_952' title='bbox 2755 5369 2957 5444; x_wconf 86' lang='lat' dir='ltr'><strong>Spiritu</strong></span> <span class='ocrx_word' id='word_1_953' title='bbox 2979 5365 3431 5444; x_wconf 78' lang='lat' dir='ltr'><strong>sancto,_spiritus</strong></span> <span class='ocrx_word' id='word_1_954' title='bbox 3457 5365 3616 5444; x_wconf 62' lang='lat' dir='ltr'><strong>alius,</strong></span> <span class='ocrx_word' id='word_1_955' title='bbox 3647 5383 3666 5415; x_wconf 75' lang='grc' dir='ltr'><strong>ι</strong></span> 
     </span>
    </p>
   </div>
   <div class='ocr_carea' id='block_1_117' title="bbox 2099 5435 3670 5506">
    <p class='ocr_par' dir='ltr' id='par_1_117' title="bbox 2099 5435 3670 5506">
     <span class='ocr_line' id='line_1_117' title="bbox 2099 5435 3670 5506; baseline -0.004 -14"><span class='ocrx_word' id='word_1_956' title='bbox 2099 5435 2205 5492; x_wconf 73' lang='lat' dir='ltr'><strong>etc.</strong></span> <span class='ocrx_word' id='word_1_957' title='bbox 2257 5439 2520 5493; x_wconf 89' lang='lat' dir='ltr'><strong>Substitui</strong></span> <span class='ocrx_word' id='word_1_958' title='bbox 2551 5459 2568 5490; x_wconf 89' lang='grc' dir='ltr'><strong>ι</strong></span> <span class='ocrx_word' id='word_1_959' title='bbox 2598 5435 2810 5506; x_wconf 80' lang='lat' dir='ltr'><strong>spiritui</strong></span> <span class='ocrx_word' id='word_1_960' title='bbox 2843 5450 3044 5501; x_wconf 89' lang='lat' dir='ltr'><strong>nostro,</strong></span> <span class='ocrx_word' id='word_1_961' title='bbox 3079 5457 3098 5490; x_wconf 72' lang='grc' dir='ltr'><strong>ι</strong></span> <span class='ocrx_word' id='word_1_962' title='bbox 3137 5440 3200 5492; x_wconf 88' lang='lat' dir='ltr'><strong>ad</strong></span> <span class='ocrx_word' id='word_1_963' title='bbox 3227 5435 3423 5492; x_wconf 85' lang='lat' dir='ltr'><strong>codicis</strong></span> <span class='ocrx_word' id='word_1_964' title='bbox 3457 5435 3670 5502; x_wconf 71' lang='lat' dir='ltr'><strong>Reginae</strong></span> 
     </span>
    </p>
   </div>
   <div class='ocr_carea' id='block_1_118' title="bbox 2103 5509 3666 5577">
    <p class='ocr_par' dir='ltr' id='par_1_118' title="bbox 2103 5509 3666 5577">
     <span class='ocr_line' id='line_1_118' title="bbox 2103 5509 3666 5577; baseline -0.004 -16"><span class='ocrx_word' id='word_1_965' title='bbox 2103 5509 2287 5575; x_wconf 82' lang='lat' dir='ltr'><strong>fidem,</strong></span> <span class='ocrx_word' id='word_1_966' title='bbox 2335 5509 2568 5562; x_wconf 87' lang='lat' dir='ltr'><strong>maxime</strong></span> <span class='ocrx_word' id='word_1_967' title='bbox 2591 5524 2720 5562; x_wconf 90' lang='lat' dir='ltr'><strong>vero</strong></span> <span class='ocrx_word' id='word_1_968' title='bbox 2743 5509 2808 5561; x_wconf 90' lang='lat' dir='ltr'><strong>ad</strong></span> <span class='ocrx_word' id='word_1_969' title='bbox 2838 5519 2997 5562; x_wconf 74' lang='lat' dir='ltr'><strong>recta:</strong></span> <span class='ocrx_word' id='word_1_970' title='bbox 3024 5510 3248 5564; x_wconf 89' lang='lat' dir='ltr'><strong>rationis</strong></span> <span class='ocrx_word' id='word_1_971' title='bbox 3273 5514 3666 5577; x_wconf 89' lang='lat' dir='ltr'><strong>argumentum,</strong></span> 
     </span>
    </p>
   </div>
   <div class='ocr_carea' id='block_1_119' title="bbox 2101 5578 3014 5633">
    <p class='ocr_par' dir='ltr' id='par_1_119' title="bbox 2101 5578 3014 5633">
     <span class='ocr_line' id='line_1_119' title="bbox 2101 5578 3014 5633; baseline 0.002 -2"><span class='ocrx_word' id='word_1_972' title='bbox 2101 5588 2155 5631; x_wconf 91' lang='lat' dir='ltr'><strong>et</strong></span> <span class='ocrx_word' id='word_1_973' title='bbox 2189 5579 2399 5632; x_wconf 87' lang='lat' dir='ltr'><strong>Paulini</strong></span> <span class='ocrx_word' id='word_1_974' title='bbox 2432 5578 2726 5631; x_wconf 87' lang='lat' dir='ltr'><strong>testimonii</strong></span> <span class='ocrx_word' id='word_1_975' title='bbox 2773 5593 3014 5633; x_wconf 75' lang='lat' dir='ltr'><strong>sensum.</strong></span> 
     </span>
    </p>
   </div>
   <div class='ocr_carea' id='block_1_120' title="bbox 2172 5645 3655 5716">
    <p class='ocr_par' dir='ltr' id='par_1_120' title="bbox 2172 5645 3655 5716">
     <span class='ocr_line' id='line_1_120' title="bbox 2172 5645 3655 5716; baseline -0.008 -12"><span class='ocrx_word' id='word_1_976' title='bbox 2172 5647 2285 5712; x_wconf 72' lang='grc'>(52)</span> <span class='ocrx_word' id='word_1_977' title='bbox 2326 5648 2498 5702; x_wconf 78' lang='lat' dir='ltr'><strong>\‘atic.</strong></span> <span class='ocrx_word' id='word_1_978' title='bbox 2526 5659 2579 5700; x_wconf 91' lang='lat' dir='ltr'><strong>et</strong></span> <span class='ocrx_word' id='word_1_979' title='bbox 2607 5647 2828 5716; x_wconf 61' lang='lat' dir='ltr'><strong>Reginae</strong></span> <span class='ocrx_word' id='word_1_980' title='bbox 2853 5648 3244 5712; x_wconf 75' lang='lat' dir='ltr'><strong>cod.,¢ncsciat</strong></span> <span class='ocrx_word' id='word_1_981' title='bbox 3270 5645 3404 5716; x_wconf 82' lang='lat' dir='ltr'><strong>alius</strong></span> <span class='ocrx_word' id='word_1_982' title='bbox 3432 5647 3606 5716; x_wconf 86' lang='lat' dir='ltr'><strong>homo.</strong></span> <span class='ocrx_word' id='word_1_983' title='bbox 3637 5661 3655 5692; x_wconf 72' lang='grc' dir='ltr'><strong>ι</strong></span> 
     </span>
    </p>
   </div>
   <div class='ocr_carea' id='block_1_121' title="bbox 2177 5715 3671 5787">
    <p class='ocr_par' dir='ltr' id='par_1_121' title="bbox 2177 5715 3671 5787">
     <span class='ocr_line' id='line_1_121' title="bbox 2177 5715 3671 5787; baseline -0.006 -15"><span class='ocrx_word' id='word_1_984' title='bbox 2177 5717 2290 5787; x_wconf 74' lang='grc'>(55)</span> <span class='ocrx_word' id='word_1_985' title='bbox 2322 5716 2413 5771; x_wconf 90' lang='lat' dir='ltr'><strong>Sic</strong></span> <span class='ocrx_word' id='word_1_986' title='bbox 2438 5716 2555 5784; x_wconf 85' lang='lat' dir='ltr'><strong>lego</strong></span> <span class='ocrx_word' id='word_1_987' title='bbox 2577 5731 2641 5770; x_wconf 78' lang='lat' dir='ltr'><strong>ex</strong></span> <span class='ocrx_word' id='word_1_988' title='bbox 2668 5715 2837 5774; x_wconf 82' lang='lat' dir='ltr'><strong>veteri</strong></span> <span class='ocrx_word' id='word_1_989' title='bbox 2859 5717 3130 5786; x_wconf 90' lang='lat' dir='ltr'><strong>editione;</strong></span> <span class='ocrx_word' id='word_1_990' title='bbox 3164 5718 3218 5772; x_wconf 88' lang='lat' dir='ltr'><strong>in</strong></span> <span class='ocrx_word' id='word_1_991' title='bbox 3243 5715 3362 5772; x_wconf 87' lang='lat' dir='ltr'><strong>aliis</strong></span> <span class='ocrx_word' id='word_1_992' title='bbox 3383 5715 3522 5772; x_wconf 84' lang='lat' dir='ltr'><strong>enim</strong></span> <span class='ocrx_word' id='word_1_993' title='bbox 3551 5722 3671 5766; x_wconf 85' lang='lat' dir='ltr'><strong>erat</strong></span> 
     </span>
    </p>
   </div>
   <div class='ocr_carea' id='block_1_122' title="bbox 2109 5787 2660 5842">
    <p class='ocr_par' dir='ltr' id='par_1_122' title="bbox 2109 5787 2660 5842">
     <span class='ocr_line' id='line_1_122' title="bbox 2109 5787 2660 5842; baseline 0.007 -6"><span class='ocrx_word' id='word_1_994' title='bbox 2109 5806 2126 5836; x_wconf 81' lang='grc' dir='ltr'><strong>ι</strong></span> <span class='ocrx_word' id='word_1_995' title='bbox 2159 5787 2606 5842; x_wconf 85' lang='lat' dir='ltr'><strong>immutationem.</strong></span> <span class='ocrx_word' id='word_1_996' title='bbox 2640 5806 2660 5840; x_wconf 82' lang='grc'><strong><em>›</em></strong></span> 
     </span>
    </p>
   </div>
  </div>
