4034 6446
476 409 602 467 1081

1594 419 1798 476 LIBER
1838 421 1922 475 DE
1962 418 2232 474 SPIRITU
2275 419 2566 476 SANCTO.

3570 430 3710 479 1032

543 523 632 576 57.
664 519 953 582 Sciendum
1009 538 1223 595 quoque
1274 530 1415 598 quod
1464 545 1659 586 nomen
1725 534 1966 603 spiritus,
1988 542 2040 587 et
2069 536 2112 592 Α
2144 530 2285 585 aliud
2320 532 2373 585 in
2397 530 2663 585 Trinitate
2711 533 2956 602 usurpari
3018 534 3177 599 solet,
3234 533 3546 606 συνώνυμον
3584 546 3706 602 est;

471 612 800 670 voluntatem
854 617 1109 684 hominis,
1160 628 1217 674 et
1266 619 1431 675 animi
1492 624 1815 679 sententiam
1857 633 2032 680 sonet.

472 703 669 761 Volens
701 706 897 776 quippe
921 710 1211 775 Apostolus
1238 712 1500 780 virginem
1530 730 1633 769 non
1652 716 1824 770 solum
1848 731 2034 785 opere,

469 794 562 849 sed
593 803 646 849 et
669 802 843 848 mente
876 806 1115 850 sanctam
1156 812 1296 863 esse,
1325 799 1377 853 id
1412 809 1514 867 est,
1555 816 1662 854 non
1696 810 1898 854 tantum
1918 817 2036 856 cor-

468 894 617 948 pore,
643 882 735 935 sed
768 892 821 935 et
851 892 994 936 motu
1032 885 1208 940 cordis
1234 886 1466 953 interno,
1491 889 1583 949 ait.
1613 909 1630 940 ι
1663 888 1734 944 Ut
1763 890 1828 944 sit
1849 901 2035 945 sancta

467 985 695 1041 corpore
722 982 776 1027 et
805 972 994 1041 spiritu
1026 974 1110 1041 ‘7;
1155 994 1174 1028 ι
1222 977 1550 1034 voluntatem
1593 981 1783 1049 spiritu
1833 991 2033 1036 eteor-

465 1077 594 1133 pore
617 1078 781 1131 opera
811 1064 1138 1137 signiﬁcans.
1171 1068 1458 1125 Considera
1492 1083 1670 1126 utrum
1716 1075 1816 1129 hoc
1862 1075 2033 1143 ipsum

465 1152 517 1208 in
544 1155 681 1209 Isaia
717 1167 891 1224 sonet,
921 1161 1061 1226 quod
1094 1162 1349 1230 scriptum
1376 1174 1458 1216 est
1500 1178 1515 1214 :
1554 1183 1572 1215 ι
1608 1165 1673 1219 Ει
1721 1166 1911 1233 scient,
1942 1167 2034 1235 qui

464 1245 653 1312 spiritu
682 1256 888 1315 errant,
926 1248 1252 1305 intellectum
1288 1251 1384 1305 ³⁸.»
1407 1253 1506 1319 Qui
1562 1255 1703 1308 enim
1748 1254 2037 1323 erroreju-

464 1336 589 1390 dicii
613 1336 715 1390 alia
745 1352 843 1406 pro
873 1338 994 1393 aliis
1020 1340 1157 1395 bona
1193 1341 1290 1412 [αἱ.
1311 1343 1453 1397 bono
1478 1343 1679 1415 studio]
1701 1345 2033 1410 existimant,

463 1426 732 1496 accipient
766 1428 1119 1499 intellectum,
1145 1443 1201 1486 ut
1220 1435 1524 1505 corrigatur
1547 1450 1700 1490 error
1722 1435 1957 1497 illorum,
1978 1442 2036 1490 ut

461 1533 561 1589 pro
623 1521 804 1588 pravis
863 1536 927 1576 ea
983 1538 1100 1591 quae
1155 1534 1299 1581 recta
1356 1537 1482 1581 sunt
1551 1527 1769 1597 eligant.
1815 1526 2033 1582 Necnon

460 1618 516 1666 et
540 1609 699 1666 illud:
725 1631 745 1665 ι
763 1610 879 1667 Una
900 1614 1151 1671 fortitudo
1174 1618 1394 1686 spiritus
1413 1620 1576 1674 vestri
1594 1620 1637 1653 ³³
1660 1617 1757 1691 [αι.
1775 1619 1995 1692 nostri],
2010 1640 2028 1672 ι

464 1701 590 1757 vide
640 1718 708 1757 an
746 1703 973 1773 idipsum
1010 1708 1280 1765 ostendat.
1312 1708 1376 1763 Et
1399 1725 1559 1779 super
1596 1714 1775 1765 omnia
1802 1711 2034 1765 vocabu-

464 1793 573 1851 lum
610 1795 830 1866 Spiritus
853 1797 1099 1853 altiorem
1120 1809 1174 1854 et
1200 1801 1483 1871 mysticum
1509 1802 1560 1856 in
1591 1802 1884 1873 Scripturis
1907 1818 2033 1856 san-

2137 621 2282 675 verbi
2313 622 2506 691 gratia,
2536 630 2755 675 sanctus
2795 623 2965 675 bonus
2988 621 3123 694 (56),
3151 632 3203 677 et
3237 634 3431 678 caetera
3457 624 3708 678 hissimi-

2135 711 2227 774 lia,
2264 712 2329 765 de
2357 712 2551 781 quibus
2575 712 2734 781 paulo
2756 722 2880 767 ante
2908 714 3348 780 perstrinximus.

2207 801 2296 856 59.
2324 799 2497 857 Porro
2538 805 2604 857 ad
2645 803 2760 857 hinc
2807 803 3113 857 necessario
3144 802 3373 858 devoluti
3405 818 3612 870 sumus,
3652 813 3713 858 ut

2136 893 2264 962 quia
2297 891 2614 961 frequenter
2634 891 2922 961 appellatio
2954 892 3179 959 spiritus
3208 893 3261 945 in
3297 892 3597 962 Scripturis
3626 901 3710 945 est

2136 995 2384 1051 respersa
2410 982 2627 1040 divinis.
2648 998 2750 1035 non
2771 982 3016 1035 labantur
3045 982 3097 1035 in
3125 982 3363 1045 nomine,
3391 984 3485 1037 sed
3511 998 3709 1036 unum-

2135 1073 2386 1141 quodque
2450 1073 2746 1126 secundum
2811 1073 3049 1126 locorum
3091 1066 3383 1129 varietates
3415 1084 3468 1128 et
3502 1074 3705 1129 intelli-

2135 1166 2343 1236 gentias
2360 1165 2710 1233 accipiamus.
2732 1162 2892 1218 Omni
2931 1167 3110 1234 itaque
3153 1166 3332 1219 studio
3350 1180 3412 1220 ac
3435 1165 3709 1235 diligentia

2135 1254 2453 1309 vocabulum
2502 1253 2774 1321 .Spiritus,
2827 1252 2917 1307 ubi
2977 1263 3032 1306 et
3062 1255 3328 1321 quomodo
3385 1255 3707 1323 appellatqu

2137 1345 2230 1410 sit,
2261 1344 2705 1413 contemplantes,
2725 1344 3050 1414 saphismata
3065 1361 3249 1398 eorum
3268 1356 3325 1398 et
3344 1344 3711 1400 fraudulentas

2137 1436 2410 1505 decipulas
2437 1446 2802 1500 conteremus,
2861 1438 2950 1505 qui
2994 1436 3253 1506 Spiritum
3283 1446 3527 1490 sanctum
3561 1451 3712 1491 asse-

2139 1534 2271 1578 runt-
2289 1534 2614 1580 creaturam.
2674 1523 2938 1595 Legentes
2980 1527 3123 1578 enim
3158 1524 3210 1578 in
3242 1527 3522 1595 propheta,
3546 1544 3565 1576 ι
3600 1526 3710 1596 Ego

2134 1631 2250 1670 sum
2294 1615 2514 1670 ﬁrmans
2543 1615 2653 1686 (57)
2685 1616 3071 1680 tonitruum,et
3094 1631 3285 1671 creaus
3312 1616 3571 1685 Spiritum
3601 1616 3703 1681 ⁸⁸.»

2134 1706 2434 1776 ignerantia
2472 1707 2781 1775 multiplicis
2823 1707 2874 1759 in
2912 1707 3015 1761 hac
3044 1718 3196 1776 parte
3228 1708 3519 1771 sermonis,
3551 1716 3709 1775 puta-

2135 1808 2328 1853 verunt
2359 1799 2621 1869 Spiritum
2658 1810 2904 1853 sanctum
2939 1815 3008 1853 ex
3039 1800 3139 1853 hoc
3168 1800 3426 1853 vocabulo
3482 1801 3706 1853 demou-

463 1886 564 1941 ctis
589 1888 855 1958 signiﬁcat
889 1891 1240 1958 intellectum,
1291 1904 1348 1947 ut
1379 1894 1450 1949 ibi
1480 1912 1492 1947 :
1525 1912 1544 1946 ι
1580 1893 1780 1949 Littera
1809 1897 2027 1960 occidit,
2061 1876 2105 1932 Β
2132 1890 2315 1955 Strari,
2360 1905 2480 1943 cum
2507 1890 2558 1943 in
2594 1891 3003 1958 praesentiarum
3082 1889 3306 1957 spiritus
3355 1904 3547 1943 nomen
3577 1905 3708 1944 ven-

461 1980 681 2046 spiritus
719 1991 898 2037 autem
938 1985 1175 2038 viviﬁcat
1202 1983 1313 2050 ⁸⁰;»
1347 1985 1575 2041 litteram
1600 1989 1787 2043 dicens
1824 1989 2032 2059 simpli-

460 2085 601 2131 cem,
632 2082 688 2126 et
723 2073 1238 2142 manifestamjuxta
1304 2076 1585 2131 historiam
1630 2079 2029 2145 narrationem;

460 2161 708 2228 spiritum
738 2178 887 2230 vero,
927 2176 1172 2220 sanctum
1192 2177 1245 2221 et
1268 2167 1548 2236 spirituale
1573 2182 1729 2222 nosse
1757 2168 1869 2236 (54)
1889 2170 2030 2239 quod

462 2251 675 2322 legitur.
698 2254 756 2306 in
794 2255 934 2309 hanc
954 2258 1203 2326 congruit
1234 2258 1561 2312 voluntatem
1587 2269 1641 2314 et
1673 2259 1836 2313 illud:
1874 2278 1893 2311 ι
1925 2259 2031 2316 Nos

458 2359 645 2398 sumus
667 2344 1031 2409 circumcisio,
1068 2346 1159 2415 qui
1211 2348 1401 2417 spiritu
1457 2348 1684 2402 Domino
1728 2351 2030 2406 servientes

458 2451 667 2503 sumus,
694 2448 747 2491 et
786 2454 889 2492 non
946 2439 999 2493 in
1035 2453 1197 2494 carne
1238 2440 1571 2496 conlidentes
1600 2441 1667 2494 δι.
1700 2460 1719 2494 ι
1749 2441 1848 2508 Qui
1887 2444 2027 2498 enim

461 2541 564 2581 non
596 2528 774 2583 littera
807 2546 1024 2586 carnem
1084 2532 1395 2594 concidunt,
1450 2533 1547 2587 sed
1579 2548 1675 2586 cor
1706 2534 1897 2603 spiritu
1926 2536 2030 2589 cir-

455 2619 786 2682 cumcidunt,
822 2620 1131 2677 auferentes
1156 2636 1313 2676 omne
1341 2622 1456 2690 ejus
1480 2620 1831 2692 superﬂuum,
1888 2623 2027 2692 quod

455 2709 785 2775 generationi
812 2712 1113 2777 proximum
1145 2721 1248 2776 est,
1300 2720 1355 2766 et
1396 2712 1650 2776 amicum,
1681 2712 1734 2766 hi
1764 2728 1888 2767 vere
1915 2713 2030 2784 (55)

455 2799 645 2866 spiritu
706 2802 1012 2857 circumcisi
1057 2813 1201 2868 sunt,
1261 2803 1313 2858 in
1357 2805 1569 2859 occulto
1608 2804 1798 2873 Judaei,
1835 2817 1890 2862 et
1916 2807 2029 2862 veri

456 2889 811 2960 lsraelitae,iu
844 2897 1038 2965 quibus
1093 2911 1199 2950 non
1245 2907 1327 2951 est
1378 2897 1553 2952 dolus.
1608 2897 1706 2963 Qui
1755 2909 2029 2952 transcen-

454 2985 642 3040 dentes
671 2987 890 3041 umbras
928 2996 983 3041 et
1011 2988 1272 3058 imagines
1299 2987 1507 3044 Veteris
1538 2988 1889 3056 Testamenti,
1914 2990 2026 3044 cul-

453 3083 601 3129 tores
628 3076 739 3130 veri
777 3078 1008 3132 adorant
1041 3077 1260 3132 Patrem
1298 3078 1349 3132 in
1373 3079 1561 3149 spiritu
1612 3088 1665 3133 et
1699 3078 1920 3133 veritate
1940 3079 2021 3132 ηε

455 3165 508 3220 in
539 3168 755 3237 spiritu,
790 3171 912 3236 quia
940 3170 1242 3240 corporalia
1284 3182 1338 3225 et
1402 3171 1624 3225 humilia
1676 3174 2025 3227 transcende-

456 3271 608 3326 runt;
641 3260 695 3313 in
719 3262 968 3327 veritate,
996 3263 1118 3332 quia
1156 3274 1332 3334 typos.
1370 3271 1423 3317 et
1450 3265 1685 3327 umbras,
1731 3273 1786 3318 et
1837 3279 2023 3317 exem-

453 3351 620 3418 plaria
651 3351 1031 3422 relinquentes,
1066 3356 1133 3408 ad
1188 3357 1352 3422 ipsius
1400 3354 1643 3409 veritatis
1673 3369 1865 3409 venere
1895 3355 2026 3409 sub-

452 3443 1067 3509 stantiam;et,utiam
1120 3445 1378 3508 diximus,
1436 3445 1623 3499 humili
1673 3455 1727 3500 et
1766 3460 2025 3515 corporea

450 3526 737 3580 verborum
796 3528 1142 3598 simplicitate
1185 3540 1512 3600 contempta,
1574 3531 1642 3585 ad
1690 3529 2023 3600 spiritualem

451 3617 586 3687 legis
617 3619 863 3674 notitiam
898 3631 1282 3690 pervenerunt.

522 3709 611 3766 58.
644 3709 769 3766 Haec
799 3711 1016 3767 interim
1043 3712 1197 3780 juxta
1253 3712 1664 3784 possibilitatem
1695 3714 1892 3784 ingenii
1928 3728 2027 3769 no-

451 3802 547 3856 stri
592 3813 725 3872 quot
771 3816 858 3856 res
907 3802 1128 3871 spiritus
1166 3804 1530 3874 signiﬁcaret,
1567 3804 1843 3872 attigimus
1873 3842 1887 3867 ,
1927 3818 2025 3858 suo

454 3903 694 3961 tempore
723 3893 851 3962 quid
906 3893 1323 3962 unumquodque
1349 3893 1637 3964 signiﬁcet,
1684 3894 1728 3949 si
1776 3892 2026 3949 Christus

454 3983 722 4048 tribuerit,
759 3985 1061 4039 disserturi.
1088 3982 1481 4055 Nonnunquam
1528 3994 1709 4041 autem
1767 3985 2022 4055 Spiritus,

449 4082 505 4128 et
543 4076 799 4131 Dominus
829 4085 1015 4130 noster
1043 4074 1200 4131 Jesus
1229 4075 1498 4141 Christus,
1531 4077 1582 4131 id
1611 4086 1715 4143 est,
1745 4077 1835 4133 Dei
1855 4077 2025 4133 Filius

451 4168 768 4237 appellatur.
810 4187 828 4219 ι
854 4166 1123 4239 Benignus
1152 4168 1416 4237 siquidem
1447 4180 1525 4222 est
1548 4168 1784 4238 Spiritus
1811 4171 2024 4240 sapien-

451 4259 541 4315 tiae
564 4260 628 4314 ”.
660 4279 679 4312 ›
702 4259 767 4314 Ει
796 4262 849 4315 in
886 4259 990 4315 alio
1025 4263 1183 4315 loco:
1218 4277 1237 4311 ί
1271 4259 1529 4316 Dominus
1581 4270 1758 4316 autem
1789 4261 2024 4332 Spiritus

449 4357 536 4403 est
562 4346 637 4413 “,
664 4368 683 4402 ι
720 4356 777 4401 ut
833 4357 958 4403 ante
1008 4349 1243 4404 diximus
1264 4390 1279 4416 ,
1305 4349 1393 4404 ubi
1428 4350 1591 4405 etiam
1621 4350 1747 4406 illud
1776 4352 2026 4421 adjunxi-

450 4455 592 4505 mus,
614 4458 633 4491 ι
659 4439 894 4510 Spiritus
924 4440 1063 4497 Deus
1085 4449 1169 4495 est
1196 4440 1300 4503 ⁸⁵.»
1331 4456 1434 4496 non
1458 4440 1611 4510 juxta
1641 4443 1872 4498 nominis
1903 4454 2026 4499 tan-

2135 1991 2245 2035 tum
2286 1993 2461 2037 sonet.
2495 1981 2715 2036 Necnon
2748 1982 2798 2034 in
2830 1979 3097 2034 Zacharia
3154 1980 3435 2034 audientes
3471 1980 3706 2032 locutum

2131 2074 2436 2140 Dominum,
2468 2077 2608 2145 quod
2635 2076 2747 2144 ipse
2777 2075 2848 2129 sit
2882 2075 2973 2143 qui
3012 2083 3161 2128 creat
3190 2072 3434 2142 spiritum
3466 2072 3705 2127 hominis

2130 2166 2182 2219 in
2218 2181 2282 2220 eo
2321 2167 2858 2232 ",existimaveruut
2898 2165 3156 2233 Spiritum
3189 2175 3430 2218 sanctum
3469 2164 3705 2218 etiamin

2129 2258 2229 2313 hoc
2263 2259 2499 2327 capitulo
2532 2257 2849 2327 signiﬁcari,
2885 2272 2992 2310 non
3054 2258 3543 2311 animadvertentes
3564 2255 3708 2324 quod

2128 2347 2361 2400 animam
2393 2347 2658 2414 hominis,
2708 2356 2800 2401 aut
2856 2347 3103 2416 spiritum
3164 2352 3343 2416 (quem
3408 2347 3620 2399 tertium
3652 2345 3705 2400 in

2128 2438 2345 2492 homine
2378 2452 2502 2492 esse
2531 2436 2641 2506 jam
2670 2438 2928 2507 diximus)
2964 2437 3185 2507 spiritus
3233 2436 3517 2506 appellatio
3538 2437 3707 2506 signi-

2131 2531 2277 2584 ﬁcet.
2326 2522 2467 2599 Ergo
2500 2537 2557 2582 ut
2611 2530 2884 2598 praelocuti
2949 2544 3170 2593 sumus,
3223 2528 3490 2596 quomodo
3513 2542 3708 2580 unum-

2130 2622 2380 2690 quodque
2436 2620 2640 2673 dictum
2688 2620 2779 2683 sit,
2829 2618 3258 2699 consideremus,
3312 2633 3378 2672 ne
3421 2618 3557 2673 forte
3612 2634 3709 2688 per

2139 2712 2501 2781 ignorantiam
2532 2711 2585 2764 in
2631 2711 2946 2765 barathrum
3000 2702 3312 2765 decidamus
3348 2710 3561 2768 erroris.
3617 2710 3707 2764 Si-

2131 2804 2349 2873 quidem
2381 2803 2435 2856 in
2466 2803 2589 2857 aliis
2652 2803 2817 2857 rebus
2873 2818 2938 2857 ex
2988 2804 3261 2857 consortio
3321 2801 3705 2857 vocabulorum

2129 2910 2288 2949 error
2313 2895 2591 2959 eveniens,
2627 2894 3002 2950 confusionem
3036 2904 3091 2948 et
3135 2897 3390 2964 pudorem
3415 2896 3461 2950 ei
3500 2895 3591 2964 qui
3618 2908 3708 2948 er-

2128 2984 2271 3040 ravit
2327 2986 2622 3055 importat;
2659 2986 2726 3038 de
2768 2985 3017 3050 supernis
3048 3000 3177 3038 vero
3223 2995 3275 3038 et
3306 2985 3499 3038 divinis
3528 2984 3706 3053 lapsus

2132 3084 2198 3129 ad
2231 3091 2421 3145 prava,
2450 3078 2514 3131 ad
2542 3085 2802 3130 aeternam
2855 3091 3067 3146 paruam
3119 3077 3332 3130 deducit
3357 3085 3409 3130 et
3442 3085 3703 3130 tartarum

2132 3162 2226 3235 [αι.
2255 3164 2620 3237 barathrum],
2654 3166 2888 3220 maxime
2940 3180 3061 3218 cum
3120 3165 3286 3219 semel
3320 3166 3577 3233 deceptus
3611 3179 3704 3218 no-

2128 3256 2650 3325 lueritresipisccre,
2709 3257 2801 3311 sed
2842 3271 2997 3309 suum
3031 3257 3312 3311 defensare
3366 3256 3706 3324 impudenter

2126 3361 2389 3403 errorem.
2450 3348 2685 3402 Decebat
2733 3347 2920 3413 etiam,
2972 3357 3027 3402 et
3077 3349 3392 3415 magnitudo
3422 3347 3705 3403 voluminis

2125 3439 2398 3509 exigebat,
2432 3449 2490 3493 ut
2524 3440 2685 3495 ﬁnem
2716 3440 2986 3509 acciperet
3018 3440 3213 3494 oratio.

2201 3531 2289 3585 60.
2323 3530 2522 3586 Verum
2582 3531 2712 3600 quia
2759 3533 2925 3585 infert
2965 3545 3025 3587 se
3067 3530 3293 3601 quzestio
3354 3530 3613 3585 adversus
3641 3545 3702 3583 ea

2128 3636 2248 3690 quae
2271 3623 2520 3690 superius
2547 3623 2970 3692 disputavimus:
2995 3638 3156 3692 quam
3189 3621 3546 3691 idcircotunc
3573 3636 3707 3690 prae-

2128 3711 2480 3778 termisimus,
2512 3727 2577 3766 ne
2610 3722 2811 3766 textum
2836 3711 3466 3780 sermonisirrumperet,
3481 3720 3535 3765 et
3567 3711 3706 3764 inter

2125 3803 2267 3870 piam
2334 3804 2775 3872 przedicationem
2835 3804 3001 3873 impia
3055 3805 3327 3858 contentio
3388 3812 3701 3871 poneretur,

2128 3894 2494 3948 necessarium
2525 3904 2656 3963 puto
2685 3894 2751 3947 ad
2790 3894 3126 3964 propositum
3152 3894 3502 3961 respondere,
3533 3902 3588 3946 et
3622 3891 3705 3946 le-

2127 3986 2292 4041 ctoris
2321 3986 2568 4050 arbitrio,
2593 3985 2721 4054 quid
2752 4001 2916 4054 super
2949 3986 3033 4039 his
3051 3984 3272 4048 sentiat,
3301 3983 3700 4051 derelinquere.

2126 4075 2532 4147 Disputantibus
2567 4090 2695 4145 ergo
2723 4091 2906 4146 supra,
2933 4076 3074 4146 quod
3096 4074 3333 4127 animam
3362 4070 3443 4126 vel
3468 4070 3705 4125 mentein

2126 4171 2364 4229 hominis
2394 4168 2535 4223 nulla
2574 4178 2822 4226 creatura
2849 4167 3002 4236 juxta
3020 4168 3375 4224 substantiam
3406 4164 3575 4235 possit
3603 4164 3705 4217 im-

2126 4265 2293 4335 plere,
2322 4262 2427 4317 nisi
2459 4262 2570 4317 sola
2601 4261 2862 4325 Trinitas,
2899 4261 3025 4330 quia
3082 4259 3452 4314 tantummodo
3496 4268 3699 4309 secun-

2125 4357 2255 4411 dum
2284 4357 2679 4425 operationem,
2715 4364 2772 4410 et
2829 4353 3126 4407 voluntatis
3152 4365 3420 4414 errorem,
3450 4349 3565 4402 sive
3595 4347 3705 4398 vir-

2127 4456 2319 4513 tutem,
2352 4447 2568 4500 animus
2596 4447 2661 4499 de
2691 4445 2775 4499 his
2804 4436 2926 4515 quae
2975 4452 3154 4497 creata
3189 4441 3284 4513 [αι.
3325 4437 3553 4509 sociata]
3576 4447 3705 4492 sunt

452 4538 561 4584 tum
590 4529 1042 4596 communionem,
1067 4531 1162 4586 sed
1185 4530 1337 4600 juxta
1363 4541 1569 4586 natura:
1601 4534 2022 4602 substantiaeque
2056 4559 2098 4613 ο
2127 4538 2419 4610 impletur:
2454 4537 2651 4609 oborta
2692 4542 2776 4591 est
2804 4538 3034 4606 quaestio
3065 4544 3273 4601 nostra,
3302 4532 3454 4603 quasi
3485 4543 3704 4586 senten-

449 4621 1085 4689 consortium.Qnomodo
1113 4623 1257 4677 enim
1285 4637 1511 4692 quorum
1537 4625 1746 4679 diversa
1768 4625 2022 4680 substan-

451 4714 521 4767 tia
554 4723 657 4776 est,
688 4715 960 4769 interdum
996 4714 1177 4769 evenit
1209 4723 1267 4768 ut
1302 4715 1575 4768 communi
1599 4716 1858 4772 vocabulo
1886 4733 2026 4771 nun-

449 4815 733 4875 cupentur,
756 4816 813 4861 et
837 4806 953 4862 haec
967 4806 1218 4861 dicuntur
1237 4803 1503 4877 ὁμώνυμα
1521 4821 1535 4835 ·
1564 4809 1636 4861 ita
1659 4822 1864 4871 eorum,
1885 4822 2020 4876 quo-

451 4911 569 4950 rum
591 4899 778 4952 eadem
811 4908 896 4951 est
928 4906 1118 4951 natura
1153 4906 1314 4966 atque
1339 4898 1666 4962 substantia,
1694 4911 1815 4952 cum
1845 4897 2020 4951 socie-

451 4996 561 5040 tate
592 4989 863 5054 vocabuli,
893 4999 1099 5043 naturaa
1147 5002 1361 5057 quoque
1405 4988 1685 5057 aequalitas
1715 4988 2018 5058 copulatur,

450 5070 505 5129 et
533 5075 829 5146 disciplina:
866 5079 1271 5134 dialecticorum
1311 5087 1398 5134 est
1438 5079 1712 5147 appellare
1738 5080 1853 5133 haec
1895 5096 2022 5132 συν-

451 5163 664 5249 ώνυμᾳ.
694 5168 899 5226 Idcirco
931 5180 987 5226 et
1024 5171 1260 5242 Spiritus
1289 5172 1632 5238 vocabulum,
1689 5182 1745 5227 et
1789 5173 1834 5228 si
1891 5173 2019 5242 quid

523 5324 575 5395 '1
609 5324 1015 5392 tcur.vn,34.
1090 5326 1138 5360 ³⁸
1167 5327 1266 5382 lsa.
1294 5329 1557 5395 “milia

456 5394 503 5426 ⁸³
544 5392 673 5463 Sap.
713 5410 753 5459 I,
779 5399 831 5449 6.
908 5396 954 5427 “
987 5396 1027 5450 ll
1047 5397 1173 5453 Cor.
1206 5413 1290 5466 tu,
1322 5392 1437 5453 17(
1485 5398 1531 5432 ⁸³
1565 5398 1721 5454 Joan.
1749 5416 1822 5466 tv,
1844 5401 1939 5455 24.

524 5555 637 5628 (54)
665 5554 863 5611 lterum
885 5572 951 5613 ex
980 5561 1164 5614 eadem
1190 5561 1426 5617 editione
1450 5573 1507 5619 et
1535 5562 1711 5620 Vatic.
1740 5580 1865 5630 ms.,
1898 5581 2021 5621 cum

455 5638 635 5703 antea,
672 5642 839 5703 (“esse
866 5645 885 5678 ›
909 5644 1025 5703 pro_
1054 5647 1074 5703 ᾳ
1107 5638 1267 5703 uo‘sse
1287 5652 1306 5685 ι
1344 5633 1633 5703 legeretur.

525 5696 639 5767 (55)
684 5695 883 5752 Vitiose
909 5695 981 5752 'et
1013 5699 1203 5755 hiulco'
1234 5695 1625 5775 sensuvera-tu
1651 5705 1701 5760 hi
1731 5720 1857 5761 vero
1877 5724 1895 5758 ι
1924 5720 2022 5775 pro

460 5784 479 5817 ‹
505 5781 665 5847 vere:
690 5784 710 5818 ι
750 5774 862 5849 tum
914 5783 1052 5849 novo
1097 5776 1313 5841 mendo,
1342 5792 1360 5827 ι
1386 5789 1529 5831 vera:
1587 5773 1839 5833 Israelita:
1865 5796 1884 5829 ι
1922 5773 2020 5848 pro

460 5854 481 5888 ι
501 5850 649 5897 vere.
675 5854 695 5889 ι
717 5847 808 5891 aut
831 5856 848 5890 ε
872 5847 1002 5893 veri.
1025 5856 1046 5891 ι

1634 5330 1676 5362 ³⁸
1703 5329 1804 5385 lsa.
1839 5347 1915 5392 xt,
1952 5330 2037 5384 15.
2115 5331 2161 5362 ⁵ο
2194 5331 2235 5385 ll
2258 5330 2381 5385 Cor.
2415 5345 2495 5395 ιιι,
2520 5327 2573 5383 6.

2019 5399 2065 5432 ⁸⁵
2101 5402 2267 5456 Amos
2290 5416 2360 5466 Iv,
2388 5400 2472 5454 12.
2550 5400 2595 5431 ⁸⁷
2626 5397 2790 5454 Zach.
2825 5397 2926 5464 xu,
2958 5401 3009 5453 1.

2129 4633 2255 4686 tiam
2291 4632 2525 4694 solvens,
2560 4630 2705 4699 quod
2737 4638 2922 4683 creata
2951 4628 3282 4692 substantia,
3309 4641 3429 4695 qua:
3474 4626 3525 4679 in
3557 4626 3705 4681 Scri-

2127 4721 2305 4794 pturis
2335 4722 2571 4777 Satanas
2623 4718 2944 4789 appellatur,
2996 4718 3418 4787 iugrediaturin
3469 4718 3703 4787 aliquos,

2132 4823 2187 4869 et
2221 4829 2317 4871 cor
2345 4812 2706 4883 quorumdam
2757 4808 2982 4878 implere
3039 4808 3270 4863 dicatur.
3304 4806 3437 4863 Nam
3473 4810 3537 4864 ad
3577 4823 3704 4863 eum

2126 4907 2220 4976 qui
2256 4904 2599 4959 medietatem
2633 4902 2789 4971 pretii
2846 4902 2911 4954 de
2962 4908 3107 4971 agrot
3131 4899 3351 4953 vendito
3399 4899 3525 4962 sibi,
3562 4898 3705 4953 aliud

2128 4996 2412 5064 proﬁtens,
2437 5000 2768 5055 reservaret,
2805 5006 2832 5046 a
2874 4989 3034 5045 Petro
3080 4992 3327 5060 apostolo
3359 4991 3563 5046 dictum
3589 5001 3701 5044 est:

2132 5104 2151 5137 ι
2187 5087 2395 5141 Anania
2424 5126 2441 5152 ,
2486 5099 2655 5153 quare
2698 5084 2939 5153 implevit
3002 5084 3233 5138 Satanas
3262 5098 3357 5139 cor
3413 5093 3561 5138 tuum
3585 5083 3703 5135 ⁸⁸2»

2127 5175 2193 5230 Ει
2223 5173 2457 5233 deJuda
2507 5174 2749 5242 loquitur
2783 5174 2899 5242 ipse
2935 5172 3209 5241 Salvator,
3257 5175 3395 5244 quod
3422 5173 3708 5228 intraverit

2650 5328 2694 5399 ξι
2732 5328 2964 5399 Philipp.
3002 5345 3083 5398 ιιι,
3122 5328 3177 5385 5.
3250 5332 3296 5363 ⁸⁸
3327 5328 3582 5396 luam",
3609 5330 3707 5384 21.

3087 5400 3133 5433 ⁸⁸
3162 5401 3284 5456 Act.
3318 5417 3371 5467 ν,
3400 5402 3455 5457 5.

2202 5564 2316 5635 (56)
2357 5565 2599 5620 Emendo
2625 5581 2690 5620 ex
2707 5568 2875 5621 veteri
2898 5565 3154 5631 editione,
3174 5584 3194 5617 ‹
3226 5565 3455 5637 Sanctus
3472 5567 3663 5637 bonus.
3678 5581 3703 5613 ι

2130 5650 2254 5691 eum
2297 5634 2456 5690 esset
2480 5646 2669 5690 contra
2703 5636 2959 5691 Auctoris
2996 5645 3252 5700 mentem,
3310 5652 3329 5685 ι
3351 5634 3583 5702 Spiritus
3605 5638 3701 5687 bo-

2128 5721 2313 5841 ῃυῗῗλέ)
2353 5772 2459 5829 Pro
2494 5790 2657 5829 «sum
2703 5774 2945 5839 ﬁrmans,
3009 5774 3218 5829 »οι-ωε.
3274 5770 3530 5840 στερεῶν,
3582 5780 3702 5826 οτι-δ

2132 5863 2153 5896 ι
2186 5845 2520 5902 conﬁrmavi.
2550 5863 2567 5895 ι
2601 5845 2656 5901 in
2682 5845 2884 5914 aliquot
2916 5860 3073 5912 mss.,
3120 5862 3138 5895 ι
3169 5859 3287 5899 sum
3315 5846 3577 5898 fortuitus.
3603 5859 3627 5893 ι
