4034 6400
469 371 475 378 ι
496 331 632 392 i083

1737 343 1974 399 DIDYMI
2015 338 2478 397 ALEXANDRINI

3587 341 3707 395 1084

489 447 543 502 in
573 464 697 503 eum
734 447 981 504 Satanas.
1010 449 1088 503 Ad
1123 451 1265 520 quod
1296 460 1478 517 postea
1505 455 1933 521 respondendum
1959 463 2061 508 est.
2094 458 2140 511 A
2169 454 2366 508 factum
2406 467 2529 507 esse
2559 458 2613 506 et
2635 448 2835 504 habere
2866 449 3214 520 principium.
3260 447 3430 504 Porro
3470 451 3608 518 quod
3636 452 3710 504 in-

490 537 707 593 lnterim
728 556 868 595 nunc
888 542 1226 609 disputemus
1245 543 1360 611 (58)
1377 545 1661 600 adversum
1685 547 1734 600 id
1754 548 1896 616 quod
1920 547 2058 600 scri-

488 638 638 697 ptum
664 642 766 695 est,
812 651 830 682 ι
861 647 1030 700 quare
1069 634 1309 701 implevit
1361 633 1590 690 Satanas
1616 652 1712 690 cor
1763 650 1909 691 tuum
1935 638 2051 690 ιη.

487 720 758 787 quomodo
778 717 1009 774 Satanas
1031 733 1262 776 mentem
1289 725 1516 793 alicujus
1545 735 1598 780 et
1628 727 1920 795 principale
1944 727 2056 798 (59)

487 809 668 864 cordis
702 811 936 879 impleat,
972 828 1078 866 non
1109 814 1412 884 ingrediens
1442 817 1492 868 in
1522 833 1644 870 eum
1669 827 1723 872 et
1760 820 1810 871 in
1835 833 2054 874 sensum

485 900 625 968 ejus,
662 910 842 969 atque,
879 912 938 955 ut
968 903 1037 956 ita
1067 903 1263 968 dicam,
1293 904 1495 958 aditum
1550 906 1732 960 cordis
1770 908 2052 972 introiens,

487 990 754 1057 siquidem
789 992 903 1047 haec
950 1005 1188 1060 potestas
1233 995 1400 1049 solius
1466 1007 1549 1050 est
1608 997 1920 1066 Trinitatis;
1961 1001 2054 1054 sed

484 1083 638 1149 quasi
669 1083 892 1138 callidus
925 1086 1140 1153 quidam
1177 1097 1231 1140 et
1264 1101 1496 1156 nequam
1533 1103 1596 1142 ac
1641 1089 1800 1143 fallax
1832 1091 2055 1144 fraudu-

483 1173 773 1240 lentnsque
805 1175 1080 1243 deceptor,
1109 1176 1160 1228 in
1201 1191 1295 1230 eos
1338 1177 1570 1230 animam
1602 1177 1894 1232 humanam
1935 1195 2052 1234 ma-

482 1261 610 1317 litiae
657 1263 880 1319 aﬁ‘ectus
932 1265 1113 1328 trahit,
1156 1280 1251 1334 per
1290 1267 1641 1337 cogitationes
1699 1280 1752 1324 et
1782 1270 2050 1324 incentiva

482 1356 758 1418 vitiorum,
792 1357 987 1426 quibus
1032 1358 1144 1425 ipse
1196 1358 1387 1425 plenus
1424 1371 1527 1413 est.
1576 1359 1815 1428 Denique
1862 1370 1915 1414 et
1939 1361 2051 1428 ipse

482 1444 700 1515 Elymas
738 1461 924 1515 magus
959 1447 1096 1502 ﬁlius
1125 1448 1348 1514 diaboli,
1382 1449 1539 1516 juxta
1565 1450 1822 1504 malitiam
1857 1451 2049 1518 nequi-

483 1536 722 1605 tiamqne
746 1539 1068 1601 subsistens,
1122 1538 1315 1607 plenus
1363 1541 1508 1594 omni
1551 1540 1670 1595 dolo
1723 1549 1779 1594 et
1819 1541 2046 1606 malitia,

479 1626 737 1680 scribitur
763 1645 782 1679 ι
815 1627 1012 1682 Satana
1047 1639 1202 1698 patre
1222 1630 1362 1699 ejus,
1385 1649 1403 1681 ι
1441 1631 1581 1686 hanc
1611 1631 1660 1686 ei
1692 1633 2046 1698 voluntatem,

477 1718 632 1784 quasi
668 1734 733 1771 ex
793 1723 1186 1776 consuetudine
1240 1723 1493 1776 vitiorum
1531 1723 1582 1776 in
1627 1733 1876 1777 naturam
1925 1740 2046 1780 vcr-

2165 543 2516 613 corruptibile
2547 542 2640 607 sit,
2664 556 2789 597 esse
2814 551 2868 596 et
2908 550 3054 596 retro
3076 551 3131 596 et
3157 542 3408 610 deinceps
3438 541 3682 608 sempiter

2164 653 2312 690 num.
2349 635 2462 689 Non
2497 649 2647 703 ergo,
2683 642 2739 687 ut
2780 633 2995 702 quidam
3043 641 3253 700 putant,
3315 632 3708 702 participatione

2163 737 2387 789 natura),
2416 727 2528 780 sive
2563 725 2884 779 substantiae
2915 725 3099 793 implet
3128 723 3434 792 quempiam
3462 723 3708 786 diabolus,

2165 829 2259 873 aut
2287 817 2406 888 ejus
2443 819 2711 872 habitator
2737 815 2984 882 eﬁicitur,
3016 817 3108 871 sed
3157 831 3253 884 per
3287 815 3728 882 fraudulentiam,

2160 920 2214 965 et
2236 908 2631 978 deceptionem.
2666 916 2720 962 et
2740 907 3020 969 malitiam,
3051 907 3294 960 habitare
3319 905 3371 958 in
3397 920 3462 959 eo
3489 905 3712 959 creditur

2159 1017 2319 1072 quem
2344 999 2581 1069 replevit.
2604 999 2713 1054 Hac
2741 1009 2918 1053 autem
2947 997 3154 1050 fallacia
3168 997 3331 1050 etiam
3361 995 3710 1066 presbyteros,

2157 1092 2248 1161 qui
2293 1091 2554 1144 adversus
2591 1088 2898 1143 Susannam
2953 1088 3005 1141 in
3038 1085 3418 1141 crudelitatem
3467 1100 3526 1140 se
3552 1095 3713 1140 verte-

2159 1181 2444 1250 rant(42),
2478 1179 2723 1242 intravit,
2748 1179 2976 1248 implens
3007 1179 3214 1232 animas
3261 1192 3449 1232 eorum
3484 1177 3712 1230 incendio

2158 1271 2412 1336 libidinis,
2435 1279 2489 1325 et
2511 1286 2632 1325 sera
2662 1269 2796 1325 senii
2830 1271 3120 1338 voluptate.
3150 1268 3421 1336 Scriptum
3455 1276 3537 1320 est
3558 1267 3711 1320 enim:

2164 1382 2182 1415 ι
2213 1363 2489 1417 Venerunt
2521 1372 2700 1415 autem
2738 1371 2793 1415 et
2825 1360 2930 1415 duo
2981 1358 3305 1429 presbyteri,
3362 1357 3504 1427 pleni
3546 1356 3711 1424 iniqua

2156 1454 2480 1524 cogitatione
2502 1453 2567 1507 ⁸¹.
2584 1472 2602 1504 ι
2621 1452 2715 1507 His
2739 1451 2947 1506 insidiis
2969 1449 3206 1519 implevit
3223 1459 3277 1503 et
3304 1448 3608 1500 universum
3626 1459 3712 1512 po-

2155 1542 2334 1608 pulum
2369 1540 2696 1607 Judaeorum,
2752 1540 2961 1594 dicente
2999 1537 3258 1608 propheta
3309 1537 3375 1591 de
3424 1551 3520 1590 eo:
3561 1554 3579 1586 ι
3612 1533 3712 1596 Vae,

2153 1649 2282 1704 gens
2303 1633 2598 1702 peccatrix,
2630 1632 2856 1701 populus
2884 1630 3073 1699 plenus
3116 1629 3372 1699 peccatis,
3408 1642 3586 1682 semen
3603 1640 3714 1696 pes-

2153 1727 2368 1789 simum,
2399 1725 2492 1779 ﬁlii
2523 1723 2771 1794 iniqui".
2808 1742 2829 1776 ι
2860 1722 3052 1777 Semen
3076 1721 3269 1790 quippe
3286 1735 3515 1790 nequam
3543 1719 3713 1772 diabo-

479 1815 624 1862 ttmte
653 1809 787 1878 (40).
835 1810 1084 1878 Arguens
1136 1812 1320 1879 itaque
1368 1827 1491 1866 eum
1531 1813 1804 1882 apostolus
1859 1812 2054 1870 Paulus
2086 1808 2127 1862 Β
2158 1817 2240 1871 lus
2261 1817 2394 1886 (45),
2436 1828 2488 1871 et
2512 1816 2608 1870 lilii
2637 1816 2773 1886 ejus,
2798 1823 3016 1884 propter
3042 1813 3383 1880 iniquitatem
3415 1821 3470 1865 et
3492 1810 3712 1877 plenitu-

478 1911 642 1968 atque
674 1901 976 1970 corripiens
1008 1903 1084 1956 ait
1116 1918 1130 1955 :
1163 1921 1181 1953 ι
1215 1902 1260 1956 Ο
1290 1903 1444 1970 plene
1493 1903 1638 1957 Omni
1685 1904 1968 1972 iniquitate
1999 1916 2052 1962 et

476 1990 624 2044 omni
662 1992 805 2057 dolo,
844 1992 919 2045 ﬁli
967 1993 1188 2057 diaboli,
1239 1993 1456 2046 inimice
1503 1993 1730 2062 justitia:
1779 1995 1872 2049 Dei
1913 1996 1994 2050 5°!
2028 2018 2046 2048 ι

481 2077 619 2143 Quia
657 2081 800 2134 enim
834 2081 1135 2150 versipellis
1161 2090 1215 2136 et
1243 2081 1488 2149 callidus,
1536 2097 1749 2138 omnem
1789 2084 1841 2136 in
1867 2098 1925 2139 se
1959 2087 2054 2141 do-

474 2170 584 2225 lum
618 2169 993 2226 fraudulentia:
1048 2181 1381 2242 susceperat,
1433 2174 1731 2243 appellatur
1757 2174 1906 2230 ﬁlius
1933 2177 2050 2231 dia-

476 2260 610 2319 boli,
675 2262 798 2330 quia
863 2261 1118 2332 implebat
1179 2264 1293 2332 ipse
1342 2279 1502 2318 omne
1551 2264 1848 2334 principale
1910 2267 2053 2323 illius

475 2350 664 2405 fraude
699 2364 752 2407 et
774 2354 1075 2422 iniquitate,
1109 2363 1162 2409 et
1189 2355 1334 2410 omni
1361 2356 1599 2423 malitia;
1623 2359 1674 2412 in
1710 2369 1916 2413 tantum
1944 2359 2050 2413 illi-

477 2443 629 2497 ciens
656 2458 778 2498 cum
807 2455 970 2513 atque
993 2446 1289 2515 decipiens,
1317 2455 1374 2501 ut
1402 2448 1515 2516 ipse
1545 2447 1772 2504 Satanas
1800 2450 2053 2519 implesse

477 2534 715 2587 animam
765 2536 956 2604 ipsius,
1013 2545 1069 2590 et
1120 2537 1366 2591 habitare
1419 2540 1470 2592 in
1531 2541 1716 2594 eodem
1748 2550 2050 2609 putaretur,

477 2639 636 2694 quem
670 2627 735 2680 ad
769 2621 958 2682 omnes
990 2643 1102 2684 suae
1132 2630 1502 2698 pervcrsitatis
1533 2630 1705 2697 dolos,
1747 2633 2048 2688 ministrum

477 2715 578 2770 sibi
615 2732 679 2771 ac
708 2717 969 2773 famulum
998 2732 1396 2789 prazparaverat
1430 2723 1562 2795 (41).

548 2807 637 2861 61.
679 2809 759 2862 Ad
794 2809 845 2862 id
869 2825 997 2864 vero
1029 2813 1174 2880 quod
1207 2815 1504 2868 secundum
1524 2830 1877 2884 posueramus
1900 2815 2050 2888 [Vah

477 2901 1521 2974 proposueramus]exemplum,quiain
1555 2906 1746 2962 Judam
1780 2909 2054 2964 introisset

477 2985 732 3053 Satanas,
758 2992 857 3046 hoc
878 2993 1165 3047 dicendum
1189 3005 1290 3048 est.
1322 2994 1632 3052 Observans
1658 3000 1903 3054 diabolus
1931 3002 2052 3068 qui-

2153 1909 2354 1974 dinem,
2390 1908 2516 1961 dicti
2547 1915 2674 1962 sunt
2723 1914 3055 1974 peccatores.
3113 1903 3170 1957 Si
3217 1913 3397 1956 autem
3429 1902 3497 1956 ab
3524 1901 3604 1956 his
3628 1898 3710 1968 qui

2152 2001 2267 2068 ejus
2302 2001 2353 2055 in
2390 1999 2688 2069 Scripturis
2710 1989 2801 2051 ﬁlii
2830 1996 3195 2060 nominantur,
3230 1994 3384 2062 juxta
3417 1991 3713 2048 substantiae

2153 2091 2618 2160 participationem
2650 2103 2755 2141 non
2799 2087 3012 2154 capitur
3035 2083 3132 2156 [αι.
3184 2079 3607 2154 nuncupantur],
3643 2079 3710 2133 si-

2154 2179 2374 2249 quidem
2404 2178 2738 2246 impossibile
2768 2177 2868 2231 hoc
2895 2189 3012 2230 esse
3046 2175 3100 2229 in
3133 2174 3404 2230 creaturis
3423 2173 3712 2240 frequenter

2153 2285 2428 2326 osrensum
2467 2279 2570 2335 est,
2612 2284 2786 2339 neque
2833 2267 2970 2323 alius
3021 2267 3142 2336 quis
3176 2275 3354 2336 potest
3379 2280 3499 2320 eum
3533 2276 3710 2331 capere

2154 2364 2562 2434 participatione
2595 2362 2930 2425 substantias,
2972 2360 3067 2415 sed
3117 2359 3489 2414 tantummodo
3516 2371 3710 2411 assum-

2153 2455 2336 2524 ptione
2395 2453 2907 2508 fraudulentissimaa
2983 2453 3294 2508 voluntatis.
3346 2451 3707 2521 Operationem

2154 2548 2350 2617 quippe
2384 2555 2439 2600 et
2468 2545 2644 2600 studia
2675 2559 2782 2599 non
2818 2545 2988 2599 solum
3056 2544 3320 2598 bonorum
3355 2557 3596 2613 operum,
3623 2537 3708 2593 sed

2153 2637 2316 2689 etiam
2355 2633 2613 2688 malorum
2655 2633 2709 2686 in
2734 2633 2998 2687 creaturis
3027 2632 3300 2695 diximus;
3333 2639 3575 2684 naturam
3598 2639 3710 2680 vero

2156 2736 2319 2794 atque
2349 2725 2705 2780 substantiam
2751 2724 2918 2780 solius
2970 2725 3022 2778 in
3067 2723 3200 2777 alios
3259 2737 3423 2791 posse
3446 2717 3710 2773 Trinitatis

2154 2817 2356 2872 intrare
2387 2815 2523 2885 (44).

2223 2917 2312 2970 62.
2353 2915 2598 2980 Abunde,
2665 2923 2724 2969 ut
2767 2927 2911 2977 reor,
2971 2925 3252 2966 occursum
3313 2918 3398 2965 est
3444 2905 3712 2978 proposita:

2153 3008 2462 3079 quaestioni.
2495 3006 2629 3072 Quia
2667 3020 2798 3060 vero
2848 3006 3086 3072 ineptum
3137 3011 3192 3056 et
3225 3001 3452 3056 stultum
3490 2998 3726 3056 videtur,

473 3079 703 3134 busdam
735 3086 970 3138 motibus
996 3095 1050 3139 et
1081 3087 1456 3156 operationum
1490 3089 1679 3159 signis,
1721 3092 1786 3145 ad
1811 3107 1932 3160 quae
1959 3108 2048 3162 po.
2079 3137 2121 3194 Ο
2155 3105 2416 3156 adversus
2470 3098 2614 3152 fama
2664 3096 3014 3167 respondere,
3049 3103 3103 3149 ει
3157 3095 3199 3149 si
3228 3094 3362 3163 quid
3409 3093 3463 3147 in
3500 3091 3726 3145 buccam.

478 3171 742 3194 .:--=__-__
964 3191 1098 3194 --μ
1181 3189 1218 3194 κ-
1541 3179 1627 3194 ...
1771 3183 1782 3194 .
1923 3185 1933 3194 .
2287 3192 2295 3194 _
2349 3190 2368 3194 _
2415 3190 2425 3194 _
2474 3191 2486 3194 _
2592 3187 2652 3194 __
2705 3188 2718 3194 -
2819 3187 2830 3194 .
3071 3186 3084 3194 .
3293 3183 3326 3194 ..
3411 3184 3442 3194 ..
3539 3180 3550 3194 .
3657 3192 3666 3194 Α

478 3171 746 3226 tissimum
777 3173 929 3229 Juda:
955 3191 1049 3231 cor
1079 3189 1225 3232 esset
1248 3180 1374 3233 vitia
1404 3179 1719 3250 proclivius,
1751 3183 2052 3254 deprehen-

476 3259 556 3314 dit
579 3275 702 3316 eum
735 3271 920 3332 patere
952 3266 1164 3322 insidiis
1195 3269 1436 3323 avaritia:
1457 3309 1472 3333 ,
1523 3277 1578 3324 et
1601 3283 1814 3341 reperta
1838 3275 2050 3344 cupidi-

476 3353 806 3422 tatisjanna,
835 3359 984 3412 misit
1018 3359 1070 3412 in
1114 3370 1349 3415 mentem
1376 3361 1496 3428 ejus
1540 3366 1810 3432 quomodo
1843 3366 2053 3423 deside-

476 3453 653 3499 ratam
681 3450 961 3516 pecuniam
998 3452 1287 3520 acciperet,
1321 3463 1375 3508 et
1407 3469 1501 3524 per
1532 3458 1873 3512 occasionem
1894 3458 2050 3525 lucri,

476 3533 726 3602 proditor
761 3539 1006 3608 magistri
1036 3549 1090 3594 et
1110 3541 1410 3598 Salvatoris
1434 3544 1840 3610 suiexsisteret,
1864 3562 2051 3617 argen-

479 3630 594 3676 tum
635 3639 732 3692 pro
772 3627 973 3695 pietate
1003 3641 1366 3697 commutatis,
1395 3643 1450 3688 et
1493 3636 1796 3706 suscipiens
1821 3639 2051 3706 pretium

479 3714 704 3770 sceleris
729 3732 760 3770 a
792 3716 1080 3776 Pharisaeis
1111 3731 1274 3790 atque
1297 3722 1519 3781 Judaais.
1556 3727 1679 3781 llaec
1706 3743 1835 3798 ergo
1852 3730 2054 3798 cegita-

480 3805 647 3860 tionis
678 3809 891 3863 occasio
919 3810 1093 3865 locum
1127 3814 1312 3868 tribuit
1348 3815 1593 3881 Satante,
1626 3828 1686 3871 ut
1719 3819 1774 3872 in
1816 3834 1912 3872 cor
1936 3819 2053 3888 ejus

481 3897 770 3966 introiens,
794 3901 1180 3971 implerctcum
1213 3909 1448 3976 pessima
1480 3912 1776 3965 voluntate.
1809 3910 2055 3967 Introivit

481 4006 614 4060 ergo
652 4007 756 4046 non
825 3999 1546 4066 secundum.substantiam,
1601 4004 1694 4057 sed
1760 4006 2053 4060 secundum

481 4085 848 4150 operationem
871 4125 888 4151 ,
934 4089 1059 4157 quia
1091 4090 1338 4149 .introire
1389 4091 1440 4146 in
1495 4093 1728 4162 aliquem
1752 4133 1767 4160 ,
1800 4095 2056 4150 increatae

481 4184 692 4229 natura:
713 4185 797 4232 est
821 4176 959 4246 ejus,
987 4195 1108 4250 quae
1131 4182 1532 4250 participetura
1563 4183 1822 4252 pluribus.
1852 4185 2057 4254 Impar-

480 4265 776 4334 ticipabilis
809 4281 937 4338 ergo
973 4270 1219 4325 diabolus
1254 4281 1357 4334 est,
1391 4287 1495 4326 non
1530 4281 1766 4337 creator,
1794 4274 1886 4327 sed
1905 4288 2055 4328 crea-

482 4364 603 4407 tura
644 4357 962 4413 subsistens.
992 4359 1142 4415 Unde
1165 4370 1218 4415 et
1241 4363 1609 4417 convertibilis
1630 4373 1794 4433 atque
1825 4365 2056 4419 mutabi-

2156 3192 2324 3247 ruerit
2349 3190 2446 3262 [αι.
2473 3187 2654 3260 irruit]
2704 3187 3014 3256 impiorum,
3071 3186 3176 3241 hoc
3225 3183 3363 3240 velle
3392 3180 3708 3240 dissolvere;

2151 3299 2257 3338 non
2291 3282 2434 3336 enim
2469 3290 2676 3334 tantum
2728 3278 2980 3348 impietas
3046 3267 3476 3341 est,'scelerata
3535 3285 3714 3342 propo-

2151 3390 2300 3439 nere,
2331 3382 2591 3444 quantum
2621 3379 2678 3427 et
2706 3371 2772 3426 de
2805 3369 3087 3426 sceleratis
3127 3382 3249 3423 cum
3286 3367 3572 3424 resistente
3609 3360 3711 3413 vel-

2151 3465 2201 3521 le
2233 3465 2346 3534 (45)
2394 3473 2669 3530 tractare;
2705 3462 2904 3516 idcirco
2943 3460 3072 3515 illud
3127 3459 3270 3530 quod
3294 3458 3465 3513 solent
3495 3457 3709 3526 jactare,

2152 3565 2415 3626 praetereo
2445 3554 2705 3624 sacrilega
2732 3554 2992 3607 adversus
3015 3555 3110 3606 hos
3127 3549 3353 3605 audacia
3385 3547 3707 3619 proclaman-

2155 3646 2342 3703 tcs:Si
2368 3646 2605 3717 Spiritus
2651 3653 2870 3699 sanctus
2931 3649 3146 3698 creatus
3170 3655 3274 3694 non
3295 3649 3403 3702 est,
3438 3645 3530 3691 aut
3559 3635 3710 3688 frater

2154 3749 2240 3795 est
2272 3739 2362 3793 Dei
2382 3738 2580 3802 Patris,
2607 3745 2699 3789 aut
2717 3745 2940 3804 patruus
2962 3743 3047 3788 est
3065 3731 3329 3801 unigeniti
3354 3729 3480 3785 Jesu
3499 3723 3713 3786 Christi,

2154 3841 2245 3885 aut
2276 3831 2417 3885 ﬁlius
2470 3827 2672 3884 Christi
2717 3834 2819 3892 est,
2845 3835 2940 3880 aut
2966 3839 3132 3894 nepos
3155 3832 3236 3879 est
3273 3823 3371 3878 Dei
3399 3819 3592 3883 Patris,
3628 3823 3712 3869 aut

2154 3921 2267 3990 ipse
2288 3919 2456 3974 Filius
2475 3917 2569 3973 Dei
2587 3915 2869 3984 est,etjam
2893 3929 2997 3969 non
3019 3913 3122 3968 erit
3145 3912 3453 3982 unigenitus
3472 3906 3713 3964 Dominus

2153 4011 2310 4067 Jesus
2339 4009 2612 4074 Christus,
2636 4023 2760 4063 cum
2790 4007 3018 4061 alterum
3048 4003 3270 4058 fratrem
3311 4003 3526 4057 habeat.
3549 3993 3720 4051 Miseri-

2153 4113 2319 4170 atque
2352 4098 2708 4162 miserabiles,
2747 4113 2849 4152 non
2881 4096 3173 4152 sentientes
3205 4093 3272 4147 de
3315 4086 3639 4160 incorporeis
3665 4093 3714 4135 et

2156 4192 2535 4255 invisibilibus,
2558 4191 2712 4260 juxta
2742 4187 3102 4257 corporalium
3137 4194 3191 4240 et
3217 4183 3507 4238 visibilium
3539 4179 3712 4244 dispu--

2159 4285 2258 4339 tari
2287 4298 2391 4337 non
2427 4283 2592 4336 licere
2626 4289 2896 4332 naturam.
2927 4276 3168 4330 Fratrem
3197 4288 3317 4329 esse
3344 4272 3428 4327 vel
3447 4280 3705 4341 patruum,

2157 4382 2408 4440 nepotem
2443 4370 2524 4423 vel
2554 4368 2745 4431 ﬁlium,
2777 4379 3061 4435 corporum
3098 4364 3312 4416 nomina
3349 4370 3493 4426 sunt,
3536 4366 3589 4412 et
3619 4356 3712 4407 im-

483 4447 574 4514 lis,
609 4463 639 4503 e
659 4453 948 4505 sanctitate
971 4451 1351 4523 deciditatque
1374 4457 1592 4512 virtute.
1627 4456 1872 4513 Diximus
1893 4473 2054 4525 supra
2087 4471 2131 4527 ι)
2161 4461 2464 4517 becillitatis
2494 4461 2740 4514 humana:
2793 4457 3071 4512 vocabula.
3120 4453 3358 4509 Trinitas
3388 4469 3511 4509 vero
3538 4457 3713 4504 omnes

485 4541 778 4609 μετοχικόν
809 4541 945 4614 [erat
971 4543 1322 4616 μετοχικῶς],
1353 4546 1404 4600 id
1442 4559 1544 4612 est,
1593 4550 1732 4616 quod
1768 4551 2056 4619 participa-

487 4630 631 4684 tione
659 4635 924 4702 capiatur,
955 4651 1075 4690 esse
1105 4637 1516 4706 incorruptibile
1540 4649 1594 4693 et
1621 4640 1975 4705 immutabile,
2001 4649 2057 4695 et

487 4734 883 4792 consequenter
916 4738 1199 4782 aeternum.
1234 4729 1385 4794 Quod
1415 4740 1594 4783 autem
1627 4731 1826 4785 mutari
1853 4740 2054 4800 potest,

559 4831 604 4863 ’⁸³
645 4832 800 4888 Joan.
849 4852 970 4904 xm,
1014 4839 1102 4894 27.
1178 4841 1351 4896 “Act.
1381 4841 1609 4908 xm,10.

558 4923 671 4994 (58)
712 4926 1029 4995 lmperfecto
1053 4947 1212 4987 sensu
1243 4943 1360 4988 erat
1388 4951 1400 4986 :
1439 4952 1458 4985 ι
1495 4935 1711 4990 lnterim
1741 4949 1886 4989 nunc
1917 4935 1982 4987 ad
2008 4937 2061 4990 id

487 4996 632 5073 quod
663 5001 922 5073 scriptum
948 5012 1082 5056 est.»
1112 5001 1348 5057 Verbum
1391 5023 1410 5054 ι
1436 5004 1773 5073 disputemus
1801 5021 1916 5073 rex
1955 5004 2061 5059 Re-

489 5068 626 5131 gina:
655 5081 756 5119 ms.
791 5067 1018 5124 alterum
1049 5088 1067 5122 (
1090 5075 1398 5138 adversum,
1426 5092 1443 5124 ι
1474 5067 1537 5128 ex
1570 5076 1684 5144 ipso
1717 5085 1768 5128 et
1797 5072 2062 5128 Vaticano

489 5149 807 5202 expressum
832 5147 933 5193 est.

563 5204 677 5280 ('59)
717 5205 905 5263 Graece
943 5209 1298 5280 ἡγεμονικόν.
1339 5211 1471 5268 Vide
1502 5213 1556 5268 in
1580 5213 1986 5270 commentariis
2009 5215 2064 5267 in

488 5273 824 5329 Matthreum.

562 5343 676 5426 (40)
718 5346 956 5428 yatic.”
986 5349 1140 5418 quasi
1192 5364 1260 5404 ex
1323 5353 1715 5408 consuetudine
1761 5354 2057 5408 secundam

486 5427 624 5482 pene
659 5427 932 5482 IDJIClCDle
960 5429 1230 5472 naturam.
1262 5439 1281 5472 ι

563 5484 644 5554 (41
657 5483 677 5624 ζ
692 5487 888 5552 ldem,t
901 5489 1208 5542 ministrum
1227 5489 1326 5544 sibi
1345 5503 1408 5542 ac
1423 5488 1586 5544 ﬁlium
1603 5501 2020 5562 praeparaverat.
2034 5511 2052 5544 ›

563 5555 654 5624 (42
721 5554 884 5611 Vetus
905 5560 1059 5620 edit.,
1078 5575 1096 5609 t
1120 5560 1208 5624 qui
1229 5561 1486 5614 adversus
1505 5561 1804 5615 Susannam
1823 5577 2052 5616 amorem

562 5554 700 5627 (Hi
721 5554 884 5627 Vetus
905 5560 1059 5620 edit.,
1078 5575 1096 5609 t
1120 5560 1208 5627 qui
1229 5561 1486 5627 adversus
1505 5554 1804 5615 Susannam
1823 5577 2062 5616 amorem

493 5619 549 5674 in
572 5619 944 5699 crudelitatem
961 5619 1285 5699 verterant.»
1310 5626 1504 5695 Vatic.,
1533 5632 1654 5699 «qui
1684 5631 1943 5685 adversus
1956 5633 2061 5685 Su-

498 5704 724 5765 sannam
748 5698 1062 5757 saeviebant.
1099 5697 1154 5752 in
1191 5699 1562 5755 crudelitatem
1581 5697 1843 5765 verterat,
1877 5711 1933 5755 et
1956 5702 2058 5756 im-

509 5759 672 5825 plevit
706 5766 933 5832 animas,
969 5787 985 5818 r
1009 5776 1112 5822 etc.

2163 4551 2265 4605 has
2291 4549 2728 4620 praetergredilur
2750 4544 3190 4613 nuncupationes.
3224 4543 3288 4597 Et
3307 4545 3712 4613 quotiescunque

2165 4643 2217 4697 in
2245 4643 2420 4711 aliqua
2447 4642 2510 4695 de
2542 4639 2626 4694 liis
2654 4639 2796 4692 cadit
2823 4654 2839 4701 ;
2867 4637 3173 4691 nominibus
3214 4636 3430 4698 nostris,
3454 4641 3506 4687 et
3543 4632 3712 4681 incon-

2165 4733 2312 4803 gruis
2329 4729 2602 4786 vocabulis
2625 4745 2730 4784 non
2753 4743 2905 4783 suam
2925 4737 3167 4781 naturam
3189 4725 3300 4795 (46)
3320 4726 3567 4793 loquitur.
3587 4717 3710 4772 Cum

1687 4843 1729 4874 ⁸¹
1767 4843 1902 4896 Dan.
1960 4859 2078 4908 xttt,
2135 4845 2228 4900 28.
2303 4844 2348 4875 5’
2379 4842 2480 4898 lsa.
2527 4857 2566 4904 ι,
2616 4840 2670 4893 4.

2231 4936 2343 5005 (45)
2383 4935 2514 4989 Cod.
2543 4932 2783 5000 Reginae,
2832 4949 2851 4982 ι
2877 4930 2966 4984 ﬁlii
3011 4929 3229 5005 diaboli.
3256 4948 3273 4980 ι
3299 4930 3363 4982 Et
3401 4942 3522 4980 mox
3547 4923 3709 5005 Vatic;

2167 5026 2184 5057 ι
2214 5003 2340 5059 dicti
2370 5014 2494 5058 sunt
2535 5013 2900 5069 peccatorum,
2928 5019 2946 5052 ι
2977 5003 3146 5070 probo
3172 5011 3396 5067 uterque
3417 5011 3592 5059 sensu,
3615 5003 3710 5044 nm

2157 5077 2318 5131 etiam
2341 5075 2568 5127 meliori.

2229 5144 2339 5214 (44)
2382 5141 2702 5210 Expressius
2748 5140 2886 5214 Reg.
2911 5154 3039 5203 ms.,
3071 5156 3117 5214 _t
3149 5138 3239 5214 sed
3263 5139 3426 5214 etiam
3460 5132 3708 5214 malorum

2159 5209 2550 5283 participabilia
2584 5227 2704 5286 esse
2754 5211 2807 5262 in
2826 5209 3115 5286 _'creaturis
3176 5209 3442 5286 diximus,
3477 5212 3710 5286 naturam

2160 5269 2289 5338 vero
2356 5269 2519 5349 atque
2572 5281 2930 5335 substantiam
2979 5280 3146 5333 solius
3193 5269 3478 5330 Trinitatis
3509 5274 3559 5326 in
3586 5269 3711 5322 alios

2161 5369 2320 5423 posse
2345 5361 2570 5424 intrare.
2619 5367 2638 5400 ι
2830 5420 2842 5424 _
2986 5355 2988 5358 ’
3239 5416 3251 5424 _
3479 5411 3490 5424 ο

2231 5423 2342 5489 (45)
2384 5421 2513 5474 Erat
2541 5420 2878 5473 incommodo
2902 5433 3086 5481 sensu,
3134 5436 3153 5468 ι
3179 5416 3363 5489 saltem
3390 5414 3710 5489 resistentem
3741 5441 3747 5468 ς

2159 5486 2347 5553 velle.)
2373 5500 2478 5543 etc.
2504 5505 2518 5553 ;
2547 5501 2653 5540 tum
2675 5499 2822 5541 certo
2839 5503 3044 5549 errore,
3068 5506 3084 5537 ι
3108 5489 3247 5554 quod
3276 5486 3445 5540 solent
3473 5487 3709 5554 tractare,
3743 5516 3745 5518 .

2159 5539 2518 5630 piiéiéiebﬂ'
2549 5539 2650 5630 pro
2686 5539 2966 5630 it—jactja-re,
2997 5539 3044 5607 ι’
3071 5539 3164 5610 aut
3187 5539 3492 5622 tjactitare,
3525 5566 3542 5597 ι
3579 5539 3708 5612 quod
3739 5563 3744 5596 ;

2162 5627 2362 5700 habent
2385 5627 2779 5700 entendatiores
2807 5628 2948 5681 libri.
3472 5688 3484 5700 .

2234 5697 2344 5767 (46)
2389 5697 2522 5767 Male
2545 5697 2844 5760 obtinebat,
2885 5713 2903 5747 ι
2931 5712 3033 5750 non
3059 5711 3163 5767 sua
3193 5702 3400 5760 natura,
3429 5709 3448 5743 ι
3471 5689 3522 5742 in
3549 5689 3706 5738 recto.

2165 5765 2431 5824 Emendat
2457 5765 2628 5822 Vatis.
2665 5777 2719 5822 et
2749 5776 2901 5821 vetus
2939 5766 3124 5821 editio.
