4034 6412
336 336 472 392 {085

1564 342 1850 400 CONTRA
1886 345 2331 411 MANICHEOS.

3439 361 3579 418 1086

334 458 495 549 igitur
523 463 709 549 sancta
769 454 1045 549 Scriptura
1098 458 1329 549 amplius
1381 460 1449 517 de
1483 460 1751 519 Trinitate
1787 482 1891 519 non
1931 474 1975 529 Δ
2009 487 2119 526 ram
2153 474 2480 542 hominibus,
2551 476 2836 549 negabitur
2873 478 2942 534 ab
2996 492 3061 535 eo
3087 492 3268 535 coram
3304 477 3487 548 Patre,
3522 490 3579 544 et

331 548 495 613 dicat,
522 548 624 603 nisi
658 548 822 603 Deum
852 547 1064 602 Patrem
1093 562 1213 603 esse
1254 548 1585 619 Salvatoris,
1620 565 1672 608 et
1704 554 1901 611 Filium

330 651 648 708 generatum
682 653 800 695 esse
832 655 861 694 a
895 639 1078 707 Patre,
1118 642 1223 696 hoc
1257 649 1628 701 tantummodo
1647 648 1904 704 debemus

331 732 532 787 sentire
559 732 701 802 quod
729 732 990 802 soriptum
1021 742 1124 788 est.
1161 734 1229 788 Et
1257 744 1475 790 ostenso
1500 739 1642 807 quod
1672 738 1903 808 Spiritus

329 833 550 879 sanctus
581 824 854 879 increatus
886 825 977 888 sit,
1005 825 1735 896 consequenterintelligere,
1756 833 1901 898 quod

328 912 485 982 cujus
519 928 624 968 non
651 924 736 969 est
768 923 951 970 creata
972 915 1296 981 substantia,
1322 924 1468 969 recte
1496 913 1640 969 Patri
1659 914 1902 987 Filioque

326 1008 586 1063 societur.

399 1097 489 1151 65.
529 1095 655 1151 Hmc
673 1095 827 1164 juxta
854 1095 1054 1165 eloquii
1088 1096 1257 1151 nostri
1284 1106 1654 1166 paupertatem
1697 1097 1751 1152 in
1771 1113 1901 1167 prae-

326 1188 465 1244 senti
515 1188 657 1242 dicta
710 1184 1010 1254 sufﬁciant,
1079 1187 1331 1242 timorem
1389 1204 1592 1253 meum,
1656 1191 1795 1255 quod
1833 1190 1899 1243 de

328 1276 529 1345 Spiritu
560 1283 754 1329 sancto
785 1274 928 1343 loqui
957 1288 1118 1329 ausus
1146 1273 1268 1338 sim,
1296 1272 1588 1328 indicantia
1613 1273 1748 1345 (47).
1777 1272 1901 1340 Qui-

327 1383 538 1436 cunque
563 1368 704 1423 enim
730 1367 781 1420 in
817 1381 940 1420 cum
981 1354 1469 1433 blasphemaverit,
1500 1381 1604 1421 non
1634 1366 1807 1420 solum
1839 1366 1894 1419 in

329 1462 429 1515 hoc
458 1460 673 1523 saeculo,
696 1473 880 1513 verum
911 1458 1075 1511 etiam
1110 1457 1165 1511 in
1209 1456 1392 1512 futuro
1438 1472 1542 1511 non
1599 1457 1898 1512 dimittetur

329 1554 378 1608 ei
407 1552 474 1617 '.’,
508 1567 606 1606 nec
631 1551 738 1605 ulla
769 1550 1140 1605 misericordia
1167 1560 1222 1602 et
1252 1550 1407 1603 venia
1442 1549 1803 1603 reservabitur
1821 1549 1896 1603 illi

327 1641 837 1713 quiconculcaverit
875 1640 1070 1695 Filium
1116 1639 1230 1704 Dei,
1274 1647 1329 1693 et
1372 1639 1619 1708 injuriam
1649 1638 1742 1711 [αι.
1768 1656 1900 1696 con-

327 1730 626 1804 tumeliam]
656 1730 844 1786 fecerit
869 1730 1089 1799 Spiritui
1114 1730 1299 1800 gratiae
1326 1730 1465 1799 ejus,
1493 1731 1545 1783 in
1569 1745 1674 1798 quo
1698 1731 1899 1785 sancti-

2009 565 2215 633 angelis
2249 566 2366 634 eius
2397 566 2465 622 ⁸⁸.
2492 567 2632 639 Ergo
2660 569 2783 639 quia
2819 570 2962 625 nulla
3000 571 3153 626 venia
3181 571 3232 625 in
3258 569 3575 627 Trinitatem

2013 657 2332 711 conceditur
2369 658 2889 727 blasphemantibus,
2909 663 3054 717 omni
3096 663 3274 718 studio
3292 672 3348 718 et
3368 665 3573 719 cautela

2006 756 2089 801 est
2105 748 2509 816 providendum,
2531 760 2587 804 ul
2609 764 2677 805 ne
2693 752 2744 806 in
2775 752 2922 807 brcvi
2939 752 3153 822 quidem
3172 768 3444 823 parvoque
3461 769 3579 810 ser-

2010 853 2168 892 mone
2202 840 2268 893 de
2317 855 2379 894 ea
2437 840 2794 911 disputantes,
2836 842 3098 899 labantur.
3156 843 3294 910 Quin
3325 846 3501 914 potius
3529 846 3574 900 si

2012 932 2133 999 quis
2168 932 2271 988 hoc
2316 933 2565 989 volumen
2624 935 2800 1005 legere
2849 936 3097 1003 voluerit,
3147 952 3480 1008 quaesumus,
3518 948 3577 992 ut

2007 1024 2227 1077 inundet
2259 1038 2317 1078 se
2348 1026 2416 1079 ab
2443 1026 2588 1080 omni
2618 1040 2784 1095 opere
2840 1026 2979 1082 malo
3000 1066 3017 1091 ,
3053 1035 3105 1082 et
3160 1029 3575 1098 cogitationibus

2007 1115 2293 1183 pessimis:
2318 1130 2426 1185 quo
2457 1117 2626 1185 possit
2658 1117 2960 1172 illuminato
2990 1120 3154 1176 corde
3176 1134 3238 1174 ea
3279 1120 3576 1191 intelligere

2007 1221 2128 1274 qua:
2160 1205 2436 1270 dicuntur,
2471 1215 2524 1258 et
2553 1206 2745 1275 plenus
2771 1206 3059 1262 sanctitate
3101 1217 3261 1278 atque
3282 1209 3569 1278 sapientia,

2004 1297 2283 1366 ignoscere
2310 1297 2487 1361 nobis,
2514 1297 2685 1351 sicubi
2725 1298 3056 1354 voluntatem
3082 1310 3320 1354 nostram
3347 1315 3449 1354 non
3468 1302 3572 1355 im-

2004 1389 2166 1456 plevit
2197 1388 2438 1454 effectus,
2474 1399 2527 1443 et
2554 1391 2926 1445 tantummodo
2948 1392 3372 1461 consideretqua
3392 1403 3571 1446 mente

2001 1481 2129 1550 quid
2158 1481 2360 1536 dictum
2394 1480 2484 1544 sit,
2515 1496 2618 1535 non
2642 1483 2836 1549 quibus
2864 1497 3177 1551 expressum
3207 1484 3567 1538 sermonibus.

2005 1572 2158 1628 Sicut
2188 1574 2330 1627 enim
2389 1573 2606 1642 pietatis
2644 1588 2860 1627 sensum
2906 1576 3062 1630 nobis
3113 1575 3391 1630 audaciter
3414 1575 3569 1645 juxta

2002 1673 2245 1719 nostram
2279 1665 2664 1719 conscientiam
2716 1665 3069 1731 vindicamus,
3104 1666 3173 1720 ita
3213 1677 3471 1736 quantum
3500 1669 3569 1723 de

2000 1770 2065 1811 eo
2089 1755 2232 1824 loqui
2260 1756 2510 1823 pertinet,
2532 1765 2867 1809 venustatem
2889 1756 3215 1811 rhetoricam
3236 1756 3570 1811 facundiam-

327 1826 517 1881 ficatus
545 1832 631 1879 est
656 1823 722 1877 “.
767 1823 919 1890 Quod
961 1824 1177 1891 quidem
1208 1830 1263 1875 et
1292 1821 1346 1875 in
1384 1821 1494 1875 Deo
1525 1820 1684 1875 Patre
1704 1827 1789 1876 est
1811 1821 1894 1875 in-
1925 1826 1943 1885 1

1997 1846 2296 1916 que,juxta
2321 1845 2762 1914 consequentiam
2791 1844 2901 1914 (49)
2937 1855 3249 1916 textumque
3275 1848 3564 1914 sermonis,

329 1916 695 1986 telligendum.
742 1915 875 1968 Nam
930 1913 1022 1983 qui
1082 1912 1532 1980 blasphemaverit
1582 1912 1633 1965 in
1664 1927 1808 1978 eum,
1836 1920 1892 1966 et

1990 1936 2177 2006 procul
2212 1936 2402 1990 abesse
2434 1935 2752 2005 simpliciter
2784 1936 3125 1991 confitemur.
3176 1937 3347 1991 Studii
3371 1938 3567 2008 quippe

326 2008 491 2079 impie
523 2007 717 2078 θῧθτίίν
773 2007 890 2060 Sine
949 2006 1103 2096 νεηῖξλ
1155 2004 1484 2096 crueiabii‘"
1508 2042 1523 2067 ν
1550 2002 1692 2056 ¹¹¹¹¹¹⁰
1713 2017 1901 2096 pro}?
1992 2002 2163 2080 nostri
2195 2023 2318 2090 fuit,
2344 2025 2410 2079 de
2460 2002 2762 2094 Scripturis
2804 2025 3010 2079 sanctis
3037 2002 3446 2091 disserentibu-s,
3467 2002 3567 2096 pic

328 2100 611 2154 Dominum
642 2099 965 2167 deprecante
987 2093 1124 2168 (48),
1153 2095 1294 2150 sicut
1317 2095 1577 2163 scriptum
1606 2100 1709 2158 est,
1749 2112 1768 2144 ι
1798 2092 1901 2159 Qui

328 2201 507 2245 autem
538 2191 593 2244 in
631 2190 911 2245 Dominum
959 2187 1126 2243 Deum
1180 2187 1524 2257 peccaverit,
1576 2185 1697 2255 quis
1723 2185 1902 2239 orabit

329 2296 427 2352 pro
468 2297 534 2338 eo
571 2281 657 2335 '3?
695 2300 714 2334 ι
745 2279 964 2336 Necnon
1009 2289 1063 2335 et
1092 2279 1184 2349 qui
1224 2278 1418 2333 Filium
1461 2277 1737 2348 negaverit
1794 2291 1890 2332 co-

1992 2116 2293 2186 intelligere
2324 2131 2445 2186 qua:
2478 2117 2681 2186 scripta
2725 2126 2873 2184 sunt,
2908 2127 2962 2171 et
3002 2118 3326 2187 imperitiam
3353 2135 3566 2176 mensu-

1997 2223 2221 2279 ramque
2251 2208 2417 2262 nostri
2456 2222 2560 2262 non
2596 2208 2847 2278 ignorare
2885 2210 3172 2265 sermonis.

393 2421 439 2454 ⁵³
478 2419 668 2475 Matth.
709 2435 807 2486 xu,
832 2419 925 2476 32.
996 2416 1044 2449 ”
1059 2416 1415 2484 Hebr.x,29.'
1481 2417 1527 2449 ⁸⁸
1563 2417 1583 2470 Ι
1612 2417 1738 2489 Reg.
1768 2430 1831 2481 tt,
1858 2415 1950 2471 25.
2022 2415 2069 2448 ⁵⁸
2109 2413 2298 2468 Matth.
2329 2427 2385 2478 ι,
2415 2411 2504 2465 33.

397 2557 769 2641 (47).Reginaa
814 2559 951 2641 liber
971 2568 1059 2641 "et
1099 2561 1318 2641 _Yatic.,
1345 2578 1371 2641 ι
1403 2559 1651 2641 timorem
1687 2566 1893 2637 tantum

328 2628 505 2701 meum
525 2629 577 2701 in
608 2628 694 2695 eo,
716 2630 857 2699 quod
880 2631 946 2686 de
970 2628 1173 2701 Spiritu
1204 2639 1393 2685 sancto
1416 2632 1560 2701 loqui
1585 2646 1747 2685 ausus
1766 2629 1911 2692 sim,

326 2701 695 2839 ""E'fé'fitiém
728 2770 857 2841 Reg.
883 2784 1014 2839 ms.,
1051 2789 1070 2824 ι
1106 2769 1252 2825 nullo
1281 2770 1442 2825 modo
1460 2785 1558 2840 pro
1573 2786 1638 2826 eo
1668 2771 1894 2826 Domino

327 2840 666 2908 deprecante.
680 2858 699 2892 ι

2074 2557 2186 2626 (49)
2228 2558 2435 2611 lntrnsa
2465 2555 2553 2609 hic
2591 2564 2873 2626 perperam
2913 2570 2944 2626 _t
2975 2566 3070 2626 n_os
3094 2569 3115 2626 ι
3140 2553 3347 2626 vocula,
3376 2568 3566 2609 sensus

2004 2620 2307 2682 laborabat.
2348 2620 2607 2695 Expunxi'
2625 2620 2726 2693 ope
2753 2624 2956 2678 codicis
2982 2620 3219 2695 Reginae,
3260 2625 3351 2691 qui
3380 2626 3564 2679 itidem

2002 2710 2270 2766 expuncta
2308 2694 2439 2752 voce
2472 2715 2491 2747 ι
2512 2696 2687 2766 juxta,
2712 2711 2732 2745 ι
2793 2695 2903 2749 fere
2943 2694 3262 2749 concinnius
3294 2694 3421 2766 legit
3451 2713 3469 2747 ι
3495 2696 3567 2748 fa-

1948 2773 1961 2785 '
2003 2765 2196 2822 cundia
2224 2765 2718 2836 consequentiam.»

354 2983 3558 3017 Μ

1156 3148 1663 3241 ΔΙΔΥΜΟΥ
1735 3148 2032 3236 ΚΑΤΑ
2085 3147 2739 3242 ΜΑΝΙΧΑΙΩΝ.

1679 3488 2203 3605 DIDYMI

915 3728 1483 3826 CONTRA
1567 3722 2456 3820 MANICHIEOS
2543 3724 2974 3814 LIBER

1223 3926 1713 3990 INTERPRETE
1754 3923 2166 3986 FRANCISCO
2206 3919 2667 3984 COMBEFISIO.

1135 4099 1423 4163 (GALLAND.,
1481 4099 1711 4149 Veterum
1766 4099 1968 4147 Patrum
2017 4093 2261 4154 Biblioth.,
2309 4102 2344 4143 t.
2389 4095 2474 4155 VI,
2518 4109 2567 4157 p.
2608 4090 2742 4151 309.)

1186 4377 1319 4433 Car.
1358 4376 1397 4430 Ι.
1440 4375 1851 4454 Contrariorum
1882 4395 1948 4433 ea:
1979 4380 2184 4448 integro
2225 4378 2374 4432 nulla
2414 4379 2687 4445 oppositia.

386 4496 622 4569 Οὐδεμία
650 4496 918 4561 ἀντίθεσις
945 4496 1199 4551 ἐναντίων
1220 4495 1280 4562 ἐξ
1303 4498 1439 4551 ὅλων
1462 4498 1783 4562 ἀντίκειται,
1810 4498 1886 4570 τῷ
1914 4506 1943 4564 ε

2062 4498 2210 4553 Nulla
2236 4500 2628 4554 contrariorum
2646 4514 2712 4553 ex
2731 4498 2937 4567 integro
2956 4495 3223 4565 oppositio
3244 4501 3346 4559 est,
3364 4508 3426 4550 ea
3462 4494 3564 4549 sci-

319 4591 416 4645 καὶ
441 4591 597 4644 κοινά
619 4608 740 4644 τινα
769 4591 1032 4662 ὑπάρχειν
1054 4593 1166 4654 τοῖς
1193 4591 1473 4654 ἐναντίοις.
1509 4586 1635 4645 Οἷον
1664 4591 1724 4644 τὸ
1759 4590 1882 4643 λευ-

318 4685 434 4747 κὸν,
457 4684 696 4738 ἐναντίον
731 4682 790 4737 ὃν
811 4683 888 4753 τῷ
920 4682 1144 4752 μέλανι,
1180 4682 1323 4736 κατὰ
1361 4683 1527 4753 μόνας
1572 4683 1670 4746 τὰς
1705 4682 1889 4750 διαφο-

321 4775 420 4847 ρὰς
445 4775 556 4845 ἔχει
582 4776 680 4847 τὴν
718 4773 1028 4828 ἐναντίωσιν
1053 4813 1066 4836 ,
1107 4773 1274 4827 ὄντων
1304 4772 1486 4836 αὐτοῖς
1520 4771 1712 4826 κοινῶν
1741 4770 1887 4843 χρώ-

322 4884 488 4937 ματος
532 4868 626 4920 καὶ
672 4866 982 4937 ποιότητος·
1020 4866 1172 4919 οὐδὲν
1212 4867 1270 4919 δὲ
1315 4864 1422 4919 τῶν
1467 4865 1722 4919 τοιούτων
1743 4904 1757 4929 ,
1790 4863 1888 4934 τὴν

320 4958 449 5029 περὶ
489 4959 626 5012 αὐτὰ
675 4958 1027 5028 ἐναντιότητα
1075 4957 1345 5029 προτέραν
1392 4955 1524 5027 ἔχει’
1555 4957 1732 5009 πάντα
1779 4953 1888 5025 γὰρ

321 5046 460 5116 μετὰ
488 5047 555 5100 τὰ
582 5047 754 5101 κοινόν
789 5049 847 5102 ἐν
879 5047 936 5101 δὲ
974 5049 1087 5110 τοῖς
1116 5049 1312 5109 κοινοῖς
1337 5046 1437 5098 οὐκ
1478 5044 1624 5098 ἔστιν
1652 5044 1889 5097 ἐναντιό-

316 5154 438 5207 της.
485 5139 577 5190 Δεῖ
604 5138 711 5209 γὰρ
749 5138 925 5192 κοινὸν
956 5137 1152 5209 χρῶμα
1177 5136 1273 5188 καὶ
1298 5136 1557 5205 ποιότητα
1584 5130 1724 5187 εἶναι
1745 5175 1759 5198 ,
1801 5133 1888 5187 ἵνα

316 5223 460 5279 οὕτω
504 5226 567 5279 τὸ
610 5226 799 5280 λευκὸν
834 5227 925 5280 καὶ
955 5227 1016 5279 τὸ
1047 5225 1215 5297 μέλαν
1242 5221 1298 5298 ᾗ,
1334 5224 1593 5287 ὡσαύτως
1641 5223 1781 5295 μετὰ
1827 5223 1889 5276 τὸ

315 5316 470 5369 ποιὸν
520 5316 615 5369 καὶ
656 5316 892 5369 διάθεσιν
934 5319 968 5388 ὴ
1009 5316 1179 5389 ἀρετὴ
1215 5317 1309 5370 καὶ
1334 5319 1365 5388 ὴ
1393 5317 1580 5370 κακία.
1619 5318 1682 5370 Et
1710 5317 1887 5370 τοίνυν

316 5409 572 5489 ὀιγένητοι
597 5407 690 5462 δύο
710 5410 875 5481 ἀρχαὶ
907 5409 998 5463 καὶ
1021 5410 1183 5462 αὐτοὶ
1205 5408 1453 5469 ἐναντίοι,
1485 5409 1518 5478 ἢ
1545 5408 1604 5473 ἐξ
1630 5407 1767 5462 ὅλων
1814 5408 1889 5460 εἰ·

318 5505 403 5557 σὶν
429 5501 529 5573 τὴν
562 5501 910 5573 ἐναντιότητα
936 5500 1175 5571 ἔχουσαι,
1210 5501 1243 5571 ἢ
1269 5502 1504 5573 ὑπάρχει
1552 5501 1676 5554 τινὰ
1697 5504 1888 5565 αὑταῖς

317 5593 488 5646 κοινά.
516 5590 657 5643 Ἀλλ’
689 5590 839 5643 οὐδὲν
860 5591 918 5657 ἐξ
944 5590 1080 5644 ὅλων
1107 5591 1319 5662 δέχεται
1346 5591 1709 5661 ἐναντιότητα·
1734 5591 1887 5663 ἔχου-

320 5699 374 5735 σι
418 5683 529 5753 ἄρα
568 5682 662 5735 καὶ
686 5680 848 5734 αὐταὶ
881 5681 1061 5745 κοινὰ,
1098 5682 1159 5736 τὸ
1201 5680 1374 5747 εἶναι,
1413 5682 1474 5736 τὸ
1515 5683 1694 5737 οὐσίαι
1722 5679 1883 5749 εἶναι,

317 5771 416 5830 καὶ
442 5774 497 5831 ετ
514 5788 568 5828 τι
586 5772 773 5841 ἕτερον
796 5770 1100 5842 εὑρίσκεται
1137 5774 1265 5843 περὶ
1285 5773 1454 5837 αὑτὰς
1482 5774 1675 5830 κοινόν.
1697 5773 1883 5832 Ἐναν-

1991 4591 2117 4646 licet
2149 4592 2377 4655 ratione,
2403 4592 2545 4659 quod
2580 4601 2635 4644 et
2673 4588 2956 4643 contrariis
2979 4597 3107 4641 sunt
3142 4587 3380 4655 quaedam
3408 4601 3560 4641 com-

1990 4683 2196 4737 munia.
2210 4680 2369 4736 Verbi
2388 4682 2581 4753 gratia,
2596 4681 2771 4735 album
2788 4681 2928 4747 quod
2941 4687 3023 4734 est
3039 4679 3364 4732 contrarium
3383 4679 3559 4748 nigro,

1989 4773 2184 4842 quibus
2206 4772 2376 4826 solum
2411 4771 2704 4825 rationibus
2727 4768 2920 4835 differt,
2952 4769 3111 4823 habet
3132 4778 3189 4823 ut
3226 4769 3559 4823 contrarium

1990 4865 2084 4931 sit;
2110 4880 2230 4919 cum
2284 4864 2479 4932 alioqui
2521 4861 2755 4917 colorem
2782 4869 2836 4917 et
2876 4861 3183 4932 qualitatem
3222 4876 3560 4915 communem

1988 4956 2147 5008 ambo
2167 4955 2465 5009 obtineant.
2490 4950 2630 5005 Nihil
2654 4960 2830 5005 autem
2856 4967 3041 5006 eorum
3066 4966 3186 5019 qua:
3210 4949 3325 5018 ejus
3347 4950 3561 5019 generis

1988 5053 2133 5107 sunt,
2154 5043 2296 5097 circa
2318 5058 2375 5097 se
2405 5043 2550 5110 prius
2571 5042 2750 5107 habet,
2781 5043 2920 5110 quod
2949 5041 3279 5095 contrarium
3296 5049 3399 5095 est.
3431 5041 3560 5094 Haec

1987 5135 2130 5189 enim
2145 5141 2336 5187 cuncta
2366 5139 2663 5200 sequuntur
2683 5145 2747 5186 ea
2774 5146 2894 5200 quze
2922 5131 3225 5185 communia
3242 5138 3394 5195 sunt;
3420 5129 3562 5184 iniis

1989 5235 2164 5280 autem
2200 5238 2321 5292 qua:
2336 5222 2925 5289 suntcommunia,non
2960 5232 3039 5277 est
3077 5222 3428 5277 contrarium.
3457 5221 3561 5275 Ne-

1987 5330 2137 5371 cesse
2152 5315 2293 5370 enim
2313 5323 2397 5368 est
2413 5313 2646 5368 colorem
2663 5328 2782 5368 esse
2799 5324 2850 5368 et
2867 5312 3201 5382 qualitatem,
3219 5324 3277 5367 ut
3294 5313 3366 5367 sit
3379 5312 3557 5367 album

1985 5420 2040 5463 et
2059 5408 2289 5477 nigrum.
2323 5406 2495 5459 Simili
2516 5419 2728 5474 quoque
2750 5406 2957 5459 ratione
2980 5411 3277 5473 sequuntur
3302 5402 3473 5456 virtus
3502 5412 3557 5455 et

1989 5497 2206 5560 vitium,
2238 5495 2329 5549 ubi
2366 5495 2605 5564 qualitas
2636 5505 2689 5550 et
2724 5495 3006 5565 dispositio
3029 5510 3092 5548 ac
3139 5491 3350 5548 aﬂectio
3380 5491 3553 5560 praeit.

1988 5588 2043 5642 Si
2077 5588 2243 5656 igitur
2273 5588 2378 5641 duo
2410 5585 2671 5655 principia
2707 5586 2944 5654 ingenita
2974 5594 3120 5650 sunt,
3176 5596 3228 5638 ct
3271 5584 3384 5636 haec
3430 5589 3555 5635 sunt

1987 5681 2256 5737 contraria
2283 5696 2298 5745 ;
2334 5679 2417 5733 vel
2440 5694 2506 5733 ex
2534 5688 2646 5733 toto
2672 5689 2801 5734 sunt
2826 5679 3119 5740 contraria,
3146 5675 3228 5729 vel
3257 5682 3381 5729 sunt
3410 5685 3559 5741 quae-

1987 5773 2108 5829 dam
2142 5771 2247 5827 illis
2284 5770 2608 5827 communia.
2640 5770 2707 5825 At
2736 5768 2869 5824 nihil
2904 5782 2966 5824 ex
3014 5767 3221 5836 integro
3254 5760 3559 5819 contrarias
