4034 6420
503 358 642 419 1087

1735 366 1979 423 DlDYMl
2017 365 2485 423 ALEXANDRINI

3597 369 3737 426 MSS

503 471 695 542 recipit
723 472 978 528 rationes.
1015 471 1225 529 llabent
1255 475 1414 546 igitur
1441 476 1558 532 haec
1587 493 1800 548 quoque
1832 495 2069 534 commu-

2181 480 2290 543 τίας
2323 480 2378 532 δὲ
2411 482 2554 532 ποιεῖ
2585 479 2774 544 αὐτάς,
2805 479 2866 534 τὸ
2907 479 3004 550 τὴν
3045 481 3143 551 μέν
3165 479 3386 548 ἀγαθὸν,
3419 479 3518 553 τὴν
3551 483 3608 537 δὲ
3641 501 3742 537 κα-

502 563 616 626 nia,
666 571 725 615 ut
773 562 905 626 sint,
959 571 1014 617 et
1069 565 1387 620 substantiae
1440 567 1570 635 sint,
1605 583 1668 624 ac
1695 569 1739 624 si
1772 571 1900 638 quid
1929 569 2072 624 aliud

499 657 646 706 circa
704 652 820 718 ipsa
871 662 926 708 et
982 653 1036 708 in
1091 655 1170 710 eis
1199 658 1456 724 occurrit,
1492 661 1634 729 quod
1666 674 1954 714 commune
1980 661 2072 715 sit.

498 742 782 799 Contraria
817 761 943 801 vero
973 762 1034 802 ea
1063 747 1216 812 facit,
1249 751 1391 818 quod
1445 752 1671 807 alterum
1715 754 1932 822 quidem
1974 754 2073 808 bo-

499 851 628 888 num
655 837 744 901 sit,
770 837 996 893 alterum
1029 839 1260 908 malum;
1292 843 1541 914 quodque
1589 845 1716 899 item
1769 845 1913 900 aliud
1961 846 2072 912 lux,

499 927 644 982 aliud
681 930 916 985 tenebris
949 931 1076 985 sint.
1111 932 1268 989 Prius
1297 949 1428 1005 ergo
1458 935 1774 1006 intelligitur
1800 953 1924 994 esse
1960 941 2074 994 haec

499 1020 852 1086 substantias,
907 1037 1068 1092 quam
1124 1037 1246 1080 esse
1300 1026 1496 1080 bonum
1551 1038 1605 1082 et
1640 1028 1861 1086 malum.
1921 1029 2072 1096 Quod

499 1127 628 1182 ergo
654 1115 927 1169 contraria
957 1125 1104 1180 sunt,
1153 1132 1262 1171 non
1299 1133 1463 1187 penes
1494 1121 1800 1174 communia
1847 1131 1950 1186 est,
1979 1122 2073 1178 sed

501 1217 665 1271 penes
693 1207 1096 1272 proprietatem.
1126 1203 1350 1260 Ponitur
1380 1219 1563 1262 autem
1621 1209 1736 1263 hmc
1777 1221 1896 1263 esse
1925 1210 2074 1278 inge-

501 1293 612 1348 nita
639 1311 652 1361 ;
688 1295 818 1350 nihil
848 1311 976 1351 vero
997 1307 1082 1352 est
1107 1299 1248 1368 quod
1279 1299 1575 1369 ingenitum
1600 1301 1904 1356 antecedat.
1932 1301 2072 1356 Ante

2169 569 2282 621 κόν·
2307 569 2401 622 καὶ
2437 568 2535 639 τὴν
2576 568 2674 638 μὲν
2710 569 2846 639 φῶς,
2892 567 2992 641 τὴν
3016 568 3074 622 δέ
3100 570 3286 634 σκότος
3315 566 3474 628 εἴναι.
3504 572 3742 644 Προεπι-

2169 661 2366 712 νοεῖται
2400 659 2457 712 δὲ
2496 659 2558 712 τὸ
2595 655 2734 712 εἶναι
2778 659 2948 723 αὑτὰς
2991 661 3212 725 οὐσίας,
3247 660 3372 732 ἢτδ
3404 662 3606 732 ἀγαθὸν
3643 664 3734 718 και

2169 749 2338 802 κακὸν
2369 750 2652 822 ὑπάρχειν.
2694 750 2759 804 Ἦ
2788 750 3101 822 ἐναντιότης
3138 750 3246 825 ἀρα
3277 752 3338 806 οὐ
3368 753 3510 808 κατά
3529 755 3598 808 τὰ
3620 771 3734 809 κοι-

2171 843 2258 904 νὰ,
2292 841 2426 895 ἀλλά
2457 841 2599 896 κατά
2619 841 2718 914 τὴν
2749 842 3006 910 ἰδιότητα.
3037 843 3288 897 Τίθενται
3312 845 3368 899 δέ
3401 845 3568 909 αὐτὰς
3609 847 3738 914 ἀγε-

2171 937 2362 1007 νήτους
2391 929 2548 990 εἶναι·
2586 936 2738 990 οὐδὲν
2763 937 2818 990 δὲ
2850 937 2956 1009 πρὸ
2992 939 3277 1010 ἀγενήτου.
3307 938 3420 1010 Πρὸ
3460 937 3663 992 τούτων
3683 937 3740 993 δέ

2167 1028 2220 1082 τι
2249 1031 2417 1094 ἐστιν,
2449 1029 2581 1083 αὐτὸ
2612 1030 2642 1083 ὃ
2676 1025 2828 1084 εἷπον
2866 1029 3062 1094 κοινῶς
3104 1031 3298 1095 αὑταῖς
3328 1031 3608 1104 ὑπάρχειν·
3639 1031 3742 1084 οὑκ

2169 1117 2276 1191 ἄρα
2307 1120 2557 1192 ἀγένητοι
2587 1123 2642 1174 αἱ
2671 1123 2856 1195 ἀρχαί.
2884 1117 3052 1178 Αὗται
3073 1121 3182 1194 γὰρ
3205 1123 3455 1194 ἀγένητοι
3489 1123 3545 1176 ai
3589 1125 3745 1176 ἐναν-

2169 1211 2308 1264 τίαι·
2330 1212 2390 1265 τὸ
2417 1212 2474 1266 δὲ
2502 1213 2697 1278 κοινῶς
2729 1213 2920 1277 αὑταῖς
2951 1214 3216 1286 ὑπάρχειν
3248 1213 3354 1282 πρὸ
3396 1211 3592 1268 αὐτῶν.
3627 1213 3744 1266 οὑκ

2171 1301 2278 1374 ἄρα
2307 1304 2561 1375 ἀγένητοι
2590 1307 2645 1359 αἱ
2673 1304 2857 1378 ἀρχαί·
2887 1305 3041 1359 οὐδὲν
3075 1305 3182 1377 γὰρ
3215 1305 3321 1376 πρὸ
3357 1307 3638 1377 ἀγενήτου.

500 1385 615 1440 haec
651 1400 780 1442 vero
815 1389 1087 1457 quidpiam
1120 1399 1222 1457 est,
1265 1390 1436 1460 ipsum
1475 1390 1726 1445 nimirum
1755 1392 1900 1461 quod
1923 1392 2166 1448 dicebam
2216 1397 2576 1452 communiter
2655 1399 2709 1451 in
2757 1397 2837 1452 eis
2908 1398 3195 1452 exsistere.
3247 1395 3386 1466 Ergo
3456 1411 3561 1450 non
3619 1403 3748 1450 sunt

500 1482 759 1554 principia
819 1485 1076 1554 ingenita.
1125 1484 1250 1539 llaec
1287 1486 1434 1540 enim
1488 1487 1750 1556 ingenita,
1793 1488 2064 1544 contraria
2105 1497 2260 1557 sunt;
2319 1490 2461 1559 quod
2544 1499 2723 1545 autem
2797 1491 2903 1548 illis
2991 1492 3350 1547 communiter
3392 1493 3548 1555 inest,
3611 1489 3744 1560 ipsis

499 1575 650 1646 prius
681 1585 784 1633 est.
815 1576 931 1633 Non
955 1593 1086 1649 ergo
1116 1580 1347 1650 ingenita
1376 1581 1639 1652 principia
1668 1591 1812 1648 sunt,
1872 1583 2076 1640 idcirco
2115 1584 2368 1639 nimirum
2395 1587 2538 1656 quod
2561 1586 2800 1658 ingenito
2823 1587 2956 1642 nihil
2985 1595 3070 1642 est
3097 1588 3356 1642 anterius.

1097 1692 1227 1747 CAP.
1267 1690 1332 1746 ll.
1376 1690 1702 1762 Principium
1744 1695 1945 1749 malum
1987 1712 2092 1750 non
2135 1709 2211 1752 est
2254 1699 2578 1768 ingenitum,
2621 1700 2747 1770 quia
2790 1701 3148 1771 corruptibile.

572 1781 666 1837 Sin
697 1794 876 1840 autem
907 1786 1160 1852 dixerint,
1198 1803 1302 1842 nun
1333 1803 1394 1844 ea
1428 1789 1636 1844 ratione
1664 1805 1766 1860 qua
1811 1801 1936 1846 sunt
1987 1791 2068 1846 in-

2243 1794 2307 1848 Ei
2344 1794 2402 1848 δὲ
2445 1794 2670 1864 λέγοιεν,
2715 1796 2791 1868 μὴ
2836 1795 2976 1850 κατὰ
3015 1796 3076 1850 τὺ
3101 1796 3362 1866 ἀγένητον
3405 1794 3546 1867 ἔχειν
3576 1795 3747 1860 αὑτάς

499 1877 700 1944 genita,
733 1893 853 1932 esse
880 1877 972 1932 illa
1018 1880 1324 1945 contraria;
1375 1879 1478 1936 hoc
1519 1896 1732 1952 quoque
1774 1881 1882 1939 illis
1933 1899 2080 1939 com-

501 1983 662 2030 mune
690 1970 1012 2026 invenietur.
1045 1970 1150 2026 Sed
1177 1987 1364 2027 rursus
1407 1973 1533 2042 quia
1584 1973 1784 2028 malum
1843 1975 2081 2046 ingenite

500 2067 584 2114 est
614 2060 838 2127 malum,
868 2072 922 2116 et
964 2063 1164 2118 bonum
1218 2064 1454 2134 ingenite
1512 2066 1730 2130 bonum,
1779 2069 2079 2138 reperietur

499 2149 794 2222 ingenitum
829 2151 1023 2207 malum
1049 2169 1334 2212 commune
1355 2156 1662 2226 amborum,
1694 2168 1750 2212 et
1781 2159 2075 2230 ingenitum

499 2245 698 2300 bonum
735 2260 1018 2302 commune
1061 2248 1190 2310 item
1245 2249 1549 2307 amborum.
1583 2250 1640 2304 Si
1675 2261 1854 2306 autem
1895 2262 1952 2308 ut
1978 2253 2079 2306 bo-

499 2349 629 2388 num
677 2337 797 2390 sine
848 2336 1087 2405 ingenito
1151 2341 1472 2409 reperiatur,
1530 2341 1645 2396 ﬁeri
1705 2357 1808 2397 non
1863 2355 2074 2412 potest;

499 2440 783 2483 commune
807 2441 988 2485 autem
1017 2441 1100 2486 est
1137 2431 1432 2501 ingenitum
1461 2451 1476 2500 ;
1514 2434 1699 2504 utique
1743 2436 1904 2490 etiam
1929 2451 2078 2491 com-

499 2533 662 2574 mune
689 2521 812 2588 erit,
841 2523 983 2591 quod
1013 2524 1322 2580 necessario
1350 2541 1532 2580 eoines
1561 2527 1802 2598 ingenito
1829 2539 1940 2584 est:
1977 2530 2079 2585 hoc

500 2620 678 2664 autem
697 2620 780 2667 est
810 2613 1027 2672 bonum.

506 2716 511 2722 ·
571 2701 668 2756 Sin
701 2713 879 2758 autem
933 2705 1136 2772 dicant,
1187 2721 1296 2760 non
1363 2721 1486 2761 esse
1527 2722 1813 2763 commune
1841 2708 2074 2775 illorum,

501 2809 623 2850 esse
655 2795 990 2865 ingenitum;
1021 2808 1287 2866 quatenus
1318 2798 1572 2854 nimirum
1602 2801 1758 2855 alteri
1795 2801 1956 2866 inest,
1993 2815 2076 2856 re-

501 2887 646 2954 liquo
680 2901 786 2941 non
817 2888 957 2942 inest
987 2907 1000 2943 :
1043 2889 1146 2944 erit
1174 2889 1339 2959 igitur
1374 2891 1693 2963 ingenitum,
1738 2895 1820 2946 vel
1850 2893 2072 2959 bonum,

499 2975 586 3030 vel
617 2975 853 3044 malum;
891 2991 995 3032 non
1029 2988 1209 3034 autem
1240 2981 1439 3035 bonum
1472 2990 1527 3036 et
1557 2982 1779 3036 malum.
1817 2982 1994 3048 Quare
2029 2981 2073 3036 si

499 3067 802 3137 reperietur
825 3069 1022 3123 bonum
1055 3070 1377 3138 ingenitum,
1407 3072 1604 3126 malum
1636 3073 1740 3127 erit
1766 3074 2022 3144 genitum.

570 3135 838 3216 Praeterea
868 3175 1028 3216 omne
1064 3163 1258 3217 malum
1279 3135 1370 3218 est
1386 3165 1712 3233 puniendum
1734 3135 1912 3231 ;iiihil
1946 3179 2076 3220 vero
2104 3135 2147 3194 ο

498 3251 642 3322 quod
702 3252 773 3308 sit
823 3253 1174 3322 puniendum,
1219 3263 1302 3309 est
1359 3255 1814 3326 iacorruptibile:
1870 3255 2076 3335 nullum

501 3347 664 3418 igitur
696 3346 895 3401 malum
928 3356 1012 3401 est
1035 3346 1464 3417 incorruptibile,
1495 3364 1564 3402 ne
1595 3347 2080 3416 incorruptibiliter

497 3438 846 3506 corruptibile
879 3439 965 3493 sit.

569 3527 711 3584 Nihil
725 3532 864 3600 quod
875 3531 1224 3600 corruptibile
1237 3533 1414 3597 sit,est
1431 3531 1757 3601 ingenitum:
1774 3530 1970 3585 malum
1984 3545 2082 3584 au-

499 3635 610 3678 tem
625 3632 709 3678 est
731 3624 1119 3702 corruptibile;
1148 3640 1252 3678 non
1281 3639 1409 3693 ergo
1433 3623 1630 3677 malum
1655 3623 2074 3694 estingenitum.

571 3713 717 3768 Nihil
749 3723 834 3770 est
865 3713 1062 3768 malum
1095 3716 1387 3770 secundum
1408 3714 1791 3778 substantiam,
1830 3722 2079 3784 propter-

499 3819 563 3860 ea
597 3805 722 3874 quia
775 3806 977 3860 malum
1024 3806 1256 3874 qualitas
1285 3817 1408 3860 est:
1440 3806 1586 3861 nulla
1631 3814 1810 3860 autem
1850 3804 2081 3874 qualitas

499 3898 802 3954 substantia
841 3907 956 3964 est;
990 3914 1094 3953 non
1121 3913 1250 3968 ergo
1279 3899 1476 3953 tnalum
1507 3899 1810 3954 substantia
1835 3907 1941 3953 est.

571 3987 764 4044 Omnia
818 3991 1088 4044 contraria
1143 4004 1202 4046 se
1261 3977 1497 4046 vicissim
1552 3991 1909 4056 interimunt;
1962 4003 2082 4060 quze

503 4091 680 4138 autem
707 4092 834 4138 sunt
863 4084 1124 4152 ingenita,
1155 4084 1288 4139 nulli
1327 4083 1560 4140 obnoxia
1585 4093 1716 4140 eunt
1743 4083 2078 4150 interitioni;

503 4189 613 4229 non
651 4189 780 4246 ergo
824 4177 1137 4232 contraria:
1186 4192 1307 4247 quas
1358 4177 1502 4230 enim
1546 4177 1818 4232 contraria
1870 4186 2018 4241 sunt,
2049 4190 2082 4231 a

501 4267 850 4334 corruptione
880 4267 1021 4321 haud
1053 4267 1310 4322 immunia
1334 4277 1500 4327 .snnt.

570 4355 718 4419 Nihil
747 4357 1048 4427 ingenitum
1073 4367 1159 4414 est
1188 4358 1472 4413 mutationi
1501 4357 1797 4413 obnoxium
1827 4375 1843 4426 ;
1900 4369 2078 4414 muta-

503 4461 594 4506 tur
644 4459 826 4506 autem
875 4450 1096 4517 bonum,
1157 4451 1300 4522 quod
1359 4465 1390 4506 a
1443 4451 1584 4508 malo
1617 4462 1940 4524 superetur:
1975 4467 2080 4510 non

499 4555 628 4612 ergo
655 4545 852 4596 bonum
887 4541 1184 4611 ingenitum
1215 4550 1319 4598 est.
2001 4541 2006 4547 ”

570 4631 822 4704 lngenito
852 4632 1055 4689 nullius
1087 4633 1458 4703 corruptionis
1500 4633 1687 4689 innata
1719 4633 1978 4703 appetitio
2008 4634 2086 4690 in-

501 4731 607 4788 est,
635 4723 892 4796 nullaqne
921 4725 1004 4780 vis
1037 4724 1420 4796 corrumpendi
1454 4739 1517 4780 ac
1563 4725 1907 4782 interimendi
1936 4745 1950 4781 :
1997 4726 2082 4780 in-

507 4823 590 4869 est
617 4824 799 4870 autem
838 4816 984 4884 malo
1013 4831 1078 4872 ea
1108 4817 1404 4890 appetitio;
1433 4833 1537 4876 non
1567 4819 1734 4890 igitur
1769 4817 1970 4874 malum
2002 4819 2088 4873 in-

505 4905 746 4976 genitum
779 4915 884 4962 est.

575 4997 784 5054 Divina:
820 4997 1136 5070 Scriptum,
1177 5017 1283 5057 non
1330 5002 1504 5058 solum
1569 5003 1817 5058 homines
1849 4999 2085 5076 [ἀνθρώ-

503 5089 664 5164 πους]
692 5091 783 5162 qui
819 5091 948 5146 mali
987 5093 1114 5160 sint,
1138 5096 1432 5151 tradendos
1460 5096 1726 5166 supplicio
1752 5096 1960 5164 dicunt,
1991 5095 2088 5150 sed

505 5193 561 5237 et
589 5183 764 5252 ipsum
801 5183 1162 5240 diabolum”.
1195 5185 1371 5243 Omne
1407 5197 1585 5243 autem
1627 5187 1770 5256 quod
1827 5185 2089 5258 supplicio

508 5273 759 5342 traditur,
790 5278 1073 5333 mutationi
1120 5278 1411 5333 obnoxium
1442 5289 1525 5334 est
1555 5298 1568 5334 :
1601 5279 1734 5334 nihil
1766 5293 1892 5334 vero
1921 5287 2092 5333 muta-

510 5365 644 5422 tio’ni
694 5367 1010 5437 obnoxium,
1038 5379 1120 5424 est
1165 5368 1497 5440 ingenitum;
1553 5371 1684 5426 nihil
1741 5384 1873 5440 ergo
1924 5368 1976 5423 in
2021 5369 2089 5424 iis

506 5471 628 5526 qua:
660 5455 801 5512 mala
831 5465 977 5522 sunt,
1007 5457 1308 5528 ingenitum
1341 5467 1446 5514 est.

577 5593 625 5628 "
663 5592 851 5652 Matth.
874 5609 1001 5662 xxv,
1042 5593 1130 5649 ﬂ.

583 5731 698 5806 (50)
743 5733 1128 5803 Ἀνθρώπους.
1159 5735 1414 5793 Testatur
1450 5733 1830 5802 Combellsius,
1849 5735 2090 5792 codicem

515 5811 772 5888 praeferre
808 5832 992 5882 ανους,
1023 5815 1255 5886 legitque
1277 5815 1620 5888 ἀνθρώπους.
1655 5815 1839 5888 liecIe.
1874 5813 1992 5888 Ipse
2020 5821 2091 5868 ta-

517 5895 641 5936 men
687 5883 743 5939 in
800 5896 948 5942 textu
1002 5883 1244 5960 tepescit
1294 5883 1508 5952 ἄλλους.
1571 5885 1723 5955 Quod
1759 5898 1864 5941 non
1896 5883 2090 5956 placet.

2109 4494 2160 4554 D

2179 1885 2278 1958 τὴν
2313 1887 2686 1957 ἐναντιότητα·
2731 1889 2826 1942 καὶ
2851 1887 3010 1943 τοῦτο
3034 1888 3210 1942 κοινὸν
3247 1885 3424 1941 αὐτῶν
3457 1886 3746 1959 εὑρεθήσε-

2179 1993 2288 2032 ται.
2327 1977 2470 2030 Ἀλλ’
2517 1979 2641 2036 ἐπεὶ
2685 1981 2966 2052 ἀγενήτως
3007 1979 3068 2033 τὸ
3107 1979 3294 2044 κακὸν,
3326 1979 3512 2044 κακὸν,
3550 1979 3642 2033 καὶ
3684 1979 3748 2032 τὸ

2180 2067 2405 2137 ἀγαθὸν,
2431 2071 2654 2138 ἀγαθόν·
2691 2071 2868 2125 κοινὸν
2902 2071 3258 2143 εὑρεθήσεται
3279 2072 3340 2124 τὸ
3362 2071 3620 2142 ἀγένητον
3645 2087 3746 2123 κα-

2181 2159 2274 2212 κὸν
2305 2159 2651 2231 ἀμφοτέρων,
2687 2161 2782 2214 καὶ
2810 2161 2872 2214 τὸ
2896 2161 3157 2232 ἀγένητον
3181 2160 3382 2229 ἀγαθον
3407 2160 3748 2232 ἀμφοτέρων.

2180 2248 2243 2301 Εἰ
2283 2247 2392 2320 γὰρ
2425 2247 2628 2318 ἀγαθὸν
2664 2250 2792 2304 ἄνευ
2831 2250 2924 2304 τοῦ
2954 2252 3222 2322 ἀγενήτου
3260 2251 3322 2305 οὐ
3349 2249 3569 2305 δύναται
3594 2252 3750 2322 εὑρε-

2180 2338 2361 2409 θῆναι,
2393 2339 2570 2393 κοινὸν
2602 2339 2658 2393 δὲ
2707 2341 2768 2394 τὸ
2803 2341 3087 2412 ἀγένητον·
3123 2341 3298 2396 κοινὸν
3337 2341 3444 2413 ἄρα
3473 2341 3564 2395 καὶ
3600 2340 3663 2394 τὸ
3689 2341 3749 2407 ἐξ

2179 2429 2425 2502 ἀνάγκης
2477 2431 2743 2504 ἑπόμενον
2783 2432 2860 2504 τῷ
2910 2434 3190 2505 ἀγενήτῳ·
3235 2432 3394 2487 τοῦτο
3431 2433 3488 2488 δέ
3517 2435 3661 2486 ἐστιν
3690 2433 3751 2484 τὸ

2178 2523 2400 2594 ἀγαθόν.

2249 2711 2312 2764 Εἰ
2333 2710 2390 2764 δὲ
2415 2709 2642 2780 λέγοιεν,
2678 2709 2752 2781 μὴ
2783 2709 2960 2764 κοινὸν
2995 2709 3174 2764 αὑτῶν
3205 2709 3266 2763 τὸ
3291 2709 3552 2781 ἀγένητον
3587 2727 3748 2765 ε.ναι·

2178 2795 2212 2878 ᾖ
2247 2801 2460 2872 θατέρῳ
2493 2800 2728 2872 ὑπάρχει
2753 2841 2768 2867 ,
2819 2801 2896 2873 τῷ
2935 2801 3106 2873 λοιπῷ
3141 2803 3240 2874 οὐχ
3291 2803 3546 2875 ὑπάρχει·
3597 2801 3751 2856 ἔσται

2175 2891 2355 2944 τοίνυν
2381 2891 2666 2964 ἀγένητον,
2700 2891 2735 2963 ἢ
2765 2889 2826 2943 τὸ
2851 2891 3074 2960 ἀγαθὸν,
3106 2891 3138 2964 ἢ
3162 2891 3222 2945 τὸ
3247 2893 3434 2946 κακόν·
3463 2893 3522 2947 οὐ
3545 2891 3604 2944 τὺ
3624 2893 3758 2961 ἀγα-

2178 2983 2270 3039 θὸν
2295 2985 2388 3038 καὶ⁵
2407 2983 2596 3038 κακόν.
2634 2983 2698 3037 Ei
2740 2979 2833 3038 οὖν
2871 2984 3120 3058 εὑρεθείη
3157 2985 3220 3038 τὸ
3239 2982 3442 3054 ἀγαθὸν
3470 2984 3749 3055 ἀγένητον,

2180 3077 2241 3128 τὸ
2265 3075 2431 3129 κακὸν
2460 3077 2706 3147 γενητόν.

2259 3168 2468 3232 Ἀλλως
2495 3184 2558 3220 τε
2595 3168 2704 3222 πᾶν
2731 3167 2902 3222 κακὸν
2927 3167 3217 3223 κολαστέον
3239 3184 3255 3200 ·
3285 3167 3438 3222 οὐδὲν
3468 3167 3753 3222 κολαστέον

2181 3257 2476 3330 ἄφθαρτον·
2501 3257 2653 3310 οὐδὲν
2680 3257 2788 3330 ἄρα
2817 3258 2984 3312 κακὸν
3013 3257 3313 3330 ἄφθαρτον,
3346 3257 3423 3330 τῷ
3449 3259 3522 3329 μὴ
3547 3257 3758 3330 ἀφθάρ·

2181 3367 2290 3414 τως
2313 3349 2581 3422 ὑπάρχειν
2613 3348 2871 3422 φθαρτόν.

2253 3525 2418 3580 Οὐδὲν
2441 3526 2679 3598 φθαρτὸν
2699 3525 2980 3597 ἀγένητον·
3013 3524 3128 3580 ἔστι
3149 3524 3205 3578 δὲ
3223 3523 3284 3578 τὸ
3304 3525 3471 3578 κακὸν
3494 3523 3754 3595 φθαρτόν·

2181 3618 2242 3672 τὸ
2267 3620 2376 3690 ἄρα
2403 3619 2569 3673 κακὸν
2593 3619 2693 3672 οὐκ
2723 3619 3006 3690 ἀγένητον.
3635 3624 3644 3634 “

2251 3711 2418 3766 Οὐδὲν
2471 3713 2592 3764 κατ’
2637 3711 2827 3765 οὐσίαν
2873 3711 3042 3764 κακὸν
3066 3752 3082 3778 ,
3141 3709 3218 3781 τῷ
3272 3711 3332 3764 τὸ
3385 3709 3556 3763 κακον
3601 3711 3758 3763 ποιὸν

2182 3799 2350 3856 εἶναι·
2393 3799 2543 3855 οὐδὲν
2580 3800 2638 3854 δὲ
2678 3801 2830 3855 ποιὸν
2871 3801 3056 3854 οὐσία·
3097 3798 3158 3854 τὸ
3205 3799 3310 3872 ἄρα
3355 3799 3521 3854 κακὸν
3545 3800 3644 3854 οὐκ
3666 3800 3758 3854 οὑ-

2182 3893 2294 3947 σία.

2254 3983 2441 4038 Πάντα
2471 3983 2540 4038 τά
2568 3983 2812 4047 ἐναντία,
2845 3980 3092 4054 ἀλλήλων
3125 3980 3422 4052 φθαρτικὰ·
3458 3981 3527 4037 τά
3553 3983 3609 4036 δὲ
3629 3983 3759 4052 ἀγέ-

2182 4093 2321 4147 νητα
2348 4075 2620 4148 ἄφθαρτα·
2648 4075 2749 4128 οὐκ
2771 4074 2880 4130 άοα
2905 4071 3144 4126 ἐναντία·
3177 4071 3244 4126 τὰ
3271 4073 3379 4146 γὰρ
3411 4073 3626 4128 ἐναντία
3657 4073 3760 4127 οὐκ

2183 4167 2456 4238 ἄφθαρτα.

2255 4350 2420 4404 θύδὲν
2471 4351 2737 4422 ἀγένητον
2777 4351 3040 4423 τρεπτόν·
3077 4350 3334 4423 τρέπεται
3363 4349 3420 4404 es
3455 4349 3517 4402 τὸ
3557 4347 3758 4417 ἀγαθὸν

2185 4442 2455 4516 κρατηθὲν
2477 4443 2581 4496 ὑπὸ
2619 4443 2713 4496 τοῦ
2742 4443 2912 4498 κακοῦ
2935 4460 2948 4475 ·
2979 4442 3042 4496 τὸ
3071 4444 3178 4514 ἄρα
3209 4441 3410 4511 ἀγαθὸν
3437 4441 3535 4494 οὐκ
3563 4440 3755 4508 ἀγένη-

2184 4551 2327 4678 τοΥΙῖὸ
2347 4623 2611 4696 ἀγένητον
2633 4624 2733 4678 οὐκ
2758 4624 2904 4678 ἔστιν
2924 4623 3206 4696 ορεκτικὸν
3229 4623 3434 4696 φθορᾶς
3453 4637 3614 4684 τινος,
3638 4619 3761 4673 οὐδέ

2182 4735 2247 4788 γε
2281 4717 2580 4790 φθαρτικόν
2602 4733 2616 4746 ·
2661 4717 2722 4772 τὸ
2757 4718 2814 4771 δέ
2838 4733 2903 4787 γε
2929 4717 3098 4771 κακὸν
3126 4716 3407 4788 ὀρεκτικὸν
3433 4713 3664 4785 φθορᾶς·
3700 4711 3762 4764 τὸ

2182 4813 2290 4882 ἄρα
2317 4811 2486 4865 κακὸν
2513 4811 2614 4864 οὑκ
2638 4810 2923 4881 ἀγένητον.

2250 4993 2315 5046 Ai
2356 4991 2496 5046 θεῖαι
2533 4993 2751 5065 Γραφαὶ
2798 4991 3018 5046 κολάσει
3062 4990 3487 5064 παραδίδοσθαι,
3530 4990 3590 5044 οὑ
3636 5003 3764 5053 τους

2182 5082 2504 5156 ἀνθρώπους
2537 5084 2650 5157 (50)
2686 5085 2889 5148 κακοὺς
2923 5085 3116 5157 μόνον,
3167 5082 3305 5139 ἀλλὰ
3343 5084 3440 5138 καὶ
3467 5083 3628 5136 αὑτὸν
3671 5082 3763 5136 τὺν

2183 5175 2450 5240 διάϐολον,
2498 5156 2766 5246 λέγοὺσιν.
2805 5178 2922 5230 Πᾶν
2965 5156 3023 5230 δέ
3071 5176 3131 5230 τὸ
3161 5157 3380 5230 κολάσει
3411 5173 3767 5245 παραδιδόμε-

2185 5284 2275 5321 νον
2302 5267 2534 5340 τρεπτόν
2553 5286 2566 5300 ·
2603 5267 2756 5321 οὐδὲν
2799 5267 2856 5320 δὲ
2887 5267 3119 5339 τρεπτδν
3147 5267 3439 5338 ἀγένητον·
3481 5266 3631 5319 οὐδὲν
3656 5264 3764 5334 ἄρα

2187 5361 2296 5414 τῶν
2317 5360 2502 5416 κακῶν
2526 5359 2811 5431 ἀγένητον.

2202 5725 2453 5800 Ejusdem
2480 5720 2638 5800 _v_9_cis
2660 5718 3038 5800 compendium
3071 5718 3261 5800 legerit
3296 5733 3513 5800 quoque
3569 5717 3620 5800 in
3664 5731 3762 5800 suo

2197 5789 2494 5863 eiemplari
2516 5789 2958 5866 Turrianusmed
2985 5807 3104 5866 eain
3130 5789 3187 5845 in
3220 5789 3464 5866 versione
3487 5789 3758 5866 praeteriit,

2199 5858 2484 5942 propterea
2517 5864 2655 5920 forte
2688 5860 2829 5932 quod
2853 5861 2968 5930 ejus
3010 5861 3118 5916 vim
3160 5861 3374 5930 assequi
3406 5859 3544 5915 haud
3581 5858 3760 5916 valuit.
