4034 6412
350 370 488 428 MSS

1588 368 1863 427 CONTRA
1901 367 2345 427 ιιΑΝιοιιΑεοε.
2458 352 2463 357 ’

3450 386 3590 444 1090

414 488 539 541 Των
574 485 643 539 δι’
677 485 813 542 ὅλων
857 486 1282 557 ἃναντιουμενων
1322 488 1475 541 οὐδὲν
1523 488 1724 544 κοινόν.
1754 487 1916 540 Ὥστε

2099 486 2298 541 Eorum
2329 502 2448 558 quae
2474 501 2542 545 ex
2570 489 2782 563 integro
2808 496 3079 551 contraria
3115 507 3262 563 sunt,
3291 499 3426 554 nihil
3449 516 3592 557 como

353 581 495 634 πᾶσα
516 580 729 652 ἀνάγκη
755 580 817 634 τὸ
838 580 1045 653 θατέρῳ
1068 582 1330 651 ὑπάρχον,
1356 583 1434 653 τῷ
1450 582 1619 654 λοιπῷ
1647 585 1720 655 μὴ
1743 584 1918 655 ὑπάρ-

346 684 479 741 χειν
511 670 747 742 ὑπάρχει
792 671 852 725 δὲ
891 670 969 742 τῷ
996 672 1183 743 ἀγαθῷ
1230 673 1292 726 τὸ
1328 669 1467 727 εἶναι
1513 675 1795 745 ἀγένητοψ
1841 675 1921 746 τῷ

344 765 452 832 ἁρα
479 761 635 833 κακῷ
670 762 951 835 οὐδέτερον
987 763 1193 818 τούτων
1219 765 1470 837 ὑπάρχει.
1501 768 1593 837 Μὴ
1630 766 1689 820 ὃν
1719 768 1825 838 ἄρα
1857 768 1919 822 τὸ

346 853 535 908 κακόν.

416 945 578 1008 Πᾶςό
602 944 839 1014 εὐλόγως
874 946 1197 1019 ὀρεγόμενός
1234 967 1378 1012 τινος
1399 989 1414 1012 ,
1457 952 1921 1025 ἐπιτετευγμένην

345 1035 458 1107 εχει
494 1037 593 1108 τὴν
636 1038 836 1109 ὄρεξιν,
872 1042 922 1093 εί
968 1041 1204 1111 εὐλόγως
1232 1043 1502 1115 ὀρέγεται.
1551 1046 1683 1110 Θεὸς
1725 1047 1781 1100 δὲ
1824 1047 1917 1101 τοῦ

346 1130 564 1201 φθεῖραι
589 1131 685 1202 τὴν
715 1132 916 1187 κακίαν
952 1134 1223 1205 ὀρέγεται’
1252 1137 1359 1190 τῶν
1380 1138 1634 1210 φθαρτῶν
1655 1140 1762 1210 ἄρα
1803 1140 1919 1195 ἐστὶ

345 1226 379 1291 η
432 1222 620 1277 κακία.
679 1223 798 1277 Τῶν
833 1224 888 1279 δὲ
938 1226 1190 1298 φθαρτῶν
1244 1225 1404 1295 οὖσα,
1467 1232 1914 1305 ἁφανισθήσεταν

345 1312 715 1386 ἀφανιζομένη
740 1316 817 1383 δὲ,
846 1316 944 1370 οὐκ
978 1318 1125 1372 ἔστιν
1159 1321 1439 1393 ἀγένητος.

419 1495 483 1547 Ei
518 1494 782 1567 ἀγένητον
809 1497 867 1550 τὺ
902 1498 1092 1564 κακὸν,
1127 1501 1268 1555 κατὰ
1306 1502 1467 1573 φύσιν
1504 1506 1653 1578 αὐτῷ
1682 1510 1916 1582 ὑπάρχει

342 1584 404 1638 τὸ
457 1588 625 1639 κακὸν
676 1582 836 1642 εἶναι.
886 1588 1075 1654 Οὐδεὶς
1122 1592 1179 1644 δὲ
1223 1594 1282 1647 τὸ
1314 1596 1455 1650 κατὰ
1485 1597 1646 1665 φύσιν
1679 1604 1915 1673 ἐνεργῶν

342 1679 667 1749 ἁμαρτάνει.
710 1681 785 1734 Τὸ
820 1682 927 1753 ἄρα
969 1684 1136 1738 κακὸν
1178 1686 1276 1757 οὐχ
1311 1689 1634 1760 ἁμαρτάνει·
1668 1694 1727 1748 τὸ
1753 1696 1810 1749 δὲ
1840 1695 1914 1768 μὴ

2025 595 2188 636 mune
2228 591 2333 636 est.
2377 580 2556 650 Quare
2611 585 2854 649 omnino,
2911 588 3053 656 quod
3101 590 3191 643 uni
3242 590 3406 657 inest,
3438 594 3591 649 alteri

2024 684 2127 723 non
2162 671 2338 725 inesse
2373 687 2595 728 necesse
2643 684 2748 729 est.
2804 676 2949 730 inest
2987 687 3165 731 autem
3192 680 3330 735 bono
3363 696 3481 737 esse
3511 684 3587 738 in-

2021 762 2296 828 genitum;
2329 763 2468 817 malo
2491 764 2654 835 igitur
2687 777 2935 823 neutrum
2962 768 3156 824 horum
3187 770 3349 827 inest.
3383 773 3582 831 Malum

2020 855 2204 924 itaque
2237 856 2369 911 nihil
2398 867 2503 912 est.

2090 948 2408 1018 Quicunque
2459 964 2572 1004 rem
2625 949 2857 1021 aliquam
2916 952 3017 1007 rite
3069 955 3293 1024 expetit,
3340 955 3468 1010 dum
3520 958 3592 1012 ita

2018 1048 2257 1109 expetat,
2292 1039 2424 1095 nihil
2452 1040 2624 1110 ipsum
2664 1052 2805 1097 vetat
2843 1044 3081 1111 expetito
3127 1047 3312 1115 potiri.
3375 1048 3594 1119 Expetit

2018 1140 2196 1185 autem
2224 1131 2360 1185 Deus
2390 1132 2653 1187 malitiam
2683 1134 2979 1190 interitioni
3045 1137 3210 1192 dare:
3246 1138 3408 1208 igitur
3435 1141 3593 1195 mali-

2023 1225 2091 1279 tia
2132 1239 2318 1281 eorum
2346 1235 2449 1293 est,
2484 1241 2602 1296 quae
2630 1229 2925 1284 interitioni
2965 1229 3201 1286 obnoxia
3253 1240 3397 1288 sunt.
3456 1232 3588 1301 ane

2019 1327 2197 1371 autem
2225 1332 2290 1373 ex
2323 1333 2508 1373 eorum
2536 1334 2738 1390 genere
2782 1321 2853 1376 sit
2889 1336 3010 1390 quae
3050 1322 3341 1391 intereant,
3388 1324 3589 1381 delebi-

2018 1417 2135 1475 tur;
2166 1424 2285 1479 quae
2314 1420 2492 1465 autem
2521 1413 2783 1477 deleatur,
2819 1413 2961 1468 haud
2990 1414 3224 1485 ingenita
3258 1423 3362 1470 est.

2089 1499 2145 1556 Si
2176 1502 2371 1556 malum
2410 1502 2708 1573 ingenitum
2737 1513 2838 1567 est,
2869 1504 2943 1559 illi
2983 1517 3048 1558 ex
3097 1514 3287 1559 natura
3340 1514 3425 1561 est
3467 1520 3591 1561 esse

2016 1593 2238 1648 malum.
2292 1593 2461 1649 Nemo
2513 1605 2692 1649 autem
2748 1606 2955 1664 peccat,
3012 1597 3140 1651 dum
3197 1596 3246 1650 id
3289 1606 3592 1665 prmstatct

2014 1695 2293 1756 operatur,
2347 1687 2487 1755 quod
2543 1696 2627 1742 est
2682 1702 2747 1742 ex
2798 1698 3011 1743 natura.
3047 1687 3241 1743 Malum
3276 1690 3441 1759 igitur
3480 1706 3584 1745 non

343 1768 675 1838 ἁμαρτάνον,
709 1771 807 1843 οὐχ
855 1774 1125 1829 ὑπαίτιον.
1177 1778 1454 1844 ’Υπαίτιος
1485 1781 1540 1835 δὲ
1571 1783 1601 1835 ὁ
1648 1784 1910 1850 Σατανᾶς*

2018 1788 2225 1848 peccat.
2253 1777 2405 1844 Quod
2436 1790 2614 1834 autem
2641 1795 2743 1833 non
2779 1789 2984 1846 peccat,
3032 1780 3084 1833 in
3123 1781 3278 1849 culpa
3325 1796 3428 1835 non
3481 1791 3584 1835 est.

338 1875 441 1912 ουκ
469 1859 579 1914 ἄοα
602 1862 882 1929 ἀγέντητος.

2019 1872 2119 1924 Est
2144 1884 2274 1925 vero
2299 1868 2532 1926 Satanas
2558 1871 2610 1925 in
2633 1872 2787 1941 culpa
2815 1885 2878 1926 ac
2916 1886 3040 1928 reus
3066 1881 3177 1939 est;
3211 1888 3316 1928 non
3344 1887 3474 1941 ergo
3503 1873 3589 1927 in-

2016 1964 2230 2036 genitus
2260 1974 2362 2018 est.

1522 2119 1651 2175 CAP.
1694 2122 1777 2178 lli.
1823 2124 2105 2192 Homines,
2141 2126 2243 2196 ﬁlii
2282 2126 2396 2179 irae.

422 2217 486 2271 Ἠ
514 2216 633 2272 θεία
665 2216 772 2306 γὰρ
800 2218 991 2291 Γραφὴ
1025 2219 1134 2276 τῶν
1174 2223 1424 2293 πράξεων
1451 2230 1543 2281 καὶ
1574 2229 1682 2284 τῶν
1726 2235 1916 2306 ἐπιτη-

337 2307 643 2380 δευμάτων,
678 2303 755 2364 ὧν
794 2311 1040 2366 ποιοῦσιν
1085 2313 1135 2366 οἱ
1176 2315 1481 2387 ἄνθρωποι,
1531 2321 1678 2391 λέγει
1720 2303 1916 2390 αὑτοὶλς

334 2397 475 2457 εῖναι
510 2403 659 2464 υἱοὺς
693 2403 791 2457 καὶ
819 2404 1153 2475 γεννήματα.
1188 2408 1326 2472 Τοὺς
1358 2410 1487 2478 γοῦν
1534 2415 1782 2485 ὀργίλους
1822 2421 1916 2475 καὶ

333 2495 435 2564 τὴν
476 2493 643 2565 ἄλλην
678 2495 950 2567 ἁμαρτίαν
993 2497 1233 2568 ἔχοντας,
1279 2501 1355 2565 ὡς
1397 2502 1484 2557 διὰ
1510 2506 1667 2560 τοῦτο
1697 2510 1921 2565 ὑποχεῖς

336 2584 463 2639 σθαι
498 2588 564 2656 τῇ
607 2587 749 2640 κατὰ
784 2589 1005 2643 κόλασιν
1034 2591 1195 2662 ὀργῇ,
1240 2594 1404 2648 τέκνα
1430 2595 1600 2669 ὀργῆς
1636 2600 1913 2671 ὀνομάζει,

335 2671 372 2753 ᾖ
395 2695 558 2750 φησιν
582 2680 612 2732 ὁ
640 2679 870 2745 Παῦλος·
904 2683 1014 2736 Καὶ
1042 2679 1195 2753 ἦμεν
1216 2686 1399 2754 φύσει
1416 2690 1597 2744 τέκνα
1619 2690 1821 2762 ὀργῆς,
1842 2695 1923 2761 ὡς

333 2769 434 2823 καὶ
449 2772 501 2825 οὶ
515 2771 734 2826 λοιποί.
750 2766 906 2827 Οὗτοι
925 2775 1221 2845 μεταϐάλλε
1229 2793 1277 2831 ιν
1291 2778 1511 2833 δυνατὸν
1530 2782 1762 2852 (ὅθ’),ὼς
1781 2802 1922 2857 μηκ-

334 2861 417 2915 έτι
459 2858 599 2916 εἶναι
650 2864 813 2917 τέκνα
841 2864 1001 2935 φύσει
1026 2867 1215 2938 ὀργῆς.
1235 2868 1447 2934 Παῦλος
1470 2872 1600 2940 γοῦν
1632 2875 1760 2945 περὶ
1790 2876 1918 2929 ἑαυ-

332 2952 448 3019 τοῦ,
479 2956 572 3008 καὶ
598 2955 705 3010 τῶν
735 2957 1130 3029 παραπλησίως
1162 2962 1330 3029 ἁγίων
1368 2964 1773 3034 γεγενημένων,
1818 2966 1908 3020 λέο

2086 2238 2274 2293 Divina
2298 2236 2600 2306 Scriptura,
2627 2234 3000 2305 operationum
3028 2236 3435 2308 studiorumque
3463 2238 3588 2308 qui-

2011 2329 2115 2385 bus
2141 2342 2202 2383 se
2232 2328 2479 2383 homines
2506 2328 2839 2395 impendunt,
2873 2326 3019 2395 ipsos
3041 2328 3178 2383 lilios
3204 2343 3323 2383 esse
3362 2329 3495 2384 dicit
3524 2344 3589 2384 ac

2013 2419 2214 2488 proles.
2248 2417 2480 2472 Proinde
2514 2416 2822 2480 iracundos,
2858 2417 3058 2485 ullique
3086 2418 3176 2471 alii
3230 2418 3363 2471 vitio
3418 2435 3579 2475 man-

2013 2511 2218 2580 cipatos
2248 2509 2468 2581 (quippe
2488 2510 2579 2578 qui
2608 2523 2672 2564 ea
2716 2508 2924 2562 ratione
2944 2508 3191 2578 supplicii
3233 2509 3326 2564 ira:
3364 2512 3588 2567 obnoxii

2021 2603 2308 2673 exsistant)
2345 2602 2482 2656 lilios
2514 2603 2607 2656 ira:
2637 2610 2828 2665 vocat;
2862 2602 3311 2669 quemadmodum
3348 2605 3426 2657 ait
3451 2603 3591 2657 Pau-

2019 2694 2101 2748 lus
2130 2709 2146 2747 :
2180 2691 2248 2746 Et
2279 2708 2490 2747 eramus
2519 2705 2708 2746 natura
2733 2692 2831 2761 ﬁlii
2876 2692 2992 2758 iraa,
3048 2702 3182 2746 sicut
3230 2705 3278 2747 et
3326 2694 3587 2748 caueri".

2016 2783 2126 2837 llos
2149 2784 2342 2837 mutari
2387 2784 2520 2836 nihil
2557 2793 2721 2842 vetat,
2752 2791 2807 2836 ιιι
2842 2798 2948 2837 non
2980 2783 3090 2837 sint
3120 2783 3352 2852 amplius
3397 2795 3588 2839 natura

2015 2874 2110 2927 ﬁlii
2148 2872 2261 2927 irae.
2294 2872 2495 2926 Paulus
2529 2872 2781 2939 denique,
2810 2871 2876 2925 de
2905 2887 2964 2926 se
2994 2873 3129 2939 ipse,
3157 2873 3330 2941 deque
3361 2874 3466 2927 illis
3492 2874 3585 2942 qui

2012 2963 2127 3032 pari
2161 2964 2373 3018 ratione
2406 2963 2576 3017 sancti
2626 2972 2939 3028 evaserunt,
2969 2963 3068 3029 ait,
3116 2962 3345 3016 Eramus
3393 2975 3587 3018 natura

332 3060 439 3112 γει,
466 3046 547 3099 ὅτι
577 3042 768 3115 ἿΙμεν
787 3048 967 3116 φύσει
1016 3048 1197 3104 τέκνα
1231 3031 1455 3121 ὀργῆς,
1475 3055 1555 3120 ὡς
1577 3031 1679 3108 καὶ
1699 3060 1751 3110 ol
1781 3061 1909 3113 λοι-

2014 3031 2110 3122 ﬁlii
2151 3055 2278 3119 irw,
2332 3054 2466 3106 sicut
2511 3062 2562 3105 et
2610 3054 2785 3107 caeteri
2829 3054 3091 3114 homines,
3143 3056 3233 3122 qui
3283 3054 3387 3109 huc
3417 3069 3589 3124 usque

334 3136 438 3191 ποὶ
484 3138 777 3211 ἄνθρωποι,
834 3141 882 3193 οἱ
937 3141 1106 3195 εἰσέτι
1148 3142 1307 3216 δεῦρο
1342 3146 1400 3196 ἐν
1452 3146 1529 3216 τῷ
1573 3149 1909 3219 ἁμαρτάνειν

331 3228 517 3294 ὅντεςσ
556 3232 949 3303 προσκείμενον
985 3234 1040 3288 δὲ
1078 3235 1138 3288 τὸ
1176 3236 1357 3306 φύσει,
1397 3238 1457 3290 οὺ
1481 3238 1540 3291 τὸ
1579 3240 1719 3294 κατὰ
1750 3241 1910 3309 φύσιν

335 3321 612 3391 σημαίνει,
663 3323 799 3377 ἀλλὰ
844 3325 904 3378 τὸ
942 3325 1189 3397 ἀληθείᾳ.
1230 3327 1304 3380 Τὸ
1342 3328 1479 3400 γὰρ,
1508 3325 1701 3399 τΗμεν
1728 3334 1909 3400 φύσει

333 3411 516 3465 τέκνα
562 3413 765 3482 ὀργῆς,
802 3414 969 3484 λέγει,
997 3416 1192 3487 δηλῶν,
1229 3418 1309 3471 ὅτι
1345 3418 1572 3490 ἀληθείᾳ
1618 3420 1909 3476 ὑπεύθυνοι

332 3503 469 3575 ὀργῇ
516 3505 872 3575 τυγχάνουσιν
910 3507 961 3560 οἱ
998 3508 1424 3578 ἁμαρτάνοντες
1453 3508 1643 3582 ὥσπερ
1668 3511 1725 3563 δὲ
1766 3512 1908 3565 κατὰ

333 3595 496 3662 φύσιν
516 3595 703 3650 τέκνον
726 3596 896 3669 ὀργῆς
918 3598 1123 3667 γίνεται
1148 3599 1226 3671 τῷ
1250 3604 1487 3654 συνεῖναι
1508 3603 1656 3674 αὐτῷ
1688 3605 1906 3669 κακίαν,

332 3686 475 3740 οὕτω
502 3687 820 3758 μεταϐαλὼν
840 3689 1097 3761 ἀληθείας
1120 3691 1329 3759 γίνεται
1354 3692 1542 3746 τέκνον
1563 3694 1655 3746 καὶ
1683 3695 1904 3766 ἀρετῆς.

332 3778 560 3848 Εἴρηται
596 3780 726 3848 γοῦν
761 3782 888 3853 περί
926 3798 1087 3836 τινων
1122 3784 1226 3837 ὑπὸ
1244 3784 1337 3837 τοῦ
1364 3785 1613 3857 Σωτῆρος
1646 3787 1868 3839 τοιαῦτα
1890 3803 1903 3817 ·

333 3870 677 3939 Ἕὸικαιώθη
705 3875 744 3941 ἡ
774 3875 959 3943 σοφία
978 3876 1097 3930 ἀπὸ
1126 3875 1246 3929 τῶν
1271 3876 1495 3931 τέκνων
1521 3878 1729 3948 αὺτῆςο
1745 3880 1909 3933 τέκνα

338 3964 532 4032 σοφίας
563 3966 689 4028 τοὺς
722 3968 920 4035 σοφοὺς
941 3966 1134 4034 λέγων.
1168 3969 1323 4021 Ἐπεὶ
1355 3969 1464 4039 γὰρ
1496 3972 1545 4021 οἱ
1573 3971 1739 4025 τέκνα
1765 3973 1908 4036 τινὸς

331 4054 506 4119 ὄντες,
542 4057 606 4110 ὲκ
637 4055 732 4109 τοῦ
766 4058 1019 4122 τεκόντος
1055 4059 1267 4129 ἔχουσιν
1314 4060 1376 4115 τὸ
1418 4057 1586 4115 εἶναι’
1634 4063 1815 4134 ἔχουσι
1850 4066 1907 4118 δὲ

334 4146 425 4199 καὶ
445 4146 495 4200 οἱ
514 4149 656 4201 ποιοὶ
681 4148 741 4202 τὸ
773 4147 909 4203 εἶναι
943 4150 1008 4204 ὲκ
1033 4152 1132 4222 τῆς
1168 4152 1450 4224 ποιότητος
1479 4154 1578 4223 τῆς
1615 4172 1904 4227 προσγενο-

335 4237 500 4309 μένης
515 4241 717 4304 αὐτοῖς·
734 4242 955 4307 εἰκότως
981 4244 1029 4297 οἱ
1043 4245 1185 4297 ποιοὶ
1212 4245 1376 4299 τέκνα
1399 4248 1490 4300 καὶ
1515 4249 1619 4301 υἱοὶ
1641 4249 1741 4318 τῆς
1765 4250 1908 4303 ποιό-

2011 3154 2139 3200 sunt
2167 3146 2220 3199 in
2252 3154 2493 3213 peccato.
2525 3142 2658 3196 lllml
2701 3153 2880 3197 autem
2932 3143 3073 3213 qu‘otl
3120 3142 3431 3211 adjunctmn
3476 3153 3581 3205 est.

2012 3248 2223 3302 natura,
2256 3252 2359 3291 non
2403 3239 2504 3289 huc
2534 3235 2800 3306 signiﬁcat
2825 3236 2963 3305 quod
2997 3251 3063 3290 ex
3092 3246 3282 3290 natura
3330 3246 3433 3300 est,
3487 3238 3583 3291 sed

2009 3330 2152 3398 quod
2187 3343 2332 3383 vere.
2363 3328 2474 3382 lloc
2505 3329 2648 3383 enim
2679 3328 2831 3392 dicit,
2866 3326 3090 3380 Eramus
3112 3337 3301 3381 natura
3324 3327 3425 3395 ﬁlii
3448 3328 3583 3393 ine;

2010 3427 2071 3469 ut
2102 3415 2360 3482 declaret,
2399 3417 2646 3469 vereira:
2700 3416 2968 3471 obnoxios
3012 3430 3155 3480 esse,
3205 3417 3296 3485 qui
3339 3430 3583 3485 peccant.

2009 3507 2469 3575 Quemadmodum
2510 3516 2689 3561 autem
2726 3517 2916 3561 natura
2943 3507 3080 3561 lilins
3112 3508 3206 3562 ira:
3240 3508 3493 3574 eiliritur,
3519 3523 3584 3564 ea

2010 3600 2219 3653 ratione
2270 3602 2412 3669 quod
2463 3599 2516 3653 in
2568 3608 2791 3667 peccato
2834 3609 3115 3664 versatur;
3149 3600 3229 3653 sic
3261 3601 3583 3665 mutatione,

2010 3690 2258 3744 veritatis
2292 3691 2433 3744 ﬁlius
2458 3699 2621 3759 atque
2645 3690 2861 3743 virtutis
2886 3690 3089 3743 evadit.
3120 3689 3358 3759 Denique
3376 3690 3582 3743 dictum

2009 3789 2095 3835 est
2139 3781 2204 3835 de
2243 3780 2561 3849 quibusdam
2609 3796 2638 3833 a
2690 3780 2969 3836 Salvatore
2999 3798 3013 3833 :
3044 3778 3351 3848 Justi/icata
3382 3790 3456 3835 est
3483 3797 3578 3835 sa-

2007 3873 2204 3942 pientia
2228 3889 2260 3926 a
2291 3872 2415 3939 ﬁliis
2448 3872 2556 3926 suis
2578 3872 2623 3904 ”
2648 3890 2663 3940 ;
2713 3873 2993 3942 sapientia:
3021 3872 3158 3927 iilios
3187 3882 3413 3928 vocante
3467 3888 3581 3938 eos,

2008 3964 2098 4032 qui
2156 3965 2265 4020 sint
2318 3965 2610 4035 sapientes.
2669 3965 2802 4031 Quia
2855 3965 3053 4018 etenim
3101 3966 3189 4033 qui
3236 3964 3459 4032 alicujus
3488 3964 3581 4018 illii

2011 4064 2159 4120 sunt,
2191 4070 2219 4107 a
2249 4065 2472 4125 parente
2498 4069 2621 4109 esse
2650 4056 2867 4118 habent,
2901 4054 3042 4123 quod
3099 4054 3404 4121 exsistunt;
3456 4058 3582 4126 qni-

2011 4161 2116 4216 que
2145 4147 2281 4201 adeo
2313 4147 2501 4201 imbuti
2529 4147 2791 4217 qualitate
2824 4155 2970 4214 sunt,
3012 4162 3077 4201 ex
3105 4161 3168 4201 ea
3211 4163 3333 4218 qua:
3369 4148 3472 4202 illis
3488 4164 3581 4204 ac-

2007 4239 2173 4293 cessit
2222 4239 2503 4309 qualitate,
2549 4240 2940 4295 nanciscuntur
2990 4249 3047 4293 ut
3098 4239 3245 4303 sint;
3284 4240 3477 4293 merito
3500 4238 3583 4293 sic

331 4343 491 4398 ςητος
526 4330 898 4433 ὀνομάζονται.
943 4334 1030 4396 Ὦς
1069 4334 1179 4406 γάρ
1211 4336 1424 4407 εἴρηται
1454 4337 1561 4390 ὑπὸ
1604 4339 1698 4391 τοῦ
1727 4340 1907 4406 Σωτῆ-

2014 4332 2201 4386 imhttti
2257 4331 2538 4401 qualitate,
2593 4331 2868 4400 qualitatis
2920 4331 3013 4386 ﬁlii
3081 4339 3461 4400 nuncupantur
3515 4345 3583 4384 ac

331 4436 425 4490 ρος
454 4420 694 4483 τοιαῦτα,
731 4413 891 4475 Οὗτοι
929 4422 987 4475 δέ
1029 4426 1166 4478 εἰσιν
1208 4425 1257 4478 oi
1288 4427 1441 4494 σοφοὶ
1472 4427 1663 4496 σοφίας
1708 4428 1900 4483 τέκναο

2014 4423 2144 4477 nati.
2178 4421 2330 4477 Sicut
2360 4424 2502 4478 enim
2528 4438 2557 4476 a
2590 4422 2884 4477 Servatore
2910 4422 3210 4477 istiusmodi
3241 4423 3441 4475 dictum
3472 4430 3581 4484 est,

331 4508 475 4562 οὕτω
506 4512 598 4564 καὶ
625 4511 818 4575 ἄλλους
859 4514 1008 4576 υἱοὺς
1040 4516 1263 4586 είρήνης
1290 4519 1731 4589 προσηγόρευσεν
1751 4560 1765 4583 ,
1797 4521 1903 4589 φά-

2014 4514 2074 4569 lli
2095 4516 2367 4584 sapientes
2390 4525 2517 4570 sunt
2539 4515 2817 4584 sapientia:
2842 4514 2963 4579 filii;
3001 4515 3069 4567 ita
3095 4513 3257 4567 etiam
3280 4515 3414 4568 alios
3445 4513 3584 4568 lilios

331 4617 477 4654 σκων
506 4605 617 4667 τοῖς
653 4603 949 4675 μαθηταῖς·
992 4608 1136 4659 Ἐὰν
1175 4607 1483 4677 εἰσέλθητε
1511 4612 1599 4676 εἰς
1636 4612 1834 4673 πόλιν,
1863 4611 1901 4680 ἡ

2014 4606 2157 4674 pacis
2198 4605 2503 4675 appellavit,
2546 4606 2671 4657 dum
2701 4604 2775 4656 ait
2815 4603 3092 4671 discipulis
3121 4602 3202 4655 ‘°:
3240 4602 3371 4656 Cum
3405 4603 3580 4656 intra-

328 4695 414 4758 εὶς
442 4696 659 4761 οὶκίαν,
689 4697 786 4750 καὶ
804 4692 845 4768 ᾖ
867 4698 992 4751 ἐκεῖ
1013 4700 1141 4766 υἱὸς
1160 4701 1426 4770 εἰρήνης,
1449 4703 1488 4769 ἡ
1510 4701 1717 4771 εἰρήνη
1739 4702 1905 4772 ὑμῶν

2014 4699 2183 4750 veritis
2211 4699 2265 4750 in
2287 4698 2549 4750 civitatem
2578 4705 2673 4749 aut
2703 4696 2938 4760 domum,
2972 4706 3019 4749 et
3065 4695 3113 4749 si
3153 4694 3222 4747 ibi
3250 4695 3407 4764 fuerit
3436 4696 3583 4765 ﬁlius

330 4785 385 4853 (ἡ
419 4785 669 4857 διδομένη
717 4790 783 4858 τῇ
826 4788 1013 4853 πόλει,
1048 4790 1082 4860 ἢ
1121 4793 1185 4861 τῇ
1216 4792 1386 4863 οἰκίᾳ)
1415 4792 1905 4847 ἐπαναπαύσεται

2014 4788 2178 4856 pacis,
2208 4804 2313 4854 pax
2337 4798 2504 4841 vestra
2532 4787 2669 4857 (ipsa
2697 4801 2816 4856 quae
2842 4787 3002 4841 datur
3022 4786 3226 4841 civitati
3250 4797 3342 4841 aut
3372 4788 3582 4859 domui)

330 4875 428 4930 ἐπὶ
458 4880 565 4933 τὸν
582 4879 725 4933 ὄντα
748 4882 806 4933 ὲν
835 4882 971 4953 αὐτῇ
1006 4882 1121 4936 υἱὸν
1150 4884 1393 4954 εἰρήνης.

2014 4881 2287 4948 requiescet
2312 4895 2467 4948 super
2495 4880 2667 4943 illum,
2698 4880 2788 4949 qui
2826 4880 2879 4934 in
2904 4894 2966 4934 ea
2997 4890 3077 4933 est
3110 4878 3249 4935 iilius
3287 4880 3458 4951 pacis.

1384 4995 1514 5051 CAP.
1557 4995 1643 5051 IV.
1700 4995 1989 5050 Prudentia
2036 4994 2269 5062 ﬁliorum
2318 4991 2520 5045 saeculi.

400 5085 568 5138 Πάλιν
596 5089 624 5139 ὁ
650 5088 811 5152 αὐτὸς
839 5089 1029 5161 Σωτήρ
1062 5105 1259 5160 φησιν·
1288 5091 1715 5159 Φρονιμώτεροί
1748 5092 1908 5144 εἰσιν

2079 5087 2289 5141 Rursus
2321 5087 2458 5140 idem
2482 5084 2730 5139 Salvator
2774 5086 2849 5137 ait
2879 5103 2891 5138 :
2925 5083 3301 5139 l’rudenliores
3327 5094 3450 5138 sunt
3479 5085 3583 5154 ﬁlii

329 5179 385 5231 οὶ
410 5175 525 5230 vlo!
556 5176 663 5231 τοῦ
695 5177 910 5245 αἰῶνος
952 5181 1167 5234 τούτου
1210 5181 1361 5249 ὑπὲρ
1402 5182 1545 5247 τοὺς
1590 5181 1761 5247 υἱοὺς
1802 5181 1908 5235 τοῦ

2014 5178 2163 5246 huius
2186 5176 2362 5231 sazcnli
2396 5175 2522 5245 ﬁliis
2549 5175 2679 5229 lucis
2712 5177 2765 5229 in
2799 5178 3131 5246 generatione
3175 5177 3351 5231 sua“.
3377 5176 3584 5247 Nempe

328 5268 544 5339 φωτὸς,
578 5269 648 5322 ἐν
667 5268 744 5337 τῇ
770 5269 943 5339 γενεᾷ
966 5270 1041 5336 τῇ
1065 5269 1311 5325 ἑαυτῶν·
1346 5272 1493 5335 υἱοὺς
1513 5272 1691 5339 φωτὸς
1733 5271 1910 5340 λέγων

2014 5270 2142 5324 lucis
2176 5269 2314 5323 lilios
2341 5283 2566 5331 vocans,
2598 5267 2689 5337 qui
2720 5269 2947 5321 scientia
2984 5269 3232 5322 veritatis
3267 5282 3331 5322 ac
3362 5268 3581 5323 virtutis

327 5363 455 5423 τοὺς
497 5362 942 5431 πεφωτισμένους
983 5366 1050 5433 τῇ
1102 5361 1301 5430 γνώσει
1354 5362 1455 5431 τῆς
1510 5363 1766 5434 ἀληθείας
1808 5363 1903 5415 καὶ

2014 5362 2262 5432 operibus
2295 5361 2401 5416 sint
2426 5361 2732 5415 illuminati.
2766 5362 2845 5415 Ad
2879 5378 3036 5430 quos,
3076 5362 3170 5431 qui
3220 5371 3274 5416 et
3308 5362 3396 5415 lux
3449 5361 3579 5415 facti

326 5453 442 5515 τοῖς
469 5450 651 5523 ἔργοις
686 5452 785 5521 τῆς
822 5453 1040 5523 ἀρετῆς.
1082 5454 1225 5525 Πρὸς
1257 5453 1349 5520 οὓς
1379 5457 1473 5507 καὶ
1512 5455 1627 5524 φῶς
1674 5473 1900 5526 γεγενη-

2014 5464 2211 5520 essent,
2236 5455 2433 5526 quippe
2452 5453 2590 5510 filios
2610 5454 2764 5519 lucis,
2792 5455 2900 5509 ait:
2929 5452 3032 5510 Vos
3049 5456 3170 5510 estis
3192 5454 3283 5509 lux
3311 5454 3492 5506 mundi
3512 5453 3578 5505 ⁸³.

403 5634 450 5667 ⁸⁸
492 5631 687 5702 Ephes.
765 5645 825 5692 ιι,
854 5628 907 5684 5.
980 5629 1028 5661 "
1076 5627 1265 5684 Matth.
1293 5644 1371 5693 ιι,
1405 5628 1489 5683 l9.
1565 5628 1609 5659 °°
1650 5627 1777 5682 Luc.
1812 5628 2004 5692 x,5-8.
2082 5630 2123 5662 ⁶¹
2169 5632 2298 5691 Luc.
2321 5645 2432 5694 1m,
2459 5630 2509 5693 8,
2590 5620 2634 5662 "
2676 5630 2924 5695 Matth.v,
2953 5631 3038 5688 l4.

2009 5718 2039 5743 δ

399 5764 539 5838 (50')
573 5762 858 5817 Δυνατόν.
891 5761 971 5816 An
1007 5759 1291 5834 legendum
1321 5761 1571 5817 δυνατοίῖ
1602 5764 1762 5819 Εοιτ.
1790 5763 2028 5821 ΡΑτιιοι..
