4034 6400
559 398 693 454 1091

1786 387 2025 446 DlDYMl
2062 386 2526 444 ALEXANDRINI

3643 376 3771 434 me

556 507 664 562 Eos
689 513 868 562 autem
906 520 996 575 qm
1028 505 1313 576 praesentis
1365 505 1487 559 vita:
1539 518 1721 559 amore
1767 514 2037 567 tenentur,
2068 514 2122 558 et

2240 502 2438 565 ιένους,
2470 498 2558 554 διὰ
2586 499 2645 553 τὸ
2669 496 2952 568 τυγχάνειν
2980 494 3154 565 φωτὸς
3187 493 3356 556 υἱοὺς,
3383 490 3549 560 λέγει’
3589 487 3774 557 Ὑμεῖς

566 600 635 648 ad
658 611 777 650 eam
811 596 1052 650 referunt
1078 611 1408 667 quaecunque
1424 607 1739 664 operantur,
1768 597 1948 651 surculi
1967 598 2122 666 hujus

2240 593 2362 645 ἐστε
2387 591 2453 645 τὸ
2489 589 2614 659 φῶς
2654 587 2760 642 τοῦ
2783 588 3031 656 κόσμου’
3070 585 3197 648 τοὺς
3218 582 3274 637 δὲ
3303 580 3689 651 ἀγαπήσαντας
3721 576 3777 628 τδ

554 686 696 754 ﬁlios
730 686 1048 740 nominavit.
1081 686 1397 755 Quanquam
1444 702 1574 741 vero
1602 688 1762 741 etiam
1798 686 2125 756 prudentio-

558 791 649 832 res
675 776 815 831 dixit
846 777 967 832 [iliis
996 777 1163 841 lucis,
1198 794 1300 833 non
1333 778 1645 846 simpliciter
1680 778 1813 832 dixit
1845 794 1967 834 esse
1996 793 2124 849 pru-

557 869 863 934 dentiores;
900 871 992 924 sed
1022 872 1077 923 in
1106 872 1435 939 generatione
1474 888 1604 935 sua;
1641 872 1693 925 id
1742 881 1845 936 est,
1882 872 1934 925 in
1969 872 2127 926 rebus

557 961 624 1015 ad
658 962 759 1015 hoc
787 963 1042 1015 saeculum
1094 965 1536 1028 accommodatis,
1587 964 1965 1033 prudentiores
2005 971 2132 1017 sunt

560 1051 685 1106 ﬁliis
737 1054 889 1105 lucis.
941 1051 1209 1118 Sapientes
1253 1056 1396 1108 enim
1449 1065 1572 1109 sunt
1615 1068 1670 1109 ut
1726 1056 2128 1125 faciantmala:

560 1146 685 1198 bene
733 1155 905 1198 autem
954 1146 1126 1213 facere
1165 1150 1449 1201 nescierunt
1467 1149 1532 1203 ⁸³.
1585 1149 1724 1216 Quin
1771 1160 1826 1204 et
1872 1152 1938 1202 de
1994 1147 2130 1203 Iuda

560 1237 817 1304 scriptum
849 1246 956 1301 est,
988 1252 1112 1290 esse
1147 1254 1267 1292 eum
1301 1239 1473 1308 ﬁlium
1509 1240 1835 1304 perditionis.
1869 1239 1962 1294 Sic
1989 1240 2130 1293 enim

563 1325 820 1382 Dominus
863 1329 926 1383 de
985 1328 1075 1383 illo
1133 1330 1303 1384 dixit:
1352 1329 1436 1384 Ea:
1486 1330 1755 1398 discipulis
1803 1333 1929 1385 meis
1983 1347 2131 1383 nemo

561 1418 733 1483 periit,
768 1419 868 1471 nisi
897 1418 1042 1486 ﬁlius
1064 1420 1375 1487 perditionis
1394 1422 1459 1473 “.
1490 1420 1683 1475 Filium
1730 1431 1906 1475 autem
1953 1421 2134 1489 perdi-

565 1510 725 1563 tionis
755 1510 987 1571 vocavit.
1021 1513 1161 1580 quod
1189 1526 1252 1565 ea
1285 1511 1473 1566 fecerit
1524 1527 1643 1580 qua:
1692 1521 1818 1566 sunt
1870 1511 2131 1581 perditio-

563 1601 670 1665 nis,
699 1612 1061 1672 merguntque
1099 1603 1151 1656 in
1186 1603 1485 1657 interitum.
1520 1601 1633 1656 Non
1671 1602 1814 1656 enim
1843 1602 1964 1656 talis
1994 1610 2132 1664 erat,

563 1702 683 1742 cum
717 1704 855 1745 unus
876 1699 1021 1746 esset
1051 1706 1116 1748 es
1167 1691 1444 1761 apostolis,
1479 1706 1541 1744 ac
1587 1705 1707 1745 cum
1741 1690 1821 1745 eis
1869 1689 2132 1743 Salvatori

565 1779 769 1846 pariter
792 1780 1162 1849 ministraret;
1197 1783 1292 1836 sed
1333 1796 1455 1835 cum
1501 1779 1620 1835 Filii
1648 1780 1740 1833 Dei
1771 1789 1932 1846 atque
1966 1778 2134 1849 Magi-

2226 684 2397 753 παρδν
2430 682 2549 753 ζῇν,
2580 682 2675 734 καὶ
2706 679 2843 752 πρὸς
2885 678 3017 732 αὐτὸ
3060 677 3265 738 πάντα,
3296 674 3332 728 ἃ
3364 670 3627 733 ποιοῦσιν,
3661 670 3777 721 ἁνα-

2228 775 2511 845 φέροντας,
2549 772 2718 837 υἱοὺς
2768 768 2981 834 αἰῶνος
3007 768 3218 821 τούτου
3247 764 3542 834 ὠνόμασεν.
3573 757 3709 812 Ἀλλ’
3736 758 3777 811 εἰ

2228 868 2323 918 καὶ
2366 862 2516 918 εἶπεν
2563 863 2784 924 τούτους
2842 856 3281 931 φρονιμωτέρους
3308 853 3449 924 ὑπὲρ
3494 851 3618 911 τοὺς
3644 847 3779 909 uiuit;

2228 957 2323 1009 τοῦ
2341 958 2536 1027 φωτὸς,
2574 956 2633 1009 οὐ
2658 952 2911 1017 καθάπαξ
2937 951 3131 1013 αὐτοὺς
3152 944 3305 1001 εἷπεν
3337 939 3779 1017 φρονιμωτέρους,

2231 1049 2345 1103 ἀλλ’
2361 1048 2430 1102 ἐν
2448 1047 2524 1115 τῇ
2555 1046 2782 1100 ἑαυτῶν
2794 1042 2985 1115 γενεᾷ
3008 1041 3301 1100 τουτέστιν,
3321 1039 3378 1089 ὲν
3398 1036 3511 1097 τοῖς
3536 1030 3782 1101 πράγμα-

2234 1156 2316 1192 σιν
2343 1140 2454 1201 τοῖς
2486 1135 2843 1190 οίκειωθεῖσιν
2881 1132 3054 1201 τούτῳ
3090 1128 3166 1199 τῷ
3198 1126 3375 1188 αἰῶνι,
3402 1118 3784 1193 φρονιμώτεροι

2231 1231 2336 1284 τῶν
2359 1230 2454 1284 τοῦ
2491 1229 2666 1299 φωτὸς
2718 1226 2851 1280 υἱῶν
2887 1225 3264 1293 τυγχάνουσιν.
3299 1213 3479 1284 Σοφοὶ
3529 1210 3639 1281 γάρ
3680 1210 3787 1261 clm

2234 1323 2338 1375 τοῦ
2367 1318 2783 1388 κακοποιῆσαυ
2808 1318 2875 1371 τὸ
2916 1308 2984 1369 δὲ
3019 1312 3218 1378 καλῶς
3244 1308 3490 1377 ποιῆσαι
3538 1307 3614 1359 οὺ
3648 1317 3786 1357 συν·

2233 1413 2407 1482 ἧκαν.
2436 1414 2545 1465 Ka‘t
2571 1411 2696 1482 περὶ
2723 1409 2815 1463 τοῦ
2840 1408 3006 1462 ’ἰούδα
3036 1407 3093 1460 δὲ
3120 1406 3446 1476 γέγραπται,
3471 1399 3546 1462 ὡς
3572 1397 3657 1467 εἴη
3685 1394 3789 1456 υίὸς

2234 1503 2527 1566 ἀπωλείας.
2579 1502 2639 1555 ’0
2662 1501 2771 1571 γὰρ
2798 1498 3004 1569 Κύριος
3030 1496 3159 1567 περὶ
3188 1492 3350 1547 αὑτοῦ
3381 1488 3555 1550 εἶπεν,
3585 1488 3666 1541 ὅτι
3692 1486 3790 1562 οὐ·

2234 1595 2360 1662 δεὶς
2384 1595 2650 1649 ἀπώλετο
2689 1595 2757 1646 ἐκ
2794 1590 2912 1645 τῶν
2944 1586 3230 1659 μαθητῶν
3255 1602 3395 1656 μου,
3427 1585 3480 1635 εί
3508 1579 3592 1651 μὴ
3618 1582 3651 1634 ὁ
3674 1575 3791 1639 υίὸς

2235 1688 2348 1757 τῆς
2383 1687 2701 1752 ἀπωλείας.
2748 1684 3045 1745 Ἀπωλείας
3090 1682 3147 1735 δὲ
3198 1677 3312 1733 υίόν
3337 1674 3496 1730 αὑτὸν
3524 1670 3696 1727 εἶπεν.
3723 1666 3793 1738 τῷ

2237 1782 2304 1835 τὰ
2330 1782 2429 1850 τῆς
2460 1779 2732 1842 ἀπωλείας
2760 1776 3115 1849 πεπραχέναι.
3144 1774 3219 1827 Οὐ
3240 1772 3348 1842 γὰρ
3380 1769 3469 1821 ὅτε
3500 1760 3579 1827 εἷς
3608 1758 3676 1833 ἦν
3696 1759 3793 1814 τῶν

565 1869 662 1923 stri
699 1871 940 1939 proditor
967 1848 1189 1928 etl'ectus
1222 1881 1325 1927 est.
1355 1872 1615 1941 Quodque
1641 1886 1709 1926 ex
1758 1882 1951 1926 natura
1994 1870 2135 1924 haud

2240 1848 2568 1935 ἀποστόλων,
2618 1872 2711 1925 καὶ
2761 1848 2995 1941 διηκύνει
3052 1868 3167 1938 ἅμα
3199 1862 3424 1924 ἐκείνοις
3459 1857 3539 1928 τῷ
3572 1853 3792 1923 Σωτῆρι.

565 1960 741 2015 malus
772 1972 939 2027 esset,
971 1963 1136 2018 simul
1166 1980 1289 2019 cum
1343 1964 1621 2034 discipulis
1671 1964 1923 2018 omnibus
1979 1963 2136 2016 audi-

568 2053 644 2105 vit
672 2070 686 2105 :
718 2052 850 2107 Ecce
880 2061 1031 2108 mitto
1066 2071 1155 2110 vos
1183 2056 1317 2109 sicut
1348 2071 1462 2109 oves
1495 2056 1553 2108 in
1597 2054 1767 2107 medio
1811 2055 2053 2123 luporum
2068 2053 2135 2108 ⁸⁸.

566 2143 625 2199 Si
652 2144 807 2214 lupos
840 2144 974 2200 dicit
996 2161 1090 2201 eos
1119 2149 1208 2215 qui
1252 2156 1497 2217 peccant,
1536 2160 1664 2201 oves
1714 2161 1844 2201 vero
1900 2160 1994 2201 eos
2047 2147 2138 2215 qui

565 2239 758 2294 virtuti
781 2248 982 2294 navant
1012 2254 1231 2308 operam
1262 2256 1277 2295 :
1310 2241 1574 2311 siquidem
1601 2237 1767 2293 Judas
1795 2246 1987 2293 natura
2020 2255 2137 2291 ma—

566 2330 653 2386 lus
679 2340 818 2396 erat,
847 2331 965 2386 ovis
996 2330 1198 2388 Christi
1234 2349 1338 2387 non
1389 2342 1539 2397 erat;
1572 2348 1696 2386 nam
1747 2346 1919 2399 neque
1968 2332 2137 2386 virtu-

571 2427 677 2471 tem
716 2427 891 2486 potest
915 2420 1149 2488 operari,
1175 2422 1266 2490 qui
1296 2436 1391 2490 per
1417 2433 1664 2474 naturam
1687 2423 1864 2474 malus
1891 2430 1995 2475 est.
2028 2421 2136 2475 Sed

572 2522 747 2576 neque
774 2508 887 2576 ipse
915 2509 1165 2565 diabolus
1194 2525 1290 2578 per
1316 2520 1564 2566 naturam
1597 2510 1770 2567 malus
1798 2520 1902 2575 est,
1951 2512 2044 2566 sed
2070 2526 2137 2566 ex

570 2598 871 2653 mutatione
906 2600 1089 2655 libera:
1118 2602 1432 2655 voluntatis.

2236 1961 2304 2033 ἦν
2330 1963 2591 2027 τοιοῦτος,
2617 1963 2733 2017 ἀλλ’
2759 1964 2848 2016 ὅτε
2897 1959 3163 2032 προδότης
3194 1956 3385 2025 γέγονε
3423 1949 3519 2005 τοῦ
3553 1945 3681 2001 Υίοῦ
3707 1942 3794 1996 τοῦ

2238 2056 2374 2111 Θεοῦ
2417 2058 2512 2109 καὶ
2564 2056 2918 2119 Διδασκάλου,
2954 2052 3247 2121 ἀγαπήσας
3295 2048 3364 2100 τὰ
3409 2049 3509 2114 τῆς
3533 2035 3798 2096 ἀπωλείας

2238 2148 2496 2220 ἀργύρια.
2534 2148 2644 2201 Καὶ
2675 2149 2756 2202 ὅτι
2787 2147 2848 2200 οὐ
2884 2145 3025 2200 κατὰ
3053 2143 3215 2214 φύσιν
3241 2136 3308 2210 ἦν
3328 2133 3645 2203 κακδς,ἆμα
3675 2129 3799 2220 πάσι

2238 2217 2352 2303 τοῖς
2374 2217 2641 2311 μαθηταῖς
2670 2239 2744 2292 ὢν
2777 2239 3027 2309 ἤκουσεν·
3061 2233 3219 2291 Ἰδοὺ
3257 2227 3612 2321 (inaurede
3632 2217 3797 2321 ὑμᾶς,

2240 2328 2321 2395 ὡς
2364 2330 2629 2398 πρόϐατα
2676 2330 2745 2383 ἐν
2794 2327 2962 2398 μέσῳ
3001 2327 3223 2380 λύκων.
3269 2322 3332 2375 Εἰ
3372 2319 3427 2372 δὲ
3452 2316 3651 2375 λύκους
3685 2316 3799 2369 τους

2241 2423 2649 2494 ἁμαρτάνοντας
2697 2421 2864 2489 λέγει,
2915 2416 3161 2489 πρόϐατα
3206 2413 3263 2466 δὲ
3306 2410 3432 2472 τοὺς
3476 2400 3801 2494 πρακτικούς

2216 2486 2595 2588 ’τῆς.άρετῆς,
2625 2486 2781 2583 εἴπερ
2809 2514 2836 2565 ὁ
2872 2486 3075 2573 Ἰούδας
3113 2506 3272 2577 φύσει
3311 2500 3475 2562 κακὸς
3497 2495 3586 2588 ἦν,
3617 2495 3715 2588 οὑξ

2242 2578 2511 2678 πρόϐατον
2529 2578 2799 2677 ’Χριστούο
2830 2604 2951 2657 ἐπεὶ
2986 2600 3061 2672 μὴ
3090 2593 3390 2669 πρακτικὸς
3426 2589 3523 2659 τῆς
3552 2583 3750 2678 ἀρετῆς
3774 2578 3804 2631 δ

571 2686 711 2740 κατὰ
747 2687 907 2756 φύσιν
938 2690 1125 2755 κακός.
1168 2690 1306 2744 Ἀλλ’
1339 2691 1447 2745 οὐδ’
1485 2690 1648 2754 αὐτὸς
1684 2692 1713 2744 ὁ
1750 2690 1996 2755 διάϐολος
2043 2694 2183 2749 κατὰ
2245 2673 2407 2766 φύσιν
2471 2673 2659 2763 κακδς,
2728 2695 2841 2750 ἀλλ’
2877 2696 2940 2747 ὲκ
2977 2690 3185 2763 τροπῆς
3225 2685 3319 2740 τοῦ
3368 2681 3497 2737 ίδίου
3561 2673 3804 2738 αὐτεξου-

572 2775 709 2831 σίου.

1606 2851 1742 2907 Csp.
1783 2850 1849 2905 ν.
1890 2849 2093 2921 Corpus
2130 2854 2328 2924 peccati
2368 2854 2627 2923 quomodo
2666 2853 2777 2920 ﬁat.

648 2942 800 2997 Sicut
846 2943 1006 3012 igitur
1048 2956 1155 2996 non
1199 2940 1372 2996 solum
1426 2941 1687 2997 malarum
1738 2943 2010 2997 actionum
2079 2959 2144 2999 ac

571 3034 897 3096 studiorum,
924 3047 1115 3085 verum
1144 3033 1306 3087 etiam
1340 3033 1689 3087 honestarum
1737 3033 1834 3087 lilii
1880 3044 2147 3090 vocantur

572 3142 635 3181 ac
669 3126 805 3190 nati,
841 3125 932 3195 qui
974 3140 1037 3180 ea
1069 3135 1326 3181 exercent
1351 3140 1416 3179 eo
1450 3140 1557 3194 quo
1600 3124 1802 3179 dictum
1830 3137 1914 3180 est
1945 3127 2142 3191 modo;

570 3231 635 3270 ex
679 3215 838 3284 cujus
877 3215 1111 3279 ratione,
1158 3215 1476 3283 qualitatum
1519 3215 1659 3270 fctus
1694 3215 1980 3283 prolesque
2001 3216 2149 3271 dice-

573 3309 792 3370 bantur,
815 3307 905 3377 qui
929 3320 994 3360 ex
1023 3306 1129 3360 illis
1154 3320 1277 3361 esse
1309 3307 1619 3374 acciperent
1651 3306 1795 3375 quod
1828 3321 1857 3359 a
1884 3306 2148 3377 qualitate

2315 2946 2525 3014 Ὠσπερ
2552 2938 2667 3007 οὖν,
2709 2941 2771 2994 οὺ
2802 2939 2911 2993 τῶν
2945 2935 3164 3007 φαύλων
3202 2933 3384 3007 μόνον,
3416 2928 3554 2985 ἀλλὰ
3591 2925 3807 2983 καὶτῶν

2244 3036 2545 3089 σπουδαίων
2596 3031 3042 3103 ἐπιτηδευμάτων
3082 3029 3178 3083 καὶ
3235 3023 3624 3097 πραττομένων
3644 3063 3659 3087 ,
3710 3018 3808 3072 υίοὶ

2244 3127 2535 3181 καλοῦνται
2562 3125 2656 3178 καὶ
2676 3124 2841 3177 τέκνα
2868 3123 2918 3193 οι
2969 3118 3343 3181 ἐπιτελοῦντες
3382 3117 3459 3188 τῷ
3487 3112 3808 3187 προειρημέ-

2244 3238 2318 3290 νῳ
2350 3221 2555 3291 τρόπῳ,
2582 3216 2702 3271 καθ’
2726 3216 2785 3269 ὃν
2822 3214 3038 3284 ἐλέγετο
3068 3214 3384 3282 γεννήματα
3417 3209 3715 3279 ποιοτήτων
3742 3200 3810 3258 εἷς

2250 3330 2338 3365 ναι
2375 3313 2496 3374 τοὺς
2533 3309 2909 3380 λαμϐάνοντας
2925 3307 3019 3360 ἀπ’
3041 3303 3218 3359 αὐτῶν
3243 3304 3303 3356 τὸ
3332 3300 3493 3365 εἶναι,
3524 3298 3810 3369 ὄπερέχου-

571 3396 798 3467 ejusque
827 3412 1052 3453 muuere
1083 3397 1312 3460 habent;
1347 3399 1539 3451 merito
1577 3412 1706 3451 caro
1750 3399 1958 3466 peccati
1977 3399 2044 3464 ⁸⁸,
2096 3408 2141 3452 et

2253 3421 2334 3457 σιν
2364 3405 2428 3456 ὲκ
2459 3402 2557 3472 τῆς
2605 3401 2889 3470 ποιότητος
2908 3416 2921 3429 ·
2958 3397 3182 3461 εἰκότως
3215 3395 3353 3466 σὰρξ
3398 3392 3691 3465 ἁμαρτίας,
3723 3387 3809 3443 καὶ

572 3488 1091 3558 corpuspeccati",
1116 3489 1409 3558 quispiam,
1442 3504 1546 3543 non
1579 3487 1902 3557 simpliciter
1925 3489 2146 3555 dicitur,

573 3580 667 3636 sed
692 3580 892 3635 idcirco
926 3580 1051 3649 quia
1078 3578 1512 3650 servitpeccato.
1545 3580 1715 3634 Homo
1750 3582 1891 3636 enim
1925 3592 2151 3649 corpore

576 3686 642 3725 ac
695 3685 859 3725 carne
908 3673 975 3725 ad
1008 3671 1286 3727 libidinem
1330 3672 1542 3742 aliaque
1582 3671 1846 3739 ejusmodi
1880 3672 2005 3726 vitia
2052 3672 2150 3727 ab-

578 3770 757 3828 utens,
785 3776 978 3832 corpus
1005 3778 1159 3818 suum
1195 3778 1394 3833 corpus
1419 3764 1625 3832 peccati
1653 3761 1801 3828 facit,
1837 3772 1894 3818 et
1930 3778 2149 3820 carnem

576 3866 730 3910 suam
776 3869 990 3908 carnem
1009 3855 1260 3924 peccati;
1310 3855 1454 3911 haud
1517 3869 1677 3911 secus
1722 3870 1787 3911 ac
1850 3857 2150 3922 studiosus,

574 3945 843 4002 castitatis
875 3947 1078 4010 studio,
1118 3960 1182 4001 ac
1205 3961 1325 4017 qua
1372 3947 1423 4003 ei
1468 3948 1647 4003 virtus
1699 3949 1906 4017 reliqua
1946 3963 2146 4013 comes,

575 4050 948 4106 corpussuum
990 4035 1344 4107 animumque
1396 4037 1721 4094 sanctiﬁcat.
1770 4040 1935 4110 Virgo
1990 4039 2152 4109 igitur

577 4138 763 4184 sancta
816 4128 1050 4184 etiicitur
1093 4143 1322 4201 corpore
1365 4137 1420 4186 et
1464 4130 1657 4201 spiritu
1688 4130 1814 4203 (hoc
1839 4140 1924 4186 est
1946 4128 2150 4203 anima)

577 4219 1027 4289 quemadmodum
1055 4220 1244 4275 scribit
1266 4218 1488 4289 Paulus,
1522 4222 1729 4288 dicens,
1753 4223 1953 4277 debere
1980 4222 2150 4290 virgi-

578 4327 700 4366 nem
754 4312 986 4367 terrenis
1027 4313 1187 4367 rebus
1229 4314 1482 4383 curisque
1522 4329 1629 4368 non
1673 4314 1929 4379 distrahi,
1972 4312 2042 4368 Ut
2079 4315 2151 4369 sit

576 4412 758 4456 sancta
803 4419 1016 4472 corpore
1058 4414 1105 4458 et
1152 4404 1342 4473 spiritu
1359 4404 1427 4459 ⁸⁸.
1486 4403 1593 4459 Sed
1637 4414 1692 4460 et
1734 4406 1788 4459 in
1820 4404 2058 4475 Epistola
2085 4404 2150 4459 ad

577 4491 886 4548 Corinthios
905 4494 1136 4549 scribit:
1171 4491 1476 4564 Gloriﬁcate
1515 4494 1685 4550 Deum
1717 4496 1777 4549 in
1823 4510 2037 4562 corpore
2068 4510 2152 4549 ve-

578 4582 763 4637 stro”.
792 4582 848 4637 Si
879 4594 1057 4638 autem
1092 4584 1424 4655 gloriﬁcatur
1456 4585 1596 4641 Deus
1622 4586 1675 4639 in
1719 4600 1948 4656 corpore
1970 4585 2149 4640 horai-

2252 3495 2409 3566 σῶμα
2435 3493 2728 3564 ἁμαρτίας,
2782 3492 2844 3545 ού
2898 3489 3152 3554 καθάπαξ
3199 3487 3417 3557 λέγεταί
3448 3503 3549 3549 τις,
3580 3483 3717 3538 ἀλλὰ
3739 3480 3810 3551 τῷ

2250 3589 2544 3658 ὑπηρετεῖν
2565 3589 2632 3657 τῇ
2669 3584 2932 3656 ἁμαρτίᾳ.
2958 3585 3017 3637 '0
3042 3583 3150 3653 γὰρ
3166 3581 3452 3653 ἄνθρωπος
3495 3578 3571 3649 τῷ
3602 3576 3809 3647 σώματι

2249 3679 2345 3731 καί⁵
2385 3681 2452 3748 τῇ
2506 3677 2670 3749 σαρκὶ
2707 3678 2786 3740 εἰς
2818 3675 3069 3755 λαγνείαν
3110 3673 3205 3728 καὶ
3242 3674 3340 3736 τὰς
3372 3670 3535 3733 ἄλλας
3569 3669 3811 3729 τοιαύτας

2248 3769 2524 3841 ἐνεργείας
2543 3768 2988 3839 καταχρώμενος,
3007 3768 3151 3819 ποιεῖ
3174 3765 3236 3818 τὸ
3258 3763 3417 3835 σῶμα
3440 3756 3625 3825 αὑτοῦ,
3646 3763 3811 3831 ἁμαρ·

2249 3860 2369 3923 τίας
2404 3858 2583 3929 σῶμαο
2609 3858 2705 3913 καὶ
2729 3860 2826 3929 τὴν
2857 3857 3058 3927 σάρκα,
3094 3856 3273 3926 σάρκα
3298 3852 3570 3926 ἁμαρτίας
3589 3869 3603 3882 ·
3632 3851 3809 3919 ὥσπερ

2248 3953 2279 4005 ὁ
2317 3951 2602 4015 σπουδαῖος
2628 3950 2716 4005 διὰ
2751 3948 3107 4020 σωφροσύνης
3134 3948 3227 4002 καὶ
3258 3948 3357 4018 τῆς
3396 3944 3670 4016 ἑπομένης
3693 3944 3812 4013 ἀρε-

2249 4047 2349 4115 τῆς
2374 4082 2389 4108 ,
2432 4042 2495 4097 τὺ
2529 4041 2689 4113 σῶμα
2740 4039 2935 4095 ἑαυτοῦ
2987 4041 3081 4093 καὶ
3118 4039 3217 4111 τὴν
3258 4037 3436 4108 ψυχὴν
3474 4035 3711 4105 ἁγιάζει.
3750 4032 3810 4085 Ἠ

2250 4133 2518 4206 παρθένος
2565 4132 2696 4202 γοῦν
2742 4132 2873 4201 ἁγία
2916 4132 3124 4200 γίνεται
3161 4129 3372 4201 σώματι
3407 4129 3501 4182 καὶ
3526 4125 3808 4197 πνεύματι,

2250 4226 2279 4279 ὅ
2305 4227 2421 4278 ἐστι
2450 4223 2618 4295 ψυχὴ,
2650 4223 2727 4287 ὡς
2754 4222 2956 4294 γράφει
2982 4220 3213 4284 Παῦλος,
3234 4220 3427 4287 λέγων,
3461 4219 3543 4271 ὅτι
3568 4218 3670 4289 τὴν
3688 4232 3813 4284 παρ-

2251 4315 2402 4368 θένον
2429 4314 2509 4367 δεῖ
2533 4312 2941 4385 ἀπερίσπαστον
2969 4306 3108 4364 εἶναι
3129 4310 3237 4364 τῶν
3267 4308 3532 4379 βιωτικῶν
3566 4306 3812 4378 πραγμά-

2250 4427 2380 4475 των,
2407 4409 2542 4465 “Ira
2565 4403 2605 4479 ᾖ
2633 4408 2774 4477 ἁγία
2800 4404 3027 4476 σώματι
3060 4404 3160 4459 καί
3195 4404 3504 4473 πνεύματι.
3534 4400 3696 4455 Ἃ).λά
3726 4398 3812 4453 καὶ

2250 4503 2309 4554 ὲν
2334 4503 2402 4571 τῇ
2420 4499 2706 4570 Ἐπιστολῇ
2735 4502 2802 4570 τῇ
2829 4495 3128 4570 Κορινθίων
3153 4496 3375 4567 γράφει·
3400 4493 3702 4558 Δοξάσατε
3716 4490 3812 4544 τὸν

2254 4589 2404 4645 Θεὸν
2423 4590 2493 4644 ἐν
2521 4591 2601 4656 τῷ
2630 4588 2858 4657 σώματι
2883 4586 3068 4658 ὑμῶν.
3094 4588 3158 4641 Εἰ
3178 4587 3236 4641 δὲ
3254 4585 3533 4653 δοξάζεται
3559 4587 3588 4638 ὁ
3611 4583 3741 4646 Θεὸς
3759 4583 3812 4635 ὲν

580 4688 730 4737 num,
780 4688 880 4727 nec
934 4671 1078 4729 Deus
1118 4675 1170 4729 in
1217 4674 1359 4729 malo
1402 4675 1776 4747 gloriﬁcatur;
1827 4675 1975 4731 haud
2017 4690 2141 4732 sane

2252 4681 2331 4752 τῷ
2363 4679 2576 4751 σώματι
2621 4681 2729 4734 τῶν
2753 4678 3076 4749 ἀνθρώπων,
3106 4678 3168 4731 ού
3209 4676 3491 4742 δοξάζεται
3519 4675 3576 4729 δὲ
3602 4674 3733 4737 Θεὸς
3759 4674 3811 4724 ὲν

581 4779 780 4833 corpus
812 4776 1002 4820 natura
1053 4767 1252 4823 malum
1282 4777 1396 4837 est;
1422 4783 1730 4839 quanquam
1756 4770 1929 4839 ipsum
1963 4783 2141 4839 pecca-

2248 4770 2424 4841 κακῷ·
2449 4770 2511 4823 οὐ
2543 4768 2712 4824 κακὸν
2744 4768 2807 4821 τὸ
2837 4766 2999 4837 σῶμα
3025 4769 3091 4837 τῇ
3135 4766 3314 4836 φύσει,
3346 4765 3448 4820 κᾶν
3486 4764 3653 4819 κακὸν
3692 4759 3812 4816 αὐτὸ

584 4861 667 4908 ιοι·
697 4854 896 4908 malum
934 4857 1125 4925 reddit,
1158 4873 1223 4913 ex
1251 4862 1457 4930 peccati
1502 4859 1803 4915 rationibus
1835 4860 1926 4915 illo
1968 4872 2141 4916 utens.

2252 4866 2398 4918 ποιεῖ
2436 4865 2466 4916 ὁ
2499 4860 2821 4933 ἁμαρτωλὸς
2845 4900 2861 4925 ,
2906 4858 3297 4930 ἁμαρητικῶς
3329 4858 3478 4928 αὐτῷ
3522 4855 3811 4927 χρώμενος.

582 4945 660 4999 Ac
692 4961 876 5000 rursus
907 4950 1093 5016 paucis
1116 4951 1416 5019 interjectis
1448 4953 1500 5005 in
1531 4953 1645 5007 lucc
1669 4951 1830 5007 verba
1892 4967 2019 5007 suos
2071 4952 2141 5006 al-

2251 4957 2362 5011 Καὶ
2414 4954 2530 5025 μετ’
2572 4953 2753 5023 ὀλίγον
2793 4954 2956 5008 πάλιν
2977 4949 3113 5015 ’τοῖς
3158 4952 3341 5013 αὐτοῖς
3385 4950 3713 5021 προσφωνεῖ·
3750 4941 3816 4998 Ἦ

580 5032 815 5104 loquitur
854 5039 974 5092 :An
1016 5043 1247 5107 nescitis,
1291 5045 1415 5111 quia
1437 5060 1655 5113 corpora
1697 5055 1866 5098 vestra
1907 5043 2141 5110 templum

2250 5050 2363 5103 οὐκ
2388 5046 2611 5108 οἴδατε,
2636 5046 2726 5099 ὅτι
2745 5045 2817 5099 τὰ
2836 5045 3080 5115 σώματα
3093 5039 3261 5111 ὑμῶν
3287 5040 3435 5107 ναὸς
3463 5040 3569 5093 τοῦ
3598 5035 3815 5106 ἑνὺμῖν

578 5136 701 5180 sunt
732 5127 962 5188 Spiritus
981 5133 1166 5199 sancti,
1200 5136 1290 5203 qui
1325 5137 1376 5187 in
1401 5136 1541 5189 vobis
1567 5145 1641 5188 est
1658 5152 1677 5201 ;
1707 5151 1858 5205 quem
1891 5134 2088 5189 habetis
2116 5154 2141 5188 α

2253 5141 2425 5212 ἁγίου
2457 5139 2803 5207 Πνεύματός
2837 5137 3042 5203 ἐστιν,
3072 5131 3144 5191 οὗ
3184 5137 3349 5205 ἔχετε
3375 5132 3493 5187 ἀπὸ
3529 5130 3707 5195 Θεοῦ;
3749 5125 3817 5178 El

580 5214 787 5272 Deo“?
821 5218 879 5275 Si
911 5224 1024 5291 quis
1063 5225 1308 5293 templum
1346 5225 1444 5280 Dei
1464 5228 1749 5295 violaverit,
1788 5228 2047 5297 disperdet
2079 5225 2141 5281 il-

2254 5250 2343 5298 τις
2378 5230 2485 5285 τὸν
2528 5232 2681 5285 ναὸν
2706 5230 2811 5284 τοῦ
2857 5229 3004 5284 Θεοῦ
3031 5229 3288 5298 φθείρει,
3318 5223 3524 5296 φθερεῖ
3553 5222 3764 5277 τοῦτον
3784 5219 3815 5271 ὀ

579 5308 688 5363 tum
713 5311 854 5367 Deus
876 5325 895 5363 :
914 5315 1163 5383 templum
1188 5318 1327 5371 enim
1352 5318 1447 5372 Dei
1480 5331 1719 5374 sanctum
1740 5330 1837 5387 est,
1861 5322 2001 5391 quod
2027 5324 2141 5375 estit

2258 5323 2422 5387 Θεόςο
2450 5322 2483 5375 ὁ
2522 5321 2634 5391 γὰρ
2661 5318 2808 5385 ναὸς
2836 5318 2942 5373 τοῦ
2987 5319 3137 5374 Θεοῦ
3173 5317 3341 5387 ἅγιός
3386 5316 3575 5381 ἐστιν,
3608 5306 3815 5374 οἵτινές

580 5403 747 5455 υοε⁷¹.

2255 5416 2396 5472 ἐστε
2420 5413 2609 5484 ὑμεῖς.

791 5497 920 5553 (ΖΜ).
963 5498 1046 5553 Vl.
1087 5499 1148 5556 Si
1187 5518 1373 5571 corpus
1414 5513 1607 5557 natura
1653 5503 1881 5568 malum,
1923 5505 2393 5573 sanctiﬁcationem
2434 5524 2539 5561 non
2583 5506 2788 5573 recipit.
2830 5502 3033 5569 Corpus
3065 5501 3392 5571 sanctiﬁcari
3424 5507 3608 5571 pateat.

654 5588 758 5643 Sed
807 5598 861 5643 et
921 5590 974 5645 in
1033 5591 1271 5662 Epistula
1321 5593 1389 5649 ad
1438 5592 1968 5662 Thessalonicenses,
1996 5596 2138 5651 idem

2314 5595 2479 5649 Ἀλλὰ
2495 5595 2592 5649 καὶ
2609 5596 2666 5648 ὲν
2693 5596 2761 5666 τῇ
2786 5595 2922 5665 πρὸς
2947 5592 3373 5657 Θεσσαλονικέας
3403 5594 3432 5645 ὁ
3463 5590 3623 5652 αὐτὸς
3664 5584 3815 5641 ’Λπόιι

652 5743 698 5774 ⁸⁵³
737 5742 1131 5818 let‘eni_.tv,22.
1179 5748 1255 5818 A“
1291 5746 1716 5810 Joan.xvn,12.
1795 5748 1839 5818 93
1882 5749 2069 5803 Matth.
2118 5767 2171 5810 κ,
2211 5750 2297 5806 l6.
2376 5750 2421 5782 “
2462 5748 2618 5807 Ilom.
2653 5762 2771 5818 VIII,
2799 5751 2851 5804 5.

3439 5750 3483 5783 ’⁸
3523 5749 3540 5803 Ι
3571 5746 3695 5804 C07.
3724 5758 3811 5807 νην

582 5808 672 5865 5t.
750 5814 794 5845 ου
837 5815 1001 5871 lCor.
1032 5834 1100 5872 γε.
1131 5816 1219 5873 20.
1296 5820 1342 5850 το
1385 5820 1511 5874 ibid.
1545 5808 1627 5875 I9.
1703 5820 1747 5851 τι
1792 5817 1960 5875 ιαυιι.
2000 5836 2079 5886 ιιι,
2128 5808 2213 5877 t7.

2930 5751 2972 5783 ⁶⁷
3012 5748 3169 5805 Rom.
3210 5765 3283 5814 τι,
3324 5749 3382 5804 5.
