4034 6388
320 365 343 418 1
352 365 456 421 093

1550 364 1832 420 CONTRA
1871 359 2319 418 MANICHIEOS.

3424 361 3563 420 1094

320 479 503 541 στολος
531 477 749 550 γράφει·
774 478 1030 546 ’ὉδΘεὸς
1052 481 1164 551 τῆς
1191 483 1439 551 εἰρήνης
1465 482 1707 551 ἁγιάσαι
1734 477 1887 549 ὑμᾶς

1992 476 2278 546 Apostolus
2302 473 2493 532 scribit
2514 474 2558 504 ⁷¹
2588 489 2602 526 :
2631 472 2769 528 Deus
2799 475 2944 543 pacis
2970 476 3254 541 sanctiﬁcet
3280 492 3365 530 vos
3387 485 3524 531 totos
3542 492 3562 532 :

318 569 639 636 ὁλοτελεῖς,
673 572 769 624 καὶ
801 573 1138 641 ὁλόκληρον
1179 572 1347 642 ὑμῶν
1383 573 1450 626 τὸ
1482 573 1744 641 Πνεῦμα,
1788 571 1889 624 καὶ

316 663 356 730 ἠ
386 660 581 729 ψυχὴ,
612 660 711 714 καὶ
745 661 809 714 τὸ
840 660 1012 731 σῶμα
1044 664 1359 732 ἀμέμπτως
1381 664 1451 717 ἐν
1478 663 1551 730 τῇ
1590 665 1889 732 παρουσίᾳ

316 753 422 806 τοῦ
460 754 682 820 Κυρίου
718 753 887 822 ἡμῶν
925 754 1130 823 Ἰησοῦ
1181 757 1439 828 Χριστοῦ
1488 755 1885 824 διατηρηθείη.

317 841 442 904 Πῶς
469 840 579 912 γὰρ
610 842 867 906 ὁλοτελῶς
894 844 1221 916 ἁγιασθῆναι
1242 888 1256 913 ,
1291 847 1385 901 καὶ
1423 845 1712 915 ὁλόκληρον
1746 844 1889 914 ἔχειν

316 950 399 991 τις
428 933 488 987 τὸ
527 935 685 1005 σῶμα
730 937 925 990 ἑαυτοῦ
974 937 1219 1002 δύναται,
1264 941 1311 991 εί
1338 938 1399 992 τὸ
1431 939 1587 1007 σῶμα
1620 939 1692 1009 μὴ
1717 939 1889 1006 πέφυ-

316 1041 433 1088 κεν,
467 1026 633 1079 κακὸν
670 1027 763 1091 ὃν,
804 1027 1157 1095 ἀγιάζεσθαι;
1200 1030 1263 1083 Εἰ
1301 1030 1409 1100 γὰρ
1438 1031 1604 1085 κακον
1634 1032 1698 1100 τῇ
1730 1030 1888 1099 φύσει

315 1115 492 1179 τοῦτο,
522 1117 583 1169 ού
612 1117 854 1172 δεκτικὸν
902 1120 1200 1191 ἀγιασμοῦ·
1236 1124 1289 1175 εί
1334 1122 1391 1175 δὲ
1421 1123 1634 1193 δέχεται
1666 1123 1728 1174 τὸ
1749 1124 1886 1189 ἀγα-

318 1205 429 1271 θὸν,
461 1206 617 1276 δῆλον
644 1209 725 1261 ὅτι
763 1211 821 1262 οὐ
859 1210 1245 1280 φύσειικακὸν,
1282 1212 1525 1266 δεκτικὸν
1556 1212 1614 1265 ὃν
1658 1213 1884 1281 ἀγαθοῦ.

316 1297 390 1349 Τὸ
414 1298 522 1369 γὰρ
554 1300 620 1369 τῇ
653 1299 812 1368 φύσει
838 1302 1025 1367 κακὸν,
1060 1303 1411 1357 ἀνεπίδεκτον
1432 1303 1657 1372 ἀγαθοῦ.
1679 1304 1887 1373 Ὥσπερ

314 1388 377 1442 τὸ
405 1388 563 1459 φύσει
596 1390 820 1460 ἀγαθὸν,
854 1393 1207 1448 ἀνεπίδεκτον
1231 1395 1425 1449 κακοῦ.

1989 577 2040 621 et
2069 569 2296 636 .integer
2349 575 2515 620 vester
2542 564 2760 633 spiritus
2804 576 2852 619 et
2904 567 3081 620 anima
3106 578 3156 620 et
3189 583 3373 636 corpus
3417 567 3564 620 nulla

1988 661 2222 714 criminis
2251 659 2366 713 labe
2387 660 2441 713 in
2467 659 2690 712 adventu
2720 657 2935 712 Domini
2966 660 3132 712 nostri
3179 658 3310 713 Iesu
3362 659 3564 714 Christi

1988 762 2239 805 servetur.
2280 749 2562 817 Quomodo
2586 750 2730 804 enim
2762 766 2830 804 ex
2872 758 2982 805 toto
3004 750 3333 805 sanctiﬁcari
3386 760 3566 816 potest

1990 840 2209 908 aliquis,
2245 850 2299 894 et
2323 844 2588 910 integrum
2619 839 2821 894 habere
2870 856 3067 910 corpus
3104 854 3259 895 suum
3289 856 3305 906 ;
3356 841 3401 896 si
3436 842 3561 910 qui-

1990 931 2110 985 dem
2139 932 2375 1000 corpori,
2405 946 2524 985 cum
2551 932 2750 985 malum
2782 932 2873 998 sit,
2911 946 2939 984 a
2968 943 3162 986 natura
3188 941 3559 1001 comparatum

1988 1033 2097 1086 est,
2130 1033 2189 1077 ιιι
2220 1023 2547 1078 sanctiﬁcari
2581 1039 2687 1078 non
2720 1023 2927 1092 possit?
2951 1024 3085 1079 Nam
3130 1024 3177 1078 si
3230 1039 3429 1093 corpus
3470 1039 3565 1077 na-

1991 1125 2112 1169 tura
2140 1116 2339 1169 malum
2367 1125 2472 1178 est,
2503 1131 2609 1170 non
2636 1117 2784 1187 capit
2821 1125 2879 1170 ut
2906 1115 3300 1172 sanctiﬁcetur.
3343 1115 3400 1170 Si
3436 1131 3566 1171 vero

1991 1202 2183 1270 recipit
2215 1203 2439 1269 bonum,
2479 1202 2645 1270 liquet
2680 1220 2782 1258 non
2815 1219 2935 1259 esse
2958 1214 3151 1258 natura
3181 1203 3404 1271 malum,
3440 1218 3564 1259 cum

1987 1291 2115 1345 boni
2148 1307 2320 1360 capax
2345 1293 2435 1346 sit.
2471 1292 2602 1346 Nam
2634 1295 2777 1363 quod
2810 1303 2897 1349 est
2927 1303 3124 1348 natura
3173 1294 3398 1359 malum,
3445 1294 3561 1347 ﬁeri

1989 1395 2095 1433 non
2123 1389 2301 1449 potest
2328 1390 2385 1434 ut
2414 1382 2612 1437 bonum
2649 1381 2900 1448 recipiat;
2935 1382 3077 1436 sicut
3126 1395 3313 1436 rursus
3361 1387 3423 1435 ut
3468 1378 3567 1433 bo-

1886 1500 1890 1505 -
1990 1486 2118 1524 num
2149 1481 2366 1538 natura,
2395 1471 2593 1526 malum
2635 1474 2882 1542 recipiat.

381 1562 586 1635 Γράφει
615 1564 673 1617 ὲν
690 1563 850 1637 ἑτέρᾳ
876 1565 1203 1637 Ἐπιστολῇὸ
1226 1565 1384 1631 αὐτὸς
1421 1566 1736 1631 Ἀπόστολος
1754 1569 1886 1637 πρός

315 1670 463 1717 τινας
485 1672 498 1685 ·
527 1657 951 1725 Καθαρίσωμεν
994 1655 1247 1722 ἑαυτοὺς
1284 1657 1403 1711 ἀπὸ
1436 1656 1658 1723 παντὸς
1695 1664 1886 1726 μολυ-

316 1745 475 1814 σμοῦ
512 1747 732 1815 σαρκὸς
767 1748 865 1799 καὶ
889 1747 1248 1815 πνεύματος,
1273 1747 1692 1813 ἐπιτελοῦντες
1718 1748 1887 1817 ἁγιω-

2061 1560 2264 1615 Scribit
2293 1561 2344 1615 in
2384 1562 2489 1615 alia
2538 1563 2776 1631 Epistola
2810 1564 2949 1617 idem
2980 1562 3272 1631 Apostolus
3301 1562 3367 1617 ad
3401 1576 3565 1633 quos-

1989 1650 2111 1705 dam
2144 1667 2159 1705 :
2192 1651 2509 1707 Mundemus
2530 1670 2622 1707 nos
2668 1654 2732 1707 ab
2772 1655 2917 1707 omni
2953 1656 3344 1724 inquinamento
3389 1655 3563 1707 carnis

1992 1754 2039 1796 et
2098 1745 2334 1809 spiritus,
2384 1746 2709 1814 perﬁcientes
2768 1748 3242 1816 sanctiﬁcationem
3290 1749 3347 1800 in
3382 1748 3565 1800 timore

315 1819 516 1905 οῖύνην
546 1839 615 1891 ἐν
650 1840 811 1906 φόϐῳ
855 1838 1002 1892 Θεοῦ
1022 1855 1035 1868 ·
1069 1838 1282 1901 δεικνὺς
1326 1839 1418 1891 καὶ
1442 1838 1531 1891 διὰ
1559 1838 1763 1909 ταύτης
1788 1839 1887 1908 τῆς

1992 1832 2085 1887 Dei
2103 1834 2170 1887 ⁷⁸.
2202 1834 2315 1901 Qua
2346 1836 2461 1906 ipsa
2498 1850 2630 1892 voce
2665 1851 2730 1891 ac
2778 1838 3029 1906 loquendi
3086 1837 3259 1893 forma
3301 1839 3561 1899 ostendit,

316 1927 531 1994 λέξεως.
565 1929 640 1993 ὡς
688 1929 929 1999 πέφυκεν
974 1930 1068 1983 καὶ
1114 1931 1147 2001 ἡ
1203 1929 1339 2000 σὰρξ
1381 1929 1736 2001 καθαίρεσθαι
1781 1929 1889 1983 τῶν

317 2019 781 2090 προσαπτομένων
811 2020 949 2092 αὐτῇ
987 2019 1048 2085 ἐξ
1080 2021 1350 2092 ἁμαρτίας
1386 2021 1698 2091 μολυσμῶν.
1726 2020 1890 2075 Ἀλλὰ

317 2112 410 2162 καὶ
428 2111 488 2162 τὸ
514 2110 728 2181 πνεῦμα
751 2112 847 2165 καὶ
877 2113 910 2183 ή
938 2111 1106 2184 ψυχή·
1140 2114 1189 2165 εἰ
1220 2113 1277 2165 δὲ
1301 2114 1334 2184 ἡ
1370 2111 1506 2184 σὰρξ
1539 2114 1659 2165 κατ’
1700 2113 1888 2166 οὐσίαν

317 2194 382 2270 ἦν
415 2198 605 2263 κακὸν,
629 2199 804 2252 καὶτὸ
833 2199 1051 2270 πνεῦμα
1078 2202 1197 2254 κατ’
1221 2201 1408 2256 οὐσίαν
1439 2200 1663 2269 ἀγαθὸν,
1692 2202 1801 2255 οὐδ’
1824 2202 1888 2257 ἂν

317 2289 377 2343 τὸ
417 2289 631 2360 πνεῦμα
669 2289 938 2360 μολυσμὸν
986 2284 1152 2361 εἶχεν,
1191 2290 1315 2345 οὔτε
1378 2293 1486 2364 μὴν
1529 2294 1562 2364 ἡ
1605 2292 1741 2364 σὰρξ
1782 2293 1890 2347 ἀπὸ

318 2379 596 2451 μολυσμοῦ
630 2379 972 2452 ὲκαθαίρετο.
1010 2381 1342 2452 Προστάττει
1371 2382 1428 2435 δὲ
1458 2384 1695 2455 ἑκάτερα
1722 2383 1891 2437 καθᾶ-

318 2486 410 2543 ραι
454 2472 563 2526 ἀπὸ
622 2472 917 2543 μολυσμοῦ,
964 2472 1136 2541 λέγων
1179 2475 1273 2527 καὶ⁹
1303 2474 1394 2528 τὸν
1423 2476 1625 2547 τρόπον
1662 2476 1762 2546 τῆς
1795 2494 1891 2530 κα-

318 2566 582 2639 θάρσεως.
616 2568 1059 2633 Ἐπιτελοῦντες
1085 2569 1213 2642 γὰρ,
1240 2569 1424 2641 φησὶν,
1464 2572 1892 2641 ἀγιωσύνηνὲν

318 2660 476 2729 φόϐῳ
509 2660 676 2715 Θεοῦ.
725 2658 800 2714 Εὖ
830 2661 886 2714 δὲ
932 2662 1023 2714 καὶ
1065 2662 1127 2714 τὸ
1171 2664 1367 2714 εἰπεῖν·
1396 2663 1493 2716 Ἐν
1515 2665 1678 2732 φόϐῳ
1718 2664 1887 2718 Θεοῦο

318 2750 527 2813 δεικνὺς
550 2750 612 2803 τὸ
636 2751 875 2820 ὑπήκοον
908 2750 1052 2821 ἔχειν
1075 2749 1134 2816 ἐξ
1162 2752 1364 2817 αὐτῶν,
1392 2754 1485 2807 καὶ
1517 2755 1616 2808 οὐκ
1646 2755 1705 2819 ἐξ
1728 2756 1893 2823 ἀνάγ-

319 2856 441 2908 κης.
481 2842 542 2893 Εἰ
566 2841 623 2894 δὲ
656 2842 1033 2906 ἐπιτελοῦντες
1081 2844 1392 2914 ἁγιωσύνην
1426 2846 1484 2897 ὲν
1534 2845 1683 2916 φόϐῳ
1731 2845 1889 2909 Θεοῦ,

318 2931 650 3003 καθαίρομεν
678 2932 774 3005 τὴν
809 2933 1018 2988 ἑαυτῶν
1049 2935 1228 3006 σάρκα
1260 2936 1370 2989 ἀπὸ
1405 2936 1681 3006 μολυσμοῦ
1706 2939 1801 2989 καὶ
1829 2936 1892 2989 τὸ

320 3024 556 3094 πνεῦμα·
591 3023 778 3095 δῆλον,
822 3026 903 3079 ὅτι
943 3025 1303 3097 ἐγγινομένης
1332 3029 1391 3079 ὲν
1419 3028 1550 3097 ἡμῖν
1575 3027 1674 3097 τῆς
1725 3027 1892 3096 ἁγιω-

319 3114 484 3186 σύνης
519 3116 676 3170 τοῦτο
697 3117 926 3186 γίνεται.
963 3119 1170 3189 Ὥσπερ
1205 3118 1311 3188 γὰρ
1328 3116 1644 3188 καθαίρεται
1673 3118 1892 3186 ἀγνοίας

319 3192 486 3278 ψύχὴ,
546 3208 641 3261 καὶ
678 3209 1050 3281 ἀδικημάτων,
1109 3207 1379 3280 παρουσίᾳ
1434 3210 1741 3279 ἐπιστήμης
1796 3208 1891 3260 καὶ

320 3297 659 3369 δικαιοσύνης
719 3300 777 3371 (ἡ
820 3301 932 3373 γὰρ
980 3301 1236 3371 ἀποφυγὴ
1285 3300 1386 3369 τῆς
1447 3300 1644 3361 κακίας
1688 3298 1931 3369 ἀρετῆς

319 3390 520 3445 εἴσοδον
558 3392 853 3462 ἐργάζεται
892 3395 957 3446 ὲκ
989 3392 1082 3445 τοῦ
1129 3392 1419 3463 ὲναντίου)·
1469 3392 1641 3455 οὕτως
1683 3410 1891 3464 παρου-

320 3480 411 3551 σίᾳ
444 3482 715 3551 ἀγιασμοῦ
744 3483 1063 3554 καθαίρεται
1108 3484 1142 3554 ἡ
1186 3483 1323 3554 σὰρξ
1374 3483 1650 3554 μολυσμοῦ
1692 3487 1787 3538 καὶ
1832 3484 1892 3537 τὸ

319 3572 557 3643 πνεῦμα.
604 3573 829 3646 Πνεῦμα
896 3576 953 3628 δὲ
997 3577 1054 3629 ὲν
1110 3575 1320 3639 τούτοις
1369 3577 1468 3647 τὴν
1516 3577 1693 3648 ψυχὴν
1722 3577 1888 3645 λέγει,

319 3661 506 3735 ὥσπερ
538 3665 630 3717 καὶ
656 3666 713 3717 ὲν
741 3668 859 3729 ταῖς
894 3665 1159 3739 Πράξεσιν
1194 3665 1303 3718 τῶν
1332 3666 1644 3720 ἀποστόλων
1687 3669 1894 3736 Στέφα-

319 3768 409 3814 νος
440 3754 468 3804 ὁ
489 3753 782 3817 ἀπόστολος
808 3754 1262 3826 καταλευόμενος,
1287 3757 1380 3808 καὶ
1412 3756 1621 3826 μέλλων
1655 3758 1893 3829 ἀποθνή-

321 3859 495 3907 σκειν,
541 3839 691 3897 εἶπεν
739 3845 1047 3915 εὐχόμενοςο
1103 3847 1280 3913 Κύριε
1330 3848 1558 3916 Ἰησοῦ,
1611 3848 1778 3913 δέξαι
1828 3849 1893 3902 τὸ

320 3931 558 4002 πνεῦμὰ
582 3951 723 4002 μου.
764 3936 898 3989 Οὐδὲ
927 3937 1036 4007 γὰρ
1073 3936 1201 3991 ἄλλο
1236 3956 1290 3992 τι
1318 3939 1377 3993 ὲν
1405 3940 1614 4005 τούτοις
1640 3942 1792 4010 ἔλεγε
1835 3940 1895 3994 τὸ

321 4020 538 4093 πνεῦμα
558 4023 772 4090 ἑαυτοῦ,
803 4024 837 4097 ἦ
860 4024 959 4098 τὴν
988 4025 1187 4099 ψυχήν.

393 4196 457 4265 Ei
480 4194 572 4269 οὖν
594 4198 682 4251 διὰ
699 4199 955 4253 πλειόνων
979 4202 1012 4272 ἡ
1038 4200 1174 4272 σὰρξ
1205 4204 1299 4256 καὶ
1326 4205 1385 4258 τὸ
1414 4180 1654 4279 πνεῦμα,
1686 4208 1773 4261 ὁτὲ
1799 4210 1897 4278 μὲν

324 4288 619 4361 ἁμαρτίας,
671 4291 760 4343 ὁτὲ
802 4291 859 4344 δὲ
906 4294 1200 4366 ἀγιασμοῦ,
1236 4297 1330 4350 καὶ
1365 4298 1503 4370 πρὸς
1544 4299 1606 4352 τὸ
1656 4299 1897 4366 δοξάζειν

321 4380 413 4434 τὸν
439 4381 569 4434 Θεὸν
597 4381 787 4452 ἔχοντα
818 4384 1067 4453 λέγεται·
1101 4388 1251 4441 οὐδὲν
1287 4387 1491 4443 τούτων
1514 4390 1674 4459 φύσει
1707 4394 1896 4458 κακὸν,

1988 1927 2137 1980 carni
2195 1942 2410 1997 quoque
2448 1940 2816 1998 comparatum
2869 1946 3009 1993 esse,
3040 1940 3099 1985 ut
3133 1934 3462 1986 emundetur
3494 1932 3563 1985 ab

1989 2017 2409 2087 inquinamentis
2453 2035 2571 2090 qua!
2602 2037 2668 2076 ex
2693 2032 2913 2092 peccato
2944 2023 3015 2077 illi
3052 2024 3371 2080 inolescunt.
3402 2023 3566 2079 Simi-

1988 2108 2112 2163 liter
2138 2110 2190 2163 in
2227 2110 2418 2177 spiritu
2445 2121 2498 2166 et
2532 2113 2736 2167 anima.
2789 2112 2940 2180 Quod
2988 2115 3033 2169 si
3087 2131 3217 2170 caro
3266 2116 3562 2170 secundum

1988 2200 2347 2255 substantiam
2383 2212 2530 2257 esset
2555 2202 2716 2265 mala,
2747 2212 2801 2258 et
2824 2204 3046 2273 spiritus
3088 2208 3380 2260 secundum
3434 2206 3565 2259 sub-

1989 2288 2247 2346 stantiam
2281 2304 2429 2348 esset
2464 2296 2669 2360 bonus;
2705 2310 2881 2363 neque
2922 2296 3142 2365 spiritus
3187 2297 3563 2365 inquinamen-

1992 2389 2102 2434 tum
2145 2381 2388 2447 haberet,
2415 2398 2591 2453 neque
2621 2400 2750 2439 vero
2779 2400 2904 2439 caro
2927 2388 3317 2441 emumlarctur
3363 2388 3431 2441 ab
3477 2388 3562 2440 in-

1990 2473 2322 2538 quinatione.
2383 2474 2631 2543 Praecipit
2687 2486 2867 2530 autem
2920 2488 3214 2547 utrumque
3266 2478 3567 2533 emundare

1991 2564 2521 2633 abinquinameuto;
2558 2569 2776 2621 modum
2832 2568 2994 2622 etiam
3026 2571 3210 2623 dicens
3239 2584 3348 2637 quo
3384 2572 3453 2623 sit
3478 2568 3581 2622 fu--

1994 2663 2110 2707 tura
2145 2656 2439 2710 mundatio.
2470 2656 2561 2709 Ait
2585 2671 2818 2725 namque
2844 2675 2858 2711 :
2894 2655 3230 2725 Per/icientes
3255 2658 3568 2727 sanctiﬁca-

1991 2746 2182 2798 tionem
2214 2745 2270 2797 in
2297 2745 2483 2799 timore
2517 2745 2633 2800 Dei.
2681 2747 2811 2800 Illud
2843 2763 2971 2803 vero
3003 2749 3167 2803 etiam
3215 2759 3377 2813 recte,
3421 2751 3566 2820 quod

1991 2840 2085 2903 ait,
2138 2842 2193 2893 in
2252 2842 2436 2894 timore
2485 2840 2604 2905 Dei,
2659 2850 2715 2895 ut
2766 2844 3037 2906 ostendat,
3087 2844 3288 2897 habere
3316 2860 3380 2898 ex
3412 2859 3471 2898 se
3509 2854 3569 2897 ttt

1991 2931 2270 2992 obediant,
2299 2939 2353 2982 et
2388 2945 2492 2983 non
2533 2947 2599 2985 ex
2627 2934 2968 2986 necessitate.
3004 2932 3154 2998 Quod
3195 2934 3239 2987 si
3281 2935 3568 3002 perlicien-

1992 3029 2075 3075 tes
2111 3020 2592 3075 sanctiﬁcatiouem
2624 3023 2673 3074 in
2701 3022 2892 3076 timore
2912 3022 3025 3088 Dei,
3060 3025 3419 3077 emundamus
3453 3040 3569 3079 car-

1996 3126 2115 3165 nem
2155 3120 2397 3165 nostram
2450 3119 2505 3165 et
2553 3112 2801 3181 spiritum
2834 3114 2902 3167 ab
2950 3114 3355 3183 inquinatione;
3386 3116 3567 3183 palam

1996 3214 2079 3259 est
2109 3205 2405 3259 accedente
2430 3205 2583 3259 nobis
2611 3204 2903 3260 sanctitate
2927 3206 3067 3258 istud
3100 3206 3365 3274 praestari.
3416 3205 3571 3261 Sicut

1990 3298 2132 3353 enim
2161 3297 2375 3350 animus
2399 3297 2468 3351 ab
2502 3297 2801 3366 ignorantia
2832 3312 2895 3352 ac
2935 3295 3209 3363 injustitiis
3250 3307 3571 3367 repurgatur

1991 3407 2052 3447 ea
2085 3392 2312 3454 ratione,
2344 3390 2491 3460 quod
2553 3390 2776 3443 scientia
2804 3399 2858 3442 et
2903 3387 3110 3457 iustitia
3134 3388 3234 3456 ,illi
3284 3389 3572 3442 adveniant

1993 3482 2137 3553 (fuga
2187 3483 2329 3537 enim
2389 3482 2526 3549 vitii,
2551 3497 2580 3535 a
2619 3482 2892 3537 contrario
2921 3481 3105 3535 virtuti
3139 3480 3344 3534 aditum
3382 3478 3565 3549 facit),

1992 3577 2071 3630 sic
2097 3574 2545 3630 sanctiﬁcationis
2568 3574 2825 3638 adventu,
2851 3588 2980 3629 caro
3005 3583 3060 3628 et
3101 3573 3324 3642 spiritus
3378 3574 3446 3629 ab
3487 3574 3571 3626 iu-

1993 3666 2342 3735 quinamento
2369 3665 2676 3719 mundatur.
2711 3664 2808 3720 ilic
2833 3675 3013 3719 autem
3045 3665 3291 3735 spiritum
3337 3666 3573 3719 animam

1994 3757 2278 3825 signiﬁcat,
2310 3759 2628 3812 sicutetiam
2666 3759 2717 3811 in
2761 3760 2985 3813 Artibus
3023 3759 3386 3829 apostolorum
3444 3759 3573 3813 Stea

1994 3846 2205 3915 phauus
2262 3848 2536 3917 apostolus
2577 3851 2701 3901 dum
2751 3848 3101 3917 lapidaretur,
3152 3858 3202 3903 et
3232 3863 3399 3919 prope
3428 3860 3576 3903 esset

1995 3936 2312 4000 moriturus,
2344 3938 2591 4006 precibus
2620 3941 2687 3992 ad
2720 3939 2883 3993 Deum
2922 3941 3096 3994 dixit:
3150 3940 3370 3994 Domine
3419 3940 3574 4005 Jesu,

1970 4027 2197 4093 suscipe
2229 4027 2470 4095 spiritum
2495 4026 2747 4087 meum".
2778 4028 2891 4082 Non
2919 4030 3062 4083 enim
3092 4029 3195 4085 illis
3226 4031 3403 4084 verbis
3432 4030 3575 4084 aliud

1996 4113 2268 4182 quidpiam
2305 4115 2551 4184 spiritum
2582 4132 2737 4171 suum
2772 4118 3003 4183 dicebat,
3036 4134 3195 4187 quam
3227 4120 3483 4173 animam.

2072 4205 2204 4260 Cum
2234 4205 2396 4276 igitur
2427 4208 2671 4277 pluribus
2701 4210 2831 4264 locis
2863 4226 2993 4266 caro
3022 4220 3077 4264 et
3118 4212 3359 4279 spiritus,
3395 4225 3573 4279 quan-

1999 4296 2173 4366 doque
2203 4299 2407 4366 peccati
2441 4299 2712 4365 dicantur,
2745 4304 3067 4373 quandoque
3108 4301 3569 4367 sanctiﬁcationis,

1998 4394 2055 4440 et
2117 4396 2424 4454 comparata
2498 4389 2563 4440 ad
2612 4388 2778 4441 Deum
2832 4390 3264 4457 glorilicandum,
3326 4398 3572 4441 neutrum

323 4472 358 4543 ἢ
397 4473 596 4541 ἀγαθόν
621 4476 788 4530 ἐστιν’
812 4477 925 4530 ἀλλ’
949 4478 1310 4543 αὐτεξουσίως
1332 4482 1606 4553 ἑκατέρων
1626 4482 1892 4537 δεκτικόν·

2002 4479 2237 4547 ipsorum
2292 4488 2481 4532 natura
2535 4479 2733 4533 malum
2779 4482 2852 4535 sit
2901 4493 2992 4534 aut
3028 4483 3256 4544 bomun;
3296 4479 3389 4533 sed
3424 4479 3571 4548 ejus.

322 4565 357 4635 ἦ
398 4564 548 4637 παρὰ
586 4568 685 4639 τὴν
725 4570 920 4640 χρῆσιν
954 4571 1046 4623 τοῦ
1084 4571 1297 4641 ἔχοντος
1330 4573 1435 4627 ἀνά
1461 4575 1625 4645 μέρος
1661 4575 1893 4645 δέχεται,

323 4658 414 4710 ὁτὲ
444 4660 541 4729 μὲν
571 4660 846 4733 ἁμαρτίας
886 4658 1048 4726 εἶναι,
1081 4664 1171 4716 ὁτὲ
1208 4664 1265 4718 δὲ
1287 4666 1599 4737 ἀγιασμοῦ;
1630 4667 1692 4719 Ei
1725 4666 1781 4720 δὲ
1803 4667 1900 4720 καὶ⁹

324 4749 386 4800 τὸ
434 4750 594 4819 ῥητὸν
615 4753 953 4820 ἀγνοοῦντες,
997 4755 1087 4824 ἀφ’
1120 4749 1181 4809 οὗ
1218 4758 1581 4828 προφέρουσιν
1628 4758 1901 4829 ἁμαρτίας

327 4835 581 4911 εἶναιτὴν
600 4843 797 4913 σάρκα,
828 4843 988 4897 τοῦτο
1020 4845 1330 4916 νομίζουσιν
1351 4864 1365 4877 ο
1413 4848 1527 4901 ἀλλ’
1577 4850 1736 4919 ἡμεῖς
1780 4850 1900 4902 ὅλον

326 4930 461 4983 αὐτὸ
484 4931 719 5002 θέμενοι,
755 4933 851 5006 τὴν
877 4935 1112 4991 διάνοιαν
1137 4938 1378 5010 φανερὰν
1406 4941 1726 5011 ποιήσομεν.
1748 4942 1899 5011 Ἔχει

326 5020 385 5073 δὲ
406 5021 598 5087 οὕτως.

2005 4568 2168 4630 modi,
2196 4576 2255 4621 ut
2279 4566 2447 4621 libera
2467 4568 2743 4623 voluntate
2767 4579 3054 4638 utrumque
3081 4570 3317 4637 recipere
3332 4569 3570 4638 possint:

1997 4669 2176 4710 nonne
2220 4669 2285 4709 ex
2331 4657 2448 4724 ejus
2486 4656 2577 4725 qui
2630 4657 2823 4712 habeat
2866 4674 2986 4723 usu,
3039 4657 3311 4727 sigillatim
3351 4668 3453 4721 est,
3517 4666 3577 4713 ut

1999 4748 2155 4802 modo
2183 4746 2411 4815 peccati,
2449 4745 2605 4800 modo
2631 4745 3074 4801 sanctiﬁcationis
3116 4747 3401 4802 dicantur?
3422 4746 3576 4815 Quod

1998 4838 2043 4892 si
2076 4838 2245 4906 ipsam
2279 4850 2493 4905 quoque
2526 4836 2900 4891 auctoritatem
2924 4837 3250 4905 nescientes,
3286 4830 3426 4893 unde
3452 4853 3579 4906 pro-

1998 4926 2176 4981 ferunt
2226 4940 2345 4981 esse
2390 4941 2611 4981 carnem
2672 4927 2902 4994 peccati,
2958 4928 3031 4980 ita
3089 4928 3435 4992 existimant;
3479 4944 3579 4983 nos

1996 5019 2272 5070 enimvero
2297 5016 2555 5083 integram
2587 5030 2705 5070 eun
2738 5030 3016 5085 ponentes,
3069 5018 3405 5086 perspicuam
3459 5020 3580 5071 red-

1998 5108 2186 5161 demus
2212 5108 2553 5162 senteutiam.
2587 5105 2678 5161 Sic
2703 5115 2880 5160 autem
2911 5108 3091 5162 habet.

400 5191 529 5248 Car.
569 5192 678 5248 VII.
719 5193 956 5252 Christus
999 5214 1094 5251 cur
1131 5213 1196 5252 ea:
1237 5199 1431 5268 virgine
1487 5198 1671 5253 ortus?
1716 5195 1885 5278 Locus
1931 5196 2169 5277 Apostoli
2218 5197 2276 5278 in
2317 5195 2645 5253 Manio/laws
2691 5209 2927 5253 vexatus.
2979 5197 3287 5253 Similitudo
3333 5199 3508 5252 carnis

1613 5276 1845 5336 peccati,
1876 5283 1939 5321 ea:
1976 5276 2116 5320 coitu
2151 5276 2290 5339 orta,

411 5356 475 5409 Ὀ
517 5353 662 5419 Θεὸς
699 5356 808 5410 τὸν
841 5357 978 5411 Υἱὸν
1001 5357 1219 5413 ἑαυτοῦ
1250 5357 1492 5429 πέμψας
1513 5359 1583 5414 ἐν
1609 5359 1896 5430 ὁμοιώμα-

330 5464 384 5502 τι
424 5446 653 5515 σαρκὸς
682 5446 995 5515 ἁμαρτίας,
1048 5450 1181 5519 περὶ
1223 5450 1511 5519 ἁμαρτίας
1555 5449 1902 5518 κατέκρινεν

329 5540 444 5609 τὴν
467 5538 758 5609 ἁμαρτίαν
785 5540 854 5593 ὲν
872 5538 943 5608 τῇ
966 5542 1164 5610 σαρκί.
1202 5543 1267 5595 Ὃ
1292 5542 1438 5610 λέγει
1460 5540 1699 5596 τοιοῦτόν
1726 5543 1894 5596 ἐστιν.

2079 5358 2218 5411 Deus
2243 5340 2447 5411 Filium
2479 5375 2632 5413 suum
2654 5361 2866 5412 mittens
2898 5360 2950 5412 in
2978 5357 3373 5412 similitudinem
3400 5361 3578 5412 carnis

2006 5450 2224 5518 peccati,
2257 5450 2321 5502 de
2352 5461 2561 5517 peccato
2603 5450 2869 5503 damnavit
2919 5462 3186 5517 peccatum
3233 5449 3288 5501 in
3337 5447 3575 5499 carne".

2005 5542 2156 5607 Quod
2188 5540 2345 5607 dicit,
2379 5541 2642 5612 ejusmodi
2674 5551 2777 5597 est.
2826 5540 3077 5597 Omnium
3129 5539 3400 5595 hominum
3447 5550 3577 5591 caro

404 5784 449 5818 "
488 5782 507 5839 1
566 5783 757 5842 Thess.
804 5800 855 5854 ν,
910 5784 1003 5842 23.
1042 5784 1088 5817 "
1129 5781 1172 5839 ll
1201 5784 1328 5841 Cor.
1376 5800 1471 5849 vn,
1528 5784 1578 5839 l.
1654 5782 1701 5817 ⁷⁵
1741 5781 1862 5843 Act.
1907 5787 2114 5855 "1,58.
2188 5784 2655 5854 "'..Rom.v111,5.
