4034 6426
448 418 586 476 1095

446 557 514 596 ex
557 533 938 604 conjunctione
979 529 1082 585 viri
1145 539 1204 585 et
1260 525 1474 582 feminae
1518 520 1751 584 exsistit,
1801 523 2026 584 excepta
2055 521 2105 577 Α

447 643 612 686 carne
643 625 801 698 primi
829 625 1066 693 parentis
1085 630 1140 674 et
1163 633 1228 675 ea
1254 633 1414 688 quam
1440 615 1685 672 Christus
1715 606 2024 676 assumpsit.

451 721 566 777 Non
622 719 766 772 enim
816 715 920 770 alia
971 715 1177 769 ratione
1223 710 1459 768 hominis
1515 720 1712 776 corpus
1739 700 2026 763 exstiterit,

453 812 554 868 nisi
582 806 850 864 masculus
876 815 930 860 et
956 805 1153 859 femina
1171 803 1521 856 misceantur.
1564 796 1733 865 Igitur
1755 793 1882 863 quia
1911 789 2034 844 Sal-

453 914 611 958 vator
639 916 704 955 ex
737 899 849 956 sola
874 897 1096 969 Virgine
1112 911 1308 966 corpus
1334 891 1647 959 assumpsit,
1672 886 1813 958 quod
1831 899 1898 937 ex
1925 896 2030 936 non

454 996 598 1052 cnitu
651 991 971 1063 principium
1029 989 1212 1052 duxit;
1267 987 1469 1040 idcirco
1521 994 1741 1037 carnem
1795 972 2030 1036 Domini,

454 1087 570 1149 ejus
597 1084 776 1139 carnis
810 1097 928 1151 quae
953 1096 1018 1135 ex
1055 1079 1198 1132 coitu
1231 1087 1338 1138 est,
1365 1070 1772 1129 similitudinem
1795 1063 2030 1119 vocavit.

457 1175 572 1230 Non
607 1176 753 1230 enim
783 1172 1106 1241 simpliciter
1139 1169 1340 1223 habere
1363 1180 1483 1220 eam
1513 1163 1698 1218 carnis
1724 1153 2034 1213 similitudi-

457 1281 579 1320 nem
611 1265 766 1329 disit,
801 1264 894 1318 sed
927 1257 1337 1316 similitudinem
1361 1253 1541 1312 carnis
1570 1249 1800 1322 peccati.
1831 1243 2036 1301 Simili-

460 1361 588 1414 tudo
615 1367 792 1412 autem
819 1355 1001 1411 carnis
1038 1351 1264 1422 peccati,
1297 1361 1425 1403 caro
1470 1353 1593 1409 est;
1631 1356 1737 1395 uno
1777 1339 2037 1393 duntaxat

459 1465 528 1504 ex
581 1449 700 1502 aliis
753 1445 1006 1500 carnibus
1055 1441 1130 1496 illi
1178 1439 1501 1501 desiderato,
1555 1432 1697 1504 quod
1747 1428 1892 1484 nulla
1931 1427 2034 1480 viri

461 1555 625 1611 opera
661 1547 816 1592 nacta
843 1534 1219 1590 exsistentiam
1251 1540 1356 1585 est.
1401 1527 1634 1582 Decebat
1666 1523 1834 1585 enim,
1864 1517 2035 1585 utqui

463 1609 530 1684 ad
555 1630 783 1684 salutent
816 1624 1091 1680 hominum
1129 1621 1398 1683 veniebat,
1433 1632 1498 1671 ex
1526 1612 1903 1681 conjunctione
1938 1609 2037 1662 viri

465 1736 660 1792 corpus
722 1733 826 1773 non
879 1717 1185 1786 acciperet;
1242 1725 1417 1781 neque
1456 1722 1646 1762 rursus
1673 1714 1828 1760 extra
1863 1701 2040 1756 homi-

1680 392 1917 451 DIDYMI
1957 389 2136 448 ALEX
2146 383 2425 445 ANDRINI

3555 363 3697 422 £096

2143 512 2209 565 Ἥ
2245 509 2466 563 πάντων
2493 500 2794 576 ἀνθρώπων
2829 492 2988 570 σὰρξ,
3029 494 3096 547 ἐκ
3133 483 3476 576 συνδυασμοῦ
3501 483 3614 576 ἔχει
3641 483 3706 576 τὸ

2130 596 2266 654 εἶναι
2285 641 2301 665 ,
2339 597 2463 666 δίχα
2498 571 2608 647 τοῦ⁷
2632 587 3082 660 πρωτοπλάστου,
3121 580 3216 636 καλ⁴
3258 571 3320 632 οὗ
3369 573 3632 632 ἀνέλαϐεν
3675 573 3708 625 6

2130 663 2340 761 Σωτήρ.
2379 663 2492 741 dim
2527 685 2594 739 ἂν
2621 683 2728 753 γὰρ
2764 679 2938 741 ἄλλως
2960 676 3120 745 σῶμα
3149 667 3438 761 ἀνθρώπου
3471 663 3704 761 γένοιτο,

2135 785 2211 856 μὴ
2240 752 2632 840 ἐπιπλακέντος
2659 752 2735 846 τῷ
2758 773 2910 844 Θήλει
2943 768 3039 822 τοῦ
3082 767 3328 838 ἄρρενος.
3360 758 3515 813 Ἐπεὶ
3545 752 3640 810 οῦν
3675 755 3709 808 6

2133 849 2325 946 ὲωτὴρ
2350 877 2415 927 ἐκ
2451 871 2618 942 μόνης
2641 868 2740 938 τῆς
2768 862 3045 936 Παρθένου
3079 855 3238 912 ἔλαϐε
3265 850 3566 924 σῶμα,τὴν
3605 849 3709 946 ἀρ-

2133 970 2234 1040 χὴν
2259 939 2360 1020 οῦκ
2396 939 2516 1036 ἔχον
2547 939 2612 1015 ὲκ
2647 957 2952 1018 συνουσίας,
2982 951 3235 1022 ὁμοίωμα
3275 945 3583 1040 τὴνῗσάρκα
3610 939 3710 1040 την

2134 1031 2560 1132 ἰξυριακὴνέῐπε
2593 1053 2692 1122 τῆς
2733 1047 2936 1120 σαρκὸς
2967 1045 3066 1116 τῆς
3094 1045 3159 1098 ὲκ
3181 1039 3486 1132 συνουσίας.
3510 1035 3583 1089 Uti

2139 1119 2397 1212 καόἁπαὲ
2443 1141 2618 1206 εἷπεν,
2650 1119 2912 1212 τόμοίωμα
2961 1132 3163 1205 σαρκὸς
3187 1128 3351 1184 αὑτὸν
3399 1127 3559 1197 ἔχειν,
3593 1119 3712 1176 ἀλλ’

2135 1241 2386 1313 ὁμοίωμα
2413 1237 2614 1309 σαρκὸς
2647 1230 2947 1304 ἁμαρτίας.
2974 1227 3049 1280 Τὸ
3086 1225 3145 1278 δὲ
3173 1221 3432 1313 ὁμοίωμα
3453 1217 3552 1288 τῆς
3576 1231 3714 1313 cnsp-

2137 1305 2232 1394 κὸς
2272 1305 2580 1400 ἁμαρτίας,
2625 1321 2764 1394 σάρξ
2803 1323 2988 1383 ἐστιν,
3031 1316 3176 1388 μόνῳ
3210 1313 3384 1381 τούτῳ
3419 1305 3709 1400 λειπομένη

2137 1421 2245 1474 τῶν
2287 1395 2459 1473 διλλων
2507 1413 2754 1484 σαρκῶν,
2793 1411 2854 1464 τὸ
2900 1409 3028 1464 ἄνευ
3069 1403 3261 1476 ἀνδρὸς
3301 1400 3590 1471 ἐσχηκέναι
3613 1395 3714 1466 τὴν

2142 1511 2398 1582 ὓπαρξιν.
2435 1507 2582 1561 Ἔδει
2605 1505 2716 1575 γὰρ
2746 1503 2838 1555 τὸν
2867 1501 2960 1552 ἐπὶ
2995 1495 3239 1568 σωτηρίᾳ
3264 1493 3374 1549 τῶν
3413 1487 3714 1582 ἀνθρώπων

2142 1575 2455 1676 ἐρχόμενον,
2495 1600 2570 1670 μὴ
2598 1600 2662 1650 ἐκ
2686 1589 3024 1662 συνδυασμοῦ
3049 1589 3210 1659 σῶμα
3241 1585 3451 1640 λαϐεῖν.
3486 1581 3624 1654 Μηδ*
3644 1575 3713 1634 αὖ

2142 1675 2342 1766 ἔξωθεν
2367 1694 2468 1763 τῆς
2496 1694 2606 1746 τῶν
2633 1687 2935 1761 ἀνθρώπων
2959 1683 3209 1756 διαδοχῆς
3226 1723 3242 1749 ,
3275 1679 3465 1750 ὥσπερ
3497 1677 3526 1729 ὀ
3561 1675 3714 1748 πρῶο

468 1769 658 1792 “"r"
722 1769 826 1773 "'"
884 1769 893 1770 ί
923 1769 936 1771 -
999 1769 1011 1786 ι
1173 1769 1185 1779 ι
1331 1769 1346 1781 .

465 1828 592 1869 num
619 1810 1037 1871 successionem,
1069 1807 1216 1860 velut
1239 1805 1447 1873 primus
1472 1800 1656 1860 homo.
1692 1810 1758 1850 ne
1782 1795 1899 1862 ejus
1918 1808 2040 1848 cor-

2154 1809 2232 1855 ιος
2267 1788 2583 1859 ἄνθρωπος,
2623 1785 2712 1838 ἵνα
2750 1782 2826 1853 μὴ
2871 1779 3185 1851 ὲτερογενὲς
3210 1773 3375 1829 αὑτοῦ
3407 1769 3631 1843 νομισθῇ
3656 1769 3720 1822 τὸ

465 1919 566 1976 pus
615 1901 814 1956 diversi
872 1897 1084 1967 generis
1137 1908 1258 1950 esse
1299 1900 1602 1961 putaretur.
1648 1883 1782 1940 Nam
1828 1883 1874 1938 si
1930 1883 2045 1954 ipse

465 2011 680 2068 quoque
707 2009 770 2048 ex
813 2003 956 2045 terra
992 1991 1250 2043 formatus
1287 1993 1456 2046 esset,
1489 1981 1628 2036 sicut
1652 1979 1752 2032 fuit
1792 1976 2044 2046 princeps

465 2066 686 2144 humani
716 2083 967 2154 generis;
992 2077 1304 2150 suspicandi
1355 2089 1542 2129 ausam
1575 2071 1917 2132 habuissent,
1948 2066 2042 2136 qui

465 2180 612 2236 nudo
637 2176 838 2231 mentis
867 2183 1172 2228 commento
1199 2169 1380 2238 specie
1409 2177 1568 2220 tenus
1614 2160 2044 2218 incarnationem

466 2271 684 2332 docent,
721 2281 826 2322 non
861 2263 998 2318 forte
1024 2264 1316 2316 humanum
1355 2272 1554 2326 corpus
1585 2268 1643 2308 re
1697 2267 1761 2306 ac
1815 2250 2048 2304 veritate

471 2371 729 2432 gestasse.

2144 1881 2324 1952 σῶμα.
2355 1880 2416 1931 Εἰ
2458 1877 2569 1948 γὰρ
2611 1874 2708 1928 καὶ
2751 1872 2912 1932 αὐτὸς
2939 1873 3006 1924 ὲκ
3041 1869 3140 1939 τῆς
3161 1866 3264 1936 γῆς
3290 1863 3614 1922 ὲπέπλαστο,
3642 1860 3720 1922 ὡς

2142 1973 2384 2046 ἀρχηγὸς
2411 1968 2506 2023 τοῦ
2534 1969 2722 2037 γένους
2761 1965 2870 2018 τῶν
2910 1960 3232 2031 ἀνθρώπιον,
3267 1957 3520 2012 ὑπόνοιαν
3549 1953 3720 2021 ἐλάμ-

2143 2067 2306 2120 ϐανον
2339 2065 2388 2118 οἱ
2409 2062 2499 2116 διὰ
2520 2059 2820 2131 φαντασίας
2837 2057 2936 2130 τὴν
2964 2057 3186 2127 δόκησιν
3218 2052 3548 2120 εἰσάγοντες,
3585 2049 3724 2118 μήτε

2143 2160 2252 2230 ἄρα
2289 2157 2352 2210 οὐ
2383 2153 2527 2208 κατὰ
2555 2152 2811 2225 ἀλήθειαν
2836 2151 3031 2221 ἔφερεν
3065 2145 3352 2219 ἀνθρώπου
3389 2143 3564 2213 σῶμα.

469 2473 601 2530 CAP.
648 2470 781 2525 VIII.
818 2469 898 2520 An
925 2467 1122 2536 impria:
1152 2463 1326 2518 male.
1371 2461 1508 2515 Caro
1535 2459 1758 2530 peccati,
1783 2453 1986 2578 cornelii
2013 2447 2199 2532 copula
2227 2448 2536 2578 git-opagata,
2565 2437 2716 2508 cujus
2740 2452 2772 2488 a
2797 2445 3004 2504 peccato
3031 2443 3177 2486 ortus
3203 2431 3436 2484 exsistat.
3467 2424 3728 2480 Fideliuus

1814 2542 1868 2578 ιη
1975 2532 2120 2576 msto
2166 2532 2232 2570 nu
2295 2530 2378 2566 ue.
3108 2535 3114 2541 .

1814 2529 1868 2579 in
1911 2529 2120 2578 Christo
2166 2529 2378 2582 nupuw.
3108 2535 3114 2541 .

541 2630 834 2692 Praeterea,
891 2626 936 2680 si
983 2639 1179 2692 corpus
1229 2638 1294 2676 ex
1342 2621 1440 2674 viri
1493 2618 1873 2690 conjunctione
1902 2631 2056 2670 sum-

475 2717 692 2789 psisset,
723 2730 845 2770 cum
878 2714 930 2768 in
979 2713 1124 2767 nullo
1157 2709 1430 2776 differret;
1474 2710 1585 2778 ipse
1630 2722 1843 2778 quoque
1875 2707 2058 2774 utique

473 2819 718 2881 peccato,
746 2806 890 2876 quod
937 2821 1005 2862 ex
1047 2805 1255 2858 Adamn
1305 2803 1420 2870 ejus
1463 2815 1650 2856 omnes
1708 2798 1908 2870 posteri
1964 2811 2059 2866 per

475 2901 874 2957 successionem
914 2897 1262 2962 contrahunt,
1311 2897 1578 2948 obnoxius
1626 2893 1842 2947 habitus
1889 2898 2054 2947 esset.

2224 2605 2414 2667 Πάλιν,
2438 2603 2487 2656 εί
2508 2603 2575 2654 ὲκ
2600 2597 2939 2671 συνδυασμοῦ
2961 2594 3237 2666 ἀνειλήφει
3267 2591 3446 2661 σῶμα.
3473 2591 3572 2646 οὐκ
3593 2591 3732 2660 ἔχων

2151 2699 2214 2753 τὸ
2247 2693 2714 2769 παρηλλαγμένον,
2760 2692 3016 2762 ἐνομίσθη
3049 2689 3115 2744 ἂν
3137 2689 3232 2742 καὶ
3256 2685 3416 2749 αὐτὸς
3438 2683 3734 2746 ὑπεύθυνος

2155 2785 2296 2842 εἶναι
2325 2787 2510 2859 ἐκείνῃ
2535 2787 2600 2856 τῇ
2654 2783 2921 2855 ἁμαρτίᾳ,
2974 2776 3118 2855 ᾗπερ
3139 2781 3233 2833 καὶ
3260 2779 3310 2830 οἱ
3341 2781 3404 2830 ἐκ
3430 2775 3523 2830 τοῦ
3567 2775 3736 2844 ’Δδὰμ

2158 2881 2362 2942 πάντες
2395 2877 2537 2930 κατὰ
2563 2875 2814 2945 διαδοχὴν
2862 2875 3127 2944 ὑπῆρχον.
3181 2872 3242 2923 Ei
3275 2869 3332 2923 δὲ
3387 2868 3621 2938 λέγοιεν·
3671 2867 3739 2920 El

478 2993 536 3048 Si
581 3006 710 3048 vero
765 2990 1002 3044 dixerint
1029 3003 1042 3040 :
1099 2987 1156 3042 Si
1183 3002 1310 3041 caro
1333 2985 1541 3055 peccati
1574 2993 1804 3054 estquae
1835 2998 1899 3037 ex
1923 2997 2053 3038 con-

2161 2969 2298 3042 σὰρξ
2325 2969 2600 3040 ἁμαρτίας
2627 2967 2774 3020 ἐστὶν
2821 2969 2854 3036 ὴ
2899 2965 2964 3018 ἐκ
2993 2962 3277 3023 συνουσίας
3300 2961 3490 3032 ἀνδρὸς
3517 2959 3611 3014 καὶ
3639 2976 3739 3028 γυ-

473 3086 756 3154 junctioue
784 3082 886 3136 viri
919 3090 972 3136 et
1002 3080 1213 3136 femina:
1246 3088 1370 3132 nata
1421 3086 1526 3143 est,
1575 3076 1730 3131 mala:
1773 3083 1900 3129 sunt
1953 3089 2054 3128 nu-

477 3177 638 3247 ptiae;
694 3175 913 3228 audiant
954 3173 1041 3227 isti
1071 3189 1086 3224 :
1115 3170 1254 3226 Ante
1290 3170 1576 3225 adventum
1609 3167 1930 3234 Salvatoris,
1965 3163 2057 3234 qui

479 3267 704 3324 abstulit
735 3272 1013 3335 peccatum
1036 3263 1244 3326 mundi,
1273 3277 1466 3318 omnes
1497 3261 1748 3316 homines
1781 3259 1926 3314 sicut
1949 3257 2054 3310 alia

481 3374 604 3413 cum
637 3365 859 3428 peccato
881 3357 1129 3426 agebant,
1159 3355 1237 3408 sic
1257 3354 1420 3408 etiam
1444 3353 1658 3421 nuptias
1679 3365 1802 3406 cum
1838 3357 2060 3419 peccato

481 3451 780 3506 habebant.
808 3447 958 3506 Unde
983 3447 1233 3502 similiter
1259 3446 1324 3500 de
1352 3443 1672 3514 corporibus
1692 3456 1760 3496 ex
1789 3440 2061 3507 connubio

485 3543 632 3600 uatis
682 3539 1088 3610 intelligendum
1133 3548 1216 3593 est
1244 3553 1257 3590 :
1287 3537 1539 3606 quodque
1566 3535 1699 3588 adeo
1723 3541 1844 3602 post
1871 3547 2063 3601 pecca-

485 3645 600 3690 tum
645 3636 785 3688 l‘acta
834 3643 918 3686 est
976 3632 1105 3686 Atla:
1149 3645 1272 3684 cum
1325 3629 1432 3684 Eva
1473 3627 1818 3694 conjunctio;
1859 3625 2062 3678 idcirco

489 3741 619 3782 caro
651 3723 859 3795 peccati
891 3723 1030 3778 dicta
1062 3731 1165 3777 est.
1197 3721 1298 3788 Qui
1327 3721 1468 3776 cnim
1503 3729 1629 3773 ante
1653 3725 1934 3788 peccatum
1958 3719 2061 3772 im-

491 3816 741 3873 mortalis
769 3822 910 3879 erat,
939 3827 1036 3883 per
1087 3822 1368 3884 peccatum
1415 3810 1660 3864 mortalis
1720 3809 1890 3864 factus
1941 3819 2061 3876 est;

491 3919 654 3978 atque
683 3905 754 3960 ita
788 3903 1061 3958 successio
1089 3901 1472 3956 mortalitatem
1503 3899 1686 3954 habet.
1736 3897 2065 3952 Similitudi-

492 4013 616 4054 nem
651 3983 815 4066 igitur
845 3993 1004 4061 hujus
1031 3992 1212 4048 carnis
1254 3991 1487 4046 habebat
1521 3989 1792 4052 Cbristus,
1854 3987 2064 4043 tametsi

2159 3063 2346 3126 ναικὸς
2388 3060 2659 3132 τεχθείσα,
2713 3059 2881 3122 κακὸς
2934 3061 2963 3112 ὁ
2991 3058 3196 3127 γάμοςο
3253 3054 3617 3116 ἀκουέτωσαν,
3657 3053 3739 3104 ὅτι

2160 3159 2276 3228 Πρὸ
2307 3157 2406 3226 τῆς
2439 3157 2534 3209 τοῦ
2587 3153 2841 3226 Σωτῆρος
2887 3151 3200 3222 ἐπιδημίας,
3251 3150 3344 3202 τοῦ
3386 3148 3615 3219 ἄραντος
3640 3145 3742 3216 τὴν

2162 3251 2436 3324 ἁμαρτίαν
2455 3249 2548 3304 τοῦ
2582 3249 2810 3318 κόσμου,
2863 3246 3104 3308 ἅπαντες
3146 3244 3195 3296 οἱ
3223 3241 3519 3313 ἄνθρωποι,
3554 3238 3743 3310 ὥσπερ

2159 3342 2228 3396 τὰ
2249 3341 2382 3397 ἄλλα
2417 3340 2556 3411 μετὰ
2591 3336 2790 3400 κακίας
2817 3335 3107 3408 ἔπραττον,
3156 3333 3300 3386 οὕτω
3326 3333 3422 3384 καὶ
3445 3331 3536 3384 τὸν
3566 3329 3746 3398 γάμον

2161 3431 2555 3506 ἀμαρτητικῶς
2576 3427 2739 3501 εἶχον.
2767 3429 2845 3482 Δι’
2873 3428 2902 3480 ὃ
2921 3427 2988 3480 τὰ
3023 3429 3088 3480 ἐκ
3112 3425 3206 3478 τοῦ
3229 3425 3407 3494 γάμου
3431 3421 3748 3492 γεννώμενα

2164 3525 2394 3596 σώματα
2422 3523 2658 3592 νοητέον·
2708 3521 2820 3574 Καὶ
2856 3518 3049 3582 οὕτως,
3111 3517 3235 3571 ἐπεὶ
3266 3515 3403 3588 μετὰ
3425 3515 3523 3587 τὴν
3563 3515 3746 3584 ἁμαρ-

2164 3618 2286 3672 τίαν
2319 3619 2352 3687 ἠ
2375 3615 2593 3676 σύνοδος
2621 3613 2843 3682 γέγονεν
2867 3611 2962 3666 τοῦ
3007 3610 3178 3681 Ἀδάμ
3206 3611 3299 3663 καὶ
3326 3609 3424 3679 τῆς
3453 3607 3614 3671 Εὔας,
3657 3605 3750 3660 διὰ

2163 3709 2324 3763 τοῦτο
2380 3707 2516 3780 σὰρξ
2569 3707 2842 3779 ἁμαρτίας
2899 3706 3132 3777 εἴρηται.
3169 3703 3480 3775 Ἀφθαρτος
3534 3699 3642 3770 γὰρ
3669 3698 3750 3754 ὣν

2166 3801 2274 3872 πρὸ
2299 3800 2399 3870 τῆς
2428 3799 2815 3872 παραϐάσεως,
2861 3796 3100 3868 φθαρτὸς
3136 3796 3422 3866 γεγένηται
3456 3791 3746 3864 παραϐάς·

2165 3895 2260 3947 καὶ
2281 3893 2451 3956 οὕτως
2479 3895 2512 3964 ὴ
2545 3892 2762 3964 διαδοχὴ
2799 3890 2862 3944 τὸ
2892 3889 3130 3962 φθαρτὸν
3169 3888 3302 3960 ἔχει.
3351 3887 3626 3958 Ὁμοίωμα
3654 3879 3752 3937 οὖν

2163 3985 2264 4059 τῆς
2311 3985 2512 4056 σαρκὸς
2570 3983 2774 4054 ταύτης
2824 3978 2968 4055 εἶχεν
2995 3985 3024 4036 6
3053 3981 3264 4054 Σωτὴρ,
3318 3983 3366 4033 εί
3397 3980 3490 4033 καὶ
3518 3977 3592 4050 μὴ
3613 3973 3752 4030 εἶδεν

490 4104 620 4145 caro
647 4087 763 4157 ejus
793 4099 897 4140 non
931 4083 1061 4138 vidit
1093 4082 1574 4154 corruptionem".
1611 4079 1807 4135 Verum
1843 4095 1938 4150 per
1966 4081 2099 4134 ad-'

491 4191 710 4238 ventum
749 4179 886 4247 ejus,
917 4177 1057 4232 sicut
1078 4175 1144 4229 ab
1169 4173 1291 4228 aliis
1317 4174 1496 4237 rebus,
1529 4173 1608 4226 sic
1640 4187 1668 4224 a
1696 4171 1896 4241 nuptiis
1919 4169 2068 4224 abla-

2165 4077 2362 4150 ήσὰρξ
2390 4075 2554 4132 αὐτοῦ
2611 4076 2928 4148 διαφθοράν.
2989 4075 3128 4129 Ἀλλ’
3177 4073 3612 4144 ἐπιδημήσαντος
3659 4067 3754 4122 τοῦ

2167 4168 2443 4238 Σωτῆρος,
2475 4169 2552 4232 ὡς
2576 4167 2686 4222 ἀπὸ
2709 4167 2820 4220 τῶν
2863 4166 3038 4220 ἄλλων
3081 4167 3422 4238 πραγμάτων
3469 4161 3758 4234 ἀφαίρεσις

495 4285 609 4330 tum
666 4279 748 4327 est
797 4277 1096 4341 peccatum.
1154 4265 1354 4334 Itaque,
1425 4280 1588 4326 nunc,
1637 4263 1729 4333 qui
1771 4263 2053 4317 secundum

2169 4261 2446 4332 ἁμαρτίας
2477 4259 2722 4328 γέγονεν,
2777 4256 2922 4311 οὕτω
2980 4257 3075 4310 καὶ
3116 4256 3225 4310 ἀπὸ
3271 4254 3366 4310 τοῦ
3411 4254 3611 4324 γάμου.
3639 4250 3757 4305 Νῦν

495 4362 845 4432 Evangelium
903 4361 1112 4422 vivunt,
1181 4354 1382 4409 habere
1452 4363 1678 4422 possunt
1725 4351 2053 4406 honorabilct

2169 4351 2302 4422 γοῦν
2327 4354 2376 4406 οἱ
2406 4351 2548 4405 κατὰ
2597 4351 2660 4404 τὸ
2696 4349 3030 4420 Εὑαγγέλιον
3063 4348 3302 4420 βιοῦντες
3339 4346 3481 4418 ἔχειν
3505 4345 3755 4398 δύνανται

496 4457 734 4526 nuptias,
758 4459 812 4508 et
839 4459 1016 4507 torum
1063 4447 1490 4508 immaculatum,
1534 4444 1677 4498 sicut
1711 4441 1908 4498 Paulus
1933 4441 2053 4496 scri-

2175 4447 2354 4516 τίμιον
2383 4445 2560 4516 γάμον
2581 4444 2676 4497 καὶ
2724 4443 2911 4514 κοίτην
2941 4441 3222 4513 ἀμίαντον,
3278 4439 3354 4503 ὡς
3381 4439 3581 4509 γράφει
3611 4433 3758 4489 Παῦ-

497 4549 576 4604 bit
607 4544 896 4602 ﬁdelibus:
947 4537 1300 4595 Honorabiles
1341 4537 1561 4606 nuptias,
1599 4545 1646 4588 et
1681 4543 1828 4588 torus
1879 4535 2053 4587 imma-

2178 4535 2270 4600 λος
2310 4537 2424 4599 τοῖς
2487 4537 2728 4598 πιστοῖς·
2782 4534 2980 4602 Τίμιος
3023 4535 3057 4586 ὀ
3115 4531 3320 4600 γάμος,
3363 4529 3460 4583 καὶ
3505 4531 3540 4598 ἠ
3586 4527 3754 4594 κοίτη

499 4641 703 4696 culaxus
740 4653 760 4690 :
797 4637 1140 4708 fornicatores
1192 4641 1366 4686 autem
1411 4640 1460 4684 et
1507 4629 1775 4682 adulteros
1811 4627 2048 4688 iudicabi

2179 4627 2485 4697 ἀμίαντος
2509 4627 2775 4694 πόρνους
2798 4623 2867 4677 δὲ
2902 4623 3000 4677 καὶ
3025 4623 3280 4693 μοιχοὺς
3311 4619 3504 4691 κρινεῖ
3529 4621 3562 4674 ὸ
3591 4619 3755 4683 Θεός.

500 4731 642 4786 Deus
658 4731 726 4784 ".
760 4729 1101 4796 Distinguens
1127 4724 1273 4778 enim
1300 4722 1517 4792 nuptias
1548 4722 1866 4782 honoratas,
1897 4731 1953 4774 et
1979 4733 2053 4774 eo:

2178 4717 2516 4772 Διαστέλλων
2541 4715 2652 4788 γὰρ
2689 4716 2782 4771 τὸν
2799 4715 2988 4786 τίμιον
3019 4715 3216 4786 γάμον,
3247 4714 3344 4766 καὶ
3384 4711 3510 4776 τοὺς
3545 4709 3761 4782 χρωμέ-

501 4824 593 4892 (ιιιί
625 4823 704 4876 eis
734 4831 978 4887 utuntur,
1009 4832 1040 4872 a
1068 4814 1456 4872 scortatoribus
1497 4821 1554 4868 et
1610 4811 1904 4876 adulteris;
1955 4825 2053 4866 essi

2177 4827 2305 4874 νους
2360 4809 2530 4880 αὐτῷ,
2567 4810 2676 4862 ἀπὸ
2726 4809 2944 4881 πόρνων
2973 4808 3069 4862 καὶ
3119 4806 3342 4878 μοιχῶν,
3387 4806 3448 4858 οὐ
3485 4803 3760 4874 πορνείαν,

503 4914 624 4968 illas
653 4911 1034 4967 scortationem
1083 4916 1177 4962 aut
1228 4905 1548 4960 adulterium
1611 4903 1816 4958 abnuit.
1867 4899 2053 4968 Quam-

2175 4901 2298 4956 οὐδὲ
2325 4903 2570 4972 μοιχείαν
2591 4901 2782 4956 τοῦτον
2813 4899 3061 4972 βούλεται
3089 4895 3227 4953 εἶναι
3249 4915 3262 4930 ·
3289 4897 3411 4951 ὅθεν
3439 4895 3559 4950 οὐδὲ
3586 4895 3765 4967 ἀμαρ-

504 5007 689 5059 obrem
720 5016 894 5072 neque
919 5009 1198 5070 peccatum
1229 5007 1356 5053 sunt
1395 4995 1612 5065 nuptiae.

2175 4993 2265 5046 τία
2288 4993 2317 5045 ὁ
2340 4993 2537 5064 γάμος.

505 5115 634 5171 CAP.
673 5111 764 5167 IX.
817 5109 1140 5182 Virginitatis
1183 5109 1502 5188 eucomium_1
1547 5105 1750 5188 Malum
1783 5103 2634 5188 comparatiorte,ipsumimnum.
2681 5103 2905 5185 Virtutis
2948 5117 3119 5157 comes
3157 5118 3220 5156 ac
3251 5100 3395 5170 ﬁdei,
3450 5099 3760 5171 persecutio.

1454 5175 1563 5230 Pro
1592 5177 1782 5231 virium
1811 5177 2034 5240 ratione,
2072 5173 2380 5229 Christiano
2415 5176 2555 5227 lucta
2585 5175 2814 5244 gravior.

509 5355 514 5359 .
573 5298 746 5354 Aliter
795 5295 959 5350 etiam
1008 5293 1112 5350 dici
1167 5297 1345 5362 potest
1392 5288 1565 5356 magis
1600 5285 2077 5357 physiceznivina

507 5391 751 5464 quaedam
786 5402 876 5442 res
907 5399 992 5440 est
1015 5384 1319 5454 virginitas,
1345 5390 1509 5447 atque
1539 5379 1592 5432 in
1621 5379 1876 5432 virtutum
1906 5392 2071 5432 censu

507 5478 808 5550 splendida.
855 5475 914 5531 Si
959 5475 1081 5546 quis
1129 5474 1292 5544 igitur
1337 5470 1555 5538 nuptias
1604 5483 1728 5522 cum
1766 5467 2081 5537 virginitate

507 5570 813 5636 conferens,
847 5569 993 5636 ipsas
1022 5567 1169 5622 dicat
1195 5573 1513 5636 peccatum;
1548 5575 1660 5615 non
1685 5559 1931 5616 absolute
1955 5568 2082 5615 sunt

508 5669 812 5729 peccatum.
845 5656 1039 5712 Malum
1073 5654 1216 5710 enim
1247 5667 1352 5708 non
1402 5652 1455 5705 in
1505 5650 1904 5720 comparatione
1953 5649 2078 5707 boni

551 5812 598 5844 ⁷⁸
635 5811 778 5868 Psal.
821 5827 908 5878 xv,
946 5811 1032 5865 l0.
1105 5811 1150 5844 "
1192 5807 1352 5867 llcbr.
1381 5823 1498 5874 xm,
1532 5808 1586 5862 4.

2249 5285 2362 5338 Καὶ
2390 5284 2594 5356 ἑτέρως
2635 5283 2693 5338 δὲ
2720 5282 3096 5355 φυσικώτερον
3138 5280 3493 5352 λεχθήσεται·
3539 5280 3601 5332 Ἦ
3627 5294 3769 5349 παρ-

2178 5377 2329 5430 θενία
2377 5376 2520 5431 θεῖόν
2577 5394 2632 5430 τι
2681 5379 2871 5448 χρῆμα
2916 5375 3198 5446 τυγχάνει,
3225 5375 3321 5428 καί⁵
3365 5373 3442 5438 ὡς
3468 5375 3527 5426 ὲν
3548 5373 3768 5442 ἀρεταῖς

2179 5469 2437 5541 ὑπάρχει.
2473 5467 2543 5522 Εἴ
2559 5485 2644 5531 τις
2695 5464 2790 5522 οῦν
2812 5467 3118 5539 συγκρίνων
3144 5466 3320 5540 ταύτῃ
3345 5465 3443 5519 τὸν
3461 5465 3656 5536 γάμον,
3687 5462 3770 5514 λέ·

2177 5577 2266 5630 γοι
2291 5558 2454 5622 αὐτὸν
2485 5559 2761 5630 ἁμαρτίαν
2816 5554 2980 5624 εἶναι,
3015 5559 3116 5614 οὐκ
3144 5557 3560 5628 ἀπολελυμὲνως
3585 5557 3765 5626 ἁμαρ-

2177 5653 2267 5706 τία
2298 5648 2565 5706 ὲστίν,“Τὸ
2589 5650 2698 5724 γὰρ
2723 5653 2892 5706 κακὸν
2923 5652 2985 5706 οὐ
3014 5651 3296 5724 συγκρίσει
3324 5649 3417 5704 τοῦ
3442 5647 3644 5720 ἀγαθοῦ
3671 5663 3769 5700 κα-
