4034 6426
459 396 484 450 1
493 394 597 451 099

1684 383 1923 441 DIDYMI
1957 382 2436 442 ALEXANDBINI

3559 380 3693 435 “00

456 508 616 563 homo
649 517 772 564 cum
801 507 968 568 esset,
991 497 1264 556 diabolum
1291 497 1552 554 Dominus
1567 501 1882 564 nominavit.
1913 515 2022 558 non

2125 502 2271 570 ὖντα,
2305 500 2550 555 διάϐολον
2583 499 2612 552 ὁ
2639 497 2862 569 Κύριος,
2891 497 2953 551 οὐ
2975 495 3064 550 διὰ
3085 494 3182 567 τὴν
3212 495 3418 562 οὐσίαν,
3451 494 3589 550 ἀλλὰ
3613 497 3695 552 διὰ

453 603 677 668 propter
705 591 1081 652 substantiam,
1119 588 1211 643 sed
1239 600 1460 658 propter
1495 589 1848 654 voluntatem,
1900 605 2024 646 cum

457 689 524 744 ad
556 701 746 743 omnes
769 683 927 740 simul
956 681 1246 750 discipulos
1277 682 1372 745 ait,
1404 681 1459 734 in
1481 682 1562 737 eis
1592 697 1806 755 quoque
1827 681 2023 740 Judam

456 789 890 832 connumerans:
927 771 1117 826 Nonne
1143 771 1418 825 duodecim
1465 771 1597 842 elegi
1639 789 1750 838 vos,
1783 783 1835 828 et
1889 791 2026 831 unus

456 884 522 922 ea;
541 867 682 922 vobis
711 865 950 920 diabolus
989 863 1168 918 est“?
1201 863 1591 933 Subjungitqne
1641 865 1978 937 Evangelista
2009 884 2023 922 :

457 956 574 1012 Hoc
605 967 779 1010 autem
799 956 930 1010 dixit
953 955 1018 1008 de
1037 955 1326 1024 Juda,_qui
1348 970 1466 1009 eum
1494 967 1607 1010 erat
1645 959 1942 1013 traditurus
1955 959 2023 1014 ".

456 1048 570 1103 Etsi
609 1049 752 1102 enim
801 1055 1019 1116 propter
1068 1045 1305 1098 futuram
1360 1046 1725 1114 proditionem
1781 1047 2027 1104 diabolus

456 1150 680 1196 vocatus
713 1150 830 1207 est;
863 1155 968 1194 non
989 1140 1101 1209 jam
1130 1149 1254 1194 tunc
1283 1140 1527 1196 diabolus
1558 1149 1700 1207 erat,
1728 1155 1850 1196 cum
1878 1141 2027 1213 pari-

461 1242 544 1286 ter
569 1247 692 1286 cum
721 1232 970 1286 omnibus
995 1231 1200 1287 electus
1229 1240 1333 1297 est,
1363 1231 1433 1286 ob
1452 1246 1572 1286 eam
1601 1247 1708 1302 qua
1737 1244 1862 1288 tunc
1893 1249 2027 1304 prte-

457 1320 635 1374 stabat
687 1321 960 1376 virtutem.
1005 1319 1159 1374 Tunc
1209 1329 1386 1375 autem
1443 1321 1691 1377 diabolus
1721 1322 2026 1394 appellatus

456 1420 558 1478 est,
590 1427 711 1466 cum
745 1425 807 1466 ea
837 1411 1054 1466 molitus
1095 1421 1180 1466 est
1225 1426 1289 1466 ac
1336 1411 1483 1479 fecit,
1539 1428 1660 1482 quae
1710 1416 2026 1485 proditionis

456 1513 633 1556 erant.
674 1502 730 1556 Si
760 1518 889 1574 ergo
923 1503 974 1557 in
1007 1501 1145 1558 Juda
1176 1519 1369 1558 nomen
1405 1504 1602 1559 diaboli
1645 1507 1912 1563 actionem
1956 1516 2025 1563 ex

456 1594 639 1648 liberm
684 1605 816 1648 nutu
867 1595 1156 1650 voluntatis
1207 1596 1451 1663 indicat;
1489 1597 1739 1654 similiter
1765 1600 1926 1655 etiam
1960 1601 2026 1657 de

455 1689 645 1756 quovis
671 1687 776 1742 alio
803 1687 1032 1754 dicatur,
1063 1687 1262 1757 aliquid
1295 1689 1364 1742 ad
1393 1688 1638 1743 liberam
1691 1690 2022 1746 voluntatem

455 1791 705 1850 Spectans
741 1781 1028 1852 signiﬁcat.
1061 1783 1132 1834 At
1165 1796 1264 1836 nec
1295 1782 1698 1838 consuetudinis
1721 1782 1840 1853 ejus
1877 1786 2024 1840 vocis

455 1888 587 1928 usus
615 1873 828 1944 ignotus
855 1884 959 1928 est.
994 1873 1243 1928 Diabolos
1265 1883 1417 1928 certe
1447 1872 1632 1930 Graeca
1680 1890 1811 1931 voce
1860 1892 2024 1931 voca—

455 1983 574 2021 mus
601 1966 693 2034 qui
726 1965 868 2034 apud
899 1965 1034 2020 alios
1080 1965 1201 2020 aliis
1245 1966 1557 2034 detrahunt,
1586 1979 1948 2038 accusantque
1971 1978 2027 2024 et

455 2055 872 2112 calumniantur.
904 2054 1056 2111 Unde
1085 2056 1249 2110 etiam
1279 2057 1406 2126 quia
1440 2057 1686 2113 diabolus
1719 2057 1886 2115 Deum
1931 2077 2027 2119 ac-

455 2155 610 2202 cusat
639 2145 780 2216 apud
804 2145 1071 2210 homines,
1101 2156 1158 2200 et
1185 2147 1428 2202 homines
1457 2147 1600 2217 apud
1625 2147 1818 2218 Deum,
1854 2152 2025 2221 ipsos-

453 2250 561 2304 que
592 2235 727 2289 alios
757 2233 897 2301 apud
925 2233 1058 2288 alios
1087 2234 1354 2298 homines,
1407 2233 1513 2290 hoc
1563 2250 1754 2291 nomen
1803 2241 2026 2295 sortitus

453 2335 555 2380 est.
586 2326 738 2393 Quod
767 2325 812 2380 si
847 2325 1008 2380 etiam
1049 2333 1255 2380 satanas
1289 2341 1484 2380 nomen
1519 2327 1586 2382 de
1631 2329 1843 2384 diabolo
1885 2331 2025 2386 dici-

457 2427 584 2480 tur,
620 2417 800 2472 sciant
829 2416 933 2471 hoc
973 2417 1147 2485 ipsum
1175 2431 1371 2472 nomen
1404 2417 1709 2490 significare
1758 2423 1900 2491 quod
1945 2433 2028 2480 est

453 2504 636 2560 liberae
659 2505 964 2560 voluntatis.
1000 2501 1133 2558 Nam
1170 2521 1290 2561 cum
1343 2521 1558 2564 satanas
1599 2525 1702 2565 vox
1753 2511 2027 2569 Hebraica

453 2597 548 2660 sit,
586 2596 718 2650 nihil
751 2596 896 2652 aliud
929 2597 1204 2668 signiﬁcat
1235 2614 1396 2670 quam
1440 2603 1820 2671 adversarium,
1870 2606 1913 2658 si
1942 2606 2026 2674 ip-

453 2703 570 2744 sam
603 2688 789 2743 Latine
812 2691 1200 2759 interpreteris.
1244 2691 1603 2748 Adversarius
1652 2709 1779 2748 vero
1807 2709 1932 2750 cum
1961 2698 2028 2752 de

455 2780 674 2836 homine
739 2781 972 2848 dicitur,
1024 2783 1163 2838 idem
1216 2794 1300 2838 est
1341 2787 1481 2855 quod
1530 2788 1773 2842 inimicus
1814 2805 2020 2844 nocens.

457 2871 610 2926 Sicut
653 2872 816 2944 igitur
851 2873 1102 2930 inimicus
1131 2875 1404 2932 voluntate
1433 2886 1516 2932 est
1546 2878 1820 2948 inimicus,
1863 2882 1941 2936 sic
1972 2891 2028 2937 et

456 2962 820 3017 adversarius.
857 2962 942 3017 Uti
991 2966 1154 3018 etiam
1207 2966 1402 3020 borum
1465 2961 1758 3024 contraria.
1802 2971 2024 3028 Amicus

455 3055 598 3108 enim
629 3063 684 3108 et
714 3053 1006 3110 benevolus
1035 3065 1091 3110 et
1111 3072 1344 3112 concors
1383 3068 1438 3113 et
1470 3059 1608 3114 ident
1639 3064 1897 3127 sentiens,
1927 3078 2024 3118 no-

2125 593 2226 662 τὴν
2273 591 2589 662 προαίρεσιν
2635 589 2938 658 ὠνόμασεν,
2969 587 3142 654 λέγων
3169 585 3302 657 πρὸς
3347 586 3560 649 πάντας
3587 587 3698 658 ἃμα

2125 685 2251 746 τοὺς
2276 681 2543 751 μαθητὰς,
2573 679 2919 750 συναριθμῶν
2949 678 3043 730 καὶ
3065 676 3158 730 τὸν
3185 676 3383 730 Ἰούδαν
3407 679 3468 730 ὲν
3487 679 3667 740 αὐτοῖς
3683 696 3696 708 ο

2124 773 2269 842 Οὐχί
2297 772 2439 839 τοὺς
2484 771 2714 825 δώδεκα
2751 768 2905 839 ὑμᾶς
2955 766 3344 836 ἐξελεξάμην,
3387 767 3492 822 καί
3529 763 3617 834 εἷς
3637 769 3702 832 ἐξ

2125 865 2293 936 ὑμῶν
2334 865 2612 930 διάϐολός
2657 863 2862 925 tiatur;
2902 855 2972 932 ᾯ
3017 861 3266 931 ἐπιφέρει
3316 858 3700 930 συγγραφεύς·

2133 957 2311 1011 Τοῦτο
2327 957 2394 1009 δὲ
2417 952 2586 1010 εἶπεν
2605 954 2739 1024 περὶ
2771 952 2978 1017 Ἰούδα,
3001 953 3107 1006 τοῦ
3127 952 3462 1022 μέλλοντος
3502 950 3700 1019 προδι-
3741 998 3747 1002 .

2126 1049 2517 1104 δόναιαύτόν.
2544 1047 2606 1100 El
2640 1046 2748 1117 γὰρ
2795 1045 2884 1100 διὰ
2931 1047 3029 1114 τὴν
3070 1043 3364 1116 μέλλουσαν
3412 1043 3704 1114 προδοσίαν

2126 1138 2366 1202 διάϐολος
2389 1137 2626 1210 εἴρηται,
2657 1137 2718 1189 οὐ
2746 1135 2867 1188 τότε
2891 1133 3135 1197 διάϐολος
3161 1127 3249 1203 ἦν,
3277 1132 3364 1186 ὅτε
3391 1130 3512 1202 ἅμα
3541 1133 3704 1185 πᾶσιν

2125 1229 2352 1300 ἐκλογῆς
2379 1229 2586 1300 ἔτυχεν.
2625 1227 2907 1290 Ἐκλεκτὺς
2940 1227 3039 1296 μὲν
3080 1225 3189 1296 γὰρ
3227 1223 3342 1296 ἃμα
3361 1223 3706 1315 πᾶσινογέγο-

2125 1340 2234 1387 νεν,
2269 1321 2356 1375 διὰ
2395 1320 2496 1392 τὴν
2535 1319 2840 1393 προσοῦσαν
2865 1318 3013 1390 αὐτῷ
3049 1319 3172 1371 τότε
3197 1317 3432 1389 ἀρετήν’
3461 1315 3705 1379 διάϐολος

2124 1417 2181 1470 δὲ
2205 1415 2324 1468 τότε
2358 1415 2744 1486 ἐχρημάτισεν,
2769 1413 2858 1466 ὅτε
2901 1410 2970 1464 τὰ
2990 1409 3092 1480 τῆς
3122 1409 3406 1481 προδοσίας
3445 1406 3706 1479 είργάσα-

2126 1524 2204 1561 το.
2239 1509 2300 1560 El
2335 1507 2513 1560 τοίνυν
2538 1505 2634 1558 ἐπὶ
2654 1503 2748 1557 τοῦ
2789 1501 2956 1556 Ἰούδα
2982 1501 3042 1555 τὸ
3071 1500 3348 1566 διάϐολος
3371 1500 3550 1570 ὄνομα
3571 1499 3707 1570 πρά-

2128 1598 2262 1664 ξεως
2305 1597 2694 1670 προαιρετικῆς
2740 1593 3033 1665 δηλωτικόν
3071 1595 3240 1657 ἐστιν,
3275 1591 3446 1654 οὕτως
3497 1590 3600 1644 κᾶν
3621 1590 3706 1644 ἐπ’

2125 1690 2286 1744 ἄλλου
2331 1689 2474 1752 τινὸς
2500 1689 2532 1760 ἡ
2563 1685 2713 1756 φωνὴ
2738 1685 2968 1754 λέγοιτο,
3007 1682 3382 1756 προαιρετικὼ
3421 1700 3475 1736 τι
3502 1681 3704 1752 σημαί-

2125 1799 2224 1837 νει.
2247 1777 2398 1836 Οἶδεν
2423 1780 2480 1833 δὲ
2507 1780 2600 1834 καὶ
2625 1781 2658 1849 ἡ
2690 1776 2945 1848 συνήθεια
2976 1777 3074 1846 τὴν
3101 1776 3292 1847 χρῆσιν
3318 1773 3413 1828 τοῦ
3442 1774 3706 1842 ὀνόματος

2125 1874 2334 1928 τούτου.
2365 1871 2652 1934 Διαϐόλους
2674 1868 2803 1939 γοῦν
2826 1867 3096 1938 καλοῦμεν
3111 1869 3238 1930 τοὺς
3265 1863 3705 1937 κατηγοροῦντας

2127 1965 2314 2018 τούσδε
2363 1964 2558 2028 τοῖσδε,
2605 1961 2894 2023 κάκείνους
2942 1959 3168 2022 τούτοις.
3222 1959 3375 2012 Ἐπεὶ
3408 1955 3505 2011 οὖν
3553 1957 3646 2010 καὶ
3675 1957 3704 2009 δ

2126 2057 2370 2118 διάϐολος
2391 2055 2523 2108 Θεὸν
2569 2052 2874 2125 ἀνθρώποις
2919 2051 3216 2114 διαϐάλλει,
3249 2051 3343 2104 καὶ
3378 2047 3704 2121 ἀνθρώπους

2126 2147 2264 2217 Θεῷ,
2297 2148 2391 2201 κο)⁸
2419 2146 2617 2208 αὐτοὺς
2657 2145 2783 2206 τοὺς
2841 2139 3160 2212 ἀνθρώπους
3197 2139 3468 2212 ἀλλήλοις,
3501 2137 3702 2208 ταύτης

2127 2237 2314 2307 ἔτυχεν
2361 2237 2461 2306 τῆς
2514 2235 2826 2305 ὀνομασίας.
2859 2233 2922 2286 Et
2956 2233 3012 2286 δὲ
3040 2233 3134 2286 καὶ
3173 2231 3235 2285 τὸ
3269 2231 3511 2295 σατανᾶς
3535 2230 3703 2300 ὄνομα

2127 2333 2484 2402 κατηγοροῖτο
2525 2327 2690 2381 αὐτοῦ
2722 2324 2817 2380 τοῦ
2855 2324 3128 2390 διαϐόλου,
3165 2323 3418 2387 εστωσαν,
3465 2323 3553 2376 ὅτι
3611 2320 3703 2374 καὶ

2127 2423 2259 2477 αὐτὸ
2277 2423 2432 2476 τοῦτο
2456 2417 2834 2492 προαιρετικοῦ
2854 2417 2996 2481 τινός
3014 2417 3128 2469 ἐστι
3150 2414 3463 2486 δηλωτικόν.
3495 2411 3704 2482 Ἐϐραῦ

2127 2516 2198 2586 κὴ
2219 2514 2325 2586 γὰρ
2348 2509 2482 2568 οὖσα
2501 2517 2534 2583 ἡ
2561 2512 2732 2582 φωνὴ,
2751 2511 2850 2580 οὐχ
2877 2509 3062 2581 ἕτερόν
3087 2525 3140 2561 τι
3163 2507 3411 2578 σημαίνει
3435 2505 3561 2560 καθ’
3591 2503 3702 2556 Ἐλ-

2127 2605 2260 2659 λάδα
2289 2603 2492 2674 φωνὴν,
2537 2602 2572 2674 ἢ
2595 2600 2654 2654 τὸ
2679 2599 3118 2668 ἀντικείμενον·
3147 2595 3206 2648 τὸ
3233 2595 3290 2647 δὲ
3329 2591 3702 2662 ἀντικείμενον

2127 2697 2212 2750 ἐπ’
2260 2694 2548 2765 ἀνθρώπου
2608 2691 3036 2764 λαμϐανόμενον,
3073 2688 3186 2740 ἴσον
3212 2685 3330 2739 ἐστὶ
3355 2684 3433 2754 τῷ
3461 2681 3697 2753 ἐχθρὸς,

2120 2788 2440 2856 βλαϐερός.
2476 2787 2562 2848 Ὠς
2583 2780 2674 2838 οὖν
2695 2786 2723 2837 ὁ
2739 2783 2930 2854 ἐχθρὸς
2956 2779 3272 2853 προαιρέσει
3297 2777 3413 2830 ἐστὶ
3436 2775 3698 2838 τοιοῦτος,

2125 2881 2298 2942 οὕτως
2330 2877 2426 2932 καὶ
2483 2880 2510 2930 ὁ
2559 2874 2962 2944 ἀντικείμενος·
3017 2871 3206 2941 ὥσπερ
3253 2868 3347 2922 καὶ
3385 2868 3454 2920 τὰ
3497 2864 3698 2920 τούτων

2125 2971 2341 3024 ἐναντία
2365 2985 2378 2998 °
2414 2967 2476 3021 τὸ
2516 2967 2624 3038 γὰρ
2669 2964 2854 3035 φίλος,
2885 2964 2980 3016 καὶ
3025 2959 3244 3024 εὐνοῶν,
3291 2959 3386 3012 καὶ
3436 2953 3698 3026 ὁμονοῶν,

2126 3060 2220 3114 καὶ
2244 3056 2580 3130 ὁμοφρονιῖω,
2604 3054 2840 3124 ὀνόματα
2867 3048 3236 3123 προαιρέσεών
3260 3051 3375 3101 ἐστι
3407 3043 3695 3118 δηλωτικὰ..

455 3146 600 3200 mina
639 3156 784 3212 sunt,
810 3148 951 3217 quod
983 3157 1065 3204 est
1088 3149 1271 3204 liberae
1298 3151 1592 3207 voluntatis
1643 3155 2020 3224 signiﬁcantia.

2126 3149 2356 3218 Λέγεται
2392 3150 2500 3219 γὰρ
2539 3145 2702 3208 αὐτὸς
2737 3137 2892 3207 οὗτος
2948 3141 3098 3210 φίλος
3137 3139 3231 3194 καὶ
3263 3137 3501 3232 εὐνοῶνζ
3517 3135 3700 3232 ῶσπερ

454 3237 661 3290 Dicitur
687 3238 831 3292 enim
866 3239 956 3293 hic
993 3238 1132 3292 idem
1160 3239 1366 3295 amicus
1402 3251 1466 3296 et
1531 3243 1841 3308 benevolus,
1887 3244 2025 3300 sicut

2125 3242 2384 3306 διάϐολος,
2409 3241 2504 3294 καὶ
2547 3239 2805 3301 σατανᾶς.
2828 3235 2924 3290 καὶ
2960 3232 3212 3304 πονηρός.
3251 3231 3338 3295 Ὠς
3364 3232 3423 3283 ἐν
3463 3230 3702 3296 Εὐαγγεσ⁸

455 3325 652 3380 dicitur
683 3325 927 3382 diabolus
974 3339 1030 3382 et
1062 3336 1279 3384 satanas
1329 3339 1384 3386 et
1431 3331 1623 3386 malus.
1669 3331 2027 3399 Quemadmo-

455 3411 582 3466 dum
612 3411 859 3468 Salvator
894 3414 950 3469 in
984 3413 1276 3485 Evangelio
1308 3427 1501 3488 praeter
1531 3431 1724 3475 caetera
1756 3421 1858 3477 hoc
1886 3439 2018 3493 quo-

454 3518 561 3572 que
591 3505 882 3570 discipulos
939 3507 993 3561 in
1043 3509 1292 3564 oratione
1335 3512 1490 3566 docet
1515 3529 1530 3570 :
1557 3511 1624 3566 Et
1655 3530 1717 3567 ne
1750 3531 1840 3568 nos
1869 3515 2028 3568 indu-

2119 3334 2218 3403 λίῳ
2252 3334 2280 3385 ὁ
2331 3330 2519 3402 Σωτὴρ
2553 3328 2690 3400 πρὸς
2715 3327 2922 3398 ἑτέροις
2965 3326 3058 3378 καὶ
3080 3322 3237 3376 τοῦτο
3265 3322 3440 3390 λέγειν
3461 3319 3702 3374 διδάσκει

2119 3426 2178 3478 ὲν
2206 3425 2272 3494 τῇ
2303 3421 2435 3490 εὑχῇ
2474 3419 2600 3482 τοὺς
2634 3417 2880 3489 μαθητάς
2898 3433 2910 3448 ·
2943 3415 3052 3470 Καὶ
3073 3414 3158 3485 μὴ
3174 3413 3525 3482 εἰσενέγκῃς
3549 3406 3698 3479 ἡμᾶς

2119 3517 2208 3580 εἰς
2235 3511 2596 3580 πειρασμὸν,
2629 3511 2793 3564 ἀλλὰ
2837 3509 3023 3577 ῥῦσαι
3052 3504 3207 3576 ἡμᾶς
3241 3506 3356 3559 ἀπὸ
3385 3503 3490 3558 τοῦ
3522 3516 3702 3566 πονη-

455 3596 613 3649 casin
653 3599 1012 3662 Mutationem,
1035 3600 1126 3652 sed
1158 3599 1320 3654 libera
1349 3618 1442 3655 nos
1469 3621 1500 3656 a
1522 3604 1658 3658 malo
1677 3605 1743 3658 ⁸³.
1796 3604 1930 3660 Nam
1974 3615 2025 3661 et

2125 3606 2248 3674 ροῦ.
2283 3606 2394 3658 Καὶ
2417 3605 2524 3676 γὰρ
2557 3604 2650 3658 καὶ
2691 3603 2752 3655 τὸ
2782 3601 2878 3654 τοῦ
2923 3599 3160 3671 πονηροῦ
3210 3598 3379 3669 δνομα
3441 3592 3696 3668 προαιρέ-

456 3685 581 3740 mali
611 3701 807 3742 nomen
838 3687 1062 3742 liberam
1085 3689 1304 3745 denotat
1331 3692 1677 3751 voluntatem.

2123 3695 2261 3760 σεώς
2285 3698 2400 3749 ἐστι
2427 3693 2740 3766 δηλωτικόν.

673 3801 800 3856 CAP.
840 3801 954 3858 Xll.
997 3802 1128 3857 Mali
1159 3817 1364 3872 nomen,
1391 3817 1446 3858 ut
1475 3806 1674 3861 diaboli
1715 3817 1762 3861 et
1795 3805 2028 3936 Scitanti,
2062 3813 2368 3870 voluntatis.
2403 3811 2656 3866 Diabolus
2691 3820 2896 3866 creatus
2935 3807 3086 3872 liber,
3129 3815 3186 3861 ut
3225 3813 3354 3862 esset
3381 3813 3565 3873 sponte

2003 3897 2154 3936 onus.

2003 3897 2154 3937 onus.

527 3961 584 4017 Si
613 3963 795 4033 igitur,
826 3963 1020 4032 quibus
1070 3965 1322 4020 omnibus
1376 3966 1687 4024 nominibus
1732 3969 2024 4042 insignitur

456 4053 586 4108 mali
621 4063 812 4108 auctor
838 4053 1154 4126 primusque
1181 4055 1398 4112 virtutis
1439 4057 1704 4126 desertor,
1733 4060 2024 4117 voluntatis

456 4145 678 4202 arbitrio
721 4145 841 4202 talis
889 4157 1008 4216 est;
1049 4161 1146 4218 per
1189 4149 1481 4204 essentiam
1529 4149 1704 4204 malus
1753 4165 1874 4206 esse
1917 4166 2023 4206 non

455 4246 653 4310 potest.
685 4237 836 4305 Quod
875 4241 920 4295 si
954 4241 1210 4305 dixerint,
1237 4241 1370 4297 Cum
1401 4249 1546 4297 esset
1572 4241 1872 4297 substantia
1909 4258 2026 4298 ma-

456 4330 542 4386 lus
574 4339 736 4401 atque
765 4342 976 4398 natura,
1004 4333 1302 4388 accessisse
1351 4343 1407 4387 et
1434 4348 1554 4404 quae
1583 4345 1738 4388 erant
1781 4333 2026 4389 volunta-

2197 3975 2260 4029 Εί
2300 3973 2480 4028 τοίνυν
2525 3973 2615 4027 διὰ
2643 3973 2879 4036 πάντων,
2915 3963 2990 4026 ὧν
3032 3969 3304 4040 σημαίνει,
3343 3968 3372 4020 ὁ
3397 3966 3700 4038 ἀρχέκακος

2126 4066 2220 4119 καὶ
2247 4065 2461 4137 πρῶτος
2487 4065 2799 4136 ἀποστάτης
2814 4063 2913 4134 τῆς
2939 4063 3140 4134 ἀρετῆς
3167 4059 3563 4133 προαιρετικῶς
3588 4055 3698 4108 ἐστι

2123 4157 2385 4220 τοιοῦτος,
2439 4157 2502 4210 οὐ
2524 4155 2744 4210 δύναται
2787 4156 2906 4208 κατ’
2939 4155 3127 4207 οὐσίαν
3150 4147 3287 4206 εἶναι
3334 4149 3536 4212 κακόςο
3572 4143 3698 4201 εἰδὲ

2124 4249 2332 4317 λέγοιεν
2357 4247 2534 4312 τοῦτο,
2587 4248 2669 4300 ὃτι
2697 4250 2762 4317 τῇ
2790 4246 2946 4316 οὐσίᾳ
2973 4244 3140 4308 κακὸς
3189 4242 3258 4296 ἂν
3283 4242 3470 4312 ἔτυχεν
3505 4239 3599 4294 καὶ
3631 4234 3696 4288 τὰ

2130 4339 2509 4412 προαιρετικὰ,
2553 4338 2620 4392 δι’
2661 4338 2698 4392 ἃ
2725 4338 2896 4400 οὕτως
2925 4337 3270 4406 ὠνόμασται·
3325 4335 3580 4395 ἴστωσαν,
3619 4331 3696 4383 ὃτι

459 4422 552 4489 tis,
597 4423 667 4477 ob
710 4437 830 4492 quae
884 4425 964 4478 sic
1023 4423 1333 4480 nominatus
1383 4433 1506 4486 est:
1549 4426 1721 4480 sciant
1754 4425 1840 4481 isti
1865 4427 1920 4480 in
1957 4425 2024 4482 iis

2128 4433 2187 4485 ὲν
2229 4434 2342 4496 τοῖς
2379 4431 2690 4485 οὺσιὼδεσιν
2733 4430 2794 4482 οὐ
2843 4427 3324 4500 παραλαμϐάνεται
3363 4425 3694 4497 προαίρεσις.

458 4523 578 4580 qua:
596 4508 666 4565 ad
689 4513 981 4566 essentiam
1021 4522 1266 4582 spectant
1295 4528 1360 4568 ac
1383 4513 1702 4569 substantiae
1742 4525 1889 4580 sunt,
1917 4530 2024 4570 non

2132 4520 2318 4584 Οὐδεὶς
2354 4521 2462 4592 γὰρ
2503 4522 2650 4591 λέγει
2685 4519 3080 4592 προαιρετικῶς
3109 4517 3246 4583 ζῶον
3277 4514 3436 4578 εἶναι,
3464 4517 3496 4585 ἢ
3522 4515 3694 4569 λίθον*

457 4601 657 4656 assmni
688 4617 753 4657 ea
777 4617 896 4672 qua:
917 4615 1046 4658 sunt
1070 4603 1251 4660 liberm
1275 4604 1586 4660 voluntatis.
1635 4603 1822 4660 Nullus
1880 4607 2024 4660 enim

2125 4611 2296 4668 ταῦτα
2319 4613 2428 4685 γὰρ
2487 4613 2743 4684 οὐσιώδη.
2777 4613 2936 4666 Ὅθεν
2959 4611 3079 4664 οὐδὲ
3106 4608 3486 4681 προαιρετικόν
3522 4621 3606 4660 τι’
3640 4605 3696 4654 ὲν

455 4693 606 4758 dicit,
641 4693 808 4750 libera
828 4694 1101 4751 voluntate
1131 4695 1330 4750 animal
1351 4709 1475 4752 esse
1503 4705 1599 4750 aut
1625 4696 1876 4766 lapidem.
1905 4696 2025 4752 Hice

2125 4703 2352 4769 ἐκείνοις
2381 4704 2490 4778 γὰρ
2522 4705 2590 4758 τὰ
2637 4702 3023 4776 προαιρετικὰ,
3077 4703 3136 4755 ὲν
3181 4696 3263 4764 οἷς
3291 4701 3384 4752 καὶ
3430 4701 3464 4771 ἡ
3511 4693 3696 4770 προαί-

455 4781 598 4836 enim
631 4784 1006 4840 substantialia
1035 4795 1201 4842 sunt:
1231 4786 1468 4856 hincque
1497 4795 1599 4854 est,
1655 4797 1714 4842 ut
1759 4787 1893 4841 nihil
1940 4790 2026 4845 hic
2123 4811 2294 4866 ρεσις.

454 4871 638 4930 liberte
670 4875 1078 4934 sitvoluntatis.
1134 4877 1192 4932 In
1247 4879 1332 4935 bis
1375 4880 1517 4935 enim
1563 4889 1690 4936 sunt
1739 4895 1860 4950 qua:
1903 4881 1973 4936 ad
2028 4882 2250 4942 liberam
2318 4896 2644 4944 vomntatem
2714 4896 2982 4958 spectant,
3029 4887 3081 4940 in
3135 4888 3327 4955 quibus
3373 4883 3540 4938 libera
3586 4883 3693 4950 ipsa

454 4963 701 5020 voluntas
727 4975 831 5021 est.

527 5056 636 5110 Sed
667 5057 894 5112 fortasse
915 5059 1128 5124 dicent,
1161 5059 1229 5116 Ut
1257 5061 1386 5133 quid
1437 5076 1566 5118 vero
1605 5079 1728 5120 eum
1759 5081 1852 5136 qut
1923 5073 2023 5124 da-

2211 5066 2349 5120 ’Δλλ’
2363 5065 2488 5130 ἴσως
2505 5065 2716 5137 ἐροῦσιν
2727 5084 2740 5098 ·
2755 5065 2852 5120 Διὰ
2867 5067 2918 5118 τί
2938 5066 3030 5120 τὸν
3043 5066 3184 5120 οὕτω
3203 5066 3462 5138 μέλλοντα
3482 5061 3693 5118 ἔσεσθαι

459 5162 679 5203 mnosus
709 5146 920 5205 futurus
946 5159 1134 5206 eratet
1151 5152 1318 5220 pestis
1337 5166 1401 5207 ac
1417 5151 1584 5222 labes,
1602 5157 1773 5212 bonus
1801 5157 1943 5213 Deus
1968 5159 2022 5214 in

2131 5158 2408 5230 βλαϐερὸν,
2443 5158 2476 5230 ἢ
2512 5157 2787 5228 λυμεῶνα,
2828 5159 2910 5222 εἰς
2935 5157 2997 5212 τὸ
3024 5153 3180 5212 εῖναι
3205 5159 3410 5228 ἤγαγεν
3443 5158 3473 5210 ὁ
3499 5152 3690 5226 ἀγαθὸς

456 5252 639 5294 rerum
672 5249 920 5292 naturam
956 5240 1252 5308 produxit?
1280 5241 1445 5312 Atqui
1485 5247 1658 5301 sciant
1685 5247 1777 5317 qui
1810 5248 1912 5305 hoc
1941 5250 2025 5304 di-

2129 5251 2291 5317 Θεός;
2329 5251 2591 5304 Ἴστωσαν
2615 5249 2672 5303 δὲ
2708 5249 2867 5304 τοῦτο
2901 5250 3171 5319 λέγοντες,
3193 5250 3275 5304 ὅτι
3313 5251 3411 5320 οὐχ
3441 5251 3572 5320 ἡμῖν
3599 5262 3692 5318 μο⁸

457 5339 623 5393 cunt,
661 5344 768 5385 non
804 5329 974 5385 solum
1011 5332 1168 5388 nobis
1197 5333 1510 5403 adversari,
1559 5339 1654 5393 sed
1689 5347 1746 5394 et
1773 5341 2025 5397 omnibus

2125 5357 2256 5404 νοις,
2289 5339 2422 5392 ἀλλὰ
2450 5339 2544 5393 καὶ
2582 5340 2747 5393 πᾶσιν
2775 5339 2888 5404 τοῖς
2911 5339 3214 5411 τιθεμένοις
3252 5340 3506 5410 πρόνοιαν
3548 5340 3691 5392 ἀντι-

457 5421 550 5490 qui
593 5421 984 5492 providentiam
1027 5431 1252 5491 ponunt.
1303 5424 1456 5480 Multi
1498 5429 1640 5483 enim
1691 5431 1854 5485 etiam
1899 5432 2023 5499 alii,

2125 5431 2435 5488 πίπτουσιν.
2466 5429 2658 5484 Πολλοὶ
2688 5431 2797 5502 γὰρ
2827 5431 2920 5485 καὶ
2948 5430 3096 5486 ἄλλοι
3125 5432 3395 5503 τιθέμενοι
3420 5431 3688 5503 πρόνοιαν,

459 5527 582 5567 cum
607 5512 997 5583 providentiam
1023 5525 1255 5584 ponant,
1287 5518 1583 5573 animantia
1603 5520 1785 5574 omnia
1818 5523 2025 5578 ratione

2125 5521 2190 5573 ὲκ
2219 5518 2355 5572 Θεοῦ
2386 5520 2637 5589 λέγουσιν
2663 5519 2803 5576 εἶναι
2828 5523 3008 5577 πάντα
3035 5523 3104 5578 τὰ
3132 5523 3323 5591 λογικὰ
3364 5522 3500 5585 ζῶα,
3525 5523 3582 5575 ὲν
3613 5514 3689 5579 οἷς

461 5605 665 5659 utentia
691 5617 758 5658 ex
783 5605 892 5660 Deo
917 5618 1038 5661 esse
1068 5606 1287 5673 dicunt,
1321 5609 1372 5663 ln
1403 5609 1599 5680 quibus
1627 5609 1788 5664 etiam
1825 5613 2025 5668 malitia

2127 5611 2320 5681 φύεται
2347 5612 2492 5683 καὶὴ
2525 5612 2712 5668 κακία.
2743 5615 2803 5668 El
2836 5611 2929 5670 οὖν
2956 5617 3084 5686 περὶ
3117 5615 3211 5670 τοῦ
3246 5615 3488 5669 διαϐόλου
3523 5612 3686 5668 ταῦτα

529 5781 574 5814 ιι
606 5781 762 5840 ιοηη,
809 5799 886 5851 τι,
937 5783 1024 5841 τι,
1101 5785 1146 5818 οι
1186 5783 1316 5839 una.
1351 5785 1439 5840 τε.
1515 5785 1562 5818 ³³
1601 5786 1785 5844 Matth.
1821 5805 1894 5858 Vi,
1930 5791 2025 5856 l5:

2127 5809 2192 5848 lC.
2229 5808 2304 5859 st,
2335 5793 2389 5849 4.
