4034 6448
501 445 637 502 “Ol

1734 442 2011 498 CONTRA
2050 441 2099 496 Μ
2106 441 2498 500 ANICH/EOS.

3609 448 3749 504 £109.

493 559 764 629 λέγουσιν,
794 556 888 613 καὶ
917 556 1045 627 περῒ
1088 554 1305 609 πάντων
1330 554 1440 609 τῶν
1479 555 1713 624 λογικῶν
1741 556 2066 625 ἀναγκάζον-

2178 573 2242 612 ac
2277 558 2467 611 vitium
2499 554 2691 611 oritur.
2727 553 2783 608 Si
2816 555 2980 628 igitur
3012 556 3126 612 haec
3154 557 3223 612 de
3265 558 3480 614 diabolo
3520 560 3706 616 dicunt
3729 600 3744 624 ,

493 668 583 703 ται
614 638 787 703 εἰπεῖν
828 647 1005 702 τοῦτο.
1034 648 1226 709 Ὅμως
1267 645 1324 699 δέ
1369 648 1529 717 ἡμεῖς
1562 647 1662 699 οὐκ
1704 648 1945 711 ἐκείνους
1990 666 2077 718 μι-

499 741 780 812 μούμενοι,
811 739 1018 810 φαμένο
1051 740 1125 792 Οὐ
1157 738 1355 802 κακίας
1380 738 1553 801 αἴτιος
1580 738 1609 789 ὁ
1639 740 1871 808 ποιήσας
1894 739 1956 793 τὸ
1981 740 2075 793 δυ-

495 831 727 901 νάμενον
761 830 817 897 ἐξ
852 830 986 893 ιδίας
1017 830 1189 900 ῥοπῆς
1235 832 1316 893 εἰς
1346 829 1546 883 κακίαν
1594 829 1788 883 ἐλθεῖν.
1844 831 2076 899 Λογικδν

494 923 605 994 γὰρ
651 921 1053 975 κατεσκεύασεν
1087 921 1242 987 ζῶον,
1278 922 1307 975 ὃ
1355 922 1603 976 ἐϐούλετο
1645 918 1785 976 εἶναι
1830 923 1938 976 ἀπὸ
1975 924 2074 995 τῆς

496 1013 689 1066 ἐαυτοῦ
718 1011 1085 1084 προαιρέσεως
1119 1012 1341 1080 ἀγαθὸν,
1374 1011 1495 1082 ἔχον
1519 1013 1597 1075 εἰς
1623 1013 1858 1083 ἑκάτερα
1889 1012 2075 1084 ρέπειν

494 1103 555 1155 τὸ
617 1101 979 1167 αὐτεξούσιον.
1046 1103 1275 1171 Ἀγαθὸν
1331 1103 1440 1173 γὰρ
1486 1104 1648 1156 αὑτὸν
1694 1103 1944 1156 ἐϐούλετο
1994 1100 2073 1157 εῖ-

492 1210 603 1256 ναι,
639 1193 753 1264 (51)
782 1194 1049 1257 ἑκουσίως
1070 1193 1397 1266 αἱρούμενον
1425 1194 1488 1247 τὸ
1520 1194 1739 1263 ἀγαθόν.
1757 1196 1941 1259 Οὐδεὶς
1964 1196 2072 1267 γὰρ

493 1284 734 1356 γενητῶν
784 1283 931 1338 ἄκων
975 1285 1177 1354 ἀγαθὸς
1219 1282 1375 1338 εἶναι’
1415 1286 1659 1339 δύναται·
1702 1287 1836 1339 ἀλλὰ
1871 1289 2072 1352 πάντες

492 1378 543 1429 οἱ
576 1376 727 1441 ὄντες
756 1377 948 1445 ἀγαθοὶ
989 1378 1249 1442 ἑκουσίως
1282 1379 1418 1432 εἰσὶν
1437 1379 1686 1434 τοιοῦτοι.
1719 1380 1866 1434 Ἔδει
1892 1380 2071 1433 τοίνυν

492 1469 584 1521 τὸν
617 1469 929 1541 προαιρέσει
954 1472 1021 1541 τῇ
1066 1470 1259 1524 ἑαυτοῦ
1306 1470 1508 1538 ἀγαθὸν
1539 1472 1814 1542 ἐσόμενον,
1843 1472 2071 1543 δύναμιν

495 1563 637 1633 ἐχειν
667 1562 764 1634 τὴν
791 1562 958 1632 αὐτὴν
989 1565 1057 1633 τῇ»
1084 1563 1480 1633 ἐπιτηδειότητι
1513 1564 1650 1635 πρὸς
1684 1562 1943 1633 ἀνάληψιν
1976 1563 2068 1617 τοῦ

493 1655 720 1724 ἀγαθοῦ.
770 1654 969 1709 Εἵπετο
1013 1656 1070 1708 δέ
1134 1655 1196 1707 τὸ
1243 1656 1493 1709 δεκτικὸν
1551 1654 1645 1709 τοῦ
1714 1656 1919 1724 ἀγαθοῦ
1974 1658 2070 1711 καὶ

493 1745 669 1813 κακοῦ
734 1745 982 1799 δεκτικὸν
1029 1742 1199 1799 εἶναι·
1252 1744 1394 1798 οὕτω
1462 1745 1952 1816 κατεσκευασμένῳ
1991 1743 2069 1815 τῷ

495 1836 730 1909 λογικῷ,
797 1837 934 1905 πρὸς
987 1837 1186 1910 ἀρετὴν
1243 1837 1338 1891 καὶ
1406 1837 1606 1891 κακίαν
1657 1837 1884 1909 δύναμιν
1901 1839 2065 1909 ἐχειν,

2177 664 2401 704 necesse
2444 657 2555 710 est,
2593 656 2650 700 ιιι
2681 657 2737 702 et
2768 649 2833 701 de
2864 649 3116 702 omnibus
3142 648 3325 703 dicant
3364 652 3572 705 ratione
3608 667 3752 719 prae-

2177 741 2303 794 ditis
2339 750 2502 808 alque
2542 738 2756 792 animis.
2792 736 2904 793 Nos
2930 738 3206 793 enimvero
3233 739 3324 808 qui
3376 740 3495 793 illos
3526 741 3749 796 minime

2176 845 2484 901 sequamur,
2540 831 2807 894 dicimus,
2859 844 2962 885 non
3003 843 3123 884 esse
3165 830 3291 884 mali
3333 842 3607 885 auctorem
3658 834 3749 902 qui

2177 939 2299 979 emn
2332 923 2585 993 produxit
2619 937 2683 976 ac
2713 922 2875 987 fecit,
2909 921 3002 991 qui
3034 936 3130 976 sua
3166 920 3281 989 ipse
3308 923 3530 991 proclivi
3561 922 3751 977 volun-

2175 1026 2285 1070 tate
2311 1025 2553 1083 nutuque
2570 1015 2622 1067 in
2643 1014 2838 1067 malum
2857 1028 3079 1082 vergere
3093 1014 3469 1082 potest,eique
3487 1014 3754 1070 obnoxius

2174 1122 2316 1162 esse.
2344 1104 2480 1160 Dum
2504 1106 2647 1160 enim
2678 1105 2874 1159 animal
2903 1106 3145 1161 condidit
3192 1106 3418 1161 rationis
3448 1107 3750 1176 particeps,

2174 1197 2346 1252 voluit
2375 1213 2469 1252 sua
2507 1197 2678 1266 ipsum
2713 1196 2989 1252 voluntate
3015 1212 3079 1251 ac
3108 1198 3334 1253 arbitrio
3367 1200 3563 1252 bonum
3598 1199 3714 1253 fore
3734 1242 3749 1265 ,

2173 1303 2235 1344 ea
2259 1290 2510 1344 facultate
2540 1289 2845 1357 praeditum,
2869 1303 2973 1358 qua
3000 1289 3187 1344 liceret
3207 1291 3273 1344 ad
3305 1290 3617 1345 utrumlibet
3639 1305 3754 1344 ver-

2174 1395 2321 1449 gere.
2372 1378 2597 1433 Volebat
2633 1380 2775 1433 enim
2821 1379 2996 1448 ipsum
3039 1380 3238 1434 bonum
3295 1396 3455 1447 esse,
3505 1382 3752 1451 eligendo

2172 1481 2365 1539 Sponte
2389 1473 2529 1541 quod
2579 1472 2774 1526 bonum
2813 1479 2917 1524 est.
2964 1469 3154 1526 Nullus
3203 1473 3348 1526 cnim
3401 1473 3453 1526 i-u
3517 1472 3581 1526 iis
3633 1486 3753 1542 quae

2171 1562 2386 1617 condita
2414 1571 2573 1626 sunt,
2609 1562 2809 1616 invitus
2850 1563 3026 1615 bonus
3058 1576 3182 1617 esse
3220 1571 3442 1632 potest;
3494 1562 3587 1616 sed
3625 1577 3749 1615 om-

2171 1670 2267 1709 nes
2296 1655 2384 1723 qui
2418 1653 2540 1708 boni
2569 1663 2730 1717 sunt,
2766 1652 3138 1723 sponte‘talcs
3184 1661 3331 1708 sunt.
3382 1652 3560 1719 Quare
3587 1668 3753 1721 olior-

2171 1747 2347 1811 tebat,
2376 1754 2433 1799 ut
2458 1745 2548 1815 qui
2577 1745 2850 1800 voluntate
2877 1758 2974 1799 sua
3009 1743 3219 1799 futurus
3247 1754 3390 1799 esset
3420 1744 3593 1797 bonus
3613 1783 3629 1807 ,
3663 1759 3751 1811 po-

2171 1846 2417 1892 testatem
2441 1837 2687 1901 haberet,
2717 1850 2821 1906 qua
2852 1835 3076 1890 idoneus
3105 1843 3161 1889 et
3188 1844 3343 1904 aptus
3382 1844 3526 1890 esset
3561 1836 3628 1889 ad
3664 1835 3755 1888 bo-

493 1929 679 2000 ἐντολὴ
733 1929 941 1983 δέδοται
990 1930 1138 1993 ὅπως
1199 1929 1296 2000 τὴν
1345 1930 1443 2001 μὲν
1502 1928 1702 2000 ἀρετὴν
1758 1931 1877 1983 κατ’
1927 1930 2066 2000 ἐνέρ‹

2183 1945 2308 1982 num
2341 1929 2727 1995 capessendum
2767 1941 2831 1980 ac
2859 1927 3000 1994 quod
3029 1926 3313 1980 honestum
3348 1932 3508 1979 esset.
3540 1923 3752 1992 Seque-

494 2038 669 2089 γειαν,
697 2020 792 2091 τὴν
819 2021 877 2075 δέ
915 2021 1129 2075 κακίαν·
1147 2022 1269 2074 κατ’
1307 2020 1719 2092 ἐπιτηδειότητα
1746 2022 1914 2092 μόνην
1935 2020 2067 2092 ἔχει.

505 2113 564 2164 Ὀ
584 2112 693 2184 γὰρ
722 2111 815 2164 τοῦ
861 2111 1363 2184 δημιουργήσαντος
1410 2114 1574 2182 νόμος
1624 2113 1941 2183 προτρέπει,
1978 2113 2072 2165 καὶ

493 2201 722 2270 ἀλείφει,
769 2200 865 2254 καὶ
900 2204 1147 2271 συνεργεῖ
1188 2201 1324 2273 πρὸς
1352 2201 1580 2272 ἀρετὴν,
1611 2202 1934 2273 ἀποτρέπων
1974 2201 2072 2272 τὴν

498 2293 658 2362 φύσιν
684 2294 783 2363 τῆς
809 2296 1024 2354 κακίας.
1057 2291 1175 2345 Κᾶν
1196 2292 1375 2345 τοίνυν
1410 2292 1689 2364 ἐνυπάρχῃ
1716 2292 1941 2364 δύναμις
1969 2310 2072 2347 κα-

494 2385 621 2449 κίας
648 2386 705 2437 ἐν
726 2384 805 2455 τῷ
830 2383 1055 2455 λογικῷ,
1089 2385 1147 2437 ού
1175 2384 1263 2438 διὰ
1294 2384 1391 2456 τὴν
1412 2385 1637 2455 δύναμιν
1659 2385 1860 2455 φαῦλον
1896 2385 2069 2440 τοῦτο.

503 2475 852 2547 Ἀμφοτέρων
882 2476 1011 2545 γὰρ,
1039 2476 1242 2545 ἀρετῆς
1282 2476 1374 2529 καὶ
1401 2475 1598 2539 κακίας
1624 2476 1786 2543 λέγω,
1828 2477 1885 2529 αί
1914 2476 2073 2530 δυνά-

496 2585 616 2637 μεις
661 2567 754 2619 καὶ
784 2567 1153 2637 προαιρέσεις.
1205 2565 1521 2637 Αἱρούμεθα
1550 2566 1657 2638 γὰρ
1685 2568 1887 2639 ἀρετῆς
1929 2567 2075 2637 ἐχειν

491 2659 741 2728 δύναμιν,
774 2659 862 2712 ἵνα
889 2659 982 2711 καὶ
1010 2657 1299 2711 ἀναλαϐεῖν
1321 2658 1439 2711 κατ’
1464 2660 1743 2731 ἐνέργειαν
1768 2658 2072 2729 δυνώμεθα’

493 2747 797 2819 αἱρούμεθα
823 2748 916 2800 καὶ
946 2748 1142 2812 κακίας
1170 2748 1317 2819 ἔχειν
1336 2748 1582 2819 δύναμιν.
1610 2752 1651 2801 Τ
1654 2750 1740 2802 ἁτε
1766 2751 1874 2821 γὰρ
1905 2750 2074 2819 αὐτὴν

492 2839 709 2910 ἔχομεν,
744 2840 869 2891 ὅταν
891 2840 948 2891 ἐν
1010 2839 1257 2911 ἐνεργείᾳ
1301 2841 1398 2911 τὴν
1454 2841 1654 2912 ἀρετὴν
1692 2841 1926 2911 ἔχωμεν.
1964 2840 2075 2893 Καὶ

491 2931 589 3002 οὐχ
619 2931 775 3001 ἡμῶν
804 2930 978 3002 μόνων
1010 2932 1187 3002 ήδόξα
1203 2931 1363 3004 αὕτη,
1388 2934 1522 2986 ἀλλά
1547 2934 1639 2986 καὶ
1662 2937 1879 2988 πάντων
1900 2933 2073 3002 ὀρθῶς

492 3022 620 3092 περὶ
644 3022 752 3075 τῶν
781 3021 1012 3089 λογικῶν
1036 3021 1189 3086 ζώων
1216 3023 1713 3095 φιλοσοφησάντων.

2180 2020 2339 2073 batur
2366 2028 2541 2074 autem
2566 2059 2580 2084 ,
2612 2019 2827 2086 utquod
2864 2017 3061 2073 bonum
3097 2030 3290 2084 capere
3317 2025 3531 2083 posset,
3568 2023 3752 2086 posset

2173 2120 2228 2163 et
2254 2110 2486 2177 malum,
2528 2113 2607 2166 sic
2651 2110 2910 2166 fabricata
2945 2109 3191 2165 rationali
3223 2107 3519 2163 substantia
3544 2147 3560 2171 ,
3590 2114 3647 2160 ut
3681 2107 3750 2159 ad

2172 2204 2424 2254 virtutem
2471 2202 2767 2269 vitiumque
2810 2199 3119 2254 facultatem
3165 2200 3425 2266 haberet,
3466 2199 3651 2252 datum
3696 2204 3747 2250 ei

2180 2293 2495 2347 mandatum
2523 2303 2634 2359 est,
2664 2304 2723 2347 ut
2747 2293 2996 2347 virtutem
3026 2292 3079 2347 in
3112 2301 3269 2357 actu,
3293 2291 3483 2345 vitium
3515 2305 3641 2345 \ero
3667 2305 3753 2345 so-

2175 2385 2285 2439 lum
2327 2387 2626 2455 aptitudine
2667 2387 2909 2440 haberet.
2939 2385 3216 2440 Creatoris
3247 2399 3479 2454 namque
3510 2383 3593 2437 lex
3624 2384 3751 2438 hor-

2179 2487 2346 2543 tatur,
2383 2477 2620 2545 facitque
2654 2477 2863 2531 animos
2903 2486 3064 2546 atque
3110 2476 3330 2545 adjuvat
3357 2477 3425 2529 ad
3457 2474 3748 2540 virtutem,

2175 2585 2411 2624 avocans
2443 2578 2694 2622 naturam
2725 2585 2754 2623 a
2788 2568 2935 2623 vitio.
2965 2567 3225 2634 Quamvis
3269 2567 3436 2637 igitur
3475 2566 3605 2619 insit
3634 2566 3748 2619 vitii

2177 2658 2406 2713 facultas
2445 2660 2495 2711 in
2533 2668 2719 2712 utente
2754 2658 2962 2711 ratione
2992 2673 3008 2722 ;
3043 2671 3147 2710 non
3179 2667 3399 2726 propter
3430 2656 3743 2711 facultatem

2176 2753 2347 2804 malus
2376 2759 2459 2804 est
2488 2752 2578 2820 qui
2608 2768 2669 2804 ea
2698 2752 2953 2818 prteditus
2979 2758 3063 2804 est
3089 2767 3103 2803 :
3136 2750 3201 2802 ad
3233 2748 3547 2802 utrumlibet
3597 2764 3751 2801 nam-

2176 2858 2303 2911 que,
2323 2843 2576 2897 virtutem
2606 2844 2814 2899 scilicet
2842 2850 3002 2911 atque
3029 2840 3240 2902 vitium,
3268 2855 3327 2893 se
3355 2840 3555 2893 habent
3578 2838 3749 2893 facul-

2177 2944 2316 2989 tates
2344 2945 2505 3004 atque
2542 2936 2721 2991 libera:
2758 2936 3079 2989 voluntates.
3124 2930 3318 2986 Libere
3356 2931 3501 2984 enim
3547 2930 3749 2983 habere

2186 3026 2400 3079 virtutis
2431 3024 2736 3081 facultatem
2789 3026 3161 3088 volumus,ut
3216 3034 3271 3077 et
3335 3025 3385 3076 in
3450 3030 3573 3078 actu
3635 3021 3751 3090 ejus

492 3130 771 3186 computes
811 3115 944 3169 efﬁci
987 3117 1262 3170 valeamus
1290 3132 1304 3168 :
1332 3119 1446 3170 vitii
1491 3132 1704 3186 quoilue
1749 3116 2051 3171 facultatem
2117 3118 2315 3172 habere
2367 3118 2536 3174 libere
2588 3120 2855 3172 volumus.
2906 3117 3057 3173 Tunc
3101 3120 3244 3174 enim
3292 3133 3413 3173 eam
3454 3118 3747 3181 habemus,

492 3226 612 3263 cum
642 3212 896 3263 virtutem
929 3210 979 3262 in
1012 3217 1132 3263 actu
1166 3210 1444 3280 ipsamque
1508 3212 1800 3266 exercitam
1871 3213 2247 3267 habuerimus.
2280 3210 2466 3279 Neque
2528 3212 2641 3265 lucc
2709 3221 2887 3265 nostra
2926 3212 3187 3265 duntaxat
3213 3210 3394 3281 opinio
3423 3220 3541 3277 est,
3572 3210 3665 3264 sed
3696 3226 3752 3263 8|-

492 3305 729 3357 omnium
762 3304 851 3372 qui
888 3302 954 3356 de
989 3301 1183 3356 animis
1242 3313 1404 3372 atque
1463 3304 1945 3372 rationeprmditis
1978 3314 2123 3358 recte
2165 3313 2290 3359 sunt
2316 3302 2701 3374 pltilOSOphati.

491 3419 620 3472 Car.
662 3415 796 3470 Xlll.
841 3414 977 3467 Deus
1024 3429 1126 3466 non
1160 3426 1234 3468 est
1269 3426 1456 3470 auctor
1493 3417 1712 3486 peccati.
1765 3416 1957 3497 Omnes
1996 3419 2159 3499 animi
2211 3418 2330 3471 Ι)οηὶ
2380 3419 2541 3499 creati
2584 3426 2633 3470 et
2672 3416 2741 3469 ad
2785 3418 2995 3471 bonum.
3043 3418 3185 3471 Arus
3232 3434 3428 3472 aousus
3469 3426 3518 3471 et
3552 3435 3745 3487 .egum,

1770 3489 1900 3554 ipsis
1934 3489 2108 3540 invitis
2145 3503 2195 3543 et
2230 3489 2478 3541 innoxiis.

561 3580 679 3633 Κᾶν
712 3579 893 3633 τοίνυν
939 3581 1037 3652 τὴν
1077 3580 1263 3633 οὐσίαν
1305 3578 1403 3648 τὴν
1448 3578 1789 3650 καλουμένην
1820 3579 2065 3633 διάϐολον

2240 3581 2394 3636 Licet
2426 3581 2588 3651 igitur
2619 3580 2758 3636 Deus
2802 3580 3162 3635 substantiam
3206 3582 3444 3636 condidit
3477 3597 3596 3651 quae
3629 3583 3747 3636 dia-

489 3673 519 3723 ὁ
551 3671 681 3734 Θεὸς
712 3671 984 3735 ἐποίησεν,
1036 3672 1156 3741 οὐχὶ
1199 3670 1443 3723 διάϐολον
1488 3671 1657 3741 αὐτὴν
1713 3671 2067 3741 ἐδημιούργη-

492 3780 603 3827 σεν,
645 3764 781 3817 ἀλλὰ
808 3764 1061 3835 δεκτικὴν
1094 3762 1314 3832 ἀρετῆς,
1349 3762 1435 3814 ἵνα
1457 3762 1660 3834 ταύτην
1688 3763 1785 3835 ἔχῃ
1808 3781 1820 3793 ·
1856 3763 1950 3816 καὶ
1976 3763 2063 3815 δε-

490 3856 683 3925 κτικὴν
707 3856 923 3919 κακίας,
955 3854 1043 3907 ἵνα
1064 3854 1268 3924 ταύτης
1290 3855 1580 3924 ἀπέχηται.
1599 3856 1751 3907 Ἐπεὶ
1772 3854 1880 3926 γὰρ
1905 3857 2065 3909 ἀσυν-

490 3948 769 4017 άρπακτος
798 3948 908 4019 (52)
940 3949 972 4019 ὴ
1000 3946 1167 4018 ἁρετὴ
1196 3949 1261 4016 τῇ
1294 3946 1477 4016 κακίᾳ,
1512 3945 1638 4017 φίλη
1676 3947 1733 4001 δὲ
1778 3947 1855 4017 τῷ
1885 3946 2003 4016 Θεῷ
2028 3948 2083 4018 ἡ.

489 4041 678 4111 ἀρετὴ,
712 4040 1034 4111 ἀμφοτέρων
1081 4038 1180 4101 τὰς
1225 4038 1483 4107 δυνάμεις
1520 4039 1681 4103 ἐνιεὶς
1728 4039 1807 4110 τῷ
1856 4038 2059 4110 λογικῷ

487 4132 577 4186 διὰ
608 4131 765 4184 τοῦτο
816 4132 1010 4201 ἐνῆκεν
1055 4132 1245 4195 αὐτὰς,
1281 4132 1365 4185 ἵνα
1392 4131 1489 4201 τὴν
1521 4132 1616 4201 μὲν
1657 4131 1737 4194 εἰς
1783 4130 2064 4201 ἐνέργειαν

492 4222 903 4294 μεταλάϐωμεν,
937 4224 1037 4293 τῆς
1064 4223 1120 4276 δέ
1151 4223 1342 4295 ἐτέρας
1388 4222 1669 4291 δυνάμεως
1717 4221 1809 4274 τοῦ
1852 4222 2060 4286 τέλους,

487 4315 623 4385 ὅπερ
646 4314 793 4366 ἐστὶν
818 4316 850 4383 ή
876 4313 1144 4383 ἐνέργεια,
1172 4310 1693 4383 ἀπεχώμεθα.Ὥστε
1714 4310 1933 4378 γέγονεν
1953 4311 2063 4363 πᾶν

488 4404 700 4472 λογικὸν
740 4405 833 4456 ἐπὶ
859 4402 941 4473 τῷ
974 4404 1257 4456 σπουδαῖον
1297 4397 1457 4464 εἶναι,
1494 4401 1586 4454 καὶ
1629 4400 1703 4471 μὴ
1736 4399 1956 4468 φαῦλον.
1999 4399 2067 4451 Εἴ

486 4516 607 4552 τινα
632 4495 723 4551 οὖν
750 4498 856 4550 τῶν
892 4496 1124 4565 λογικῶν
1163 4497 1263 4563 τὴν
1309 4493 1553 4547 ἐναντίαν
1598 4492 1937 4564 δεδράμηκεν
1983 4491 2062 4561 τῷ

488 4589 810 4660 πεποιηκότι
838 4590 930 4641 καὶ
964 4587 1368 4659 προνοουμένῳ,
1403 4586 1463 4638 οὐ
1488 4584 1584 4638 τοῦ
1610 4586 1931 4655 ποιήσαντος
1964 4586 2060 4637 καὶ

486 4680 946 4750 νομοθετήσαντος
1004 4679 1037 4746 ἡ
1085 4676 1256 4743 αἰτία,
1308 4674 1445 4728 ἀλλά
1488 4674 1598 4727 τῶν
1649 4672 2060 4726 άντιτεινάντων

486 4772 624 4843 πρὸς
677 4773 803 4835 τοὺς
854 4770 1108 4833 δοθέντας
1162 4768 1256 4822 καὶ
1297 4766 1433 4838 πρὸς
1471 4768 1597 4830 τοὺς
1634 4766 2059 4839 προνοουμένους

486 4866 702 4935 νόμους.

2174 3674 2327 3729 bolus
2361 3683 2722 3743 nuncupatur,
2758 3689 2865 3727 non
2902 3685 3077 3728 tamen
3109 3676 3280 3742 ipsam
3314 3675 3582 3730 diabolum
3616 3690 3747 3730 cou-

2170 3765 2308 3818 didit
2333 3803 2348 3829 ,
2376 3766 2469 3819 sed
2495 3765 2713 3820 virtutis
2737 3779 3024 3835 capacem,
3049 3773 3106 3817 ut
3134 3764 3274 3818 illam
3302 3766 3742 3831 nancisceretur;

2172 3863 2226 3910 et
2259 3855 2374 3909 vitii
2404 3870 2657 3925 capacem
2680 3894 2695 3919 ,
2733 3866 2790 3909 ut
2824 3856 2892 3910 ab
2930 3856 3048 3925 ipso
3085 3869 3208 3910 sese
3248 3857 3570 3912 abstineret.
3607 3858 3743 3925 Quia

2170 3948 2315 4002 enim
2347 3947 2523 4002 virtus
2549 3963 2669 4003 cum
2710 3946 2844 4001 vitio
2884 3947 3046 4001 simul
3082 3948 3348 4003 exsiStere
3383 3963 3489 4003 non
3530 3959 3742 4020 potest;

2169 4047 2247 4093 est
2281 4046 2460 4092 autem
2492 4040 2665 4093 amica
2694 4039 2803 4094 Deo
2833 4039 3041 4104 virtus;
3069 4040 3351 4108 utriusque
3378 4038 3635 4096 facultate
3665 4043 3746 4096 in-

2169 4129 2282 4184 dita
2310 4130 2479 4184 utenti
2508 4130 2748 4196 ratione,
2773 4139 3054 4200 propterea
3082 4130 3313 4196 indidit,
3342 4140 3398 4186 ut
3424 4132 3590 4186 altera
3622 4134 3743 4203 qui-

2169 4221 2291 4275 dem
2325 4221 2390 4274 ad
2415 4229 2592 4274 actum
2619 4223 3003 4289 capessendum
3033 4220 3239 4290 praediti
3267 4234 3541 4287 essemus,
3571 4222 3639 4277 ab
3664 4224 3742 4277 al-

2170 4315 2340 4368 terius
2369 4324 2549 4367 autem
2582 4314 2687 4368 line
2721 4313 2989 4368 facultatis
3010 4353 3025 4377 ,
3056 4314 3146 4382 qui
3176 4322 3258 4368 est
3286 4315 3529 4381 operatio
3558 4325 3740 4369 actus-

2168 4421 2307 4477 que,
2351 4405 2765 4461 abstiueremus.
2795 4406 2975 4475 Itaque
3002 4419 3191 4458 omnes
3225 4405 3388 4458 animi
3416 4406 3581 4459 creati
3613 4416 3742 4460 sunt

2169 4506 2226 4552 ut
2252 4506 2433 4553 essent
2457 4496 2644 4566 probi,
2676 4510 2780 4550 non
2812 4496 2960 4548 mali.
2991 4495 3047 4548 Si
3078 4496 3165 4562 qui
3199 4495 3363 4563 igitur
3392 4495 3444 4548 in
3477 4497 3577 4560 eis,
3609 4512 3741 4551 cou-

2170 4591 2332 4644 traria
2370 4589 2579 4644 auctori
2606 4602 2703 4642 suo
2733 4602 2796 4641 ac
2821 4586 3158 4655 providentia
3191 4588 3399 4655 regenti
3433 4587 3517 4641 via
3545 4604 3740 4643 cucur-

2167 4689 2391 4745 rerunt,
2428 4695 2533 4735 non
2570 4681 2683 4734 haec
2720 4677 3018 4733 conditoris
3063 4676 3219 4746 culpa
3265 4691 3329 4733 ac
3373 4678 3735 4746 legislatoris,

2165 4776 2258 4829 sed
2284 4787 2471 4828 eorum
2499 4810 2515 4835 ,
2560 4772 2650 4839 qui
2683 4779 2870 4825 contra
2913 4772 3057 4841 leges
3091 4772 3243 4825 datas
3272 4771 3599 4841 provideque
3624 4774 3738 4828 dis-

2164 4866 2367 4936 positas
2391 4865 2590 4919 obnixe
2617 4863 2944 4917 obstiterunt

569 4952 815 5026 Ὁρῶμεν
844 4951 973 5021 γοῦν
1006 4953 1100 5005 καὶ
1138 4953 1218 5014 είς
1246 4951 1391 5022 ἡμᾶς
1425 4950 1641 5012 αὐτοὺς,
1666 4946 1752 4999 ἀεὶ
1783 4944 1956 5000 ταῦτα
1972 4961 2059 5013 γι-

2240 4956 2493 5011 Videmus
2532 4957 2586 5010 in
2630 4957 2789 5010 nobis
2825 4957 2957 5027 ipsis
2995 4957 3110 5012 haec
3149 4971 3291 5026 srepe
3323 4957 3571 5013 accidere
3596 4999 3611 5025 ,
3645 4974 3735 5028 qui

487 5047 703 5117 νόμενα,
748 5047 785 5100 ἃ
814 5045 1138 5115 παιδεύομεν
1170 5045 1238 5098 τὰ
1259 5044 1443 5104 τέκνα,
1470 5043 1588 5094 κατ’
1623 5041 1935 5110 ἐπιστήμην
1969 5037 2058 5089 αὐ-

486 5139 555 5191 τὰ
593 5138 812 5204 ἀνάγειν
857 5136 1189 5207 βουλόμενοι,
1231 5134 1317 5187 ἵνα
1365 5134 1459 5186 καὶ
1486 5132 1686 5202 ταύτην
1727 5129 2053 5201 ἐνεργῶσιν·

488 5231 549 5281 ού
569 5231 782 5293 πάντως
808 5230 865 5282 δέ
890 5228 1062 5291 οὕτως
1084 5226 1415 5298 ἐνεργοῦσιν,
1442 5226 1517 5289 ὡς
1544 5222 1918 5293 ἐδιδάχθησαν·
1939 5220 2055 5274 ἀλλ’

489 5323 633 5375 ἐστιν
663 5323 749 5375 ὅτε
779 5322 1033 5385 ἐναντίως
1067 5321 1251 5375 πολλοὶ
1283 5321 1388 5373 υἱοὶ
1412 5318 1563 5390 παρά
1597 5317 1847 5387 πατέρων
1884 5312 2057 5382 ἰατροὶ

487 5414 904 5486 ἀνατραφέντες,
954 5416 1016 5466 οὐ
1065 5414 1286 5475 δεόντως
1316 5410 1553 5483 χρῶνται
1600 5410 1666 5477 τῇ
1705 5407 1939 5477 ἰατρικῇ,
1988 5402 2056 5455 τὰ

488 5507 740 5561 νοσοποιά
768 5507 887 5559 ἀντὶ
916 5507 1021 5559 τῶν
1048 5505 1299 5574 ὑγιεινῶν
1336 5507 1450 5567 τοῖς
1482 5500 1840 5571 κακουμένοις
1880 5515 2054 5570 προσ-

488 5597 741 5665 άγοντες·
783 5596 874 5650 καὶ
901 5598 961 5650 ού
997 5596 1169 5668 δήπου
1203 5598 1237 5666 ή
1289 5593 1527 5667 ἰατρικὴ,
1556 5592 1589 5662 ἢ
1621 5594 1649 5645 ὁ
1681 5593 1882 5661 ταύτην
1925 5607 2056 5642 παι-

564 5780 678 5853 (51)
707 5781 949 5853 Ἀγαθὸν
975 5781 1083 5851 γὰρ
1115 5783 1299 5836 αὐτὸν
1340 5781 1620 5837 ἐϐούλετο
1674 5775 1847 5853 εἷναι.
1901 5777 2043 5853 Tur-

489 5848 708 5906 riaiius:
749 5848 954 5906 Volebat
980 5848 1113 5907 enim
1137 5862 1191 5907 ut
1220 5856 1371 5907 homo
1411 5862 1537 5907 esset
1585 5853 1766 5906 bonus.
1803 5848 1916 5906 Non
1953 5852 2045 5908 bc-

2164 5047 2364 5103 liberos
2388 5048 2703 5101 erudiamus
2730 5061 2796 5103 eo
2830 5047 3012 5101 animo
3035 5087 3051 5113 ,
3086 5057 3145 5101 ut
3188 5050 3252 5101 ad
3294 5049 3577 5104 scientiam
3617 5050 3736 5107 illos

2163 5140 2552 5211 provebamus,
2591 5152 2700 5208 quo
2745 5137 2843 5207 ipsi
2879 5138 3102 5208 perinde
3144 5139 3425 5209 disciplina
3473 5151 3732 5207 utantur;

2164 5245 2285 5285 cum
2318 5238 2496 5283 tamen
2530 5226 2752 5283 omnino
2784 5236 2843 5280 ut
2877 5226 3051 5280 edocti
3083 5235 3247 5291 sunt,
3287 5227 3398 5296 ipsa
3436 5243 3540 5282 non
3572 5237 3731 5281 utau-

2160 5331 2245 5376 tur
2269 5336 2283 5373 :
2316 5321 2425 5375 imo
2451 5320 2714 5390 contingit
2741 5317 3029 5387 aliquando
3055 5358 3070 5383 ,
3099 5329 3158 5372 ut
3184 5318 3333 5373 multi
3366 5318 3457 5372 lilii
3484 5335 3513 5372 a
3539 5335 3734 5389 paren-

2158 5408 2300 5461 tibus
2331 5407 2382 5459 in
2415 5414 2532 5460 arte
2562 5404 2771 5459 medica
2801 5404 3033 5465 eruditi,
3059 5419 3167 5457 non
3195 5414 3255 5458 ut
3281 5412 3492 5472 oportet
3519 5421 3581 5458 ea
3612 5416 3731 5458 arte

2157 5505 2420 5557 utantur;
2460 5494 2553 5550 scd
2584 5494 2764 5564 potius
2805 5509 2902 5563 pro
2944 5495 3250 5547 salubribus
3296 5507 3358 5547 ea
3392 5494 3609 5562 mgrotis
3635 5495 3732 5548 ad-

2158 5586 2412 5649 hibeant,
2463 5599 2583 5656 quae
2629 5585 2741 5654 ipsa
2797 5585 3040 5640 morbida
3088 5584 3345 5654 qualitate
3389 5583 3456 5638 iis
3495 5583 3726 5639 exitiosa

2154 5795 2221 5835 ne
2247 5795 2260 5831 :
2288 5792 2408 5829 cum
2444 5776 2714 5845 praecipue
2740 5788 2925 5845 sermo
2945 5774 3016 5827 sit
3038 5774 3104 5828 de
3134 5771 3365 5845 diabolo.

2223 5847 2335 5918 (52)
2361 5843 2872 5917 Ἀάυνάρπακτος.
2908 5843 3034 5914 Leg.
3071 5844 3507 5913 ἁσυνύπαρκτος.
