4034 6384
406 391 542 447 “05

1648 399 1930 456 CONTRA
1970 403 2414 462 MANICHIEOS.
2445 432 2448 434 ·

3519 411 3656 468 “06

405 505 480 556 Οὐ
511 504 618 574 γὰρ
643 502 884 574 δέχονται
914 505 1003 560 τὸν
1042 505 1350 579 Βαπτιστὴν
1395 509 1664 581 Ἰωάννην,
1692 512 1981 584 τυγχάνον-

2089 515 2182 571 Sic
2231 527 2406 574 tamen
2457 519 2560 574 illis
2611 522 3039 590 respondendum
3080 533 3182 582 est.
3233 525 3373 582 Toto
3421 525 3658 584 Joannes

403 611 472 648 τα
519 595 615 648 ἕνα
641 595 743 666 τῆς
780 595 1025 662 Παλαιᾶς
1070 600 1311 672 Γραφῆς.
1355 603 1545 674 Ὅμως
1576 604 1634 657 δὲ
1670 606 1763 659 καὶ
1809 605 1982 671 οὕτως

406 685 598 756 ῥητέον
648 687 784 757 πρὸς
827 689 1044 753 αὐτούς·
1097 690 1199 742 Διά
1255 691 1435 762 πάσης
1475 693 1572 763 τῆς
1622 696 1983 768 συμφράσεως

404 778 620 848 ἀναιρεῖ
649 779 709 832 τὸ
755 779 915 848 φύσει
964 780 1202 850 ἀγαθοὺς
1248 784 1340 836 καὶ
1385 784 1540 852 φύσει
1582 782 1721 839 εἶναι
1755 788 1977 852 κακούς.

403 867 566 936 Λέγει
613 869 722 940 γὰρ
778 869 914 941 πρὸς
967 872 1190 937 αὐτούς·
1243 875 1541 940 Ποιήσατε
1589 871 1702 930 οὖν
1751 877 1984 946 καρπὸν

401 957 576 1023 ἄξιον
603 957 710 1027 τῆς
724 963 1062 1030 μετανοίας.
1087 965 1358 1020 Μετάνοια
1379 967 1436 1020 δὲ
1457 967 1552 1020 καὶ
1577 969 1786 1040 καρπὸς
1811 970 1982 1040 αὐτῆς

401 1049 464 1102 οὐ
498 1051 708 1117 πίπτει,
757 1052 880 1106 οὔτε
923 1055 1061 1126 πρὸς
1100 1056 1190 1110 τὸν
1237 1057 1355 1111 κατ’
1406 1057 1592 1112 οὐσίαν
1637 1059 1826 1128 κακὸν,
1856 1059 1980 1114 οὔτε

405 1142 542 1214 πρὸς
565 1143 654 1198 τὸν
689 1144 849 1214 φύσει
881 1147 1086 1215 ἀγαθὸν
1119 1148 1267 1202 ὄντα.
1298 1149 1422 1214 Πῶς
1451 1151 1558 1222 γὰρ
1586 1153 1614 1204 ὁ
1641 1153 1750 1205 αἰεὶ
1777 1153 1980 1220 ἀγαθὸς

401 1233 592 1306 χρῄζει
619 1236 937 1306 μετανοίαςς
963 1237 996 1309 ἢ
1034 1239 1150 1304 πῶς
1171 1241 1200 1294 ὁ
1226 1240 1382 1310 φύσει
1412 1242 1578 1306 κακὸς
1601 1245 1872 1314 χρήσηται
1903 1243 1981 1314 τῷ

402 1325 590 1397 ἀγαθῷ
621 1326 721 1397 τῆς
762 1328 1082 1398 μετανοίας;
1121 1331 1180 1384 Ὁ
1201 1330 1309 1402 γὰρ
1328 1335 1446 1386 κατ’
1479 1333 1668 1387 οὐσίαν
1691 1332 1764 1386 ῶν
1790 1334 1976 1397 κακὸς,

403 1416 742 1486 ἐκτραπῆναι
772 1416 872 1486 τῆς
899 1419 1174 1488 ἁμαρτίας
1199 1422 1261 1474 οὐ
1298 1423 1516 1476 δύναται
1537 1440 1552 1456 ο
1589 1425 1703 1478 ἀλλ’
1741 1426 1862 1480 οὐδὲ
1891 1426 1976 1480 ἐπ’

401 1505 640 1577 ὠφελείᾳ
673 1507 929 1577 μετάνοια
955 1508 1163 1578 γίνεται
1193 1512 1288 1565 τοῦ
1319 1515 1546 1582 ἀγαθοῦ.
1590 1517 1709 1569 Ἔτι
1741 1517 1848 1588 μὴν
1885 1517 1980 1570 καὶ

403 1597 466 1650 ὲκ
493 1595 600 1649 τῶν
625 1596 808 1662 λίθων,
841 1599 950 1653 τῶν
980 1601 1344 1673 δεικνυμένων
1372 1605 1462 1658 ὑπ’
1496 1605 1682 1671 αὐτοῦ,
1719 1605 1864 1676 λέγει
1891 1607 1978 1660 τέ-

409 1705 511 1741 κνα
539 1689 930 1760 ὲγερθήσεσθαι
952 1690 1028 1762 τῷ
1057 1693 1305 1766 Ἀϐραάμ
1330 1715 1336 1723 ·
1369 1696 1550 1760 λίθους
1575 1697 1632 1751 δὲ
1658 1698 1829 1765 λέγων
1854 1698 1980 1762 τοὺς

401 1779 660 1849 ἠλιθίους,
703 1783 794 1834 καὶ
823 1780 904 1834 ἔτι
959 1783 1295 1854 ἐμμένοντας
1334 1791 1399 1860 τῇ
1441 1791 1610 1862 κακίᾳ
1638 1791 1974 1863 ἀνθρώπους.

2087 617 2342 663 contextu
2373 610 2630 680 destruit,
2666 627 2786 668 esse
2815 626 3010 670 natura
3045 617 3219 672 bonos
3241 658 3255 682 ,
3277 627 3332 674 et
3360 619 3530 674 malos
3557 636 3658 674 na-

2087 709 2227 754 tura.
2251 699 2341 754 Ait
2366 702 2506 757 enim
2535 704 2602 756 ad
2633 705 2788 760 illos:
2818 705 3004 762 Facite
3030 723 3151 778 ergo
3183 709 3413 779 fructum
3440 712 3656 780 dignum

2082 791 2422 858 pmnitentiw.
2472 793 2637 862 Atqui
2677 795 2989 862 patuitcutia
3026 797 3249 866 ejusque
3291 796 3502 854 fructus
3548 815 3655 854 non

2083 884 2282 936 cadunt
2301 923 2318 948 ,
2350 898 2526 953 neque
2555 886 2606 938 in
2635 901 2756 940 eum
2787 889 2874 956 qui
2911 903 3004 957 per
3027 891 3318 944 essentiam
3347 889 3518 944 malus
3542 890 3613 944 sit
3637 931 3654 956 ,

2081 991 2182 1030 nec
2206 975 2298 1045 qui
2325 985 2516 1030 natura
2545 977 2737 1032 bonus.
2771 980 3048 1044 Quomodo
3075 981 3217 1035 enim
3245 990 3364 1050 eget
3393 982 3659 1050 pceniteu-

2083 1067 2193 1130 tia,
2225 1067 2316 1136 qui
2347 1077 2432 1122 est
2479 1083 2696 1138 semper
2734 1070 2966 1139 probus?
3019 1082 3114 1126 aut
3157 1075 3426 1141 quomodo
3474 1073 3521 1128 is
3563 1075 3657 1143 qui

2081 1167 2270 1212 natura
2300 1159 2472 1215 malus
2497 1171 2610 1224 est,
2639 1163 2778 1216 bono
2800 1163 3136 1231 paenitentia:
3163 1166 3384 1220 utetur?
3409 1164 3540 1218 Nam
3565 1165 3657 1234 qui

2082 1264 2181 1318 per
2213 1251 2506 1305 essentiam
2548 1252 2723 1308 malus
2747 1263 2863 1322 est,
2891 1271 2920 1309 a
2949 1265 3170 1325 peccato
3201 1256 3396 1310 mutari
3423 1271 3530 1310 non
3563 1271 3659 1325 po-

2079 1349 2226 1406 test;
2257 1342 2352 1396 sed
2383 1358 2482 1398 nec
2524 1343 2630 1398 ulla
2672 1346 2880 1401 utilitas
2932 1355 3016 1402 est
3067 1349 3331 1418 ptenitere
3375 1349 3442 1404 de
3492 1349 3654 1404 bono.

2079 1429 2347 1486 Praeterea
2394 1447 2460 1488 ex
2499 1438 2734 1492 ostensis
2782 1440 2849 1494 ab
2877 1438 2995 1506 ipso
3024 1439 3292 1509 lapidibus
3319 1440 3657 1496 suscitandas

2080 1524 2158 1576 ait
2187 1524 2330 1580 ﬁlios
2359 1528 2590 1582 Abrahae
2617 1545 2632 1594 ;
2663 1543 2854 1598 nempe
2883 1530 3086 1600 lapides
3114 1547 3310 1587 vocans
3345 1533 3572 1587 stolidos
3596 1543 3654 1587 et

2078 1616 2373 1680 vecordes,
2421 1631 2485 1671 ac
2538 1618 2629 1686 qui
2670 1619 2846 1674 adhuc
2901 1620 2952 1674 in
3007 1621 3208 1674 malitia
3258 1631 3654 1690 permanerent.

2077 1701 2189 1759 llos
2217 1706 2364 1760 enim
2415 1707 2464 1761 si
2515 1709 2831 1777 paenituerit
2875 1725 2938 1765 ac
2983 1709 3095 1766 Deo
3140 1713 3470 1768 crediderint
3509 1753 3524 1776 .
3559 1713 3654 1768 ﬁlii

2078 1795 2315 1852 Abrahae
2354 1813 2556 1866 erunt;
2609 1803 2697 1872 qui
2755 1813 3040 1872 propterea
3085 1803 3246 1858 homo
3279 1807 3371 1860 Dei
3416 1807 3653 1873 audivit,

403 1869 465 1922 Εί
489 1871 594 1941 γὰρ
629 1873 1017 1942 μετανοήσαιεν
1041 1869 1210 1941 οὗτοι,
1234 1879 1328 1932 καὶ
1354 1881 1702 1936 πιστεύσαιεν
1730 1883 1809 1954 τῷ
1836 1882 1975 1954 Θεῷ,

2084 1887 2222 1955 quod
2258 1887 2312 1942 in
2361 1889 2529 1944 Deum
2574 1869 2908 1958 crediderit,
2950 1895 3084 1950 adeo
3127 1905 3185 1948 ut
3231 1894 3364 1950 ﬁdes
3406 1869 3651 1966 reputata

401 1962 564 2015 τέκνα
598 1963 691 2016 τοῦ
731 1964 983 2036 Ἀϐραὰμ
1009 1967 1244 2034 ἔσονται,
1272 1971 1330 2034 ὃς
1371 1973 1458 2026 διὰ
1487 1973 1646 2028 τοῦτο
1689 1974 1974 2046 ἄνθρωπος

2081 1978 2149 2030 sit
2175 1977 2222 2032 ei
2255 1981 2320 2034 ad
2345 1980 2610 2048 justitiam
2644 1984 2712 2037 ⁸⁸.

401 2053 534 2109 Θεοῦ
559 2057 668 2127 (55)
703 2057 1088 2129 ἐχρημάτισεν,
1121 2059 1203 2113 ὅτι
1237 2060 1554 2116 ἐπίστευσεν
1624 2065 1702 2127 είς
1764 2063 1926 2117 αὑτὸν
1978 2061 2070 2116 τὸν
2107 2064 2259 2134 Θεὸν,
2316 2068 2392 2132 ὡς
2455 2069 2553 2124 τὴν
2603 2071 2786 2126 πίστιν
2839 2071 3003 2126 αυτοῦ
3050 2073 3131 2135 εἰς
3174 2072 3518 2146 δικαιοσύνην
3571 2073 3658 2127 λο-

399 2145 673 2218 γισθῆναι.

1157 2241 1286 2299 ΟΜ).
1327 2241 1466 2298 XVI.
1509 2243 1784 2300 Genimina
1819 2245 2110 2314 viperarum
2141 2245 2290 2316 facti,
2327 2249 2416 2310 qui
2443 2251 2636 2318 posteri
2665 2251 2911 2308 Abralue.

483 2336 634 2390 Ἐπεὶ
659 2336 716 2390 δὲ
745 2338 966 2391 κάκεῖνο
998 2336 1308 2407 ⁴Ιγκούσαμεν
1348 2335 1640 2407 λεγόμενον
1681 2336 1774 2388 ὑπ’
1797 2337 1977 2390 αὐτῶν

403 2429 536 2498 πρὸς
563 2429 690 2494 τοὺς
725 2431 784 2482 ὲκ
811 2429 906 2482 τοῦ
946 2429 1198 2501 Ἀϐραὰμ
1222 2428 1316 2483 καὶ
1364 2423 1470 2482 τῶν
1503 2428 1677 2482 ἄλλων
1705 2430 1875 2497 ἁγίων
1895 2431 1986 2484 άν-

403 2519 540 2590 δρῶν
565 2519 1012 2590 γεγεννημένους,
1041 2520 1122 2582 τὸ,
1188 2521 1415 2589 "Oscam,
1469 2519 1812 2588 γεννήματα
1856 2521 1971 2590 ἐχι-

402 2608 578 2676 δνῶν,
595 2610 906 2682 λεγόμενον,
925 2610 1134 2682 ἐχίδνας
1148 2611 1275 2673 τοὺς
1289 2610 1434 2680 ἀμφὶ
1447 2610 1537 2663 τὸν
1553 2609 1755 2682 Ἀϐραά
1765 2629 1802 2682 μ
1817 2610 1981 2682 δηλοῦ

404 2701 635 2756 ῐστωσαν
665 2702 944 2773 μαχόμενα
989 2705 1056 2774 τῇ
1091 2701 1389 2773 ἀκολουθίᾳ
1427 2701 1520 2756 τοῦ
1549 2702 1844 2772 κεφαλαίου
1892 2703 1981 2756 λέ-

410 2814 608 2866 γοντες.
667 2797 908 2868 Ἐλέγχει
954 2796 1063 2868 γὰρ
1111 2797 1328 2862 αὐτοὺς,
1369 2797 1446 2860 ὡς
1481 2796 1554 2867 μὴ
1589 2795 1684 2848 τοῦ
1732 2796 1981 2868 Ἀϐραὰμ

2157 2339 2290 2408 Quia
2315 2355 2442 2396 vero
2475 2341 2601 2394 illud
2625 2344 2788 2396 etiam
2821 2346 2888 2398 ab
2915 2345 3033 2400 istis
3070 2345 3272 2401 dictum
3313 2347 3644 2409 audivimus,

2086 2432 2140 2486 in
2173 2445 2265 2486 eos
2295 2431 2384 2500 qui
2413 2447 2477 2487 ex
2506 2432 2780 2488 Abraham
2814 2445 2867 2488 et
2890 2436 3012 2491 aliis
3035 2439 3236 2493 sanctis
3260 2438 3389 2492 viris
3415 2441 3656 2507 generati

2086 2531 2240 2590 sunt;
2270 2523 2424 2592 quasi
2455 2525 2710 2578 nimirum
2745 2526 3007 2593 dicendo,
3057 2526 3350 2597 Serpentes,
3391 2533 3659 2598 progenies

2081 2613 2421 2681 viperarum,
2507 2615 2878 2670 Abrahamum
2945 2628 3277 2690 nepotesque
3351 2620 3656 2690 signiﬁcet;

2081 2705 2295 2759 discant
2322 2705 2407 2759 isti
2438 2707 2734 2777 pugnantia
2765 2723 2823 2762 se
2843 2708 2987 2780 loqui
3015 2713 3417 2782 consequentia:
3443 2714 3654 2782 capitis.

2076 2793 2267 2864 Arguit
2289 2795 2433 2849 enim
2467 2806 2521 2848 et
2551 2799 2841 2867 vituperat,
2870 2800 3010 2868 quod
3039 2816 3143 2854 non
3169 2814 3352 2857 essent
3374 2802 3466 2857 lilii
3493 2804 3659 2858 Abra-

401 2888 580 2951 ὂντας,
637 2887 752 2942 ἀλλ’
803 2887 1030 2959 ἐχιδνῶν
1080 2889 1424 2956 γεννήματα,
1484 2886 1980 2957 προσποιουμένους

2084 2887 2188 2946 lue.
2240 2887 2334 2941 sed
2389 2889 2480 2957 qui
2518 2889 2805 2958 progenies
2845 2891 3180 2960 viperarum,
3222 2895 3420 2949 frustra
3471 2910 3658 2949 semen

402 2979 493 3032 καὶ
527 2980 704 3050 μάτην
727 2979 1027 3050 αὐχοῦντας
1061 2973 1201 3031 εἶναι
1222 2977 1316 3030 τοῦ
1361 2976 1630 3048 Ἀϐραάμ.
1675 2977 1836 3046 Λέγει
1869 2977 1977 3047 γὰρ

2085 2977 2319 3032 Abrahae
2348 2978 2692 3046 pra-ferrent,
2726 2996 2900 3050 eoque
2930 2983 3295 3052 gloriarentur
3321 3001 3384 3041 ac
3417 2987 3517 3039 sibi
3543 2987 3658 3055 pla-

401 3073 459 3124 ὲν
493 3073 662 3144 ἑτέρῳ
691 3072 967 3144 κεφαλαίῳ
987 3073 1220 3144 ὁΣωτὴρ
1251 3071 1383 3143 πρὸς
1417 3069 1612 3133 αὐτούς
1639 3069 1768 3140 (5‘4)-
1800 3069 1979 3122 Τοῦτο

2085 3072 2292 3116 cerent.
2319 3064 2409 3118 Ait
2449 3068 2592 3120 enim
2627 3070 2692 3122 ad
2727 3083 2820 3122 eos
2863 3068 3116 3124 Salvator
3151 3073 3201 3126 in
3245 3074 3350 3128 alio
3375 3075 3610 3144 capitulo
3639 3091 3656 3130 :

413 3164 664 3234 Ἀϐραὰμ
703 3167 813 3218 οὐκ
850 3165 1140 3232 ἐποίησεν
1191 3164 1270 3234 (ὃν
1323 3163 1509 3230 λέγετε
1563 3162 1773 3232 πατέρα
1825 3160 1979 3232 ὑμῶν

402 3251 538 3310 εἶναι
567 3257 926 3328 ψευδόμενοι).
951 3259 1020 3310 El
1058 3255 1170 3327 γὰρ
1194 3256 1377 3309 τέκνα
1416 3251 1522 3324 ἦτε
1548 3253 1656 3308 τοῦ
1701 3251 1976 3321 Ἀϐραὰμ,

402 3347 649 3402 ἐποιεῖτε
678 3347 756 3402 ἂν
785 3349 891 3403 τοῦ
935 3347 1194 3417 Ἀϐραὰμ
1225 3347 1297 3400 τὰ
1325 3345 1486 3414 ἔργα.
1535 3345 1686 3398 Ἀλλ’
1717 3343 1886 3414 ὑμεῖς
1908 3343 1978 3396 ἐκ

403 3439 510 3494 τοῦ
533 3440 755 3508 πατρδς
779 3438 946 3510 ὑμῶν
975 3441 1114 3494 ἐστε
1147 3437 1253 3492 τοῦ
1281 3437 1588 3498 διαϐόλου,
1611 3435 1706 3488 καὶ
1732 3434 1835 3500 τὰς
1863 3433 1982 3486 ἐπι-

405 3531 616 3599 θυμίας
644 3529 749 3584 τοῦ
781 3531 1005 3599 πατρὸς
1039 3528 1204 3599 ὑμῶν·
1233 3528 1436 3582 θέλετε
1473 3525 1684 3580 ποιεῖν.
1724 3523 1980 3588 Ἐκεῖνος

404 3623 514 3691 γὰρ
542 3622 1033 3690 ἀνθρωποκτόνος
1064 3621 1236 3675 ἐστὶν
1273 3619 1374 3674 ἀπ’
1423 3616 1637 3688 ἀρχῆς,
1677 3617 1775 3670 καὶ
1804 3616 1873 3669 ἐν
1905 3615 1980 3684 τῇ

405 3713 651 3780 ἀληθείᾳ
707 3716 818 3782 οὐχ
866 3713 1144 3780 ἕστηκεν.
1196 3706 1270 3764 Εὖ
1301 3709 1355 3762 δὲ
1385 3710 1478 3787 καὶ
1526 3708 1586 3761 τὸ
1626 3710 1818 3774 εἰπεῖν,
1857 3709 1980 3774 οὐχ

404 3802 685 3870 ἕστηκεν,
718 3802 930 3866 δεικνὺς
965 3802 1126 3855 αὑτὸν
1174 3800 1436 3872 πρὸτερον
1473 3799 1758 3869 ἱστάμενον
1803 3798 1862 3852 ὲν
1912 3799 1978 3867 τῇ

405 3894 648 3966 ἀληθείᾳ.
677 3894 899 3966 Πατέρα
918 3894 973 3947 δὲ
995 3891 1174 3946 αὐτῶν
1195 3891 1345 3960 λέγει
1369 3890 1458 3944 τὸν
1482 3890 1745 3952 διάϐολον,
1773 3888 1862 3942 διὰ
1883 3888 1982 3958 τὴν

401 3985 660 4056 ὁμοίωσιν
679 3985 780 4055 τῆς
807 3985 1016 4057 τροπῆς
1045 3984 1139 4038 καὶ
1163 3983 1262 4052 τῆς
1287 3983 1590 4052 ποιότητος.
1612 3982 1774 4034 Ὥστε
1799 3980 1858 4033 οὐ
1888 3979 1980 4032 τὸν

417 4075 666 4149 Ἀϐραὰμ
695 4076 790 4130 καὶ
836 4076 964 4140 τοὺς
1024 4077 1120 4128 σὺν
1156 4073 1304 4144 αὐτῷ
1341 4073 1529 4142 ἁγίους
1565 4073 1779 4144 ἐχίδνας
1810 4068 1979 4125 εἶπεν.

416 4168 513 4222 Ἐκ
535 4167 834 4238 μεταϐολῆς
881 4167 989 4239 γάρ
1018 4167 1174 4237 ἔσχον
1212 4167 1388 4224 τοῦτο.
1431 4165 1492 4218 τὸ
1521 4166 1626 4217 υἱοὶ
1652 4163 1872 4235 ἐχιδνῶν
1903 4161 1981 4216 εἶ-

405 4277 516 4323 ναι,
549 4258 636 4313 διὰ
681 4259 742 4312 τὸ
767 4259 962 4322 αὐτοὺς
991 4260 1248 4332 πονηροῖς
1273 4256 1576 4329 κεχρῆσθαι
1621 4255 1982 4320 διδασκάλοις,

405 4349 480 4415 ὡς
511 4351 750 4422 εἴρηται,
794 4349 934 4403 κατὰ
991 4349 1127 4402 ἰδίαν
1162 4349 1503 4420 προαίρεσιν.
1553 4348 1716 4416 Λέγει
1757 4347 1983 4401 τοίνυνό

2087 3151 2201 3206 lloc
2246 3155 2510 3210 Abraham
2564 3175 2667 3212 non
2714 3160 2858 3228 fecit,
2929 3178 3086 3230 quem
3123 3179 3221 3218 vos
3273 3165 3411 3220 falso
3445 3177 3654 3234 patrem

2085 3254 2320 3299 vestrum
2373 3261 2493 3302 esse
2536 3249 2737 3305 dicitis.
2777 3250 2839 3306 Si
2879 3253 3017 3306 enim
3047 3253 3150 3322 ﬁlii
3195 3256 3422 3310 Abrahae
3452 3259 3656 3323 essetis,

2083 3351 2238 3405 opera
2263 3339 2490 3395 Abraha:
2524 3341 2784 3410 faceretis.
2819 3343 2923 3398 Sed
2951 3361 3038 3398 vos
3065 3361 3128 3400 ea:
3159 3356 3308 3415 patre
3334 3356 3500 3402 vestro
3533 3349 3654 3400 dia-

2083 3425 2200 3481 bolo
2224 3429 2374 3494 eatis,
2401 3441 2446 3484 et
2484 3433 2748 3486 desideria
2771 3435 2939 3502 patris
2971 3437 3126 3488 vestri
3155 3435 3308 3490 uultis
3329 3437 3520 3504 facere.
3555 3436 3657 3493 Ille

2083 3519 2219 3573 enim
2263 3521 2524 3576 homicida
2589 3533 2702 3576 erat
2754 3525 2818 3578 ab
2861 3525 3032 3592 initio,
3088 3536 3136 3581 et
3185 3527 3242 3580 in
3294 3531 3510 3581 veritate
3553 3545 3658 3584 non

2081 3613 2222 3666 stetit
2253 3613 2318 3666 ⁸⁷.
2353 3611 2464 3668 iioc
2501 3630 2712 3685 quoque
2757 3618 3014 3688 praeclare
3054 3619 3278 3685 dictum,
3332 3618 3400 3673 In
3444 3621 3658 3674 ueritate

2084 3706 2359 3771 nonstetit,
2399 3722 2506 3776 quo
2539 3708 2686 3777 prius
2721 3709 2774 3762 in
2825 3711 3054 3765 veritate
3100 3711 3317 3766 stetisse
3365 3711 3654 3783 signiﬁcat.

2084 3795 2300 3849 Patrem
2348 3809 2530 3852 autem
2563 3814 2752 3854 eorum
2786 3803 2997 3856 vocavit
3033 3802 3329 3866 diabolum,
3361 3801 3505 3872 quod
3537 3805 3657 3870 pari

2084 3901 2206 3939 cum
2240 3887 2330 3940 illo
2357 3891 2569 3944 ratione
2607 3891 2797 3945 mutati
2850 3903 2976 3946 sunt
3024 3909 3087 3947 ac
3129 3893 3392 3963 qualitate
3441 3892 3656 3950 imbuti.

2083 3977 2444 4044 Quamobrem
2479 3997 2585 4036 non
2625 3982 2897 4038 Abraham
2930 3995 3254 4054 sanctosque
3301 3985 3373 4038 illi
3420 3983 3658 4038 asseclas

2083 4073 2298 4140 viperas
2329 4073 2636 4142 appellavit.
2687 4074 2757 4131 Ut
2799 4076 2942 4130 enim
2978 4075 3071 4131 ﬁlii
3103 4075 3411 4146 viperarum
3453 4084 3656 4139 essent,

2083 4177 2150 4216 ex
2189 4166 2490 4220 mutatione
2539 4165 2864 4233 habuerunt,
2905 4168 3108 4222 idcirco
3152 4167 3277 4237 quia
3317 4182 3412 4222 sua
3445 4175 3655 4235 sponte,

2084 4253 2244 4309 malis
2289 4257 2584 4326 magistris,
2645 4259 2785 4312 sicut
2831 4258 3035 4313 dictum
3083 4266 3186 4326 est,
3235 4258 3315 4312 usi
3364 4266 3507 4312 sunt.
3566 4257 3660 4310 Ait

2085 4343 2252 4415 igitur
2291 4345 2396 4401 illis
2431 4345 2705 4403 Joannes:
2737 4347 3182 4418 Quandoquidem
3243 4350 3420 4404 th-rsi
3473 4365 3502 4403 a
3549 4350 3659 4404 vir-

417 4442 670 4512 ’ῐωάννης
695 4443 901 4506 αὐτοῖς*
954 4441 1106 4494 Ἐπεὶ⁵
1134 4439 1278 4493 κατὰ
1311 4439 1609 4511 μεταϐολὴν
1630 4439 1726 4510 τὴν
1756 4438 1812 4506 ἐξ
1854 4439 1981 4510 ἀρε-

2089 4445 2220 4503 tute,
2255 4451 2536 4510 serpentes
2565 4440 2678 4494 ﬁeri
2713 4439 2956 4494 voluistis
3002 4439 3022 4511 (
3045 4456 3148 4493 non
3179 4441 3322 4494 enim
3349 4456 3445 4511 per
3469 4455 3657 4496 essen-

405 4531 502 4602 τῆς
529 4532 681 4602 ὄφεις
709 4530 1010 4600 ἠθελήσατε
1030 4529 1282 4598 γενέσθαι
1331 4529 1473 4599 (οὐδὲ
1498 4529 1608 4600 γάρ
1647 4528 1766 4582 καθ’
1797 4527 1985 4581 οὐσίαν

403 4619 542 4694 ἦσαν
567 4623 841 4692 τοιοῦτοι),
870 4621 1150 4676 παύσασθε
1179 4620 1272 4676 τοῦ
1300 4619 1438 4676 εἶναι
1466 4621 1682 4692 ἐχιδνῶν
1719 4621 1990 4692 γεννήμα-

405 4732 496 4779 τα,
531 4709 607 4768 (iw
637 4715 931 4786 ἐθελήσατε
959 4714 1059 4786 τὴν
1091 4713 1348 4785 ποιότητα
1401 4713 1566 4785 ἔχειν.
1610 4714 1844 4784 Πονηροὶ
1881 4714 1990 4786 γάρ

411 4807 476 4858 ὲκ
511 4805 785 4877 πονηρῶν,
804 4805 900 4858 καὶ
922 4805 1096 4859 ἄδικοι
1117 4805 1178 4868 ἐξ
1202 4805 1402 4858 ἀδίκων
1431 4804 1799 4858 ἐσπουδάσατε
1825 4799 1986 4858 εἶναι.

421 4895 559 4949 Ἀλλ’
593 4897 736 4959 ἐπεὶ,
767 4895 857 4951 διά
883 4897 944 4952 τὸ
973 4897 1066 4950 ἐπὶ
1093 4897 1152 4950 τὸ
1191 4895 1476 4967 βάπτισμα
1508 4895 1785 4968 ἔρχεσθαι,
1817 4913 1984 4969 μετα-

407 4987 554 5051 νοίας
587 4987 773 5056 λέγετε
807 4991 1032 5059 σημεῖον
1063 4988 1272 5060 φέρειν,
1306 4987 1691 5058 προσποιητῶς
1722 4987 1780 5040 δὲ
1826 4986 1988 5041 τοῦτο

410 5082 634 5145 ποιεῖτε,
666 5079 812 5149 λέγω
841 5081 992 5152 ὑμῖν·
1021 5080 1116 5146 τίς
1129 5079 1445 5144 ὑπέδειξεν
1469 5078 1612 5148 ὑμῖν
1635 5078 1848 5148 φυγεῖν
1867 5078 1986 5132 ἀπὸ

407 5169 516 5237 τῆς
531 5175 882 5242 μελλούσης
911 5172 1093 5243 ὀργῆς
1115 5188 1135 5236 ;
1169 5173 1228 5226 Ὀ
1255 5171 1365 5243 γὰρ
1394 5170 1690 5242 μετανοῶν,
1721 5169 1810 5224 διὰ
1830 5171 1989 5224 τοῦτο

413 5266 680 5333 μτανοεῖ,
717 5265 803 5317 ἵνα
853 5265 1051 5336 μηκέτι
1080 5263 1410 5336 ἁμαρτάνων
1450 5261 1624 5333 φεύγῃ
1655 5261 1755 5334 τὴν
1795 5261 1989 5332 ἐσομέ-

479 5387 528 5421 “
568 5390 725 5444 ltom.
757 5404 831 5453 Iv,
867 5389 920 5444 3.
997 5389 1042 5422 ⁸⁷
1073 5387 1230 5445 Joan.
1259 5405 1380 5454 vnt,
1412 5389 1600 5446 59-44.

480 5524 595 5596 (53')
625 5526 971 5596 Ἀνθρωπος
995 5525 1166 5581 Θεοῦ.
1198 5525 1256 5580 In
1288 5537 1472 5596 nostro
1496 5524 1986 5596 exemplaritami-

411 5594 502 5650 cus
537 5596 630 5648 Dei
665 5597 878 5663 legitur.
916 5595 1236 5650 Turriauus.
1269 5595 1477 5650 -—.Iac.
1505 5611 1564 5654 ll.
1585 5596 1656 5648 25
1688 5615 1700 5649 :
1745 5594 1854 5648 Καὶ
1904 5595 1988 5663 φί-

411 5666 502 5728 λος
525 5665 660 5719 Θεοῦ
688 5665 913 5736 έκλήθη.
965 5665 1054 5720 Sic
1097 5675 1153 5721 et
1190 5665 1233 5720 ll
1277 5666 1451 5720 Paral.
1500 5681 1592 5732 xx,
1635 5666 1692 5728 7,
1735 5679 1834 5720 nec
1879 5680 1983 5720 non

415 5734 816 5875 “(exhinc
861 5803 1099 5870 αὐτούς·
1129 5804 1304 5858 τοῦτο
1333 5807 1477 5874 Ἀϐρ.
1520 5804 1595 5859 Ex
1641 5810 1789 5860 textu
1826 5801 1991 5858 Joan.

2085 4531 2215 4584 tiam
2258 4531 2390 4586 tales
2415 4530 2634 4600 erant),
2677 4531 2908 4586 desinite
2936 4545 3058 4587 esse
3092 4531 3273 4598 proles
3318 4533 3652 4599 viperarum,

2084 4637 2313 4692 quarum
2355 4621 2672 4692 qualitatem
2699 4622 2946 4678 voluistis
2983 4623 3204 4676 habere.
3237 4620 3362 4676 Mali
3411 4624 3554 4676 enim
3589 4637 3656 4677 ex

2089 4714 2270 4777 malis,
2315 4728 2490 4782 exque
2541 4714 2742 4782 iniquis
2788 4714 2958 4782 iniqui
3009 4727 3132 4767 esse
3181 4713 3491 4767 studuistis.
3552 4714 3657 4768 Sed

2086 4800 2211 4868 quia
2247 4799 2429 4854 dicitis
2459 4815 2552 4854 vos
2585 4801 2921 4869 paanitentiae
2948 4802 3164 4871 signum
3192 4801 3354 4866 ferre,
3399 4801 3543 4871 quod
3589 4806 3659 4859 ad

2086 4893 2410 4961 baptismum
2460 4893 2688 4957 venitis;
2753 4894 2858 4948 hoc
2901 4905 3078 4949 autem
3131 4894 3386 4949 simulate
3443 4895 3654 4961 facitis;

2087 4984 2208 5038 dico
2245 4982 2416 5050 vobis,
2450 4982 2581 5048 Quis
2606 4986 2827 5038 ostendit
2856 4985 2998 5039 vobis
3027 4983 3206 5054 fugere
3229 5000 3262 5037 a
3287 4995 3504 5040 ventura
3535 4985 3616 5038 ira
3634 4985 3662 5039 .°

2087 5075 2258 5142 Quem
2282 5075 2426 5131 enim
2459 5076 2700 5146 panitet,
2725 5077 2845 5131 ideo
2866 5077 3118 5146 poenitet.
3151 5087 3230 5141 ut,
3253 5079 3378 5132 dum
3397 5092 3505 5132 non
3535 5093 3652 5131 am-

2089 5167 2229 5236 plius
2247 5177 2452 5235 peccat,
2473 5170 2604 5222 iram
2623 5184 2741 5236 quae
2764 5168 2940 5223 futura
2961 5178 3046 5223 est
3061 5167 3322 5224 adversus
3344 5179 3662 5239 peccatores

2089 5257 2331 5329 eﬂ'ugiat.
2365 5259 2533 5330 Rogat
2566 5271 2770 5328 autem,
2796 5259 2928 5326 Quis
2949 5261 3087 5315 vobis
3113 5263 3381 5317 ostendit?
3411 5269 3472 5314 ut
3491 5260 3658 5324 dicat,

2093 5541 2216 5590 vm,
2245 5524 2336 5590 40,
2375 5525 2520 5581 hunc
2557 5525 2734 5580 locum
2775 5526 2856 5581 sic
2885 5526 3255 5592 distinximus,
3285 5525 3507 5594 ejusque
3534 5539 3656 5577 ver-

2093 5598 2301 5650 sionem
2360 5597 2797 5650 retormavimus.
2861 5596 3149 5663 Perperam
3201 5607 3425 5662 uterque
3491 5595 3655 5648 inter-

2094 5681 2244 5732 pres,
2273 5665 2572 5720 'l‘urrianus
2595 5675 2649 5718 et
2676 5665 3034 5734 Combeﬁsius
3057 5682 3070 5716 :
3099 5664 3235 5734 πρὸς
3261 5665 3456 5726 aii-mi);
3476 5664 3667 5719 τοῦτο..

2093 5736 2246 5806 Ἀδρ.
2285 5765 2353 5775 -—
2391 5735 2446 5789 In
2477 5735 2582 5791 alio
2617 5733 2852 5804 capitulo
2879 5753 2894 5789 :
2931 5733 3192 5787 Attrahite
3216 5751 3317 5787 non
3343 5735 3484 5802 fecit.
