4034 6448
387 460 520 513 ΗΟἹ

1618 443 1855 501 DIDYMI
1892 442 2369 500 ΑιΕΧΛΝῡιιιΝι

3524 443 3661 499 1108

382 572 472 639 qui
501 570 658 624 docet
686 580 813 622 vere
836 580 868 619 a
899 563 1042 619 malo
1076 561 1331 618 recedere
1354 602 1371 627 ,
1423 574 1531 614 non
1562 573 1677 614 rem
1710 557 1965 613 simulate

2078 575 2165 628 νην
2190 555 2333 609 κατὰ
2380 554 2489 607 τῶν
2532 554 2958 625 ἁμαρτανόντων
2987 555 3175 624 όργην.
3218 554 3558 612 Πυνθάνεται
3601 561 3656 613 δὲ

382 672 678 731 praestare;
724 674 822 715 vos
851 668 1033 712 autem
1062 671 1185 711 cum
1220 653 1571 710 simulatione
1604 650 1803 715 facitis,
1836 650 1965 705 dum

2078 647 2148 713 τὸ,
2184 647 2281 711 Τίς
2338 645 2481 715 ὑμῖν
2533 645 2882 711 {Medati-ﬁer;
2924 646 3012 699 ἵνα
3040 645 3171 719 εἴπῃ
3202 647 3231 697 6
3254 647 3499 718 γνησίως
3539 651 3662 705 ὑπο-

382 757 449 807 ad
476 752 801 821 baptismum
837 748 1123 805 acceditis.
1179 745 1297 801 Non
1341 745 1507 814 igitur
1549 739 1964 796 mundabitnini.

381 842 483 911 Qui
516 842 662 895 enim
700 839 814 894 vult
843 853 971 893 vere
999 835 1272 897 mandari,
1309 848 1341 887 a
1365 831 1606 903 peccatis
1644 829 1877 894 desistit,
1913 839 1969 884 et

382 932 691 1005 hujusmodi
725 931 961 985 fructum
996 928 1329 999 poenitentia:
1354 924 1533 993 aﬂert,
1564 923 1774 978 faciens
1798 936 1966 991 opera

385 1025 589 1080 habitni
642 1023 851 1093 peccati
892 1023 1187 1077 contraria.
1240 1019 1348 1075 Vos
1387 1018 1667 1073 enimvero
1719 1015 1822 1070 hoc
1863 1030 1968 1069 non

384 1114 615 1177 fecistis,
674 1114 767 1184 qui
833 1115 933 1183 ipsi
979 1128 1075 1168 vos
1134 1113 1284 1180 ipsos
1346 1108 1773 1172 condemnastis,
1838 1106 1968 1160 dum

384 1207 589 1261 habere
618 1220 713 1259 vos
736 1204 1010 1260 Abraham
1054 1214 1262 1273 patrem
1295 1200 1496 1256 dicitis.
1550 1197 1667 1253 Non
1696 1198 1842 1253 enim
1869 1198 1971 1251 hoc

386 1312 482 1351 vos
508 1295 739 1364 juvabit,
765 1294 907 1365 quod
935 1294 1168 1349 Abrahae
1192 1292 1288 1347 lilii
1315 1289 1683 1356 testimemini,
1710 1287 1803 1342 sed
1830 1287 1970 1357 quod

384 1390 504 1459 ejus
531 1389 622 1443 lilii
659 1390 777 1445 sitis
816 1403 879 1444 ea
910 1389 1122 1443 ratione
1144 1427 1159 1452 ,
1194 1386 1341 1457 quod
1397 1385 1567 1453 ipsius
1601 1382 1761 1437 fidem
1805 1390 1859 1435 et
1904 1380 1972 1434 ab

388 1481 546 1536 idolis
580 1480 761 1550 fugam
807 1480 1163 1536 mmulemini.
1203 1477 1591 1546 Quamobrem,
1624 1473 1836 1528 tametsi
1872 1472 1970 1525 ali-

389 1567 609 1637 quando
655 1567 748 1621 lilii
790 1567 1028 1622 Abrahae
1078 1566 1276 1631 fuistis,
1316 1581 1425 1620 non
1482 1566 1585 1620 hoc
1639 1578 1732 1617 vos
1791 1562 1972 1616 salvos

385 1657 563 1712 faciet.
599 1657 733 1712 Nam
765 1669 821 1713 et
856 1674 952 1713 eos
995 1660 1084 1729 qui
1131 1674 1238 1712 non
1292 1667 1422 1712 sunt
1468 1671 1613 1711 nunc
1676 1655 1792 1723 ejus
1850 1653 1971 1717 filii,

384 1760 561 1818 potest
621 1748 765 1804 Dens
827 1749 998 1819 ipsius
1060 1748 1200 1806 lilios
1251 1748 1455 1804 facere.
1511 1747 1692 1813 Quare
1742 1746 1971 1801 salutent

386 1839 743 1909 consequitur
794 1842 888 1911 qui
945 1841 1165 1895 virtutis
1198 1840 1503 1895 rationibus
1546 1837 1783 1892 Abrahae
1832 1836 1974 1891 lilius

2067 740 2284 803 δεικνὺς
2315 739 2516 803 κακίας
2537 739 2863 809 ἀναχωρεῖν,
2913 738 2974 790 οὑ
3010 740 3365 810 προσποιήσει
3397 741 3561 794 τοῦτο
3583 742 3667 810 γί-

2070 831 2280 884 νεσθαι.
2340 830 2531 900 Ὑμεῖς
2567 830 2625 883 δέ
2680 829 2837 883 τοῦτο
2878 833 3080 884 ποιεῖτε
3119 832 3240 903 μεθ’
3292 833 3662 904 ὑποκρίσεως,

2070 925 2164 976 ἐπὶ
2189 922 2250 976 τὸ
2296 922 2656 993 βαπτίζεσθαι
2681 923 2985 995 ἐρχόμενοι.
3016 925 3131 978 υὺκ
3170 924 3281 995 ἄρα
3314 924 3667 997 καθαρθήσεο

2073 1016 2187 1069 σθε.
2228 1014 2287 1068 '0
2334 1013 2443 1085 γὰρ
2500 1013 2717 1084 ἀληθῶς
2777 1013 3117 1086 καθαρθῆναι
3168 1015 3499 1086 βουλόμενος
3559 1017 3666 1085 ἁφ-

2075 1107 2292 1161 ίσταται
2341 1108 2780 1178 ἁμαρτημάτων,
2822 1109 2914 1161 καὶ
2969 1109 3069 1178 τῆς
3096 1110 3347 1181 τοιαύτης
3373 1111 3666 1181 μετανοίας

2080 1201 2292 1271 καρπὸν
2322 1201 2496 1272 φέρει,
2528 1200 2598 1253 τὰ
2629 1201 2726 1270 τῆς
2747 1201 2995 1265 ἐναντίας
3016 1203 3080 1272 τῇ
3107 1202 3347 1273 ἁμαρτίᾳ
3374 1201 3551 1267 ἕξεως
3578 1202 3668 1274 ἐρ-

2073 1309 2146 1359 γα
2189 1292 2377 1344 ποιῶν.
2441 1292 2602 1344 Ἀλλὰ
2637 1293 2796 1345 τοῦτο
2844 1293 2941 1363 μὲν
2993 1292 3152 1363 ὑμεῖς
3190 1294 3250 1346 οὐ
3297 1295 3666 1364 πεποιήκατε,

2073 1386 2303 1446 ἑαυτοὺς
2378 1384 2840 1455 κατακρίναντες,
2918 1384 3217 1452 φάσκοντες
3288 1386 3513 1455 πατέρα
3574 1387 3667 1439 τὸν

2086 1476 2338 1545 Ἀϐραὰμ
2377 1474 2539 1545 ἔχειν.
2591 1476 2728 1530 Ἀλλ’
2779 1477 2840 1529 οὑ
2894 1476 3039 1529 τοῦθ’
3074 1477 3219 1547 ὑμᾶς
3259 1476 3561 1548 ὠφελήσει,
3607 1478 3668 1530 τὸ

2072 1568 2282 1622 οῐεσθαι
2310 1567 2475 1620 τέκνα
2517 1567 2611 1620 τοῦ
2657 1568 2907 1639 Ἀϐραὰμ
2937 1564 3098 1632 εἶναι,
3129 1568 3265 1621 ἁλλὰ
3295 1569 3356 1622 τὸ
3389 1566 3536 1622 εἷναι
3569 1571 3668 1622 αὺ-

2071 1659 2167 1714 τοῦ
2189 1659 2379 1723 τέκνα,
2421 1660 2516 1713 καὶ
2547 1662 2613 1731 τῇ
2660 1661 2843 1713 πίστει
2876 1662 2971 1714 καὶ
2997 1664 3062 1731 τῇ
3087 1661 3193 1714 ἀπὸ
3222 1660 3461 1716 εἰδώλων
3492 1664 3666 1733 φυγῇ.

2072 1752 2191 1807 Κᾶν
2226 1752 2409 1805 τοίνυν
2435 1752 2566 1806 ποτὲ
2600 1753 2769 1807 τέκνα
2818 1753 2912 1806 τοῦ
2957 1754 3207 1826 Ἀϐραὰμ
3259 1754 3555 1823 γεγόνατε,
3605 1755 3665 1807 οὑ

2072 1846 2235 1900 τοῦτο
2270 1847 2415 1915 ὑμᾶς
2451 1844 2635 1899 σώσει.
2666 1847 2777 1899 Καὶ
2823 1848 2932 1917 γὰρ
2965 1848 3088 1909 τοὺς
3117 1845 3212 1899 νῦν
3268 1845 3343 1917 μὴ
3372 1846 3540 1908 ὄντας
3571 1847 3670 1899 αὑ-

385 1942 491 1998 est,
520 1950 626 1988 non
658 1934 749 2004 qui
777 1934 902 2003 ejus
934 1934 1232 1988 secundum
1269 1947 1490 1988 carnem
1535 1931 1707 1985 solum
1755 1930 1966 1984 exstitit

2078 1939 2159 1991 τοῦ
2190 1939 2355 1991 τέκνα
2384 1938 2606 1991 δύναται
2634 1940 2662 1991 ὁ
2685 1937 2817 2001 Θεὸς
2838 1938 3003 1992 τέκνα
3027 1937 3188 1991 αὑτοῦ
3229 1938 3480 2009 ποιῆσαι.
3504 1939 3665 1991 Ὥστε

383 2025 546 2080 Illius.
585 2024 739 2091 Quod
772 2040 818 2079 ει
850 2025 1085 2093 exstitit,
1110 2040 1178 2079 ne
1202 2024 1463 2095 glorietur
1484 2024 1695 2092 sibique
1728 2023 1969 2091 placeat:

2078 2030 2355 2093 σώζεταιό
2378 2029 2451 2083 ὢν
2485 2029 2580 2083 τοῦ
2618 2029 2870 2101 Ἀϐραὰμ
2914 2029 3105 2083 τέκνον
3149 2029 3290 2084 κατὰ
3321 2029 3420 2101 τὴν
3439 2030 3665 2101 ἀρετὴν,

384 2129 467 2174 est
491 2120 637 2173 enim
666 2133 754 2173 res
779 2117 1047 2186 ejusmodi
1094 2134 1216 2189 qua:
1258 2119 1330 2173 sit
1365 2117 1470 2171 alia
1502 2116 1610 2170 alio
1636 2109 1869 2170 'decidua
1907 2129 1973 2170 ac

2078 2122 2172 2192 οὑχ
2205 2124 2234 2174 6
2255 2122 2545 2193 γενόμενος
2573 2120 2738 2175 αὑτοῦ
2768 2122 2955 2176 τέκνον
2984 2122 3125 2177 κατὰ
3151 2123 3328 2194 σὰρκα
3356 2122 3544 2194 μόνον,
3567 2122 3666 2176 κᾶν

384 2210 621 2278 proclive
675 2219 935 2265 mutetur.
994 2210 1239 2279 Denique
1291 2208 1489 2278 quibus
1541 2207 1706 2262 etiam
1765 2207 1816 2261 id
1862 2221 1971 2261 non

2078 2214 2131 2267 δὲ
2161 2215 2412 2283 γένηται,
2459 2212 2533 2283 μὴ
2566 2213 2709 2282 μέγα
2742 2213 3029 2283 φρονείτω
3071 2213 3422 2284 μετάπτωτον
3470 2212 3582 2282 γὰρ
3611 2211 3669 2265 τὸ

387 2301 602 2371 obtigit,
654 2312 912 2371 poterunt
970 2314 1309 2370 comparare.
1363 2298 1499 2353 Nam
1544 2308 1599 2355 et
1645 2297 1843 2353 Paulus
1889 2299 1974 2352 his

2078 2302 2304 2357 τοιοῦτο.
2355 2304 2571 2372 Ἀμέλει
2613 2304 2745 2372 γοῦν
2784 2303 2876 2357 καὶ
2903 2305 2953 2356 οἱ
3006 2303 3081 2374 μὴ
3111 2302 3325 2373 ἔχοντες
3357 2301 3494 2355 αὑτὸ
3538 2302 3669 2372 κτή-

386 2408 522 2458 quos
582 2375 754 2447 carne.
796 2408 907 2446 non
954 2401 1238 2461 genuerat,
1278 2392 1454 2447 dicit:
1488 2390 1554 2445 In
1597 2389 1811 2447 Christo
1880 2406 1973 2459 per

2079 2395 2273 2449 σασθαι
2327 2395 2459 2447 αὑτὸ
2508 2396 2847 2467 δυνήσονται.
2885 2395 2995 2447 Καὶ
3050 2394 3159 2465 γάρ
3206 2395 3236 2447 ό
3286 2393 3523 2459 Παῦλος,
3576 2391 3667 2454 οὓς

385 2480 733 2552 Evangeliunt
765 2499 857 2552 ego
888 2500 975 2537 vos
1004 2484 1159 2553 genui
1197 2483 1263 2536 ⁸⁸.

2078 2491 2143 2559 τῇ
2194 2487 2359 2557 σαρκὶ
2408 2488 2471 2540 οὑ
2505 2488 2853 2556 γεγέννηκεν,
2894 2485 3063 2555 λέγει’
3128 2487 3231 2539 Ἐν
3277 2486 3387 2555 γὰρ
3435 2482 3666 2553 Χριστῷ

2077 2577 2174 2631 διὰ
2203 2577 2313 2631 τοῦ
2353 2578 2721 2647 Εὐαγγελίου
2754 2575 2869 2647 ἐγὼ
2901 2575 3052 2646 ὑμᾶς
3075 2577 3397 2647 ἐγέννησα.

678 2680 808 2741 CAP.
850 2684 1011 2739 XVII.
1032 2684 1309 2751 Peccator,
1340 2688 1391 2740 in
1422 2703 1481 2741 eo
1507 2687 1619 2756 ipso
1644 2686 1787 2755 quod
1811 2675 2009 2756 peccat,
2031 2706 2262 2759 prwseus
2297 2691 2447 2745 habet
2482 2692 2797 2761 supplicium
2820 2707 2923 2759 quo
2947 2701 3021 2744 est
3058 2691 3375 2761 aﬂiciendus.

466 2776 669 2834 Verum
708 2794 831 2832 cum
870 2779 983 2834 ha-c
1031 2779 1253 2844 auditis,
1290 2795 1357 2834 ne
1395 2781 1779 2846 contemnatis,
1820 2782 1975 2849 quasi

2158 2784 2319 2838 Ἀλλὰ
2348 2783 2503 2837 ταῦτ’
2529 2784 2819 2847 ἀκούοντες
2866 2783 2942 2855 μὴ
2982 2787 3391 2854 καταφρονεῖτε,
3427 2783 3509 2848 ὡς
3549 2783 3670 2854 βρα-

391 2873 472 2925 ira
508 2873 560 2925 in
593 2882 908 2940 peccatores
941 2872 1267 2925 retardetnr.
1318 2871 1439 2927 .Iam
1493 2873 1639 2926 enim
1690 2873 1861 2925 malus
1923 2874 1976 2925 in

2078 2877 2337 2948 δυνούσης
2366 2877 2467 2947 τῆς
2514 2877 2656 2930 κατὰ
2683 2876 2790 2929 τῶν
2822 2876 3244 2948 ἁμαρτανόντων
3295 2875 3496 2947 όργῆς.
3532 2876 3668 2946 Ἤδη

391 2980 458 3018 eo
511 2965 629 3034 ipso
678 2965 821 3032 quod
861 2973 1070 3033 peccat,
1118 2978 1359 3033 praesens
1411 2964 1734 3033 supplicium
1790 2964 1974 3031 habet,

2078 2969 2183 3042 γὰρ
2238 2968 2304 3021 δι’
2357 2966 2523 3022 αὑτοῦ
2574 2966 2669 3020 τοῦ
2715 2967 3051 3037 ἁμαρτάνειν
3088 2969 3117 3019 ό
3149 2966 3350 3034 φαῦλος
3380 2967 3669 3040 παροῦσαν

389 3056 481 3125 qui
520 3056 636 3125 ejus
663 3070 790 3111 rens
826 3057 1050 3111 exsistat
1078 3072 1141 3111 ac
1170 3070 1347 3125 paenae
1372 3056 1659 3112 obnoxius.
1690 3055 1973 3123 Quamob-

2078 3060 2187 3132 ἔχει
2217 3059 2315 3131 τὴν
2340 3059 2583 3115 κόλασιν.
2613 3058 2903 3121 κολαστέος
2940 3059 3220 3129 ὑπάρχων.
3252 3058 3329 3110 Δι’
3364 3058 3392 3111 ὃ
3418 3061 3540 3112 ῐστε
3571 3058 3667 3129 τὴν

392 3163 506 3202 rem
561 3147 757 3203 scitote
796 3146 908 3217 jam
952 3148 1186 3202 securim
1243 3149 1453 3204 radices
1502 3149 1760 3202 arborum
1802 3161 1968 3217 prope

2083 3155 2272 3223 ἀξίνην
2298 3152 2398 3224 ἤδη
2427 3154 2548 3216 ταῖς
2577 3151 2754 3223 ῥίζαις
2784 3146 3105 3219 ἐγγίζουσαν
3127 3150 3233 3202 τῶν
3257 3149 3518 3222 δένδρων.
3542 3151 3667 3202 Δέν-

393 3241 681 3311 attingere.
723 3241 962 3295 Arbores
1010 3252 1193 3294 autem
1246 3251 1431 3304 vocat,
1480 3255 1585 3293 non
1626 3253 1763 3308 quas
1811 3254 1977 3293 sensu

390 3333 739 3402 percipimus,
792 3334 888 3387 sed
930 3333 1176 3388 homines
1210 3333 1341 3387 vitio
1385 3334 1731 3402 depravatos.
1773 3330 1977 3386 Ilarnm

391 3436 571 3479 autem
616 3426 870 3480 arborum
942 3424 1095 3479 radix
1168 3425 1400 3495 pessima
1444 3423 1726 3492 dispositio
1766 3434 1871 3485 est,
1911 3438 1982 3478 ex

390 3531 496 3585 qua
527 3532 633 3571 non
665 3515 855 3571 edulus
882 3515 1227 3582 frnctus,sed
1265 3527 1558 3570 venenatus
1595 3514 1789 3569 oritur.
1828 3513 1982 3571 Ilunc

391 3607 556 3676 igitur
581 3606 796 3660 vocavit
823 3605 1055 3661 fructum
1090 3622 1196 3671 non
1227 3608 1454 3661 bonum.
1488 3605 1696 3674 Itaque,
1733 3607 1980 3674 quamvis

393 3700 605 3754 securis
635 3697 957 3767 supplicium
987 3697 1236 3763 denotat,
1264 3712 1329 3751 ac
1356 3697 1497 3751 mala
1524 3698 1687 3751 arbor
1707 3696 1979 3751 hominem

392 3799 734 3858 peccatorem
763 3826 779 3853 ,
822 3803 928 3842 non
982 3798 1111 3842 sunt
1148 3789 1267 3842 dua:
1303 3787 1385 3842 hae
1418 3796 1626 3842 natura:
1654 3797 1981 3858 pugnantes.

394 3884 736 3939 Intentantur
765 3881 909 3935 enim
943 3880 1125 3948 minae,
1155 3891 1214 3934 ut
1247 3879 1470 3936 arbores
1515 3890 1811 3936 mutentur.
1845 3879 1980 3935 Nam

392 3974 487 4043 qui
543 3972 722 4027 minas
765 3971 1147 4040 peccatoribus
1202 3974 1464 4037 intentat,
1534 3972 1652 4042 ipsa
1709 3972 1981 4026 minarum

391 4064 759 4121 intentatione
785 4064 981 4135 satagit
1012 4065 1081 4119 ad
1114 4065 1393 4121 meliorem
1424 4065 1632 4134 frugem
1662 4065 1981 4127 translerre.

392 4157 595 4224 Quare,
632 4157 678 4213 si
716 4159 982 4212 intentata
1016 4172 1114 4227 per
1159 4158 1397 4213 securim
1428 4157 1618 4212 eﬂ‘ctas
1660 4155 1884 4211 arbores
1916 4170 1981 4212 ac

393 4250 711 4321 elanguidas
749 4251 1060 4304 excisuram
1098 4249 1522 4304 comminatione
1545 4288 1563 4314 ,
1615 4248 1748 4319 ipsis
1790 4259 1982 4302 auctor

391 4352 496 4409 est,
526 4343 867 4411 inducitque,
899 4338 959 4396 ut
986 4356 1093 4396 non
1121 4342 1357 4405 malum,
1388 4343 1481 4396 sed
1513 4341 1750 4397 fructum
1780 4338 1979 4395 bonum

391 4433 601 4502 ferant;
648 4448 752 4491 nec
779 4435 946 4491 arbor
982 4434 1121 4489 mala
1149 4444 1342 4490 natura
1371 4444 1477 4500 est,
1511 4448 1609 4489 nec
1635 4444 1830 4489 natura
1857 4448 1976 4487 ma-

394 4520 502 4576 lum
529 4525 876 4596 supplicium.

2080 3248 2182 3320 δρα
2209 3247 2266 3300 δὲ
2294 3247 2395 3299 οὑκ
2427 3245 2659 3317 αἰσθητὰ
2685 3245 2856 3313 λέγει,
2886 3244 3001 3298 ἀλλ’
3020 3242 3337 3314 ἀνθρώπους
3396 3244 3545 3297 κατὰ
3568 3260 3665 3297 κα·-

2082 3339 2205 3393 κίαν
2229 3337 2651 3407 πεποιημένους.
2703 3335 2854 3399 Ῥίζα
2895 3335 2952 3388 δὲ
2983 3334 3090 3387 τῶν
3128 3332 3358 3403 δένδρων
3389 3334 3602 3386 τούτων
3634 3334 3666 3403 ἡ

2081 3431 2329 3502 χειρίστη
2361 3428 2494 3493 ἕξις.
2531 3429 2624 3497 ἀφ’
2646 3424 2715 3499 ἧς
2740 3427 2950 3498 καρπὸς
2976 3429 3077 3480 οὑκ
3103 3424 3381 3496 ἐδώδιμος,
3414 3426 3556 3480 ἀλλὰ
3578 3426 3666 3495 δη-

2081 3520 2215 3592 λητή
2228 3536 2339 3590 ριος
2369 3518 2595 3587 γίνεται.
2621 3517 2792 3570 Αὑτὸν
2824 3514 2916 3568 οὖν
2954 3516 3015 3569 οὑ
3050 3515 3213 3569 καλὸν
3246 3516 3462 3587 καρπὸν
3492 3512 3661 3569 εἶπεν.

2082 3612 2203 3665 Κᾶν
2232 3610 2409 3663 τοίνυν
2431 3612 2463 3680 ἡ
2485 3609 2641 3679 ἀξίνη
2672 3607 2768 3677 τὴν
2798 3608 3018 3660 κόλασιν
3039 3607 3314 3677 σημαίνει,
3341 3607 3403 3660 τὸ
3418 3608 3480 3661 δὲ
3505 3606 3665 3660 κακὸν

2080 3702 2297 3773 δένδρον
2349 3701 2441 3755 τὸν
2493 3700 2875 3771 ἁμαρτάνοντα
2918 3697 3225 3769 ἄνθρωπον,
3254 3698 3315 3751 οὑ
3362 3698 3665 3769 μαχόμεναι

2082 3792 2277 3862 φύσεις
2312 3782 2492 3842 αὗται*
2512 3788 2815 3842 ἀπειλεῖται
2837 3787 2945 3859 γὰρ
2970 3789 3010 3857 ἡ
3028 3786 3248 3849 κόλασις
3275 3786 3367 3839 ἐπὶ
3393 3784 3476 3857 τῷ
3508 3801 3667 3856 μετα-

2082 3883 2266 3937 ϐαλεῖν
2324 3880 2393 3933 τὰ
2440 3879 2651 3951 δένδρα.
2696 3879 2754 3932 ’0
2803 3879 2913 3949 γὰρ
2952 3876 3192 3932 ἀπειλῶν
3245 3879 3359 3939 τοῖς
3413 3874 3664 3948 ἁμαρτά-

2082 3989 2285 4037 νουσιν,
2316 3971 2384 4024 δι’
2409 3969 2580 4040 αὐτῆς
2615 3968 2714 4038 τῆς
2738 3968 2970 4038 ἀπειλῆς
2996 3967 3360 4039 μεταποιῆσαι
3396 3967 3661 4037 βούλεται.

2080 4067 2145 4120 Ei
2176 4064 2358 4118 τοίνυν
2387 4062 2475 4115 διὰ
2501 4061 2601 4131 τῆς
2617 4061 2847 4131 ἀπειλῆς
2870 4061 2967 4130 τῆς
2992 4058 3203 4129 ἁξίνης,
3239 4058 3337 4127 τῆς
3367 4058 3664 4128 μελλούσης

2080 4158 2373 4212 ἐκκόπτειν
2412 4155 2482 4207 τὰ
2519 4153 2705 4224 σαπρὰ
2747 4151 2960 4222 δένδρα,
3017 4150 3193 4203 πείθει
3224 4150 3423 4213 αὑτοὺς
3456 4146 3665 4202 παύσα-
3701 4219 3707 4225 ο

2083 4248 2209 4303 σθαι
2238 4246 2335 4300 τοῦ
2401 4245 2475 4317 μὴ
2525 4244 2697 4298 κακὸν
2751 4242 2963 4313 καρπὸν
3029 4242 3237 4312 φέρειν,
3287 4240 3424 4294 άλλὰ
3481 4238 3658 4294 καλόν·

2078 4344 2139 4397 οὑ
2168 4341 2327 4413 φύσει
2366 4338 2535 4393 κακὸν
2566 4337 2627 4389 τὸ
2658 4335 2896 4407 δένδρον,
2927 4332 3049 4387 οὐδὲ
3079 4332 3240 4403 φύσει
3296 4333 3445 4404 κακὴ
3503 4334 3539 4403 η
3577 4328 3664 4383 κό-

2079 4435 2257 4497 λασις.
3308 4494 3313 4501 ,
3442 4462 3476 4468 -

1286 4639 1416 4696 CAP.
1458 4639 1647 4696 XVIII.
1688 4638 1984 4694 Promissia
2008 4648 2057 4694 et
2085 4637 2402 4709 supplicium
2440 4642 2563 4687 sunt
2597 4633 2753 4685 bona.

468 4752 576 4809 Sed
647 4754 878 4810 fortasse
937 4755 1252 4811 dicent:Si
1308 4769 1468 4825 pinna
1543 4764 1717 4810 mutat
1773 4752 1981 4817 malos,

394 4839 596 4899 bonum
635 4855 719 4899 est
753 4860 966 4914 poenam
1011 4861 1152 4901 esse.
1194 4846 1252 4900 Si
1297 4857 1477 4901 autem
1510 4844 1796 4916 castigatio
1840 4844 1982 4899 bona

398 4944 503 5001 est,
537 4935 775 5004 huicque
806 4937 1081 4991 contraria
1113 4936 1402 5006 promissio
1429 4945 1533 5004 est,
1567 4953 1667 4993 nec
1703 4934 1982 4991 contraria

398 5029 563 5083 simul
590 5032 730 5084 bona
764 5043 887 5084 esse
926 5040 1187 5098 possunt;
1215 5045 1345 5100 ergo
1377 5031 1516 5085 mala
1541 5040 1628 5087 est
1671 5028 1982 5100 promissio.

400 5118 499 5176 Sin
532 5129 713 5174 autem
745 5135 851 5174 non
884 5121 1010 5174 mali
1035 5131 1122 5176 est
1165 5123 1477 5191 promissio,
1513 5124 1610 5178 sed
1653 5122 1803 5186 boni,
1845 5119 1987 5175 mala

399 5210 507 5267 erit
532 5212 664 5266 ultio
715 5225 780 5264 ac
814 5224 998 5279 poena.
1041 5211 1097 5266 Si
1129 5223 1311 5267 autem
1355 5214 1493 5267 mala
1524 5214 1677 5277 ultio,
1715 5229 1821 5268 non
1862 5227 1983 5267 eam

400 5302 567 5374 Deus,
591 5306 686 5360 sed
713 5303 969 5368 Satanas,
996 5305 1182 5359 infert.
1211 5304 1377 5360 Infert
1405 5316 1581 5361 autem
1610 5306 1840 5361 Satanas
1868 5318 1985 5375 pm-

403 5410 552 5465 nam,
586 5412 695 5452 non
723 5397 840 5450 suis
869 5410 884 5447 :
921 5404 1048 5449 sunt
1081 5396 1226 5449 enim
1254 5396 1397 5450 sicut
1424 5397 1558 5466 ipse,
1589 5396 1748 5463 mali;
1792 5410 1858 5449 ac
1887 5409 1984 5449 ne-

402 5500 559 5544 cesse
606 5497 692 5544 est
754 5487 929 5556 ipsum
986 5501 1205 5557 quoque
1271 5500 1443 5556 paena:
1510 5487 1725 5556 subjici.
1796 5473 1985 5540 Restat

404 5576 569 5647 igitur
606 5590 667 5634 ut
692 5581 836 5634 bono
862 5592 1080 5647 penam
1116 5577 1337 5632 inferat.
1377 5574 1483 5631 Sed
1528 5578 1632 5632 hoc
1665 5586 1749 5631 est
1782 5577 1983 5643 impos-

405 5668 583 5725 sibile.
631 5669 749 5725 Non
789 5683 918 5739 ergo
950 5670 1123 5724 malus
1162 5683 1377 5737 pinnam
1428 5668 1639 5737 inﬂigit,
1691 5667 1786 5721 sed
1817 5666 1980 5721 Deus.

405 5756 676 5830 Quidquid
706 5771 885 5815 autem
917 5774 949 5814 a
993 5761 1106 5817 Deo
1140 5759 1424 5830 inﬂigitur,
1468 5759 1671 5814 utiliter
1697 5756 1974 5827 infligitur,

488 5920 532 5953 ⁸³
563 5919 581 5975 ι
614 5918 739 5974 Cor.
776 5932 855 5984 tv,
897 5916 983 5972 I5.

2164 4750 2301 4805 Ἀλλ’
2326 4750 2455 4813 ἴσως
2481 4746 2717 4818 ἐροῦσιν·
2752 4745 2817 4797 Ei.
2846 4744 3133 4815 μεταποιεί
3187 4741 3421 4809 φαύλους
3452 4744 3486 4813 ἡ
3510 4740 3660 4794 κόλα-

2083 4862 2187 4908 σις,
2232 4840 2436 4912 ἀγαθὸν
2481 4839 2652 4910 αὐτὴν
2706 4831 2870 4890 εἶναι·
2918 4837 2967 4887 εἰ
3011 4834 3068 4887 δὲ
3113 4836 3147 4905 ἡ
3198 4834 3416 4898 κόλασις
3440 4832 3659 4904 ἀγαθὸν,

2082 4936 2299 4992 ἐναντία
2330 4935 2389 4989 δὲ
2432 4932 2605 5002 ταύτῃ
2634 4934 2667 5002 ἡ
2705 4927 3027 4998 ἐπαγγελία,
3060 4926 3128 4979 τά
3160 4925 3215 4979 δέ
3242 4925 3462 4980 ἐναντία
3484 4926 3547 4979 οὑ
3573 4922 3659 4976 δύ-

2083 5042 2274 5083 νανται
2305 5025 2423 5094 ἁμα
2470 5019 2652 5090 ἁγαθὰ
2700 5016 2860 5072 εἶναι·
2911 5017 3086 5087 ὴᾶρα
3133 5016 3440 5084 ἐπαγγελία
3476 5014 3656 5070 κακόν.

2082 5120 2175 5191 Μὴ
2199 5113 2373 5172 κακοῦ
2407 5115 2465 5167 δὲ
2497 5114 2598 5182 τῆς
2632 5107 2986 5178 ἐπαγγελίας,
3018 5106 3131 5160 ἁλλ’
3161 5106 3370 5175 ἀγαθοῦ
3414 5107 3600 5176 οῠσης,
3626 5105 3657 5171 ἡ

2083 5207 2305 5271 κόλασίς
2344 5209 2460 5259 ἐστι
2503 5203 2696 5258 κακόν.
2733 5203 2798 5255 Εἰ
2855 5198 2911 5252 δὲ
2951 5197 3121 5251 κακὸν
3152 5198 3185 5268 ἡ
3223 5197 3467 5261 κόλασις,
3499 5199 3593 5265 οὐχ
3633 5193 3659 5244 ὁ

2083 5301 2242 5367 Θεὸς,
2271 5297 2385 5352 ἁλλ’
2409 5299 2438 5351 6
2485 5296 2731 5358 Σατανᾶς
2762 5292 2929 5363 αὐτὴν
2965 5289 3241 5362 ἐπιφέρει.
3286 5289 3567 5361 Ἐπιφέρει
3607 5283 3658 5335 δὲ

2081 5396 2111 5447 6
2140 5392 2383 5452 Σατανᾶς
2410 5388 2505 5461 τὴν
2542 5388 2764 5442 κόλασιν
2792 5385 2853 5438 οὑ
2883 5385 2995 5446 τοῖς
3024 5379 3242 5435 ἐαυτοῦο
3272 5382 3412 5435 εἰσιν
3437 5380 3564 5450 γὰρ,
3590 5375 3657 5434 ὼς

2083 5485 2266 5547 αὑτὸς,
2297 5481 2547 5552 πονηροὶ,
2600 5480 2696 5533 καὶ
2743 5477 2959 5545 ἀνάγκη
2991 5474 3087 5529 καὶ
3130 5473 3292 5525 αὑτὸν
3344 5472 3657 5525 ὑποπίπτειν

2082 5581 2151 5648 τῇ
2178 5575 2419 5629 κολάσει*
2448 5572 2528 5643 τῷ
2557 5573 2661 5642 ἄρα
2696 5568 2886 5639 ἀγαθῷ
2907 5567 3117 5620 ἐποίσει
3148 5566 3339 5635 αὑτήν.
3379 5565 3517 5618 Ἀλλ’
3541 5557 3656 5648 ἁδύέ

2084 5647 2241 5724 νατον
2269 5666 2444 5720 τοῦτο·
2471 5666 2570 5716 οὐκ
2603 5665 2710 5734 ἄρα
2737 5666 2765 5716 6
2794 5658 3027 5731 πονηρός
3048 5658 3215 5727 αὐτὴν
3235 5657 3507 5728 ἐπιφέρει,
3532 5647 3662 5706 ἀλλὰ

2083 5759 2235 5820 Θεός.
2273 5757 2389 5810 Πᾶν
2417 5755 2475 5808 δὲ
2512 5754 2572 5806 τὸ
2604 5753 2709 5806 ὑπὸ
2745 5751 2881 5806 Θεοῦ
2926 5748 3342 5820 ἐπιφερόμενον,
3375 5746 3653 5820 χρησίμως
