4034 6406
408 382 544 438 H09
1390 373 1808 431 FRAGMENTA
1842 372 1935 426 EX
1973 368 2197 425 LIBRIS
2233 364 2654 424 DEPERDITIS.
3509 368 3646 423 ιιιο

398 495 739 567 ἐπιφέρεται,
796 493 1062 565 τυγχάνον
1118 492 1151 564 ἢ
1196 492 1401 560 ἀγαθοῦ
1444 489 1810 562 ποιητικὸν,ἢ
1863 507 1973 542 xw—

2047 543 2050 550 _
2077 498 2200 538 cum
2225 483 2296 538 sit
2322 481 2547 547 bonum,
2570 464 2666 534 aut
2694 478 2816 534 boni
2853 491 3067 546 parens,
3094 486 3189 533 aut
3215 491 3407 535 arcens
3423 479 3640 536 malum.

394 585 611 638 λυτικὸν
649 582 840 637 κακοῦ.
896 584 955 636 '0
991 583 1100 653 ἄρα
1140 581 1273 645 Θεὸς
1309 580 1538 634 κωλύειν
1569 580 1631 633 τὸ
1655 579 1824 632 κακὸν
1850 578 1969 649 βου-

2076 573 2217 627 Deus
2248 572 2431 640 igitur,
2469 586 2589 625 cum
2618 569 2746 625 velit
2770 568 2970 623 malum
3000 568 3297 639 impedire,
3324 570 3644 640 supplicium

393 675 639 745 λόμενος,
668 675 919 745 ἐπιφέρει
940 673 1114 727 τοῦτο·
1142 673 1241 726 οὐκ
1283 672 1350 726 ἂν
1373 673 1417 727 δ’
1446 672 1716 743 ἐπεχείρει
1740 672 1967 726 κωλύειν

2075 662 2372 717 constituit.
2402 661 2520 715 Non
2548 670 2725 715 autem
2753 669 2983 715 tentaret
3005 659 3500 730 malumimpedire,
3542 662 3645 717 nisi

393 762 455 816 τὸ
484 762 672 827 κακὸν,
696 764 744 814 εί
776 762 849 832 μὴ
876 762 1097 815 δυνατὸν
1116 758 1183 833 ἦν
1218 761 1520 816 κωλύεσθαι
1543 763 1605 815 τὸ
1629 761 1816 816 κακόν.
1846 763 1969 815 Κω-

2077 753 2203 807 illud
2244 762 2427 823 posset
2456 752 2700 822 impediri
2735 768 2747 803 :
2778 752 2880 807 hoc
2925 759 3102 806 autem
3146 751 3288 821 quod
3330 751 3641 821 impeditur.

392 850 651 923 λυόμενον
669 850 727 904 δὲ
756 852 911 905 τοῦτο
944 852 1004 904 οὐ
1044 853 1266 908 δύναται
1288 849 1426 908 εἶναι
1460 854 1616 923 φύσει
1646 853 1739 907 καὶ
1779 854 1968 925 ἀγένη-

2076 857 2197 897 esse
2225 853 2413 895 natura
2451 857 2556 895 non
2609 850 2785 911 potest
2826 856 2891 896 ac
2934 840 3250 910 ingenitum.
3294 841 3350 896 ln
3382 843 3484 896 hoc.
3515 857 3644 897 vero

393 957 507 994 τον.
554 939 895 1010 Ἐσιράλησαν
925 940 981 994 δὲ
1003 943 1096 995 καὶ
1126 943 1184 995 ἐν
1231 942 1406 1013 τούτῳ
1453 944 1502 996 οἱ
1531 942 1781 1013 ἀμαθεῖς,
1812 942 1965 1014 νομί-

2075 941 2334 1003 praaterea
2366 932 2599 1002 imperiti
2631 932 2876 987 homines
2907 945 3095 986 errore
3121 930 3251 1001 lapsi
3278 940 3424 996 sunt,
3456 931 3645 986 existi-

398 1049 590 1095 σαντες
621 1032 862 1086 ἐναντίον
885 1028 1021 1086 εἶναι
1040 1033 1137 1105 τὴν
1167 1033 1383 1088 κόλασιν
1404 1037 1470 1106 τῇ
1494 1034 1814 1105 ἐπαγγελίᾳ·
1839 1036 1972 1087 ἐκαέ

2073 1038 2283 1080 mantes
2319 1025 2655 1080 contrariam
2694 1039 2819 1080 esse
2861 1025 3383 1080 animadversionem
3416 1026 3643 1096 promis-

396 1122 530 1191 τέρα
561 1121 669 1193 γὰρ
697 1124 1051 1188 ἀνταπόδοσίς
1085 1126 1312 1196 ἐστιν,ή
1352 1125 1449 1196 μὲν
1481 1128 1593 1189 τοῖς
1632 1126 1856 1195 ἀγαθοῖς
1885 1144 1972 1197 μι-

2073 1118 2234 1174 sioni.
2274 1117 2516 1187 Utraque
2544 1119 2687 1172 enim
2721 1119 3092 1174 remuneratio
3137 1128 3258 1186 est;
3311 1119 3477 1173 altera
3518 1119 3645 1188 qui-

398 1211 525 1264 σθὺν
555 1211 813 1283 φέρουσα.
840 1213 947 1284 ὴδέ
975 1214 1244 1285 τιμωρίαν
1265 1214 1407 1267 κατὰ
1437 1214 1546 1267 τῶν
1574 1214 1836 1279 ἑκουσίως
1868 1232 1973 1267 πα-

2074 1212 2217 1275 dem,
2262 1226 2383 1279 quae
2426 1210 2580 1265 bonis
2633 1212 2939 1265 mercedem
2997 1208 3217 1281 aﬂ‘erat;
3279 1210 3449 1265 altera
3491 1223 3642 1277 vero,

399 1301 781 1374 ραὸεῆηκότων
813 1304 941 1368 τοὺς
966 1305 1143 1369 θείους
1174 1307 1388 1377 νόμους.

2075 1317 2193 1371 quae
2222 1317 2436 1372 poenam
2466 1303 2790 1372 dignamque
2814 1301 3071 1357 ultionem
3097 1303 3151 1357 in
3183 1317 3277 1358 eos
3304 1303 3395 1373 qui
3433 1302 3644 1359 divinas

2075 1392 2222 1464 leges
2251 1394 2557 1449 voluntarie
2578 1395 2872 1466 trangressi
2902 1405 3048 1461 sunt,
3080 1398 3348 1465 rependat.

1585 1723 2457 1863 FRAGMENTA

1024 1963 1184 2054 EX
1258 1946 1703 2053 DlDYMI
1782 1962 2181 2051 LIBRIS
2253 1960 3007 2051 DEPERDITIS.

434 1534 3637 1569 Μ

712 2287 753 2344 l.
788 2288 872 2343 Ea;
903 2286 1037 2343 libro
1066 2289 1152 2342 cui
1183 2289 1403 2343 titulus:
1430 2288 1713 2358 Συμϐουλὴ
1744 2287 1927 2358 ἠθική.
1956 2287 2110 2357 Apud
2152 2284 2305 2341 Sacra

1687 2288 1713 2358 ὴ
1744 2287 1927 2358 ἠθική.
1956 2287 2110 2357 Apud
2152 2284 2387 2352 Socrat.,
2415 2283 2553 2340 Hist.
2579 2286 2775 2340 eccles.
2806 2283 2897 2337 lib.
2935 2298 3007 2348 tv,
3038 2300 3155 2352 cap.
3189 2283 3280 2339 25.

468 2430 605 2493 Τοὺς
639 2428 764 2500 περὶ
811 2428 1074 2499 Προνοίας
1109 2430 1202 2483 καὶ
1233 2430 1466 2500 κρίσεως
1502 2436 1640 2483 κατά
1665 2430 1856 2483 σαυτὸν
1878 2429 1967 2483 ἀεὶ
1997 2450 2041 2504 Β

2139 2425 2427 2482 Sermones
2455 2426 2521 2480 de
2549 2425 2890 2481 Providentia
2916 2434 2972 2481 et
2994 2424 3058 2479 de
3077 2424 3278 2495 judicio
3303 2422 3394 2478 Dei
3429 2422 3641 2479 assidua

396 2519 637 2591 γύμναζε
660 2520 871 2588 λόγους,
912 2520 1075 2589 φησὶν
1105 2522 1134 2574 ό
1164 2520 1336 2595 μέγας
1364 2522 1456 2575 καὶ
1493 2522 1790 2588 γνωστικὸς
1822 2521 1966 2574 διδά-

2066 2518 2414 2573 meditatione
2446 2526 2623 2572 tecum
2657 2518 2771 2586 ipse
2811 2516 3025 2582 recole,»
3061 2516 3137 2568 ait
3165 2528 3387 2584 magnus
3426 2514 3514 2569 ille
3548 2515 3643 2569 do-

399 2609 596 2672 σκαλος
632 2609 881 2679 Δίδυμος,
911 2610 1238 2663 καὶτούτων
1277 2612 1377 2673 τὰς
1427 2610 1562 2675 ὕλας
1609 2612 1696 2666 διὰ
1750 2613 1968 2683 μνήμης

2064 2619 2181 2665 ctor
2208 2620 2262 2663 et
2291 2609 2513 2679 spiritali
2544 2610 2766 2664 scientia
2790 2610 3083 2665 instructus
3113 2606 3402 2678 Didymus;
3428 2621 3643 2662 eorum-

397 2700 584 2772 φέρειν
640 2701 949 2772 πειράθητι.
1009 2701 1282 2767 Ἅπαντες
1315 2702 1423 2774 γὰρ
1454 2703 1638 2773 σχεδὸν
1669 2706 1725 2756 ἐν
1762 2704 1969 2768 τούτοις

2051 2714 2171 2770 ιιιυθ
2206 2714 2515 2756 sermonum
2564 2700 2818 2756 materias
2850 2699 2936 2755 fac
2970 2700 3022 2754 in
3058 2698 3314 2754 memoria
3358 2697 3644 2753 circumie-

397 2793 811 2862 προσπταίουσι.
841 2794 952 2845 Καὶ
981 2794 1106 2855 τοὺς
1131 2793 1228 2863 μὲν
1256 2794 1381 2864 περὶ
1412 2794 1641 2857 κτίσεως
1684 2793 1868 2862 λόγους
1912 2794 1969 2846 ἐν

2070 2806 2179 2845 ras.
2204 2789 2404 2846 Omnes
2430 2792 2572 2846 enim
2603 2792 2719 2848 fere
2746 2791 2798 2847 in
2830 2791 2914 2847 his
2965 2791 3238 2846 labuntur.
3272 2791 3337 2845 Et
3365 2804 3644 2845 sermones

395 2885 462 2953 τῇ
489 2883 715 2954 διαφορᾷ
735 2883 842 2936 τῶν
875 2882 1141 2953 σωμάτων
1168 2883 1260 2936 καὶ
1292 2883 1433 2936 κατὰ
1455 2884 1545 2936 τὸν
1578 2884 1779 2953 κόσμον
1804 2883 1968 2954 εὑρή-

2181 2883 2289 2937 iem
2317 2899 2379 2938 ac
2407 2884 2642 2939 rationes
2692 2883 2759 2939 de
2780 2882 2981 2954 judicio
3013 2883 3064 2936 in
3105 2881 3407 2936 diﬂ'erentia
3447 2895 3643 2950 corpo-
3758 2864 3774 2926 ί.

398 2987 534 3035 σεις·
559 2973 686 3036 τοὺς
706 2973 761 3025 δὲ
795 2974 921 3045 περὶ
954 2974 1234 3045 Προνοίας,
1254 2975 1310 3025 ἐν
1345 2977 1455 3036 τοῖς
1486 2974 1705 3043 τρόποις
1726 2976 1838 3036 τοῖς
1862 2974 1968 3026 ἀπὸ

2074 2988 2192 3025 rum
2216 2983 2267 3027 et
2295 2974 2347 3027 in
2377 2974 2621 3044 partibus
2658 2975 2839 3029 mundi
2871 2974 3125 3043 reperies.
3158 2975 3445 3030 Sermones
3463 2984 3642 3029 autem

398 3063 596 3127 κακίας
634 3065 729 3117 καὶ
761 3065 1033 3132 ἀγνωσίας
1062 3066 1155 3118 ἐπὶ
1174 3065 1270 3137 τὴν
1302 3064 1502 3137 ἀρετὴν
1530 3066 1562 3135 ἢ
1594 3065 1685 3117 ἐπὶ
1716 3064 1812 3135 τὴν
1831 3063 1971 3132 γνῶ-

2076 3064 2141 3118 de
2166 3063 2514 3120 Providentia
2549 3065 2604 3119 in
2635 3065 2806 3120 modis
2834 3064 2939 3118 illis
2971 3064 3164 3133 quibus
3192 3079 3222 3117 a
3262 3063 3393 3119 vitio
3411 3072 3468 3117 et
3492 3063 3643 3133 igno-

397 3172 483 3209 σιν
512 3159 656 3228 ἡμᾶς
687 3159 1038 3226 ἐπανάγουσι.

2074 3155 2251 3209 rantia
2306 3158 2373 3211 ad
2434 3158 2683 3212 virtutem
2733 3166 2787 3213 et
2830 3155 3185 3227 cognitionem
3243 3153 3491 3210 ducimur
3544 3153 3640 3208 de-

2076 3248 2393 3315 prebendes.

754 3503 819 3557 Il.
847 3501 934 3558 Ea:
958 3502 1093 3559 libro
1117 3504 1263 3577 Πρὸς
1292 3504 1584 3574 φιλόσοφον
1608 3515 1875 3576 inscripto.
1912 3505 2067 3578 Apud
2090 3504 2255 3561 Joan.
2286 3504 2347 3559 Di

1691 3515 1875 3576 crtpto.
1912 3505 2067 3578 Apud
2090 3504 2255 3561 Joau.
2286 3504 2600 3561 Damascen.
2631 3507 2684 3562 in
2720 3507 3023 3577 Parallelis,
3053 3525 3105 3579 p.
3137 3507 3240 3565 645
3266 3526 3279 3564 :

458 3666 469 3681 -
484 3643 576 3696 Ἐκ
602 3642 830 3713 μελέτης
862 3642 1060 3714 πολλῆς
1082 3645 1175 3697 καὶ
1192 3645 1477 3716 ἀσκήσεως
1502 3645 1535 3715 ἡ
1556 3643 1646 3713 βία
1664 3644 1755 3698 καὶ
1777 3642 1961 3715 άγριό·

2138 3640 2399 3697 Diuturno
2435 3642 2614 3698 studio
2640 3654 2696 3700 et
2724 3645 3069 3702 meditatione
3102 3650 3491 3706 concitatorum
3527 3653 3646 3708 ani-

402 3748 500 3803 της
535 3732 644 3787 τῶν
668 3732 857 3788 παθῶν
883 3732 1149 3797 ἀσθενεῖς.

2080 3736 2151 3788 mi
2189 3744 2430 3790 motuum
2454 3735 2535 3789 vis
2571 3744 2626 3790 et
2663 3736 2848 3794 feritas
2870 3739 3232 3797 debilitantur.

1110 3971 1195 4027 Ill.
1243 3970 1324 4025 Ea:
1351 3971 1485 4025 libro
1524 3972 1657 4043 Περὶ
1680 3972 1993 4043 ἀσωμάτου.
2023 3975 2174 4043 Apud
2197 3976 2433 4029 eumdem
2464 3977 2616 4046 ibid.,
2643 3997 2766 4052 pag.
2799 3982 2919 4039 780.

469 4111 747 4181 Διδύμου,
786 4110 855 4164 ἐκ
876 4110 985 4165 τοῦ
1006 4110 1143 4179 Περὶ
1179 4110 1517 4181 ἀσωμάτου,
1554 4110 1798 4164 Ἀνύουσι
1826 4110 1976 4182 παρά
2002 4117 2045 4175 C

2152 4112 2383 4185 Didymi,
2415 4131 2479 4169 ea:
2505 4117 2636 4172 libro
2674 4119 2747 4175 De
2778 4123 3097 4193 incorporeo.
3132 4122 3369 4193 Magistri
3407 4123 3647 4192 discipli-

399 4199 721 4255 διδασκάλου
760 4198 1071 4263 παιδεύσεις
1110 4216 1170 4251 τε
1206 4200 1298 4253 καὶ
1335 4199 1643 4270 προτροπαὶ
1672 4200 1809 4270 πρὸς
1830 4199 1973 4267 ὠφέ-

2079 4220 2147 4260 na
2191 4216 2245 4260 et
2285 4209 2688 4266 exhortationes
2734 4214 3038 4269 auditurum
3085 4214 3300 4270 utilitati
3342 4216 3644 4280 conferunt,

396 4298 550 4345 ’λειαν
569 4291 678 4345 τῶν
710 4290 1095 4363 ἀκροωμένων,
1135 4291 1234 4362 οὐχ
1269 4291 1395 4345 ὅταν
1415 4291 1558 4361 λόγῳ
1582 4293 1727 4363 μόνῳ
1746 4291 1971 4363 διδάσκῃ

2079 4313 2187 4353 non
2237 4301 2451 4370 quando
2511 4304 2767 4375 magister
2822 4306 2936 4361 solo
3002 4321 3251 4362 sermone
3305 4306 3495 4371 docet,
3552 4311 3647 4364 sed

400 4386 430 4438 ὁ
462 4382 773 4455 παιδευτὴς,
813 4382 949 4437 ἀλλά
977 4383 1073 4436 καὶ
1107 4382 1304 4455 πράξει
1358 4383 1672 4455 καταλλήλῳ
1700 4384 1794 4437 καὶ
1846 4399 1973 4436 συν-

2080 4390 2295 4458 quando
2328 4393 2537 4448 actione
2570 4396 2731 4450 etiam
2759 4397 2918 4453 dictis
2947 4408 3324 4467 consentanea,
3365 4401 3628 4471 rebusque

402 4479 531 4545 αφεί
573 4479 685 4540 τοῖς
719 4476 1230 4548 ἐπαγγελλομένοις.
1264 4476 1434 4530 Πάλιν
1484 4475 1563 4528 δεῖ
1611 4476 1703 4528 τὸν
1749 4476 1974 4545 γνήσιον

2078 4484 2360 4551 promissis
2384 4483 2547 4539 amni.
2603 4487 2834 4543 Rursum
2876 4489 3145 4545 sincerum
3185 4490 3457 4547 doctorem
3483 4493 3643 4547 vitam

401 4567 717 4623 διδάσκαλον
757 4569 872 4640 βίον
918 4568 1253 4639 κατάλληλον
1305 4568 1449 4638 ἔχειν
1494 4570 1606 4631 τοῖς
1660 4568 1751 4620 ὑπ’
1806 4565 1972 4619 αὑτοῦ

2077 4571 2146 4627 iis
2197 4588 2317 4642 qua:
2370 4575 2483 4646 ipse
2536 4579 2763 4644 statuit,
2820 4592 3199 4652 congruentem
3268 4598 3426 4654 agere
3488 4600 3650 4655 Opor-

402 4661 901 4732 νομοθετουμένοις,
930 4662 1017 4715 ἴνα
1118 4659 1177 4713 τὸ
1209 4658 1370 4729 ἔργον
1408 4656 1573 4711 αὑτοῦ
1606 4656 1977 4728 συνηρμοσμέ-

2086 4673 2184 4733 tet,
2221 4674 2278 4719 ut
2319 4666 2435 4735 ejus
2495 4668 2636 4723 actio
2679 4684 2800 4724 cum
2854 4686 3103 4726 sermone
3153 4682 3299 4729 recte
3342 4677 3658 4737 conveniat.

402 4771 491 4808 νον
519 4753 594 4826 τῷ
622 4754 781 4825 λόγῳ.

1258 4910 1418 4964 Aliud
1445 4910 1793 4981 fragmentum
1814 4909 1951 4963 dedit
1968 4907 2273 4980 Mingarelli
2304 4914 2363 4965 in
2389 4924 2521 4977 7:01.,
2548 4929 2668 4983 pag.
2692 4910 2817 4965 277;

623 5122 711 5179 ιν.
748 5123 961 5178 Βιϐλίον
1004 5126 1140 5197 πρὸς
1183 5126 1463 5196 Ῥουφῖνον
1507 5125 1649 5180 διατί
1703 5125 2111 5197 ἀποθνήσκουσι
2140 5124 2209 5177 τὰ
2247 5124 2445 5197 βρέφη,
2476 5126 2678 5197 καίπερ
2712 5125 2799 5178 διὰ
2834 5124 2929 5187 τὰς
2959 5125 3236 5196 ἁμαρτίας
3270 5123 3435 5179 αὐτοῦ

1738 5216 2071 5270 ἀναλαϐόντα
2099 5215 2341 5288 σώματα.

1204 5311 1333 5367 Vide
1363 5311 1535 5383 Opera
1563 5312 1866 5383 Hieronymi
1895 5313 1978 5367 ed.
2012 5311 2206 5383 Migne,
2244 5323 2370 5367 tam.
2400 5312 2467 5379 ΙΙ,
2492 5330 2612 5384 pag.
2650 5312 2754 5369 478
2780 5311 2835 5373 Ι).
