4034 6414
338 393 474 448 Ητιό

1532 388 1965 446 FRAGMENTA
2002 390 2074 444 IN
2112 388 2424 445 LXODUM.

3470 396 3604 451 HM

334 506 432 574 τῆς
463 499 738 572 ἀληθείας,
766 496 836 573 ἧς
865 502 1114 573 μετέχειν
1134 501 1283 570 είκὺς
1299 505 1390 559 τὸν
1412 504 1637 560 εἰσιέναι
1665 505 1922 576 βουλόμε-

2024 504 2169 570 licet,
2222 505 2418 574 quibus
2474 503 2809 574 signiﬁcatur
2844 506 3080 576 cognitio
3122 508 3401 578 veritatis,
3438 526 3600 580 quam

335 613 423 649 νον
467 591 846 665 (ἑρμηνεύεται
900 592 1013 663 γὰρ
1074 595 1310 664 πλῆθος
1351 597 1673 667 γνώσεως)ο
1712 597 1812 668 τῆς
1859 597 1917 651 δὲ

336 690 630 763 ῥομφαίας,
670 688 768 760 τὴν
822 691 1078 746 ἐπίπονον
1120 692 1365 765 ἀγωγήν.
1413 693 1516 748 Διὰ
1539 692 1751 746 πολλῶν
1809 691 1918 764 γὰρ

335 783 563 853 θλίψεων
617 782 722 852 τῆς
780 782 986 836 εἰσόδου
1041 787 1144 856 τῆς
1197 783 1476 855 βασιλείας
1536 784 1687 839 ἐστιν
1732 786 1920 838 ἐπιτυ-

333 892 470 944 χειν.

402 1052 562 1107 ΚΕΦ.
597 1055 689 1121 ς’,
718 1069 802 1107 στ.
839 1051 945 1123 κβ’.
967 1053 1053 1106 Σὺ
1078 1050 1148 1106 δὲ
1172 1052 1346 1122 λήψῃ
1366 1049 1599 1117 σεαυτῷ
1621 1051 1741 1106 ἀπὸ
1768 1050 1921 1104 πάν-
1945 1042 1953 1049 ’

332 1164 452 1201 των
481 1146 599 1199 τῶν
626 1145 979 1216 βρωμάτων,
1006 1146 1045 1202 ἃ
1069 1145 1303 1210 ἕδεσθε,
1326 1146 1426 1200 καὶ
1460 1143 1750 1211 συνάξεις
1767 1144 1918 1213 πρὸς

331 1238 617 1301 σεαυτὸν,
647 1237 745 1292 καὶ
789 1237 962 1291 ἔσται
1002 1238 1102 1291 σοὶ
1132 1237 1232 1290 καὶ
1260 1237 1515 1302 ἐκείνοις
1540 1235 1770 1305 φαγεῖν.

403 1328 678 1397 Διδύμου.
717 1328 780 1380 Ἥ
832 1327 892 1382 δὲ
950 1327 1081 1398 περὶ
1130 1326 1242 1380 τῶν
1284 1326 1568 1380 σκυϐἀλων
1604 1325 1715 1378 τῶν
1762 1322 1917 1388 ζώων

331 1418 565 1489 πάροδος
606 1418 789 1482 καλῶς
828 1417 1345 1490 παρασεσιώπηται,
1380 1416 1475 1470 καὶ
1505 1416 1597 1470 τοῦ
1637 1415 1760 1469 Νῶε
1802 1415 1918 1484 ἅμα

329 1512 442 1572 τοῖς
479 1511 615 1573 υἱοῖς
634 1509 948 1581 δυναμένων
987 1509 1047 1563 τὸ
1085 1509 1379 1564 ἀκόλουθον
1408 1509 1535 1581 περὶ
1571 1507 1759 1562 τούτου
1788 1524 1915 1560 σκο-

331 1601 524 1672 πῆσαι,
574 1602 669 1655 καὶ
722 1602 880 1673 ἡμῶν
925 1603 998 1656 τὰ
1038 1602 1516 1674 παραλελειμμένα
1556 1599 1917 1655 στονάσασθαι

329 1695 425 1747 καὶ
459 1693 671 1765 ἁναπλη
680 1693 873 1765 ρῶσαι.

400 1784 557 1838 ΚΕΦ.
597 1786 679 1850 Η¹,
747 1801 829 1837 στ.
882 1791 952 1842 α’.
1009 1786 1120 1841 Kal
1181 1785 1455 1855 ἐμνήσθη
1518 1787 1551 1839 d
1609 1784 1755 1839 Θεὸς
1808 1784 1915 1839 τοῦ

326 1869 476 1933 Νῶε,
502 1888 553 1924 κ.
586 1888 639 1925 τ.
668 1871 719 1924 λ.

400 1961 677 2032 Διδύμου.
712 1963 809 2028 Τὸ,
856 1964 1163 2034 Ἐμνήσθη
1217 1968 1251 2020 ὁ
1288 1966 1432 2032 Θεὸς
1460 1965 1567 2021 τοῦ
1607 1966 1757 2029 Νῶε,
1789 1966 1907 2019 θεο-

326 2051 556 2121 πρεπῶς
590 2053 902 2107 ἀκουστέον.
964 2054 1076 2125 Οὐχ
1123 2056 1200 2119 ὡς
1253 2056 1537 2127 ἐκλήθης,
1565 2057 1678 2110 ἀλλ’
1723 2055 1912 2127 ὥσπερ

326 2144 458 2218 περὶ
484 2144 593 2199 τῶν
615 2146 827 2198 ἀσεϐῶν
855 2145 1024 2215 λέγει,
1056 2151 1178 2202 Οὐκ
1211 2143 1343 2201 οῖδα
1362 2147 1516 2218 ὑμᾶς
1537 2151 1722 2203 πόθεν
1751 2149 1914 2212 ἐστὲ,

322 2235 593 2300 τουτέστι,
632 2238 899 2291 Οὐδέποτε
921 2238 1092 2307 ἔγνων
1131 2240 1297 2310 ὑμᾶς,
1334 2241 1411 2304 ὼς
1467 2241 1702 2296 ἐνταῦθα
1734 2241 1918 2312 δηλοῦ-

327 2323 456 2377 σθαι
486 2326 568 2389 τὸ,
625 2327 895 2381 Οὐδέποτε
925 2328 1000 2392 ὡς
1043 2330 1347 2401 ἡμετέρους
1382 2331 1527 2401 ὑμᾶς
1550 2331 1726 2403 ἔσχον.
1758 2331 1914 2384 Οὕτω

326 2413 606 2469 κάνταῦθα
632 2416 692 2469 τὸ
721 2417 989 2489 ἐμνήσθη,
1024 2420 1144 2474 ἀντὶ
1172 2419 1289 2485 τοῦ,
1321 2420 1714 2492 Ἐπεισήγανεν
1747 2421 1899 2492 αὕτη

325 2503 501 2575 ἀρχὴν
523 2507 772 2575 γενέσθαι
800 2509 892 2563 τοῦ
923 2512 1133 2579 γένους.

2020 596 2349 665 participare
2378 597 2534 651 decet
2563 610 2685 651 eum
2712 596 2803 665 qui
2840 597 3045 666 ingredi
3076 602 3281 669 appetit
3300 599 3603 672 (cherubim

2017 689 2161 743 enim
2215 688 2602 759 interpretatur
2647 690 2930 743 multitudo
2978 692 3347 761 cognitionis);
3386 702 3440 747 et
3487 695 3602 764 gla-

2018 780 2192 845 dium,
2244 794 2354 848 quo
2400 779 2667 834 laboriosa
2701 780 2808 834 vita
2846 781 3113 835 innuitur.
3152 780 3268 837 Non
3319 783 3423 839 nisi
3455 785 3601 839 enim

2019 886 2114 940 per
2140 871 2339 925 multas
2362 870 2743 928 tribulationes
2776 872 3077 943 ingressum
3122 873 3176 927 in
3205 888 3429 944 regnum
3453 889 3603 930 asse-

2022 962 2113 1031 qui
2151 961 2293 1016 licet.

2087 1051 2237 1107 CAP.
2280 1050 2371 1117 Vl,
2403 1066 2549 1110 vers.
2571 1051 2664 1106 29..
2705 1050 2875 1106 Tolles
2903 1053 3063 1124 igitur
3083 1062 3248 1107 tecum
3268 1069 3335 1108 ea:
3358 1054 3595 1109 omnibus

2015 1145 2146 1197 escis
2171 1159 2290 1213 qua:
2316 1143 2498 1196 mandi
2523 1153 2762 1209 possunt,
2801 1153 2851 1197 et
2876 1144 3225 1214 contportabis
3262 1146 3404 1213 apud
3444 1154 3515 1212 te,
3548 1155 3597 1200 et

2015 1244 2172 1289 erunt
2199 1245 2306 1288 tam
2327 1234 2422 1287 tibi
2453 1250 2609 1304 quam
2636 1235 2741 1288 illis
2762 1238 2816 1288 in
2847 1237 3041 1289 cibum.

2090 1327 2327 1396 Didymi.
2354 1325 2485 1393 Quae
2511 1334 2692 1378 autem
2731 1327 2800 1379 ad
2837 1334 3081 1381 stercora
3115 1325 3426 1381 animalium
3467 1342 3598 1397 per-

2018 1416 2208 1482 tinent,
2244 1423 2390 1470 recte
2430 1414 2650 1470 silentio
2674 1416 2947 1485 prtetcrita
2990 1427 3140 1485 sunt,
3172 1420 3437 1490 siquidem
3468 1421 3596 1477 huic

2017 1502 2093 1557 rei
2129 1501 2241 1557 Noe
2274 1517 2398 1558 cum
2444 1502 2570 1558 ﬁliis
2615 1505 2998 1561 convenienter
3057 1509 3339 1575 providere
3387 1511 3592 1579 potuit,

2015 1596 2301 1664 nobisque,
2334 1611 2454 1664 qua:
2482 1599 2849 1667 praetermissa
2897 1612 3047 1666 sunt,
3077 1603 3349 1671 conjicere
3377 1613 3431 1662 et
3463 1621 3594 1675 sup-

2015 1689 2161 1759 plere
2184 1687 2401 1742 obvium
2439 1697 2544 1743 est.

2086 1781 2240 1835 CAP.
2279 1780 2413 1845 VIII,
2453 1796 2596 1837 vers.
2640 1784 2689 1837 l.
2737 1786 2806 1840 E't
2836 1785 3137 1840 recordatus
3166 1795 3243 1841 est
3278 1785 3419 1843 Deus
3454 1786 3590 1857 Noe,

1944 1863 1988 1918 Β
2013 1883 2121 1929 etc.

2092 1964 2327 2035 Didymi.
2376 1964 2532 2034 Illud,
2573 1964 2894 2023 Recordotus
2919 1966 3061 2023 Deus
3107 1968 3247 2034 Noe,
3280 1970 3360 2025 sic
3403 1969 3596 2026 intem-

2017 2056 2246 2127 gendum
2281 2066 2384 2123 est,
2419 2068 2477 2113 ut
2514 2070 2720 2113 natura:
2741 2059 2934 2115 divina:
2963 2061 3268 2116 conveniat.
3307 2061 3421 2116 Non
3453 2062 3593 2117 obli-

2014 2148 2226 2202 vionem
2259 2164 2469 2217 passus,
2494 2150 2588 2204 sed
2623 2150 2817 2218 impios
2857 2161 3163 2217 aversatus,
3191 2153 3322 2207 dicit
3352 2171 3366 2208 :
3395 2150 3592 2207 Nescio

2014 2254 2102 2292 vos
2128 2240 2266 2292 unde
2291 2240 2407 2293 sitis
2433 2238 2582 2311 (Luc.
2605 2257 2724 2305 xm,
2761 2243 2854 2313 27)
2877 2282 2892 2307 ,
2927 2244 2977 2296 id
3023 2252 3127 2310 est,
3156 2242 3437 2314 Nunquam
3469 2245 3590 2299 novi

2014 2344 2146 2392 vos;
2184 2331 2335 2400 quasi
2364 2332 2508 2387 dicat
2531 2331 2855 2402 :Nunquam
2889 2350 2985 2388 vos
3038 2335 3089 2388 in
3138 2346 3443 2389 nostrorum
3491 2352 3595 2389 nu-

2018 2436 2166 2475 mero
2200 2421 2382 2476 habui.
2418 2422 2510 2477 Sic
2564 2423 2728 2476 etiam
2790 2423 2939 2489 illud,
2967 2423 3292 2479 Rerordatus
3327 2433 3422 2491 est,
3448 2424 3588 2479 idem

2014 2522 2097 2567 est
2118 2528 2181 2566 ac
2207 2513 2251 2567 si
2282 2513 2488 2570 diceret
2512 2532 2527 2567 :
2555 2514 2757 2569 Statuit
2779 2515 2927 2570 illum
2955 2517 3280 2587 principium
3304 2515 3417 2591 fore
3446 2529 3596 2572 nova:

2007 2608 2391 2677 generationis.

1198 2880 1926 2973 FRAGMENTA
2001 2885 2125 2972 IN
2203 2880 2759 2975 EXODUM.

1674 3074 1784 3141 (Ea:
1805 3076 1986 3131 eadem
2007 3075 2253 3151 Catena.)

402 3365 560 3418 ΚΕΦ.
596 3365 725 3429 ΚΔ’,
759 3381 844 3419 στ.
874 3371 927 3420 ι’.
972 3365 1079 3421 Καὶ
1101 3362 1266 3422 εἶδον
1296 3364 1406 3421 τὸν
1425 3368 1613 3421 τόπον
1633 3364 1703 3423 οὗ
1727 3366 1908 3437 ἐστή-
1935 3379 1946 3429 4

2083 3370 2236 3426 CAP.
2277 3370 2473 3435 XXIV,
2502 3385 2641 3424 vers.
2671 3369 2760 3424 10.
2802 3369 2870 3423 Et
2907 3370 3148 3424 viderunt
3183 3370 3346 3424 Deum
3380 3369 3597 3426 Israel:

333 3476 427 3513 κει
455 3458 629 3514 exsto
650 3458 794 3525 Θεὸς
826 3458 934 3513 τοῦ
981 3459 1247 3529 Ἰσραήλ·
1280 3461 1379 3514 καί
1409 3460 1481 3514 τὰ
1504 3459 1623 3515 ὑπὸ
1647 3461 1789 3527 τοὺς
1817 3463 1918 3514 πό-

334 3555 446 3619 δας
488 3554 674 3609 αὐτοῦ
719 3554 861 3607 ὡσεὶ
916 3553 1096 3624 ἔργον
1128 3555 1386 3611 πλίνθου
1415 3557 1779 3625 σαπφείρου,
1818 3558 1918 3612 καὶ

335 3643 537 3711 ὥσπερ
563 3638 723 3709 εἶδος
744 3641 1152 3713 στερεώματος
1178 3643 1287 3698 τοῦ
1333 3643 1597 3713 οὐρανοῦ
1628 3643 1705 3713 τῇ
1742 3648 1922 3699 καθα-

330 3734 581 3804 ριότητι.

408 3825 685 3896 Διδύμου.
720 3825 985 3897 Δηλοῦται
1010 3825 1121 3897 γὰρ
1148 3825 1239 3881 καὶ
1271 3828 1330 3879 ὲν
1358 3827 1425 3906 τῇ
1448 3824 1594 3889 λέξει
1628 3824 1823 3898 ταύτῃ,
1846 3826 1922 3889 ὡς

336 3918 467 3973 ἔνθα
519 3918 654 3971 Θεοῦ
690 3917 963 3988 παρουσία
1013 3918 1197 3989 νόησιν
1243 3917 1389 3988 ἔσχε,
1426 3921 1590 3972 τόπον
1638 3920 1923 3990 εἰρήκασιν

337 4006 626 4063 εἶναιτῶν
674 4008 851 4063 ποδῶν
901 4009 1088 4073 αὑτοῦ,
1146 4008 1379 4079 βεϐαίως
1434 4009 1736 4082 ἱδρυμένων
1794 4009 1922 4063 ἔνθα

337 4101 509 4174 ἁρετὴ
531 4103 830 4174 πρακτική.
870 4101 945 4155 Ἦ
985 4102 1259 4171 δηλοῦται,
1302 4101 1392 4154 διὰ
1417 4103 1517 4171 τῆς
1557 4101 1780 4155 πλίνθου
1822 4102 1923 4172 τῆς

340 4196 721 4266 σαπιρειρίνης,
777 4194 873 4247 καὶ
899 4194 1081 4263 σοφία,
1111 4194 1257 4263 ἥτις,
1288 4192 1376 4246 διὰ
1407 4192 1517 4244 τῶν
1557 4192 1766 4263 νοητῶν
1797 4192 1926 4245 θεω-

342 4289 435 4359 ρία
457 4287 745 4357 ὑπάρχειν,
791 4287 857 4355 τῇ
892 4283 1246 4355 καθαριότητι
1279 4281 1709 4353 παραϐάλλεται.

411 4462 568 4515 ΚΕΦ.
597 4460 724 4525 AI",
750 4477 831 4514 στ.
860 4466 951 4523 ιγ’.
968 4461 1034 4512 Ei
1051 4455 1164 4513 οὖν
1188 4458 1413 4528 εὓιηκα
1449 4458 1624 4529 χάριν
1646 4460 1927 4513 ἐναντίον

341 4568 479 4613 σου,
522 4551 862 4622 ἐμφάνισον
910 4567 1013 4619 μοι
1049 4552 1334 4606 σεαυτόνο
1372 4550 1655 4620 Tricorth
1678 4553 1780 4605 ἵνα
1820 4551 1925 4605 ιὸω

342 4660 437 4711 σε,
462 4643 623 4710 ὅπως
662 4642 739 4696 ἂν
772 4638 820 4697 ὦ
861 4641 1128 4711 εὑρηκὼς
1157 4642 1334 4711 χάριν
1358 4640 1618 4697 ἐνώπιόν
1639 4658 1777 4702 σου.
1824 4643 1924 4697 καὶ

343 4738 445 4791 ἵνα
466 4734 605 4807 γνῶ,
648 4734 739 4788 ὅτι
789 4735 941 4800 λαός
972 4750 1088 4788 σου
1114 4729 1315 4798 οὗτος,
1350 4734 1417 4787 τὸ
1449 4736 1626 4799 ἔθνος
1653 4734 1851 4789 τοῦτο.

415 4828 693 4897 Διδύμου.
727 4825 802 4879 Τὸ
827 4824 1083 4893 γνωστῶς
1109 4822 1405 4895 ὁρώμενον,
1441 4824 1662 4895 εὔδηλον
1686 4827 1762 4889 ὠς
1788 4827 1927 4880 θεω-

351 4919 442 4990 pia
473 4918 654 4988 μόνον,
686 4917 782 4970 καὶ¹
801 4915 902 4969 οὐκ
924 4914 1176 4986 αἰσθήσει
1203 4915 1698 4986 καταλαμϐάνεται.
1717 4917 1926 4988 ’Ὠσπερ

347 5008 454 5082 γὰρ
482 5009 577 5062 καὶ
625 5007 900 5078 ὀφθαλμὸς
928 5005 1036 5059 τῶν
1066 5006 1338 5076 αἰσθητῶν
1382 5007 1839 5078 ἀντιλαμϐάνεται
1860 5008 1927 5061 δι’

346 5101 589 5171 ὁράσεως
640 5099 814 5163 οίίτως
835 5101 864 5152 ό
900 5097 1045 5162 νοῦς,
1079 5097 1171 5151 διὰ
1220 5097 1499 5162 γνώσεως,
1531 5098 1665 5153 Θεοῦ
1697 5099 1931 5170 θεωρίαν

348 5190 584 5259 δέχεται.

420 5278 512 5331 Στ.
542 5274 625 5330 ιθ’.
652 5276 756 5330 Kal
771 5271 961 5340 εἶπεν,
992 5277 1141 5347 Ἐγὼ
1167 5280 1614 5349 παρελεύσομαι
1640 5282 1931 5349 πρότερον

351 5382 466 5422 σου
488 5365 563 5434 τῇ
590 5366 739 5434 δόξῃ
758 5384 899 5436 μου,
929 5369 1295 5438 πορεύσομαι
1317 5369 1432 5438 πρὸ
1461 5371 1785 5438 προσώπου
1813 5390 1929 5426 σου

354 5459 425 5530 τῇ
472 5458 626 5527 δόξῃ
662 5476 807 5529 μου,
860 5459 960 5514 καὶ
1000 5460 1240 5515 καλέσω
1289 5460 1370 5527 τῷ
1421 5462 1666 5533 ὀνόματι
1706 5464 1932 5531 Κυρίου

350 5552 631 5606 ἐπαγ-τίον
648 5565 788 5605 σου.

420 5640 694 5710 Διδύμου.
756 5640 889 5694 Μετ’
937 5642 1107 5713 αὐτὴν
1163 5647 1272 5718 γὰρ
1305 5645 1590 5718 ὑπάρχεις.
1635 5644 1928 5718 Ὑπάρχων

351 5730 461 5802 γὰρ
504 5731 612 5803 πρὸ
638 5730 748 5784 τῶν
778 5730 1010 5792 αίὼνων,
1038 5736 1352 5806 εὑρίσκεται
1378 5739 1411 5809 ἡ
1448 5737 1556 5808 ἐμὴ
1605 5736 1754 5800 δόξα,
1782 5739 1810 5790 ὁ
1839 5754 1929 5807 μο-

352 5824 575 5887 νοινενίίες
608 5840 709 5896 μου
734 5821 864 5881 Υἱὸς
905 5818 1055 5879 οὖσα.
1094 5826 1262 5882 Ὅταν
1294 5826 1404 5883 ἐγὼ
1437 5828 1739 5899 προδιαϐὦ,
1791 5828 1927 5901 ἔχων

2019 3474 2068 3518 et
2093 3466 2188 3519 sub
2225 3464 2441 3532 pedibus
2464 3463 2577 3532 ejus
2606 3464 2760 3532 quasi
2796 3478 2925 3529 opus
2958 3462 3151 3531 lapidis
3181 3462 3499 3531 sapphirini,
3551 3473 3601 3517 et

2023 3556 2177 3624 quasi
2212 3558 2398 3609 caelum
2432 3570 2549 3607 cum
2570 3568 2810 3607 serenum
2834 3561 2930 3606 est.

2095 3815 2333 3886 Didymi;
2355 3843 2425 3854 —-
2455 3813 2529 3867 Ex
2556 3813 2659 3868 hac
2689 3811 2834 3866 enim
2861 3809 3090 3866 lectione
3149 3809 3492 3864 manifestum:
3544 3808 3606 3864 ﬁt

2023 3911 2189 3980 quod,
2232 3907 2405 3963 sicubi
2457 3907 2601 3961 Deus
2644 3905 3021 3974 -spiritualiter
3072 3904 3244 3967 adest,
3303 3905 3374 3958 ibi
3432 3903 3604 3956 locum

2025 4015 2146 4056 esse
2176 4002 2370 4070 pedum
2419 3998 2537 4067 ejus
2582 3999 2798 4063 dicitur,
2836 3996 3066 4051 ﬁrmiter
3099 3995 3186 4050 hic
3219 3995 3479 4049 stantium
3514 3993 3604 4047 ubi
3696 4013 3703 4019 ·

2026 4094 2265 4165 practica
2312 4101 2397 4148 est
2439 4093 2631 4146 virtus.
2663 4089 2826 4144 Forte
2876 4089 3061 4153 etiam,
3096 4102 3198 4157 per
3229 4102 3359 4156 opus
3387 4083 3604 4153 sapphi-

2026 4187 2134 4239 rini
2170 4184 2389 4253 lapidis,
2412 4182 2674 4251 sapientia
2703 4180 3036 4249 designatur,
3055 4194 3192 4247 quia,
3213 4177 3335 4246 quia
3362 4176 3415 4230 in
3443 4174 3599 4229 intel-

2028 4278 2335 4333 lectualium
2384 4273 2845 4343 contemplatione
2894 4271 3149 4326 consistit
3232 4267 3363 4322 caelo
3421 4281 3605 4320 sereno

2025 4379 2391 4438 comparatur.

2098 4461 2254 4518 CAP.
2281 4458 2523 4524 XXXIII,
2559 4473 2704 4513 vers.
2747 4458 2835 4511 15.
2865 4454 2927 4512 Si
2947 4471 3069 4525 ergo
3093 4452 3267 4507 inveni
3297 4452 3519 4521 gratiam
3550 4452 3607 4505 in

2027 4564 2303 4623 conspectu
2333 4564 2445 4615 tuo,
2478 4556 2694 4605 ostende
2731 4548 2860 4603 mihi
2885 4547 3078 4615 faciem
3116 4555 3262 4597 tuam
3296 4552 3353 4596 ut
3386 4557 3477 4610 per
3518 4559 3608 4595 co-

2029 4649 2310 4718 gnitionem
2334 4646 2538 4699 videant
2567 4654 2615 4697 te
2647 4656 2693 4697 et
2723 4643 2985 4696 inveniant
3016 4638 3243 4709 gratiam
3271 4645 3396 4692 ante
3428 4637 3607 4691 oculos

1950 4725 2003 4786 D
2029 4750 2164 4803 tuos.
2189 4750 2237 4794 et
2270 4754 2552 4809 cognoscas
2579 4736 2701 4801 quia
2722 4734 2944 4804 populus
2982 4743 3106 4785 tuus
3128 4739 3203 4783 est
3224 4745 3348 4800 gens
3373 4733 3497 4783 ista.

2095 4826 2413 4900 Didymi.—
2429 4824 2580 4892 Quod
2611 4839 2705 4892 per
2726 4821 3088 4892 cognitionem
3116 4819 3348 4883 videtur,
3372 4817 3612 4875 abintel-

2025 4919 2166 4974 lectu
2200 4925 2439 4980 tantum,
2472 4913 2694 4967 minime
2735 4924 2867 4964 vero
2915 4924 2946 4963 a
2984 4907 3234 4963 sensibus
3279 4908 3609 4977 apprehendi

2026 5008 2374 5064 manifestum
2412 5014 2516 5060 est.
2559 5003 2714 5059 Sicut
2764 5002 2910 5055 enim
2956 4998 3148 5055 oculus
3201 5013 3298 5069 per
3344 4999 3608 5054 visionem

2027 5100 2303 5158 sensibilia
2336 5096 2584 5168 percipit,
2620 5095 2701 5149 sie
2732 5107 2908 5157 mens,
2953 5105 3053 5160 per
3081 5090 3475 5154 cognitionem,
3513 5089 3608 5145 Dei

2027 5195 2288 5249 visionem
2312 5190 2521 5257 recipit.
3066 5204 3071 5210 -

2097 5283 2264 5338 Vens.
2283 5281 2371 5336 I9.
2390 5277 2457 5333 Et
2487 5279 2619 5333 disit
2640 5277 3034 5348 :Egotransibo
3062 5276 3271 5346 priorte
3303 5288 3420 5326 cunt
3435 5270 3609 5341 gloria

2025 5391 2182 5439 mea;
2224 5373 2421 5441 prazibo
2470 5380 2594 5424 ante
2623 5370 2815 5439 faciem
2845 5380 2992 5423 tuam
3036 5384 3155 5421 cum
3183 5365 3353 5437 gloria
3385 5379 3520 5425 mea,
3557 5370 3609 5415 et

2028 5467 2226 5520 vocabo
2256 5464 2466 5518 nomine
2497 5460 2706 5516 Domini
2735 5475 2913 5514 coram
2949 5469 3020 5513 te.

2108 5644 2418 5714 Didymi.—
2432 5640 2708 5697 Posterior
2724 5638 2872 5694 enim
2890 5636 2981 5691 illa
2998 5633 3189 5705 (gloria
3202 5629 3339 5703 mea)
3368 5643 3446 5684 es.
3473 5626 3605 5682 Nam

2035 5746 2161 5792 ante
2175 5735 2370 5791 saecula
2397 5733 2608 5789 exsistit
2632 5729 2804 5801 gloria
2826 5742 2966 5792 mea,
2993 5740 3115 5796 quae
3145 5732 3230 5779 est
3262 5721 3430 5776 Filius
3457 5733 3610 5773 meus

2037 5827 2364 5899 unigenitus.
2410 5827 2541 5883 Cum
2586 5838 2719 5895 ergo
2745 5822 2895 5893 prior
2937 5816 3220 5880 transiero,
3258 5813 3460 5869 habens
3491 5808 3607 5881 8'0-
