4034 6448
464 393 600 446 “I5
1699 399 1936 455 DIDYMI
1972 400 2440 459 ALEXANDRINI
3583 407 3718 462 HIS

462 515 599 569 riutn
639 521 903 582 nostram,
951 524 1003 570 tu
1053 517 1420 588 subscqucris,
1455 518 1593 574 sicut
1627 535 1814 576 servus
1860 523 2034 576 domi-

2141 524 2240 595 τὴν
2267 525 2543 596 ἡμετέραν
2557 524 2732 592 δόξαν,
2761 524 2885 580 τότε
2917 525 3486 598 σὺὲπακολουθήσεις.
3523 520 3618 580 οἷα
3641 529 3726 580 Θε-

460 620 610 660 num.

2141 617 2328 688 ράπων
2353 616 2605 690 δεσπότῃ.

533 693 698 751 Vsus.
739 695 830 750 23.
868 695 1170 762 Tollamque
1207 715 1419 753 manum
1449 712 1624 754 meam'
1645 713 1691 756 et
1721 705 1915 758 uidebis
1953 722 2039 772 po-

2209 708 2301 761 Στ.
2333 715 2440 777 κγ’.
2477 709 2586 764 Καὶ
2635 708 2840 779 ἀμελῶ
2868 708 2984 778 τὴν
3035 709 3221 778 χεῖρα,
3263 709 3358 763 καὶ
3397 711 3549 764 τότε
3595 709 3729 779 ὄψει

461 784 683 838 steriora
721 801 835 838 mea
865 801 884 838 :
921 787 1111 855 {aciem
1149 801 1324 844 autem
1357 806 1524 844 nteant
1564 793 1733 847 videre
1764 811 1865 847 non
1893 807 2038 864 pote-

2138 799 2212 852 τὰ
2260 799 2455 852 ὀπίσω
2481 817 2612 855 αου’
2656 800 2724 854 τὸ
2756 800 2824 854 δὲ
2847 803 3168 870 πρόσωπόν
3184 819 3303 872 μου
3349 805 3477 857 οὐκ
3539 803 3729 872 ὀφθή-

463 894 533 930 ηε
541 915 556 928 ο

2137 892 2306 946 σεται
2335 907 2450 947 σοι.

536 965 773 1037 Didymi.
795 997 868 1007 —
900 967 1090 1023 Divina
1139 980 1354 1038 natura,
1387 972 1559 1040 qualis
1583 975 1651 1027 ab
1675 984 1879 1030 interno
1912 988 2039 1032 ante

2139 907 2304 946 σεται
2335 907 2451 947 σοι.

2210 979 2486 1051 Διδύμου.
2531 981 2596 1034 Ἦ
2629 982 2726 1053 μὲν
2747 983 3078 1054 προκόσμιος
3117 981 3344 1056 ὓπαρξῐς
3358 1001 3426 1038 τε
3461 999 3565 1038 και
3592 983 3732 1036 θειό-

466 1059 651 1112 mundi
673 1061 1114 1116 constitutionem
1148 1065 1582 1135 exsistebat,per
1603 1066 1793 1136 [aciem
1835 1069 2040 1124 indica-

2142 1091 2239 1145 της
2271 1072 2522 1144 δηλοῦται
2544 1074 2633 1128 διὰ
2651 1075 2756 1129 τοῦ
2773 1074 3117 1143 προσώπου·
3145 1076 3179 1146 ἠ
3194 1075 3250 1128 δὲ
3271 1075 3622 1148 δημιουργία
3643 1074 3735 1126 καὶ

469 1157 586 1212 ιιιι·;
629 1150 832 1204 creatio
861 1163 1038 1206 autem
1065 1161 1119 1206 et
1148 1155 1484 1222 providentia
1524 1170 1620 1224 per
1643 1158 1936 1224 posteriora
1965 1159 2039 1214 si-

1384 1157 1484 1208 ntia
1524 1170 1620 1224 per
1643 1158 1936 1224 posteriora
1965 1159 2039 1214 si-
2141 1165 2389 1234 πρόνοια,
2413 1165 2501 1219 διὰ
2528 1164 2645 1219 τῶν
2670 1167 2860 1222 ὀπίσω
2881 1167 2977 1240 (1).

467 1241 814 1308 gnilicantur.
3354 1299 3366 1316 .

540 1330 693 1386 CAP.
740 1331 980 1398 XXXIV,
1017 1350 1158 1390 vers.
1227 1337 1282 1394 2.
1337 1337 1465 1390 Esto
1514 1348 1730 1404 paratus
1785 1357 1937 1394 mane
1983 1352 2040 1394 ut

2213 1342 2370 1395 ΚΕΦ.
2391 1339 2511 1406 AA',
2538 1359 2620 1396 στ.
2659 1342 2724 1412 β’.
2753 1343 2861 1397 Καὶ
2884 1344 3056 1412 γίνου
3090 1342 3319 1412 ἕτοιμος
3337 1343 3430 1408 εἰς
3460 1339 3538 1394 τὸ
3563 1338 3734 1409 πρωῒ,

469 1426 723 1478 ascendas
763 1429 944 1479 statim
988 1427 1044 1481 in
1079 1439 1304 1484 montem
1334 1427 1505 1496 Sinai,
1541 1431 1806 1500 stabisque
1843 1449 2041 1486 mecum

2142 1433 2238 1486 καὶ
2273 1432 2549 1501 ἀναϐήσῃ
2599 1433 2668 1488 τὸ
2703 1434 2852 1502 πρωϊ
2878 1436 2966 1501 εις
3007 1433 3074 1487 τὸ
3117 1434 3252 1503 ὅρος
3289 1433 3356 1487 τὸ
3395 1431 3586 1497 Σινᾶ,
3639 1430 3735 1484 καὶ

468 1529 625 1582 super
649 1518 909 1570 uerticem.

2141 1521 2345 1590 στήσῃ
2370 1541 2472 1592 μοι
2494 1523 2622 1577 ἐκεῖ
2643 1524 2736 1577 ἐπ’
2781 1523 2971 1592 ἄκρου
2998 1523 3104 1577 τοῦ
3129 1523 3325 1592 ὅρους.

541 1607 775 1678 Didymi.
801 1639 874 1650 —
907 1608 1024 1675 Non
1054 1610 1198 1666 enim
1229 1626 1350 1666 cum
1377 1612 1484 1667 alio
1504 1622 1612 1668 stat
1644 1614 1746 1668 nisi
1767 1630 1888 1670 cum
1910 1615 2040 1680 Deo,

2213 1615 2488 1684 Διδύμου.
2515 1615 2590 1668 Οὐ
2611 1615 2716 1687 γὰρ
2752 1615 2921 1685 ἑτέρῳ
2949 1613 3057 1666 nvi.
3087 1615 3320 1677 ἵσταται,
3350 1611 3476 1667 ἀλλ’
3527 1609 3566 1680 ἢ
3595 1607 3736 1678 Θεῷι

474 1701 560 1754 cui
595 1701 906 1768 praadictum
939 1703 1238 1772 profectum
1267 1705 1526 1774 perﬁciet.
1571 1705 1710 1774 Quid
1753 1721 1837 1762 est
1862 1721 2040 1762 autem

2146 1697 2187 1771 ᾧ
2217 1704 2317 1774 τὴν
2341 1702 2672 1773 δηλωθεῖσαν
2717 1702 2995 1775 προκοπὴν
3037 1701 3296 1756 διανύσει.
3337 1701 3402 1754 Τί
3427 1699 3494 1752 δέ
3519 1699 3647 1750 ἐστι
3681 1695 3739 1749 τὸ

469 1800 613 1844 stare
645 1803 768 1846 cum
803 1793 935 1860 Deo,
961 1793 1063 1848 nisi
1107 1803 1354 1863 paratum
1393 1809 1516 1850 esse
1545 1798 1612 1851 ad
1654 1797 1916 1851 audienda
1947 1796 2038 1851 Dei

2146 1797 2366 1850 ἑστάναι
2395 1796 2535 1867 Θεῷ,
2559 1796 2592 1868 ἢ
2619 1796 2679 1849 τὸ
2703 1797 2918 1868 ἕτοιμον
2966 1794 3218 1852 γενέσθαι
3251 1794 3386 1857 πρὸς,
3423 1792 3494 1846 τὸ
3525 1791 3738 1862 ἀκροᾶ-

471 1895 732 1952 praecepta
749 1885 773 1938 ?

2076 1893 2118 1949 Β
2155 1887 2277 1940 σθαι
2313 1886 2447 1940 Θεοῦ
2467 1887 2837 1955 διδασκαλίαν;

546 1973 710 2031 Vens.
741 1975 796 2031 5.
839 1975 905 2032 Et
951 1979 1126 2036 nullus
1166 1981 1415 2036 ascendat
1451 1989 1621 2033 tecum
1671 1995 1763 2034 nec
1804 1980 2042 2034 rideatur

2221 1979 2311 2032 Στ.
2351 1985 2421 2047 γ’.
2461 1980 2570 2034 Καὶ
2605 1979 2816 2050 μηδεὶς
2845 1979 3118 2048 ἁναόήτω
3134 1977 3284 2048 μετὰ
3311 1977 3451 2041 σοῦ,
3492 1975 3599 2030 καὶ
3622 1989 3738 2042 μη-

471 2067 736 2136 quispiam
778 2085 871 2138 per
902 2079 1068 2125 totum
1116 2082 1384 2126 montem:
1409 2073 1557 2126 boues
1591 2086 1795 2141 quoque
1839 2081 1886 2125 et
1934 2087 2048 2125 oues

2147 2069 2268 2136 δεὶς
2317 2071 2554 2139 ἀρθήτω
2597 2072 2669 2124 ἐν
2696 2073 2874 2126 παντὶ
2927 2069 3006 2137 τῷ
3041 2071 3179 2140 ὄρει·
3215 2070 3316 2124 καὶ
3359 2070 3435 2124 τὰ
3465 2069 3740 2136 πρόϐατα

473 2175 578 2212 non
604 2170 890 2227 pascantur
917 2178 944 2215 e
969 2173 1172 2216 contra.

2146 2163 2244 2216 καὶ
2287 2166 2341 2216 οι
2388 2164 2537 2228 βόες
2575 2162 2659 2232 μὴ
2698 2163 3089 2232 νεμέσθωσαν
3111 2162 3370 2229 πλησίον
3392 2158 3511 2214 τοῦ
3535 2158 3735 2226 ὄρους.

545 2249 1172 2322 Didymi—Quicunque
1203 2251 1384 2322 Moyse
1422 2249 1846 2320 imperfectiores
1873 2259 2048 2313 erant,

2221 2253 2498 2324 Διδύμου.
2526 2255 2651 2320 Τοῖς
2701 2255 3147 2326 ἀπολειπομένοις
3191 2254 3289 2324 τῆς
3320 2251 3414 2305 τοῦ
3448 2247 3739 2310 Μωῦσέως

473 2356 570 2397 ωε
603 2342 704 2398 sub
731 2355 914 2398 monte
943 2351 1090 2398 stare
1129 2343 1436 2413 imperavit.

2149 2344 2482 2416 τελειότητος
2507 2347 2690 2418 μένειν
2708 2349 2857 2402 κάτω
2881 2347 2974 2401 τοῦ
3000 2347 3158 2419 ὅρους
3188 2344 3516 2418 προσέταξε.

553 2474 627 2544 (Ι)
679 2475 812 2529 Huic
855 2479 1241 2536 commentario
1270 2478 1551 2548 sequentia
1596 2479 1648 2532 in
1680 2477 1864 2533 codice
1912 2474 2066 2548 subju

475 2545 635 2599 editis
660 2553 782 2599 mox
813 2547 1082 2600 lcauntur.

2140 2491 2344 2539 untur:
2379 2483 2526 2538 Idem
2557 2494 2604 2536 et
2669 2481 2949 2554 Gregorius
2998 2483 3270 2553 Nyssa'us.
3303 2479 3428 2537 Hac
3450 2492 3643 2536 autem
3683 2480 3733 2534 in

550 2561 635 2599 Ius
660 2561 782 2599 tuo:
813 2561 1082 2616 teguntur.

1143 2868 1863 2990 FRAGMENTA
1936 2870 2062 2958 IN
2140 2869 2550 2962 REGUM
2630 2870 2866 2958 LIB.
2944 2870 3082 2960 ιι.

1415 3058 1524 3133 (Ea:
1550 3057 1751 3116 Catena
1782 3057 2068 3130 Nicephori
2093 3077 2251 3132 supra
2277 3061 2519 3128 laudata,
2549 3069 2675 3117 tam.
2699 3061 2812 3134 11.)

551 3371 704 3428 CAP.
744 3369 911 3430 XXII.
961 3371 1120 3428 Vera.
1167 3371 1221 3426 5.
1275 3371 1416 3438 Quia
1465 3371 1920 3426 circumdederunt
1975 3375 2124 3434 mec

2228 3373 2384 3426 ΚΕΦ.
2425 3371 2554 3438 ιςιιν,
2585 3387 2666 3424 στ.
2696 3379 2758 3427 ε’.
2783 3372 2912 3427 Ὀτι
2935 3371 3260 3440 περιέσχον
3278 3387 3356 3441 με
3376 3366 3736 3442 συντριμμοῑ

481 3466 813 3520 contritiones
863 3466 1088 3521 mortis:
1117 3473 1372 3520 torrentes
1429 3459 1724 3534 iniquitatis
1762 3475 2059 3520 terruerunt

2161 3462 2444 3530 θανάτου,
2471 3463 2569 3519 καὶ
2595 3464 2901 3534 χείμαρῤοι
2929 3465 3182 3534 ἀνομίας
3203 3464 3630 3538 ἐξεθάμόησάν
3643 3478 3734 3534 με.

481 3575 582 3615 me.

558 3649 790 3720 Didymi.
817 3677 890 3690 —
936 3647 1030 3704 Vel
1074 3649 1236 3705 etiam
1288 3661 1542 3705 torrentes
1580 3648 1881 3720 iniquitatis
1908 3650 2060 3715 dicit,

2231 3639 2509 3710 Διδύμου.
2549 3641 2622 3694 Ἦ
2651 3639 2747 3694 καὶ
2790 3640 3086 3712 χείμαρροι
3125 3638 3384 3711 ἀνομίας,
3416 3638 3512 3694 διὰ
3553 3638 3616 3692 τὸ
3663 3636 3735 3696 εἰς

483 3743 610 3810 quia
643 3742 695 3796 iu
739 3736 1076 3810 iniquitatem
1122 3741 1372 3798 incidunt
1411 3743 1500 3812 qui
1527 3757 1633 3797 non
1666 3742 1896 3800 viriliter
1930 3743 2064 3798 resi-

2163 3735 2392 3806 ἀνομιαν
2419 3733 2674 3806 ἔρχεσθαι
2702 3736 2829 3798 τοὺς
2861 3733 2936 3805 μὴ
2960 3733 3224 3802 γενναίως
3248 3733 3653 3806 ὑφισταμένους
3673 3727 3736 3780 τὰ

483 3839 639 3886 .ιιιιιιι
665 3831 1074 3886 lentationlbus.

920 3831 1074 3886 Illius.
2165 3829 2513 3900 πειρατήρια.

558 3923 726 3978 Vnus.
760 3921 814 3978 6.
847 3922 1067 3978 Dolores
1089 3923 1288 3994 inferni
1309 3925 1760 3979 circumdederunt
1790 3942 1870 3980 me
1922 3942 2064 3995 pra:-

2235 3922 2326 3973 Στ.
2369 3927 2444 3984 ς’.
2495 3917 2723 3986 Ὠδῑνες
2749 3917 2900 3986 ᾅδου
2929 3913 3427 3988 περιεκύκλωσὰν
3453 3931 3536 3984 με
3554 3953 3570 3979 ,
3603 3923 3739 3980 προ-

487 4022 736 4068 uenerunt
763 4030 846 4068 me
882 4014 1186 4085 aﬂlictiones
1216 4015 1422 4069 mortis.

2165 4009 2444 4081 échaO'dr
2465 4027 2542 4079 με
2574 4009 2836 4064 θανάτου
2866 4008 3280 4076 σκληρότητες

561 4103 796 4173 Dulymi.
826 4135 900 4148 ——
943 4105 1167 4160 Dolores
1225 4105 1417 4160 mortis
1468 4114 1524 4160 et
1589 4106 1791 4162 inferni
1843 4117 2065 4178 peccata

2239 4101 2520 4172 Διδύμου.
2567 4101 2765 4164 Ὢδῐνες
2791 4099 3022 4153 θανάτου
3052 4099 3146 4152 καὶ
3175 4097 3300 4152 ἇδου
3326 4097 3395 4152 τὰ
3421 4098 3560 4171 πρὸς
3583 4095 3737 4150 θάνα-

489 4203 616 4249 sunt
641 4191 843 4249 letalia.

2169 4209 2260 4246 τον
2292 4192 2512 4263 ἀμαρτή
2522 4207 2685 4261 ματα.

563 4285 727 4343 Vsus.
755 4287 810 4343 9.
847 4289 1100 4342 Ascendit
1131 4288 1309 4358 fumus
1355 4291 1412 4344 in
1463 4307 1545 4344 ira
1581 4307 1718 4359 ejus.
1747 4300 1796 4345 et
1845 4292 1980 4361 ignis
2006 4293 2069 4346 de

2241 4282 2332 4335 Στ.
2375 4281 2441 4335 θ’.
2484 4280 2694 4351 Ἀνέϐη
2723 4281 2952 4346 καπνὸς
2974 4279 3044 4334 ἐν
3069 4277 3222 4350 ὀργῆ
3249 4279 3457 4344 αὐτοῦ,
3493 4277 3592 4334 καὶ
3625 4273 3735 4340 πῦρ

491 4395 582 4436 ore
607 4380 722 4450 ejus
751 4382 979 4446 vorabit;
1009 4383 1262 4436 carbones
1291 4383 1499 4436 accensi
1523 4390 1648 4437 sunt
1675 4384 1738 4436 ab
1766 4398 1848 4436 eo.

2169 4373 2238 4427 ἐκ
2269 4373 2570 4443 στόματος
2596 4372 2785 4427 αὐτοῦ
2815 4371 3152 4427 κατέδεται·
3181 4370 3472 4440 ἄνθρακες
3503 4363 3737 4436 ἐξεκαύ-

2170 4469 2369 4534 θησαν
2393 4464 2494 4518 ἀπ’
2520 4463 2728 4518 αὑτοῦ.

561 4557 797 4628 Didymi.
831 4587 903 4610 -τ
928 4558 1174 4614 Ascendit
1203 4558 1379 4629 fumus
1407 4559 1460 4613 in
1499 4561 1582 4613 ira
1623 4559 1758 4629 ejus,
1789 4559 1914 4614 dum
1943 4573 2072 4614 con-

2243 4555 2522 4626 Διδύμου.
2582 4555 2791 4625 Ἀνέϐη
2839 4554 3071 4622 καπνὸς
3113 4556 3182 4610 ἐν
3216 4553 3362 4626 ὀργῇ
3400 4553 3606 4619 αὐτοῦ,
3646 4548 3735 4618 τῆς

495 4650 730 4704 sumitur
755 4651 1058 4721 perniciosa
1112 4650 1358 4714 materia,
1405 4649 1708 4720 aual0giam
1759 4649 1963 4704 habens
2003 4649 2070 4702 ad

2179 4647 2459 4718 μοχθηρᾶς
2507 4645 2640 4714 ὕλης
2685 4644 3115 4716 δαπανωμένης,
3167 4643 3454 4714 ἀναλογίαν
3517 4639 3735 4714 ἐχούσης

493 4740 716 4811 lignum,
749 4742 950 4810 fenum,
987 4741 1266 4811 stipulam,
1289 4757 1411 4814 qua:
1449 4741 1518 4795 ab
1548 4739 1810 4809 improbis
1841 4739 2074 4796 homini-

2142 4737 2314 4809 ’πρὸς
2351 4735 2421 4789 τὰ
2455 4732 2954 4804 ἐποικοδομούμενα
2990 4733 3083 4785 ἐπὶ
3125 4731 3204 4802 τῷ
3247 4727 3484 4802 Χριστοῦ
3516 4721 3735 4814 θεμελίῳ

497 4835 599 4886 bus
647 4833 1151 4903 supermdilicantur
1203 4812 1367 4903 super
1415 4847 1605 4888 verum
1659 4831 2066 4886 fundamentum

2173 4829 2289 4883 δντι
2327 4827 2432 4882 ὑπὸ
2467 4826 2690 4896 φαύλων
2723 4822 3048 4896 ἀνθρώπων,
3076 4822 3254 4889 ξύλα,
3287 4822 3524 4890 χόρτον,

495 4923 695 4978 Christi
717 4901 780 4996 C(I
804 4923 928 4980 Cor.
945 4943 1027 4991 ιιι,
1051 4925 1161 4998 12).
1188 4901 1312 4980 Haec
1337 4936 1518 4982 autem
1542 4938 1668 4981 sunt
1696 4940 1876 4993 prava:
1901 4924 2072 4980 actio-

2169 4937 2315 4990 μην.
2354 4918 2563 4972 Φαῦλαι
2613 4917 2672 4970 δὲ
2712 4915 2887 4970 ταῦτα
2928 4914 3155 4986 πράξεις
3198 4913 3294 4967 καὶ
3319 4901 3736 5004 γνῶμᾳι,-Οἱ⁴δὲ

498 5031 599 5072 nes
621 5016 700 5070 vel
731 5029 982 5086 perversa
1018 5017 1286 5086 dogntata.
1323 5015 1586 5072 Carbones
1615 5030 1746 5071 vero
1778 5015 2070 5085 aliquando

2174 5009 2444 5080 ἄνθρακες
2477 5007 2607 5062 ποτὲ
2638 5007 2738 5078 μὲν
2771 5003 3024 5069 κολάσεις
3055 5004 3428 5076 σημαίνουσιν,
3459 5001 3536 5065 ὡς
3557 5001 3614 5052 ὲν
3631 5001 3731 5086 τᾷ

499 5083 785 5175 designant
821 5083 1228 5177 castigationes,
1255 5123 1307 5160 γ.
1337 5122 1411 5172 c.,
1437 5121 1559 5162 cum
1584 5106 1714 5161 dicit
1741 5083 2066 5176 Apostolus:

2187 5101 2328 5156 Ἐὰν
2366 5095 2542 5166 πεινᾷ
2585 5102 2618 5153 ό
2667 5097 2880 5168 ἐχθρός
2911 5111 3064 5162 σου,
3115 5091 3331 5164 ψώμιζε
3379 5093 3595 5148 αὐτόν·
3638 5083 3736 5140 ἐὰν

499 5195 557 5249 Si
589 5195 834 5250 esurierit
873 5195 1117 5250 inimicus
1139 5205 1281 5263 tuus,
1310 5197 1425 5250 ciba
1445 5197 1599 5250 illum
1619 5215 1640 5262 ;
1662 5197 1708 5250 si
1735 5197 1868 5262 sitit,
1891 5206 2071 5264 potum

2183 5189 2354 5262 διψᾷ,
2386 5188 2579 5251 πότιζε
2611 5191 2816 5244 αὐτόν.
2857 5187 3038 5243 Τοῦτο
3081 5185 3192 5257 τὰρ
3227 5185 3415 5240 ποιῶν
3451 5184 3735 5252 ἄνθρακας

498 5289 569 5342 da
600 5286 678 5340 illi
703 5303 721 5342 ε
743 5286 840 5342 hoc
857 5288 993 5342 enim
1023 5288 1248 5358 faciens,
1277 5288 1527 5342 carbones
1548 5288 1688 5358 ignis
1712 5304 1955 5358 congeres
1985 5305 2076 5341 su-

2184 5285 2376 5355 πυρὸς
2419 5282 2750 5352 σωρεύσεις
2792 5279 2892 5335 ἐπὶ
2931 5279 3049 5348 τὴν
3079 5277 3356 5348 κεφαλὴν
3393 5275 3609 5332 αὑτοῦ·
3652 5265 3735 5358 xui

498 5395 592 5448 per
609 5390 767 5448 caput
800 5379 1002 5449 ipsius;
1023 5355 1077 5434 et
1103 5378 1270 5433 David
1293 5395 1307 5432 :
1335 5378 1536 5436 Cadent
1561 5355 1718 5450 super
1751 5355 1840 5435 eos
1881 5383 2074 5436 carbo-

2181 5377 2262 5449 τῷ
2282 5419 2298 5443 ,
2337 5376 2674 5432 Πεσοῦνται
2707 5373 2801 5428 ἐπ’
2839 5371 3044 5438 αὐτοῖς
3071 5370 3363 5438 ἄνθρακες
3409 5367 3619 5438 πυρὸς,
3648 5355 3735 5414 καὶ

501 5483 614 5533 nes,
645 5469 702 5522 in
743 5468 912 5538 ignem
945 5469 1158 5538 dejicies
1195 5485 1304 5526 eos.
1337 5470 1400 5524 lli
1448 5471 1717 5527 carbones
1761 5482 1926 5528 erunt
1975 5471 2075 5526 tibi

2182 5468 2540 5534 καταϐαλεῖς
2552 5467 2792 5532 αὐτούς.
2809 5460 2968 5519 Οὗτοι
2997 5462 3214 5517 ἔσονταί
3235 5479 3320 5515 σοι
3349 5460 3584 5533 βοήθεια.
3609 5451 3735 5509 Ποτὲ

503 5560 728 5617 auxilio.
756 5561 1066 5630 Aliquando
1099 5571 1281 5617 autem
1319 5563 1570 5619 carbones
1613 5561 1906 5633 designant
1931 5563 2078 5634 igni-

2180 5563 2238 5616 δὲ
2286 5561 2415 5624 τοὺς
2459 5557 2755 5626 διαπύρους
2798 5555 2892 5609 τοῦ
2937 5555 3070 5609 Θεοῦ
3114 5555 3304 5624 λόγους
3325 5592 3340 5617 ,
3397 5550 3735 5620 καθαίροντας

505 5664 591 5711 tos
636 5655 730 5712 Dei
760 5670 1064 5723 sermones,
1104 5657 1304 5728 quibus
1328 5660 1688 5730 cOgitationes
1715 5659 1909 5714 animae
1935 5659 2080 5730 puri-

2182 5655 2311 5718 τοὺς
2344 5654 2446 5724 τῆς
2477 5652 2656 5721 ψυχῆς
2688 5646 3002 5718 λογισμούς.
3049 5647 3160 5702 Καὶ
3203 5646 3361 5717 δῆλον
3395 5645 3456 5710 ἐξ
3507 5639 3731 5730 Ἡσαΐου,

507 5746 772 5814 ﬁcantur;
799 5747 942 5818 quod
973 5721 1320 5806 manil‘estum
1363 5721 1493 5806 facit
1538 5749 1727 5814 Isaias,
1762 5721 1952 5805 dicens
1972 5767 1986 5802 :
2010 5748 2080 5804 Et

2184 5721 2488 5818 φήσαντος·
2533 5743 2646 5798 Καὶ
2685 5739 2998 5808 ἀπεστάλη
3037 5739 3110 5794 ἐν
3159 5737 3280 5793 τῶν
3331 5735 3616 5806 σεραφὶμ,
3646 5721 3731 5780 καὶ

508 5839 696 5894 missus
723 5849 798 5896 est
829 5854 963 5897 unus
1001 5853 1066 5897 ex
1105 5842 1388 5915 seraphim,
1439 5850 1486 5900 et
1561 5843 1753 5914 forcipe
1800 5843 2076 5900 carbonem

2183 5839 2400 5896 ἐλαϐεν
2419 5835 2685 5904 ἄνθρακα
2714 5832 2787 5904 τῇ
2806 5831 3004 5890 λαϐίει
3023 5833 3142 5891 ἀπὸ
3168 5831 3275 5887 τοῦ
3299 5823 3727 5897 θυσιαστηρίονέ
