4034 6456
293 403 433 457 1117

1527 401 1952 461 FRAGMENTA
1988 404 2057 462 IN
2090 405 2133 461 11
2173 404 2329 461 REG.

3439 411 3579 466 1118

290 518 468 589 Πυροῖ
510 515 690 570 τοίνυν
734 516 814 580 είς
863 515 1202 589 φαιδρότητα
1249 515 1375 579 τοὺς
1427 515 1721 588 λογισμοὺς
1775 519 1875 589 τῆς

1992 524 2103 577 tulit
2129 525 2194 579 de
2220 524 2380 578 altari
2411 522 2548 595 (Isa.
2583 539 2657 590 vr,
2688 521 2766 595 6).
2797 523 2966 578 Porro
2995 523 3135 592 ignis
3168 524 3257 580 ille
3286 526 3483 582 anima:
3505 531 3571 580 ad

290 610 516 679 ἑτοίμου
548 608 686 679 πρὸς
711 608 873 663 τοῦτο
898 608 1099 679 ψυχῆς,
1128 607 1488 679 ἁμαρτωλοὺς
1516 609 1573 662 δὲ
1599 609 1878 680 καθαίρει,

289 704 394 766 τὰς
424 702 655 774 πράξεις
688 704 873 759 αὐτῶν
904 705 1252 775 καταφλέγον
1279 706 1397 759 τόδε
1428 706 1575 778 πῦρο
1608 710 1657 759 εί
1696 707 1770 778 μὴ
1794 707 1880 761 δέ-

290 795 494 863 ξωνται
523 796 708 861 τοῦτο,
747 796 1077 866 καταφλέξει
1104 798 1164 851 τὸ
1194 796 1304 872 πῦρ
1330 798 1528 862 αὐτοὺς
1548 799 1612 853 τὸ
1639 799 1877 854 αίώνιον.

364 979 456 1031 Στ.
500 985 553 1033 ι’.
591 978 705 1033 Καὶ
751 980 997 1033 ἔκλινεν
1043 978 1307 1047 οὐρανὸν
1354 978 1454 1032 καὶ
1497 977 1738 1046 κατέϐη,
1783 976 1883 1031 καὶ

288 1073 518 1141 γνόφος
545 1069 830 1127 ὑποκάτω
875 1070 997 1124 τῶν
1025 1070 1230 1125 ποδῶν
1256 1070 1464 1125 αὐτοῦ.

363 1163 643 1234 Διδύμου.
692 1164 758 1216 Ἠ
791 1164 847 1218 δὲ
883 1164 1189 1229 κατάϐασις
1219 1167 1287 1236 τῇ
1321 1162 1416 1217 τοῦ
1462 1163 1717 1235 Σωτῆρος
1750 1163 1880 1216 ἀκό-

288 1256 480 1319 λουθος
529 1257 831 1328 οἰκονομίᾳ.
870 1256 1091 1328 Κατέϐη
1123 1258 1180 1311 δέ
1217 1258 1277 1310 οὐ
1318 1255 1591 1322 τοπικῶς,
1626 1257 1763 1311 ἀλλ’
1813 1256 1883 1310 ἐν

284 1346 494 1419 μορφῇ
542 1349 692 1403 Θεοῦ
736 1348 1077 1418 ὑπάρχων,
1109 1348 1356 1418 μορφὴν
1394 1349 1623 1403 δούλου
1656 1348 1877 1403 λαϐὼν.

293 1442 370 1494 Τὸ
400 1441 456 1494 δὲ
486 1442 694 1510 ἀσαφὲς
738 1441 831 1495 καὶ
860 1440 1123 1495 λανθάνον
1153 1442 1252 1513 τῆς
1290 1441 1383 1494 τοῦ
1433 1440 1570 1494 Θεοῦ
1627 1441 1881 1509 γνώσεως

292 1534 384 1589 διὰ
425 1533 521 1588 τοῦ
576 1534 779 1603 γνόφου
834 1533 1190 1603 παρίσταται.
1236 1535 1331 1598 Είς
1375 1533 1567 1588 τοῦτον
1620 1533 1731 1606 γὰρ
1785 1534 1880 1587 καὶ

290 1627 554 1697 Μωῦσῆς,
588 1626 664 1690 ὠς
697 1622 766 1697 ἦν
812 1625 1088 1697 ἀνθρώπῳ
1111 1626 1358 1689 δυνατὸν,
1392 1625 1726 1697 εἰσελήλυθε.
1762 1627 1882 1679 Τοι-

290 1719 435 1790 αύτη
459 1720 555 1773 καὶ
576 1721 608 1790 ἡ
629 1718 788 1791 δεῦρο
819 1719 1106 1791 ἐπιδημία,
1134 1720 1212 1792 τῷ
1240 1720 1316 1792 μὴ
1347 1720 1411 1773 δι’
1443 1720 1580 1775 ὅλων
1607 1719 1878 1789 ἐγνῶσθαι

290 1812 405 1874 τοῖς
437 1813 705 1883 γενητοῖς.

364 1992 455 2044 Στ.
499 1999 588 2048 ια’.
644 1992 754 2047 Kal
819 1991 1181 2047 ἐπεκάθισεν
1234 1992 1334 2045 ἐπὶ
1400 1991 1737 2061 χερουϐεὶμ,
1779 1991 1879 2045 καὶ

288 2082 616 2153 ὲπετάσθη,
646 2084 743 2138 καί
776 2083 943 2153 ὤφθη
972 2084 1070 2138 ἐπὶ
1104 2086 1412 2155 πτερύγιον
1444 2083 1701 2154 ἀνέμων.

364 2177 641 2247 Διδύμου.
686 2178 760 2231 Τὸ
783 2178 839 2231 δὲ
876 2178 1101 2247 χεροὺϐ
1127 2176 1490 2250 ἑρμηνεύεται
1520 2176 1881 2246 πληθυσμὸς

290 2271 594 2341 γνώσεως.
649 2272 774 2335 Τοῖς
815 2267 909 2326 οὖν
943 2271 1185 2340 λογικοῖς
1225 2271 1436 2335 τούτοις
1471 2269 1631 2335 ζώοις
1656 2311 1671 2334 ,
1719 2271 1752 2341 ἢ
1787 2270 1881 2324 καὶ

290 2366 415 2426 ταῖς
462 2355 983 2433 τοιαύταιςψυχαῖς
1019 2361 1216 2425 ἐπιϐὰς
1260 2364 1289 2415 ό
1328 2361 1493 2424 Θεὸς,
1534 2362 1759 2415 ῖπταται
1791 2360 1880 2415 διὰ

286 2453 391 2519 τῆς
415 2453 679 2523 ὀξυτάτης
705 2454 963 2523 νοήσεως.
1004 2452 1280 2523 Ἀνέμους
1313 2453 1399 2516 δὲ,
1432 2455 1481 2505 εί
1512 2453 1609 2524 μὲν
1642 2453 1767 2516 τοὺς
1793 2454 1880 2505 αἰ-

292 2546 525 2617 σθητοὺς
571 2546 789 2613 λάϐοις,
834 2546 912 2617 τῷ
956 2546 1102 2617 λόγῳ
1150 2547 1250 2616 τῆς
1304 2545 1561 2617 προνοίας
1608 2545 1880 2599 ἐπιϐαίνει

288 2638 495 2693 τούτων
530 2639 683 2703 Θεὸς,
720 2638 870 2707 ἄγων
914 2639 1114 2701 αὐτοὺς
1158 2638 1234 2702 ὡς
1276 2637 1557 2708 βούλεται·
1620 2637 1882 2709 Ἐξάγων

287 2733 400 2802 γάρ
426 2734 573 2786 ἐστιν
602 2731 864 2802 ἀνέμους
893 2732 962 2786 ἐκ
991 2731 1317 2799 θησαυρῶν
1342 2732 1551 2787 αὑτοῦ.
1587 2733 1651 2785 Ei
1677 2731 1732 2785 δὲ
1756 2724 1881 2797 τοὺς

289 2826 563 2898 πνεύματι
617 2825 1147 2897 μετεωριζομένους,
1189 2826 1283 2879 καὶ
1325 2824 1401 2889 ὡς
1439 2825 1676 2895 ἀνέμους
1710 2826 1880 2889 πνοὰς

288 2920 706 2990 ἐκπέμποντας,
762 2918 960 2989 σοφοὺς
1006 2917 1204 2989 ἄνδρας
1245 2919 1494 2989 νοήσεις,
1540 2918 1634 2971 καὶ
1674 2918 1880 2972 τούτων

286 3016 408 3077 ταῖς
453 3012 700 3085 πτέρυξι,
749 3013 997 3066 τουτέστι
1038 3014 1157 3075 ταῖς
1209 3010 1500 3081 ὑψιπετέσι
1554 3011 1805 3082 νοήσεσιν
1852 3012 1880 3063 ό

289 3104 422 3169 Θεὸς
454 3104 751 3159 ἐπιϐαίνων
784 3104 1008 3158 ἴπταται
1041 3102 1339 3174 πανταχοῦ.
1371 3103 1484 3157 Καὶ
1511 3102 1775 3173 ἀνέμους
1811 3102 1881 3155 δὲ

1986 616 2091 671 hoc
2142 627 2345 685 paratae
2398 616 2759 686 cogitationes
2803 617 2998 686 probat
3048 624 3104 671 ut
3159 617 3249 672 illa
3280 617 3564 688 pulchrior

1984 710 2212 774 evadat;
2254 706 2503 777 purificat
2538 718 2721 763 autem
2769 715 3089 777 peccatores
3134 723 3333 777 pravas
3382 725 3572 764 eormn

1986 799 2234 855 actiones
2269 815 2600 854 consumens
2633 817 2648 854 :
2676 816 2838 870 quem
2884 800 3062 870 ignem
3095 800 3199 856 nisi
3244 801 3573 870 receperint,

1984 903 2188 946 aeterno
2216 893 2338 963 igne
2367 895 2777 949 comburentur.

2058 983 2222 1038 Vens.
2271 982 2355 1038 10.
2390 982 2681 1037 Inclinavit
2712 983 2868 1038 calas
2901 993 2947 1038 et
2992 983 3279 1049 descendit,
3308 992 3355 1037 et
3404 981 3574 1052 caligo

1983 1074 2079 1128 sub
2107 1075 2323 1141 pedibus
2351 1072 2485 1142 ejus.
3566 1129 3570 1133 ,

2057 1166 2383 1236 Didymi.——
2424 1166 2717 1221 Descensro
2765 1180 2831 1219 aa
2877 1178 3238 1219 meonommm
3284 1162 3569 1217 referenda

1983 1268 2086 1313 est.
2124 1258 2412 1312 Descendit
2442 1268 2624 1311 autem
2667 1272 2772 1311 non
2817 1259 2993 1310 locum
3027 1256 3308 1318 mutando,
3337 1256 3430 1309 sed
3456 1255 3572 1323 for-

1984 1369 2124 1407 mam
2153 1352 2289 1406 servi
2332 1350 2657 1419 accipiendo,
2684 1366 2801 1404 cum
2834 1351 2889 1404 in
2918 1350 3089 1420 forma
3126 1349 3219 1404 Dei
3254 1359 3386 1403 esset
3416 1347 3574 1415 (Plii-

1985 1446 2113 1514 lipp.
2146 1459 2210 1507 ιι,
2247 1443 2298 1507 ϐ,
2329 1441 2405 1512 7).
2437 1444 2587 1509 Quod
2642 1458 2773 1498 vero
2806 1445 3097 1497 obscurum
3131 1451 3185 1497 et
3220 1442 3460 1497 abditum
3489 1450 3574 1496 est

1983 1536 2037 1589 in
2066 1535 2376 1605 cognitione
2407 1534 2522 1596 Dei,
2557 1548 2653 1601 per
2680 1531 2962 1602 caliginem
2999 1534 3319 1602 designatur
3357 1550 3370 1587 :
3404 1547 3570 1604 quam

1983 1627 2200 1695 quidem
2244 1626 2557 1697 caliginem,
2591 1634 2855 1695 quantum
2904 1625 3107 1680 homini
3156 1625 3416 1695 possibile
3466 1634 3571 1691 est,

1985 1719 2289 1790 penetravit
2320 1718 2549 1790 Moyses.
2569 1717 2716 1773 Talis
2745 1718 2847 1772 fuit
2879 1717 3130 1773 Deiinter
3157 1735 3254 1773 nos
3284 1718 3570 1783 adventus,

1985 1811 2254 1880 siquidem
2301 1827 2366 1866 ex
2406 1818 2561 1878 parte
2611 1819 2819 1865 tantum
2860 1810 3110 1881 cognitus
3147 1819 3231 1864 est
3279 1824 3308 1863 a
3338 1807 3574 1864 mortali-

1986 1903 2106 1956 bus.

2059 1993 2224 2047 Vens.
2262 1994 2349 2048 11.
2383 1994 2446 2048 Et
2487 1996 2619 2049 sedit
2671 2011 2828 2064 super
2860 1993 3147 2056 cherubim,
3179 2002 3227 2046 et
3280 1990 3490 2056 volavit,
3520 2000 3574 2045 et

1984 2087 2228 2155 apparuit
2250 2103 2407 2153 super
2435 2104 2633 2155 pennas
2659 2099 2946 2142 ventorum.

2058 2179 2286 2250 Didymi.
2328 2211 2399 2219 —
2427 2179 2632 2234 Cherub
2661 2182 3049 2249 interpretatur
3071 2179 3353 2233 multitudo
3387 2177 3571 2249 cogni-

1986 2272 2166 2327 tionis.
2201 2272 2310 2327 lllis
2342 2273 2506 2342 igitur
2540 2272 2899 2328 rationalibus
2922 2273 3269 2334 animalibus,
3295 2272 3379 2326 vel
3403 2273 3570 2327 etiam

1984 2364 2270 2420 animabus
2301 2381 2421 2434 qua:
2480 2367 2610 2434 ipsis
2660 2365 2868 2421 similes
2913 2375 3062 2431 sunt,
3119 2366 3361 2419 insidens
3408 2364 3571 2425 Dens,

1985 2473 2082 2526 per
2128 2457 2500 2512 acutissimam
2542 2472 2730 2512 eorum
2774 2456 3189 2528 intelligentiam
3222 2455 3391 2510 volat.
3416 2454 3570 2521 Quod

1983 2551 2030 2605 si
2060 2560 2253 2606 ventos
2280 2549 2568 2605 sensihilcs
2608 2550 2968 2613 intellexeris,
3004 2549 3109 2603 illis
3146 2564 3246 2618 per
3279 2547 3572 2617 providen-

1985 2644 2114 2697 tiam
2148 2643 2346 2698 insidet
2371 2641 2535 2707 Deus,
2568 2642 2718 2711 ipsos
2747 2658 2845 2713 pro
2870 2642 3099 2697 arbitrio
3122 2640 3403 2712 dirigens:
3443 2638 3576 2693 Pro-

1983 2737 2128 2790 ducit
2159 2737 2330 2800 enim,
2373 2736 2568 2805 inquit,
2606 2746 2783 2791 ventos
2826 2736 2892 2789 de
2934 2735 3197 2790 thesauris
3242 2734 3352 2788 suis
3394 2729 3571 2801 (Psal.

1982 2844 2206 2893 cxxxrv,
2236 2828 2311 2898 7).
2351 2828 2408 2883 Si
2440 2839 2621 2883 autem
2660 2837 2929 2882 ventorum
2979 2826 3197 2881 nomine
3257 2839 3354 2879 eos
3417 2823 3576 2879 intel-

1987 2923 2185 2978 lexeris
2216 2922 2307 2995 qui
2355 2921 2564 2992 Spiritu
2602 2923 2654 2974 in
2714 2920 2949 2975 sublime
2999 2919 3275 2985 feruntur,
3313 2918 3571 2983 virosque

1985 3017 2257 3085 sapientes
2307 3016 2485 3068 ventis
2534 3012 2694 3068 ﬂatus
2750 3027 2884 3068 suos
2940 3011 3316 3066 eminentibus
3364 3006 3591 3064 similes

1984 3125 2104 3164 esse
2138 3108 2400 3173 volneris,
2438 3108 2655 3162 illorum
2703 3107 2870 3162 etiam
2905 3104 3029 3171 alis,
3055 3106 3106 3159 id
3131 3113 3216 3159 est
3250 3102 3575 3159 sublimibus

288 3197 709 3265 διδασκαλίας,
745 3197 876 3269 περὶ
904 3197 1226 3269 ἑτεροδόξων
1255 3196 1429 3267 λέγων
1456 3192 1606 3250 εἶπεν
1639 3199 1667 3250 ό
1718 3196 1875 3250 Ἀπό-

1992 3201 2425 3269 cogitationibus,
2454 3198 2599 3253 Deus
2637 3198 2899 3253 invehens
2932 3196 3131 3266 ubique
3181 3193 3349 3250 volat.
3380 3192 3486 3248 Sed
3518 3202 3577 3247 et

290 3291 474 3356 στολος
494 3309 507 3323 ’
535 3293 670 3347 Ἵνα
688 3292 899 3362 μηκέτι
925 3287 1086 3362 ὦμεν
1103 3293 1329 3357 νήπιοι,
1358 3291 1875 3360 κλυδωνιζόμενοι,

289 3384 389 3437 καί
410 3386 857 3455 περιφερόμενοι
874 3384 1055 3439 παντὶ
1082 3384 1279 3454 ἀνέμῳ
1321 3383 1434 3453 τῆς
1458 3383 1876 3450 διδασκαλίας,

289 3478 358 3531 ἐν
385 3476 460 3547 τῇ
491 3478 699 3547 κυϐείᾳ
725 3476 847 3531 τῶν
878 3476 1229 3546 ἀνθρώπων,
1265 3478 1336 3532 ἐν
1361 3477 1698 3547 πανουργίᾳ
1726 3475 1878 3545 πρὸς

288 3570 403 3641 τὴν
420 3572 741 3642 μεθοδείαν
765 3572 875 3642 τῆς
908 3572 1170 3639 πλάνης.

360 3770 451 3825 Στ.
497 3770 579 3825 ιδ’.
622 3771 734 3827 Kal
780 3773 1150 3842 ἐϐρόντησεν
1204 3772 1274 3838 ἐξ
1322 3771 1585 3842 οὐρανοῦ
1636 3772 1875 3841 Κύριος,

290 3860 387 3914 καί
416 3864 449 3916 ό
477 3862 765 3933 Ὕψιστος
795 3863 982 3918 ἔδωκε
1014 3863 1233 3934 φωνὴν
1256 3863 1465 3918 αὐτοῦ.

358 3954 636 4024 Διδύμου.
686 3956 995 4022 Έκϐάσεως
1028 3956 1409 4029 τετυχηκότων
1445 3958 1553 4012 τῶν
1579 3958 1710 4030 περὶ
1739 3959 1877 4031 Χρι-

288 4045 415 4099 στοῦ
428 4048 987 4120 προφητευομένων,ό
1008 4047 1141 4111 Θεὸς
1162 4049 1323 4112 εὐθὺς
1343 4048 1633 4120 οὐρανόθεν
1652 4049 1874 4121 βροντᾷ·

287 4135 446 4189 τοῦτο
485 4137 622 4208 μὲν,
660 4138 740 4209 τῷ
777 4142 843 4212 τῇ
878 4139 1103 4194 ἐκϐάσει
1143 4139 1563 4210 μεγαλοφώνους
1606 4139 1873 4211 δεδεῖχθαι

285 4230 384 4295 τὰς
416 4233 793 4303 προφητείας·
833 4231 993 4287 τοῦτο
1029 4234 1121 4298 δὲ,
1166 4232 1247 4303 τῷ
1295 4232 1576 4302 θεολογίας
1615 4231 1749 4303 ὕψος
1786 4233 1877 4287 τὸν

286 4323 418 4377 Θεὸν
467 4328 589 4389 ταῖς
633 4324 894 4389 διανοίαις
935 4325 1064 4398 περὶ
1106 4324 1202 4379 τοῦ
1250 4325 1573 4397 μονογενοῦς
1616 4325 1876 4396 ἐμϐαλεῖν

286 4414 441 4478 Υίοῦ,
474 4418 570 4470 καὶ
601 4416 780 4487 λέγειν
800 4434 813 4447 ο
847 4414 1038 4484 Οὗτός
1063 4418 1237 4472 ἐστιν
1281 4421 1314 4472 ό
1358 4420 1492 4485 Υἱός
1512 4436 1633 4488 μου
1665 4421 1698 4473 ό
1731 4418 1877 4487 ἀγα-

285 4508 510 4575 πητός,
547 4509 618 4563 ἐν
640 4501 690 4576 ᾧ
726 4508 1056 4578 εὐδόκησα.
1091 4509 1396 4580 Τοιγαροῦν
1427 4512 1543 4579 οὐχ
1591 4506 1736 4580 αἷμα
1773 4509 1872 4563 καὶ

1983 3305 2159 3347 contos
2186 3293 2442 3346 doctrina:
2470 3290 2679 3344 inducit
2710 3289 3022 3357 Apostolus,
3069 3300 3214 3353 cum,
3246 3285 3312 3340 de
3352 3285 3572 3338 hetero-

1983 3383 2139 3436 doxis
2175 3383 2427 3450 loquens,
2481 3382 2658 3436 dicit:
2696 3379 2766 3434 Ut
2808 3380 2928 3450 jam
2992 3397 3096 3434 non
3142 3366 3308 3433 sinius
3364 3376 3573 3446 paruuli

1980 3478 2318 3546 ﬂuctuantes,
2355 3485 2403 3529 et
2438 3474 2879 3543 circumferamur
2925 3474 3068 3527 omni
3097 3482 3245 3526 vento
3291 3469 3566 3532 doctrinm,

1983 3571 2036 3622 in
2065 3572 2297 3637 nequitia
2323 3568 2617 3631 hominum,
2645 3568 2701 3620 in
2730 3568 2927 3620 astutia
2961 3566 3030 3618 ad
3066 3563 3566 3618 circuntventionem

1980 3661 2174 3713 erroris
2210 3658 2428 3729 (Ephes.
2460 3673 2535 3722 tv,
2580 3658 2689 3728 14).

2052 3771 2218 3828 Vens.
2254 3773 2341 3828 M.
2384 3772 2453 3827 Et
2480 3773 2713 3827 intonuit
2738 3774 2798 3827 de
2831 3771 2958 3827 caelo
3003 3771 3285 3836 Dominus,
3318 3779 3368 3825 et
3402 3770 3571 3824 Altis-

1979 3866 2147 3920 simus
2187 3865 2332 3919 dedit
2376 3882 2547 3919 vocem
2581 3880 2755 3920 suam.
3124 3877 3131 3884 ‘

2052 3956 2294 4028 Didymi.
2326 3989 2398 3998 —
2441 3957 2684 4028 lmpletis
2743 3957 3000 4013 omnibus
3045 3972 3166 4025 qua:
3231 3956 3298 4011 de
3353 3956 3573 4011 Christo

1985 4052 2356 4121 praedixerant
2392 4051 2690 4119 propheta,
2728 4052 2980 4121 protinus
3026 4051 3094 4105 de
3126 4050 3268 4105 coelo
3314 4051 3453 4105 Dens
3485 4052 3571 4105 in-

1987 4153 2185 4199 tonat:
2235 4153 2350 4197 tum
2410 4143 2767 4199 altitonarum
2823 4143 3235 4214 prophetiarum
3288 4143 3570 4197 veritatem

1979 4238 2098 4308 ipso
2134 4252 2315 4293 rerum
2359 4237 2508 4292 exitu
2570 4237 3012 4305 demonstrando,
3057 4245 3169 4291 tum
3209 4236 3377 4291 etiam
3422 4237 3574 4290 altis-

1979 4332 2178 4384 simum
2206 4330 2273 4385 de
2302 4328 2483 4383 divina
2507 4328 2630 4383 Filii
2678 4330 2760 4384 sui
2790 4329 3059 4399 unigeniti
3110 4338 3300 4382 natura
3350 4342 3568 4383 sensum

1979 4423 2220 4477 omnium
2279 4421 2555 4479 mentibus
2606 4422 2920 4490 injiciendo,
2973 4438 3095 4476 cum
3132 4423 3198 4477 de
3232 4425 3348 4488 ipso
3382 4421 3514 4477 dicit
3553 4438 3566 4476 :

1982 4513 2085 4568 Hic
2113 4524 2193 4568 est
2227 4512 2404 4568 Filius
2437 4530 2586 4568 meus
2616 4514 2859 4578 dilectus,
2880 4515 2935 4568 in
2964 4530 3067 4582 quo
3101 4515 3230 4567 mihi
3257 4513 3382 4567 bene
3426 4530 3572 4568 com-

283 4602 439 4671 σὰρξ
463 4602 647 4669 αὐτοῖς
663 4602 1082 4673 ἀπεκάλυψεν,
1102 4603 1216 4657 ἀλλ’
1233 4607 1265 4658 ό
1290 4602 1494 4673 Πατὴρ
1517 4607 1550 4658 ό
1570 4602 1872 4673 οὐράνιος,

1992 4606 2154 4659 οιαεαὶ
2206 4603 2424 4675 (Matth.
2472 4621 2606 4671 xvu,
2646 4605 2725 4671 5).
2782 4602 2922 4659 Caro
2968 4604 3222 4673 equidem
3263 4613 3312 4659 et
3350 4607 3568 4674 sanguis

282 4693 372 4747 τὸν
412 4694 543 4750 ἴδιον
596 4695 720 4749 Υίὸν
764 4697 1229 4767 παρασκευάσας,
1269 4696 1406 4767 πρὸς
1456 4696 1723 4768 ὑποδοχὴν
1775 4698 1876 4768 τῆς

286 4784 435 4851 θείας
468 4787 698 4859 βροντῆς
731 4789 791 4842 ἐν
828 4791 901 4859 γῇ
931 4788 1262 4859 σωματικῶς
1297 4789 1604 4858 γεγονέναι,
1643 4790 1738 4841 καὶ
1774 4788 1874 4859 τὴν

288 4878 424 4931 ίδίαν
468 4879 645 4952 ψυχὴν
700 4882 852 4954 νόμῳ
903 4881 1233 4953 θνητότητος
1285 4881 1551 4953 προέσθαι
1595 4882 1736 4951 ὑπὲρ
1777 4880 1873 4934 τοῦ

285 4971 622 5041 πλάσματος,
651 4974 726 5038 ὡς
750 4974 817 5029 ἂν
842 4976 909 5028 ἐκ
933 4975 1031 5045 τῆς
1062 4972 1356 5046 οὐρανόθεν
1379 4973 1685 5045 ἐρχομένης
1716 4971 1873 5044 βρον-

283 5062 382 5133 τῆς
419 5065 875 5135 μετεωρισθέντες
905 5066 1015 5120 τῶν
1048 5065 1283 5137 γηίνων.
1333 5065 1759 5137 προσπελάσωσι
1796 5064 1874 5137 τῷ

283 5152 539 5223 οὐρανίῳ,
566 5153 679 5224 τὴν
700 5157 908 5210 εἰκόνα
932 5155 1041 5210 τοῦ
1078 5156 1449 5225 ἐπουρανίου
1472 5156 1826 5226 φοροῦντες.

347 5426 443 5480 Στ.
486 5433 568 5482 ιε’.
619 5429 731 5483 Καὶ
767 5431 1093 5488 ἀπέστειλε
1129 5434 1314 5504 βέλη,
1352 5436 1451 5490 καί
1494 5438 1869 5507 ἐσκόρπισεν

281 5518 536 5584 αὐτούς·
573 5522 672 5574 καί
711 5521 1028 5593 ῆστραψεν
1080 5527 1425 5598 ἀστραπὴν,
1478 5529 1578 5583 καὶ
1606 5529 1868 5599 ἐξέστη-

280 5622 394 5661 σεν
424 5611 672 5677 αὐτούς.

351 5702 630 5773 Διδύμου.
659 5706 785 5769 Τοῖς
807 5706 1066 5774 ἐναντίως
1092 5709 1455 5785 διακειμένοις
1482 5712 1864 5779 ἐξαποστέλλει

286 5792 433 5866 βέλη,
471 5796 802 5871 συνταράξαι
827 5800 1101 5874 δυνάμενα
1133 5808 1261 5871 τοὺς
1288 5808 1649 5880 ὁμονοοῦντας
1697 5811 1756 5863 ἐν
1790 5809 1868 5880 τῷ

285 5886 455 5959 κακῷ.
502 5890 665 5962 Λέγει
699 5892 756 5946 δέ
789 5892 882 5951 νῦν
923 5895 1050 5969 βέλη
1096 5899 1222 5967 τοῦς
1258 5902 1861 5975 προαναφωνουμὲνους

1982 4713 2085 4749 non
2118 4696 2365 4750 revelavit
2401 4696 2529 4763 illis,
2552 4696 2642 4751 sed
2668 4696 2833 4750 Pater
2862 4696 3118 4750 caelestis:
3157 4699 3272 4766 qui,
3302 4709 3357 4751 ut
3397 4698 3566 4752 divini

1982 4787 2184 4841 tonitru
2211 4789 2616 4857 susceptionem
2653 4800 3007 4858 praepararet,
3036 4788 3231 4843 Filium
3257 4805 3414 4843 suum
3446 4806 3570 4845 cor—

1978 4882 2237 4952 poraliter
2291 4882 2344 4935 in
2415 4892 2558 4935 terra
2614 4882 2929 4936 conversari
2978 4883 3198 4948 statuit,
3269 4884 3572 4953 propriam-

1977 4988 2083 5044 que
2142 4974 2378 5027 animam
2440 4974 2714 5029 dimittere
2771 4985 2999 5043 propter
3062 4985 3393 5040 creaturam,
3464 4991 3571 5043 quo

1977 5067 2204 5133 scilicet,
2260 5080 2356 5137 per
2401 5066 2530 5121 illud
2580 5066 2792 5122 coalitus
2844 5067 3234 5138 superveniens
3285 5070 3484 5123 tonitru
3536 5087 3569 5124 a

1978 5159 2210 5214 terrenis
2272 5159 2505 5215 sublime
2561 5160 2842 5221 abstracti,
2872 5159 3077 5213 homini
3119 5160 3326 5215 ctelesli
3377 5177 3572 5231 appro-

1976 5251 2321 5320 pinjaarent.
2381 5248 2603 5304 caelestis
2652 5250 2735 5304 (ut
2782 5252 2860 5303 ait
2913 5250 3232 5320 Apostolus)
3287 5252 3572 5321 imaginem

1977 5343 2218 5411 ferentes.

2046 5459 2213 5513 Vens.
2250 5458 2335 5514 15.
2370 5457 2516 5514 Misit
2550 5460 2773 5531 sagittas
2818 5470 2865 5513 et
2907 5460 3182 5529 dissipavit
3217 5477 3323 5527 eos,
3373 5470 3420 5514 et
3473 5459 3574 5528 [ul-

1974 5552 2183 5619 guravit
2215 5551 2419 5622 fulgur,
2444 5562 2492 5606 et
2524 5552 2863 5608 obstuoefecit
2887 5570 2995 5609 eos.

2044 5726 2470 5799 Didymi.—ln
2530 5731 2750 5788 inimice
2809 5731 3033 5789 aﬂ'ectos
3094 5732 3262 5787 mittit
3315 5731 3564 5801 sagittas,

1975 5832 2097 5889 qua:
2122 5821 2241 5876 illos
2283 5824 2632 5890 conturbent,
2657 5826 2710 5879 in
2746 5825 2891 5879 malo
2919 5825 3225 5879 unanimes.
3253 5822 3351 5877 llic
3381 5832 3563 5877 autem

1978 5913 2207 5983 sagittas
2253 5924 2410 5971 vocat
2454 5916 2615 5973 verba
2660 5917 2907 5989 superius
2963 5918 3030 5975 de
3068 5916 3273 5973 ultione
3324 5916 3564 5988 prolata.
