4002 6432
576 381 714 437 1119

1814 395 2045 451 DlDYMl
2085 398 2555 455 ALEXANDRINI

3684 364 3809 464 ιιεολ

574 496 887 555 Turliantur
922 501 1069 557 enim
1102 518 1224 560 cum
1262 505 1406 561 illam
1456 506 1714 561 ultioncm
1773 510 1911 563 Dcus
1944 511 2023 564 eis
2051 512 2133 565 uti-

2256 514 2385 583 περὶ
2419 515 2694 578 κολάσεως
2735 514 2943 582 λόγους.
2988 516 3354 588 Ταράττονται
3396 516 3509 589 γὰρ
3548 521 3663 582 ταῖς
3696 521 3799 592 περὶ

572 602 753 647 1131111⁵.

2251 605 2421 673 αὐτῆς
2447 606 2713 669 ἀπειλαῖς.

1558 938 2279 1030 FRAGMENTA
2358 942 2483 1031 ΙΝ
2555 939 2815 1031 JOB.

1481 1130 1606 1199 (Ea:
1666 1130 1866 1187 Catena
1931 1131 2134 1188 Nicetw
2184 1134 2270 1190 ed.
2330 1133 2482 1208 Yuug
2530 1139 2659 1192 anni
2713 1139 2904 1211 1657.)

639 1393 792 1451 CAP.
827 1395 871 1448 Ι.
918 1393 1156 1449 Vel-5.1.
1203 1393 1374 1451 Homo
1419 1396 1632 1467 quidam
1681 1406 1794 1452 erat
1842 1399 1898 1453 in
1935 1401 2143 1469 regione

567 1486 827 1548 Ausitide,
858 1484 945 1538 cui
955 1491 1160 1538 ‘nomen
1181 1482 1305 1538 Job.

637 1578 875 1647 Didymi.
913 1604 981 1615 -—
1015 1574 1313 1631 Sublimius
1338 1586 1519 1631 autem
1559 1577 1985 1648 interpretando,
2026 1580 2139 1634 Au-

565 1670 685 1724 sitis
714 1668 899 1722 Grzeca
952 1666 1135 1737 lingua
1185 1667 1463 1721 consilium
1501 1668 1793 1739 signiﬁcat,
1825 1672 1878 1726 in
1910 1686 2017 1741 quo
2046 1670 2138 1740 ju-

564 1768 680 1816 stus
724 1758 1021 1813 habitabat.
1075 1756 1176 1824 Qui
1212 1759 1358 1813 enim
1409 1759 1478 1814 ad
1538 1760 1675 1814 iram
1726 1774 2007 1832 promptus
2028 1772 2143 1829 ‘est,

2327 1404 2486 1460 ΚΕΦ.
2526 1406 2603 1469 A',
2649 1422 2734 1460 στ.
2775 1413 2845 1461 α’.
2899 1410 3234 1479 ’Ἀνθρωπος
3276 1422 3366 1474 τις
3409 1403 3496 1477 ἦν
3559 1406 3629 1459 ἐν
3672 1406 3809 1476 χώρᾳ

2174 1514 2217 1570 Β
2249 1491 2325 1561 τῇ
2355 1497 2648 1562 Αὑσίτιδι,
2694 1515 2743 1564 ῳ
2784 1499 2971 1568 ὄνομα
3024 1499 3166 1555 Ἰώϐ.

2322 1589 2603 1660 Διδύμου.
2655 1591 3014 1665 ’Υψηλότερον
3042 1594 3132 1658 δὲ,
3164 1595 3383 1658 Αὐσῖτις
3410 1591 3626 1659 ,βουλὴ
3657 1593 3808 1660 ἑρμη-

2244 1681 2464 1735 νεύεται
2484 1721 2501 1745 ,
2553 1683 2694 1736 κατὰ
2725 1682 2823 1753 τὴν
2863 1684 3088 1739 Ἐλλάδα
3122 1685 3303 1757 φωνὴν
3322 1725 3337 1749 ,
3372 1686 3433 1738 ὲν
3477 1678 3671 1757 ﬁdius:
3694 1684 3721 1734 ὁ
3741 1680 3807 1734 δε-

2244 1788 2420 1835 καιος.
2471 1771 2771 1844 Ὀξύθυμος
2827 1774 2926 1845 μὲν
2953 1774 3061 1846 γὰρ
3101 1776 3237 1847 μετὰ
3260 1775 3524 1840 ἀὸουλίας
3557 1773 3805 1843 πράσσει·

563 1855 682 1908 sine
715 1851 941 1907 consilio
977 1850 1129 1922 agit:
1168 1851 1312 1907 unde
1347 1861 1405 1905 ut
1456 1854 1668 1909 catulus
1702 1868 1889 1919 Canes,
1927 1857 2006 1912 sic
2051 1858 2133 1914 ille

2240 1860 2324 1914 διὸ
2365 1862 2545 1930 τυφλὰ
2578 1865 2706 1935 παρ’
2745 1864 2895 1936 αὐτῷ
2934 1867 3206 1934 γεννᾶται,
3239 1866 3491 1937 καθάπερ
3528 1866 3643 1927 τοῖς
3677 1863 3803 1924 κυσὶ,

562 1945 708 1999 dicta
744 1959 809 1999 ac
836 1942 979 1998 facta
1024 1957 1165 1997 caeca
1198 1943 1472 2012 producit,
1504 1944 1592 2000 hic
1637 1955 1816 2001 autem
1841 1946 2024 2014 justus
2056 1949 2140 2003 ui-

564 2035 640 2089 liil
696 2051 800 2090 non
856 2051 923 2090 ex
982 2032 1213 2091 consilio
1274 2034 1712 2098 administrabat,
1774 2038 2025 2105 prudenti
2068 2037 2143 2092 illi

561 2139 830 2196 pra‘cepto
872 2130 1302 2198 obtemperans:
1356 2123 1492 2181 Cum
1549 2126 1766 2181 consilio
1822 2130 2002 2185 omnia
2059 2130 2144 2201 {ac

562 2220 754 2292 (Eccli.
796 2237 972 2288 xuii,
1007 2221 1123 2291 24).
1157 2220 1277 2277 Jobi
1308 2237 1439 2277 vero
1471 2237 1690 2286 nomen,
1732 2222 1991 2291 patientia
2035 2231 2137 2288 est,

559 2321 723 2383 atque
747 2313 1089 2383 intelligitur,
1116 2314 1187 2367 ita
1221 2324 1279 2369 ut
1309 2315 1359 2368 id
1382 2312 1494 2382 jam
1527 2314 1691 2369 fuerit
1712 2316 1855 2383 quod
1884 2324 2011 2371 ante
2041 2330 2138 2370 vo-

558 2405 809 2469 cabatur,
850 2414 942 2459 aut
969 2405 1023 2460 id
1057 2413 1283 2461 vocatus
1324 2407 1420 2472 sit,
1458 2407 1602 2475 quod
1629 2417 1815 2477 postea
1842 2409 2078 2464 exstitit.

631 2494 801 2551 Vsus.
831 2496 889 2550 2.
919 2494 1078 2551 Facti
1109 2507 1231 2552 sunt
1263 2509 1437 2552 autem
1476 2500 1524 2551 ei
1552 2498 1654 2568 ﬁlii
1677 2507 1894 2569 septem,
1925 2508 1973 2553 et
2011 2499 2140 2568 ﬁliw

559 2596 684 2642 tres.

2244 1953 2340 2006 καὶ
2376 1952 2446 2006 τὰ
2474 1953 2777 2025 πράγματα
2819 1957 2912 2009 καὶ⁵
2936 1956 3005 2009 τὰ
3032 1959 3250 2028 ῥήματα
3268 1973 3282 1988 ·
3306 1959 3334 2011 ὁ
3355 1956 3412 2009 δὲ
3439 1956 3649 2016 δίκαιος
3675 1951 3805 2004 οὐδὲν

2245 2044 2491 2110 ἀϐούλως
2533 2049 2700 2110 ποιεῖ,
2730 2046 2808 2117 τῷ
2842 2047 2990 2118 σοφῴ
3022 2049 3444 2121 παραγγέλματι
3486 2046 3681 2114 ἐκείνῳ
3708 2059 3807 2094 πει-

2248 2131 2474 2202 θόμενος
2496 2153 2509 2166 ι
2542 2136 2702 2191 Μετὰ
2727 2137 2969 2206 βουλῆς
3017 2138 3216 2192 πάντα
3268 2141 3446 2193 ποίει.
3480 2137 3558 2190 Τὸ
3595 2136 3652 2189 δὲ
3702 2131 3804 2185 Ἰὼϐ

2244 2223 2417 2296 ὄνομα
2454 2226 2700 2298 ὑπομονὴ
2744 2230 2945 2282 νοεῖται
2988 2229 3082 2282 καὶ
3115 2228 3281 2292 ἔστιν,
3306 2227 3382 2292 ὡς
3412 2226 3671 2296 γενέσθαι
3697 2223 3805 2277 τοῦ-

2242 2333 2337 2373 τον
2376 2316 2404 2370 δ
2442 2316 2780 2389 προεκλήθη,
2816 2317 2849 2389 ἢ
2883 2316 3146 2389 κληθῆναι
3185 2318 3320 2389 ὅπερ
3347 2317 3571 2370 ἐγένετο

2316 2499 2411 2555 Στ.
2453 2499 2518 2569 β’.
2571 2498 2883 2569 Ἐγένοντο
2918 2500 2988 2553 δὲ
3026 2498 3187 2566 αὐτῷ
3233 2500 3352 2555 υἱοὶ
3391 2498 3549 2553 ἑπτὰ
3585 2499 3683 2554 καὶ
3717 2499 3804 2551 θυι

2247 2589 2493 2660 γατέρες
2519 2589 2678 2658 τρεῖς

628 2679 864 2749 Didymi.
913 2709 985 2722 --
1027 2678 1341 2752 Catalognm
1398 2680 1719 2745 liberorum,
1752 2684 1846 2755 qui
1891 2686 2133 2758 mysticis

2318 2678 2596 2748 Διδύμου.
2652 2678 2918 2733 Ἐνταῦοα
2954 2679 3012 2733 δὲ
3042 2679 3137 2734 καὶ
3174 2682 3205 2736 ὁ
3234 2680 3343 2735 τῶν
3389 2681 3603 2735 παίδων
3648 2676 3800 2731 κατά-

559 2772 861 2827 rationibus
888 2774 1163 2838 convenit,
1191 2772 1471 2842 Scriptura
1529 2775 1632 2829 hoc
1664 2777 1716 2829 in
1754 2776 1872 2831 loco
1917 2778 2138 2849 dignum

558 2878 681 2919 csse
713 2864 1008 2928 existimat,
1045 2865 1138 2936 qui
1190 2876 1555 2921 recenseatur.
1581 2866 1714 2931 Quis
1755 2868 1897 2922 enim
1928 2869 2141 2941 ignorat

560 2970 848 3009 numerum
889 2956 1260 3025 septenarium
1319 2971 1442 3013 esse
1496 2969 1707 3027 septem
1748 2960 2136 3018 charismatum

560 3044 796 3099 indicem
823 3083 839 3111 ,
875 3046 1018 3100 sicut
1050 3048 1211 3101 trium
1245 3048 1534 3119 appellatio
1560 3048 1624 3102 ad
1654 3048 1706 3102 id
1736 3049 1877 3118 quod
1902 3060 1987 3107 est
2015 3067 2141 3122 per-

560 3137 758 3192 fectius
811 3147 975 3207 atque
1012 3138 1251 3195 divinius
1293 3141 1486 3195 referri
1527 3140 1708 3197 solet?
1762 3141 2026 3199 Nimirum
2080 3154 2139 3200 ut

558 3228 796 3283 sciamus
843 3228 1131 3285 Trinitatis
1167 3230 1346 3296 ﬁdem,
1385 3242 1644 3301 tauquatu
1700 3242 1863 3303 caput
1919 3234 2139 3304 aliquod

558 3318 788 3386 reliquis
844 3319 1138 3376 virtutibus
1194 3321 1547 3390 impositam,
1611 3331 1821 3378 sentem
1871 3323 2139 3403 donorum

554 3409 801 3477 epilicem
836 3424 978 3463 esse.

630 3516 792 3574 Vsus.
831 3520 885 3574 ’5.
921 3519 992 3574 Et
1025 3534 1136 3577 erat
1157 3524 1310 3579 homo
1343 3525 1432 3581 ille
1460 3525 1670 3593 nobilis,
1712 3527 1850 3582 inter
1880 3544 1965 3583 eos
1984 3530 2075 3601 qui
2106 3549 2141 3586 a

556 3610 684 3663 solis
718 3623 859 3664 ortu.

627 3700 863 3772 Didymi.
902 3732 972 3743 —
1009 3704 1216 3761 Dicitur
1253 3707 1321 3763 ad
1370 3708 1641 3777 litteram,
1692 3727 1892 3782 genere
1938 3713 2121 3769 clarus

558 3792 701 3847 inter
742 3796 1057 3862 orientales,
1090 3801 1344 3867 quoniam
1373 3805 1672 3858 secundum
1711 3821 1931 3860 carnem
1962 3806 2142 3860 Abra-

556 3884 720 3939 liatuo
752 3896 1014 3956 cognatus
1044 3890 1164 3954 fuit,
1194 3891 1259 3944 ad
1293 3909 1510 3947 sensum
1544 3908 1725 3950 autem
1782 3899 2138 3969 anagogicum

2240 2772 2399 2841 λογος
2444 2772 2627 2843 τίμιος
2670 2772 2821 2843 παρὰ
2857 2775 2924 2843 τῇ
2971 2772 3195 2843 Γραφῇ,
3237 2773 3333 2825 καὶ
3375 2771 3561 2841 λόγοις
3603 2771 3802 2841 σύμφω·

2241 2881 2331 2928 νος
2368 2866 2669 2936 μυστικοῖς.
2725 2864 2822 2928 Τίς
2853 2863 2962 2935 γὰρ
2995 2865 3096 2917 οὐκ
3136 2858 3245 2917 οἶδε
3292 2865 3391 2935 τὴν
3430 2864 3667 2935 ἑϐδόμην
3711 2862 3800 2913 ἀπ-

2241 2955 2540 3027 αρίθμησιν
2582 2955 2690 3008 τῶν
2739 2957 2877 3010 ἑπτὰ
2905 2957 3260 3027 χαρισμάτων
3292 2956 3518 3026 μηνύειν
3560 2955 3657 3025 τὴν
3693 2949 3801 3004 σύν·

2239 3044 2379 3111 οδον,
2408 3043 2597 3116 ὥσπερ
2638 3040 2731 3098 οὖν
2758 3044 2853 3099 καὶ
2886 3047 2987 3115 τὴν
3016 3046 3204 3117 τρίτην
3237 3044 3569 3116 ὲκφώνησιν,
3608 3040 3733 3114 πρὸς
3752 3038 3800 3093 τὸ

2241 3136 2574 3207 τελειότερον
2600 3137 2734 3207 ὁρᾷν
2758 3136 2853 3189 καὶ
2890 3136 3196 3209 θειότερον;
3231 3137 3317 3191 ἵνα
3344 3137 3611 3208 μάθωμεν
3646 3135 3736 3206 τὴν
3756 3135 3802 3184 ἐν

2242 3224 2432 3295 Τριάδι
2469 3225 2654 3277 πίστιν
2699 3226 2798 3297 τῆς
2846 3226 3078 3297 ἑϐδόμης
3113 3224 3213 3298 [ῖσ.
3257 3225 3576 3298 ἑϐδομαίοις]
3608 3225 3801 3297 χάριτος

2242 3313 2382 3370 εἶναι
2414 3315 2770 3389 δημιουργὸν,
2805 3317 3058 3390 καθάπερ
3083 3318 3205 3371 τινὰ
3242 3317 3480 3389 κεφαλὴν
3514 3313 3800 3385 ἐπιτιθεμέ-

2241 3424 2340 3477 νην
2374 3410 2493 3470 ταίς
2522 3408 2766 3478 ἀρεταῖς.

2310 3523 2404 3577 Στ.
2437 3529 2506 3591 γ’.
2549 3521 2655 3576 Καὶ
2696 3517 2777 3592 ἦν
2822 3524 2855 3576 ὀ
2896 3521 3207 3591 ἅνθρωπος
3247 3521 3476 3588 ἐκεῖνος
3539 3514 3796 3590 εὐγενὴςι

2239 3614 2360 3670 τῶν
2384 3615 2485 3684 ἀφ’
2510 3615 2690 3683 ἡλίου
2715 3613 3046 3669 ἀνατολῶν.

2311 3706 2589 3774 Διδύμους
2611 3706 2756 3777 Πρὸς
2789 3705 2889 3776 μὲν
2921 3700 3013 3758 οὖν
3050 3704 3112 3757 τὸ
3133 3704 3315 3777 ῥητὸν,
3347 3703 3578 3774 εὐγενὴς
3606 3699 3694 3755 τοῦ
3721 3696 3795 3765 ἀφ’

2241 3799 2392 3869 ἡλίου
2425 3797 2699 3850 ἀνατολῶν
2719 3838 2734 3863 ,
2773 3797 3018 3865 λέγεται,
3077 3795 3164 3849 διὰ
3210 3795 3308 3868 τὴν
3341 3794 3482 3849 κατὰ
3514 3795 3690 3866 σάρκα
3716 3785 3792 3841 τοῦ

2253 3888 2505 3960 Ἀϐραὰμ
2534 3888 2841 3951 οἰκειότητα
2861 3905 2876 3920 ο
2909 3888 3045 3959 πρὸς
3070 3886 3125 3940 δὲ
3157 3886 3466 3957 ἀναγωγὴν,
3497 3889 3551 3941 oi
3592 3883 3691 3939 υἱοὶ
3714 3877 3794 3933 τοῦ

555 3980 702 4049 quod
741 3983 958 4049 attinet,
995 3983 1132 4039 lucis
1165 3995 1219 4040 et
1270 3986 1361 4042 Dei
1416 3989 1509 4042 lilii
1564 4005 1594 4043 a
1642 3989 1835 4046 lucidis
1880 3993 2133 4060 operibus

2244 3979 2440 4049 φωτὸς,
2471 3978 2563 4032 καὶ
2590 3978 2757 4032 τέκνα
2787 3976 2922 4031 Θεοῦ
2953 3977 3021 4029 δι’
3049 3977 3225 4049 ἔργων
3249 3976 3524 4046 φωτεινῶν
3550 3968 3771 4076 χρηματὶ

562 4075 737 4129 vocati
765 4075 842 4129 illi
865 4085 1011 4140 sunt,
1044 4078 1137 4147 qui
1180 4079 1443 4135 orientem
1478 4081 1737 4138 incolunt.
1780 4082 1966 4141 Justus
1990 4086 2133 4140 enim

2243 4071 2457 4137 ζονται,
2492 4064 2639 4124 οὗτοι
2669 4073 2807 4124 εἰσιν
2865 4071 2913 4124 oi
2963 4070 3056 4140 ἀφ’
3092 4070 3243 4142 ἡλίου
3277 4069 3575 4127 ἀνατολῶν.
3620 4070 3671 4121 '0
3702 4064 3792 4132 γὰρ

563 4183 670 4222 non
710 4168 778 4221 ab
812 4169 1143 4234 hominibus,
1181 4171 1277 4226 sed
1331 4187 1360 4226 a
1395 4172 1679 4243 splendore
1719 4176 1849 4231 solis
1894 4176 2135 4246 iustitiae,

560 4260 1027 4331 splendescentem
1061 4261 1370 4328 assequitur
1401 4261 1765 4321 nobilitatem.

623 4463 792 4520 VERS.
847 4464 901 4520 5.
950 4462 1022 4517 Et
1078 4472 1356 4534 postquam
1404 4464 1756 4517 consummati
1804 4475 1971 4519 essent
2024 4467 2135 4521 dies

550 4557 789 4622 conuiuii,
811 4555 1050 4610 mittebat
1089 4553 1191 4611 Job
1250 4563 1302 4611 et
1349 4555 1663 4626 puriﬁcabat
1701 4572 1790 4610 eos
1845 4574 2134 4612 exsuroens

550 4660 726 4708 mane,
759 4656 869 4700 etc.

621 4735 861 4805 Didymi.
881 4767 955 4780 σ-
979 4735 1442 4804 Quemadmodum
1468 4738 1558 4794 ille
1583 4738 1721 4795 dixit
1748 4756 1763 4794 :
1788 4737 1864 4794 De
1894 4749 2039 4795 nocte
2064 4740 2133 4793 ad

548 4836 600 4880 te
637 4826 701 4879 de
727 4841 880 4881 mane
917 4830 1096 4899 vigilat
1136 4830 1355 4898 spiritus
1387 4846 1554 4894 meus,
1598 4846 1628 4885 o
1655 4830 1799 4885 Deus
1824 4829 2129 4899 (Isa.xxv1,

548 4917 628 4988 9).
655 4917 722 4972 Et
750 4935 764 4971 :
792 4917 955 4986 Deus,
978 4920 1120 4976 Deus
1146 4936 1312 4988 meus,
1341 4921 1412 4975 ad
1445 4923 1590 4976 te'de
1628 4922 1744 4977 luce
1769 4923 1927 4993 vigilo
1955 4921 2127 4994 (Psal.

548 5021 684 5071 un,
718 5007 796 5079 i),
836 5010 908 5064 ita
937 5008 1039 5067 Job
1066 5010 1268 5065 nullam
1293 5010 1457 5066 aliam
1486 5012 1563 5066 ob
1591 5025 1704 5066 rem
1736 5012 1973 5067 diluculo
2001 5028 2122 5068 sur-

547 5099 728 5167 gebat,
765 5116 928 5170 quam
958 5111 1015 5157 ut
1049 5101 1159 5157 Deo
1193 5103 1463 5158 sacriﬁcia
1518 5118 1616 5173 pro
1665 5104 1852 5159 liberis
1881 5103 2126 5169 oll'erret,

540 5192 704 5261 juxta
750 5206 1025 5248 numerum
1063 5210 1269 5260 eorum,
1306 5198 1409 5251 hoc
1438 5206 1545 5263 est,
1599 5212 1695 5266 pro
1723 5212 2047 5268 unoquoque
2072 5206 2128 5252 et

548 5280 779 5348 singulis
811 5281 1022 5349 ordine;
1057 5282 1192 5337 nihil
1227 5285 1371 5339 enim
1410 5287 1728 5355 perturbate
1771 5288 1934 5343 homo
1994 5303 2126 5343 san-

550 5379 674 5423 ctus
707 5370 922 5440 agebat.
951 5374 1033 5427 Ad
1078 5373 1214 5438 luec,
1247 5374 1474 5429 vitulum
1513 5391 1612 5445 pro
1649 5379 1902 5432 omnibus
1929 5380 2125 5433 immo-

2240 4163 2447 4226 δίκαιος
2491 4164 2769 4231 εὐγένειαν
2819 4163 3036 4228 κτᾶται,
3069 4164 3169 4216 οὐκ
3208 4162 3301 4215 ἀπ’
3340 4161 3663 4232 ἀνθρώπων,
3696 4153 3790 4209 ἀλλ’

2240 4256 2351 4311 ἀπὸ
2381 4253 2475 4309 τοῦ
2507 4255 2683 4324 φωτὸς
2710 4255 2804 4309 τοῦ
2837 4254 2986 4327 ἡλίου
3006 4254 3107 4325 τῆς
3137 4253 3501 4326 δικαιοσύνης,
3532 4251 3788 4318 καταλαμο

2243 4346 2506 4419 πομένην.

2310 4460 2402 4514 Στ.
2446 4467 2518 4526 ς’.
2562 4459 2674 4515 Καὶ
2703 4459 2785 4525 ὡς
2816 4459 2893 4514 ἂν
2934 4457 3469 4526 συνετελέσθησαν
3510 4463 3571 4514 ai
3601 4452 3788 4526 ἡμέραι

2235 4553 2343 4608 τοῦ
2356 4553 2543 4607 πότου
2553 4594 2566 4616 ,
2583 4553 2940 4607 ἀπέστειλεν
2969 4550 3089 4606 Ἰὼϐ
3099 4551 3197 4606 καὶ
3216 4550 3555 4621 ἐκαθάριζεν
3569 4545 3782 4607 αὐτοὺς,

2236 4643 2636 4714 ἀνιστάμενος
2666 4643 2733 4697 τὸ
2763 4644 2935 4712 πρωῒ,
2971 4662 3026 4698 κ.
3057 4660 3109 4697 τ.
3138 4644 3189 4697 λ.

2304 4736 2583 4806 Διδύμου.
2625 4737 2733 4789 Καὶ
2778 4735 2920 4790 κατὰ
2963 4735 3053 4789 τὸν
3090 4734 3383 4807 εἰρηκότα,
3445 4735 3544 4790 Ἐκ
3594 4732 3785 4788 νυκτός

2237 4828 2484 4899 ὀρθρίζει
2517 4829 2583 4881 τὸ
2617 4826 2854 4897 πνεῦμά
2890 4845 3009 4898 μου
3050 4827 3201 4897 πρὸς
3245 4829 3340 4892 σέ,
3382 4830 3415 4881 0'
3455 4829 3600 4891 θεός
3628 4843 3641 4857 .
3674 4818 3781 4875 καί·

2249 4920 2303 4973 ’0
2335 4920 2510 4987 Θεὸς,
2541 4923 2575 4974 ὁ
2611 4920 2754 4986 Θεός
2793 4937 2934 4991 μου,
2968 4919 3119 4987 πρὸς
3151 4917 3226 4973 σὲ
3273 4917 3509 4988 ὀρθρίζω
3529 4957 3544 4982 ,
3575 4918 3635 4971 οὐ
3669 4910 3784 4982 πρὸς

2231 5013 2419 5085 ἕτερον
2462 5012 2623 5084 ἔργον
2668 5013 2698 5065 ὁ
2744 5012 3015 5083 μακάριος
3076 5010 3194 5064 Ἰὼϐ
3244 5011 3306 5063 τὸ
3347 5009 3493 5082 πρωῒ
3524 5010 3779 5064 ἀνίστατο,

2233 5103 2370 5157 ἀλλὰ
2396 5103 2531 5173 πρὸς
2559 5100 2693 5154 Θεὸν
2723 5098 2826 5172 [ῐσ.
2857 5099 2937 5170 τῷ
2963 5097 3105 5171 Θεῷ]
3128 5137 3143 5163 ,
3176 5098 3316 5169 ὑπὲρ
3344 5097 3453 5151 τῶν
3480 5097 3679 5149 παίδων
3703 5087 3779 5140 ου’

2233 5196 2355 5249 σίαν
2382 5193 2674 5266 προσάγων
2722 5191 2820 5263 [ica
2869 5186 3199 5261 προσάξων],
3232 5187 3382 5241 κατὰ
3415 5187 3523 5241 τὸν
3561 5178 3781 5255 ἀριθμὸν

2228 5283 2431 5339 αὐτῶν
2454 5302 2469 5316 ο
2505 5285 2534 5337 ὃ
2566 5287 2681 5336 ἐστι
2701 5323 2716 5344 ,
2754 5281 2877 5336 καθ’
2905 5281 3134 5334 ἕκαστον
3154 5321 3169 5344 ,
3199 5280 3292 5332 καὶ
3316 5279 3623 5342 εὐτάκτως’
3654 5270 3781 5328 οὐδὲν

2229 5377 2339 5448 γὰρ
2390 5375 2796 5446 συγκεχυμένον
2843 5375 2902 5427 ἐν
2956 5371 3247 5443 σπουδαίῳ.
3308 5371 3465 5424 Ἀλλὰ
3522 5372 3614 5424 καὶ
3665 5363 3779 5437 μετά

551 5458 720 5524 labat,
750 5462 1004 5531 peculiari
1041 5478 1141 5519 suo
1177 5479 1347 5553 more,
1394 5474 1455 5519 ut
1508 5468 1575 5521 ad
1609 5483 1730 5522 eam
1773 5471 2034 5524 rationem
2072 5471 2133 5524 li-

2238 5469 2406 5533 τοῦτο,
2438 5468 2578 5538 ὑπὲρ
2607 5467 2827 5520 πάντων
2860 5464 3060 5536 μόσχον
3093 5464 3338 5536 προσῆγε
3380 5463 3522 5518 κατὰ
3546 5465 3635 5516 τὸν
3665 5459 3777 5511 ἴδιον

550 5552 658 5610 lios
685 5570 900 5625 quoque
926 5571 1056 5613 suos
1088 5558 1473 5614 assuefaceret.
1511 5556 1602 5614 Sic
1625 5558 1791 5629 igitur
1815 5559 1968 5614 linito
2000 5575 2133 5616 con-

552 5644 697 5700 Vivio
735 5661 829 5701 cos
874 5650 1174 5718 purgabat;
1224 5664 1346 5705 cum
1405 5652 1724 5722 purgatione
1763 5650 1972 5706 scilicet
2010 5667 2131 5722 qua;

561 5735 668 5787 sub
697 5750 918 5793 sensum
964 5742 1130 5805 cadit,
1180 5743 1346 5796 etiam
1390 5757 1453 5796 ea
1498 5758 1617 5812 quae
1647 5742 1714 5795 ad
1741 5743 1980 5797 animum
2009 5759 2132 5813 pur-

569 5828 804 5892 gandum
876 5832 1241 5890 conducerent
1291 5835 1548 5891 ostendit.
1599 5834 1919 5905 Propltctice
1982 5838 2127 5893 enim

2228 5560 2452 5632 τρόπον,
2485 5557 2578 5611 καὶ
2602 5559 2669 5628 τῇ
2694 5558 2803 5609 τῶν
2847 5556 3054 5610 παίδων
3082 5558 3275 5629 ἀγωγῇ
3302 5554 3611 5621 συνεθίζων.
3644 5547 3777 5605 Οὕτω

2240 5649 2362 5719 (οὖν
2397 5649 2492 5702 καὶ
2533 5647 2857 5718 ἑκαθάριζεν
2899 5646 3095 5710 αὐτοὺς
3127 5647 3266 5718 μετὰ
3299 5647 3358 5700 τὸ
3392 5641 3773 5708 συντελεσθῆναι

2226 5742 2317 5794 τὸν
2359 5739 2554 5804 πότον,
2590 5738 2730 5808 μετὰ
2770 5741 2870 5809 τῆς
2903 5737 3171 5808 αἰσθητῆς
3200 5738 3548 5809 καθάρσεως,
3597 5732 3683 5789 καὶ
3718 5724 3771 5776 τὰ

2232 5830 2590 5887 συντελοῦντα
2636 5830 2773 5903 πρὸς
2804 5830 3039 5887 διάνοιαν
3085 5832 3356 5907 καθάρσια
3412 5818 3767 5902 παραδεικνύςο
