4002 6392
206 350 335 404 iii-21

1473 338 1901 399 FRAGMENTA
1940 339 2007 395 IN
2044 338 2185 396 JOB.

3322 342 3461 399 Hi"!

200 464 454 518 Φαίνεται
481 456 591 530 γὰρ
619 454 970 529 προφητικῶς
993 456 1090 509 καὶ
1124 456 1265 510 κατὰ
1294 455 1475 526 νόμον,
1505 456 1598 510 καὶ
1636 454 1782 509 κατὰ

1894 467 2005 507 tum
2037 450 2336 506 secundum
2374 450 2568 521 legem,
2610 458 2723 504 tum
2754 452 3053 506 secundum
3086 454 3315 523 gratiam
3361 470 3455 509 sa-

199 556 360 626 χάριν
388 553 488 616 τὰς
510 551 698 614 θυσίας
724 548 966 620 πληρῶν.
1008 548 1165 602 Κατὰ
1190 550 1353 620 νόμον
1386 550 1505 619 μὲν.
1540 548 1639 613 τὰς
1662 548 1780 601 δια-

198 647 430 717 φόρους
480 642 623 696 κατὰ
671 643 830 713 χάριν
871 642 949 705 δὲ,
987 642 1079 694 τὸν
1125 642 1220 695 ἕνα
1276 642 1475 713 μόσχον
1515 642 1607 695 τὸν
1648 643 1777 711 περὶ

202 736 497 808 ἁμαρτίας.
542 734 654 787 Καὶ
698 734 806 805 γὰρ
849 733 882 803 ἠ
934 732 1155 804 τοιαύτη
1194 732 1356 786 ουσία
1404 734 1502 805 τῆς
1553 732 1780 804 χάριτος

202 828 515 899 προεμήνυε
555 825 656 896 τὴν
698 823 974 896 ἀλήθειαν,
1023 824 1123 895 τὴν
1174 824 1302 893 μίαν
1346 824 1590 879 τυποῦσα
1636 824 1781 877 κατὰ

206 918 387 989 σάρκα
422 916 613 969 θυσίαν
639 915 732 969 τοῦ
764 915 1086 986 μονογενοῦς
1113 916 1245 969 Υίοῦ
1280 916 1373 968 τοῦ
1398 917 1555 969 Θεοῦ.
1582 918 1643 970 Et
1669 916 1725 969 δὲ
1750 918 1779 969 ό

202 1010 342 1080 ὑπὲρ
387 1009 640 1063 ἁπάντων
693 1008 1101 1078 προσαγόμενος
1149 1009 1346 1079 μόσχος
1394 1009 1484 1062 τὸν
1522 1010 1590 1063 δι’
1631 1011 1779 1080 ἡμᾶς

144 1104 149 1115 “
204 1101 436 1172 σταυρὸν
484 1098 855 1169 ὑπομείναντα
905 1098 1133 1169 Σωτῆρα
1171 1099 1339 1169 δηλοῖ,
1387 1099 1778 1169 συνεπίσκεψαι

201 1194 297 1247 καὶ
358 1193 432 1264 μὴ
482 1191 800 1263 θαυμάσῃς·
830 1190 891 1241 οὐ
924 1189 1033 1259 γὰρ
1076 1188 1316 1260 ἀμύητω³
1362 1184 1430 1259 ἦν
1463 1190 1491 1242 ὁ
1536 1186 1654 1240 Ἰὼϐ
1682 1188 1779 1258 τῆς

200 1286 294 1340 τοῦ
322 1285 570 1356 Σωτῆρος
602 1282 916 1352 ἐπιδημίας,
952 1284 978 1335 ὁ
1020 1280 1214 1350 λέγων,
1244 1282 1325 1334 ὅτι
1365 1280 1526 1344 αὑτός
1562 1281 1712 1333 ὲστιν
1751 1282 1780 1333 ὁ

202 1376 412 1448 μέλλων
437 1376 497 1428 τὸ
526 1373 665 1445 μέγα
693 1374 858 1443 κῆτος
884 1372 1268 1445 χειρώσασθαι.

276 1554 363 1606 Στ.
396 1551 459 1617 ζ’.
526 1550 634 1605 Καὶ
663 1549 1005 1616 ἀποκριθεὶς
1062 1552 1095 1603 ό
1119 1548 1396 1613 διάϐολος
1443 1546 1522 1612 τῷ
1564 1549 1779 1615 Κυρίῳ,

197 1645 330 1702 εἷπε
351 1662 365 1677 ⁶
394 1643 725 1713 Περωλθὼν
761 1642 875 1709 τὴν
895 1640 1014 1711 γῆν
1038 1641 1132 1695 καί
1166 1639 1650 1711 ἐμπεριπατήσας
1668 1638 1783 1707 τὴν

195 1742 303 1798 ὑπ’
334 1738 614 1809 οὐρανὸν,
644 1736 899 1805 πάρειμι.

1881 543 2131 599 crificare
2163 543 2309 598 visus
2335 553 2420 598 est
2455 559 2470 598 :
2497 542 2798 597 secundum
2848 543 3015 613 legem
3062 545 3302 613 quidem,
3335 561 3458 601 cmn

1883 634 2125 689 diversas
2161 634 2367 689 hostias
2399 633 2737 701 immolaret;
2766 634 3062 689 secundum
3106 636 3338 704 gratiam
3368 653 3460 691 ve-

1885 740 1966 789 ro,
2001 740 2124 779 cum
2156 725 2382 779 vitulum
2424 740 2587 779 unum
2637 741 2736 796 pro
2777 736 2998 794 peccato
3050 724 3292 781 oﬂ‘erret.
3327 727 3460 781 'l‘ale

1884 817 2024 870 enim
2056 816 2384 871 sacrificium
2424 816 2616 886 gratiae
2649 818 2937 871 veritatem
2986 817 3462 886 prmmonstrabat,

1882 908 2141 978 unigeniti
2170 907 2260 961 Dei
2294 908 2414 962 Filii
2449 909 2778 963 sacrificium
2804 909 2856 962 in
2893 924 3062 965 carne
3098 912 3456 964 adumbratis.

1888 999 2123 1055 Vitulum
2157 1011 2340 1055 autem
2374 1016 2472 1071 pro
2526 1000 2776 1055 omnibus
2818 1002 3082 1066 oblatum,
3119 1001 3343 1068 Christi,
3370 1004 3462 1073 qui

1881 1107 1979 1162 pio
2014 1092 2168 1148 nobis
2199 1108 2414 1147 crucem
2442 1094 2683 1163 pertulit,
2721 1104 2902 1164 typum
2944 1093 3136 1159 fuisse,
3170 1095 3311 1148 haud
3348 1095 3458 1149 mi-

1884 1186 2096 1249 rabere,
2138 1185 2183 1239 si
2231 1201 2439 1239 mecum
2488 1186 2920 1240 consideraveris
2948 1184 3141 1241 Jobum
3191 1187 3464 1255 mysteriis

1882 1275 2149 1331 adventus
2180 1276 2382 1332 Christi
2420 1278 2688 1331 initiatum
2745 1276 2936 1344 fuisse,
2996 1288 3057 1331 ut
3101 1277 3193 1346 qui
3232 1277 3453 1337 dixerit.

1881 1368 2025 1436 quod
2079 1369 2165 1422 ille
2201 1377 2303 1433 est,
2339 1371 2432 1439 qui
2472 1385 2726 1440 maguum
2752 1379 2931 1424 cetqu
2987 1384 3350 1440 oppressurus
3378 1380 3463 1424 est

1884 1459 2006 1531 (Job
2040 1476 2122 1523 ιιι,
2146 1460 2228 1532 ε).

1956 1551 2121 1607 Vens.
2151 1551 2203 1605 7.
2249 1551 2317 1604 Et
2379 1552 2688 1619 respondens
2749 1552 2990 1605 diabolus
3032 1551 3255 1606 Domino
3291 1552 3462 1605 dixit:

1885 1641 2015 1697 Cum
2046 1646 2394 1697 circumierim
2446 1659 2663 1710 terram,
2697 1656 2745 1699 et
2772 1645 3144 1697 ambulaverint
3172 1660 3309 1710 eam,
3345 1659 3462 1713 qua:

1885 1734 1979 1790 sub
2014 1736 2139 1790 cwlo
2164 1746 2259 1802 est,
2288 1737 2494 1789 adsum.

271 1834 549 1902 Διδύμου.
581 1828 918 1901 Σημειωτέον
948 1827 1026 1886 δὲ.
1060 1827 1142 1880 ὅτι
1164 1824 1408 1896 διάφοροι
1442 1824 1597 1877 τόποι
1628 1825 1665 1892 ἡ
1701 1821 1779 1894 γῆ

1958 1827 2193 1897 Didymi.
2231 1828 2780 1882 Animadvertendum
2822 1837 2928 1892 est,
2961 1844 3066 1882 non
3116 1828 3301 1882 eadem
3344 1825 3460 1881 loca

197 1927 298 1981 καὶ
316 1928 353 1995 ὴ
389 1926 490 1979 ὑπ’
521 1921 779 1990 οὐρανόν
807 1920 942 1973 εἰσι·
973 1918 1075 1989 τῆς
1111 1919 1210 1989 μὲν
1237 1918 1339 1988 γῆς
1368 1917 1472 1970 ὑπὸ
1497 1917 1588 1969 τὸν
1621 1917 1782 1987 οὐρα.

200 2020 293 2072 νὺν
320 2017 506 2087 οὔσης,
540 2015 646 2068 τῶν
676 2014 733 2067 δὲ
753 2013 843 2066 ὑπ’
867 2011 1093 2085 οὐρανὸν
1132 2010 1312 2063 τόπων
1344 2009 1405 2061 οὑ
1438 2009 1653 2072 πάντως
1679 2007 1785 2077 γῆς

198 2110 575 2183 ὑπαρχόντων.
618 2106 727 2177 Τὴν
762 2106 858 2177 μὲν
891 2101 984 2158 οῦν
1039 2102 1146 2173 γῆν
1179 2101 1467 2175 περίεισιν,
1499 2102 1584 2153 ἵνα
1617 2118 1788 2154 κατα-

198 2206 370 2275 νοήσῃ
423 2199 552 2272 περὶ
597 2200 740 2259 τίνος
777 2194 1065 2268 ἀνθρώπου
1089 2195 1299 2264 αἰτήσει
1320 2210 1332 2221 '
1354 2191 1449 2262 τὴν
1478 2192 1535 2244 δὲ
1568 2191 1658 2244 ὑπ’
1691 2190 1784 2243 οὺ-

201 2294 362 2366 ρανδν
392 2290 774 2362 ἐμπεριπατεῖ,
808 2285 1233 2356 εὐφραινόμενος
1259 2287 1372 2347 τοῖς
1394 2285 1786 2354 πνευματικοῖς

193 2386 300 2454 τῆς
328 2383 614 2453 πονηρίας.
664 2383 775 2442 τοῖς
812 2377 1173 2449 ὑπηρετοῦσιν
1236 2374 1384 2447 αύτῷ
1418 2375 1552 2446 πρὸς
1599 2374 1667 2428 τὰ
1697 2374 1783 2427 αι’.

198 2493 416 2547 σχιστα.
451 2475 523 2526 Ub
580 2471 745 2525 δεῖδὲ
791 2468 1113 2535 ξενίζεσθαι,
1172 2469 1221 2520 εί
1280 2466 1474 2519 λεπτὸν
1522 2466 1784 2535 ὑπάρχων

194 2567 439 2637 πνεῦμα,
478 2563 627 2633 διέϐη
664 2563 787 2623 τοὺς
820 2557 1249 2632 προειρημένους
1281 2558 1478 2620 τόπους
1499 2573 1512 2586 ·
1558 2556 1784 2627 καὶγὰρ

192 2660 320 2713 οὑδὲ
348 2661 375 2711 ὁ
400 2657 530 2720 Θεὸς
559 2656 633 2720 ὡς
659 2653 989 2724 ψευδόμενον
1026 2650 1188 2703 αὑτὸν
1215 2650 1427 2721 ἤλεγξε.
1472 2650 1545 2703 Τὸ
1602 2647 1783 2719 μέντοι

191 2748 473 2819 ἀνήμερον
515 2744 608 2797 καὶ
651 2741 1066 2812 ἀφιλάνθρωπον
1098 2740 1191 2793 τοῦ
1210 2739 1436 2811 τρόπου,
1459 2741 1522 2809 τῇ
1548 2737 1781 2809 τοσαύτῃ

198 2838 434 2909 περιόδῳ
483 2835 877 2905 καταμηνύειὸ
913 2831 1166 2903 πονηρός.
1214 2830 1460 2885 Μανικοῦ
1495 2830 1604 2901 γάρ
1641 2847 1785 2893 τινος

199 2933 300 2986 καὶ
325 2931 429 2983 ὑπὸ
454 2927 757 2999 ἐμπληξίας
789 2923 1228 2998 περινοστοῦντός
1263 2925 1379 2976 ἐστι
1424 2922 1493 2975 τὰ
1528 2924 1782 2992 ῥήματα*

196 3021 384 3085 καθὼς
412 3020 511 3073 καὶ
538 3018 765 3087 ἑτέρωθί
822 3035 925 3071 που
968 3018 1218 3087 εἴρηται·
1251 3016 1371 3067 ’Ότι
1419 3017 1452 3067 ό
1482 3014 1784 3079 ἀντίδικος

196 3112 376 3183 ἡμῶν
411 3111 708 3177 διάϐολος,
766 3110 844 3176 ὠς
876 3107 1033 3163 λέων
1072 3106 1409 3175 ὠρυόμενος
1457 3102 1779 3172 περιπατεῖ,

195 3204 391 3273 ζητῶν
420 3203 556 3255 τίνα
579 3200 861 3267 καταπίῃ.
898 3200 1210 3269 Ἀγρυπνος
1236 3196 1347 3267 γὰρ
1409 3195 1654 3261 πολεμεῖ,
1685 3192 1779 3246 καὶ

196 3296 574 3367 περιέρχεται,
626 3294 751 3355 τοὺς
788 3291 886 3362 μὲν
951 3290 1136 3358 φίλους
1168 3286 1533 3356 ὑπαγόμενος,
1569 3286 1696 3347 τοὺς
1724 3284 1780 3337 δὲ

195 3386 428 3458 ἐχθροὺς
460 3382 866 3453 ἐξαιτούμενοςο
908 3383 969 3435 οὑ
998 3382 1107 3452 γὰρ
1138 3377 1437 3444 ἐξουσιάζει
1466 3376 1640 3448 ήμῶν.
1672 3374 1782 3429 Καί

194 3496 255 3533 τι
276 3476 512 3531 τοιοῦτον
534 3475 697 3528 αὑτοῦ
736 3464 805 3528 τὰ
836 3474 1055 3545 ῥήματα
1085 3471 1363 3541 βούλεται·
1410 3468 1645 3540 Ἐπειδὴ,
1681 3485 1781 3539 φη-

198 3571 280 3631 σὶ,
306 3569 508 3640 γηίνων
539 3568 633 3622 καὶ¹
663 3565 862 3638 ἀερίων
899 3564 1348 3637 ὑποτασσομένων
1382 3579 1492 3634 μοι,
1534 3560 1653 3614 Ἰὼϐ
1688 3559 1784 3631 μό-

199 3676 294 3723 νος
314 3659 650 3723 ἀνθίσταται,
683 3657 804 3728 ἧκω
832 3655 993 3709 αὑτὸν
1027 3656 1399 3726 αἰτησόμενος.

273 3833 363 3886 Στ.
402 3833 465 3887 θ’.
509 3831 813 3901 Ἀπεκρίθη
846 3830 915 3884 δὲ
942 3835 975 3885 ό
1018 3830 1315 3894 διάϐολος,
1357 3829 1454 3882 καί
1484 3824 1653 3882 εἶπεν
1686 3829 1784 3882 ἐν-

194 3924 410 3977 αντίον
435 3924 680 3992 Κυρίου.

273 4017 551 4086 Διδύμου.
588 4016 748 4069 Ἴδιον
794 4015 850 4068 δὲ
881 4012 990 4068 τῶν
1045 4012 1184 4084 πρὸς
1231 4012 1433 4084 ἀρετὴν
1485 4014 1785 4085 ἀπεχθανο-

198 4107 401 4179 μένων,
431 4107 492 4159 τὸ
517 4105 591 4177 μὴ
627 4102 936 4173 λογίζεσθαι
969 4105 1170 4174 γνήσια
1194 4104 1263 4156 τὰ
1293 4103 1434 4156 καλὰ
1456 4104 1563 4157 τῶν
1592 4104 1782 4169 πέλας,

193 4196 337 4251 ἀλλὰ
362 4197 746 4259 διαϐάλλοντας
766 4195 966 4263 λέγειν,
997 4195 1072 4259 ὡς
1100 4195 1186 4248 ὅδε
1210 4212 1295 4258 τις
1322 4195 1526 4260 δίκαιός
1550 4198 1686 4257 ἐστι,
1716 4195 1784 4249 δι’

194 4289 502 4358 ἀδυναμίαν
532 4286 625 4341 τοῦ
683 4289 923 4343 ἀδικεῖνο
991 4288 1076 4340 ὅδε
1130 4304 1215 4351 τις
1265 4285 1516 4358 σώφρων,
1570 4287 1659 4341 διὰ
1686 4288 1785 4361 τὴν

195 4379 540 4451 καλουμένην
562 4379 877 4451 ἠλιθιότητα
895 4397 908 4411 ο
938 4381 966 4433 ό
992 4379 1069 4444 δὲ,
1097 4383 1350 4451 χρήματα
1372 4381 1465 4432 καὶ⁵
1486 4383 1786 4452 πορισμοὺς

1885 1932 2026 1979 esse,
2065 1928 2281 1978 terram,
2314 1928 2387 1981 et,
2416 1935 2530 1972 enm
2568 1930 2689 1987 qua:
2713 1920 2808 1971 sub
2845 1919 2994 1983 (σξιο,
3029 1934 3150 1972 eum
3189 1927 3332 1972 terra
3362 1917 3464 1972 sub

1886 2009 2028 2063 caelo
2057 2010 2162 2074 sit,
2195 2009 2307 2063 loca
2353 2024 2481 2062 vero
2521 2024 2639 2077 qum
2673 2009 2773 2062 sub
2807 2011 2942 2064 ratio
2971 2019 3115 2073 sunt,
3146 2024 3249 2063 non
3288 2011 3465 2064 conti-

1891 2113 2000 2151 nuo
2030 2110 2171 2151 terra
2203 2100 2330 2153 sint.
2360 2099 2582 2154 Terram
2612 2103 2755 2155 enim
2786 2102 3058 2167 circuivit,
3112 2111 3169 2155 ut
3199 2103 3464 2170 intelligat

1887 2202 2045 2255 quem
2081 2189 2349 2243 hominem
2382 2200 2636 2254 accuset;
2672 2191 2787 2244 loca
2832 2206 2983 2256 vero,
3036 2206 3155 2261 quae
3191 2192 3291 2245 sub
3323 2195 3464 2246 cmln

1887 2288 2031 2343 sunt,
2070 2278 2403 2342 obambulat,
2438 2280 2491 2333 in
2520 2280 2775 2349 nequitiae
2799 2282 3105 2351 spiritibus,
3138 2285 3228 2350 qui
3264 2283 3364 2337 sibi
3396 2282 3465 2338 ad

1888 2384 1977 2423 res
2010 2370 2353 2438 turpissimae
2379 2381 2575 2439 praesto
2599 2380 2747 2436 sunt,
2788 2387 2910 2427 sese
2950 2373 3247 2428 obiectans.
3278 2372 3466 2443 Neque

1887 2475 2017 2514 vero
2046 2461 2347 2516 mirandum
2399 2473 2500 2527 est,
2555 2477 2676 2517 cum
2728 2464 2799 2518 sit
2836 2466 3017 2520 tenuis
3063 2468 3304 2536 spiritus,
3346 2468 3465 2522 lora

1887 2568 2007 2622 quae
2038 2564 2458 2609 commemorata
2490 2565 2617 2610 sunt
2667 2558 2987 2626 pervasisse,
3026 2560 3463 2630 quandoquidem

1887 2660 1987 2699 nec
2014 2646 2279 2700 mendacii
2337 2662 2458 2700 eum
2517 2647 2659 2702 Deus
2711 2648 3066 2703 insimulavit.
3123 2650 3297 2705 Tanto
3341 2666 3468 2705 veto

1889 2747 2156 2791 terrarum
2197 2736 2444 2792 anfractu
2479 2754 2543 2794 ac
2568 2739 2912 2807 circuitione,
2959 2741 3232 2797 feritatem
3269 2743 3468 2797 imma-

1887 2829 2221 2899 nitatemque
2244 2845 2397 2884 suam
2430 2831 2729 2886 sceleratus
2757 2840 2987 2888 testatur
3014 2874 3029 2897 ,
3078 2835 3346 2903 siquidem
3387 2835 3471 2889 iu-

1887 2922 2004 2977 sani
2033 2931 2085 2976 et
2121 2938 2232 2991 pra:
2261 2923 2445 2976 furore
2496 2927 2980 2981 circumcursautis
3032 2937 3159 2981 sunt
3212 2928 3300 2981 illa
3351 2926 3471 2995 ejus

1887 3012 2071 3067 verba.
2100 3014 2240 3067 Alibi
2283 3029 2498 3084 quoque
2531 3016 2734 3070 dictum
2783 3029 2898 3072 est:
2951 3017 3090 3084 Quia
3132 3020 3468 3075 adversarius

1885 3113 2051 3157 vester
2080 3104 2346 3171 diabolus,
2369 3115 2620 3176 tauquam
2647 3106 2725 3159 leo
2762 3109 2972 3176 rugiens
2996 3109 3201 3171 circuit,
3230 3124 3468 3173 quarens

1885 3210 2038 3263 quem
2073 3194 2277 3248 devoret
2311 3193 2361 3264 (Ἰ
2398 3192 2514 3248 Pet.
2542 3211 2581 3256 ι,
2618 3195 2673 3262 5,
2704 3198 2784 3266 8).
2839 3196 3076 3266 νίεἰιιιιιε
3103 3199 3245 3251 enim
3298 3208 3352 3252 et
3381 3199 3470 3251 in-

1889 3288 2093 3342 somnis
2127 3289 2408 3357 prteliatur
2445 3297 2498 3341 et
2543 3288 2814 3353 circumit,
2847 3288 3052 3343 amicos
3095 3290 3311 3359 quidem
3351 3290 3471 3342 alli-

1888 3380 2101 3446 ciendo,
2133 3381 2384 3437 inimicos
2415 3396 2544 3436 vero
2573 3383 2640 3436 ad
2690 3382 2916 3437 exitium
2957 3382 3263 3451 poscendo:
3297 3397 3472 3451 neque

1890 3473 2034 3527 enim
2070 3472 2366 3526 dominium
2392 3472 2559 3527 ullum
2586 3473 2638 3526 in
2665 3487 2763 3526 nos
2791 3473 2972 3527 habet.
2994 3472 3177 3540 Atque
3207 3472 3471 3541 ejusmodi

1892 3564 2111 3632 quidem
2149 3565 2435 3618 verborum
2473 3564 2592 3633 ejus
2623 3578 2817 3618 sensus
2849 3573 2934 3619 est
2968 3562 3142 3617 :Cutn
3176 3572 3387 3619 terrena
3418 3574 3474 3618 et

1890 3657 2035 3711 aeria
2068 3655 2396 3726 subegerim,
2424 3656 2573 3712 solus
2601 3656 2731 3711 mihi
2765 3654 2936 3711 Jobus
2951 3656 3301 3723 adversatur;
3323 3656 3472 3710 illum

1807 3741 1815 3748 ’
1893 3759 1955 3804 ιιι
1982 3751 2271 3819 deposcant
2308 3751 2487 3803 venit).

1961 3840 2127 3897 Vens.
2156 3844 2211 3898 9.
2239 3840 2525 3912 Respondit
2551 3850 2726 3895 autem
2749 3840 3019 3907 diabolus,
3044 3853 3092 3897 et
3126 3843 3267 3897 dixit
3295 3859 3474 3896 eorum

1888 3932 2137 3989 Domino.

1961 4023 2200 4096 Didymi.
2254 4024 2537 4096 Proprium
2586 4043 2772 4083 eorum
2815 4039 2916 4094 est,
2972 4030 3062 4098 qui
3103 4030 3288 4085 virtuti
3345 4041 3476 4084 sunt

1893 4114 2259 4185 infensiores,
2315 4131 2635 4176 czelerorum
2696 4122 2837 4176 bona
2903 4122 3122 4177 minimc
3178 4138 3300 4176 vera
3355 4139 3477 4178 esse

1892 4207 2226 4277 existimare,
2292 4213 2386 4267 sed
2443 4213 2623 4282 potius
2669 4228 2765 4283 per
2792 4214 3115 4270 calumniam
3148 4215 3353 4278 dicere,
3388 4216 3476 4269 hic

1892 4297 2109 4366 quidem
2135 4302 2204 4357 ob
2243 4314 2482 4370 ereptam
2522 4305 2622 4359 sibi
2654 4305 2882 4359 nocendi
2908 4313 3255 4374 potestatem,
3291 4304 3475 4372 justus

1892 4397 2010 4456 est;
2052 4390 2141 4444 ille
2170 4407 2298 4447 vero
2329 4391 2470 4463 frugi
2498 4408 2565 4447 ac
2612 4404 2944 4463 temperans,
3001 4406 3222 4463 propter
3258 4395 3476 4450 stolidi-

193 4472 298 4525 οὐκ
326 4470 458 4542 ἔχει,
490 4472 578 4525 διὰ
606 4473 667 4526 τὸ
693 4473 828 4545 πρὸς
860 4471 1035 4526 ταῦτα
1064 4472 1435 4542 ἀνεπιτήδειον
1454 4489 1469 4503 ⁸
1503 4475 1597 4526 καὶ
1628 4473 1782 4536 ὅλως,

1895 4486 2100 4544 tatem;
2137 4479 2224 4535 ille
2267 4480 2406 4536 alter
2448 4484 2691 4550 pecuniis
2720 4484 3020 4550 opibusque
3047 4494 3222 4551 caret,
3253 4485 3379 4553 quia
3409 4486 3476 4551 iis

191 4562 369 4627 οὐδεὶς
412 4563 611 4633 φαῦλος
661 4564 985 4635 άποδέχεταί
1038 4580 1181 4627 τινος
1237 4563 1460 4635 ἀρετὴν,
1514 4565 1590 4629 ὡς
1648 4583 1783 4638 γνη-

198 4668 342 4707 σιαν.

268 4848 356 4901 Στ.
397 4856 484 4903 ια’.
544 4850 719 4904 Ἀλλὰ
764 4852 1133 4905 ἀπόστειλον
1185 4851 1300 4918 τὴν
1325 4852 1494 4922 χεῖρά
1517 4871 1651 4911 σου.
1682 4855 1782 4908 καὶ

196 4937 347 5006 ἅψαι
394 4941 634 4997 πάντων
668 4937 757 4996 ὧν
794 4943 941 5013 ἔχει,
999 4940 1041 5014 ἦ
1085 4943 1214 5014 μὴν
1243 4946 1328 5000 εἰ(
1353 4948 1680 5014 πρόσωπόν
1708 4964 1782 5002 σε

194 5031 537 5098 εὐλογήσει.

268 5121 542 5191 Διδύμου.
573 5126 744 5196 Χεῖρα
770 5126 904 5180 Θεοῦ
948 5128 1220 5198 διαφόρως
1251 5130 1570 5200 ὲκληπτέον,
1622 5129 1654 5202 ἢ
1683 5130 1780 5202 τὴν

193 5214 521 5285 κολαστικὴν
561 5217 655 5269 καὶ
683 5222 761 5282 εἰς
792 5220 954 5273 τοῦτο
985 5221 1324 5292 ὑπηρετικὴν
1365 5222 1614 5294 δύναμιν,
1655 5224 1793 5294 ἥτις

190 5309 289 5363 καὶ
349 5307 542 5371 σκεῦος
590 5309 760 5379 ὀργῆς
792 5310 1009 5380 λέγεται
1048 5312 1190 5366 κατὰ
1238 5313 1318 5377 τὸ,
1380 5314 1442 5369 Ἠ
1491 5316 1619 5383 χείρ
1662 5330 1779 5369 σου

187 5402 341 5469 ἔθνη
382 5401 866 5469 ἐξωλόθρευσεν·
909 5402 1066 5473 ἢτὴν
1117 5406 1489 5476 φρουρητικὴν
1525 5407 1618 5458 καὶ
1645 5423 1797 5459 σκε-.

193 5493 467 5564 παστικὴν
489 5493 741 5564 δύναμιν,
765 5495 841 5557 ὼς
865 5495 945 5559 τὸ,
972 5496 1286 5563 Ἔπλασὰς
1310 5515 1405 5567 με,
1431 5499 1530 5553 καὶ
1556 5499 1777 5566 ἔθηκας

189 5584 283 5637 ἐπ’
322 5586 428 5657 ἐμὲ
459 5586 574 5655 τὴν
599 5584 768 5654 χεῖρά
802 5600 936 5639 σου.
985 5588 1249 5642 Ἐνταῦθα
1281 5589 1457 5643 τοίνυν
1494 5591 1574 5655 τὸ,
1620 5592 1781 5645 Ἁπό-

189 5681 440 5730 στειλον
460 5671 576 5747 thr
592 5677 760 5747 χεῖρά
784 5691 921 5743 σου,
967 5679 1085 5732 ἀντὶ
1119 5681 1236 5746 τοῦ,
1263 5682 1580 5752 πληκτικῶς
1611 5683 1774 5736 αὑτοῦ

193 5766 533 5837 περίδραξαι,
591 5768 808 5839 εἴρηται
835 5785 847 5800 ·
883 5768 942 5821 τὸ
965 5769 1042 5836 δὲ,
1071 5771 1255 5840 "Ay-at
1293 5773 1480 5841 αὑτοῦ,
1513 5775 1632 5829 ἀντὶ
1658 5775 1773 5839 τοῦ,

1894 4573 2153 4638 parandis
2188 4572 2328 4626 haud
2359 4584 2442 4629 est
2474 4575 2722 4629 idoneus.
2763 4575 3029 4645 Denique,
3079 4592 3242 4632 nemo
3274 4580 3477 4648 impro-

1894 4661 1994 4713 lms
2016 4661 2335 4731 cujusquam
2380 4668 2633 4719 virtutem
2672 4674 2731 4719 ut
2785 4665 3083 4737 legitimam
3136 4668 3476 4741 solidamque

1891 4748 2149 4805 admittit.

1966 4860 2132 4921 Vens.
2173 4865 2258 4920 Η.
2305 4864 2411 4920 Sed
2441 4868 2588 4921 mitte
2611 4885 2827 4924 mnuum
2851 4880 3019 4934 tuam,
3050 4883 3097 4926 et
3123 4884 3276 4943 tange
3292 4878 3473 4930 omnia

1890 4971 2008 5024 qua!
2037 4959 2211 5024 habet,
2237 4959 2282 5011 si
2310 4976 2413 5013 non
2439 4961 2497 5013 in
2529 4962 2719 5029 [aciem
2748 4963 2842 5015 tibi
2874 4962 3217 5017 benedixertt.

1960 5132 2201 5203 Didymi.
2246 5134 2536 5190 Sciendum
2590 5144 2668 5191 est
2725 5151 2943 5191 manum
2992 5137 3089 5192 Dei
3136 5153 3258 5194 esse
3288 5141 3475 5195 multi-

1889 5226 2081 5297 plicem
2105 5245 2120 5293 ;
2150 5230 2393 5298 qumdam
2420 5232 2566 5285 enim
2594 5240 2678 5285 est
2708 5233 2933 5296 vindex,
2962 5242 3017 5287 et
3045 5233 3266 5289 ultionis
3293 5235 3474 5289 admi-

1890 5320 2059 5372 nistra
2081 5330 2346 5386 potestas,
2372 5336 2494 5389 quae
2514 5337 2609 5376 vas
2629 5323 2721 5377 ira:
2750 5324 2969 5391 dicitur,
2995 5326 3062 5379 de
3082 5339 3186 5394 qua
3208 5324 3474 5396 scriptum

1889 5422 2005 5465 est:
2043 5410 2236 5468 Manus
2266 5424 2358 5467 tua
2390 5425 2562 5483 gentes
2586 5414 2899 5483 disperdidit
2930 5416 3264 5488 (Psal.xt.ttt,
3288 5417 3357 5485 2,
3382 5418 3471 5483 5);

1890 5504 1994 5557 alia
2027 5520 2154 5559 vero
2202 5517 2444 5576 potestas
2488 5511 2607 5575 ejus
2636 5518 2741 5575 est,
2772 5525 2892 5579 quae
2933 5509 3108 5564 munit
3136 5517 3190 5564 et
3220 5516 3471 5579 protegit,

1888 5596 1954 5648 ad
1988 5610 2148 5662 quam
2185 5598 2313 5651 illud
2338 5599 2592 5667 pertinet,
2627 5598 2896 5653 Formasli
2918 5615 3016 5665 me,
3041 5611 3089 5651 et
3135 5597 3360 5666 posuisti
3379 5614 3471 5651 su-

1887 5700 1979 5752 per
2001 5700 2081 5738 me
2102 5701 2318 5742 manum
2351 5702 2495 5742 tuam
2525 5688 2701 5759 (Psal.
2729 5703 2991 5755 cxxxvttt,
3039 5687 3118 5757 5).
3160 5686 3330 5757 Igitur
3366 5687 3471 5742 hoc

1889 5775 2040 5833 loco:
2069 5775 2225 5834 Mitte
2251 5797 2464 5836 manum
2521 5794 2688 5848 tuam,
2716 5796 2813 5851 pro
2849 5781 2939 5836 illo
2985 5794 3087 5839 est.
3140 5777 3281 5834 male
3315 5778 3467 5832 illum
