4002 6388
607 364 747 420 1123

1838 364 2072 421 DIDYMI
2112 365 2584 424 ALEXANDRINI

3704 374 3823 430 1123

606 494 811 550 acetpe,
844 488 897 535 et
924 477 1115 549 ωσπερ.
1147 478 1324 547 Tange
1364 489 1565 544 autem,
1625 493 1725 550 pro
1777 495 1970 534 manus
1991 480 2170 551 injice,

2278 483 2539 553 καθάψαι,
2570 484 2816 553 ὲπάγαγε
2862 482 3105 564 θλιὸερά.
3172 485 3405 558 Ἔχομεν
3434 485 3491 539 δὲ
3532 486 3625 540 καὶ
3658 488 3823 541 τούτου

605 572 840 638 positum
875 580 960 625 est
990 588 1003 623 :
1038 570 1212 630 illum,
1274 570 1519 637 inquam,
1563 579 1778 633 attere;
1826 570 1953 625 huic
2002 571 2177 624 simile

604 660 732 711 illud
756 668 859 722 est,
895 657 1073 711 Nolite
1103 668 1313 726 tangere
1344 658 1561 711 christos
1581 658 1906 730 meos(Psal.
1932 673 2041 723 CIV,
2062 658 2176 727 15).

604 750 792 817 Neque
826 748 968 803 enim
998 749 1315 819 simpliciter
1352 763 1567 803 omnem
1602 760 1800 804 tactum
1838 750 2064 814 inhibet,
2083 751 2176 804 sed

603 858 725 894 eum
757 842 847 910 qui
900 855 1020 894 cum
1074 841 1294 894 audacia
1346 843 1561 896 sanctis
1590 841 1841 910 injuriam
1882 842 2066 893 infert.
2108 841 2178 893 At

605 930 745 993 vide,
777 947 938 999 quam
1002 932 1361 995 veteratorie,
1420 947 1694 1000 quamque
1748 933 2037 986 simulate:
2069 948 2173 988 non

604 1023 756 1086 dicit,
784 1023 913 1076 mihi
960 1026 1236 1091 permitte,
1286 1026 1378 1076 sed
1431 1034 1485 1076 tu
1549 1022 1747 1088 facito;
1791 1022 2176 1076 imbecillitatis

601 1113 746 1166 enim
775 1129 884 1167 suae
923 1114 1089 1182 probe
1122 1116 1220 1168 sibi
1254 1117 1504 1169 conscius
1550 1125 1655 1177 est,
1698 1117 1791 1169 sed
1821 1124 2000 1167 tamen
2032 1116 2177 1167 insa-

604 1206 708 1267 nit,
738 1218 929 1272 estque
981 1221 1247 1275 arrogans
1293 1215 1347 1258 et
1378 1216 1695 1267 contumax,
1743 1206 1885 1274 quod
1917 1216 2176 1260 extremae

603 1306 680 1349 est
738 1297 1021 1351 'ementiaz.
1064 1296 1143 1349 'l‘u
1179 1312 1311 1350 vero
1343 1298 1472 1350 mibi
1505 1297 1668 1349 aliam
1712 1296 1935 1350 attende
1971 1296 2174 1365 impro-

603 1386 825 1437 bitatem
856 1400 919 1438 ac
945 1385 1263 1438 dialtolicam
1294 1385 1615 1446 caecitatem,
1649 1383 1792 1451 quod
1818 1383 1865 1436 ei
1898 1382 1989 1451 qui
2026 1380 2174 1436 solus

602 1474 777 1528 bonus
825 1482 930 1538 est,
981 1483 1038 1527 ut
1089 1473 1230 1526 male
1271 1482 1473 1542 ageret,
1532 1471 1861 1540 persuadere
1922 1470 2170 1524 voluerit.

601 1563 718 1618 Non
746 1564 937 1618 suﬂicit
983 1576 1161 1618 autem
1218 1564 1398 1618 nimia:
1428 1564 1545 1631 ejus
1602 1561 1927 1624 crudelitati,
1962 1570 2171 1629 partem

601 1657 839 1724 aliquam
866 1656 1201 1709 fortunarqu
1240 1654 1359 1721 ejus
1402 1654 1648 1723 perdere,
1709 1661 1804 1705 aut
1840 1651 2103 1720 quosdam
2136 1664 2168 1705 e

601 1746 787 1800 liberis
820 1746 1153 1811 interimere,
1188 1745 1283 1798 sed
1322 1744 1483 1799 simul
1522 1753 1579 1798 et
1604 1743 1782 1799 subito
1811 1742 1968 1796 bonis
2000 1740 2172 1795 omni-

2279 576 2630 647 παράδειγμα
2654 577 2732 639 τὸ,
2766 576 2863 646 Μὴ
2890 578 3135 646 ἄψησθε
3159 576 3278 632 τῶν
3325 576 3588 648 χριστῶν
3601 598 3731 648 μου.
3761 582 3824 635 υὺ

2279 668 2388 738 γὰρ
2418 668 2513 739 τὴν
2544 668 2720 739 άπλὴν
2743 670 2886 739 ἁφὴν
2916 670 3268 741 ἀπαγορεύει,
3291 670 3424 724 ἀλλὰ
3453 671 3554 737 τὴν
3583 672 3714 725 κατὰ
3734 672 3826 724 τῶν

2279 759 2449 827 ἁγίων
2473 760 2676 831 τόλμαν
2738 762 2829 814 ὲπὶ
2883 761 3143 816 κακώσει,
3181 761 3325 833 Ὅρα
3349 762 3403 814 δὲ
3432 762 3582 826 ὅπως
3617 763 3825 836 πανούρ-

2276 867 2411 919 γως,
2435 850 2528 903 καὶ
2581 849 2699 920 μεθ’
2731 851 3087 922 ὑποκρίσεως,
3112 851 3174 904 οὑ
3226 851 3392 920 λέγει,
3417 851 3499 904 ὅτι
3537 853 3827 924 Ἐπίτρεψίζν

2282 958 2392 1010 μοι,
2448 940 2606 1005 ἀλλὰ,
2663 943 2735 994 Σὺ
2786 943 3031 1013 ποίησον.
3091 941 3304 996 Σὺνοιδε
3358 943 3465 1016 γὰρ
3512 945 3611 1013 τὴν
3660 946 3827 998 ἑαυτοῦ

2278 1030 2582 1096 ἀσθένειαν,
2619 1034 2712 1086 καὶ
2736 1033 2881 1103 ὅμως
2931 1034 3140 1105 μέμηνε
3170 1035 3265 1087 καὶ
3288 1034 3687 1100 ἀλαζονεύεται,
3716 1039 3831 1109 ὅπερ

2276 1125 2375 1194 τῆς
2405 1126 2636 1194 ἐσχάτης
2667 1124 2852 1189 ἀνοίας
2910 1127 3045 1180 ἐστί.
3088 1128 3159 1179 Σὺ
3187 1127 3243 1180 δέ
3269 1146 3359 1198 μοι
3394 1128 3590 1200 θεὼρει
3612 1130 3701 1183 καὶ
3735 1130 3830 1183 ἐτέ-

2279 1231 2379 1285 ραν
2408 1214 2622 1279 κακίαν,
2654 1216 2748 1268 καὶ
2775 1215 3081 1286 τυφλότητα
3108 1216 3438 1288 διαδολικήν,
3462 1218 3547 1271 ὅτι
3580 1218 3670 1270 τὸν
3696 1219 3830 1288 μόνον

2277 1305 2477 1373 ἀγαθὸν
2512 1306 2719 1359 πείθειν
2750 1307 2921 1361 ἐθέλει
2972 1312 3319 1363 κακοποιεῖν-
3379 1309 3526 1361 κατὰ
3578 1309 3758 1380 πολλὴν
3786 1309 3831 1362 δὲ

2275 1397 2392 1449 λίαν
2419 1398 2695 1468 ὡμότητα,
2731 1399 2831 1451 οὐκ
2873 1399 3123 1471 ἀρκεῖται
3155 1401 3319 1472 μέρος
3347 1400 3513 1454 αὐτοῦ
3540 1401 3637 1472 τῆς
3670 1401 3830 1463 οὐσίας

2276 1488 2621 1559 ἀπολέσαι,ἡ
2670 1507 2823 1547 τινας
2881 1490 2989 1543 τῶν
3024 1492 3249 1556 παίδων,
3285 1491 3398 1545 ἀλλ’
3448 1491 3645 1563 ἀθρόον
3694 1491 3831 1544 αὑτὸν

2276 1580 2492 1633 πάντων
2528 1580 2733 1651 ἔρημον
2790 1585 3132 1653 καταστῆσαι
3197 1583 3472 1654 βούλεται·
3506 1584 3589 1636 διὸ
3615 1585 3673 1637 οὐ
3701 1600 3831 1653 μερι-

2265 1671 2405 1734 ’κῶςς
2438 1671 2573 1724 ἀλλά
2604 1672 2905 1734 καθολικῶς
2951 1675 3241 1740 ὲξαιτείται
3273 1676 3361 1729 τὸν
3390 1676 3619 1736 δίκαιον,
3648 1675 3828 1742 λέγων·

2279 1762 2453 1830 "Agam
2486 1760 2727 1815 πάντων
2754 1757 2842 1816 ὧν
2875 1764 3020 1833 ἔχει,
3048 1765 3335 1834 γύμνωσον
3365 1766 3527 1820 αὑτὸν
3557 1767 3728 1835 πάσης
3754 1765 3831 1817 ἁν-

597 1834 698 1888 bus
726 1849 846 1889 eum
873 1850 1070 1890 exuere
1093 1835 1225 1890 vult.
1261 1832 1441 1901 Quare
1481 1849 1584 1887 non
1620 1848 1684 1888 ex
1723 1840 1897 1900 parte,
1928 1831 2022 1886 sed
2049 1845 2170 1886 om-

2275 1852 2553 1925 θρωπίνης
2605 1854 2838 1922 ἐλπίδος,
2889 1831 3030 1909 ἔστω
3054 1831 3286 1927 θλίψεων
3336 1856 3429 1910 καὶ
3452 1857 3666 1929 θρήνων
3690 1831 3832 1908 εἰκὼν

598 1927 727 1980 nino
755 1928 927 1981 virum
988 1927 1193 1996 justum
1223 1925 1457 1996 postulat
1510 1926 1578 1978 ad
1635 1924 1875 1986 ruinam,
1903 1937 2028 1977 cum
2061 1922 2170 1975 ait:

602 2016 779 2085 Tange
802 2020 979 2072 omnia
1004 2034 1122 2087 qua:
1175 2018 1352 2081 habet,
1407 2031 1502 2085 spe
1549 2015 1693 2070 omni
1735 2015 1970 2070 humana
2022 2012 2173 2066 illum

600 2111 823 2178 nudato,
854 2110 1211 2165 acerbitatum
1244 2123 1306 2161 ac
1352 2107 1594 2162 dolorum
1640 2106 1711 2159 sit
1760 2103 2036 2173 exemplar
2061 2104 2175 2159 sin-

600 2222 817 2291 gulare,
854 2231 980 2276 tunc
1004 2221 1146 2275 enim
1174 2218 1316 2273 illius
1352 2218 1491 2287 grati
1526 2216 1690 2270 animi
1723 2215 2043 2286 signiﬁcatio
2074 2214 2174 2269 ad-

601 2316 877 2370 mirationi
925 2316 1049 2379 erit,
1090 2329 1213 2369 cum
1273 2321 1573 2381 temporum
1623 2323 1917 2377 rerumque
1944 2307 2171 2361 inclina-

599 2405 840 2460 tionibus
863 2405 1277 2473 haudquaquam
1303 2401 1520 2471 coargui
1564 2399 1824 2470 potuerit.
1873 2398 1936 2452 Si
1983 2412 2086 2449 non
2113 2397 2168 2449 in

2271 1946 2678 2018 ἀπαράϐλητος.
2727 1949 2860 2002 Τότε
2923 1948 3034 2021 γὰρ
3068 1951 3161 2003 καὶ
3219 1950 3279 2004 τὺ
3306 1950 3629 2021 εὐχάριστον
3671 1947 3831 2001 καὶτὸ

2270 2035 2551 2107 εὔγνωμον
2594 2037 3057 2111 θαυμασθήσεται,
3086 2044 3204 2105 ταῖς
3238 2042 3564 2112 μεταϐολαῖς
3596 2038 3831 2112 μηδαμῶς

2271 2116 2644 2199 ἐλεγχόμενον.
2679 2134 2747 2185 Εἰ
2778 2134 2888 2185 οὐκ
2920 2134 3008 2198 εις
3050 2135 3372 2201 πρόσωπόν
3401 2150 3479 2187 σε
3512 2132 3828 2201 εὐλογήσας

2268 2219 2547 2272 τουτέστιν
2572 2220 2667 2273 ἐὰν
2700 2222 2773 2293 μὴ
2826 2223 2947 2275 τότε
2974 2239 3033 2275 σε
3061 2223 3310 2295 φανερῶς
3350 2223 3729 2296 βλασφημήσῃ,
3752 2223 3830 2275 καὶ

2269 2308 2510 2362 ἐναντίον
2567 2327 2659 2363 σου
2703 2310 3103 2384 θρασυνόμενος
3150 2316 3401 2387 άκονήσει
3447 2317 3549 2386 τὴν
3586 2316 3826 2386 γλῶσσαν,

2270 2399 2365 2452 άτε
2395 2401 2503 2453 τῶν
2529 2404 2822 2473 συμφορῶν
2852 2403 2926 2475 μὴ
2957 2404 3235 2474 βαστάζων
3257 2407 3319 2459 τὸ
3350 2408 3602 2478 μέγεθος.

596 2499 787 2565 [aciem
825 2498 918 2550 tibi
949 2495 1308 2553 benedixerit:
1342 2494 1391 2547 id
1422 2503 1527 2559 est,
1578 2492 1622 2547 si
1651 2507 1755 2545 non
1784 2499 1837 2545 te
1864 2489 2164 2545 maledictis
2202 2489 2378 2557 palam
2444 2501 2570 2548 tunc
2599 2495 2905 2560 incesserit,
2957 2506 3012 2549 et
3079 2498 3303 2552 audacia
3349 2509 3540 2553 contra
3592 2508 3642 2553 te
3678 2497 3826 2553 elatus

595 2588 831 2657 linguam
866 2588 1165 2652 exacuerit,
1198 2586 1396 2655 quippe
1422 2600 1542 2639 cum
1595 2585 1921 2639 calamitatis
1961 2582 2388 2650 magnitudinem
2420 2584 2561 2638 ferre
2596 2601 2699 2639 non
2734 2598 2921 2656 queat.

667 2681 784 2737 Hoc
812 2682 975 2751 igitur
996 2682 1134 2745 loco,
1164 2695 1261 2749 pro
1300 2679 1433 2733 diris
1482 2677 1964 2744 imprecationibus
1990 2685 2041 2729 te
2072 2675 2165 2728 de-

603 2774 838 2839 vovebit,
889 2783 943 2826 ct
1001 2772 1302 2827 maledictis
1328 2781 1707 2840 prosequetur,
1740 2767 2009 2831 diabolus,
2041 2780 2165 2835 spe-

596 2864 800 2918 ciosius
848 2861 1162 2916 vocabulum
1222 2873 1510 2927 usurpans,
1567 2859 1869 2924 benedicet,
1906 2857 2065 2922 dixit,
2103 2869 2170 2911 ne

596 2969 781 3008 vocem
809 2952 1138 3020 asperiorem
1169 2950 1458 3019 proferret,
1517 2957 1573 3003 et
1625 2948 1736 3004 Deo
1766 2949 1996 3017 diceret,
2025 2946 2169 3016 quod

593 3044 761 3098 Jobns
800 3042 899 3112 ipsi
942 3042 1215 3096 adversari
1244 3040 1423 3095 vellet.

677 3137 833 3189 Vsus.
870 3135 953 3188 12.
986 3132 1128 3187 Tunc
1160 3134 1289 3186 dixit
1330 3132 1590 3187 Dominus
1614 3130 1824 3185 diabolo
1847 3145 1866 3183 :
1894 3130 2030 3185 Ecce
2059 3147 2165 3185 om-

594 3231 684 3284 nia
707 3243 1024 3297 qua’cunque
1046 3237 1165 3280 sunt
1188 3228 1256 3291 ei,
1279 3227 1347 3279 do
1372 3226 1427 3278 in
1470 3240 1689 3278 manum
1736 3232 1903 3288 tuam,
1931 3223 2023 3277 sed
2052 3238 2171 3276 eum

593 3339 659 3375 ne
678 3321 923 3389 tetigeris.

662 3413 898 3482 Didymi.
931 3410 1062 3466 Illud
1085 3412 1248 3475 enim,
1274 3409 1410 3465 Ecce
1447 3412 1505 3465 iu
1542 3425 1757 3463 manum
1786 3419 1932 3463 tuam
1958 3412 2027 3465 do
2058 3426 2171 3464 om-

595 3504 710 3566 nia,
736 3516 961 3571 prorsus
985 3503 1296 3572 persuadet,
1336 3505 1453 3558 sine
1478 3505 1572 3559 Dei
1625 3502 1888 3573 permissu
1921 3519 1950 3557 a
1984 3501 2171 3556 diabo-

600 3595 652 3646 lo
680 3593 872 3647 tentari
909 3594 1212 3647 neminem:
1262 3603 1324 3648 ut
1358 3606 1540 3649 autem
1577 3597 1835 3659 sciamus,
1864 3594 1965 3662 ipsi
2001 3593 2167 3647 etiam

593 3682 939 3751 permissioni
955 3686 1115 3737 statui
1132 3686 1371 3750 modum,
1388 3687 1558 3751 addit,
1577 3684 1679 3740 Sed
1691 3701 1809 3739 eum
1830 3701 1892 3738 ne
1909 3684 2167 3752 attigeris.

604 3775 759 3829 Unde
791 3774 1006 3842 planum
1050 3785 1155 3837 est,
1214 3790 1319 3829 uou
1371 3776 1504 3843 fato,
1560 3777 1644 3832 vel
1669 3792 1819 3845 casu,
1858 3779 1954 3833 sed
1987 3776 2168 3833 divina

595 3866 954 3938 permissione
982 3864 1315 3922 calamitates
1344 3869 1611 3924 accidere.

668 4148 734 4201 Et
771 4163 1007 4218 egressus
1034 4158 1108 4202 est
1140 4148 1381 4202 diabolus
1404 4167 1434 4201 a
1457 4147 1705 4204 Domino.

667 4241 743 4294 Ex
771 4242 1127 4310 quorumdam
1182 4241 1474 4305 sententia,
1513 4240 1614 4294 nisi
1653 4248 1804 4293 extra
1840 4237 2007 4293 Deum
2032 4237 2167 4291 l'uis-

594 4344 675 4389 set
699 4332 965 4398 diabolus,
1000 4341 1188 4385 contra
1245 4330 1438 4384 Jobum
1491 4330 1624 4384 nihil
1677 4339 1930 4396 operatus
1953 4328 2163 4383 fuisset.

2342 2676 2635 2730 Κάνταῦθα
2698 2679 2897 2743 τοίνυν,
2942 2680 3060 2733 ἀντὶ
3112 2680 3236 2745 τοῦ,
3303 2682 3691 2753 καταράσεται,
3749 2676 3826 2734 καί

2269 2762 2649 2838 βλασφημήσῃ
2697 2786 2773 2833 σε,
2829 2770 2857 2821 ὁ
2884 2768 3128 2833 διάϐολος
3173 2766 3314 2835 εἷπε,
3359 2772 3437 2843 τῷ
3497 2771 3827 2843 εὐφημοτῲῳ

2267 2861 2610 2927 χρησάμενος
2637 2860 2882 2929 ὀνόματι,
2936 2860 3083 2924 ὅπως
3116 2859 3189 2932 μὴ
3218 2861 3352 2932 πρὸς
3376 2862 3510 2916 Θεὸν
3544 2865 3639 2934 τὴν
3660 2879 3826 2934 τραχυ-

2269 2947 2431 3018 τέραν
2459 2950 2855 3019 προενέγκηται
2891 2949 3056 3015 λέξιν,
3100 2950 3233 3021 μηδὲ
3257 2952 3392 3022 ἐρεῖ,
3417 2954 3499 3007 ὅτι
3525 2952 3585 3019 ἐξ
3604 2953 3824 3014 ἐναντίας

2272 3039 2337 3093 ἄν
2368 3057 2448 3093 σοι
2476 3041 2594 3114 ἔσῃ,
2618 3042 2696 3112 τῷ
2722 3041 2859 3112 Θεῷ.

2343 3134 2433 3187 Στ.
2468 3134 2554 3203 ιβ’.
2591 3136 2728 3187 Τότε
2754 3131 2922 3187 εἶπεν
2955 3138 2988 3188 ὀ
3023 3136 3235 3202 Κύριος
3269 3135 3344 3201 τῷ
3368 3136 3624 3202 διαϐόλῳ
3647 3154 3661 3167 ·
3702 3133 3824 3189 Ἰδοὺ

2272 3227 2466 3281 πάντα
2492 3227 2609 3280 ὅσα
2655 3227 2780 3297 ἔχει
2811 3227 3015 3297 δίδωμι
3045 3228 3115 3283 ἐν
3135 3229 3211 3297 τῇ
3234 3232 3387 3299 χειρί
3409 3245 3549 3295 σου,
3577 3228 3708 3284 ἀλλ’
3739 3229 3826 3281 αὺ-

2271 3319 2375 3373 τοῦ
2393 3321 2480 3388 μὴ
2512 3319 2660 3389 ἅψῃ.
3022 3356 3025 3359 »

2342 3410 2617 3480 Διδύμου.
2649 3412 2722 3465 Τὸ
2770 3413 2897 3483 γὰρ,
2944 3412 3099 3467 Ἰδοὺ
3149 3412 3376 3467 δέδωκα
3422 3413 3620 3468 πάντα
3667 3414 3731 3466 ἐν·
3763 3408 3824 3475 τ’ὶῖ

2269 3504 2423 3569 χειρί
2452 3517 2590 3567 σου,
2625 3505 3033 3575 παραστατικὸν
3094 3504 3325 3558 ὲστιτοῦ
3387 3506 3461 3576 μὴ
3503 3506 3668 3576 χωρὶς
3698 3500 3823 3562 θείας

2272 3592 2674 3662 συγχωρήσεως
2734 3594 3060 3647 ὑποπίπτειν
3096 3595 3219 3648 τινὰ
3266 3600 3609 3667 πειρασμοῖς.
3644 3597 3749 3647 Ἵνα
3775 3590 3821 3643 δὲ

2272 3682 2504 3750 φανερὸν
2556 3682 2804 3753 γένηται,
2850 3685 2929 3736 δτι
2987 3684 3169 3755 μέτρῳ
3221 3687 3315 3738 καὶ
3359 3685 3457 3756 τὴν
3506 3684 3821 3755 συγχώρησιν

2270 3776 2525 3836 ποιεῖται,
2561 3775 2830 3843 ἐπιφέρει,
2871 3775 3025 3828 Ἀλλ’
3046 3775 3232 3829 αὑτοῦ
3256 3774 3342 3845 μὴ
3377 3775 3527 3844 ἅψῃ.
3561 3777 3714 3830 Ὅθεν
3741 3773 3821 3840 δῆ-

2269 3863 2380 3924 λον,
2414 3864 2495 3916 ὅτι
2526 3862 2651 3916 οὔτε
2701 3865 3009 3936 εἱμαρμένῃ
3059 3867 3114 3919 αἱ
3155 3866 3500 3935 περιστάσεις
3528 3866 3823 3936 συμϐαίνου·

2272 3971 2377 4016 σιν,
2410 3953 2522 4007 οὒτ’
2571 3958 2635 4008 ὲκ
2685 3956 3050 4027 ταυτομάτου,
3112 3955 3225 4011 ἀλλ’
3271 3959 3336 4011 ἐκ
3386 3957 3521 4011 Θεοῦ
3566 3955 3821 4028 συγχωρή-

2272 4063 2427 4101 σεως.

2391 4138 2501 4191 Καὶ
2529 4137 2788 4206 ἐξῆλθεν
2815 4141 2848 4191 ό
2877 4138 3159 4205 διάϐολος
3188 4139 3347 4209 παρὰ
3367 4140 3473 4193 τοῦ
3499 4141 3731 4208 Krplcv.

2338 4228 2495 4281 Κατὰ
2529 4228 2586 4281 δέ
2632 4246 2804 4292 τινας,
2856 4230 2907 4281 εί
2942 4229 3016 4300 μὴ
3042 4230 3147 4297 ἔξω
3173 4230 3362 4299 γέγονε
3399 4230 3494 4282 τοῦ
3525 4231 3655 4283 (τι)εοῦ
3677 4233 3701 4282 ὁ
3722 4226 3817 4279 διά-

2270 4317 2442 4380 ϐολος,
2474 4319 2574 4371 οὐκ
2607 4318 2672 4371 ἂν
2721 4320 2992 4389 ἐνήργησε
3018 4320 3086 4373 τὰ
3124 4320 3263 4374 κατὰ
3284 4320 3378 4373 τοῦ
3426 4320 3567 4374 Ἰώεῖ.
3594 4316 3819 4389 Κυριολε-

595 4436 673 4478 Ac
703 4424 766 4478 de
790 4423 1002 4477 diabolo
1029 4423 1203 4492 magis
1237 4423 1453 4492 proprie
1472 4436 1634 4490 quam
1657 4420 1724 4473 de
1743 4418 1912 4474 Caino
1936 4420 2161 4473 dicitur:

2272 4412 2478 4462 κτεῖται
2527 4410 2584 4462 δὲ
2643 4409 2736 4462 ἐπὶ
2787 4409 2976 4462 τούτου
3011 4410 3209 4480 μᾶλλον
3251 4411 3283 4481 ἢ
3342 4411 3434 4463 ἐπὶ
3475 4411 3570 4463 τοῦ
3599 4411 3728 4465 Καῖν
3751 4405 3815 4458 τό’

595 4518 852 4587 Egressus
881 4525 955 4569 est
983 4534 1013 4568 a
1044 4516 1179 4584 [acie
1213 4514 1425 4568 Domini
1451 4510 1609 4582 (Gen.
1645 4527 1718 4577 tv,
1752 4510 1861 4581 16),
1899 4511 2042 4579 quod
2081 4510 2162 4563 iu-

595 4611 710 4664 uuit
738 4625 859 4663 eum
887 4608 1092 4662 visione
1122 4608 1213 4662 Dei
1258 4623 1362 4660 non
1403 4605 1504 4659 frui
1531 4622 1545 4671 ;
1579 4620 1643 4659 ex
1676 4616 1861 4656 eorum
1892 4602 2033 4655 enim
2068 4616 2168 4654 nu-

596 4715 745 4753 mero
777 4699 972 4767 estqui
1006 4699 1150 4753 foras
1201 4697 1578 4762 excluduntur,
1618 4696 1742 4749 licet
1788 4708 1893 4747 una
1940 4707 2063 4747 cum
2099 4692 2166 4747 iis

595 4790 683 4858 qui
722 4789 829 4844 Deo
853 4791 1132 4852 assistunt,
1162 4788 1345 4852 specie
1373 4788 1604 4857 quadam
1630 4786 1861 4841 venerit.

668 4878 831 4934 Vsus.
872 4878 958 4933 1⁸5.
1004 4878 1068 4931 Et
1107 4891 1215 4933 erat
1240 4880 1371 4932 sicut
1405 4880 1514 4932 dies
1540 4878 1671 4931 haec.

670 4970 901 5039 Didymi.
945 4969 1351 5039 Consequenter
1391 4970 1607 5038 quidem
1635 4969 1765 5032 diei,
1788 4978 1845 5022 et
1870 4967 2163 5022 liberorum

595 5076 882 5114 i-onsessus
912 5062 1177 5127 meminit,
1237 5071 1296 5114 ut
1348 5061 1451 5116 hac
1476 5062 1685 5115 ratione
1715 5060 1929 5114 illorum
1962 5059 2165 5121 obitus,

595 5152 884 5219 quisubito
916 5153 1074 5208 unius
1130 5152 1391 5221 temporis
1436 5163 1734 5217 momento,
1777 5152 1973 5206 aedium
2010 5150 2165 5203 ruina

595 5241 845 5295 exstincti
867 5252 1012 5303 sunt,
1040 5241 1143 5295 lide
1171 5256 1276 5295 non
1303 5255 1533 5299 careret.

671 5331 832 5387 Vsus.
875 5334 964 5387 Μ.
1003 5332 1069 5385 Et
1112 5349 1226 5387 ecce
1276 5333 1490 5387 nuntius
1544 5335 1680 5387 venit
1728 5334 1797 5387 ad
1851 5331 2066 5397 Jobum,
2117 5341 2168 5385 et

596 5425 731 5478 dixit
764 5425 834 5489 ei,
860 5434 971 5479 etc.

667 5514 902 5584 Didymi.
934 5515 1413 5570 Auitnadversione
1476 5518 1693 5586 dignum
1735 5526 1838 5579 est.
1901 5518 2165 5583 quemad-

597 5611 837 5671 modum,
888 5624 1008 5678 quaa
1067 5609 1245 5663 subito
1288 5608 1576 5677 contigisse
1631 5608 1877 5660 nuntiata
1917 5616 2063 5673 sunt,
2102 5622 2169 5660 ex

598 5703 712 5768 ipsa
737 5701 993 5755 relatione
1020 5701 1274 5757 acerbum
1303 5701 1356 5755 in
1388 5715 1447 5755 se
1474 5700 1809 5763 contineant,
1837 5709 1892 5753 et
1928 5701 1994 5751 ad
2016 5714 2169 5751 smu-

598 5806 740 5846 mam
770 5792 1039 5847 tristitiam
1077 5791 1355 5850 inclinent.
1395 5790 1618 5856 Verum,
1662 5790 1763 5846 etsi
1808 5798 2030 5860 propter
2072 5804 2166 5844 su-

2282 4500 2569 4570 ‘Eifﬁlﬂer
2622 4502 2740 4556 ἀπὸ
2791 4500 3113 4569 προσώπου
3181 4504 3399 4571 Κυρίου
3428 4519 3441 4533 ο
3504 4503 3533 4555 ὃ
3600 4501 3735 4570 δηλοί
3772 4495 3818 4547 τὺ

2268 4594 2609 4663 άφάνταστον
2640 4592 2734 4646 τοῦ
2758 4593 2892 4647 Θεοῦ
2926 4589 3064 4646 εἶναι
3096 4594 3274 4647 αὐτόν.
3305 4591 3471 4658 Οὗτος
3499 4596 3608 4666 γάρ
3635 4593 3715 4646 ἀεὶ
3731 4586 3817 4641 τῶν

2269 4689 2374 4753 ἔξω
2397 4689 2675 4759 τυγχάνει,
2730 4691 2783 4741 εί
2835 4689 2931 4740 καὶ
2987 4690 3368 4762 προσποιητιῖλς
3393 4686 3522 4761 ἦλθε
3556 4688 3690 4761 μετὰ
3728 4681 3817 4736 τῶν

2270 4780 2633 4851 παραστατῶν
2665 4780 2758 4833 τοῦ
2783 4778 2938 4832 Θεοῦ.

2338 4874 2429 4925 Στ.
2474 4870 2560 4939 ιγ’.
2586 4871 2693 4925 Καὶ
2718 4867 2798 4941 ἦν
2820 4871 2900 4936 ὡς
2932 4871 2970 4938 ἡ
2995 4870 3184 4940 ἡμέρα
3202 4871 3374 4938 αὕτη.

2342 4963 2623 5032 Διδύμου.
2664 4962 2998 5026 Ἀκολούθως
3018 4963 3228 5033 καὶτῆς
3260 4962 3472 5034 ἡμέρας
3496 4978 3599 5032 μνη
3610 4955 3816 5030 μονεύει,

2270 5054 2483 5124 καὶτῆς
2512 5055 2877 5119 συνελεύσεως
2906 5055 3016 5107 τῶν
3069 5054 3297 5115 τέκνων,
3363 5054 3449 5108 ἴνα
3498 5053 3638 5105 οὕτω
3669 5047 3753 5102 καὶ
3770 5043 3819 5093 τὺ

2267 5145 2363 5199 τοῦ
2390 5145 2620 5200 θανάτου
2649 5146 2828 5199 αὐτῶν
2876 5147 3104 5217 γένηται
3148 5146 3358 5208 πιστὸν,
3397 5144 3606 5216 ἀθρόως
3633 5141 3716 5209 ὑφ’
3740 5136 3819 5189 ἕνα

2270 5239 2461 5310 καιρὸν
2489 5238 2593 5290 ὑπὸ
2620 5238 2719 5308 τὴν
2749 5237 2959 5289 πτῶσιν
2983 5238 3083 5308 τῆς
3108 5236 3284 5298 οἰκίας
3304 5236 3695 5289 ἀποθανόντων.

2342 5329 2432 5380 Στ.
2468 5328 2546 5381 ιδ’.
2600 5326 2711 5383 Καὶ
2744 5326 2872 5380 ἰδοὺ
2913 5326 3168 5396 ἄγγελος
3191 5322 3338 5397 ἦλθε
3373 5326 3519 5394 πρὸς
3559 5324 3691 5385 Ἰὼϐ,
3734 5315 3814 5372 καὶ

2271 5419 2439 5471 εἶπεν
2460 5417 2640 5484 αὐτῷ,
2663 5434 2717 5471 κ.
2747 5434 2797 5469 τ.
2823 5416 2874 5470 λ.

2341 5508 2619 5577 Διδύμου.
2658 5509 2956 5562 Κατανοεῖν
2984 5507 3041 5561 δὲ
3066 5508 3234 5572 ἄξιον,
3267 5510 3416 5573 ὅπως
3444 5508 3514 5562 τὰ
3539 5512 3632 5579 τῆς
3658 5518 3816 5567 απαγ-

2271 5600 2455 5669 γελίας
2516 5598 2729 5669 ἀθρόως
2762 5598 3122 5668 γεγενημένα,
3170 5599 3265 5651 καὶ
3310 5598 3374 5651 ἐκ
3403 5600 3499 5669 τῆς
3543 5598 3811 5666 διηγήσεως

2270 5692 2383 5763 ἔχει
2410 5690 2470 5744 τὸ
2497 5691 2656 5761 βαρὺ,
2679 5690 2773 5742 καὶ
2800 5691 2861 5742 τὸ
2888 5689 3025 5759 πρὸς
3051 5689 3227 5759 λύπην
3244 5679 3813 5759 ὑπερδέιλλουσανὲπιρσ

2277 5783 2459 5846 ὁεπὲς.
2502 5781 2638 5833 Ἀλλ’
2664 5783 2711 5834 εί
2755 5782 2849 5834 καὶ
2887 5780 3048 5834 ἱκανά
3074 5776 3141 5851 ἦν
3162 5780 3415 5852 ταράξαι,
3449 5780 3539 5834 διὰ
3565 5779 3621 5831 τὸ
3642 5770 3811 5841 ἀθρόον
