4002 6402
314 337 451 391 ιιι.)

1585 347 2017 409 FRAGMENTA
2054 352 2124 409 IN
2161 351 2303 411 JOB.

3440 369 3577 424 H26

311 456 405 509 τοῦ
434 456 693 526 χαλεποῦ,
742 459 892 529 ὅμως
914 459 1013 516 ούκ
1042 462 1314 536 ἐταράχθη
1356 465 1384 517 6
1410 464 1633 533 δίκαιος.
1664 471 1871 545 Εἵρητα

2002 475 2175 530 bitum
2208 479 2767 546 casum,-perturbare
2788 480 2906 537 Jobi
2941 492 3171 540 mentem
3204 486 3316 542 haec
3340 488 3454 558 ipsa
3487 509 3581 558 po-

308 545 440 612 γοῦν
476 548 533 599 ἐν
553 549 633 601 ἐνὶ
654 548 760 602 τῶν
782 549 1010 620 ψαλμῶν
1041 554 1167 623 περὶ
1192 552 1284 606 τοῦ
1309 554 1466 622 ἁγίου
1489 572 1501 586 ⁸
1541 558 1594 609 Ἀ
1605 558 1681 611 πὸ
1707 561 1897 630 ἀκοῆς

308 635 577 704 πονηρᾶς
606 640 678 691 οὐ
708 638 1131 708 φοϐηθήσεται.

379 815 470 867 Στ.
516 823 611 880 ις’.
658 818 778 871 Ἔτι
803 820 1018 876 τούτου
1071 825 1431 890 λαλοῦντος,
1476 824 1664 895 ἦλθεν
1696 828 1896 898 ἕτερος

306 906 589 975 ἄγγελος,
621 908 717 961 καὶ
742 907 872 964 εἷπε
910 914 1059 979 πρὸς
1098 914 1243 977 Ἰὼϐ,
1279 917 1407 983 Πῦρ
1431 917 1650 972 ἔπεσεν
1690 920 1759 973 ἐκ
1788 922 1893 974 τοῦ

306 1000 586 1068 οὐρανοῦ,
635 1002 733 1053 καὶ
787 1004 1122 1059 κατέκαυσε
1179 1007 1252 1060 τὰ
1309 1010 1593 1076 πρόϐατα,
1628 1010 1894 1078 καὶτοὺς

305 1099 592 1167 ποιμένας
642 1099 977 1170 κατέφαγεν
1002 1105 1235 1172 ὁμοίως,
1282 1105 1380 1158 καὶ
1408 1107 1624 1173 σωθεὶς
1649 1108 1764 1176 ἐγὼ
1778 1110 1891 1178 μό-

304 1208 431 1256 νος,
458 1188 649 1261 ἦλθον
676 1192 784 1246 τοῦ
821 1195 1179 1265 ἀπαγγεῖλαί
1217 1214 1337 1251 σοι.

374 1280 651 1348 Διδύμου.
701 1284 775 1336 Οὐ
805 1283 915 1356 γὰρ
945 1285 1189 1350 διάϐολος
1221 1287 1470 1354 ἐξουσίαν
1516 1290 1648 1361 ἔχει,
1684 1290 1795 1364 πῦρ
1830 1292 1891 1359 ἐξ

302 1371 532 1443 ούρανοῦ
563 1381 918 1446 καταγαγεῖν,
956 1379 1092 1433 ἀλλὰ
1125 1380 1246 1453 θείᾳ
1278 1382 1457 1454 κρίσει
1481 1387 1638 1439 τοῦτο
1664 1387 1891 1457 γεγένη-

301 1482 410 1530 ται,
470 1468 619 1531 ὅπως
657 1474 984 1543 παραστήσῃ
1030 1472 1107 1542 τῷ
1152 1475 1368 1547 Σατανᾷ
1400 1477 1429 1527 ὁ
1461 1477 1709 1542 δεδωκὼς
1740 1479 1889 1550 αύτῴ

300 1556 397 1627 τὴν
454 1558 701 1624 ἐξουσίαν
730 1562 838 1615 τῶν
866 1562 961 1616 τοῦ
1004 1563 1123 1616 Ἰὼϐ
1172 1564 1325 1629 Θεὸς,
1365 1567 1447 1621 ὅτι
1487 1569 1605 1622 οὐδέ
1631 1570 1783 1639 μέλει
1810 1569 1889 1640 τῷ

303 1649 556 1719 μακαρίῳ
584 1650 692 1703 τῶν
721 1652 1098 1724 ἀνθρωπίνων,
1142 1654 1243 1708 κᾶν
1273 1656 1472 1722 πολλὰς
1505 1658 1681 1734 πλέκῃ
1709 1678 1888 1732 μηχα-

299 1738 415 1801 νάς.
453 1741 709 1810 Καίτοιγε
741 1744 790 1795 εἱ
824 1745 918 1797 καὶ¹
939 1744 1008 1797 τὰ
1030 1745 1279 1816 δόγματα
1305 1750 1403 1820 τῆς
1437 1750 1696 1818 ἀληθείας
1725 1755 1887 1824 ἠκρι-

299 1828 490 1894 ϐωκὼς
516 1835 543 1884 6
570 1831 724 1901 ἅγιος
772 1835 1090 1904 ἐγίνωσκεν,
1139 1839 1215 1903 ὡς
1264 1842 1365 1893 οὐκ
1396 1841 1524 1895 ἄνευ
1547 1843 1682 1897 Θεοῦ
1726 1846 1888 1916 ἡτῶν
1923 1844 1967 1899 Β

298 1923 619 1992 πειρασμῶν
654 1927 924 1999 ἐπιτροπὴ
957 1928 1202 1996 γέγονεν,
1253 1932 1369 1985 ἀλλ’
1402 1934 1587 1988 ἱκανὸν
1624 1932 1692 2007 ἦν
1720 1939 1781 1989 τὸ
1809 1956 1893 2007 γι-

296 2011 520 2080 νόμενον
551 2015 814 2087 μεγίστην
838 2018 986 2088 αὑτῷ
1009 2021 1197 2092 φέρειν
1223 2022 1422 2094 λύπην,
1449 2024 1536 2077 διὰ
1561 2028 1686 2090 τοὺς
1725 2045 1889 2082 σκαν-

293 2101 693 2176 δαλιζομένους,
727 2111 802 2173 ὡς
832 2112 927 2164 καὶ
958 2113 1093 2166 Θεοῦ
1120 2116 1240 2167 κατ’
1267 2117 1432 2170 αὐτοῦ
1468 2118 1790 2189 χωροῦντος.
1819 2121 1892 2175 Τὸ

292 2195 402 2266 γάρ
433 2199 562 2261 τοὺς
596 2202 1100 2271 αἰχμαλωτίζοντας
1136 2206 1478 2273 ἐπελθόντας,
1520 2210 1587 2263 τὰ
1627 2212 1724 2280 μὲν
1758 2214 1890 2282 κτή-

291 2300 355 2354 νη
387 2287 681 2352 ἀπελάσαι,
726 2292 854 2354 τοὺς
902 2292 958 2345 δὲ
1009 2295 1203 2359 παῖδας
1238 2298 1570 2366 ἀποσφάξαι,
1626 2300 1889 2369 ἠδύναντο

290 2374 609 2443 λογίσασθαι
647 2382 695 2433 οἱ
722 2383 1100 2457 άπλούστεροι,
1153 2387 1233 2439 ὅτι
1269 2388 1418 2459 νόμῳ
1452 2390 1712 2460 πολέμου,
1771 2393 1897 2451 ἀλλ’,

288 2467 390 2519 οὐκ
420 2468 526 2524 ἀπὸ
555 2468 688 2523 Θεοῦ
713 2472 936 2540 γέγονεν
959 2491 973 2505 °
1003 2476 1091 2528 ὅτε
1123 2475 1180 2528 δέ
1211 2475 1324 2549 πῦρ
1351 2479 1692 2550 ἀπήγγελται
1715 2484 1885 2553 οὐρα·

288 2558 441 2611 νὸθεν
473 2560 752 2623 κατελθὸν,
813 2563 930 2628 δέος
963 2560 1030 2636 ἦν
1060 2568 1134 2638 μή
1167 2585 1252 2631 τις
1284 2568 1564 2641 λογίζηται
1596 2571 1704 2624 τῶν
1726 2573 1887 2627 ἀσθε-

288 2647 416 2709 νῶν,
450 2649 526 2712 ὡς
567 2651 716 2706 ούδέν
764 2652 1075 2724 θαυμαστὸν
1106 2659 1138 2727 ἠ
1177 2657 1365 2729 ἀρετὴ,
1422 2658 1518 2711 καὶ
1552 2661 1700 2731 παρὰ
1749 2661 1883 2716 Θεοῦ

286 2743 697 2812 τιμωρουμένου
727 2745 818 2798 τοῦ
856 2746 1057 2817 ταύτην
1082 2747 1316 2818 ἔχοντος.
1358 2751 1517 2805 Ἀλλά
1572 2755 1667 2806 καὶ
1691 2755 1882 2809 τούτου

288 2832 610 2900 συμϐάντος,
653 2838 681 2889 ὀ
715 2838 867 2906 ἆγιος
915 2842 1017 2894 ούκ
1042 2841 1289 2897 ὤκλασεν
1315 2861 1329 2874 °
1370 2845 1491 2899 ὅθεν
1519 2846 1657 2917 πρὸς
1692 2848 1752 2901 τὸ
1784 2850 1882 2901 ἀν-

286 2921 493 2976 ένδοτον
511 2927 605 2978 τοῦ
632 2928 863 3000 ἀθλητοῦ
895 2932 1267 3003 ἐναργέστατα
1310 2935 1524 3006 εἴρηται
1555 2936 1655 3009 [ῖσ.
1690 2938 1882 3010 δηλοῦ-

289 3012 435 3085 σθαι]
465 3016 545 3078 τὸ,
571 3017 699 3071 Ὅτε
728 3012 883 3084 οὗτος
906 3021 1106 3086 ἐλάλει,
1129 3026 1224 3077 καὶ
1249 3019 1403 3089 οὗτος
1426 3022 1610 3097 ἦλθεν.
1639 3029 1755 3081 Ἵνα
1774 3029 1883 3100 γὰρ

288 3106 558 3176 μηδεμίαν
610 3110 715 3163 τῶν
768 3114 944 3166 πόνων
1008 3116 1291 3187 ἀναψυχὴν
1352 3117 1429 3188 τῷ
1484 3119 1756 3191 παλαιστῇ
1784 3121 1876 3191 δῷ,

285 3197 421 3251 ἀλλὰ
441 3199 518 3270 τῷ
550 3205 764 3273 συνεχεῖ
803 3205 902 3275 τῆς
932 3206 1193 3275 ἀγγελίας
1250 3209 1464 3281 ταράξῃ
1521 3210 1612 3263 τὸν
1642 3211 1871 3276 δίκαιον,
1903 3204 1945 3260 C

285 3288 379 3340 καὶ
412 3291 662 3363 καθάπερ
695 3296 847 3361 ναῦν,
896 3298 971 3368 τῷ
1001 3299 1288 3371 ἐπαλλήλῳ
1315 3301 1419 3355 τῶν
1457 3304 1713 3373 κυμάτων
1744 3306 1876 3358 ὑπο-

281 3379 503 3450 ϐρύχιον
555 3386 806 3451 γενέσθαι
852 3392 1247 3465 παρασκευάσῃ
1278 3396 1390 3457 τοῖς
1428 3394 1644 3457 πάθεσι,
1694 3398 1875 3451 πυκνὰ

281 3474 401 3523 κατ’
433 3475 597 3528 αὑτοῦ
657 3478 865 3550 πέμπει
919 3482 988 3535 τὰ
1024 3484 1197 3553 πικρὰ.
1251 3485 1379 3554 βέλη
1415 3486 1522 3539 τῶν
1559 3489 1877 3560 συμφορῶν.

282 3563 455 3628 Λύτὸς
482 3569 510 3619 6
534 3569 643 3620 τῶν
672 3573 859 3626 κακῶν
897 3574 1155 3646 ἐργάτης,
1188 3577 1352 3641 αὐτὸς
1378 3578 1405 3629 ὀ
1438 3578 1685 3646 ἄγγελος,
1715 3580 1879 3645 αύτὸς

281 3652 481 3727 ἔπληξε
519 3658 589 3712 τὰ
612 3662 806 3733 κτήνη,
839 3665 933 3717 καὶ
962 3665 1124 3730 αὐτὸς
1153 3668 1488 3735 ἀπαγγέλλει
1516 3669 1614 3740 τὴν
1641 3670 1873 3741 πληγὴν,

282 3748 376 3800 καὶ
407 3751 609 3822 ταύτην
638 3755 779 3809 κατά
816 3757 915 3828 τὴν
948 3757 1248 3829 συνέχειαν,
1285 3760 1371 3813 ἵνα
1404 3761 1538 3831 μηδέ
1561 3762 1876 3836 ἀναπνεύσῃ

278 3838 309 3890 ὁ
341 3840 575 3897 ἀκούων.

2006 575 2204 631 terant,
2264 581 2602 637 nequaquam
2655 581 2836 626 tamen
2894 572 3101 641 justum
3156 590 3576 646 permoverunt;

2004 660 2263 726 scriptum
2294 662 2437 715 enim
2463 672 2546 717 est
2575 663 2769 719 alicubi
2797 667 2851 721 in
2882 668 3113 724 Psalmis
3141 672 3207 726 de
3236 684 3428 731 sancto
3462 694 3476 731 :
3502 678 3579 732 Ab

2001 749 2281 823 auditione
2306 752 2447 804 mala
2477 770 2581 807 non
2615 755 2810 809 timebit
2848 756 3025 829 (Psal.
3060 775 3190 827 cm,
3219 762 3293 833 7).

2080 840 2239 896 Vens.
2280 842 2364 898 16.
2406 844 2592 899 Adhuc
2613 848 2714 901 isto
2731 848 2988 918 loquente,
3012 855 3145 908 venit
3175 856 3313 911 alius
3342 861 3577 925 nuntius,

2000 942 2046 983 et
2083 934 2216 986 dixit
2247 935 2316 987 ad
2345 935 2537 990 Jobum
2569 954 2586 991 :
2617 937 2763 1008 Ignis
2783 943 2972 995 cecidit
2999 944 3064 997 de
3104 947 3252 1012 melo,
3277 960 3323 1000 et
3341 951 3580 1003 combus-

1999 1023 2064 1076 sit
2092 1040 2229 1089 oves,
2252 1035 2299 1078 et
2325 1038 2558 1093 pastores
2607 1032 2866 1086 devoravit
2919 1037 3187 1104 similiter,
3247 1050 3295 1093 et
3347 1041 3580 1097 salvatus

1997 1131 2091 1186 ego
2114 1117 2281 1183 salus,
2302 1120 2413 1173 veni
2446 1132 2500 1175 ut
2531 1108 2899 1180 annuntiarem
2932 1128 3046 1182 tibi.

2072 1314 2307 1386 Didymi.
2343 1317 2452 1375 Nec
2476 1321 2618 1374 enim
2644 1332 2854 1391 poterat
2903 1327 3148 1385 diabolus
3182 1349 3357 1404 ignem
3380 1352 3411 1392 e
3440 1340 3578 1394 caelo

2001 1405 2289 1472 deducere,
2348 1424 2537 1465 verum
2598 1414 2691 1468 [)ci
2742 1416 2948 1485 judicio
3011 1421 3114 1476 hoc
3148 1423 3345 1481 factum
3383 1440 3489 1493 est,
3517 1446 3580 1487 ut

1998 1497 2212 1554 Satanae
2263 1504 2597 1572 ostenderet,
2630 1508 2720 1574 qui
2753 1520 3076 1577 potestatem
3112 1515 3165 1570 in
3197 1516 3315 1573 Jobi
3345 1520 3575 1579 faculta-

1996 1594 2078 1642 tes
2100 1588 2149 1640 ei
2175 1602 2539 1660 concesserat,
2581 1596 2739 1652 beato
2779 1600 2895 1655 viro
2953 1604 3200 1659 mortalia
3237 1618 3293 1662 et
3322 1611 3567 1697 ‘humana

1994 1678 2109 1734 hazc
2144 1683 2294 1736 cordi
2323 1699 2428 1737 non
2485 1700 2628 1754 esse,
2670 1696 3014 1759 quantumvis
3040 1700 3234 1753 multas
3296 1678 3575 1761 machinas

1994 1770 2095 1841 ipsi
2155 1774 2487 1830 admoveret.
2522 1778 2675 1835 Licet
2712 1784 2855 1837 enim
2905 1798 3129 1845 sanctus
3166 1793 3451 1864 diligenter
3513 1800 3569 1853 in

1992 1862 2236 1917 veritatis
2291 1866 2629 1933 dogmatibus
2660 1884 2926 1939 versatus,
2975 1877 3093 1934 sine
3144 1881 3235 1937 Dei
3268 1862 3568 1953 permissu,

1994 1960 2237 2013 tentandi
2271 1962 2483 2017 veniam
2522 1965 2741 2020 minime
2766 1970 3010 2035 concedi,
3037 1983 3187 2029 certo
3211 1976 3565 2050 intelligeret;

1993 2060 2215 2117 propter
2249 2064 2343 2105 eos
2378 2061 2556 2109 tamen
2593 2059 2684 2124 qui
2715 2061 3246 2131 scandalizabantur,
3273 2084 3336 2125 ac
3359 2073 3401 2126 si
3433 2074 3573 2129 Deus

1994 2137 2174 2206 ipsum
2230 2140 2505 2198 hostiliter
2538 2145 2762 2202 adortus
2796 2147 3007 2217 fuisset,
3056 2170 3162 2209 non
3202 2156 3371 2214 levem
3394 2161 3441 2215 ei
3475 2163 3573 2218 do-

1992 2226 2160 2282 lorem
2188 2232 2391 2297 attulit,
2422 2233 2473 2287 id
2507 2238 2650 2304 quod
2682 2252 2956 2295 evenerat.
3030 2243 3240 2300 Etenim
3271 2253 3411 2317 quod
3435 2267 3572 2320 prir-

1991 2318 2184 2375 dantes
2215 2324 2512 2380 adversarii
2539 2343 2704 2396 pecus
2728 2332 3057 2403 abegissent,
3093 2340 3235 2406 quod
3276 2318 3470 2408 pueros
3496 2346 3573 2398 in-

1991 2412 2353 2477 terfecissent,
2388 2416 2438 2470 id
2474 2433 2581 2472 non
2611 2434 2640 2473 a
2679 2421 2808 2487 Deo,
2849 2425 2942 2478 sed
2972 2425 3040 2481 ab
3086 2427 3330 2484 hostibus
3361 2431 3573 2488 hostili-

1989 2510 2072 2557 ter
2101 2504 2480 2563 invadentibus
2537 2510 2741 2566 factum
2802 2529 2943 2579 esse,
2995 2517 3030 2571 ii
3068 2520 3158 2588 qui
3212 2521 3571 2590 simpliciores

1987 2608 2170 2663 erant,
2196 2601 2420 2657 credere
2449 2611 2735 2672 poterant;
2767 2616 2820 2660 at
2854 2609 2941 2663 ubi
2975 2610 3150 2679 ignem
3178 2625 3210 2666 e
3252 2615 3391 2668 caelo
3428 2632 3567 2671 nun-

1987 2689 2180 2744 tiatum
2212 2702 2294 2748 est
2326 2709 2354 2748 a
2388 2694 2499 2750 Deo
2522 2696 2794 2765 delapsum
2822 2715 2961 2764 esse,
2989 2716 3120 2759 sane
3145 2706 3441 2773 periculmn
3467 2711 3571 2762 im-

1987 2779 2195 2835 becillis
2226 2783 2498 2838 mentibus
2523 2788 2829 2853 creabatur,
2868 2805 2935 2845 ne
2968 2790 3107 2846 forte
3132 2795 3413 2850 crederent
3435 2798 3570 2852 nihil

1985 2872 2193 2926 essein
2237 2871 2350 2942 ipsa
2399 2874 2601 2930 virtute
2649 2876 3004 2943 admirabile,
3058 2895 3181 2936 cum
3229 2882 3274 2936 is
3328 2885 3418 2952 qui
3445 2900 3566 2939 eam

1987 2963 2288 3032 possideret
2316 2981 2345 3019 a
2376 2966 2485 3021 Deo
2531 2967 2884 3025 nihilominus
2943 2974 3306 3028 cruciaretur.
3331 2975 3437 3030 Sed
3472 2992 3566 3033 ne-

1984 3070 2111 3123 que,
2146 3072 2268 3111 cum
2297 3060 2397 3113 hoc
2431 3062 2740 3126 accidisset,
2774 3075 2993 3119 sanctus
3025 3066 3207 3119 animo
3232 3067 3560 3134 labascebat;

1986 3147 2127 3201 unde
2151 3157 2563 3205 utconstautem
2616 3154 3035 3210 ettirremissum
3094 3158 3267 3212 sancti
3317 3167 3561 3215 tenorem

1980 3238 2260 3294 evidenter
2301 3242 2699 3310 manifestarct,
2725 3247 2926 3301 dictum
2960 3257 3062 3312 cst,
3089 3251 3231 3319 quod
3266 3251 3390 3305 dum
3424 3268 3563 3307 unus

1983 3329 2311 3399 loqueretur,
2371 3335 2507 3390 alter
2561 3339 2790 3394 venerit.
2854 3340 2933 3395 Ne
2980 3341 3145 3411 igitur
3204 3342 3562 3399 luctatorire-

1981 3424 2162 3490 quiem
2196 3425 2359 3479 ullam
2406 3438 2459 3481 et
2504 3432 2915 3500 respirationem
2964 3433 3207 3488 laborum
3250 3435 3559 3508 largiretur,

1977 3515 2072 3568 sed
2104 3514 2375 3587 frequenti
2408 3523 2596 3577 nuntio
2620 3523 2826 3589 justum
2883 3524 3149 3592 turbaret,
3199 3537 3253 3581 et
3278 3527 3556 3599 aegritudi-

1977 3619 2106 3657 num
2165 3607 2306 3661 mole
2370 3621 2625 3680 tanquam
2678 3629 2867 3669 navem
2920 3614 3176 3671 ﬂuctuum
3219 3619 3561 3674 multitudine

1975 3694 2251 3765 obrutam,
2281 3704 2635 3761 succumbere
2661 3718 2900 3777 cogeret,
2945 3708 3112 3763 multa
3146 3718 3201 3764 et
3235 3710 3431 3766 acerba
3465 3725 3558 3765 ca-

1974 3786 2274 3845 lamitatum
2309 3793 2414 3849 tela
2446 3805 2635 3851 c0ntra
2683 3798 2857 3863 ipsum
2881 3799 3195 3869 jaculatur;
3246 3801 3362 3870 ipse
3389 3801 3559 3856 malo-

1974 3896 2093 3935 rum
2119 3884 2322 3953 opifex,
2360 3890 2472 3958 ipse
2510 3890 2749 3955 nuntius,
2800 3893 2912 3962 ipse
2973 3893 3217 3963 jumenta
3264 3894 3549 3965 percussit,

279 3964 335 4008 et
369 3957 481 4024 ipse
510 3959 716 4030 plagam
744 3966 1046 4030 annuntiat,
1076 3974 1130 4020 et
1168 3966 1314 4020 illam
1342 3966 1681 4037 frequentem
1700 3971 1938 4033 adeo,ac
1977 3976 2290 4034 continuam
2327 4023 2342 4048 ,
2382 3957 2441 4036 ut
2486 3984 2716 4039 auditori
2758 3988 3045 4055 respiratio
3106 4001 3215 4043 non
3280 3989 3554 4044 conceda-

280 4057 391 4104 tur.

349 4143 440 4195 Στ.
481 4144 566 4209 ιζ’.
594 4147 716 4199 Ἔτι
764 4148 977 4203 τούτου
1024 4151 1385 4215 λαλοῦντος,
1436 4148 1625 4223 ἦλθεν
1666 4154 1866 4223 ἕτερος

275 4230 551 4301 ἄγγελος,
584 4237 681 4289 καὶ
707 4233 839 4291 εἷπε
880 4240 1031 4307 πρὸς
1069 4240 1207 4305 Ἰὼϐ,
1247 4241 1325 4295 ’οὶ
1345 4242 1546 4308 ἱππεῖς
1568 4244 1868 4310 ἐποίησαν

271 4322 418 4391 ἡμῖν
463 4327 732 4394 κεφαλὰς
773 4328 930 4396 τρεῖς
950 4370 965 4393 ,
1005 4331 1102 4384 καὶ
1153 4332 1516 4386 ἐκύκλωσαν
1540 4334 1647 4388 τὰρ
1676 4334 1865 4389 acami-

267 4416 441 4480 λους.
480 4433 535 4470 κ.
569 4435 618 4471 τ.
642 4418 691 4472 λ.

2044 4163 2212 4219 Vsus.
2246 4164 2331 4216 l7.
2372 4164 2558 4218 Adhuc
2579 4174 2677 4221 tsto
2706 4165 2960 4236 loquente,
2985 4175 3121 4221 venit
3152 4165 3290 4219 alius
3315 4168 3551 4231 mmlimt,

1971 4267 2019 4309 et
2043 4258 2174 4309 dixit
2203 4258 2272 4310 ad
2299 4257 2491 4310 Jobum
2526 4271 2545 4309 :
2568 4256 2780 4328 Equites
2804 4259 3038 4326 fecerunt
3050 4258 3197 4313 nobis
3228 4260 3328 4311 tria
3353 4259 3546 4328 capita,

1972 4358 2017 4399 et
2045 4348 2501 4401 circumdederunt
2528 4350 2780 4415 camelos,
2806 4358 2912 4405 etc.

342 4506 616 4576 Διδύμου.
652 4512 725 4563 Τὸ
744 4511 874 4579 γοῦν
906 4513 1000 4566 καὶ
1033 4515 1162 4586 περὶ
1198 4516 1298 4587 τῆς
1332 4517 1549 4586 σφαγῆς
1582 4516 1691 4570 τῶν
1736 4517 1865 4570 παί-

2037 4520 2270 4591 Didymi.
2310 4522 2385 4576 De
2420 4522 2711 4578 liberorum
2773 4540 2906 4578 nece
2964 4526 3171 4591 audire,
3227 4527 3388 4596 idque
3418 4528 3543 4584 forti

266 4596 372 4650 δων
431 4600 685 4660 ἀκοῦσαι,
717 4604 811 4656 καὶ
853 4605 1113 4675 ἀνδρείως
1139 4609 1406 4675 ἐνεγκεῖν,
1438 4609 1598 4662 τοῦτο
1622 4608 1865 4661 δείκνυσι

248 4690 366 4759 ’τὴν
400 4691 651 4762 ἀνδρείαν
698 4711 758 4747 τε
810 4695 907 4748 τοῦ
947 4697 1155 4751 δικαίου
1194 4701 1289 4752 καὶ
1329 4700 1643 4770 καρτερίαν.
1694 4688 1863 4769 Δῆλον

268 4779 341 4843 δὲ,
367 4781 443 4844 ὡς
475 4782 564 4850 ὑφ’
595 4783 653 4837 ἓν
697 4786 875 4840 πάντα
910 4787 1120 4857 γέγονε,
1167 4790 1301 4862 μηδέ
1345 4792 1698 4845 ἀκουσάντων
1730 4791 1864 4845 υἱῶν

268 4871 337 4922 τὰ
388 4874 791 4947 συμϐεϐηκότα,
848 4881 1078 4951 καὶγὰρ
1140 4881 1519 4952 ἐσημειώσατο
1554 4886 1587 4953 ἡ
1646 4884 1685 4934 Γ
1692 4884 1855 4955 ραφὴ,

270 4962 353 5014 ὅτι
395 4965 651 5037 παράτῷ
701 4970 1058 5043 πρεσϐυτέρῳ
1110 4974 1289 5027 αὐτῶν
1335 4973 1547 5045 ἀδελφῷ
1594 4974 1854 5045 ἠρίστων.

268 5054 452 5108 Ταῦτα
482 5059 642 5112 ἱκανὰ
668 5057 736 5132 ἦν
770 5064 851 5126 εἰς
882 5063 1141 5118 ἔκστασιν
1168 5067 1397 5135 ἀγαγεῖν
1427 5067 1520 5119 καὶ
1554 5066 1856 5138 θορυϐῆσαι

264 5148 388 5209 τοὺς
416 5149 490 5220 μὴ
521 5148 902 5222 λογιζομένους
944 5155 1043 5219 τὰς
1081 5160 1324 5227 συνεχεῖς
1349 5158 1558 5230 τροπὰς
1585 5158 1693 5241 τῶν
1716 5175 1857 5230 πρα-

262 5240 489 5308 γμάτων
527 5243 622 5295 καὶ
658 5245 992 5310 ἀλλοιώσεις,
1032 5250 1157 5312 τοὺς
1189 5249 1433 5320 συνέχειν
1480 5250 1855 5322 πειρωμένους

258 5332 330 5383 τὲ
363 5332 436 5403 μὴ
461 5332 587 5394 ἴδια,
616 5328 690 5387 ῶν
713 5338 746 5407 ἡ
777 5339 970 5407 κτῆσις
996 5341 1343 5413 λυπηροτέρα
1370 5343 1464 5396 καὶ
1491 5342 1593 5412 τῆς
1630 5344 1855 5416 πρώτης

261 5423 593 5494 στερήσεως.
632 5426 770 5497 Ἤδη
809 5429 919 5499 γάρ
949 5448 1093 5495 τινες
1116 5433 1195 5504 τῷ
1232 5433 1416 5504 ἀθρόῳ
1440 5436 1539 5505 τῆς
1567 5435 1848 5505 μεταπτώ-

260 5531 398 5578 σεως
424 5516 950 5588 προσομιλήσαντες,
993 5524 1088 5575 καὶ
1116 5525 1246 5596 περὶ
1280 5526 1442 5578 αὑτὸν
1476 5527 1566 5579 τὸν
1598 5526 1852 5599 σώφρονα

261 5606 381 5659 νοῦν
411 5608 810 5673 ἐκινδύνευσαν,
836 5612 1085 5667 τοσοῦτον
1113 5616 1329 5680 ἁλόντες
1356 5618 1463 5671 ὑπὸ
1491 5617 1586 5672 τοῦ
1621 5620 1849 5683 πάθους,

261 5694 381 5746 ὅσον
402 5700 495 5752 καὶ
520 5701 817 5772 ἠγάπησαν
839 5703 905 5757 τὰ
933 5705 1122 5774 μίσους
1143 5707 1270 5776 ἄξια
1295 5708 1389 5762 καὶ
1411 5710 1611 5779 φυγῆς.
1643 5711 1852 5781 Μετρεί

260 5785 370 5854 γὰρ
404 5791 588 5853 αὐτοῖς
622 5795 722 5848 τίεν
776 5794 1034 5867 ἀθυμίαν,
1087 5801 1185 5871 τῆς
1250 5801 1447 5873 πολλῆς
1478 5801 1742 5872 εὐθυμίας
1787 5802 1849 5855 τὸ

1967 4614 2149 4667 animo
2180 4612 2325 4667 ferre
2351 4653 2367 4677 ,
2396 4614 2529 4683 justi
2565 4614 2931 4670 fortitudinem
2974 4618 3343 4687 invictumque
3384 4622 3546 4674 robur

1968 4708 2217 4753 testatur.
2244 4701 2419 4769 Atque
2471 4701 2658 4757 isthtec
2685 4705 2866 4757 omnia
2917 4703 3035 4759 Jobi
3071 4705 3195 4760 filiis
3232 4708 3542 4773 impruden-

1967 4792 2133 4855 tibus,
2176 4792 2416 4861 nihilque
2471 4792 2786 4858 scientibus,
2837 4796 3003 4849 simul
3052 4800 3296 4852 evenisse
3341 4800 3546 4856 indicat

1965 4892 2151 4949 aperte
2177 4882 2477 4952 Scriptura,
2506 4899 2627 4937 cum
2659 4885 2800 4954 apud
2857 4885 3080 4942 fratrem
3120 4898 3249 4943 natu
3278 4889 3539 4958 majorem

1960 4974 2086 5031 illos
2119 4976 2402 5043 prandisse
2421 4976 2680 5029 ostendit.
2735 4974 2981 5046 Magnam
3008 4977 3117 5032 vim
3155 4980 3268 5034 lucc
3314 4981 3541 5046 habent,

1958 5070 2025 5122 ad
2052 5067 2270 5123 illorum
2296 5076 2503 5123 mentes
2528 5070 2928 5126 conturbandas
2969 5080 3027 5126 et
3059 5084 3277 5143 stupore
3301 5085 3521 5132 conster

1958 5160 2194 5225 nandas,
2229 5158 2322 5228 qui
2347 5157 2657 5227 frequentes
2689 5176 2872 5214 rermn
2921 5164 3279 5218 humanarum
3306 5181 3542 5221 conver-

1956 5252 2141 5307 siones
2162 5259 2221 5307 et
2247 5250 2576 5305 mutationes
2611 5251 2835 5307 minime
2863 5255 3341 5327 meditantur;qu
3374 5260 3537 5313 bona.

1953 5360 2074 5416 qua:
2106 5359 2201 5398 sua
2236 5357 2343 5397 non
2369 5343 2815 5406 sunt,corradere
2845 5355 3133 5408 conantur,
3165 5363 3396 5417 quorum
3426 5365 3543 5401 mo-

1954 5431 2138 5485 lestior
2161 5430 2304 5486 solet
2337 5445 2457 5484 esse
2486 5432 2777 5499 possessio,
2825 5447 2985 5501 quam
3038 5435 3268 5502 privatio
3293 5437 3361 5490 ab
3384 5437 3536 5492 initio

1953 5521 2077 5579 fuit.
2113 5522 2390 5578 Hactenus
2412 5523 2557 5576 enim
2607 5523 2850 5576 nonnulli
2891 5523 2944 5576 in
2995 5525 3175 5578 subita
3206 5541 3385 5578 rerum
3412 5541 3532 5579 mu-

1956 5615 2158 5669 tatione
2186 5621 2490 5675 versantes,
2513 5627 2661 5670 sana:
2686 5614 2884 5668 mentis
2928 5614 3227 5684 periculum
3260 5614 3529 5681 adierunt,

1951 5718 2006 5762 et
2040 5706 2440 5776 perturbationi
2474 5706 2637 5759 animi
2695 5715 2905 5760 tantum
2958 5713 3260 5771 cesserunt,
3295 5715 3355 5758 ut
3407 5720 3529 5774 qum

1953 5800 2077 5856 odio
2104 5815 2165 5855 ac
2193 5799 2315 5870 fuga
2347 5799 2512 5868 digna
2576 5807 2754 5871 erant,
2791 5797 3130 5864 adamarint;
3165 5798 3530 5867 tranquillitas
