4002 6406
554 365 693 422 “27

1788 365 2023 422 DlDYMI
2063 366 2534 425 ALEXANDBINI

3655 373 3766 429 “28

550 485 697 541 enim
726 481 889 539 nullis
916 480 1170 537 arumnis
1212 482 1474 547 exercita,
1537 480 1748 537 illorum
1792 484 2119 539 anxietatem

2232 487 2604 542 ἀϐασάνιστον.
2637 485 2708 541 Τὸ
2732 487 2839 559 γὰρ
2877 486 2951 558 μὴ
2971 485 3105 557 πρὸς
3138 484 3329 557 κτῆσιν
3363 485 3533 549 ἐλθὸν,
3580 490 3667 541 καὶ
3695 489 3773 542 λύ-

550 576 794 631 metitur.
821 571 1088 628 Bonarum
1109 571 1254 626 enim
1281 572 1675 642 possessionem
1727 588 1835 629 non
1875 575 2120 644 adipisci,

553 666 831 721 tristitiam
855 664 1106 719 comitem
1141 679 1247 717 non
1286 666 1571 735 agnoscit;
1608 667 1998 733 experientiam
2031 682 2127 720 au-

558 770 666 813 tem
701 772 886 813 eorum
924 756 1088 811 semel
1146 756 1422 823 habuisse,
1478 766 1769 826 antequam
1796 758 2121 827 eripiantur,

553 860 759 906 tnetnm
789 865 911 903 cum
978 849 1390 917 perturbatione
1445 849 1797 918 conjunctum
1859 850 2043 919 habet,
2073 862 2129 907 et

554 951 838 1012 postquam
894 951 1077 1009 erepta
1144 937 1365 1002 fuerint,
1425 942 1638 995 dolores
1692 942 1916 996 acerbos
1942 958 2123 998 secum

555 1032 749 1098 affert,
781 1033 1045 1102 siquidem
1084 1032 1452 1102 tranquillitas
1487 1031 1724 1096 ellreuis,
1750 1045 1803 1088 et
1833 1050 1985 1089 tuens
2007 1049 2128 1104 qua

554 1124 834 1193 disciplina
860 1124 1022 1177 imbui
1059 1124 1261 1192 nequit,
1298 1124 1617 1179 miserrimis
1652 1125 2128 1181 lamentationibus

556 1216 865 1285 corripitur.
901 1213 1048 1269 Talis
1111 1230 1447 1284 nequaquam
1492 1214 1592 1270 fuit
1664 1217 1889 1286 insignis
1938 1215 2124 1281 Jobus,

556 1305 711 1369 illud,
745 1306 983 1374 inquam,
1022 1304 1277 1359 eximium
1337 1305 1637 1360 tolerantia
1701 1307 2128 1375 constantiaque

555 1397 847 1463 peculium,
881 1410 1089 1449 summa
1127 1396 1213 1449 illa
1269 1384 1603 1451 fortitudinis
1660 1396 1948 1464 absolutio,
1991 1397 2122 1452 illud

556 1489 769 1558 pietatis
828 1496 1009 1555 caput,
1054 1495 1109 1539 et
1149 1486 1505 1556 philosophia
1574 1502 1755 1540 rarum
1807 1488 2125 1554 exemplar:

558 1580 1005 1648 tranquillitatem
1033 1579 1176 1633 enim
1219 1579 1532 1647 prudenter,
1560 1587 1613 1632 et
1629 1578 2129 1633 calamitatemfor-

560 1674 688 1727 liter
755 1672 896 1726 ferre
955 1679 1207 1733 noverat;
1279 1670 1670 1739 philosOpbiam
1699 1670 1843 1724 enim
1867 1679 2131 1738 etaqua-

558 1762 1005 1831 nimitatem,qua
1068 1760 1217 1826 prius
1262 1759 1498 1813 imbutus
1547 1768 1687 1823 erat,
1750 1772 1869 1827 qua
1935 1759 2131 1813 deinde

2229 595 2339 648 πης
2367 580 2513 634 ἐστὶν
2545 578 2870 648 ἀπείρατον*
2918 578 2979 631 τὸ
3000 577 3055 631 δὲ
3078 579 3135 630 ἐν
3163 577 3327 649 πείρᾳ
3362 578 3663 648 γενόμενον,
3692 582 3774 635 καὶ

2228 667 2337 737 πρὸ
2356 667 2454 736 τῆς
2481 667 2787 738 στερήσεως
2830 664 3072 719 σύνοικον
3128 663 3239 734 ἔχει
3269 663 3359 717 τὸν
3387 663 3545 733 φόϐον
3579 662 3667 717 τοῦ
3688 666 3777 718 πά-

2229 756 2374 821 θους,
2401 757 2494 809 καὶ
2519 757 2657 827 μετὰ
2686 756 2785 827 τὴν
2823 755 3077 827 στέρησιν
3103 754 3351 828 δριμείας
3387 754 3537 824 φέρει
3561 753 3655 817 τὰς
3676 753 3778 807 ὀδύ-

2228 865 2346 913 νας.
2385 847 2630 917 Εύθυμία
2666 848 2776 919 γὰρ
2816 846 3162 917 ἀχαλίνωτος,
3207 847 3301 899 καὶ
3337 844 3459 907 νοῦς
3486 842 3779 912 ἀπαιδαγὼ-

2226 956 2413 1011 γητος,
2464 940 2794 1002 τελευταίοις
2823 938 3099 992 ἁλίσκεται
3160 936 3399 1009 θρήνοις.
3442 924 3578 988 Ἀλλ’
3614 934 3672 987 ού
3693 950 3782 986 τοι·

2226 1030 2382 1096 οὗτος
2404 1027 2471 1100 ἦν
2518 1030 2638 1084 Ἰὼϐ
2683 1032 2712 1083 ό
2750 1029 3011 1100 ἀοίδιμος,
3060 1030 3158 1100 τῆς
3187 1026 3477 1099 καρτερίας
3513 1026 3575 1079 τὸ
3604 1025 3784 1095 θαυμα·

2231 1124 2355 1177 στὸν
2385 1123 2592 1194 χρῆμα,
2629 1121 2726 1191 τῆς
2759 1121 3009 1192 ἀνδρείας
3039 1122 3068 1172 ὁ
3095 1119 3390 1189 ἀκρότατος
3444 1118 3586 1186 ὅρος,
3617 1114 3675 1167 τὸ
3698 1115 3784 1185 τῆς

2229 1213 2507 1278 εὐσεϐείας
2536 1212 2845 1282 κεφάλαιον,
2888 1211 2986 1282 τῆς
3015 1209 3328 1279 φιλοσοφίας
3361 1208 3423 1262 τὸ
3458 1208 3598 1278 μέγα
3627 1206 3785 1275 παρά-

2227 1303 2652 1374 δειγμα.Φέρειν
2675 1300 2785 1372 γὰρ
2810 1295 2940 1357 οἶδε,
2968 1298 3063 1352 καὶ
3088 1297 3352 1367 εὐθυμίαν
3377 1295 3682 1365 σωφρόνως,
3704 1292 3784 1345 καὶ

2232 1396 2516 1465 συμφοράν
2554 1394 2836 1462 γενναίως.
2888 1391 2954 1445 Ἥ
3007 1391 3116 1463 γὰρ
3148 1388 3492 1462 προλαϐοῦσα
3523 1384 3784 1456 φιλοσοφία

2228 1488 2348 1548 ταῖς
2373 1485 2509 1555 μετὰ
2531 1484 2703 1537 ταῦτα
2739 1483 2976 1553 πληγαῖς
3002 1479 3255 1550 οὐδαμῶς
3276 1479 3652 1548 ἀπελέγχεται.
3677 1475 3784 1536 HG);

2229 1578 2274 1630 δ’
2306 1576 2370 1631 ἂν
2405 1577 2498 1629 καὶ
2521 1576 2735 1644 ἐγένετο
2755 1575 2816 1627 τὸ
2847 1561 3017 1636 πάθος
3048 1570 3320 1643 ἀφδρητον
3340 1569 3418 1640 τῷ
3456 1568 3527 1621 τά
3559 1568 3675 1620 θεῖα
3698 1582 3785 1617 πε-

2231 1669 2421 1722 παιδευ
2431 1669 2594 1739 μένῳ,
2618 1669 2713 1720 καὶ
2741 1664 3142 1738 προασκηθέντι
3162 1653 3342 1727 καλῶς
3368 1661 3465 1731 τὴν
3494 1658 3785 1718 εὐσέϐειανς

2241 1760 2302 1814 '0
2330 1760 2438 1831 γὰρ
2466 1760 2557 1812 τὸν
2588 1758 2814 1811 πλοῦτον
2846 1756 3023 1810 κοινὸν
3055 1755 3197 1826 ἔχειν
3213 1751 3658 1821 πεπαιδευμένος,
3684 1750 3787 1809 ταῖς

560 1862 850 1908 consecuta
884 1861 1011 1907 sunt
1059 1851 1305 1914 vulnera,
1361 1849 1582 1903 minime
1648 1848 1967 1902 refutarunt.
2013 1848 2129 1915 Qua

2232 1853 2500 1914 δαπάναις
2530 1850 2639 1903 τῶν
2665 1849 2936 1921 δεομένων
2961 1848 3199 1913 πλουτεῖ,
3253 1846 3347 1899 καὶ⁵
3374 1844 3475 1898 ούκ
3504 1842 3788 1895 εὐλαϐεῖται

558 1945 702 1999 enim
753 1944 981 2007 ratione,
1041 1940 1245 1995 homini
1294 1939 1598 1992 divinarum
1633 1952 1810 1990 rerum
1844 1937 2130 2004 disciplina

556 2032 792 2100 exculto,
823 2043 982 2100 atque
1006 2032 1071 2085 ad
1096 2032 1349 2099 pietatem
1385 2039 1541 2083 antea
1568 2028 1836 2093 instituto,
1872 2030 2129 2083 intolera-

554 2124 680 2180 bilis
705 2139 945 2178 arumna
981 2124 1069 2177 illa
1103 2122 1270 2176 videri
1309 2119 1563 2189 poterat?
1613 2120 1707 2189 qui
1748 2120 1891 2173 enim
1920 2119 2136 2187 didicit,-

557 2217 774 2271 divitias
801 2229 1117 2269 communes
1137 2214 1355 2275 habere,
1389 2220 1639 2280 sumptus
1659 2210 1904 2265 faciendo
1930 2211 1981 2264 iu
2006 2227 2132 2281 ege-

558 2319 658 2360 nos
682 2304 925 2369 ditescit,
956 2318 1053 2358 nec
1093 2303 1402 2357 divitiarum
1461 2302 1732 2370 iacturam
1777 2301 2127 2365 reformidat:

555 2407 727 2462 quare
769 2406 869 2446 nec
895 2394 963 2445 ab
1001 2390 1109 2446 illis
1139 2389 1377 2445 divulsus
1405 2403 1550 2459 agre
1583 2390 1707 2455 fert,
1734 2390 1828 2444 sed
1854 2390 2134 2444 calamita-

560 2494 665 2538 tem
694 2481 1045 2553 philosopbia
1095 2487 1153 2534 et
1218 2478 1637 2549 aquanimitatis
1684 2492 1905 2532 causam
1953 2479 2134 2548 potius

558 2572 728 2640 facit;
765 2575 927 2626 rebus
961 2571 1233 2641 prOSperis
1256 2609 1271 2633 ,
1305 2583 1516 2622 morum
1561 2568 1824 2622 modestia
1852 2584 1949 2637 pro
1979 2568 2133 2624 freno

556 2674 660 2728 eat,
683 2672 740 2717 et
771 2662 1017 2717 adversis
1050 2677 1109 2716 se
1142 2660 1316 2730 frangi
1346 2669 1403 2713 et
1423 2661 1615 2714 cedere
1645 2674 1752 2714 non
1780 2659 1930 2725 sinit,
1949 2670 2135 2728 utpote

496 2800 499 2803 .
557 2755 649 2826 qui
689 2754 870 2809 divino
899 2753 1148 2823 prasidio
1177 2762 1362 2821 septus
1410 2750 1503 2805 sit.
1538 2749 1695 2804 Novit
1737 2752 1880 2805 enim
1922 2763 2134 2807 utrum—

555 2861 660 2916 que
682 2856 879 2902 statum
907 2846 1242 2916 philosophia
1270 2842 1565 2905 moderari,
1598 2843 1740 2899 unde
1782 2859 1882 2899 nec
1919 2846 2131 2916 magni-

559 2940 771 2995 ﬁcentia
807 2939 873 2993 ad
909 2938 1161 3008 injuriain
1214 2937 1476 3000 abutitur,
1543 2936 1937 3006 philosophiam
1988 2939 2137 2993 enim

555 3030 817 3101 possidet,
836 3044 1009 3098 neque
1026 3042 1389 3082 arumnarum
1419 3029 1652 3097 procella
1671 3030 1940 3092 obruitur,
1965 3030 2132 3083 animi

553 3122 699 3177 enim
730 3122 1073 3176 tolerantiam
1101 3128 1345 3186 exercet,
1398 3132 1452 3174 et
1508 3120 1727 3189 maligni
1774 3122 2002 3176 tentatio
2049 3122 2133 3173 via

557 3215 630 3270 illi
662 3217 729 3269 ad
769 3217 996 3269 salutem
1030 3215 1107 3266 lit.
1154 3213 1423 3281 Deceptus
1459 3212 1623 3282 igitur
1651 3224 1735 3267 est
1766 3212 2131 3279 adversarius,
2162 3212 2203 3236 “

558 3308 649 3376 qui
676 3304 812 3363 Jobo
833 3308 899 3360 ad
924 3307 1187 3361 bonorum
1247 3306 1645 3373 possessionem
1677 3306 1819 3359 viam
1853 3304 2132 3375 patefecit,

554 3400 683 3469 quia
714 3401 925 3470 eripere
954 3400 999 3452 ei
1038 3402 1089 3451 in
1117 3399 1301 3451 animo
1342 3396 1572 3452 habuit:
1630 3412 1800 3467 quare
1857 3406 1911 3452 et
1934 3396 2133 3465 conjux

555 3491 812 3546 insidiosa
848 3490 1190 3560 objurgatur,
1217 3499 1270 3544 et
1295 3488 1590 3544 liberorqu
1609 3490 1850 3543 omnium
1881 3489 2134 3543 interitus

555 3586 814 3653 pietatem
850 3584 1072 3637 minime
1102 3581 1276 3646 ladit,
1304 3596 1402 3636 nec
1436 3581 1574 3651 ignis
1628 3595 1791 3634 ruens
1816 3595 1848 3635 e
1885 3580 2025 3634 calo
2067 3578 2136 3632 de

556 3690 655 3729 suo
684 3684 824 3729 statu
846 3684 1103 3737 mentem,
1129 3673 1224 3728 Dei
1254 3674 1517 3728 beneficio
1543 3684 1835 3738 servatam,
1856 3673 2128 3727 deturbat:

2232 1945 2331 2017 τὴν
2375 1944 2664 2015 στέρησιν·
2705 1942 2786 1994 διδ
2829 1942 2926 1994 καὶ
2955 1938 3323 2008 ἀφιστάμενος
3351 1937 3410 1989 ού
3446 1932 3786 2004 δυσχεραίνει,

2233 2035 2552 2104 φιλοσοφίας
2602 2033 2659 2086 δὲ
2688 2032 2888 2104 μᾶλλον
2920 2030 3175 2101 ἀφορμὴν
3205 2029 3266 2082 τδ
3294 2027 3463 2090 πάθος
3496 2024 3786 2088 πεποίηται,

2234 2128 2328 2180 καὶ⁸
2362 2128 2473 2190 τοῖς
2500 2126 2745 2196 φαιδροῖς
2771 2124 2990 2195 χαλινὸν
3023 2121 3285 2184 ἐπιτιθεὶς
3310 2119 3402 2173 τοῦ
3434 2117 3599 2189 ἤθους
3619 2114 3676 2169 τὸ
3708 2114 3790 2184 μέ-

2233 2232 2403 2287 τριον,
2436 2216 2530 2269 καὶ
2574 2217 2687 2277 τοῖς
2709 2214 2974 2286 λυπηροῖς
3014 2212 3182 2264 εῐκειν
3219 2208 3321 2262 οὐκ
3349 2207 3689 2277 ἀνεχόμενος,
3713 2197 3791 2254 οἶα

2233 2312 2328 2363 καλ⁸
2367 2308 2769 2381 φρουρούμενος
2802 2307 3029 2362 ἀνωθεν.
3057 2301 3178 2359 Οἷδε
3212 2302 3323 2374 γὰρ
3363 2298 3650 2371 φιλοσοφία
3673 2293 3789 2365 πρὸς

2234 2402 2503 2473 ἑκατέραν
2538 2400 2838 2472 μεταϐολὴν
2876 2400 3203 2471 σωφρονεῖν
3265 2395 3386 2448 ὅθεν
3412 2390 3537 2446 οὗτε
3564 2392 3677 2452 ταῖς
3703 2403 3791 2438 πο-

2233 2495 2529 2558 λυτέλείαις
2562 2494 2814 2565 ἐξύϐρισε
2850 2491 2950 2564 [ῖσ.
2984 2486 3278 2562 ἐξυϐρίζει]
3308 2487 3554 2557 (πλουτεῖ
3594 2481 3696 2552 γὰρ
3717 2497 3791 2547 φι-

2178 2611 2189 2617 ·
2233 2584 2511 2655 λοσοφίαν)
2538 2624 2554 2648 ,
2610 2582 2734 2637 οὔτε
2810 2580 3275 2642 καταϐαπτίξεται
3325 2577 3445 2638 ταῖς
3509 2570 3790 2643 συμφοραῖς

2237 2678 2420 2748 (ἀσκεῖ
2450 2675 2561 2747 γὰρ
2590 2674 2687 2745 τὴν
2719 2672 3060 2745 καρτερίαν),
3104 2671 3199 2724 καὶ
3227 2668 3435 2738 γίνεται
3464 2664 3613 2734 αὐτῷ
3640 2676 3789 2726 σωτη-

2239 2768 2361 2839 ρίας
2387 2767 2503 2829 ὁδὸς
2530 2768 2562 2837 η
2588 2765 2681 2818 τοῦ
2717 2764 2990 2834 βασκάνου
3031 2765 3217 2832 πεῖρα.
3251 2758 3449 2812 Ἔλαθε
3493 2756 3604 2827 γάρ
3628 2749 3791 2806 ἑαυτὸν

2235 2863 2264 2914 ὁ
2294 2859 2575 2929 πολέμιος,
2628 2858 2836 2910 ἐκεῖθεν
2887 2855 3148 2909 ὁδοποιῶν
3174 2853 3322 2923 αθτῷ
3349 2851 3484 2922 πρὸς
3503 2851 3604 2919 τὴν
3624 2842 3791 2912 κτῆσιν

2236 2950 2343 3005 τῶν
2365 2950 2607 3019 ἀγαθῶν,
2638 2948 2762 3003 ὅθεν
2788 2948 2927 3000 ἑλεῖν
2948 2946 3109 2999 αὐτὸν
3138 2943 3530 3015 προσεδόκησεο
3586 2937 3669 2990 διὰ
3688 2931 3782 2986 τοῦ·

2235 3060 2299 3097 το
2342 3043 2436 3096 καὶ
2471 3042 2714 3104 σύνοικος
2735 3036 3159 3091 ἐπιϐουλεύουσα
3186 3033 3540 3103 διελέγχεται,
3569 3029 3660 3082 καὶ
3686 3024 3771 3077 παί

2236 3132 2341 3185 δων
2384 3129 2710 3199 πανολεθρία
2754 3128 2855 3198 τὴν
2907 3124 3186 3180 εὐσέϐειαν
3223 3124 3283 3176 ού
3322 3120 3660 3191 λυμαίνεται,
3715 3112 3792 3166 καὶ

2238 3223 2350 3297 πῦρ
2376 3223 2496 3295 ῥέον
2534 3221 2628 3275 ἀπ’
2651 3217 2879 3291 ούρανοῦ
2909 3217 3007 3289 τὴν
3038 3217 3271 3271 διάνοιαν
3294 3215 3353 3267 ού
3387 3207 3790 3283 παρακρούεται,

2239 3294 2552 3385 σωζομένην
2581 3312 2686 3365 ὑπὸ
2739 3310 2911 3364 Θεού’
2942 3310 3036 3363 καὶ
3078 3309 3134 3361 αἱ
3181 3308 3424 3376 συνεχεῖς
3475 3304 3586 3356 τῶν
3631 3294 3791 3354 κακῶν

2238 3406 2512 3475 ἀγγελίαι,
2537 3405 2633 3458 καί
2665 3405 2720 3457 αἱ
2748 3402 3085 3472 πανταχόθεν
3105 3386 3345 3472 οἰμωγαὶ
3377 3397 3476 3468 τὴν
3520 3388 3791 3465 καρτερίαν

2238 3498 2299 3550 οὐ
2355 3496 2660 3551 σαλεύουσι.
2718 3496 2834 3558 Πᾶς
2882 3493 2991 3565 γὰρ
3033 3490 3153 3561 Θεῷ
3203 3486 3590 3562 προσομιλῶν,
3646 3477 3790 3552 μικρᾶ

2234 3587 2508 3659 φροντίζει
2558 3587 2666 3640 τῶν
2721 3586 2872 3639 κάτω
2929 3586 3024 3638 καὶ
3051 3581 3441 3655 φθειρομένων.
3485 3576 3725 3643 Τοσούτῳ
3745 3568 3789 3621 δὲ

2234 3678 2435 3750 μᾶλλον
2458 3678 2753 3732 οἰκειοῦται
2773 3680 2889 3740 τοῖς
2935 3677 3048 3730 ἀνω
3086 3674 3181 3728 καὶ
3230 3672 3504 3744 μένουσιν,
3564 3670 3668 3737 ὅσῳ
3713 3661 3787 3717 xa‘

558 3783 659 3822 nec
696 3769 1005 3835 frequentes
1059 3765 1327 3821 malorum
1380 3765 1578 3830 nuntii,
1636 3773 1691 3820 et
1744 3766 1836 3835 qui
1901 3764 2132 3832 undique

2232 3768 2338 3822 τῶν
2367 3768 2652 3839 παρόντων
2673 3767 2981 3821 ἐλαύνεται.
3006 3758 3080 3819 To
3105 3764 3215 3836 γὰρ
3242 3764 3341 3834 τῆς
3372 3760 3634 3831 πονηρίας
3662 3750 3788 3808 πνεῦ·

557 3861 989 3916 exaudiebantur
1048 3858 1302 3927 eiulatus,
1361 3857 1726 3914 constantiam
1783 3857 2133 3912 labefactant.

557 3951 692 4006 Nam
726 3952 814 4021 qui
847 3951 957 4005 Deo
995 3950 1164 4004 utitur
1198 3949 1564 4015 familiariter,
1627 3963 1712 4004 res
1766 3957 2055 4004 terrestres
2079 3956 2136 4003 et

557 4043 935 4112 rorruptibiles
960 4043 1107 4113 parvi
1138 4043 1347 4112 pendit,
1380 4051 1638 4111 tantoque
1666 4041 1884 4111 propius
1922 4041 1990 4096 ad
2043 4055 2136 4095 su-

556 4153 721 4207 perna
752 4146 806 4191 et
836 4135 940 4191 ﬁxa
968 4138 1106 4191 bona
1141 4136 1392 4200 accedit,
1424 4144 1627 4204 quanto
1677 4134 1745 4189 ab
1793 4135 1878 4189 bis
1915 4132 2137 4189 caducis

556 4230 772 4301 longius
793 4230 965 4283 abest.
1007 4225 1274 4295 Nequitia
1303 4227 1447 4281 enim
1504 4225 1752 4294 spiritus,
1793 4234 1849 4280 et
1877 4222 2135 4279 concitati

557 4324 770 4391 fluctus,
794 4321 997 4390 justam
1032 4329 1265 4376 mentem
1295 4320 1650 4389 submergere
1701 4334 1807 4374 non
1854 4324 2133 4387 poterant;

561 4418 702 4471 Deus
750 4411 1243 4470 enim‘calamitati
1296 4412 1515 4466 modum
1580 4419 1850 4476 statuens,
1882 4407 2135 4477 praesidio

2234 3877 2332 3931 μα,
2358 3860 2454 3913 καὶ
2497 3860 2529 3930 ή
2566 3858 2660 3912 τοῦ
2687 3858 2954 3923 κλύδωνος
3002 3857 3393 3918 ἐπανάστασις,
3447 3852 3660 3905 δικαίαν
3709 3843 3790 3897 οὐκ

2231 3949 2341 4005 οἶδε
2373 3951 2779 4006 καταϐλάπτειν
2814 3948 2913 4022 [ίσ.
2946 3943 3341 4017 καταϐάπτειν]
3363 3944 3543 4014 ψυχήν
3562 3958 3576 3971 ο
3618 3931 3789 4032 έφρούῖ

2239 4056 2321 4112 ρει
2345 4041 2455 4111 γὰρ
2477 4039 2645 4111 αὐτὴν
2693 4042 2722 4092 ὁ
2750 4038 2904 4103 Θεὸς,
2963 4038 3237 4109 μετρήσας
3260 4035 3361 4106 τὴν
3405 4029 3682 4101 συμφοράν
3702 4040 3715 4053 ο
3735 4029 3788 4112 τα

2239 4111 2339 4198 μὲν
2370 4130 2471 4182 ὅσα
2504 4129 2633 4202 περὶ
2660 4128 2852 4200 αὐτὴν,
2875 4127 2954 4199 τῷ
2983 4126 3297 4200 πειράζοντι
3333 4123 3703 4193 συγχωρήσας,
3726 4111 3789 4202 είς

2237 4222 2457 4293 ἔλεγχον
2480 4200 2757 4293 σώφρονος
2775 4219 3061 4291 λογισμοῦ,
3086 4218 3177 4272 τὸν
3197 4217 3255 4271 δὲ
3278 4214 3402 4271 νοῦν
3431 4211 3619 4280 ἀπαθῆ
3648 4200 3788 4276 φυλά-

2238 4312 2356 4379 ξας,
2385 4306 2431 4381 ᾧ
2488 4312 2583 4366 καὶ
2617 4312 2876 4383 πολεμεῖν
2930 4310 3176 4382 ἔμελλεν.
3208 4301 3254 4375 ᾧ
3285 4307 3380 4361 καὶ
3425 4298 3788 4375 παραταξάμε-

2238 4423 2346 4471 νος,
2380 4404 2489 4458 τῶν
2514 4404 2786 4459 τοσούτων
2813 4404 3090 4477 τροπαίων
3118 4402 3440 4473 ἐκράτησεν.

555 4510 604 4564 ei
638 4509 775 4564 fuit:
809 4507 924 4577 qui,
953 4506 1079 4561 licet
1147 4515 1371 4561 externa
1438 4504 1619 4559 omnia
1696 4503 1949 4558 tentatori
2016 4500 2344 4571 permiserit,
2394 4509 2453 4556 ut
2496 4499 2616 4555 Jobi
2667 4498 3005 4569 prudentiam
3055 4506 3110 4550 et
3172 4494 3334 4547 animi
3396 4484 3787 4544 moderationem

554 4597 884 4661 ostenderet,
910 4605 1144 4650 mentem
1181 4604 1382 4660 tamen,
1432 4608 1594 4661 quam
1663 4592 1716 4646 in
1754 4592 1925 4647 aciem
1955 4595 2022 4646 ad
2053 4587 2357 4644 bellandum
2392 4588 2665 4654 produxit,
2720 4595 2777 4642 et
2839 4601 2934 4656 per
2995 4599 3156 4663 quam
3201 4591 3282 4637 tot
3326 4590 3579 4646 tantaque
3616 4582 3786 4641 tropa:

556 4689 873 4758 reportavit,
906 4686 1169 4742 illibatam
1200 4695 1256 4740 et
1286 4686 1546 4741 intactam
1585 4685 1844 4741 servavit.

626 4778 905 4839 VsasJS,
941 4778 1028 4833 l9.
1069 4777 1376 4831 Adhucisto
1418 4777 1677 4847 loquente,
1724 4775 1865 4829 alius
1918 4775 2130 4828 numius
2163 4776 2208 4831 D
2309 4766 2398 4847 ξτι
2436 4782 2452 4817 ι

556 4873 715 4936 venit,
743 4871 917 4926 dicens
935 4868 1107 4923 Jobo:
1143 4866 1301 4923 Filiis
1329 4870 1457 4935 tuis,
1491 4878 1596 4923 ctc.

630 5060 862 5130 Didymi.
901 5057 1016 5114 Non
1048 5058 1247 5113 fru5tra
1296 5057 1426 5114 illud
1468 5058 1709 5125 additur,
1739 5057 1867 5127 ﬁliis
1900 5067 1951 5113 et
1983 5059 2127 5129 ﬁlia-

558 5154 655 5208 bus
679 5154 783 5206 tuis
810 5152 1080 5206 edentibus
1127 5167 1190 5204 ac
1245 5152 1555 5217 bibeittibus,
1592 5167 1779 5207 verum
1833 5154 1900 5207 ad
1931 5168 2134 5223 augen-

558 5248 682 5299 dam
720 5244 1020 5298 molestiam
1049 5243 1293 5299 diabolus
1322 5243 1374 5297 id
1409 5244 1651 5306 molitur,
1681 5254 1743 5297 ut
1780 5259 1989 5309 rerum,
2011 5260 2132 5314 qua

559 5344 859 5389 consecuta
894 5342 1040 5398 sunt,
1072 5342 1229 5389 atrox
1263 5335 1501 5388 narratio
1538 5336 1778 5391 dolorem
1804 5337 1955 5408 justo
1976 5335 2138 5391 affer-

560 5433 645 5479 ret
700 5422 1090 5478 incredibilem.
1154 5422 1212 5477 Si
1267 5423 1436 5488 enim,
1477 5422 1876 5481 dormientibus
1925 5426 2131 5492 liberis,

562 5517 666 5570 hoc
698 5514 992 5577 evenisset,
1044 5514 1223 5579 ruina,
1257 5527 1377 5583 qua
1414 5514 1533 5569 sine
1584 5529 1746 5569 sensu
1798 5516 1919 5579 fuit,
1952 5517 2134 5571 minus

559 5605 678 5662 Jobi
710 5607 947 5686 animum
977 5607 1307 5662 cruciasset:
1340 5606 1557 5660 additur
1604 5621 1733 5661 vero
1759 5606 1911 5670 illud,
1932 5607 2129 5671 subito,

559 5708 615 5751 et
641 5697 920 5767 emphasin
945 5697 1122 5762 habet,
1147 5707 1203 5751 ut
1230 5696 1515 5767 signiﬁcet,
1549 5713 1662 5753 rem
1708 5700 1778 5753 ita
1814 5699 2129 5771 contigisse,

564 5798 624 5844 ut
645 5789 842 5844 nemini
864 5789 1122 5845 evadendi
1150 5788 1376 5865 facultas
1403 5789 1474 5844 sit
1496 5804 1775 5846 concessa.

2456 4782 2527 4888 ιὲ,
2558 4764 2643 4817 ιθ’.
2695 4765 2819 4817 Ἔτι
2874 4764 3090 4840 τούτου
3120 4759 3477 4847 λαλοῦντος,
3506 4755 3690 4833 ἅμμος
3705 4748 3787 4813 ἆτ’·

2486 4851 2716 4888 υγεται.
2765 4832 2959 4888 λέγων
2990 4849 3069 4888 τω
3115 4831 3261 4888 Ἰωϐ,
3327 4833 3448 4883 Των
3498 4830 3640 4879 vltor
3671 4834 3787 4876 σου,

2238 4839 2416 4907 γελος
2462 4830 2716 4905 ἔρχεται,
2765 4832 2959 4902 λέγων
2990 4830 3069 4897 τῷ
3115 4830 3261 4893 Ἰὼϐ,
3327 4830 3448 4883 Τῶν
3498 4830 3640 4879 υἱῶν
3671 4834 3788 4876 σου,

2237 4926 2290 4961 κ’
2307 4904 2583 5043 ἔίδίἶὶιου.
2607 4973 2682 5026 Οὐ
2719 4972 2894 5043 μάτην
2920 4970 3240 5042 πρόσκειται
3266 4966 3350 5028 τὸ,
3376 4965 3498 5020 Τῶν
3522 4965 3663 5020 υἱῶν
3690 4973 3787 5014 σου

2236 5067 2474 5122 καὶτῶν
2494 5065 2832 5137 θυγατέρων
2857 5065 3181 5118 ἐσθιόντων
3214 5061 3311 5114 καί
3341 5060 3653 5123 πινόντων,
3677 5051 3789 5109 ἀλλὰ

2238 5160 2377 5232 πρὸς
2409 5159 2659 5212 ἐπίτασιν
2704 5158 2909 5220 ἀνοίας,
2968 5157 3062 5209 καὶ
3090 5154 3249 5207 τοῦτο
3276 5152 3368 5206 τοῦ
3396 5151 3640 5205 διαϐόλου
3679 5162 3787 5216 τρί’

2238 5249 2672 5321 γματευομένου,
2717 5248 2806 5301 ἴνα
2854 5249 2888 5318 ἡ
2933 5246 3045 5300 τῶν
3093 5244 3476 5315 γεγενημένων
3521 5238 3789 5309 ὲπαγγελὶι

2235 5343 2428 5413 βαρεῖα
2455 5340 2741 5411 γενομένη,
2770 5340 2946 5412 λύπην
2976 5338 3416 5411 ὑπερϐάλλουσαν
3445 5334 3523 5406 τῷ
3545 5334 3679 5403 ἀγίῳ
3709 5332 3787 5397 ἐμ-

2235 5434 2455 5503 ποῖήσῃ.
2483 5431 2857 5502 Κοιμωμένων
2902 5431 3011 5502 γὰρ
3037 5430 3147 5483 τῶν
3184 5429 3397 5482 τέκνων
3430 5429 3476 5480 εί
3509 5425 3718 5494 συνέϐη,
3741 5417 3789 5470 τὸ

2231 5523 2331 5594 τῆς
2366 5521 2627 5586 πτώσεως
2675 5522 3070 5593 ἀνεπαίσθητον
3101 5519 3467 5592 λογιζόμενος,
3504 5519 3598 5589 οὐχ
3642 5515 3788 5571 οὕτως

2230 5614 2421 5683 ἠνιᾶτο
2446 5628 2462 5645 ι
2517 5611 2839 5681 πρόσκειται
2890 5612 2947 5664 δὲ
2999 5612 3079 5675 τὸ,
3127 5609 3438 5679 ἐξαίφνης,
3484 5602 3784 5679 ὲμφαντικὶν

2230 5703 2323 5758 τοῦ
2353 5703 2425 5775 μὴ
2448 5701 2708 5757 δύνασθαί
2731 5720 2851 5756 τινα
2878 5703 3178 5773 διαδρᾶναι,
3214 5701 3357 5755 οὕτω
3382 5700 3677 5773 συμϐάντος
3707 5686 3783 5743 τοῦ

2234 5794 2577 5865 πράγματος.
