4002 6464
398 462 539 520 “29

1665 457 2087 516 FRAGMENTA
2127 456 2195 513 IN
2233 457 2374 513 JOB.

3510 446 3649 504 H30

468 578 624 632 ΚΕΦ.
647 577 723 641 B',
746 595 831 635 στ.
860 576 933 642 ς’.
982 575 1126 632 Elite
1152 577 1222 631 δὲ
1258 581 1290 631 ὁ
1329 578 1546 644 Κύριος
1570 577 1652 643 τῷ
1681 577 1972 641 διαϐόλῳ’

2145 575 2300 633 CAP.
2331 574 2396 638 ll,
2419 587 2560 627 vers.
2595 572 2649 627 6.
2683 572 2829 626 Dixit
2878 562 3049 624 autem
3094 568 3347 623 Dominus
3399 564 3644 622 diabolo:

409 667 578 732 Ἰδοὺ,
631 667 998 737 παραδίδωμί
1031 682 1131 721 σοι
1152 667 1339 721 αὐτόν
1361 684 1376 698 ·
1407 666 1600 735 μόνον
1621 665 1737 734 τὴν
1760 666 1974 736 ψυχὴν

2082 665 2242 732 Ecce,
2287 670 2438 720 trado
2490 665 2582 718 tibi
2622 680 2741 718 eum
2773 679 2794 717 :
2827 661 3188 716 tantummodo
3246 661 3480 714 animam
3534 659 3649 731 ejus

397 759 585 813 αὐτοῦ
629 758 1003 828 διαφύλαξον
1047 761 1096 825 (ό
1139 758 1197 813 δὲ
1251 756 1562 821 Θεοδοτίων,
1613 755 1725 825 τῆς
1769 753 1975 826 ψυχῆς

2092 759 2282 815 :ustodi
2310 757 2666 829 (Theodotion
2697 770 2845 820 vero,
2887 754 3118 808 animam
3147 751 3259 821 ejus
3282 768 3346 807 ne
3373 749 3649 823 tetigeris).

395 849 585 906 αὐτοῦ
612 852 725 919 οὐχ
758 850 935 920 ἅψῃ).

468 940 747 1010 Διδύμου.
780 942 890 995 Καὶ
933 939 1092 994 τοῦτο
1113 940 1251 1012 πρὸς
1280 940 1554 1011 ἡμετέραν
1584 937 1872 1006 ὠφέλειαν,
1890 937 1977 991 ἵνα

396 1033 685 1105 χαρακτὴρ
717 1033 813 1087 καὶ
848 1033 1018 1097 τύπος
1058 1032 1330 1105 ἀνδρείας,
1377 1031 1625 1103 καθάπερ
1678 1031 1738 1083 ὲν
1787 1029 1978 1100 στηλο-

396 1125 628 1196 γραφίᾳ,
654 1127 683 1178 ὁ
719 1123 839 1177 Ἰὼϐ
864 1123 1061 1190 τεθεὶς,
1104 1123 1303 1187 σκοπὸς
1331 1124 1430 1193 τῆς
1456 1122 1712 1193 τοιαύτης
1753 1121 1975 1193 ἀρετῆς,

398 1215 623 1278 καὶτοῖς
651 1215 794 1280 τότε,
839 1214 935 1267 καὶ
984 1216 1095 1277 τοῖς
1127 1215 1627 1285 μεταγενεστέροις,
1683 1212 1918 1284 ὑπάρξῃ·
1948 1211 1978 1265 ὃ

397 1307 493 1361 καὶ
523 1307 767 1375 γέγονεν.
794 1306 971 1359 Αὐτοῦ
1010 1306 1119 1378 γάρ
1155 1306 1300 1359 ἔστιν
1344 1306 1574 1360 ἀκοῦσαι
1622 1306 1716 1360 τοῦ
1747 1304 1977 1378 ἀθλητοῦ

398 1398 493 1454 καὶ
539 1397 840 1465 ἁγωνιστοῦ
901 1397 1181 1467 λέγοντος·
1246 1395 1390 1453 Οἶδα
1430 1398 1566 1469 ἐγὼ,
1629 1399 1718 1453 ὅτι
1749 1399 1980 1464 δίκαιος

395 1476 831 1558 ἀναφανοῦμαι.
857 1489 1191 1560 Παραδιδοὺς
1211 1490 1268 1543 δὲ
1297 1492 1326 1543 ὁ
1350 1490 1554 1561 Κύριός
1588 1508 1740 1560 φησι,
1776 1492 1981 1544 Μόνον

395 1578 738 1649 τὴν-ψυχὴν
785 1580 972 1636 αὐτοῦ
997 1580 1390 1650 διαφύλαξον.
1430 1581 1605 1651 Ὅπερ
1642 1580 1861 1651 νοηθείη
1896 1579 1983 1633 οὓ-

395 1689 526 1736 τωςο
555 1673 890 1745 Παρακοπάς
942 1673 1220 1736 πολλάκις,
1251 1673 1347 1726 καὶ
1374 1671 1470 1724 τοῦ
1506 1671 1836 1742 ἡγεμονικοῦ
1868 1672 1982 1727 δια·

404 1765 646 1835 στροφὰς
686 1765 745 1821 ἐν
774 1783 918 1820 τισιν
951 1765 1166 1838 ὁρῶμεν
1194 1766 1505 1837 γινομένας,
1550 1765 1617 1818 δι’
1643 1765 1735 1829 οὒς
1768 1762 1874 1820 οἶδε
1896 1765 1982 1819 λό-

395 1872 530 1923 γους
559 1858 588 1908 ὁ
618 1855 687 1910 τὰ
717 1856 937 1928 κρυπτὰ
964 1856 1247 1926 γινώσκων
1277 1858 1429 1921 Θεός.
1478 1858 1630 1911 Ἐπεὶ
1655 1854 1750 1912 οῦν
1771 1860 1849 1922 είς
1878 1876 1983 1912 πα-

2162 936 2393 1007 Didymi.
2421 934 2489 989 Et
2508 933 2613 988 hoc
2647 930 2865 1001 quidem
2897 928 2962 982 ad
2991 937 3233 983 nostram
3261 924 3571 991 utilitatem,
3592 931 3654 977 ut

2086 1030 2278 1094 Jobus,
2310 1029 2597 1083 character
2620 1039 2686 1079 ac
2714 1024 2884 1077 forma
2915 1021 3266 1085 fortitudinis,
3308 1029 3561 1090 tanquam
3595 1016 3650 1071 in

2084 1122 2356 1184 columna,
2385 1118 2784 1187 relinqueretur
2811 1112 3133 1183 insculptas,
3155 1121 3406 1182 essetque
3432 1125 3536 1165 non
3564 1125 3655 1167 so-

2084 1215 2197 1269 lum
2227 1212 2372 1267 illius
2394 1209 2571 1265 aetatis
2609 1205 2939 1272 hominibus,
2974 1218 3160 1259 verum
3200 1204 3363 1257 etiam
3399 1202 3653 1272 posteris,

2085 1322 2193 1361 tam
2237 1303 2464 1368 insignis
2496 1299 2712 1356 virtutis
2759 1312 2987 1368 scapus;
3037 1295 3177 1365 quod
3210 1294 3453 1365 profecto
3480 1296 3655 1350 conti-

2084 1396 2200 1465 git:
2231 1394 2403 1463 ipsum
2437 1392 2581 1447 enim
2606 1389 2866 1444 athletam
2899 1396 2954 1442 et
2997 1385 3224 1456 pugilem
3258 1385 3522 1440 dicentem
3558 1399 3656 1438 au—

2085 1484 2343 1540 direlicct
2367 1480 2534 1538 :Novi
2549 1497 2642 1551 ego
2661 1481 2799 1549 quod
2817 1479 2992 1548 iustus
3017 1479 3271 1547 apparebo
3297 1476 3417 1547 (Job
3444 1474 3651 1542 xm,8).

2087 1577 2344 1632 Dominus
2374 1584 2551 1630 autem
2581 1572 2795 1628 diabolo
2848 1588 2972 1628 eum
3038 1570 3256 1625 tradens
3312 1570 3462 1633 dicit,
3511 1567 3655 1622 Tan—

2088 1671 2355 1722 tummodo
2404 1666 2636 1720 auimam
2660 1663 2774 1734 ejus
2828 1663 3052 1718 custodi.
3089 1661 3326 1729 Quorum
3364 1662 3652 1716 verborum

2087 1774 2149 1814 ea
2181 1759 2398 1813 videtur
2417 1772 2538 1812 esse
2567 1756 2835 1812 sententia
2859 1773 2873 1809 :
2904 1754 3177 1822 Quosdam
3217 1762 3434 1823 propter
3461 1766 3655 1809 causas

2087 1850 2298 1904 abditas
2326 1858 2380 1902 et
2404 1857 2665 1912 secretas,
2696 1860 2832 1915 quas
2864 1845 3012 1900 solus
3050 1846 3199 1899 novit
3229 1844 3390 1911 Deus,
3420 1843 3472 1898 in
3507 1858 3658 1898 men-

397 1947 748 2019 ραφροσύνην
780 1948 874 2002 τὸν
915 1949 1124 2003 δίκαιον
1154 1951 1385 2018 ἀγαγεῖν
1440 1949 1702 2004 ἔσπευδεν
1734 1952 1764 2003 ὁ
1804 1950 1985 2003 διάϐο-

2092 1942 2158 1996 tis
2184 1939 2422 1995 furorem
2452 1940 2825 2009 insaniamque
2854 1950 3222 2008 saepenumero
3251 1936 3489 1991 incidere
3515 1935 3661 1990 vide-

397 2038 510 2103 λος.
540 2040 635 2094 καὶ
659 2039 916 2094 ἔκστασιν
955 2041 1189 2112 φρενῶν,
1224 2041 1310 2094 ἵνα
1342 2043 1438 2095 καὶ
1461 2042 1663 2096 ἄκοντα
1686 2042 1846 2095 αὑτὸν
1871 2045 1984 2106 τοῖς

396 2124 496 2194 τῆς
520 2122 870 2197 βλασφημίας
903 2127 1169 2200 περιϐάλῃ
1220 2131 1479 2201 ῥήμασιν,
1514 2130 1667 2194 Ἰδοὺ,
1692 2131 1846 2202 φησὶ,
1879 2148 1985 2185 πα·-

400 2214 661 2286 ραδίδωμί
695 2235 778 2271 σοι
802 2218 862 2271 ὃν
889 2218 1157 2290 ὲξῃτήσω,
1205 2221 1577 2285 ἴνα’κακεῖνος
1609 2221 1792 2275 πλεῖον
1831 2223 1979 2276 εὐδο-

399 2307 633 2379 κιμήσῃ,
664 2309 757 2361 καὶ
792 2310 857 2362 σὺ
882 2311 1190 2381 αίσχυνθείς
1216 2310 1319 2384 [ἴσ.
1349 2313 1701 2384 αἰσχυνθῇςὶο
1728 2313 1868 2385 πλὴν
1909 2315 1984 2385 μὴ

400 2396 571 2467 κάρον
602 2398 752 2470 αὐτῷ
773 2401 867 2453 καὶ
894 2401 1228 2473 διαστροφὴν
1254 2403 1474 2474 ὲργάσω
1505 2403 1599 2458 τοῦ
1633 2405 1985 2476 ἡγεμονικοῦ.

400 2489 574 2544 Τοῦτο
603 2490 712 2563 γὰρ
747 2493 848 2546 οὐκ
878 2494 1094 2563 ἐφεῖταί
1133 2512 1238 2554 σοι,
1291 2495 1354 2548 ἵν’
1391 2496 1688 2567 ἐρρωμένῳ
1739 2496 1815 2568 τῷ
1843 2497 1989 2565 λογι-

401 2580 528 2651 σμῷ
577 2582 677 2654 τὴν
706 2586 764 2637 ὲν
792 2587 903 2647 τοῖς
958 2585 1190 2639 πάθεσιν
1222 2586 1525 2655 ἐνδείξηται
1554 2586 1825 2658 ἀνδρείαν,
1853 2586 1987 2640 ἀλλὰ

402 2673 623 2744 σαρκῶν
653 2674 850 2740 ἅπτου,
868 2675 963 2728 καὶ
982 2676 1205 2739 ὀστέων,
1230 2676 1306 2739 ὼς
1333 2675 1604 2747 ὲξῃτήσω.

2090 2050 2230 2089 mus.
2265 2032 2528 2101 Quoniam
2574 2032 2739 2101 igitur
2784 2031 2851 2084 ad
2901 2023 3264 2100 insipientiam
3333 2039 3388 2082 et
3459 2029 3659 2083 mentis

2087 2126 2414 2182 emotionem
2448 2124 2695 2180 diabolus
2728 2124 2935 2193 justum
2968 2121 3244 2191 impellere
3274 2121 3567 2185 nitebatur,
3600 2131 3660 2175 ut

2088 2218 2172 2272 vel
2202 2218 2450 2282 invitum,
2478 2217 2639 2286 impia
2679 2227 2734 2270 et
2762 2215 3075 2285 blaspbetna
3116 2214 3273 2269 verba
3302 2213 3545 2283 proferre
3569 2227 3660 2266 co.

2090 2320 2259 2379 geret,
2296 2310 2523 2372 Idcirco.
2556 2308 2732 2378 inquit
2774 2308 2937 2373 Deus,
2980 2309 3132 2362 trado
3166 2306 3259 2361 tibi
3291 2320 3448 2374 quem
3494 2307 3660 2373 depo-

2085 2400 2330 2470 poscisti,
2384 2411 2442 2455 ut
2471 2410 2527 2456 et
2556 2401 2674 2468 ejus
2718 2401 2889 2469 magis
2924 2408 3117 2454 testata
3163 2399 3234 2453 sit
3267 2398 3458 2459 virtus,
3502 2407 3559 2451 et
3603 2405 3659 2449 tu

2093 2493 2301 2562 majore
2326 2494 2530 2563 pudore
2561 2491 2884 2560 perfundare
2920 2509 2936 2546 :
2980 2506 3167 2545 verum
3196 2504 3351 2557 cave,
3380 2504 3447 2544 ne
3479 2499 3660 2544 veter-

2086 2602 2213 2640 num
2244 2587 2489 2649 inducas,
2525 2597 2579 2639 et
2606 2585 2771 2639 animi
2805 2584 3166 2654 principatum
3205 2592 3516 2651 pervertas;
3575 2597 3651 2634 ne

2084 2690 2190 2745 que
2215 2676 2359 2730 enim
2398 2676 2450 2730 id
2486 2676 2577 2728 tibi
2622 2673 2972 2745 permittitur,
3025 2673 3150 2740 quia
3201 2673 3396 2727 mentis
3434 2671 3665 2725 sanitate

403 2775 747 2831 conservata,
802 2765 1064 2820 fortitudo
1108 2767 1266 2837 ejus,
1320 2771 1372 2820 in
1412 2768 1752 2836 perferendis
1808 2767 1983 2832 malis,
2058 2768 2388 2822 ostendenda
2436 2778 2552 2822 εει·
2624 2766 2742 2832 sed,
2783 2774 2842 2820 ut
2894 2765 3116 2835 petiisti,
3178 2779 3373 2820 carnes
3433 2780 3666 2837 ossaque

400 2858 521 2928 ejus
547 2858 768 2933 tangito.

477 2954 567 3006 Στ.
599 2951 664 3005 θ’.
714 2952 943 3018 Χρόνου
969 2950 1037 3003 δὲ
1066 2954 1302 3006 πολλου
1342 2954 1796 3020 προοεῢηκότος,
1823 2949 1993 3008 εἶπεν

402 3042 565 3109 αὐτῷ
604 3045 643 3112 ἡ
666 3042 819 3111 γυνὴ
867 3040 1088 3095 αὐτοῦ’
1120 3042 1309 3111 Μέχρι
1366 3044 1531 3109 τίνος
1582 3043 1987 3113 καρτερήσεις,

403 3133 630 3204 λέγων·
676 3131 822 3186 Ἰδοὺ
865 3131 1139 3201 ἀναμένω
1166 3134 1389 3200 χρόνον
1410 3133 1500 3187 ἔτι
1543 3134 1779 3203 μικρὸν,
1804 3148 1990 3204 προσ-

404 3224 727 3293 δεχόμενος
747 3222 863 3290 τὴν
888 3222 1109 3276 ἐλπίδα
1142 3221 1254 3291 τῆς
1283 3224 1582 3291 σωτηρίας
1592 3241 1744 3292 μους

476 3310 754 3381 Διδύμου.
791 3312 1084 3383 Ἀτονήσας
1105 3312 1170 3365 ὲκ
1192 3312 1299 3367 τῶν
1324 3312 1590 3367 τοσούτων
1620 3313 1934 3385 προσϐολῶν
1961 3315 1990 3367 ὁ

2170 2952 2327 3004 Vsus.
2361 2949 2412 3002 9.
2460 2946 2707 3014 Tempore
2735 2957 2907 3000 autem
2942 2955 3106 2999 mu.to
3134 2956 3421 3011 transacto,
3454 2947 3585 3001 dixtt
3616 2965 3666 3003 es

2089 3059 2223 3096 uxor
2248 3041 2365 3109 ejus
2387 3057 2407 3095 :
2471 3037 2754 3103 Quousque
2794 3038 3074 3090 sustinebis
3114 3039 3290 3092 dicens
3322 3052 3342 3089 :
3383 3037 3516 3092 Ecce
3542 3054 3665 3107 per-

2087 3152 2272 3189 maneo
2301 3146 2499 3201 tempus
2537 3132 2711 3185 adltuc
2741 3147 2981 3198 paruum,
3010 3140 3317 3199 exspectans
3347 3149 3487 3200 spem
3516 3133 3665 3187 salu-

2086 3228 2152 3280 tis
2175 3227 2340 3280 meae?

2162 3316 2397 3387 Didymi.
2435 3314 2538 3369 Tot
2566 3312 2967 3368 incursionibus
2999 3327 3063 3367 ac
3099 3312 3291 3383 pugnis
3320 3312 3524 3369 fractus
3549 3313 3668 3369 dia-

401 3403 668 3469 διάϐολος,
700 3405 795 3458 καὶ
839 3405 939 3459 οὐκ
963 3404 1101 3476 ἔχων
1129 3406 1158 3458 ὅ
1184 3422 1238 3458 τι
1272 3407 1487 3477 ποιήσει
1527 3406 1732 3462 λοιπὸν.
1770 3407 1861 3459 ἐπὶ
1891 3406 1987 3477 τὴν

2098 3408 2272 3474 bolus,
2296 3423 2417 3461 cum
2452 3406 2593 3476 quod
2631 3404 2862 3475 amplius
2891 3404 3115 3470 faceret,
3147 3405 3396 3472 nesciret,
3438 3406 3492 3460 in
3525 3408 3667 3461 anti-

404 3497 505 3567 τῆς
527 3494 761 3568 ἀρχαίας
790 3495 1081 3567 ἐπιϐουλῆς
1114 3496 1334 3568 ἔρχεται
1363 3498 1604 3568 μνήμην,
1638 3498 1733 3551 καὶ
1762 3496 1857 3550 τοῦ
1891 3515 1989 3567 γυ-

298 3641 319 3665 ,
408 3587 556 3641 ναίου
581 3587 818 3641 διάνοιαν
851 3587 1151 3658 ύποσύρας,
1195 3587 1263 3640 δι’
1298 3589 1512 3656 ἐκείνης
1556 3587 1804 3641 σαλεύειν
1836 3591 1988 3640 ὲπει-

407 3680 544 3750 ρᾶτο
567 3678 658 3731 τὸν
685 3678 924 3750 ἀθλητήν
943 3696 958 3710 ·
1011 3680 1105 3732 καὶ
1158 3678 1341 3748 τρίτον
1404 3678 1553 3749 αὐτῷ
1578 3677 1771 3731 πλέκει
1797 3678 1991 3731 πάλαι-

408 3783 542 3837 σμα,
571 3767 671 3837 τὴν
694 3767 865 3838 αὐτῆς
909 3766 1145 3837 ὁμιλίαν,
1201 3767 1332 3831 ἴσως
1355 3766 1443 3820 διὰ
1472 3767 1676 3837 ταύτης
1716 3766 1806 3820 τὸν
1847 3765 1988 3831 Ἰὼϐ,

401 3856 481 3919 ὡς
519 3856 611 3910 καὶ
636 3856 725 3910 διὰ
751 3857 851 3927 τῆς
871 3855 1015 3920 Εὔας
1045 3857 1135 3910 τὸν
1169 3856 1360 3927 Ἀδὰμ,
1410 3857 1730 3927 ἀπατήσειε.
1781 3857 1989 3928 Χρόνου

406 3947 515 4020 γάρ
536 3946 730 4001 πολλοῦ
782 3949 1206 4019 προϐεϐηκότος,
1238 3948 1313 4012 ὡς
1345 3948 1470 4002 οὐδὲ
1499 3948 1661 4012 αὐτὸς
1710 3947 1989 4018 δεδύνηται

405 4039 586 4091 σεῖσαι
638 4038 728 4090 τὸν
778 4038 879 4106 τῆς
904 4037 1185 4103 εὐσεϐείας
1212 4037 1442 4109 πύργον,
1475 4038 1543 4092 τά
1577 4040 1675 4110 τῆς
1701 4038 1989 4110 ὀλιγωρίας

405 4128 706 4199 προφέρειν
738 4128 915 4182 πείθει
934 4130 1034 4199 τὴν
1062 4133 1294 4199 γυναῖκα
1315 4130 1558 4201 ῥήματα.

475 4328 634 4380 ΚΕΦ.
684 4326 762 4390 Ρ,
804 4344 886 4381 στ.
942 4334 1012 4397 η’.
1071 4327 1242 4383 aue
1294 4329 1693 4398 καταράσαιτο
1732 4332 1927 4399 αὐτὴν
1957 4335 1991 4386 ό

403 4415 819 4487 καταρώμενος
843 4418 958 4485 τὴν
990 4416 1219 4486 ἡμέραν
1249 4418 1492 4485 ἐκείνην
1513 4435 1527 4449 ’
1578 4422 1611 4472 ὀ
1654 4418 1896 4488 μέλλων
1924 4419 1991 4473 τὸ

401 4506 555 4574 μέγα
590 4507 777 4578 κῆτος
807 4508 1228 4578 χειρώσασθαι.

477 4599 752 4667 Διδύμου.
786 4602 978 4666 Καλῶς
1004 4603 1063 4655 δὲ
1094 4603 1175 4666 τὸ,
1230 4603 1283 4654 '0
1301 4606 1547 4672 μέλλων
1570 4600 1987 4672 χειρώσασθαι,

2096 3516 2215 3570 quae
2247 3500 2453 3555 fraudis
2498 3499 2815 3554 memoriam
2865 3498 3040 3564 redit,
3080 3506 3134 3552 et
3171 3498 3498 3554 mulierculae
3547 3499 3668 3554 aui-

2098 3608 2244 3648 mum
2276 3590 2501 3646 subdole
2540 3591 2607 3644 ad
2643 3604 2702 3645 se
2730 3588 2995 3655 alliciens,
3035 3589 3176 3643 illius
3205 3603 3366 3658 Opera
3409 3590 3667 3646 athletam

2098 3679 2417 3734 subvertere
2439 3688 2698 3743 conatur;
2756 3686 2812 3732 et
2852 3678 3069 3732 tertium
3101 3688 3289 3732 contra
3326 3694 3449 3735 eum
3492 3692 3670 3734 certa-

2098 3786 2221 3826 men
2252 3771 2488 3830 molitur.
2519 3768 2843 3839 colloquium
2900 3769 3108 3825 scilicet
3164 3785 3284 3826 cum
3322 3770 3430 3836 illa,
3460 3772 3504 3827 si
3532 3772 3671 3827 forte

2099 3862 2200 3918 hac
2225 3862 2440 3917 ratione
2481 3861 2676 3917 Jobum
2729 3863 2974 3917 inescare
3002 3873 3220 3931 posset,
3268 3875 3424 3932 prout
3450 3866 3519 3919 ab
3556 3864 3669 3920 Eva

2097 3955 2337 4010 Adamus
2376 3955 2430 4009 in
2469 3953 2717 4010 fraudem
2759 3954 2976 4010 illectus
3023 3954 3146 4009 fuit.
3187 3954 3453 4024 Tempore
3489 3969 3668 4012 autem

2097 4046 2268 4101 multo
2298 4043 2516 4109 eilluxo,
2543 4060 2663 4099 cum
2693 4044 2908 4114 pietatis
2955 4046 3148 4099 turrim
3192 4054 3417 4115 quatere
3453 4061 3511 4101 se
3561 4063 3668 4100 non

2098 4152 2257 4207 posse
2293 4138 2535 4203 videret,
2588 4136 2804 4208 eonjugi
2859 4136 3151 4208 persuadet
3215 4146 3273 4191 ut
3316 4129 3490 4193 verba
3535 4153 3671 4194 cen-

2102 4240 2332 4299 temptus
2358 4230 2618 4297 proferat.

2179 4339 2333 4395 CAP.
2369 4337 2459 4402 III,
2494 4354 2637 4393 vers.
2673 4337 2727 4392 8.
2767 4336 2870 4392 Sed
2911 4338 3185 4393 maledicat
3226 4340 3274 4393 ei
3295 4340 3384 4409 qui
3408 4339 3671 4397 maledicit

2097 4434 2236 4487 diem
2260 4433 2427 4497 illam,
2455 4432 2548 4492 qui
2572 4433 2721 4485 habet
2754 4447 3003 4501 maguum
3032 4443 3200 4484 celum
3232 4432 3538 4498 opprimere.

2174 4612 2405 4683 Didymi.
2441 4610 2609 4665 Recte
2653 4622 2831 4664 autem
2873 4609 3075 4662 dictum
3110 4616 3215 4672 est,
3246 4608 3351 4674 Qui
3381 4610 3531 4662 habet
3576 4628 3663 4678 op-

406 4689 642 4761 εἴρηται,
669 4691 862 4763 δηλοῦν
894 4695 955 4748 τὸ
998 4696 1138 4748 κατά
1190 4696 1288 4767 τὴν
1336 4695 1752 4767 ἐνανθρώπησιν
1784 4698 1987 4767 μυστή-

2099 4705 2342 4774 primere,
2385 4712 2443 4755 ut
2483 4699 2873 4754 lncarnatiouis
2916 4698 3226 4767 mysterium
3271 4698 3671 4763 manifestaret,

409 4797 544 4850 ριον,
582 4781 657 4845 ὡς
697 4785 864 4855 μήπω
882 4787 1003 4838 τότε
1036 4786 1277 4853 γεγονὸς,
1312 4786 1504 4855 μέλλον
1536 4784 1594 4838 δὲ
1614 4786 1884 4853 γενέσθαι.
1922 4786 1998 4842 Οὐ

406 4872 516 4944 γὰρ
538 4873 748 4945 ἥρμοζε
776 4879 954 4947 γυμνῇ
974 4881 1040 4947 τῇ
1069 4877 1283 4946 θεότητι
1304 4878 1652 4949 καταργῆσαι
1673 4876 1770 4949 [ίσ.
1799 4894 2003 4948 καταρ-

408 4963 668 5037 γηθῖψαι]
720 4966 812 5021 τὸν
838 4968 1040 5039 κράτος
1095 4966 1286 5038 ἔχοντα
1331 4968 1425 5020 τοῦ
1455 4968 1684 5021 θανάτου
1724 4967 1994 5034 διάϐολον,

410 5055 546 5109 ἀλλὰ
577 5058 662 5111 διὰ
691 5059 785 5111 τοῦ
833 5059 963 5113 ναοῦ
997 5060 1090 5114 τοῦ
1122 5061 1295 5129 Λόγου
1328 5059 1426 5132 [ἴσ.
1456 5060 1549 5112 τοῦ
1580 5059 1754 5127 Λόγου
1784 5058 1996 5130 ἀνθρώ-

410 5147 538 5219 που]
571 5151 939 5221 γεγενημένου
994 5154 1059 5204 ἐκ
1110 5152 1425 5226 σπέρματος
1490 5151 1583 5203 τοῦ
1624 5150 1996 5220 ἀπατηθέντος

411 5238 517 5292 ὑπὸ
565 5239 659 5293 τοῦ
693 5240 964 5295 διαϐόλου.
1007 5242 1289 5313 Καύχημα
1315 5242 1426 5313 γὰρ
1451 5237 1519 5312 ἦν
1548 5241 1622 5312 τῷ
1660 5240 1902 5312 πονηρῷ,
1945 5244 2001 5317 εί.

406 5331 679 5401 γυμνῇτῇ
735 5331 950 5403 θεότητι
1002 5334 1408 5404 χειρωσάμενος
1449 5333 1611 5386 αὐτὸν
1656 5333 1884 5403 ὑπῆρξε.
1916 5332 1997 5385 Τά

403 5420 639 5491 διάφορα
665 5421 721 5474 δὲ
748 5424 988 5495 ὀνόματα
1042 5424 1136 5477 τοῦ
1170 5423 1451 5490 διαϐόλου,
1505 5423 1785 5494 ἐνεργείας
1831 5420 1997 5475 αὐτοῦ

409 5508 719 5585 διαφόρους,
743 5514 843 5566 οὐκ
870 5515 1078 5582 οὐσίας,
1102 5516 1270 5586 δηλοῖ.
1299 5515 1557 5578 Διάϐολος
1590 5514 1698 5586 γὰρ
1727 5514 1818 5567 καὶ
1845 5516 1995 5567 ἀντι-

411 5598 683 5669 κείμεντις,
718 5607 813 5660 καὶ
861 5609 1121 5679 πονηρὸς,
1152 5610 1247 5663 καὶ
1298 5609 1455 5673 λέων,
1486 5609 1579 5661 καὶ
1627 5608 1863 5679 δράκων,
1898 5608 1992 5661 καὶ

411 5690 556 5758 ὄφις,
585 5689 679 5743 καὶ
707 5692 911 5763 θηρίον,
946 5702 1040 5753 καὶ
1084 5702 1270 5772 κῆτος,
1307 5701 1397 5755 διὰ
1419 5702 1510 5755 τὸν
1533 5702 1733 5774 τρόπον
1754 5702 1991 5770 λέγεται,

411 5780 688 5854 διαφόρως
717 5780 882 5834 αὑτοῦ
905 5790 998 5853 τὴν
1030 5792 1230 5846 κακίαν
1274 5791 1625 5864 ἐνεργοῦντος
1646 5810 1659 5823 ·
1687 5793 1821 5865 ὅπερ
1867 5795 1995 5848 ἀνα-

411 5872 703 5947 τρεπτικόι
729 5874 843 5927 ἐστι
871 5872 967 5927 τοῦ
990 5876 1326 5947 Μανιχαῖκοῦ
1353 5884 1641 5955 δόγματος.

618 5969 889 6033 Ριτιιοι..
931 5969 1045 6031 Gn.
1093 5971 1395 6036 XXXIX.

2098 4793 2238 4862 quod
2271 4801 2381 4844 tum
2408 4805 2512 4843 non
2545 4788 2742 4850 fuerat,
2767 4787 2867 4841 sed
2897 4798 3082 4857 postea
3124 4789 3360 4841 futurum
3394 4799 3528 4843 erat.
3564 4789 3665 4845 Ne-

2096 4898 2201 4953 que
2235 4884 2377 4937 enim
2428 4880 2538 4934 sola
2566 4878 2846 4933 divinitate
2896 4878 3187 4944 diabolum,
3219 4880 3309 4948 qui
3342 4880 3531 4935 mortis
3569 4881 3671 4934 im-

2094 4973 2302 5042 perium
2336 4970 2570 5025 habebat
2590 4967 2777 5037 (Hebr.
2809 4983 2871 5032 ιι,
2909 4966 3032 5034 ib),
3060 4967 3265 5022 aboleri
3294 4967 3537 5034 decebat,
3574 4971 3668 5023 sed

2094 5079 2190 5134 per
2221 5061 2455 5117 Verbum
2484 5059 2686 5113 factum
2723 5058 3016 5123 hominem,
3048 5072 3116 5112 ex
3145 5061 3352 5114 semine
3376 5059 3490 5129 ejus
3504 5075 3667 5131 quem

2092 5153 2306 5222 decepit
2333 5150 2617 5216 diabolus;
2664 5150 2911 5216 improbo
2954 5149 3096 5203 enim
3128 5150 3355 5205 daamoni
3385 5150 3666 5221 gloriatio-

2094 5245 2178 5299 nis
2212 5241 2441 5296 materia
2482 5240 2692 5305 fuisset,
2726 5241 2768 5293 si
2796 5241 2906 5294 sola
2932 5241 3211 5298 divinitate
3233 5257 3356 5296 eum
3382 5241 3666 5310 subjugas-

2097 5345 2198 5390 set.
2233 5332 2424 5397 Porro,
2468 5331 2664 5386 diaboli
2708 5332 2933 5387 diversat-
2980 5331 3390 5402 appellationes,
3427 5333 3669 5387 diversas

2097 5427 2212 5496 ejus
2248 5424 2763 5496 operationes,vnon
2804 5422 2933 5477 item
2978 5423 3328 5490 multiplicem
3355 5424 3668 5485 essentiam,

2097 5515 2393 5572 declarant.
2422 5514 2680 5568 Diabolus
2717 5514 2885 5579 enim,
2931 5513 3295 5576 adversarius,
3330 5513 3524 5577 malus,
3550 5512 3666 5576 leo.

2093 5607 2278 5670 draco,
2330 5621 2587 5676 serpens,
2646 5605 2821 5661 bellua
2884 5613 2938 5659 et
2983 5614 3158 5669 cetus,
3216 5614 3436 5674 propter
3468 5604 3670 5673 ingenii

2092 5713 2297 5764 mores,
2333 5697 2655 5774 appellatur,
2686 5696 2938 5767 quoniam
2968 5694 3255 5765 multiplici
3291 5677 3521 5749 artificio
3554 5709 3673 5748 ma-

2092 5793 2266 5849 litiam
2300 5806 2454 5846 suam
2505 5800 2801 5860 operatur:
2834 5790 2977 5862 quod
3025 5786 3445 5844 Manichaeorum
3476 5785 3669 5855 dogma

2097 5883 2334 5939 [nitiditus
2367 5883 2578 5937 evertit.

3280 5971 3359 6030 36
