4002 6394
433 470 565 531 “3|

1721 459 1911 515 IDYMI
1949 451 2421 512 ALEXANDRINI

3559 433 3684 490 H32

524 587 678 646 CAP.
727 583 817 649 iV,
857 598 999 638 vers.
1027 581 1080 636 2.
1118 580 1262 635 Num
1287 593 1422 645 saepe
1455 575 1545 629 tibi
1574 592 1740 630 sermo
1766 583 1842 628 est
1862 573 2013 627 habi-
2040 621 2045 632 ,

2187 568 2347 623 ΚΕΦ.
2376 568 2449 631 A',
2489 582 2572 617 στ.
2620 562 2683 632 β’.
2737 560 2834 630 Μὴ
2882 553 3179 622 πολλάκις
3239 570 3339 608 σοι
3367 549 3687 620 λελάληται

432 695 512 736 tus
539 683 592 735 in
621 676 898 732 molestia?
929 673 1132 742 pondus
1157 679 1331 723 autem
1361 669 1633 722 verborum
1659 675 1868 720 tuorum
1889 665 2008 734 quis

2151 678 2181 714 ν
2211 661 2410 726 κόπῳ;
2448 656 2631 726 ίσχ-ὺν
2658 653 2727 707 δὲ
2755 650 3038 722 ,ῥημάτων
3055 665 3172 702 σου
3198 648 3291 713 τίς
3307 646 3589 708 tutelam;

433 771 748 828 sustinebit?

508 864 744 934 Didymi.
783 859 881 914 Vel
911 857 1063 920 illud,
1107 854 1258 922 Swpe
1293 852 1387 904 tibi
1420 865 1588 904 sermo
1621 847 1829 901 uabitus
1858 855 1931 898 est
1958 844 2014 896 in

439 953 723 1010 molestia?
789 949 1095 1023 signiﬁcat,
1163 943 1440 1013 tesaapius
1497 953 1802 995 sermonem
1871 936 2014 1006 apud

444 1047 710 1115 quosdam
742 1039 1017 1102 habuisse,
1046 1036 1137 1106 qui
1166 1034 1379 1089 casibus
1405 1029 1732 1100 urgebantur
1753 1027 2014 1091 adversis,

443 1137 743 1201 iisdemque
776 1131 829 1184 in
875 1129 1064 1182 labore
1103 1123 1527 1179 consolationem
1575 1119 1914 1179 adhibuisse,
1965 1117 2019 1170 id

444 1235 552 1290 est,
583 1225 636 1279 in
662 1217 1056 1276 calamitatibus
1077 1224 1130 1270 et
1162 1213 1418 1268 aerumnis
1444 1229 1456 1265 :
1482 1225 1624 1264 nunc
1657 1219 1834 1263 autem
1856 1208 2017 1262 verba

449 1329 536 1372 tua
569 1320 907 1380 contemptus
936 1309 1112 1378 plena,
1147 1321 1307 1360 nemo
1344 1320 1500 1374 aequo
1535 1303 1716 1358 animo
1743 1302 1885 1356 ferre
1925 1315 2019 1371 po-

446 1417 583 1475 test;
626 1415 681 1461 et
714 1403 975 1461 sermonis
1020 1401 1097 1454 tui
1139 1407 1284 1452 tanta
1336 1397 1600 1467 asperitas
1628 1405 1730 1460 est,
1775 1405 1833 1448 ut
1873 1409 2018 1457 eum,

447 1500 538 1571 qui
575 1499 805 1553 libenter
829 1495 1034 1555 sileret,
1066 1491 1132 1544 ad
1164 1488 1515 1544 refellendum
1549 1486 1768 1542 excitet.

523 1589 684 1645 Vens.
717 1587 809 1642 10.
871 1583 1050 1638 Robur
1083 1581 1269 1648 leonis,
1317 1588 1365 1633 et
1405 1593 1506 1632 uox
1546 1577 1747 1641 leamaz,
1795 1585 1841 1629 et
1892 1591 2024 1644 gau-

2184 833 2459 902 Διδύμου.
2487 833 2558 884 Ἢ
2587 830 2667 894 τὸ,
2698 826 3000 892 Πολλάκις
3029 841 3128 879 σοι
3151 823 3480 889 λελάληται
3506 820 3578 873 ἐν
3605 821 3694 873 κό-

2117 940 2241 993 πως
2264 925 2433 986 δηλοῖ,
2468 923 2552 976 ὅτι
2583 921 2680 974 καὶ
2700 919 2860 982 αὐτὸς
2891 922 2954 971 σὺ
2985 913 3243 979 πολλάκις
3274 916 3490 985 ἐχρήσω
3521 913 3689 981 λόγοις

2117 1020 2254 1090 πρός
2277 1033 2427 1078 τινας
2451 1011 2940 1084 περιπεπτωκότας
2971 1008 3256 1079 θλιϐεροῖς,
3289 1009 3383 1061 καὶ
3411 1006 3692 1075 παράκλη-

2123 1128 2206 1164 σιν
2240 1111 2425 1171 αὐτοῖς
2453 1107 2806 1179 προσήγαγες
2843 1104 2901 1156 ὲν
2936 1102 3111 1173 κόπῳ,
3165 1100 3442 1154 τουτέστιν
3486 1102 3545 1152 ὲν
3584 1101 3695 1161 ταῖς

2123 1202 2430 1273 συμφοραῖς
2477 1199 2571 1252 καὶ
2602 1199 2723 1260 ταῖς
2761 1195 2972 1264 θλίψεσι
2992 1211 3005 1223 ·
3043 1192 3138 1246 νῦν
3170 1191 3227 1246 δὲ
3256 1191 3324 1245 τά
3381 1192 3449 1244 σὰ
3479 1188 3694 1263 ῥήματα

2121 1293 2412 1365 ὀλιγωρίας
2439 1289 2846 1362 πεπληρωμένα
2893 1286 3069 1349 οὐδεὶς
3107 1283 3218 1348 οἷός
3248 1285 3310 1337 τέ
3336 1285 3451 1339 ἐστι
3496 1284 3697 1354 φέρειν,

2123 1382 2259 1436 ἀλλά
2300 1381 2362 1433 τὸ
2401 1379 2577 1451 τραχύ
2632 1395 2726 1430 σου
2764 1376 2873 1429 τῶν
2900 1375 3073 1443 λόγων
3107 1376 3200 1427 καὶ
3228 1373 3318 1428 τὸν
3338 1374 3475 1442 ἄγαν
3503 1375 3701 1444 ἡσυχάι

2125 1475 2238 1539 ζειν
2261 1473 2581 1544 βουλόμενον
2608 1469 2905 1539 διανίστησι
2928 1467 3064 1538 πρὸς
3087 1465 3410 1534 ἀντιλογίαν.

2197 1563 2288 1616 Στ.
2325 1567 2375 1615 t'.
2412 1557 2632 1624 Σθένος
2656 1557 2936 1622 λέοντος,
2965 1555 3134 1625 φωνὴ
3161 1555 3231 1608 δὲ
3256 1557 3526 1622 λεαίνης,
3561 1572 3698 1624 ταυ-

447 1682 593 1737 dium
623 1680 913 1733 draconum
935 1675 1248 1730 exstinctum
1272 1679 1371 1727 est.
1400 1669 1736 1741 Myrmicoleo
1759 1669 1934 1733 periit,
1965 1683 2024 1721 eo

2151 1654 2304 1722 ›Ιαμα
2373 1651 2442 1705 δὲ
2504 1650 2852 1720 δρακόντων
2915 1651 3196 1717 ἐσϐέσθη.
3263 1649 3704 1718 Μυρμηκολέων

448 1772 584 1844 quod
641 1785 744 1822 non
795 1768 1002 1820 haberet
1051 1780 1222 1818 escam
1254 1778 1273 1816 :
1315 1773 1359 1815 et
1390 1759 1551 1814 catuli
1602 1758 1807 1812 leonum
1867 1758 2026 1810 divisi

449 1872 568 1916 sunt
600 1860 664 1914 ab
695 1849 956 1911 inuicemf

2128 1744 2314 1796 ὤλετο
2343 1739 2504 1810 παρὰ
2528 1741 2592 1794 τὸ
2611 1738 2698 1809 μὴ
2722 1739 2886 1809 ἔχειν
2906 1736 3102 1806 ,ϐοράν
3117 1756 3132 1769 ο
3163 1739 3421 1806 σκύμνοι
3450 1736 3521 1790 δὲ
3539 1736 3702 1790 λεόν-

2129 1852 2247 1889 των
2278 1834 2493 1888 ἔλιπον
2524 1831 2859 1898 ἀλλήλους.

522 1951 757 2020 Didymi.
813 1947 1047 2001 Naturas
1094 1943 1259 1999 sumit
1305 1942 1612 2005 brutorum,
1661 1953 1781 2008 qua:
1839 1947 2024 1993 nostro

2195 1927 2470 1996 Διδύμου.
2517 1924 2800 1995 Λαμὸάνει
2855 1922 3020 1992 φύσιν
3063 1922 3275 1990 ἀλόγων
3320 1920 3381 1973 οὐ
3439 1920 3580 1973 πάνυ
3627 1933 3704 1971 τοι

449 2043 633 2115 generi
665 2056 770 2096 non
808 2050 1014 2094 tantum
1059 2034 1268 2091 inutilia
1316 2035 1602 2098 exsistunt,
1638 2047 1825 2086 verum
1862 2031 2026 2085 etiam

451 2136 626 2191 eidem
673 2131 934 2188 insidiosa
976 2136 1129 2193 sunt;
1175 2125 1476 2195 probatque
1527 2122 1840 2193 Eliphazus,
1874 2121 2028 2189 quid-

453 2223 583 2294 quid
617 2221 861 2290 iniquum
895 2225 978 2272 est
1014 2225 1070 2270 et
1111 2228 1390 2285 arrogans,
1432 2212 1585 2283 perdi
1629 2227 1659 2265 a
1712 2211 1839 2265 Deo.
1894 2209 2026 2263 Nam

457 2329 579 2370 cum
613 2311 726 2366 Deo
751 2311 929 2365 visum
961 2307 1149 2371 fuerit,
1178 2305 1376 2374 inquit,
1410 2303 1766 2358 intolerabilis
1794 2302 2031 2357 concidit

457 2405 577 2471 leo;
619 2411 674 2459 et
707 2402 891 2458 leaenae
919 2414 1020 2454 vox
1060 2397 1364 2453 truculenta
1393 2395 1779 2465 exstinguitur,
1817 2407 1922 2462 qua
1945 2393 2030 2446 in-

461 2497 734 2552 ﬁrmiores
799 2491 1007 2549 belluas
1069 2490 1342 2555 territat;
1425 2487 1690 2542 dracones
1763 2484 2032 2540 bumiliati

459 2595 626 2651 sunt;
679 2581 1028 2655 myrmicoleo
1072 2579 1253 2650 peri-it,
1306 2579 1428 2634 cibo
1467 2579 1568 2647 ipsi
1612 2577 1832 2631 minime
1876 2575 2035 2629 mini-

459 2688 663 2744 strato;
693 2685 742 2732 et
779 2674 942 2730 catuli
979 2672 1188 2727 leonum
1220 2673 1373 2726 diuisi
1415 2679 1534 2725 sunt
1566 2672 1631 2724 ab
1661 2670 1904 2731 invicem,
1931 2667 2036 2721 hoc

461 2781 565 2835 est,
591 2767 805 2840 generis
829 2765 912 2820 sui
945 2762 1294 2819 successione
1321 2775 1426 2816 non
1453 2768 1838 2830 propagantur.

532 2859 615 2914 Ad
652 2855 934 2912 historiam
971 2853 1113 2924 quod
1144 2851 1356 2916 attinet,
1409 2858 1690 2921 postquam
1739 2849 1876 2903 dixit
1923 2847 2035 2901 Eli-

462 2951 668 3022 phazus
701 2948 885 3018 (vers.
927 2943 993 3010 8',
1032 2943 1124 3012 9),
1175 2957 1270 2998 eos
1308 2941 1400 3012 qui
1479 2942 1746 2996 seminant
1780 2939 2035 3003 absurda,

465 3048 734 3114 praecepto
758 3036 969 3094 Domini
993 3037 1280 3107 perituros,
1311 3033 1609 3104 subiungit,
1650 3033 1791 3088 idem
1818 3031 1956 3087 leoni
1985 3039 2041 3086 et

465 3134 689 3192 draconi
717 3140 1034 3188 eventurum
1084 3144 1228 3194 esse,
1269 3143 1390 3183 cum
1442 3129 1585 3183 Deus
1634 3127 1885 3182 voluerit.
1938 3124 2040 3192 Qui

465 3229 629 3298 igitur
657 3228 712 3281 in
739 3224 902 3281 mutis
931 3231 1112 3277 tuetur
1143 3221 1412 3287 ordinem,
1461 3219 1631 3274 multo
1675 3217 1850 3288 magis
1896 3217 2042 3270 hunc

467 3319 610 3374 inter
635 3314 879 3371 homines
903 3309 1266 3366 conservabit.

541 3431 707 3486 Vens.
736 3427 826 3482 17.
863 3424 1003 3492 Quid
1041 3425 1224 3480 enim?
1268 3423 1505 3494 nunquid
1549 3423 1700 3476 homo
1727 3436 1905 3474 coram
1939 3421 2046 3474 Do-

470 3523 614 3577 mino
665 3518 890 3574 mundus
946 3515 1090 3571 erit?
1133 3513 1210 3570 vel
1230 3513 1295 3570 de
1319 3513 1560 3580 operibus
1584 3514 1694 3568 suis
1721 3512 2046 3582 irreprelten-

471 3612 642 3668 sibilis
671 3611 748 3666 vir
771 3609 796 3662 .’

545 3703 780 3772 Didymi.
818 3699 897 3757 Ne
928 3701 1151 3764 dixeris,
1201 3700 1318 3754 haec
1355 3709 1406 3754 te
1453 3696 1584 3752 nulli
1625 3706 1848 3768 peccato
1876 3697 2047 3753 obno-

471 3797 622 3849 xium
663 3793 808 3863 pati;
838 3807 958 3846 cum
1003 3789 1332 3860 impossibile
1373 3789 1468 3855 sit,
1500 3789 1734 3843 hominis
1774 3791 1940 3842 vitam
1981 3789 2049 3841 ad

473 3887 770 3957 perlectam
813 3883 946 3954 legis
987 3897 1229 3938 normam
1262 3881 1498 3951 exigere.
1541 3879 1627 3934 Fit
1653 3881 1796 3934 enim
1827 3895 1923 3948 per
1953 3895 2050 3932 na-

477 3994 612 4035 turae
640 3976 1032 4038 inﬁrmitatem,
1061 3981 1119 4029 ut
1149 3981 1340 4044 sponte
1375 3971 1666 4037 interdum,
1709 3985 1853 4040 saepe
1883 3971 2049 4025 etiam

475 4071 666 4133 invite,
715 4069 771 4122 in
814 4073 1034 4138 peccata
1081 4063 1405 4118 incidamus.
1454 4060 1608 4126 Quod
1657 4059 1874 4129 quidem
1927 4074 2049 4113 cum

475 4159 756 4233 probabile
787 4159 880 4224 sit,
910 4157 958 4213 si
980 4155 1223 4211 adhibito
1245 4151 1450 4224 judicio
1477 4151 1837 4217 examinetur,
1868 4163 2053 4218 repre-

479 4253 797 4310 hensionem
841 4248 1255 4318 complectitur:
1284 4245 1329 4300 si
1371 4244 1514 4299 enim
1547 4251 1767 4312 propter
1805 4251 2050 4310 peccata,

478 4347 571 4418 qui
599 4348 650 4400 in
681 4341 932 4399 miserias
957 4350 1013 4396 et
1037 4353 1306 4395 aerumnas
1340 4336 1550 4400 incidit,
1580 4333 1854 4404 alﬂigitur,
1895 4347 2055 4388 nemo

481 4447 662 4492 autem
684 4443 770 4490 est
794 4449 824 4489 a
853 4432 974 4488 labe
998 4433 1231 4500 integer,
1258 4428 1499 4500 profecto
1522 4427 1590 4481 ab
1613 4427 1871 4482 arumnis
1896 4440 2056 4480 nemo

481 4531 619 4586 liber
649 4529 773 4585 erit.

560 4640 723 4696 Vens.
755 4639 811 4696 8.
843 4638 1124 4692 Dominum
1153 4645 1327 4690 autem
1361 4650 1537 4688 rerum
1563 4632 1792 4686 omnium
1820 4630 2057 4683 domina-

489 4745 654 4788 torem
712 4730 986 4796 invocabo,
1035 4729 1127 4798 qui
1173 4728 1300 4796 facit
1353 4742 1544 4796 magna
1578 4765 1594 4791 ,
1642 4733 1690 4776 et
1730 4721 2060 4789 inuestigabi-

490 4826 596 4890 lia,
646 4821 973 4893 gloriosaque
1011 4829 1062 4874 et
1101 4817 1404 4889 magniﬁca,
1454 4830 1677 4886 quorum
1718 4829 1820 4866 non
1857 4823 1929 4864 est
1972 4828 2066 4863 uu-

493 4930 689 4970 merus.

564 5008 800 5076 Didymi.
841 5005 1128 5070 Postquam
1177 5001 1423 5055 homines
1459 4997 1775 5067 insipientes
1800 4994 2071 5050 crimina-

496 5108 581 5152 tus
620 5097 834 5161 luisset,
864 5106 1027 5164 atque
1069 5107 1155 5160 ea,
1198 5107 1319 5160 qua:
1353 5091 1419 5145 de
1460 5089 1563 5144 illis
1589 5089 1770 5143 dicere
1814 5088 2068 5152 habebat,

493 5188 852 5257 exposuisset,
881 5200 1025 5239 nunc
1056 5199 1124 5239 ex
1154 5183 1236 5237 eis
1271 5198 1389 5250 quae
1417 5181 1691 5249 praponit,
1724 5177 2073 5248 providentiae

495 5287 767 5332 auctorem
798 5285 852 5328 et
897 5273 1145 5343 opiﬁcem
1200 5269 1367 5324 Deum
1413 5270 1726 5323 conﬁtetur.
1775 5264 1897 5320 Non
1943 5277 2073 5318 vero

506 5366 863 5439 improbabile
891 5373 994 5432 est,
1027 5361 1289 5431 ejusmodi
1331 5360 1648 5428 Eliphazum
1686 5372 1870 5413 secum
1903 5356 2072 5410 ratio-

498 5460 801 5515 cinationes
856 5456 1126 5518 habuisse,
1189 5451 1282 5520 qui
1327 5465 1509 5504 rerum
1562 5450 1920 5503 humanarum
1982 5460 2074 5500 sa-

499 5553 700 5623 pientia
744 5547 1110 5604 antecelleret.
1145 5546 1220 5599 De
1245 5541 1603 5598 invisibilibus
1632 5549 1814 5594 autem
1866 5548 1922 5594 et
1944 5537 2072 5592 visio

503 5645 700 5700 bilibus
740 5644 1000 5712 disputat,
1027 5639 1096 5694 de
1125 5637 1352 5691 minime
1391 5633 1820 5703 vestigabilibus,
1865 5631 2076 5701 magnis

502 5749 560 5795 et
599 5737 869 5808 gloriosis,
909 5733 1089 5804 pluvia
1120 5741 1174 5786 et
1207 5745 1370 5798 aqua,
1417 5726 1579 5782 verba
1628 5725 1866 5791 faciens;
1909 5738 2075 5793 quam

503 5831 720 5901 quidem
748 5829 792 5880 si
823 5842 852 5880 a
882 5826 1058 5895 pluvia
1091 5822 1450 5884 discriminat,
1491 5834 1609 5872 eam
1646 5831 1840 5887 aquam
1876 5814 2076 5870 intelli-

503 5921 604 5991 git,
633 5933 752 5988 quae
781 5931 813 5972 e
837 5915 1095 5979 fontibus,
1130 5929 1161 5968 e
1192 5911 1540 5974 torrentibus,
1571 5919 1627 5963 et
1649 5907 1801 5964 venis
1817 5905 2070 5963 scaturit.

2133 2022 2412 2094 χρησίμην
2453 2019 2532 2090 τῶ
2575 2018 2724 2087 γένει
2765 2015 2843 2086 τῷ
2875 2014 3151 2086 ἡμετέρῳ,
3187 2013 3322 2066 ἀλλά
3352 2012 3446 2065 καὶ
3487 2009 3705 2064 ἐπίϐου-

2133 2113 2244 2177 λον,
2278 2113 2372 2166 καὶ
2398 2106 2818 2172 κατασκευάζει,
2845 2108 2926 2160 ὅτι
2959 2108 3066 2162 πᾶν
3091 2106 3151 2158 τὺ
3175 2106 3355 2159 ἄδικον
3386 2105 3480 2157 καὶ
3507 2101 3706 2172 ὑπερή-

2137 2221 2304 2274 φανον
2342 2202 2635 2256 ἀπόλλυσιν
2665 2201 2697 2253 6
2727 2199 2878 2261 Θεός.
2927 2197 3249 2251 Ἀπόλλυται
3280 2194 3431 2264 γοῦν,
3469 2195 3651 2266 φησὶν,
3679 2195 3707 2246 6

2136 2296 2505 2357 ἀνυπόστατος
2535 2292 2703 2354 λέων,
2731 2291 2858 2344 ὅταν
2887 2288 3142 2359 βούληται
3169 2288 3322 2349 Θεός·
3353 2287 3634 2339 σϐέννυται
3657 2283 3708 2336 δὲ

2137 2388 2198 2441 τὸ
2225 2389 2414 2459 ἄγριον
2439 2385 2659 2456 φθέγμα
2687 2383 2786 2452 τῆς
2814 2381 3053 2450 λεαίνης,
3086 2380 3153 2433 δι’
3179 2374 3239 2432 οὗ
3273 2379 3586 2448 ὲκδειματοῖ
3609 2375 3712 2429 τῶν

2140 2477 2344 2549 θηρίων
2373 2477 2443 2530 τὰ
2469 2473 2862 2543 ἀσθενέστερα·
2901 2472 2994 2524 καὶ
3023 2472 3072 2522 οἱ
3103 2469 3391 2541 δράκοντες
3426 2465 3711 2521 ἐταπεινώ-

2141 2568 2315 2638 θησαν
2335 2584 2349 2598 ·
2378 2565 2592 2631 ἐξέλιπε
2617 2565 2673 2617 δὲ
2703 2566 2732 2617 6
2766 2561 3183 2634 μυρμηκολέων,
3218 2560 3292 2631 μὴ
3321 2558 3712 2631 χορηγηθείσης

2141 2659 2292 2728 αὐτῷ
2331 2658 2540 2730 τροφῆς
2559 2672 2574 2687 ·
2612 2655 2714 2710 καὶ
2735 2658 2789 2710 οἱ
2807 2656 3066 2723 σκύμνοι
3085 2652 3205 2706 τῶν
3225 2654 3489 2706 λεόντων
3509 2651 3716 2705 ἔλιπον

2142 2749 2474 2816 ἀλλήλους,
2486 2750 2585 2803 οὐκ
2607 2750 2686 2812 είς
2701 2746 2947 2817 διαδοχὰς
2964 2747 3442 2817 παραπέμπονται.

2216 2842 2374 2895 Κατὰ
2404 2842 2588 2911 μέντοι
2619 2842 2716 2911 τὴν
2749 2840 2994 2910 ἱστορίαν
3016 2879 3030 2903 ,
3069 2837 3254 2908 ἐπειδὴ
3289 2833 3442 2896 εἶπεν
3479 2833 3712 2902 Ἐλιφάζ,

2143 2932 2226 2984 ὅτι
2257 2932 2307 2984 oi.
2347 2930 2661 3002 σπείροντες
2689 2930 2757 2984 τὰ
2785 2930 2982 2993 ἄτοπα,
3015 2929 3123 2982 ἀπὸ
3163 2928 3588 2999 προστάγματος
3615 2927 3718 2978 Κυ-

2151 3024 2264 3094 ρίου
2305 3023 2656 3088 ἀπολοῦνται,
2689 3023 3001 3094 ἐπήγαγεν,
3034 3024 3116 3076 ὃτι
3163 3022 3259 3074 καὶ
3291 3020 3425 3073 λέων
3469 3019 3565 3073 καὶ
3599 3015 3720 3087 δρά-

2149 3129 2259 3165 κων
2292 3111 2355 3165 τὸ
2395 3111 2531 3165 αὐτὸ
2562 3111 2844 3176 πείσεται,
2880 3111 3015 3164 Θεοῦ
3049 3109 3396 3180 βουλομένου.
3450 3108 3509 3160 '0
3549 3105 3718 3158 τοίνυν

2149 3203 2244 3256 καὶ
2286 3205 2343 3256 ἐν
2372 3206 2485 3267 τοῖς
2527 3203 2741 3271 ἀλόγοις
2772 3202 2871 3274 τὴν
2913 3201 3166 3268 εὐταξίαν
3208 3199 3500 3271 διατηρῶν,
3551 3193 3720 3265 πολλῷ

2072 3300 2113 3358 C
2148 3294 2349 3364 μᾶλλον
2377 3296 2462 3347 ἐπ’
2488 3293 2811 3365 ἀνθρώπων.

2223 3432 2313 3484 Στ.
2341 3431 2424 3494 ιζ’.
2464 3432 2526 3486 Τί
2547 3429 2694 3502 reip;
2719 3428 2805 3499 μὴ
2833 3429 3088 3497 καθαρὸς
3116 3427 3287 3480 ἐσται
3307 3425 3531 3495 βροτὸς
3558 3425 3720 3478 ἐναν-

2151 3525 2282 3580 τίον
2305 3524 2413 3580 τοῦ
2441 3524 2660 3594 Κυρίου
2679 3540 2698 3589 ;
2718 3524 2781 3593 ἢ,
2810 3522 2929 3578 ἀπὸ
2956 3519 3074 3578 τῶν
3103 3520 3292 3593 ἔργων
3314 3519 3522 3588 αὑτοῦ,
3551 3518 3720 3589 ἀμεμ-

2154 3633 2301 3683 πτος
2325 3615 2479 3684 ἀνήρ
2497 3633 2516 3683 ;

2226 3707 2503 3777 Διδύμου.
2542 3707 2657 3761 Οὐκ
2705 3706 2802 3772 ἂν,
2836 3707 2989 3779 φησὶ,
3024 3707 3181 3761 τοῦτο
3210 3706 3404 3770 εἴποις,
3435 3705 3509 3769 ὡς
3552 3707 3720 3776 ἁμαρ·

2155 3815 2221 3869 τη
2231 3798 2414 3868 μάτων
2443 3798 2600 3861 ἐκτὸς
2624 3796 2719 3861 ὢν,
2749 3797 2922 3852 ταῦτα
2947 3798 3220 3863 πέπονθας
3243 3817 3255 3828 ·
3287 3799 3407 3850 ἐπεὶ
3430 3797 3565 3868 μηδὲ
3590 3796 3722 3848 ἐστιν

2157 3887 2442 3959 ἀνθρώπου
2477 3887 2636 3958 φύσιν
2673 3889 2809 3960 πρὸς
2841 3889 2938 3960 τὴν
2979 3889 3086 3942 τῶν
3116 3889 3296 3960 νόμων
3324 3887 3609 3959 ἀκρίϐειαν
3637 3899 3726 3937 πο-

2156 3976 2482 4039 λιτεύεσθαι.
2522 3978 2679 4030 Ἐστι
2710 3977 2820 4050 γὰρ
2842 3977 2930 4030 ὅτε
2970 3978 3067 4046 μὲν
3093 3977 3188 4031 καὶ
3220 3976 3506 4041 ἑκουσίοις,
3535 3972 3722 4028 πολλά-

2159 4087 2246 4132 κις
2275 4068 2331 4121 δὲ
2371 4069 2464 4122 καὶ
2497 4068 2773 4132 ἁκουσίοις
2802 4067 3225 4140 περιπίπτομεν,
3261 4067 3349 4121 διὰ
3385 4067 3485 4136 τὴν
3508 4067 3608 4137 τῆς
3635 4061 3725 4132 φύν

2163 4177 2298 4223 σεως
2342 4159 2645 4214 ἀσθένειαν.
2683 4157 2852 4211 Τοῦτο
2886 4157 3070 4229 μέντοι
3104 4158 3328 4212 πιθανὸν
3375 4156 3650 4228 ὑπάρχον,
3681 4151 3724 4204 εἰ

2161 4250 2302 4304 κατὰ
2324 4252 2420 4321 τὴν
2447 4250 2654 4304 ἔννοιαν
2670 4249 2996 4316 ἐξετάζοιτο,
3018 4250 3128 4321 ἔχει
3154 4249 3244 4302 τὸν
3274 4249 3509 4320 ἔλεγχον.
3541 4249 3606 4301 Εἰ
3628 4243 3726 4314 γὰρ

2161 4341 2230 4393 δι’
2255 4341 2532 4412 ἁμαρτίας
2565 4343 2594 4393 6
2628 4342 2974 4411 περιπίπτων
3002 4342 3244 4412 ἀνιαροῖς
3276 4339 3534 4403 θλίϐεται,
3567 4335 3726 4396 οὐδεὶς

2162 4433 2218 4486 δὲ
2247 4433 2504 4506 καθαρὸς,
2533 4433 2708 4498 οὐδεὶς
2735 4435 2893 4499 ἐκτὸς
2921 4432 3159 4505 ἀνιαρῶν
3191 4431 3482 4504 ὑπάρξειεν
3508 4432 3596 4486 ἄν.

2236 4627 2326 4681 Στ.
2361 4627 2428 4696 η’.
2469 4628 2687 4696 Κύριον
2733 4626 2803 4680 δὲ
2846 4626 2954 4680 τὸν
2993 4625 3236 4679 πάντων
3272 4625 3584 4688 Δεσπότην
3613 4618 3724 4671 ἐπι-

2164 4718 2517 4786 καλέσομαι,
2546 4719 2650 4771 τὸν
2671 4718 2962 4772 ποιοῦντα
2994 4717 3250 4788 μεγάλα,
3278 4716 3375 4770 καὶ
3403 4709 3727 4780 ἀνεξιχνία-

2164 4822 2300 4869 στα,
2316 4807 2537 4873 ἐνδοξά
2554 4827 2617 4862 τε
2637 4809 2736 4862 καὶ
2757 4809 3013 4874 ἐξαίσια,
3037 4803 3125 4861 ὧν
3148 4811 3258 4862 οὐκ
3282 4807 3440 4860 ἔσται
3474 4802 3724 4873 ἀριθμός·

2238 4984 2515 5054 Διδύμου.
2557 4986 2950 5056 Αἰτιασάμενος
2983 4986 3110 5049 τοὺς
3149 4984 3412 5056 ἄφρονας,
3447 4981 3542 5035 καὶ
3575 4975 3730 5032 εἰπὼν

2167 5076 2204 5129 ἃ
2236 5071 2356 5130 εἷπε
2387 5077 2513 5145 περὶ
2552 5078 2758 5143 αὐτῶν,
2791 5078 2886 5132 νῦν
2920 5078 3226 5150 προνοητὴν
3250 5075 3503 5147 ὁμολογεῖ
3539 5073 3631 5126 καὶ
3653 5069 3733 5135 δη·

2176 5168 2432 5239 μιουργὸν
2455 5169 2544 5223 τὸν
2568 5168 2718 5234 Θεὸν,
2746 5169 2834 5222 διὰ
2861 5169 2968 5224 τῶν
2997 5169 3339 5223 ἐκτιθέντων.
3377 5167 3491 5220 Οὐκ
3521 5158 3733 5218 ἀπεικὸς

2170 5258 2227 5311 δὲ
2267 5259 2429 5313 αὐτὸν
2477 5259 2680 5323 ταύτας
2710 5259 2854 5330 ἔχειν
2893 5260 2994 5323 τὰς
3032 5259 3347 5330 διαλῄψεις,
3389 5256 3557 5326 ἄνδρα
3591 5250 3734 5320 σοφὸν

2171 5349 2299 5402 ὄντα
2325 5349 2396 5402 τά
2419 5349 2753 5422 ἀνθρώπινα.
2794 5353 2947 5422 Ἔχει
2986 5351 3044 5404 δὲ
3076 5351 3171 5404 καὶ
3200 5349 3330 5420 περὶ
3361 5347 3607 5420 ἀοράτων
3655 5337 3736 5396 καὶ
3786 5414 3790 5418 _

2172 5439 2383 5512 ὁρατῶν
2408 5441 2680 5512 διάληψιν.
2705 5444 2833 5512 περὶ
2860 5442 3283 5512 ἀνεξιχνιάστων
3311 5439 3508 5507 λέγων,
3537 5435 3630 5491 καὶ
3654 5448 3731 5502 μῖ-

2165 5533 2376 5602 γάλων,
2402 5534 2498 5586 καὶ
2520 5532 2767 5599 ἐνδόξων,
2799 5534 2955 5588 ὑετοῦ
2979 5551 3038 5587 τε
3063 5535 3158 5586 καὶ
3193 5531 3386 5593 ὓδατος
3403 5547 3419 5563 ο
3441 5530 3577 5600 ὅπερ
3607 5525 3728 5584 ῧσωρ

2172 5626 2223 5677 εί
2264 5623 2562 5678 διαστέλλοι
2589 5623 2684 5677 τοῦ
2725 5624 2906 5686 ὑετοῦ,
2933 5625 2996 5677 τὸ
3042 5626 3107 5677 ἐκ
3147 5621 3362 5692 πηγῶν,
3395 5607 3730 5681 καὶιχειμάῤ’

2175 5720 2303 5789 ρων,
2327 5715 2421 5769 καὶ
2443 5715 2653 5785 φλεϐῶν
2669 5714 2754 5786 εἴη
2772 5715 2837 5768 ἂν
2853 5715 3045 5784 λέγων.
3063 5716 3140 5785 Φη
3149 5714 3200 5765 σὶ
3211 5712 3406 5767 τοίνυν,
3424 5703 3504 5754 ὅτι
3535 5697 3667 5766 Ἐγὼ
3678 5693 3728 5789 οὐ

2172 5786 2414 5873 δοξάζω,
2456 5807 2576 5861 οὐδὲ
2614 5807 2830 5878 φρονῶ,
2871 5807 2947 5871 ὡς
2994 5808 3043 5859 οἱ
3082 5798 3294 5859 ὰσεΰεῖς
3314 5835 3330 5858 9
3371 5793 3572 5860 ἀλλάγε
3613 5786 3716 5858 ’πρά

2173 5917 2319 5954 νοιαν
2357 5899 2717 5970 ἐπιστάμενος
2743 5937 2757 5962 ,
2815 5899 2908 5951 καὶ
2951 5890 3108 5954 εἰδὼς
3152 5889 3244 5944 τὸν
3294 5887 3426 5941 Θεὸν
3471 5883 3732 5948 Asan-61m
