4118 6440
504 435 1865 451 Mm
1911 435 1925 443 ρ

1508 615 1679 661 ANNO
1737 612 1957 659 DOMINI
2020 611 2294 657 CCCXCW.

901 991 1072 1166 S.
1219 982 2877 1191 AMPHILOCHIUS

1450 1285 1874 1347 ICONIENSIS
1899 1282 2331 1345 EPISCOPUS.

1068 1454 1283 1517 (Notitia
1305 1467 1370 1503 ex
1396 1451 1695 1504 Bibliotheca
1715 1454 2195 1520 Galtandiana,tom.
2224 1456 2307 1515 VI,
2329 1456 2532 1519 Proleg.
2559 1472 2607 1519 p.
2634 1457 2722 1505 xu.‘

358 1650 393 1705 1.
443 1647 812 1717 Cappadocem
876 1645 1044 1700 fuisse
1104 1645 1560 1714 Amphilochium,
1627 1642 1849 1714 perinde
1875 1652 1922 1707 Α
1952 1640 2233 1711 Lycaoniae
2267 1653 2415 1693 more
2451 1636 2746 1705 apostolico
2780 1638 3147 1706 composuisse
3178 1639 3402 1692 traditur
3432 1637 3515 1711 (ι).

295 1756 429 1814 atque
448 1743 701 1797 Basilium
730 1751 784 1795 et
806 1739 1128 1809 Gregorium
1178 1737 1597 1800 Nazianzenum,
1649 1736 1846 1790 diserte
1947 1737 2105 1789 Anno
2139 1741 2339 1795 autem,
2370 1739 2430 1783 ιιι
2458 1729 2671 1785 videtur
2701 1728 2820 1801 (ιη),
2856 1729 2958 1783 577
2986 1730 3258 1786 consultus
3288 1732 3354 1786 ab
3383 1731 3520 1785 alte-

296 1836 445 1900 protlit
506 1834 867 1901 llieronymus
898 1828 975 1898 (α)
1006 1847 1021 1881 :
1053 1829 1182 1896 quin
1212 1837 1267 1881 et
1318 1827 1603 1891 Cursarem,
1641 1826 1692 1880 in
1732 1826 1845 1895 ipsa

297 1925 515 1979 videlicet
543 1922 799 1992 primaria
827 1920 1184 1989 Cappadociie
1216 1918 1369 1981 urbe,
1421 1919 1706 1986 magnique
1744 1915 1846 1969 Ba-

301 2015 390 2069 silii
417 2015 610 2083 patria,
666 2023 840 2067 ortum
878 2009 1159 2076 habuissio,
1220 2015 1405 2078 aperte
1435 2009 1567 2063 satis
1620 2015 1850 2062 testatur

300 2107 424 2160 idem
445 2104 670 2159 Basilius
688 2104 780 2173 ib).
800 2101 1040 2155 Primum
1069 2102 1255 2157 rhetor
1277 2115 1343 2154 ac
1365 2098 1480 2153 foro
1504 2096 1846 2166 assuetuslc),

298 2196 345 2248 in
380 2192 703 2247 solitudinem
732 2192 989 2246 secedens
1040 2189 1363 2243 monachum
1403 2188 1532 2257 egit.
1588 2186 1850 2255 Deinceps

289 2298 401 2338 vero
432 2279 850 2336 induclabilibus
882 2280 1073 2351 gratia?
1109 2279 1306 2332 retibus
1357 2287 1560 2347 captus,
1602 2289 1753 2346 atque
1796 2278 1848 2329 in

284 2375 493 2427 mediam
521 2372 786 2425 Pisidiam
811 2373 1015 2423 numine
1046 2371 1227 2423 divino
1268 2368 1547 2434 deductus,
1580 2377 1639 2422 ιιι
1668 2367 1848 2422 verbis

281 2476 395 2518 utar
438 2463 622 2517 Basilii
685 2461 783 2531 (ιι),
837 2460 1000 2515 lconii
1060 2462 1349 2531 episc0pus
1388 2459 1489 2513 fuit
1542 2460 1848 2525 ordinatus,

282 2566 418 2605 anno
438 2552 540 2605 ’575
563 2560 805 2614 exeunte,
842 2550 925 2604 vel
961 2551 1121 2605 initio
1145 2550 1268 2603 anni
1298 2550 1403 2602 574
1438 2562 1505 2604 ex
1556 2549 1657 2603 viri
1685 2549 1846 2603 'docti

276 2643 530 2697 sententia
560 2641 629 2711 (e)
672 2656 834 2710 quam
866 2642 1169 2710 sequimur.
1218 2639 1414 2694 Basilio
1451 2639 1502 2693 in
1536 2639 1722 2709 primis
1752 2639 1851 2694 fuit

274 2733 506 2786 omnium
538 2730 914 2795 charissimus,
940 2738 1000 2783 ut
1027 2743 1093 2783 ex
1123 2728 1365 2796 pluribus
1387 2727 1505 2795 ejus
1528 2727 1767 2797 epistolis
1783 2729 1849 2784 ad

271 2822 439 2889 ipsum
473 2819 613 2873 datis
666 2828 1003 2887 compertum
1042 2817 1344 2883 habemus;
1391 2831 1524 2887 quas
1554 2818 1694 2875 inter
1718 2819 1851 2871 emi-

267 2923 397 2967 nent
422 2924 531 2968 tres
562 2914 838 2967 canonicrc
862 2912 954 2983 (Ῑ),
983 2913 1125 2965 intra
1159 2924 1329 2966 annos
1362 2911 1468 2965 574
1499 2921 1554 2966 ct
1601 2912 1704 2966 575
1735 2926 1853 2983 per‘

1950 1825 2060 1879 rius
2095 1823 2405 1894 provinciae,
2433 1821 2666 1877 fortasse
2696 1820 2978 1891 Lyciensis
3010 1821 3109 1892 (η),
3144 1822 3407 1890 episcopis
3428 1824 3519 1891 qui

1950 1918 2093 1971 circa
2168 1915 2465 1971 Macedonii
2520 1913 2769 1968 lueresim
2822 1913 3174 1978 ﬂuctuabant,
3234 1912 3518 1966 concilium

1950 2007 2127 2077 coegit
2161 2028 2171 2061 :
2202 2006 2256 2060 in
2296 2021 2404 2075 quo
2443 2005 2823 2060 consultationi
2867 2005 3217 2073 respondens.
3249 2004 3520 2073 egregiam

1950 2096 2262 2165 synodicam
2303 2110 2401 2150 suo
2439 2104 2492 2157 et
2526 2096 2755 2148 aliorum
2797 2094 3167 2164 episcoporum
3200 2095 3524 2165 Lycaonien—

1955 2186 2097 2240 sium
2129 2186 2344 2241 nomine
2370 2188 2717 2255 conscripsit;
2750 2202 2908 2257 quam
2958 2188 3153 2243 saeculo
3175 2188 3451 2256 superiore
3492 2204 3520 2241 a

1951 2277 2217 2332 Cotelerio
2249 2279 2469 2341 editam,
2514 2278 2658 2333 inter
2685 2288 2866 2333 nostra
2925 2278 3368 2349 Amphilochiana
3398 2293 3524 2346 pro-

1954 2367 2190 2422 tulimus.
2224 2368 2380 2422 Anno
2413 2369 2665 2438 deinceps
2715 2370 2813 2424 581
2856 2369 3063 2438 synodo
3089 2369 3327 2441 generali
3378 2368 3523 2423 Con-

1953 2460 2451 2529 stantinopolitanae
2476 2460 2740 2528 interfuit,
2768 2471 2932 2530 atque
2952 2476 2980 2514 a
3001 2461 3249 2517 Patribus
3272 2462 3338 2516 ad
3363 2461 3522 2514 fidem

1953 2551 2275 2607 catholicam
2308 2567 2404 2621 per
2436 2550 2579 2606 Asiae
2612 2554 2919 2621 provincias
2947 2553 3335 2607 restituendam
3375 2551 3524 2605 dele-

1952 2651 2108 2712 gatus
2128 2640 2296 2697 fuisse
2330 2644 2658 2712 comperitur
2694 2643 2790 2713 (ο).
2821 2644 2936 2708 Quo
2971 2644 3095 2696 item
3147 2657 3288 2696 anno
3316 2643 3525 2710 primus

1953 2731 2271 2806 subscripsit
2299 2740 2482 2786 noster
2531 2730 2825 2786 lconiensis
2874 2732 3156 2799 episcopus
3208 2738 3526 2785 testamento

1952 2823 2196 2894 Gregorii
2246 2822 2596 2888 Nazianzeni,
2656 2821 2843 2876 Flavio
2899 2820 3164 2876 Eucherio
3230 2828 3284 2875 et
3343 2818 3526 2874 Flavio

1952 2914 2181 2986 Evagrio
2210 2931 2359 2971 coss.
2411 2915 2607 2971 litteris
2644 2914 2961 2985 consignato
3011 2912 3113 2985 (ρ).
3150 2912 3372 2968 Biennio
3407 2922 3528 2981 post

266 3004 518 3071 scriptte:
547 3016 655 3070 quo
701 2978 918 3069 quidem
972 3011 1221 3072 tempore
1255 3002 1450 3056 librum
1502 2978 1750 3071 quoque-
1775 3001 1853 3055 De
1884 2978 1924 3031 Β
1955 2978 2158 3079 synddo
2187 3007 2373 3077 viginti
2419 3007 2657 3076 quinque
2703 2978 3078 3075 epis‘COporu‘m
3112 3004 3346 3075 praefuit,
3385 2978 3529 3060 Sidae

265 3091 469 3160 Spiritu
507 3104 689 3147 sancto
741 3093 976 3147 Basilius
1026 3093 1204 3148 eidem
1257 3092 1635 3165 Amphilocltio
1664 3092 1853 3147 inscri-

264 3184 440 3255 psisse
463 3184 778 3254 perhibetur
820 3182 917 3255 (g).
964 3184 1042 3237 Eo
1090 3183 1275 3237 itidem
1335 3182 1674 3237 familiariter
1724 3199 1854 3238 usus

261 3279 567 3350 Gregorius
596 3278 926 3349 Theologus,
962 3289 1020 3331 ut
1043 3295 1108 3333 ex
1133 3280 1250 3346 ejus
1287 3278 1530 3349 epistolis
1553 3278 1695 3333 haud
1724 3293 1855 3345 pau-

264 3371 348 3426 cis
377 3372 444 3424 ad
469 3372 641 3440 ipsum
673 3370 812 3425 datis
838 3380 1075 3425 constat.
1111 3370 1175 3423 Et
1196 3369 1320 3438 jure
1345 3384 1479 3423 sane
1528 3368 1734 3437 Optimo
1764 3383 1856 3422 no-

262 3470 380 3516 ster
404 3461 699 3517 lconiensis
753 3462 983 3516 antistes
1037 3461 1248 3531 magnis
1284 3459 1388 3514 illis
1422 3458 1553 3513 viris
1581 3461 1632 3511 in
1681 3460 1855 3528 pretio

261 3553 521 3607 habitus:
572 3553 665 3622 qui
736 3552 997 3606 nimirum
1050 3551 1281 3620 egregiis
1339 3565 1462 3605 cum
1496 3549 1694 3604 mentis
1742 3559 1854 3604 tum

260 3643 435 3696 animi
464 3643 675 3696 dotibus
709 3642 969 3711 prmditns
1011 3641 1182 3696 fuisse
1216 3650 1489 3695 noscatur.
1523 3639 1670 3696 Illius
1707 3644 1851 3696 enim

259 3733 463 3802 igneus
486 3733 761 3787 charitatis
798 3732 1001 3794 fervor,
1037 3745 1359 3799 morumque
1407 3731 1643 3799 gravitas
1682 3746 1746 3785 ac
1780 3740 1857 3785 ta-

254 3824 562 3881 citurnitas
603 3823 906 3878 celebratur
940 3822 1044 3893 (Ιι).
1081 3822 1333 3877 Discendi
1398 3821 1633 3875 studium
1663 3831 1718 3876 et
1758 3824 1856 3877 hu-

250 3918 552 3973 militatem
606 3915 980 3969 admirabatur
1027 3913 1082 3967 in
1141 3926 1206 3966 eo
1255 3911 1486 3967 Basilius
1522 3911 1623 3983 li);
1659 3913 1857 3982 quippe

245 4007 347 4076 qui
384 4006 604 4060 discere
629 4020 733 4060 non
768 4011 1119 4075 gravaretur,
1148 4016 1268 4056 cum
1301 4001 1528 4055 docendi
1564 4001 1737 4056 locum
1774 4011 1854 4055 te-

248 4107 441 4152 neret.
472 4095 707 4150 Tantum
737 4097 974 4164 denique
999 4094 1200 4148 amoris
1226 4093 1329 4147 sibi
1359 4093 1498 4162 apttd
1519 4107 1705 4147 omnes
1727 4108 1857 4148 con-

244 4187 512 4249 ciliabat,
537 4196 594 4239 ut
617 4186 809 4239 nullius
832 4183 1125 4254 praesentia
1151 4183 1319 4253 magis
1339 4190 1854 4252 expetereturquam

242 4279 629 4348 Ampltilochii
660 4279 743 4349 (j).
1694 4350 1699 4355 _

320 4372 396 4425 li.
438 4370 562 4425 Jam
590 4386 744 4436 vero,
782 4380 841 4426 ut
871 4384 962 4425 res
993 4369 1046 4423 in
1079 4368 1386 4437 episcopatu
1420 4369 1488 4423 ab
1510 4382 1575 4422 eo
1596 4365 1854 4437 prteclare

230 4474 443 4531 gestas
493 4464 810 4515 summatim
864 4475 1265 4523 recenseamus,
1326 4458 1631 4514 Isaurorum
1676 4458 1857 4514 Eccle-

226 4554 395 4608 siam
436 4562 663 4607 sanctus
689 4553 853 4608 Pater
908 4554 1201 4620 prudenter
1247 4566 1469 4607 curasse
1504 4550 1603 4622 (Ir),
1661 4566 1855 4621 resque

313 4797 413 4867 (α)
448 4796 679 4853 Hieron.
704 4798 866 4866 epist.
894 4798 983 4863 70,
1017 4798 1089 4852 al.
1117 4799 1205 4859 84,
1243 4796 1270 4867 ᾗ
1305 4812 1375 4851 tv.

342 4871 407 4941 ὁ)
438 4868 955 4941 Basil._cpist.__l_61,
994 4869 1071 4941 al.
1092 4868 1279 4941 {5933,}
1309 4884 1347 4919 ι.

318 4936 402 5000 rc)
438 4936 523 4990 ld.
557 4938 717 5005 epist.
756 4937 880 5001 150,
909 4938 982 4991 al.
1012 4938 1137 5003 ⁸592,
1177 4937 1237 5008 §§
1272 4952 1308 4990 ll
1344 4946 1393 4990 et
1422 4952 1494 4989 tv.

318 4993 414 5079 id)
442 5005 531 5079 id.
562 5008 723 5079 epist.
760 5007 883 5079 1-(ξ1,
916 5007 951 5079 ᾗ
980 5024 1017 5060 t.
1068 5077 1076 5079 Α
1276 5075 1335 5079 Α
1405 5073 1457 5079 η

475 5024 531 5058 u.
562 5024 723 5069 epist.
760 5024 883 5069 ‘lUl,
916 5024 943 5069 ᾖ
980 5024 1017 5060 t.

318 5024 381 5071 ζα
448 5024 531 5058 ια.
562 5024 723 5076 epist.
760 5024 883 5069 ‘lUl,
916 5024 943 5079 ε
980 5024 1017 5060 t.

311 5024 414 5146 (ej
441 5075 654 5146 Maran.
683 5076 736 5129 in
782 5075 892 5132 Vit.
927 5077 1096 5131 Basil.
1125 5092 1245 5145 cap.
1273 5075 1360 5139 50,
1402 5073 1461 5146 §§

313 5143 402 5212 tl)
442 5145 610 5214 Basil.
641 5148 801 5214 epist.
832 5147 955 5210 188,
997 5148 1119 5211 199,
1150 5143 1277 5201 217.

310 5214 413 5283 (9)
463 5213 750 5285 garamin
796 5214 899 5270 Vit.
927 5217 1095 5271 anil.
1120 5232 1239 5281 cap.
1269 5216 1358 5278 50,
1392 5214 1419 5285 §
1452 5230 1523 5285 vt.

310 5281 418 5357 (hi
448 5281 636 5357 _Basil._
674 5284 771 5339 lib.
786 5285 876 5357 _De
902 5288 1051 5357 Spir.
1103 5296 1306 5349 sancto,
1336 5281 1453 5353 cap.
1482 5284 1570 5349 50,
1603 5285 1630 5357 ξ
1666 5298 1852 5340 Lxxtx.

303 5350 397 5423 (ί)
436 5350 526 5426 Μ-
554 5354 715 5426 epist
743 5355 863 5426 190,.
895 5354 923 5426 §
950 5350 996 5409 ἰο

349 5426 394 5485 i)
436 5422 519 5475 ld.
551 5423 712 5491 epist.
750 5424 875 5477 176.

366 5437 394 5485 )
436 5437 519 5475 ια.
551 5437 712 5491 epmt.
750 5437 875 5477 illi.

296 5437 403 5595 iit
436 5491 948 5595 ᾕδεὶέςεειῖίεξέηθοι
975 5494 1003 5565 §
1034 5513 1068 5550 ι-

331 5562 385 5631 η
435 5562 521 5616 ιιι.
560 5563 723 5631 epist.
762 5563 892 5617 200.

947 5633 1113 5707 Busil.
1150 5636 1382 5707 αρε-58,
1420 5635 1447 5707 §
1477 5652 1512 5690 t‘.

300 5704 415 5770 (η)
455 5698 673 5756 Tillem.
703 5701 867 5756 Mem.
893 5705 1022 5757 eccl.
1060 5716 1191 5759 tum.
1216 5698 1322 5770 ἸΧ,
1352 5698 1469 5778 pag.
1496 5707 1621 5762 024.

559 5814 841 5876 Parnm“
882 5818 1001 5876 Gn.
1045 5816 1346 5878 XXXfX.

1489 5091 1503 5128 l
1545 5082 1595 5127 ει
1621 5090 1690 5127 Ἣ.

1958 3099 2010 3152 in
2040 3098 2352 3169 Pamphylia
2372 3106 2559 3154 contra
2583 3097 2931 3154 Messalianos
2951 3106 3172 3163 coactae,
3192 3107 3325 3152 teste
3346 3096 3526 3153 Theo-

1957 3189 2134 3245 dorito
2166 3190 2239 3260 (q)
2265 3209 2278 3242 :
2308 3194 2397 3259 qui
2447 3199 2502 3244 ct
2547 3190 2672 3243 alibi
2716 3189 2786 3259 (r)
2829 3209 2841 3242 :
2882 3207 2900 3240 ι
2942 3188 3285 3255 Accuratius,
3320 3189 3520 3257 inquit,

1958 3281 2205 3336 haeresim
2248 3280 2738 3350 (Messalianorum)
2796 3278 3035 3335 confodit
3083 3279 3239 3349 longe
3296 3281 3528 3349 optimus

1956 3370 2381 3441 Amphilochius,
2434 3371 2546 3441 ipsa
2612 3371 2823 3425 illorum
2855 3371 3015 3425 verba
3050 3370 3186 3425 actis
3214 3386 3243 3424 ει
3279 3385 3339 3425 se
3396 3385 3529 3424 con-

1955 3461 2111 3515 fectis
2137 3460 2403 3525 inserens,
2439 3475 2557 3530 qua:
2586 3461 2889 3529 dogtnatum
2940 3457 3295 3514 differentiam
3346 3473 3530 3529 aperte

1958 3551 2260 3606 declarant.
2306 3570 2325 3602 ›
2358 3551 2461 3607 Sed
2494 3550 2798 3619 hujusmodi
2836 3565 2971 3620 opus
3000 3550 3526 3618 Atupltilocltianum,

1962 3652 2021 3697 ut
2055 3640 2224 3696 ferme
2249 3642 2474 3709 reliqua,
2524 3643 2813 3698 intercidit.
2849 3644 3040 3697 Exstat
3071 3643 3426 3712 fragmentum
3459 3655 3528 3696 ex

1960 3733 2320 3805 Amphilochii
2352 3733 2575 3802 epistola
2604 3734 2902 3800 dogmatica
2938 3736 3004 3789 ad
3027 3734 3381 3788 Panchariuut
3416 3734 3533 3787 dia-

1957 3842 2150 3883 conum
2182 3826 2461 3881 Sidensem
2487 3824 2577 3893 (δ),
2605 3824 2745 3892 quod
2772 3824 3000 3877 fortasse
3029 3824 3094 3877 ad
3126 3839 3212 3879 res
3238 3825 3292 3878 in
3336 3838 3398 3878 ea
3446 3823 3533 3879 Si-

1959 3918 2152 3975 detaua
2184 3918 2390 3986 synodo
2418 3925 2595 3986 gestas
2619 3914 2914 3984 pertinere,
2943 3914 3086 3969 haud
3115 3916 3381 3971 immerito
3408 3918 3531 3985 quis

1956 4009 2249 4085 existimet.
2274 4009 2557 4077 Utcunque
2583 4007 2767 4073 fuerit,
2787 3996 2995 4077 juvabit
3019 4014 3195 4062 tamen
3221 4009 3367 4064 adire
3392 4009 3555 4085 Pbo-t

1960 4099 2091 4154 tium
2128 4082 2217 4170 (ἓ),
2248 4099 2338 4169 qui
2363 4109 2479 4153 acta
2514 4100 2737 4168 hujusce
2766 4097 2956 4169 synodi
2983 4095 3124 4151 Sidae
3148 4097 3341 4152 habitae
3377 4099 3526 4169 legit,

1957 4189 2222 4259 pluraque
2254 4192 2319 4244 de
2352 4205 2414 4244 ea
2446 4190 2584 4245 scitu
2611 4191 2767 4259 digna
2800 4188 3029 4258 posteris
3064 4187 3302 4241 tradidit.
3344 4186 3530 4256 Neque

1882 4318 1925 4374 Ο
1960 4280 2354 4336 Tillemontium
2384 4283 2486 4336 hac
2515 4284 2580 4335 de
2612 4296 2670 4337 re
2692 4290 2974 4350 prmtereas
2995 4280 3151 4335 velim
3182 4279 3283 4351 (ιι).

2034 4371 2117 4424 Ill.
2162 4372 2327 4426 Porro
2350 4376 2414 4428 ad
2440 4374 2582 4427 hunc
2613 4375 2788 4441 ipsum
2816 4387 3012 4426 annum
3044 4371 3169 4436 585,
3203 4380 3261 4425 ut
3290 4378 3410 4441 post
3429 4368 3533 4423 Ba-

1962 4462 2175 4518 ronium
2203 4461 2278 4533 (υ)
2312 4471 2533 4519 censent
2567 4464 2813 4519 Valesius
2838 4464 2918 4534 (π)
2948 4479 3011 4518 ac
3042 4463 3415 4519 Tilletnoutius
3443 4463 3521 4531 (y)

1963 4562 2171 4623 spectat
2200 4555 2470 4623 egregium
2509 4555 2637 4609 illud
2672 4555 3025 4623 Amphilochii
3064 4554 3294 4619 facinus,
3331 4570 3533 4608 lthtllO-

2030 4798 2102 4869 (ο)
2136 4800 2343 4923 Βοεὸηι.
2380 4800 2519 4854 Hist.
2548 4801 2673 4856 εστι.
2719 4801 2806 4853 lib.
2846 4817 2895 4865 v,
2943 4814 3039 4867 cap
3093 4800 3155 4864 8;
3187 4798 3398 4855 Sozo‘n.
3435 4802 3527 4854 lib.

2030 4898 2058 4923 η.
2089 4885 2205 4923 cap.

1959 4882 2058 4928 'v'll,
2089 4885 2205 4928 (‘39.

2030 4898 2058 4928 η,
2089 4886 2205 4944 cap.
2242 4886 2275 4923 ‘J

2030 4937 2103 5071 ἓν)
2134 4942 2293 5021 (ireg.
2326 4939 2453 4993 Naz.
2480 4936 2614 5021 Qpp.
2649 4952 2777 4993 tum.
2879 4939 2976 5039 sub
2999 4941 3113 5039 init.

2054 5013 2107 5071 rt)
2139 5009 2404 5063 'llteodor.
2444 5009 2584 5064 Hist.
2624 5012 2746 5062 εει-Ι.
2786 5012 2876 5063 Lb.
2912 5024 2986 5068 tt,
3018 5025 3113 5071 etp

2054 5013 2107 5073 τι)
2139 5009 2404 5063 Theudor.
2444 5009 2584 5064 Hist.
2624 5012 2746 5062 εει-Ι.
2786 5012 2876 5063 lib.
2912 5024 2986 5068 tv,
3018 5025 3134 5077 c'tp.
3182 5012 3266 5063 ll.

2031 5081 2101 5142 (ν)
2134 5077 2212 5147 illi.
2245 5077 2441 5132 ﬂleret.
2468 5078 2575 5145 fab.
2611 5079 2701 5133 lib.
2734 5095 2805 5142 tv,
2835 5094 2953 5147 cap.
2983 5079 3067 5131 ll.

2035 5148 2102 5213 (δ)
2132 5146 2268 5200 Infra
2293 5148 2390 5200 sub
2413 5164 2556 5202 num.
2586 5149 2671 5201 l6.

2036 5219 2100 5282 (τ)
2137 5215 2292 5269 ant.
2318 5215 2455 5269 Bibl.
2483 5220 2601 5272 cod.
2641 5233 2730 5273 ιιι.

2035 5285 2528 5356 μιλτξιιοιηλζέηι.
2559 5288 2683 5341 ccci.
2703 5298 2824 5341 tom.
2858 5287 2989 5353 Vill,
3017 5302 3148 5356 pagg
3201 5285 3302 5339 534
3324 5299 3375 5341 et
3404 5285 3527 5345 7113.

1967 5363 2081 5408 not.
2106 5354 2161 5416 2,
2186 5352 2290 5409 Sur
2312 5355 2383 5408 les
2404 5354 2728 5411 Mcssaliens.

2066 5424 2114 5493 υ)
2147 5424 2340 5477 Baron.
2364 5428 2429 5477 ad
2462 5442 2587 5480 anu.
2621 5426 2743 5485 385,
2778 5427 2805 5493 §
2836 5443 2983 5480 χχχι.

2048 5427 2114 5563 Eu)
2147 5427 2340 5477 Baron.
2364 5428 2429 5477 ad
2462 5442 2587 5480 anu.
2621 5427 2743 5485 385,
2777 5427 2983 5549 Vim.
3101 5496 3110 5505 .

2048 5493 2332 5617 fatales.
2362 5497 2427 5548 ad
2457 5493 2721 5553 Theudor.
2753 5499 2776 5550 Ι
2807 5508 2891 5551 ist.
2916 5497 3040 5549 erat.
3080 5494 3169 5549 lib.
3205 5509 3256 5562 ν,
3298 5509 3413 5564 cap.
3442 5492 3529 5554 16,

1973 5580 2082 5618 ηοι.
2116 5580 2168 5617 2.
3608 5587 3617 5597 ς

2044 5633 2358 5707 (μλῇιιθίη.
2397 5633 2554 5707 tum.
2592 5635 2718 5707 νει-ει.
2751 5644 2878 5692 tom.
2915 5636 3000 5700 Vl,
3045 5652 3143 5707 pag
3191 5635 3294 5691 697
3323 5643 3373 5688 et
3402 5630 3529 5697 80?,

1972 5714 2087 5761 not.
2121 5704 2240 5771 105,
2270 5702 2372 5757 Sttr
2404 5705 2476 5757 les
2507 5704 2711 5758 Arietis.

3168 5821 3196 5876 1

1618 6168 1679 6199 1"
1722 6172 1881 6199 ί-ππν
1940 6194 1943 6195 ν
1996 6168 2153 6195 ’τ’νῖ

1630 6177 1877 6237 ιέίδπιέῖ
1916 6180 2153 6237 Ε’λῖῧῖ

1616 6186 1881 6273 1.301}
1912 6186 2157 6271 ἓξὲξ)
