4118 6426
545 395 608 453 Η
1495 393 1554 450 S.
1595 392 2038 449 AMPIIILOCIIII
2076 390 2459 450 lCONlENSlS
2495 391 2802 450 EPISCOPI
3709 397 3794 457 ηρ

547 514 626 571 ria
655 511 857 568 scilicet
915 510 1306 582 dignissimum,
1342 525 1447 580 quo
1480 525 1508 565 a
1561 525 1752 582 magno
1786 511 2109 575 Theodosio,
2143 518 2187 572 Α
2214 526 2309 565 cna
2343 525 2358 562 :
2390 524 2508 578 qua:
2543 519 2718 564 tamen
2752 508 2931 564 omnia
2957 508 3022 563 ad
3059 523 3156 566 nos
3201 522 3308 566 non
3360 510 3672 581 pervenisse
3695 515 3790 570 do-

546 602 713 658 invito
741 600 889 668 licet,
917 601 1224 671 impetravit
1247 610 1307 656 ut
1354 600 1681 654 Arianorum
1732 600 2108 661 conventicula

546 700 876 748 vetarentur.
907 690 1040 746 [lem
1076 691 1247 747 fusius
1268 689 1865 746 enarratTheodoritus
1899 691 1994 763 (α),
2019 692 2110 745 sed

547 781 724 836 minus
749 791 998 836 accurate
1031 779 1364 836 Sozomenus
1416 777 1514 850 (ιι).
1569 777 1828 833 Nimirum
1876 781 1927 834 in
1961 780 2114 848 pala-

551 870 680 924 tium
705 869 978 939 ingressus
1001 868 1348 923 admirandus
1371 867 1462 922 ille
1485 868 1910 938 Amphilochius,
1938 867 2112 924 Theo-

547 966 757 1020 dosium
787 963 1004 1034 quidem
1035 963 1190 1019 solito
1219 965 1424 1019 honore
1453 972 1772 1033 prosecutus
1803 972 1920 1028 est;
1946 964 2114 1016 Arca-

545 1055 690 1108 dium
721 1067 849 1108 vero
876 1054 1015 1124 patri
1042 1062 1333 1118 astantem,
1355 1069 1514 1123 quem
1545 1053 1634 1108 ille
1661 1052 1818 1122 paulo
1848 1063 1972 1107 ante
2003 1054 2114 1108 Au-

545 1151 756 1213 gustum
789 1143 1206 1209 renuntiaverat,
1261 1142 1605 1197 insalutatam
1635 1143 1909 1212 praeteriit.
1961 1141 2110 1209 Quod

543 1235 760 1304 quidem
801 1235 1018 1306 indigne
1052 1235 1237 1290 ferens
1259 1234 1570 1303 imperator,
1599 1235 1665 1288 de
1691 1233 1780 1287 lilii
1803 1241 2110 1302 contemptu

548 1326 689 1394 quod
729 1325 780 1379 in
810 1340 868 1380 se
901 1325 1072 1395 ipsum
1107 1324 1328 1390 recidat,
1360 1338 1481 1378 cum
1512 1322 1763 1392 episcopo
1788 1323 2110 1393 expostulat.

549 1408 700 1471 Tunc
719 1431 846 1471 vero
896 1423 1146 1470 contenta
1197 1429 1330 1470 voce
1372 1413 1827 1484 Amphilochius:
1874 1432 1893 1465 ι
1926 1411 2110 1480 Vides,

546 1505 740 1576 inquit,
771 1506 1082 1574 imperator,
1118 1512 1170 1559 te
1201 1503 1292 1559 lilii
1328 1503 1401 1558 tui
1425 1503 1801 1558 contumeliam
1838 1501 1979 1558 ferre
2005 1518 2111 1558 non

543 1611 732 1667 posse,
779 1597 871 1652 sed
907 1610 1226 1652 succensere
1258 1597 1322 1651 iis
1350 1596 1443 1666 qui
1493 1596 1568 1651 illi
1599 1595 1976 1652 contumeliam
2030 1597 2113 1652 l‘a-

2213 599 2367 654 lendu
2376 615 2422 650 ιιι
2433 638 2447 652 .

2290 690 2352 744 V.
2390 687 2574 757 Neque
2602 687 2758 742 aliter
2794 701 2922 740 sane
2947 686 3294 752 censendum,
3321 687 3364 742 si
3396 698 3706 758 spectentur
3735 690 3788 746 in

2215 781 2407 849 primis
2436 779 2878 849 Amphilochiana
2916 777 3210 848 fragmenta
3243 792 3362 847 quae
3387 789 3598 834 veteres
3628 782 3785 836 nobis

2211 881 2490 926 servarunt
2519 870 2804 941 :Cyrillus,
2830 871 3070 940 inquam,
3095 871 3512 937 Alexandrinus,
3543 873 3788 930 Theodo-

2209 962 2366 1029 ritus,
2395 962 2710 1017 Anastasius
2743 961 2975 1026 Sinaita,
3013 961 3270 1016 Leontius
3304 960 3649 1033 Byzantinus,
3684 963 3788 1017 Fa-

2211 1054 2415 1108 cundus
2450 1051 2870 1119 Hermianensis,
2905 1051 3137 1108 Joannes
3171 1053 3555 1120 Damascenus,
3590 1055 3786 1125 aliique

2213 1143 2468 1198 Ecclesia:
2519 1144 2834 1212 scriptores.
2875 1141 3001 1197 Haec
3045 1151 3223 1198 autem
3275 1159 3520 1214 magnam
3578 1153 3787 1215 partem

2213 1235 2428 1306 collegit
2460 1234 2859 1290 Combelisius:
2897 1233 3091 1302 quibus
3149 1233 3252 1288 alia
3305 1250 3476 1304 neque
3518 1251 3685 1306 pauca
3733 1246 3788 1293 et

2211 1325 2312 1396 ipsi
2342 1325 2634 1396 adjecimus
2673 1341 2690 1388 ;
2732 1339 2901 1394 eaque
2929 1326 3106 1380 omnia
3143 1325 3375 1394 primum
3398 1336 3649 1396 congesta
3680 1343 3783 1382 non

2213 1415 2382 1470 solum
2394 1415 2732 1486 digessimus,
2753 1417 2844 1472 sed
2869 1417 3032 1470 etiam
3054 1430 3180 1470 cum
3201 1415 3407 1484 pridem
3431 1417 3588 1471 editis
3613 1418 3786 1473 denuo

2213 1507 2562 1563 contulimus.

2283 1597 2372 1652 VI.
2401 1596 2607 1651 Praiter
2635 1596 2896 1667 ejusmodi
2956 1612 3212 1668 germana
3249 1598 3609 1668 Amphilocbii
3653 1613 3784 1670 ope-

543 1688 710 1742 ciunt.
737 1685 910 1742 Crede
935 1686 1114 1753 igitur,
1141 1686 1305 1741 Deum
1337 1700 1550 1756 quoque
1575 1685 1734 1756 hujus
1755 1685 1996 1740 universi
2021 1698 2112 1741 eos
2213 1706 2332 1746 rum
2364 1691 2762 1760 deperditorum
2799 1690 3122 1761 fragmenta,
3157 1705 3224 1745 ex
3257 1692 3480 1746 vetustis
3510 1693 3773 1748 ecclesia-

542 1777 778 1831 aversari
805 1786 963 1846 atque
992 1777 1118 1832 οᾶὶο
1151 1775 1370 1840 habere.
1423 1775 1514 1846 qui
1553 1774 1750 1830 Filium
1785 1775 1956 1846 ipSiuS
1990 1775 2114 1829 uni-
2143 1849 2170 1852 ᾼ
2215 1781 2364 1836 sticis
2393 1781 2748 1850 scriptoribus
2776 1783 3074 1851 desumpta,
3109 1779 3322 1836 exstant
3345 1793 3602 1850 praeterea
3635 1783 3780 1852 ejus-

539 1865 775 1934 genitum
831 1865 1228 1935 blaspliemant.
1265 1883 1285 1919 ι
1323 1865 1548 1922 Factum
1594 1865 1902 1934 dictumque
1940 1864 2108 1920 admi-
2140 1849 2184 1909 Β
2213 1873 2332 1928 dem
2381 1849 2554 1927 sancti
2613 1871 2790 1928 Patris
2839 1849 3011 1926 Iambi
3042 1874 3109 1926 ad
3148 1849 3442 1939 Seleucum,
3479 1888 3612 1942 quos
3658 1849 3780 1931 cum

539 1967 687 2012 ratus
716 1957 1030 2027 imperator,
1063 1956 1234 2028 legem
1261 1973 1291 2012 a
1318 1957 1478 2014 beato
1515 1957 1755 2013 antistite
1784 1956 2109 2026 postulatam

537 2050 806 2119 extemplo
852 2050 990 2104 tulit.
1023 2048 1174 2116 Quod
1218 2058 1480 2117 superest,
1537 2047 1678 2104 idem
1705 2047 2110 2118 Amphilochius

538 2157 680 2196 anno
713 2140 818 2201 394
843 2141 1122 2196 desinente
1141 2141 1369 2196 concilio
1389 2139 1981 2208 Constantinopolitano
2008 2138 2108 2194 sub

543 2227 795 2283 Nectario
833 2229 1014 2283 habito
1039 2228 1305 2294 interfuit,
1359 2229 1413 2283 in
1449 2242 1556 2298 quo
1585 2229 1771 2297 Agapii
1802 2237 1857 2283 et
1889 2227 2110 2298 Bagadii

540 2321 631 2389 qui
655 2321 722 2374 de
768 2319 1082 2374 Bostrorum
1119 2320 1171 2374 in
1208 2319 1423 2382 fArabia
1454 2318 1767 2387 episcopatu
1823 2317 2112 2373 contende-

542 2412 694 2473 bant,
729 2423 889 2464 causa
923 2409 1140 2464 definita
1167 2416 1270 2464 cst.
1303 2408 1429 2464 Post
1451 2409 1565 2464 haec
1604 2419 1783 2463 autem
1825 2422 1932 2478 quo
1973 2416 2110 2462 tem-

542 2487 669 2568 pore
695 2514 998 2569 supremum
1035 2501 1174 2556 diem
1212 2500 1408 2556 obierit
1439 2510 1658 2555 sanctus
1692 2499 1911 2568 praesul,
1963 2498 2108 2552 haud

539 2593 670 2648 satis
697 2600 781 2647 est
798 2593 1156 2661 exploratum,
1208 2603 1266 2648 ut
1318 2592 1500 2648 videre
1537 2602 1622 2648 est
1664 2593 1719 2647 in
1750 2592 1938 2661 primis
1964 2590 2104 2662 apud

539 2681 940 2738 'I‘illemontium
965 2681 1059 2752 (c).
1091 2682 1224 2738 Illud
1273 2683 1454 2751 potius
1486 2682 1891 2747 attendendum,
1931 2683 2106 2752 ipsum

540 2773 742 2829 scilicet
772 2774 897 2827 dum
925 2773 1098 2828 adhuc
1137 2772 1192 2827 in
1243 2774 1378 2828 vivis
1405 2781 1609 2843 ageret,
1637 2771 1902 2840 Gregorio
1929 2769 2107 2828 Theo-

539 2864 656 2935 lngo
683 2871 818 2919 teste
851 2863 952 2932 (Δ),
985 2863 1258 2918 miraculis
1279 2863 1561 2919 claruisse.
1589 2861 1720 2933 Ejus
1746 2876 1874 2917 vero
1903 2877 2109 2918 memo-

537 2955 618 3008 ria
643 2952 730 3008 die
761 2951 834 3006 25
884 2951 1202 3008 Novembris
1253 2953 1323 3008 ab
1356 2961 1583 3022 utraque
1636 2948 1872 3006 Ecclesia
1911 2951 2106 3008 recoli-

540 3042 673 3100 tur.‘

2212 1962 2534 2031 metaphrasi
2559 1960 2748 2016 Latina
2776 1962 3006 2031 primum
3051 1963 3214 2018 edidit
3248 1960 3613 2034 Schleusingre
3641 1978 3784 2020 anno

2212 2051 2348 2107 1609
2379 2051 2691 2108 Joachimus
2723 2051 3018 2106 Zehnerus.
3053 2053 3189 2107 Sunt
3227 2063 3408 2108 autem
3439 2068 3625 2110 versus
3653 2054 3782 2124 555,

2210 2156 2413 2214 eosque
2459 2141 2512 2195 in
2548 2142 2654 2194 line
2692 2141 3010 2196 adnumerat
3041 2143 3266 2211 ipsemet
3323 2153 3508 2198 auctor
3546 2159 3639 2212 per
3674 2155 3784 2200 tres

2212 2233 2594 2290 hecatontadas
2637 2240 2692 2286 et
2731 2233 2963 2288 decadas
3005 2234 3223 2286 totidem
3252 2248 3314 2286 ae
3359 2237 3615 2288 monadas
3651 2244 3780 2300 tres,

2211 2326 2278 2379 ad
2309 2323 2410 2379 SS.
2442 2323 2763 2379 Trinitatem
2790 2324 3034 2378 videlicet
3063 2325 3376 2391 reSpieiens.
3404 2324 3476 2379 De
3499 2325 3679 2393 operis
3701 2327 3782 2381 in-

2213 2415 2467 2486 tegritate
2508 2415 2776 2474 dissident
2809 2416 3023 2471 eruditi.
3054 2415 3242 2470 Billius
3291 2416 3494 2485 primus
3533 2417 3777 2472 omnium

2210 2506 2309 2560 hes
2340 2505 2549 2560 lambos
2594 2505 2856 2576 Gregorio
2897 2504 3235 2559 Nazianzcno
3280 2520 3522 2562 asserere
3567 2507 3780 2571 nititur,

2209 2612 2275 2653 ex
2303 2596 2598 2666 autiquarii
2649 2611 2756 2665 quo
2799 2611 2926 2651 usus
2970 2604 3054 2649 est
3095 2593 3397 2663 hujusmodi
3431 2597 3776 2666 conjectura:

2208 2690 2317 2744 Καὶ
2340 2691 2512 2744 ταῦτα
2543 2689 2688 2742 δοκεῖ
2716 2705 2804 2758 μοι
2829 2687 2922 2740 τοῦ
2962 2686 3221 2755 Θεολὸγου
3257 2687 3541 2758 τυγχάνειν
3564 2686 3778 2758 φρενὸς,

2207 2778 2282 2844 ὡς
2311 2781 2461 2851 παρὰ
2495 2778 2841 2850 Ἀμφιλοχίου
2871 2777 3170 2849 γραφέντα’
3210 2776 3340 2832 ch
3379 2779 3507 2831 mihi
3540 2780 3782 2833 videntur

2209 2886 2240 2922 a
2276 2868 2521 2938 Theologi
2572 2878 2739 2920 mente
2789 2867 3040 2936 profecta,
3081 2877 3330 2934 tanquam
3371 2868 3464 2920 sub
3507 2867 3778 2936 Amphilo-

2212 2955 2321 3008 chii
2345 2956 2552 3008 nomine
2594 2954 2787 3021 scripta
2825 2969 2842 3006 :
2882 2968 2943 3007 ea
2970 2955 3224 3008 nimirum
3255 2955 3483 3020 ratione,
3510 2969 3615 3024 qua
3659 2955 3770 3010 Na-

2209 3045 2503 3100 zianzenus
2558 3042 2625 3097 ad
2663 3041 2977 3097 Nicobulum
3026 3059 3091 3098 ex
3128 3043 3366 3100 Nicobuli
3401 3045 3492 3099 lilii
3527 3060 3775 3114 persona,

608 3137 698 3192 1V.
732 3134 1012 3204 Reliquum
1040 3144 1142 3201 est,
1172 3143 1227 3190 ut
1249 3134 1314 3190 de
1345 3133 1515 3189 sancti
1557 3132 1737 3189 Patris
1764 3134 1932 3190 nostri
1957 3134 2102 3189 Iitte-
2130 3174 2173 3232 α
2208 3143 2260 3188 et
2293 3132 2396 3186 alia
2448 3131 2690 3201 quaedam
2727 3131 2791 3184 ad
2829 3130 3151 3186 Vitalianum
3196 3145 3471 3204 parentem
3516 3135 3779 3207 ἄστοργον

540 3241 719 3283 rarum
751 3225 1095 3280 monimentis
1138 3225 1301 3280 verba
1342 3224 1626 3280 faciamus.
1656 3223 1721 3278 Et
1748 3223 2104 3294 Hieronymus

2209 3222 2444 3292 scripsit.
2475 3241 2493 3274 ι
2534 3220 2669 3275 Sunt
2691 3221 3062 3286 nihilominus,
3096 3223 3269 3292 inquit
3305 3224 3656 3280 Combeiisius
3675 3225 3778 3297 (li),

539 3317 752 3386 quidem
780 3315 976 3385 egregii
1010 3314 1166 3368 unius
1195 3313 1316 3368 libri
1357 3313 1429 3368 De
1459 3312 1656 3382 Spiritu
1689 3324 1868 3368 sancto
1891 3313 1958 3366 ab
1978 3311 2110 3365 Am-
2209 3315 2324 3369 haec
2351 3313 2574 3376 leviora,
2614 3328 2772 3382 quam
2817 3321 2876 3367 ut
2924 3313 3081 3367 [idem
3112 3313 3356 3368 codicum
3391 3313 3774 3370 vindicantium

539 3406 808 3477 philochio
838 3405 1146 3474 Conscripti,
1186 3405 1506 3460 mentionem
1557 3403 1728 3474 injicit
1777 3405 1873 3474 (ε).
1926 3401 2108 3472 Neque

539 3497 593 3552 id
618 3509 749 3551 sane
777 3497 969 3550 mirum
1009 3533 1024 3548 .
1061 3493 1183 3548 Non
1227 3494 1386 3561 enim,
1436 3494 1603 3563 inquit
1637 3493 1728 3565 (Γ),
1761 3495 1824 3548 de
1870 3494 1949 3548 Iu's
1991 3509 2108 3563 qua:

539 3602 642 3641 non
680 3585 803 3655 legi,
831 3601 979 3639 nosse
1007 3585 1190 3652 potui;
1222 3593 1268 3638 et
1295 3584 1430 3654 quod
1461 3583 1580 3638 aliis
1629 3583 1850 3654 forsitan
1901 3583 1969 3638 sit
2009 3600 2105 3638 no-

537 3688 671 3743 tum,
707 3678 832 3732 mihi
881 3678 936 3730 in
962 3677 1056 3732 hoc
1087 3686 1344 3731 terrarum
1393 3677 1585 3748 angulo
1617 3675 2104 3748 (Bethlebemitico)

537 3766 693 3837 fuerit
727 3766 977 3837 ignotum.
1038 3765 1108 3819 At
1143 3780 1269 3820 vero
1321 3765 1460 3820 idem
1507 3763 1695 3821 doctor
1733 3764 1999 3817 maximus
2037 3761 2104 3812 ad

538 3855 783 3928 Magnum
821 3865 1090 3912 oratorem
1115 3857 1356 3912 scribens
1383 3871 1522 3911 anno
1561 3855 1776 3909 circiter
1800 3849 1926 3915 397,
1958 3849 2107 3918 quin-

537 3961 649 4017 que
677 3948 924 4002 nimirum
952 3958 1071 4016 post
1110 3964 1278 4002 annos
1298 3949 1364 4001 ab
1395 3946 1536 4000 edito
1561 3957 1658 3996 suo
1695 3941 1833 3996 libro
1874 3940 1950 3995 De
1981 3941 2104 3995 ciris

537 4037 851 4102 illustribus,
883 4053 949 4093 ex
967 4053 1073 4109 quo
1104 4044 1456 4092 memoratum
1494 4045 1631 4101 opus
1654 4030 1730 4085 De
1760 4029 1961 4102 Spiritu
1980 4048 2104 4086 san-

537 4140 618 4183 cto
643 4129 710 4184 ab
759 4128 1130 4200 Amphilochio
1175 4123 1281 4180 sibi
1324 4122 1519 4177 lectum
1559 4129 1823 4176 testatur:
1857 4121 2100 4176 eumdem

537 4223 1036 4292 pnestantissimum
1065 4214 1346 4286 praesulem
1389 4212 1742 4282 lconiensem,
1772 4214 1843 4270 ob
1890 4223 2102 4284 specta-

537 4325 643 4368 tam
670 4313 782 4383 jam
817 4319 872 4366 et
935 4310 1023 4362 diu
1081 4305 1347 4376 cognitam
1381 4304 1498 4372 ejus
1529 4305 1850 4371 doctrinam,
1905 4305 2102 4383 Basilio

535 4381 728 4474 magno
755 4399 1086 4470 etGregorio
1112 4397 1386 4466 Thcologo
1409 4405 1655 4466 exaequat
1677 4395 1757 4452 his
1773 4397 1948 4452 verbis
1979 4381 2096 4467 (gf:

2208 3405 2581 3474 Amphilocltio
2625 3405 2853 3460 elevent.
2909 3403 3149 3457 Primum
3207 3406 3349 3458 enim
3397 3405 3573 3460 minus
3637 3421 3772 3475 qua-

2208 3494 2366 3549 drant
2412 3495 2500 3548 hic
2555 3495 2725 3560 posita
2782 3492 2846 3544 de
2882 3489 3032 3544 libris
3066 3492 3341 3547 canonicis
3377 3507 3500 3546 cum
3553 3494 3618 3548 iis
3660 3510 3778 3564 quae

2208 3587 2370 3639 habet
2421 3581 2721 3647 Tlteulogus
2751 3579 2866 3650 (ἰ),
2909 3580 2998 3634 ubi
3050 3579 3294 3636 absolute
3350 3585 3662 3653 pronuntiat
3713 3587 3778 3643 dc

2205 3670 2354 3724 Pauli
2386 3668 2641 3737 Epistolis
2663 3676 2718 3722 et
2753 3677 2956 3736 septem
2996 3669 3297 3736 catholicis,
3329 3672 3470 3726 nulla
3501 3675 3776 3729 mentione

2205 3760 2328 3815 libri
2361 3757 2555 3812 Esther
2582 3766 2673 3811 aut
2705 3757 3076 3839 Apocalyps'is.
3112 3757 3245 3814 Tum
3277 3761 3400 3831 quia
3430 3763 3678 3818 videntur
3721 3767 3772 3820 hi

2204 3848 2369 3904 Iamhi
2425 3863 2531 3902 non
2583 3847 2655 3902 ita
2711 3850 2968 3903 accedere
3015 3849 3081 3905 ad
3125 3851 3450 3907 cothurnum
3485 3853 3770 3925 Gregoriu-

2206 3957 2357 4002 num,
2383 3939 2668 4009 potiusque
2702 3940 2904 3995 referre
2937 3939 3147 3996 facilem
3175 3943 3536 4014 Amphilochii
3564 3959 3773 4010 venam,

2206 4046 2268 4084 ac
2305 4028 2548 4084 nonnihil
2580 4029 2830 4084 licentius
2864 4031 3152 4086 decurrere
3191 4041 3244 4086 et
3273 4033 3412 4103 stylo
3434 4033 3619 4089 solutzc
3651 4052 3776 4091 ora-

2203 4122 2333 4176 tioni
2379 4121 2819 4191 propinquiori...
2859 4120 3013 4188 Item,
3047 4123 3174 4192 quid
3217 4133 3362 4179 vetat
3411 4133 3470 4179 ut
3505 4124 3775 4197 Theologo

2175 4210 2442 4281 aqualis,
2473 4211 2622 4280 isque
2654 4211 2766 4278 ipse
2800 4210 2946 4264 omni
2983 4211 3331 4266 scientiarum
3368 4227 3565 4294 genere
3592 4217 3774 4267 excul-

2205 4313 2288 4358 tus
2319 4317 2382 4357 ac
2409 4301 2563 4371 plane
2590 4302 2672 4354 vir
2700 4298 3148 4369 ὲλλυγιμώτατος,
3178 4301 3337 4354 etiam
3375 4311 3546 4358 metro
3588 4303 3774 4358 Seleu-

2203 4407 2324 4446 cum
2376 4391 2699 4454 instituerit,
2755 4389 2819 4443 ad
2861 4403 3018 4458 quem
3057 4404 3212 4459 prosa
3253 4391 3418 4445 semel
3467 4401 3521 4446 et
3575 4393 3769 4447 iterum

541 4489 763 4546 Exstant
793 4499 839 4544 et
868 4488 1001 4544 Julii
1045 4487 1284 4556 Africani
1326 4487 1466 4542 libri.
1496 4525 1511 4541 .
1549 4525 1565 4543 .
1601 4523 1616 4541 .
1652 4527 1666 4543 .
1703 4485 2100 4557 Cappadocum-
2133 4512 2177 4566 ι)
2205 4497 2326 4536 eum
2361 4481 2644 4550 scripsisse
2671 4481 2969 4550 dogmatica
3001 4481 3226 4548 probant
3263 4496 3382 4551 quae
3429 4483 3542 4552 ejus
3571 4483 3770 4552 produ-

532 4598 630 4653 que
654 4581 862 4645 Basilii,
893 4576 1148 4648 Gregorii,
1171 4575 1529 4647 Antpbilocltii
1558 4594 1571 4631 :
1595 4578 1684 4647 qui
1706 4593 1879 4632 omnes
1905 4576 1959 4631 in
1981 4587 2100 4630 tan-

536 4684 642 4725 tum
679 4669 1100 4741 philosophorum
1132 4665 1386 4720 doctrinis
1441 4675 1596 4736 atque
1655 4666 1919 4719 sententiis
1978 4682 2100 4720 suos

537 4759 824 4828 rcfarciunt
862 4757 1057 4825 libros,
1098 4766 1153 4809 ut
1208 4755 1408 4809 nescias
1461 4755 1584 4824 quid
1630 4755 1685 4807 in
1732 4754 1840 4808 illis
1877 4756 2101 4823 primunt

536 4851 790 4903 admirari
821 4851 1026 4912 debeas,
1081 4846 1422 4903 eruditionem
1490 4845 1692 4911 surculi,
1724 4863 1792 4900 an
1828 4847 2101 4900 scientiam

536 4940 949 5010 Scripturarum.
979 4939 1054 4994 Ex
1085 4940 1201 5010 ipso
1234 4953 1362 5008 ergo
1393 4936 1720 5006 Hieronymo
1765 4948 2097 5006 compertum

539 5034 820 5099 habemus,
845 5031 1117 5101 complura
1159 5029 1323 5084 fuisse
1355 5029 1422 5084 ab
1450 5028 1826 5097 Amphilochia
1869 5028 2098 5098 perscri-

535 5137 647 5192 pta,
677 5131 732 5178 et
757 5120 1101 5178 multiformis
1128 5119 1342 5190 quidem
1374 5119 1635 5174 doctrina:
1680 5119 1838 5175 laude
1885 5118 2099 5188 conspi-

602 5297 678 5366 (a)
707 5297 977 5352 Theodor.
1006 5294 1148 5349 Hist.
1180 5293 1304 5348 eccl.
1329 5293 1424 5366 lib.
1454 5308 1506 5360 v,
1532 5307 1652 5363 cap.
1684 5292 1773 5347 Ili.

605 5364 679 5436 (b)
708 5369 923 5436 §ozom.
955 5366 1050 5436 lib.
1084 5379 1178 5429 ιιι,
1208 5379 1327 5436 cap.
1355 5364 1405 5417 6.

602 5430 1106 5512 (cLTillemLMém.
1129 5434 1253 5489 eccl.
1278 5430 1423 5489 tom.
1455 5430 1546 5499 IX,
1577 5447 1698 5502 pag.
1729 5431 1852 5494 755,
1890 5442 1999 5486 not.
2037 5433 2092 5496 li,

532 5501 726 5560 Sur'S.
752 5503 980 5572 Ampliil.
1645 5501 1669 5566 ί

561 5591 566 5596 ·
605 5572 878 5644 (άλιὶτεε.
904 5572 1235 5644 Nazacarm.
1269 5586 1341 5638 ιι,
1368 5570 1537 5644 [nunc
1559 5569 1666 5644 tu},
1711 5571 1746 5640 Ῡ
1802 5570 1930 5636 242,
1953 5569 2089 5640 Opp.

535 5641 673 5722 tom.
797 5641 918 5712 pag.
951 5641 1214 5722 _[ed..
1241 5641 1452 5722 nov-Cp.
1487 5641 1669 5713 l0l7j.

603 5715 675 5779 (e)
703 5709 920 5766 llie’ron.
950 5713 1038 5765 lib.
1067 5709 1141 5765 lie
1167 5711 1261 5764 rir.
1293 5709 1486 5765 illustr.
1516 5709 1782 5779 capf135.

603 5783 668 5849 (Ι)
697 5782 772 5836 Id.
809 5783 859 5836 in
889 5783 1095 5852 prolog.
1127 5786 1192 5837 ad
1221 5782 1314 5837 lib.
1349 5781 1425 5837 De
1464 5784 1559 5836 vir.
1589 5782 1779 5835 illustr.

2209 4573 2380 4628 cimus
2417 4571 2758 4642 fragmenta?
2791 4569 2900 4625 Nec
2958 4579 3041 4626 est
3086 4571 3262 4626 simile
3303 4573 3358 4626 in
3401 4573 3521 4629 aliis
3569 4574 3764 4642 allatis,

2210 4662 2475 4730 inquibus
2499 4661 2678 4716 statim
2704 4660 2876 4730 palam
2907 4670 2989 4714 est
3020 4672 3293 4731 assumpta
3325 4678 3575 4733 persona.
3595 4665 3767 4719 Etiam

2209 4750 2487 4804 Balsamon
2523 4749 2684 4804 habet
2712 4759 2768 4804 ut
2810 4749 3288 4822 AmphilocbiiU),
3325 4755 3632 4826 passimque
3666 4755 3770 4809 Da-

2210 4855 2493 4896 mascenus
2532 4840 2582 4893 in
2616 4838 2902 4894 Elementis
2948 4844 3114 4900 emin.
3158 4843 3534 4911 Rupilucaldii.
3577 4863 3596 4897 ι
3647 4845 3772 4903 Haec

2206 4945 2369 5001 porro
2400 4929 2584 4985 eadem
2607 4945 2726 5000 qua:
2756 4930 3016 4986 hactenus
3039 4931 3413 4999 Combelisius,
3451 4935 3646 5001 repetit
3673 4951 3772 4989 au-

2153 5094 2158 5098 ,
2207 5032 2400 5094 gctque
2432 5023 2801 5078 Tillemontius
2833 5022 2930 5093 (lc),
2972 5023 3094 5078 licet
3125 5025 3302 5094 operis
3331 5035 3602 5080 auctorem
3637 5027 3770 5080 Am-

2206 5115 2532 5185 philochimn
2565 5115 2730 5170 libere
2758 5127 3003 5170 astruere
3032 5131 3135 5170 nou
3167 5116 3376 5170 audeat.

2275 5291 2352 5366 (g)
2377 5291 2452 5366 Id.
2481 5293 2638 5366 epist.
2671 5292 2739 5346 70
2766 5291 2909 5366 alias
2929 5291 3039 5366 84,_
3065 5291 3134 5366 ad
3164 5291 3412 5366 Magnum
3438 5303 3596 5360 orat.,
3626 5297 3652 5366 ᾗ
3695 5311 3764 5348 ιν.

2295 5365 2348 5430 It)
2377 5361 2614 5430 Combel'.
2646 5369 2755 5414 not.
2789 5363 2853 5413 ad
2886 5361 3117 5429 Amphil.
3145 5377 3260 5430 pag.
3287 5362 3413 5417 255.

2295 5365 2348 5430 It)
2377 5365 2614 5414 Combef.
2646 5369 2755 5414 not.
2789 5365 2853 5413 ad
2886 5365 3117 5429 Ampltil.
3145 5377 3260 5428 pag.
3287 5365 3413 5417 255.
3634 5365 3641 5366 ί

2272 5365 2346 5501 li)
2387 5431 2548 5500 Greg.
2598 5429 2728 5482 Naz.
2783 5445 2950 5482 carm.
3002 5446 3170 5484 xxxiii
3219 5429 3384 5574 jnunc
3435 5431 3576 5505 vut].
3623 5433 3760 5503 Opp.

2279 5518 2330 5574 n_.
2365 5501 2424 5574 I_l,
2451 5516 2573 5574 ρος.
2603 5499 2670 5574 9ξ
2696 5499 2802 5569 [ed.
2830 5514 2951 5554 nov.
2987 5515 3037 5568 p.
3076 5500 3210 5574 ιρξξ)
3243 5542 3255 5554 .
3336 5572 3347 5574 _
3371 5571 3454 5574 η-
3562 5572 3589 5574 η
3672 5570 3695 5574 _

2202 5499 2330 5554 lout.
2365 5501 2424 5562 II,
2457 5499 2573 5570 pig.
2603 5499 2670 5554 98
2696 5499 2802 5569 led.
2830 5514 2951 5554 "0v.
2987 5515 3037 5568 po
3076 5499 3255 5574 1089Ῐο
3535 5499 3554 5505 -
3671 5499 3685 5503 -
3706 5499 3720 5503 -

2206 5570 2602 5693 ήδρὲέἒὸῗίιιιι.
2630 5566 2921 5623 Comment.
2953 5585 3071 5641 pag.
3105 5570 3208 5625 656
3241 5581 3295 5627 et
3329 5571 3464 5626 1082
3508 5572 3636 5626 edit.
3665 5570 3770 5627 Pa-

2277 5706 2347 5777 (k)
2379 5707 2588 5760 'l‘illem.
2622 5704 2841 5764 Memor.
2871 5707 2994 5764 εισι.
3021 5709 3257 5782 ιοιιιηΙΧ,
3285 5725 3404 5781 pag.
3434 5710 3558 5777 746,
3585 5712 3769 5779 not.6,

2205 5777 2312 5833 Sur
2345 5775 2402 5832 S.
2436 5776 2664 5841 Amjltt'l.
