4118 6440
465 356 535 411 15
1334 434 1343 451 ⁸
1412 354 1467 407 S.
1509 350 1963 408 AMPIIILOCIHI
2003 349 2386 408 lCONlENSlS
2423 352 2726 408 EPISCOPI
3633 356 3702 412 {6

470 475 679 527 vixerat
700 473 749 524 in
782 469 1059 540 spelunca,
1088 484 1224 540 quos
1249 470 1394 524 sicco
1418 472 1569 538 panis
1602 480 1656 524 et
1691 486 1844 540 aqua:
1875 470 2015 540 epult

2135 471 2389 540 ἐποίησεν
2431 471 2525 542 ἔτη
2563 472 2615 541 μ’
2632 489 2657 523 ἰ
2702 471 2854 542 διῆγε
2901 472 2960 525 δέ
3010 471 3348 544 ξηροφαγίαν
3396 475 3563 544 ἄρτου
3608 477 3703 528 καὶ

468 571 827 633 transegerat;
856 563 1037 616 vinum
1094 571 1270 615 autem
1294 569 1346 615 et
1375 562 1551 615 oleum
1577 577 1851 631 nunquam
1887 579 2015 616 surn-

2132 564 2353 628 ὓδατος
2384 563 2529 617 οἴνου
2559 564 2616 617 δὲ
2643 565 2740 618 καὶ
2768 564 2948 617 ἐλαίου
2978 564 3232 617 οὐδέποτε
3265 565 3697 635 μετελάμϐανεν,

465 659 588 724 psit.
624 655 836 710 Accidit
867 662 1043 707 autem
1073 661 1129 705 ut
1164 666 1229 706 eo
1257 661 1496 720 tempore
1523 651 2002 720 decederetepisco

2144 656 2390 723 Ἐγένετο
2421 655 2478 707 δὲ
2509 655 2568 707 ἐν
2596 656 2709 718 τοῖς
2736 658 2949 726 καιροῖς
2973 656 3202 719 ἐκείνοις
3220 695 3234 718 ,
3261 656 3583 727 τελευτῆσαι
3609 658 3704 712 τὸν

463 764 565 817 pus
612 744 846 801 civitatis
896 742 1092 809 lconii;
1146 741 1367 812 angelus
1417 756 1545 795 vero
1583 741 1793 795 Domini
1859 744 2015 796 astitit

2128 746 2425 799 ἐπίσκοπον
2485 745 2738 807 Ἰκονίου,
2784 747 2879 799 καὶ
2912 746 3114 817 ἐπέστη
3155 749 3183 799 ὁ
3217 746 3447 814 ἄγγελος
3492 749 3701 819 Κυρίου

464 836 841 909 Amphilochia
874 836 1059 889 dicens
1093 850 1105 887 :
1140 832 1504 901 Amphilochi,
1537 835 1677 886 vade
1726 833 1778 886 in
1836 833 2028 886 clvita-

467 944 592 996 tem,
642 942 800 1000 pasce
852 940 979 984 oves
1027 925 1245 979 Christi.
1290 925 1359 976 At
1400 924 1485 977 ille
1506 938 1609 977 non
1634 923 2024 990 acquiescebat.

465 1022 808 1089 Rursumque
860 1029 1042 1073 astans
1081 1015 1300 1085 angelus
1330 1015 1537 1067 Domini
1586 1014 1661 1067 ait
1704 1014 1774 1067 illi
1807 1030 1820 1065 :
1856 1013 2026 1066 Etiam

467 1129 607 1168 nunc
638 1112 776 1173 dico,
812 1110 967 1167 vade.
1010 1108 1092 1162 fac
1118 1108 1260 1174 quod
1306 1106 1405 1160 fuit
1438 1114 1787 1174 praeceptum.
1817 1103 1910 1158 ille
1933 1119 2031 1157 au-

465 1215 574 1257 tem
606 1216 702 1255 nec
732 1201 809 1255 sic
837 1200 1084 1268 parebat;
1121 1197 1332 1251 dicebat
1365 1197 1510 1249 enim
1561 1196 1699 1263 apud
1729 1210 1809 1260 se,
1856 1197 2026 1265 ipsum

462 1293 624 1347 etiam
663 1290 915 1346 Satanam
948 1290 999 1341 in
1036 1287 1283 1356 angelum
1317 1285 1452 1340 lucis
1477 1300 1535 1339 se
1581 1285 1964 1353 transfigurare
1986 1287 2023 1339 ³.

467 1384 796 1450 Factumque
827 1390 913 1433 est
947 1388 1102 1432 nocte
1133 1377 1311 1439 tertia,
1337 1385 1394 1429 ut
1423 1376 1470 1429 ei
1506 1392 1693 1430 rursus
1717 1385 1899 1430 astans
1927 1392 2023 1428 an-

464 1474 614 1542 gelus
653 1472 889 1526 diceret:
924 1470 1095 1538 Surge
1149 1484 1177 1521 a
1222 1478 1311 1521 tuo
1346 1470 1447 1521 isto
1492 1478 1680 1532 strato,
1714 1478 1767 1520 et
1808 1467 1942 1520 vade
1973 1467 2025 1520 in

459 1564 754 1627 civitatem,
810 1576 873 1614 ac
920 1575 1077 1629 pasce
1128 1573 1255 1613 ores
1283 1556 1507 1612 Christi.
1566 1558 1915 1625 Surgensque
1940 1557 2027 1611 ille

460 1650 631 1705 tenuit
670 1664 790 1704 eum
841 1649 1065 1701 dicens:
1094 1647 1149 1700 Si
1205 1647 1424 1715 angelus
1468 1646 1562 1701 Dei
1616 1662 1694 1711 es,
1723 1656 1929 1700 stemus
1967 1647 2018 1699 in

460 1741 718 1795 oratione.
757 1739 985 1807 Moxque
1026 1738 1242 1803 angelus
1281 1737 1515 1803 Domini,
1571 1737 1807 1791 demisso
1834 1737 2024 1805 capite

2128 835 2206 907 τῷ
2248 836 2581 906 Ἀμφιλοχίῳ
2616 836 2824 904 λέγων’
2867 836 3216 906 Ἀμφιλόχιε,
3249 836 3451 890 ἄπελθε
3489 839 3569 901 είς
3601 838 3702 907 τὴν

2131 926 2307 989 πόλιν,
2340 927 2573 997 ποίμανε
2603 927 2670 979 τὰ
2709 926 2956 998 πρόϐατα
3007 926 3100 979 τοῦ
3128 926 3386 998 Χριστοῦ.
3424 929 3483 981 'U
3513 928 3570 981 δὲ
3598 928 3698 981 οὐκ

2130 1015 2374 1068 ἐπείθετο
2393 1033 2405 1045 °
2438 1018 2531 1068 καὶ
2555 1015 2784 1079 ἐπιστὰς
2816 1016 2976 1069 πάλιν
3003 1018 3031 1068 ὁ
3064 1015 3293 1084 ἄγγελος
3319 1017 3524 1088 Κυρίου
3553 1018 3700 1086 λέγει

2126 1105 2277 1176 αὐτῷ
2297 1123 2311 1135 σ
2342 1107 2451 1161 Καὶ
2478 1108 2577 1179 ἤδη
2607 1108 2752 1175 λέγω
2780 1125 2893 1161 σοι·
2924 1108 3187 1177 Πορεύου,
3214 1109 3275 1161 τὸ
3301 1109 3587 1162 κελευσθέν
3617 1125 3699 1164 σοι

2129 1200 2373 1269 ποίησον.
2421 1200 2477 1253 Ὁ
2519 1200 2574 1252 δὲ
2629 1200 2749 1252 ούδέ
2791 1182 2965 1263 οὕτως
3000 1200 3248 1253 ἐπείθετο
3269 1218 3282 1231 '
3317 1201 3471 1271 ἔλεγε
3501 1203 3609 1274 γὰρ
3641 1205 3699 1255 ἐν

2128 1289 2304 1358 ἐαυτῷ
2326 1330 2339 1350 ,
2377 1290 2459 1341 ὅτι
2487 1289 2582 1342 καὶ
2618 1290 2779 1352 αὐτὸς
2817 1291 2844 1341 ὁ
2874 1290 3117 1352 Σατανᾶς
3164 1291 3697 1362 μετασχηματίζεται

2126 1383 2206 1443 είς
2253 1380 2483 1448 ἄγγελον
2528 1380 2727 1449 φωτός.
2773 1381 2883 1433 Καὶ
2933 1382 3153 1448 ἐγένετο
3193 1383 3259 1451 τῇ
3308 1382 3461 1452 τρίτῃ
3502 1384 3696 1446 νυκτὶ,

2126 1468 2351 1532 ἐπιστὰς
2389 1469 2553 1521 πάλιν
2580 1469 2729 1539 αύτῷ
2758 1472 2786 1522 ὁ
2820 1470 3051 1538 ἅγγελος
3083 1470 3262 1538 λέγει*
3308 1473 3553 1543 Ἐγείρου
3592 1473 3699 1526 ἀπὸ

2124 1560 2226 1630 τῆς
2254 1560 2546 1631 στρωμνῆς
2580 1577 2675 1613 σου
2701 1560 2924 1630 ταύτης,
2955 1563 3051 1615 καὶ
3084 1561 3316 1634 πορεύου
3350 1566 3430 1626 είς
3468 1563 3566 1633 τὴν
3598 1565 3699 1616 πό-

2125 1651 2206 1702 λιν
2226 1690 2240 1714 ,
2275 1651 2369 1703 καὶ
2399 1651 2633 1720 ποίμανε
2658 1651 2727 1703 τὰ
2757 1652 3005 1722 πρόϐατα
3029 1653 3287 1724 Χριστοῦ.
3320 1655 3430 1706 Kal.
3456 1655 3697 1717 ἀναστὰς

2127 1743 2390 1813 κατέσχεν
2439 1743 2600 1795 αὐτὸν
2652 1743 2860 1811 λέγων·
2913 1745 2977 1797 Εἰ
3022 1743 3251 1812 ἄγγελος
3298 1741 3349 1797 εἶ
3384 1745 3478 1798 τοῦ
3523 1746 3696 1811 Θεοῦ,

459 1829 730 1894 clamavit,
749 1829 932 1881 dicens
958 1845 970 1880 :
997 1825 1243 1891 Sanctus,
1267 1838 1495 1889 sanctus,
1527 1838 1742 1880 sanctus
1771 1826 2015 1880 Domina:

2130 1835 2341 1903 στῶμεν
2378 1836 2457 1897 είς
2490 1836 2822 1906 προσευχήν·
2856 1836 2947 1887 καὶ
2973 1835 3178 1898 εὐθέως
3208 1835 3377 1889 κλίνει
3406 1838 3505 1908 τὴν
3529 1854 3700 1906 κεφα-

462 1922 596 1974 Deus
626 1919 893 1974 Sabaoth:
915 1918 1123 1987 plenum
1146 1930 1217 1972 est
1239 1918 1421 1989 caelum
1442 1929 1487 1970 et
1502 1928 1640 1972 terra
1663 1917 1829 1985 gloria
1852 1918 1964 1987 ejus
1983 1921 2022 1971 ¹.

457 2010 907 2080 Apprehensaque
946 2007 1301 2076 Amphilochii
1330 2007 1575 2072 dextera,
1622 2006 1777 2061 duxit
1822 2021 1941 2061 eum
1972 2009 2023 2060 in

456 2101 757 2165 ecclesiam,
794 2113 914 2169 qua:
952 2096 1092 2151 ultro
1120 2097 1199 2151 eis
1229 2106 1413 2165 aperta
1447 2104 1559 2160 est;
1592 2105 1755 2164 atque
1795 2095 2023 2164 ingressi

458 2193 707 2247 viderunt
739 2205 928 2260 magna
964 2187 1191 2248 lumina,
1222 2186 1447 2256 perinde
1481 2195 1641 2255 atque
1672 2185 1724 2238 ia
1754 2184 1890 2239 festo
1918 2185 2022 2238 Da—

460 2281 702 2351 mini(a).
742 2280 1018 2348 Erantque
1066 2278 1169 2331 viri
1219 2276 1474 2344 singulari
1537 2276 1841 2344 eximieque
1891 2278 2025 2329 ami-

458 2384 545 2426 ctu
567 2370 662 2442 (b),
697 2383 925 2439 quorum
978 2381 1085 2420 non
1147 2374 1264 2420 erat
1316 2379 1594 2418 numerus.
1662 2365 1700 2417 li
1742 2379 2021 2432 acceptum

458 2478 604 2526 eum,
637 2463 907 2515 duxerunt
944 2458 1010 2511 ad
1045 2472 1193 2510 aram
1224 2465 1466 2512 sanctam
1503 2469 1517 2505 :
1550 2469 1611 2509 ac
1637 2470 1746 2524 prte
1780 2455 2024 2510 manibus

461 2552 806 2623 Evangelium
845 2551 1126 2617 habentes,
1154 2549 1487 2603 tradiderunt
1521 2547 1591 2610 ei,
1623 2547 1893 2601 dicentes:
1920 2546 2023 2600 Do-

460 2643 640 2697 minus
673 2651 866 2695 tecum.
904 2638 1057 2694 Unus
1104 2648 1281 2691 autem
1326 2652 1392 2691 ea.
1447 2636 1650 2691 sanctis
1685 2636 1889 2704 angelis
1931 2638 2022 2706 qui

458 2735 621 2788 etiam
653 2742 767 2785 erat
804 2732 856 2785 in
896 2731 974 2785 eis
1012 2730 1240 2800 primus,
1266 2728 1397 2782 dicit
1432 2729 1496 2780 ad
1532 2743 1626 2781 eos
1652 2744 1667 2778 :
1698 2726 2020 2790 Precemiui,

459 2839 663 2879 ninnes.
694 2823 978 2892 Caepitque
1011 2822 1188 2876 dicere
1217 2836 1230 2871 :
1258 2819 1445 2872 Divina
1475 2818 1643 2886 gratia
1674 2816 1897 2885 praeficit
1933 2833 2022 2870 or-

458 2916 713 2985 dinatque
769 2911 841 2985 (c)
871 2912 1096 2967 fratrem
1144 2920 1384 2967 nostrum
1436 2906 1864 2978 Amphilochium
1910 2907 2023 2976 cpi-

533 3029 547 3058 ¹
573 3026 621 3080 ll
646 3026 770 3081 Cor.
801 3042 877 3091 ιι,
912 3026 967 3080 4.
1041 3027 1061 3057 ²
1086 3025 1188 3080 lsa.
1225 3040 1302 3088 vr,
1338 3026 1391 3078 3.

2127 1926 2226 1997 λὴν
2258 1927 2286 1978 ὁ
2319 1925 2550 1992 ἄγγελος
2590 1926 2827 1996 Κυρίου.
2868 1927 2961 1979 καὶ
2995 1925 3188 1997 ἐϐόησε
3232 1927 3404 1996 λέγων
3426 1947 3438 1959 ν
3470 1930 3695 1997 Ἄγιος,

2126 2016 2322 2084 ἅγιος,
2356 2015 2522 2083 ἅγιος
2558 2017 2771 2084 Κύριος
2800 2016 3071 2070 Σαϐαὼθ·
3113 2020 3352 2087 πλήρης
3381 2023 3413 2073 ό
3444 2020 3699 2087 οὐρανὸς

2124 2103 2222 2157 καὶ
2255 2105 2292 2172 ἡ
2324 2102 2402 2172 γῆ
2431 2103 2541 2171 τῆς
2572 2104 2762 2172 δόξης
2793 2107 2999 2161 αὑτοῦ.
3036 2108 3148 2161 Ka‘.
3176 2109 3565 2182 ἐπιλαϐόμενος
3596 2111 3697 2180 τῆς

2123 2193 2302 2258 δεξιᾶς
2337 2195 2713 2265 Ἀμφιλοχίου,
2739 2197 2946 2266 ἢγαγεν
2970 2199 3129 2250 αὐτὸν
3154 2200 3233 2262 είς
3252 2202 3351 2271 τὴν
3368 2202 3693 2270 ἐκκλησίαν·

2125 2285 2219 2338 καὶ
2262 2286 2569 2355 αὐτόματος
2606 2286 2798 2358 ἠνοίγη
2844 2290 3058 2352 αὐτοῖς·
3112 2290 3209 2342 καὶ
3241 2286 3377 2343 εἶδον
3406 2292 3560 2360 φῶτα
3598 2310 3693 2363 με·

2124 2374 2283 2443 γάλα.
2312 2375 2387 2437 ὡς
2417 2377 2508 2428 ἐπὶ
2535 2378 2727 2447 ἐορτῆς
2754 2379 2980 2449 Κυρίου.
3004 2380 3115 2432 Kal.
3133 2380 3323 2453 ἄνδρες
3351 2383 3690 2452 μονάζοντες,

2125 2458 2200 2519 ὧν
2229 2465 2330 2518 οὐκ
2354 2459 2423 2535 ἦν
2452 2465 2685 2536 ἀριθμός
2706 2484 2718 2497 ·
2753 2467 2848 2519 καὶ
2874 2468 3253 2538 ἐπιλαϐόμενοι
3280 2472 3462 2538 αὑτὸν,
3488 2474 3693 2543 ἤγαγον

2124 2558 2215 2610 ἐπὶ
2239 2556 2299 2609 τὸ
2327 2557 2711 2630 θυσιαστήριον
2729 2576 2743 2589 ο
2776 2559 2871 2612 καὶ
2891 2555 3035 2629 εἶχον
3061 2562 3119 2613 ἐν
3143 2564 3264 2623 ταῖς
3295 2564 3482 2632 χερσὶν
3514 2565 3693 2617 αὐτῶν

2123 2647 2488 2716 Εὐαγγέλιον,
2522 2650 2618 2701 καὶ
2652 2649 2940 2703 ἀπέδωκαν
2975 2651 3122 2721 αὐτῷ
3156 2651 3403 2720 λέγοντες
3424 2672 3436 2684 ο
3485 2656 3543 2708 '0
3580 2656 3691 2708 Κύ-

2128 2754 2239 2808 ριος
2290 2738 2425 2807 μετά
2471 2737 2588 2790 σοῦ.
2635 2734 2731 2801 Εἷς
2769 2739 2825 2790 δὲ
2865 2740 3081 2811 πρῶτος
3129 2742 3306 2796 αὐτῶν
3354 2743 3502 2813 λέγει
3553 2746 3691 2815 πρὸς

2121 2830 2349 2893 αύτούς·
2387 2829 2628 2896 Εῠξασθε
2674 2830 2894 2894 πάντες.
2958 2833 3068 2885 Καὶ
3114 2832 3314 2903 ἤρξατο
3364 2834 3572 2904 λέγειν’
3627 2836 3691 2889 Ἦ

2122 2917 2239 2971 θεία
2281 2918 2439 2989 χάρις
2474 2918 2874 2988 προχειρίζεται
2906 2919 2997 2973 τὸν
3035 2921 3258 2992 ἀδελφὸν
3293 2924 3449 2994 ἡμῶν
3498 2925 3688 2995 Ἀμφι-

530 3139 606 3213 (α)
642 3137 866 3213 Perinde
892 3148 1045 3213 atque
1072 3139 1129 3213 in
1152 3142 1281 3213 [esto
1311 3137 1540 3213 Domini.
1576 3137 1664 3213 ἐις
1697 3138 1795 3213 ἐστι
1821 3139 2014 3213 ἑορτῆς
2042 3143 2083 3200 C
2114 3139 2456 3213 gnificaretur
2482 3138 2696 3194 traditio
2731 3141 2851 3213 talis
2891 3142 2970 3194 vei
3008 3141 3131 3197 talis
3170 3144 3451 3211 potestatis
3475 3158 3502 3195 a
3541 3142 3675 3213 legi-

457 3207 689 3281 Κυρίου,
709 3209 853 3281 velut
876 3209 960 3263 die
984 3208 1281 3281 Dominico,
1307 3208 1394 3281 vel
1407 3207 1561 3272 forte,
1587 3207 1864 3281 Domiuica
1882 3207 2008 3276 ipsa

460 3277 905 3341 liesttrrectiottis,
944 3293 972 3330 a
1006 3292 1109 3346 qua
1140 3277 1326 3347 reliqui
1372 3292 1692 3347 perandum
1725 3278 1923 3331 habent
1953 3289 2011 3331 ut

455 3352 564 3402 siut
596 3347 920 3402 Christianis
952 3345 1216 3416 solemnes
1253 3345 1306 3401 et
1344 3345 1624 3416 Deminici,
1659 3345 1869 3416 laetique
1897 3362 2011 3399 om-

458 3420 615 3483 nino;
654 3432 815 3486 quam
841 3431 1027 3487 eorum
1060 3415 1298 3487 laetitiam
1329 3427 1381 3487 et
1411 3414 2010 3487 φαιδρότητα,ίμεγάλα

458 3488 548 3540 illa
585 3499 640 3540 ct
661 3484 784 3540 vere
825 3484 1044 3556 φαιδρὰ,
1078 3486 1129 3538 in
1153 3484 1396 3541 ecclesiis
1423 3484 1621 3539 Iuntina
1649 3484 1899 3555 cereique
1925 3497 2010 3541 ut-

458 3572 672 3623 cunque
701 3562 1102 3623 reprinseutent.

527 3626 603 3694 (ὁ)
636 3625 902 3695 Erantque
932 3625 1029 3677 viri
1061 3623 1315 3695 singulari
1337 3624 1623 3693 eximioque
1670 3625 1885 3679 amictu.
1907 3624 2009 3679 Ha-

455 3693 785 3749 bttit'uoster
809 3693 976 3747 codex
1009 3693 1329 3764 μονάζοντες
1352 3736 1366 3759 ,
1399 3709 1497 3764 nec
1522 3694 1804 3760 movimus,
1836 3712 2005 3764 quau-

454 3780 614 3831 quam
643 3773 698 3816 ιιι
721 3765 896 3817 minus
910 3762 1201 3828 octngruum
1229 3780 1331 3817 non
1353 3762 1701 3818 reddidimus.
1729 3765 1836 3831 Etsi
1858 3762 2005 3814 enim

459 3830 702 3902 plerique
731 3833 962 3901 episcopi
994 3831 1164 3887 Graeci
1200 3832 1311 3901 jam
1348 3834 1474 3888 olim
1504 3830 2008 3902 assumpti-l‘uerint

408 3904 413 3911 '
455 3898 649 3981 acuatu
678 3898 1078 3981 titoha_ehorttm,
1112 3898 1283 3981 eoque
1317 3902 1589 3981 potuerint
1613 3898 1786 3981 angeli
1812 3912 2009 3977 conve-

458 3972 601 4026 nisse
635 3972 1014 4024 monachorum
1042 3965 1239 4039 specie,
1264 3965 1336 4022 ad
1361 3968 1779 4039 consecrandum
1811 3965 1862 4018 in
1890 3966 2005 4039 epi-
2050 4012 2057 4018 .

457 4054 676 4109 seupum
709 4040 1030 4095 confratrem
1062 4035 1420 4109 monachum:
1447 4035 1621 4100 aptius
1640 4043 1827 4109 tamen
1860 4036 2007 4109 vide:

458 4103 624 4163 tur-ut
653 4110 860 4164 cultiori
887 4119 942 4164 et
971 4125 1124 4164 sacro
1151 4106 1333 4160 habitu
1371 4103 1737 4171 apparuerint,
1769 4118 1832 4157 ac
1861 4104 2006 4171 quali

456 4183 669 4233 deceret
701 4189 902 4232 tantum
939 4176 1328 4237 ministerium;
1368 4172 1526 4239 idque
1568 4182 1755 4225 auctor
1798 4173 2005 4240 signiti-

455 4264 577 4302 care
621 4248 868 4303 voluerit.
912 4246 1089 4312 Quare
1135 4242 1459 4312 reddidimus
1491 4240 1631 4312 velut
1664 4250 1802 4312 esset
1852 4241 2007 4311 μονό-

454 4317 632 4384 ζωνοι,
667 4309 1281 4385 quomodo'habuitsine
1318 4311 1478 4385 dubio
1507 4310 1671 4364 codex
1702 4309 2003 4385 Lipotitani,

453 4380 591 4453 apud
621 4380 784 4454 quem
825 4386 1050 4454 legimus
1075 4397 1088 4433 :
1112 4380 1535 4454 γίνξ-ρ-ιιατιαζᾳ-
1574 4388 1707 4432 veste
1735 4381 1925 4444 induti,
1954 4390 2002 4433 et

454 4448 611 4509 cincti
643 4448 905 4533 singulari
932 4453 1187 4533 lcingutoz
1218 4448 1832 4533 Ubi‘f'ItiP‘Hicrmlylltus
1885 4466 2000 4530 eam
2039 4479 2083 4533 ι)

450 4541 638 4580 vocem
675 4516 869 4584 reddit,
926 4516 1265 4574 latrunculos.
1304 4516 1529 4572 Videtur
1563 4516 1774 4579 seruire,
1814 4519 2008 4574 eximie

453 4604 507 4646 et
542 4592 886 4662 singulariter
911 4591 1166 4662 cinctum,
1194 4603 1363 4662 coque
1395 4597 1584 4641 ornatu
1611 4588 1831 4662 reliquis
1866 4590 2007 4640 mili-

454 4662 594 4718 tibus
631 4656 918 4732 ‘pt‘aelatuttt
962 4670 1014 4712 et
1068 4660 1490 4732 honoratiorem,
1537 4667 1593 4710 ut
1638 4656 1832 4711 Suidas
1860 4675 1872 4710 :
1902 4673 2007 4725 quo

451 4749 609 4786 sensu
637 4729 835 4799 optime
871 4731 957 4785 hic
986 4729 1231 4799 quadrat.

523 4804 593 4872 (ε)
620 4795 811 4872 Divina
839 4795 1249 4872 gratia'_p_rt_rﬁcit
1282 4798 1631 4872 ordinatth.‘
1658 4795 2006 4872 Προχειρίζε-

450 4867 582 4924 ται.⁷
601 4870 692 4924 Sic
715 4867 875 4922 etiam
899 4870 1034 4937 apud
1059 4868 1428 4934 Lipomanum,
1456 4869 1539 4919 cui
1578 4876 1750 4918 tamen
1780 4867 2004 4937 alteram

452 4956 636 4993 vocem
668 4935 990 5001 addidimus,
1020 4937 1394 5005 explicationis
1421 4950 1607 4999 causa,
1638 4946 1689 4988 et
1723 4935 1846 5003 quia
1899 4936 2007 5003 pri-

362 5034 365 5041 ·
453 5025 621 5071 luunt,
655 5007 938 5078 prwﬁcere,
981 5024 1078 5063 usu
1118 5006 1311 5059 Latino
1343 5006 1585 5078 videatur
1626 5006 1802 5078 minus
1827 5005 2007 5078 deter-

454 5074 713 5132 minattnn
752 5074 818 5130 ad
850 5078 1017 5145 ipsam
1061 5074 1521 5145 consecrationem
1558 5074 1783 5145 promoti
1820 5076 1885 5125 ad
1927 5084 2007 5126 ta-

452 5148 567 5201 lena
579 5148 799 5216 gradum
826 5143 1249 5215 significandam,
1273 5158 1431 5212 quam
1456 5143 1657 5197 Grmcis
1675 5144 1762 5216 τὸ,
1788 5159 2008 5213 προχει-

453 5211 732 5287 ρίζεσθαι·
764 5211 904 5284 quod
951 5216 1019 5287 sit
1066 5211 1387 5287 χειροτονεῖν
1435 5223 1487 5266 et
1517 5211 1861 5287 xstpoﬂersiv,
1898 5211 2004 5287 non

454 5282 659 5340 iautum
692 5282 1099 5347 caerimonialef
1121 5283 1375 5351 quidquid
1423 5282 1623 5348 multis,
1666 5294 1805 5335 totus
1842 5282 2005 5335 male-

451 5358 607 5408 dictis
636 5355 934 5416 infet‘citus,
964 5354 1014 5405 in
1051 5353 1341 5407 Arcudium
1368 5352 1605 5422 aliosque
1632 5354 1872 5412 aemulos,
1904 5352 2005 5405 Ca-

453 5427 775 5494 tnncyritus;
822 5426 916 5477 sed
950 5436 1091 5494 _\'er_e
1139 5421 1531 5494 sacramentale
1554 5433 1611 5476 et
1632 5421 2002 5494 substantiale

450 5491 615 5547 sacra:
639 5491 993 5557 ordinatioui;
1031 5492 1119 5545 illa
1155 5508 1405 5545 tuanuum
1450 5492 1812 5560 impositione,
1843 5506 1996 5543 acce-

450 5569 610 5616 deute
644 5564 927 5616 verborum
954 5563 1123 5615 forma
1153 5561 1283 5615 satis
1323 5565 1657 5629 exprimente
1688 5562 1999 5613 tradendam

447 5649 513 5700 eo
547 5642 667 5685 actu
693 5640 1030 5700 potestatem,
1060 5631 1304 5700 idemque
1342 5641 1647 5700 pra-stante,
1675 5639 1833 5697 atque
1868 5631 2004 5696 apud

448 5698 666 5769 Latinos
694 5698 957 5769 praestant
989 5702 1106 5755 alia:
1136 5698 1478 5765 cmi-intente,
1524 5699 1742 5769 Christo
1796 5709 2000 5769 tantum

450 5768 779 5839 instituentc,
814 5780 869 5826 ut
910 5770 1062 5840 signo
1102 5771 1279 5840 aliquo
1307 5771 1545 5827 sensibili
1576 5768 1896 5824 sufﬁcienter
1922 5768 2001 5823 si-

2117 3211 2244 3262 timo
2282 3209 2567 3261 ministro:
2621 3211 2887 3275 quomodo
2934 3213 3096 3264 etiam
3134 3209 3364 3274 constat,
3413 3213 3567 3265 aliter
3595 3209 3678 3265 or-

2110 3279 2322 3332 dinatos
2353 3280 2556 3345 primos
2591 3279 2884 3342 diaconos,
2928 3295 3089 3347 quam
3146 3285 3302 3333 modo
3350 3281 3686 3346 ordinentur,

2111 3348 2610 3419 porrectione‘libri
2666 3348 3094 3419 Evangeliortnn,
3144 3349 3397 3403 Matthaeo
3431 3351 3519 3419 qui
3577 3351 3689 3418 pri-

2113 3416 2237 3471 mus
2290 3416 2503 3485 scripsit
2543 3416 2911 3484 Evangelium,
2949 3419 3151 3486 aliquot
3195 3416 3533 3486 postmodum
3577 3416 3688 3471 Van.

2112 3488 2218 3550 nis,
2242 3488 2472 3555 primum
2512 3486 2803 3539 scribente.
2826 3486 2946 3555 Sed
2985 3487 3049 3538 de
3088 3485 3171 3539 his
3208 3486 3472 3555 pluribus,
3508 3487 3685 3540 eccle-

2111 3554 2451 3610 siasticarum
2506 3567 2684 3604 rerum
2744 3554 2970 3620 diligens
3021 3564 3293 3607 scrutator
3359 3554 3682 3611 Parisieusis

2110 3625 2365 3692 Ecclesiae
2414 3620 2809 3692 theologtts._l).
2842 3622 3037 3675 lsacius
3084 3622 3347 3677 lloabertus
3378 3624 3429 3677 in
3475 3625 3685 3692 Ἀρχιευ

2100 3688 2358 3759 ρατικῴ,
2385 3699 2440 3762 et
2463 3688 2694 3762 Jacobus
2727 3688 2871 3762 Guar
2894 3692 2945 3742 in
2969 3691 3317 3760 Eucltologio.
3341 3694 3491 3759 Quod
3524 3688 3687 3762 porro

2108 3756 2315 3833 spectat
2349 3757 2415 3810 ad
2446 3756 2823 3833 tuiraculosam
2860 3759 3039 3833 istam,
3068 3771 3122 3814 et
3148 3756 3342 3829 praeter
3364 3756 3563 3833 legem,
3593 3780 3683 3817 or-

2109 3827 2479 3897 diuationem;
2540 3828 3036 3883 constantissimum
3106 3827 3208 3895 est,
3268 3827 3506 3897 potuisse
3561 3849 3679 3886 eam

2104 3895 2248 3969 ﬁeri,
2287 3894 2565 3969 fuisseque
2597 3898 2830 3969 omnino
2864 3894 3201 3969 credendum
3205 3894 3427 3969 _sant:tis
3454 3903 3681 3969 angelis,

2109 3967 2176 4038 de
2191 3981 2250 4018 ea
2268 3966 2604 4038 testantibus,
2621 3965 2785 4038 juxta
2802 3966 3098 4038 doctrinam
3128 3968 3187 4021 D.
3204 3966 3420 4022 Tltoma:
3448 3986 3501 4022 ιιι
3623 3986 3678 4037 q.

2065 4033 2069 4036 ’
2112 4034 2205 4104 64,
2232 4049 2283 4086 a.
2314 4034 2367 4087 7.
2403 4033 2586 4104 Neque
2609 4036 2750 4087 enim
2776 4036 2827 4088 id
2853 4036 2925 4089 illi
2958 4046 3301 4104 attentareut,
3334 4038 3433 4091 nisi
3467 4033 3682 4094 Christo

2103 4103 2347 4173 jubente,
2383 4103 2475 4172 qui
2502 4113 2682 4171 potest
2707 4118 2814 4173 quo
2837 4106 3085 4160 maluerit
3115 4103 3358 4161 ministro
3391 4108 3464 4160 uti
3496 4110 3547 4160 iu
3588 4125 3678 4162 sa-

2108 4174 2398 4244 cramentis
2427 4190 2439 4226 :
2468 4188 2774 4241 quanquam
2802 4176 3090 4228 secundum
3127 4176 3295 4244 legem
3338 4186 3521 4230 utatur
3545 4179 3674 4231 solis

2108 4241 2436 4306 hominibus,
2467 4245 2865 4312 utquibuscum
2901 4243 3036 4310 ipse,
3088 4241 3550 4298 sacramentorum
3588 4263 3681 4301 au-

2107 4321 2249 4374 ctor,
2288 4314 2648 4367 communicat
2715 4312 2768 4364 in
2815 4320 2999 4363 natura
3029 4327 3041 4363 :
3073 4327 3245 4380 neque
3295 4328 3399 4367 non
3450 4315 3674 4379 faetum,

2118 4380 2349 4449 Spiritus
2403 4381 2673 4445 veritatis,
2706 4381 2983 4434 mendacio
3012 4390 3336 4436 astruerenl.
3373 4380 3469 4436 Vix
3494 4395 3672 4437 autem

2119 4450 2279 4503 fuerit
2311 4450 2525 4518 aliquis,
2555 4450 2620 4504 de
2662 4464 2767 4517 quo
2810 4450 2997 4519 majori
3036 4451 3217 4518 specie
3249 4451 3670 4519 probabilitatis,

2111 4520 2684 4591 privilegiumtantum
2714 4519 2859 4573 credi
2895 4520 2980 4586 pie
3024 4530 3224 4583 posset,
3259 4522 3373 4591 sive
3405 4521 3672 4591 insignem

2110 4587 2469 4655 Amphilochii
2518 4588 2857 4642 sanctitatem
2904 4598 2954 4640 et
3005 4590 3473 4656 contemplationis
3502 4587 3677 4645 Excel-

2108 4656 2660 4728 lentiam_spectemus
2681 4673 2705 4728 ;_
2724 4657 2836 4711 sive
2862 4657 3117 4728 malitiam
3141 4659 3421 4725 temporis,
3460 4662 3677 4728 quando

2104 4727 2174 4779 ad
2208 4726 2664 4795 petulantissimos
2694 4726 2975 4779 haereticos
3003 4731 3346 4790 coercendos,
3367 4726 3534 4795 major
3559 4731 3677 4783 viro

2109 4796 2197 4865 qui
2246 4794 2389 4866 velut
2435 4798 2683 4864 princeps
2751 4796 3135 4850 catholicorum
3196 4794 3677 4866 episcoporumque

2109 4864 2273 4934 esset
2308 4864 2540 4927 futurus,
2579 4866 2874 4918 Athanasio
2922 4864 3273 4934 Basilioque’e
3309 4864 3440 4919 vivis
3498 4864 3675 4920 eretu-

2110 4935 2234 5002 ptis,
2256 4932 2586 5003 jactatoque,
2644 4949 2707 4988 ac
2764 4936 2974 4988 tandem
3017 4932 3366 4989 eratictorato
3414 4935 3675 5004 Gregorio

2110 5004 2153 5056 Τ
2161 5005 2407 5072 heolugo,
2447 5004 2739 5059 auctoritas
2760 5004 3094 5058 concilianda
3126 5003 3249 5058 fuit.

2180 5073 2273 5126 Est
2304 5075 2353 5125 in
2397 5072 2529 5126 Vitis
2573 5072 2787 5126 Patrum
2828 5073 3134 5141 Rosweydi,
3170 5084 3226 5125 ut
3267 5072 3563 5127 monachus
3595 5075 3666 5127 sit

2108 5145 2359 5197 redactus
2383 5143 2447 5195 ad
2476 5144 2718 5195 ordinem
2749 5158 2777 5194 a
2820 5143 3089 5207 Patribus,
3116 5143 3203 5208 qui
3233 5142 3336 5195 sibi
3376 5143 3660 5195 videbatur

2108 5214 2187 5266 sit;
2233 5211 2552 5265 miraculose
2595 5214 2875 5266 ordinatus
2921 5212 2977 5264 in
3030 5212 3420 5280 presbyterum.
3482 5210 3671 5334 Magna

2108 5291 2253 5334 certe
2310 5283 2362 5334 in
2408 5284 2572 5334 rebus
2604 5283 2733 5334 tanti
2793 5282 3048 5333 momenti
3083 5293 3217 5334 ODtts
3243 5282 3510 5334 cautione.
3604 5281 3671 5333 ul-

2108 5291 2253 5335 certe
2310 5283 2362 5335 in
2408 5284 2572 5335 rebus
2604 5283 2733 5334 tanti
2793 5282 3048 5333 momenti
3083 5293 3217 5348 opus
3243 5282 3510 5335 cautione.
3553 5281 3677 5334 Nul-

2109 5352 2217 5403 lum
2242 5353 2378 5419 apud
2408 5352 2738 5419 antiquiores
2765 5352 3000 5420 occurrit
3037 5351 3256 5416 hujusce
3285 5360 3390 5403 tam
3429 5352 3669 5420 singula-

2109 5422 2184 5474 ris
2213 5421 2564 5473 ordinatitmis
2608 5419 2969 5489 Amphilochii
3011 5420 3178 5472 n0stri
3211 5419 3614 5474 monumentum
3650 5437 3664 5471 :

2109 5491 2208 5543 nisi
2245 5491 2381 5543 forte
2422 5490 2712 5559 Gregorius
2761 5505 2928 5560 carm.
2965 5494 3287 5560 paraenetico
3316 5491 3379 5542 ad
3410 5489 3674 5560 Olympia-
3724 5542 3731 5551 ,

2108 5562 2227 5612 dem
2281 5562 2346 5611 ad
2390 5574 2506 5612 eam
2538 5557 2857 5626 'respexerit
2902 5559 2933 5627 ir
2980 5559 3095 5622 uti,
3132 5557 3537 5627 transmissiojte
3582 5557 3669 5611 illa

2108 5630 2172 5680 ad
2207 5627 2600 5699 l)eum,_t9§xkq
2636 5645 2699 5697 γε
2728 5629 2822 5682 σὺν
2852 5625 2991 5699 ἁγνῇ
3014 5644 3025 5657 ⁸
3069 5645 3186 5682 cum
3226 5629 3418 5699 virgine
3446 5625 3670 5699 Thecla;

2109 5713 2232 5768 nam
2266 5693 2536 5759 cutn‘non
2589 5693 2757 5766 possit
2812 5693 3037 5768 intelligi
3068 5702 3132 5753 de
3168 5693 3672 5768 transmissiouerad

2109 5767 2275 5822 Deum
2315 5782 2410 5835 per
2435 5763 2712 5823 excessum
2749 5784 2780 5823 a
2837 5771 2965 5837 \ita,
2991 5763 3060 5823 ἰιι
3088 5769 3216 5823 satis
3246 5769 3380 5823 bene
3410 5763 3675 5825 Baronius
