4118 6412
591 487 663 547 19

1561 493 1612 550 S.
1654 495 2105 552 AMPlliLOCllll
2145 493 2532 552 ICONIENSIS
2575 497 2883 554 EPlSCOPl

3767 503 3838 556 90

589 606 764 676 nopoli
796 606 863 662 ad
895 607 1275 678 inquirendum
1311 611 1375 666 de
1417 626 1480 667 ea
1530 629 1607 678 re,
1644 623 1858 667 centum
1895 615 2152 684 quinqua-

2258 614 2468 667 σκόπων
2523 622 2634 687 ρνγ¹
2682 618 2740 669 ἐν
2793 611 3362 668 Κωνσταντινουπόλει
3401 612 3529 684 περὶ
3549 613 3643 667 τοῦ
3669 615 3840 689 ζητής

589 700 737 768 ginta
779 701 939 756 trium
975 701 1051 774 (α)
1080 704 1455 774 episc0porum
1479 706 1734 776 synodus.
1763 706 2007 776 Cumque
2032 708 2161 762 Am-

591 793 896 861 philochius
920 795 972 849 in
1015 797 1330 850 memoriam
1356 798 1610 863 venisset,
1651 799 2162 868 dixeruutepiscopi

590 886 657 938 ad
703 887 1080 955 imperatorem
1117 903 1130 939 :
1164 887 1388 944 Domine
1452 890 1766 958 imperator,
1819 890 1947 958 jube
2001 892 2164 960 igitur

590 977 902 1046 episcopum
932 976 1091 1032 Iconii
1117 979 1338 1042 venire;
1372 973 1485 1032 etsi
1507 979 1723 1047 quidem
1760 979 1920 1034 fuerit
1958 980 2045 1034 ille
2083 981 2161 1034 vi-

591 1076 729 1131 ctus,
763 1067 862 1137 ipsi
905 1082 1093 1123 omnes
1141 1068 1268 1122 victi
1312 1067 1595 1124 fuerimus.
1619 1067 1946 1139 Imperatore
1983 1080 2160 1125 autem

585 1159 803 1222 jubente
833 1159 981 1212 venit
1015 1158 1452 1228 Amphilochius,
1487 1169 1544 1214 ut
1574 1163 1662 1231 qui
1719 1178 1822 1216 non
1883 1165 2163 1218 resisteret

594 1248 968 1316 imperialibus
997 1251 1288 1314 mandatis,
1326 1251 1600 1307 Theodulo
1631 1252 1745 1321 t-jus
1782 1255 2162 1311 archidiacono

590 1341 809 1393 comite.
867 1339 1056 1407 Porro,
1096 1358 1218 1396 cum
1278 1343 1460 1399 Iconio
1517 1346 1888 1415 egrederetur,
1927 1347 2047 1403 tulit
2093 1364 2161 1404 ex

595 1438 746 1482 strue
782 1429 996 1499 plenum
1025 1429 1146 1502 igne
1179 1432 1468 1488 carbonem
1509 1434 1604 1506 (ὁ),
1644 1438 1963 1508 tradiditque
1986 1441 2161 1493 archi-

591 1517 837 1582 diacono,
895 1520 1118 1578 dicens:
1153 1521 1264 1577 lloc
1308 1527 1446 1592 apud
1483 1536 1534 1581 te
1575 1543 1752 1591 serva,
1809 1545 1978 1598 usque
2034 1532 2158 1585 dum

592 1608 799 1662 dixero.
826 1608 1244 1682 Conscensoque
1271 1614 1412 1682 pullo
1431 1616 1589 1680 asini,
1619 1619 1876 1686 pergebat
1894 1619 2160 1674 Constan-

590 1697 864 1768 tinopolim
901 1717 916 1753 :
955 1715 1018 1754 ac
1058 1717 1230 1770 neque
1269 1706 1503 1762 comedit
1540 1722 1714 1776 neque
1776 1709 1929 1770 bibit,
1990 1711 2158 1766 donec

586 1791 774 1844 urbem
817 1782 1225 1862 ingrederetur.
1278 1795 1448 1862 Quam
1503 1798 1776 1868 ingressus
1820 1800 2158 1867 horanona,

2268 723 2434 776 ματος
2477 706 2686 760 τούτου.
2729 705 2839 759 Καὶ
2883 702 3281 773 ἀναμνησθεὶς,
3317 703 3454 773 πρὸς
3494 704 3584 759 τὸν
3615 705 3838 776 βασιλέα

2264 792 2414 849 εἷπον
2465 798 2514 851 οί
2549 797 2865 850 ἐπίσκοποι*
2911 794 3087 865 Κύριε
3127 792 3384 863 βασιλεῦ,
3436 795 3692 850 κέλευσον
3742 795 3837 853 οὖν

2266 887 2443 941 ἐλθεῖν
2499 888 2592 941 τὸν
2644 887 2940 940 ἐπίσκοπον
2999 885 3257 940 Ἰκονίουο
3309 887 3404 940 καὶ
3454 887 3547 940 ἐὰν
3597 891 3834 958 ἐκεῖνος,

2274 979 2593 1050 ἡττήθημεν
2619 979 2837 1042 πάντες.
2871 978 3272 1042 Κελευσθέντος
3311 978 3367 1032 δὲ
3407 978 3500 1032 τοῦ
3538 979 3834 1049 βασιλέως,

2236 1062 2246 1071 ’
2272 1065 2434 1142 ἦλθεν
2457 1073 2485 1124 6
2523 1072 2890 1143 Ἀμφιλόχιος,
2915 1071 2989 1135 ὠς
3015 1073 3089 1141 μὴ
3117 1071 3507 1141 ἀνθιστάμενος
3537 1071 3836 1141 βασιλικοῖς

2265 1163 2716 1234 προστάγμασιν,
2761 1163 2902 1233 ἔχων
2953 1163 3069 1233 μετ’
3104 1161 3268 1216 αὐτοῦ
3298 1163 3392 1216 καὶ
3430 1163 3718 1217 Θεόδουλον
3746 1164 3836 1218 τδν

2265 1252 2649 1322 ἀρχιδιὰκονον
2673 1252 2862 1306 αὐτοῦ.
2909 1251 3114 1305 Τούτου
3142 1251 3199 1305 δέ
3232 1251 3591 1322 ἐξερχομένου
3629 1253 3694 1306 ἐκ
3741 1253 3836 1307 τοῦ

2275 1341 2528 1405 Ἰκονίου,
2561 1337 2694 1413 ἦρεν
2735 1344 2798 1394 ἐκ
2827 1342 2924 1412 τῆς
2975 1340 3274 1412 ἀνθρακιᾶς
3323 1341 3629 1412 καρὸούνην
3665 1359 3836 1413 μεμε-

2264 1434 2545 1504 στωμένην
2575 1433 2746 1504 πυρὸς
2767 1474 2781 1497 ,
2811 1434 2905 1486 καὶ
2933 1431 3132 1485 ἔδωκεν
3161 1429 3238 1503 τῷ
3267 1431 3628 1503 ἀρχιδιακόνῳ
3669 1432 3836 1487 αὑτοῦ

2261 1525 2432 1594 λέγων
2455 1543 2467 1555 ·
2514 1525 2685 1578 Τοῦτο
2729 1525 2964 1594 φύλαξον
3004 1524 3159 1596 παρά
3195 1524 3425 1594 σεαυτῷ,
3458 1524 3563 1589 ἕως
3597 1525 3664 1578 ἂν
3695 1527 3834 1580 εἴπω

2263 1633 2363 1668 σοι.
2411 1617 2523 1670 Καὶ
2569 1617 2858 1680 καθεσθεὶς
2906 1617 3000 1670 ἐπὶ
3037 1616 3199 1669 πόλου
3247 1616 3392 1680 ὄνου,
3442 1616 3733 1687 ἐπορεύετο
3773 1618 3832 1671 ἐν

2260 1705 2827 1759 Κωνσταντινουπόλει
2853 1722 2865 1735 ⁸
2893 1707 2989 1760 καὶ
3013 1707 3114 1760 οὐκ
3139 1705 3362 1774 ἔφαγεν,
3389 1707 3510 1760 οὐδὲ
3534 1708 3704 1771 ἔπιεν,
3728 1709 3830 1771 ἕως

2263 1794 2329 1849 ἂν
2355 1796 2600 1867 εἰσῆλθεν
2627 1795 3290 1852 ἐνΚωνσταντινουπόλει.
3315 1798 3424 1851 Καὶ
3448 1797 3691 1868 είσῆλθεν
3713 1798 3832 1870 ὥρα

587 1874 803 1932 divertit
833 1878 971 1947 apud
1007 1883 1296 1949 quamdam
1328 1885 1608 1940 mulierem
1638 1890 1853 1943 viduam
1891 1905 1904 1940 :
1931 1906 1994 1943 ac
2031 1907 2153 1945 con-

2263 1884 2329 1948 0',
2373 1886 2639 1939 κατέλυσε
2689 1887 2838 1958 παρά
2882 1904 2988 1939 τινι
3033 1886 3250 1955 γυναικὶ
3283 1887 3457 1957 χήρᾳ*
3499 1887 3593 1939 καὶ
3631 1887 3831 1949 εὐθέως

586 1966 788 2030 restim,
825 1965 992 2022 Deum
1017 1969 1365 2035 benedicens,
1399 1973 1464 2027 ad
1508 1974 1790 2029 ecclesiam
1849 1987 1932 2030 est
1985 1977 2153 2045 profe-

2259 1975 2578 2046 ἐξώρμησεν
2620 1977 2713 2029 ἐπὶ¹
2742 1949 2842 2046 τὴν
2873 1949 3168 2045 ἐκκλησίαν
3201 1949 3437 2045 εὐλογιῦν
3463 1977 3554 2029 τὸν
3580 1977 3733 2030 Θεόν.
3765 1979 3828 2029 Αἱ

589 2069 726 2114 ctus.
771 2057 935 2112 Erant
958 2069 1136 2114 autem
1185 2072 1353 2128 porta:
1389 2079 1579 2120 omnes
1605 2067 1868 2122 obseratas
1893 2084 1907 2125 :
1937 2078 2009 2133 at,
2041 2070 2153 2138 ipso

588 2150 776 2218 positis
806 2151 1034 2220 genibus
1063 2165 1335 2221 precante,
1371 2157 1554 2210 statim
1589 2168 1788 2226 apertae
1837 2174 1960 2212 eum
2008 2161 2153 2216 intus

587 2252 963 2314 susceperunt.
1020 2241 1114 2299 Ille
1157 2261 1302 2302 ‘vero
1357 2248 1438 2304 sic
1495 2265 1653 2303 orare
1697 2250 1859 2318 coepit
1891 2268 1904 2304 :
1933 2251 2155 2307 Domine

586 2332 713 2390 Jesu
735 2335 972 2399 Christe,
1010 2337 1172 2401 Deus,
1204 2353 1306 2392 non
1334 2351 1416 2394 est
1443 2340 1496 2394 in
1523 2356 1606 2394 me
1636 2356 1814 2395 sermo
1840 2343 2150 2412 sapientia:

587 2441 686 2481 nec
724 2430 844 2482 novi
883 2431 1013 2500 quid
1050 2432 1224 2486 dicam
1275 2432 1538 2501 loquarve
1580 2448 1761 2486 coratn
1810 2433 2152 2503 imperatore.

547 2552 554 2556 -
591 2521 713 2574 Πεπιο
742 2524 864 2575 cum
899 2522 1148 2588 dixisset,
1179 2524 1347 2578 astitit
1379 2523 1652 2587 Christus,
1679 2524 1768 2592 qui
1805 2540 1901 2594 per
1931 2527 2157 2596 propheo

586 2623 668 2666 tas
696 2625 904 2668 iocutus
926 2623 1028 2676 cst,
1063 2615 1284 2669 dicens:
1317 2613 1487 2683 Prope
1519 2623 1596 2669 est
1628 2615 1883 2670 Dominus
1911 2617 2155 2671 invocan-

593 2703 729 2756 tibus
783 2720 898 2757 eum
958 2706 1013 2759 in
1067 2706 1350 2773 ueritate‘,
1389 2707 1577 2774 aitque
1640 2707 2153 2779 illi:Amphilochi,

582 2792 688 2847 noli
721 2794 930 2862 timere,
960 2811 1138 2866 neque
1173 2797 1567 2865 trepidaveris:
1599 2813 1715 2854 smn
1743 2814 1840 2870 ego
1871 2809 2070 2870 tecum,
2097 2813 2156 2858 ut

581 2901 676 2954 per
709 2893 760 2940 te
794 2887 1004 2954 loquar,
1035 2903 1157 2957 quae
1183 2899 1234 2942 te
1267 2897 1481 2959 oportet
1511 2889 1658 2959 loqui
1709 2906 1892 2945 coram
1939 2905 2149 2950 senatu.

585 2977 762 3046 lisque
807 2977 990 3043 dictis,
1033 2979 1104 3033 ab
1145 2993 1210 3034 eo
1262 2980 1528 3035 discessit.
1562 2983 1632 3035 At
1661 2981 1748 3036 ille
1785 2967 2054 3051 egressus,
2099 2986 2152 3040 in

583 3079 734 3120 suum
769 3081 826 3123 se
861 3067 1150 3138 hospitium
1181 3068 1425 3124 contulit.

651 3242 742 3299 lV.
771 3239 903 3298 Cum
934 3243 1268 3299 audivissent
1295 3253 1472 3300 autem
1518 3245 1626 3316 lupi
1669 3248 1898 3314 Arabizp,
1937 3249 2149 3306 invase-

581 3344 702 3391 runt
759 3335 1076 3405 hospitium,
1116 3351 1348 3405 moxque
1413 3347 1665 3407 tanquam
1720 3340 1815 3394 feri
1863 3341 2052 3398 ﬂuctus
2083 3346 2151 3399 ad

581 3434 787 3494 petram
815 3428 976 3496 allisi,
1000 3439 1057 3482 ut
1077 3443 1262 3497 spuma
1288 3429 1604 3485 solutisuut.
1622 3429 1749 3486 Erat
1771 3434 1910 3487 enim
1929 3436 2152 3506 Amphi-

579 3520 788 3575 lochius
823 3520 926 3575 ﬁde
951 3521 1002 3575 in
1026 3529 1232 3590 petram
1257 3518 1500 3575 duratus.
1533 3523 1618 3576 Ait
1644 3539 1772 3579 vero
1802 3525 2100 3583 Eunomius
2129 3545 2143 3582 :

579 3613 734 3669 Tune
785 3629 845 3668 es
897 3613 983 3668 illc
1034 3613 1465 3680 Amphilochius,
1499 3613 1591 3668 Dei
1626 3619 1850 3673 servus?
1892 3619 1992 3686 Qui
2026 3621 2103 3673 ait
2130 3634 2142 3646 ·

580 3705 691 3772 Ego
718 3720 834 3759 sum
868 3703 1275 3774 Amphilochius
1318 3715 1587 3779 peccator.
1637 3708 1931 3762 Eunomius
1964 3709 2100 3760 dixit
2132 3725 2145 3762 .-

578 3793 720 3860 Quid
769 3809 885 3849 vero
933 3794 1186 3848 subverti:
1232 3792 1485 3850 Israel'?
1522 3796 1930 3863 Amphilochius
1963 3795 2098 3847 dixit
2131 3812 2146 3851 :

581 3885 706 3939 Non
760 3901 853 3956 ego
913 3887 1175 3957 subverto,
1217 3888 1308 3943 sed
1381 3887 1494 3942 tu'.
1532 3871 1830 3942 Eunomius
1883 3886 2006 3941 ait:
2049 3886 2150 3953 Qui

577 3990 707 4046 ergo
781 3976 941 4035 habet
995 3982 1168 4050 prima
1224 3994 1327 4033 vox
1377 3977 1648 4046 Evangelii
1693 3995 1706 4031 :
1750 3976 1818 4031 In
1892 3965 2158 4048 principio

577 4079 688 4124 erat
719 4068 946 4125 Verbum
973 4085 992 4124 :
1019 4082 1066 4126 et
1112 4069 1331 4124 Verbum
1394 4079 1504 4121 erat
1533 4069 1671 4136 apud
1707 4067 1896 4134 Deum,
1933 4081 1979 4123 et
2012 4069 2148 4124 Deus

576 4171 686 4213 (rat
737 4158 1032 4215 Verbum"?
1090 4159 1227 4213 Num
1289 4167 1412 4212 ante
1473 4159 1795 4228 principium
1849 4170 1985 4224 erat,
2022 4177 2148 4216 nec-

577 4252 684 4306 ιιοῖ
714 4250 1124 4320 Amphilochius
1151 4249 1285 4302 dixit
1331 4248 1490 4304 :Nou
1543 4251 1683 4304 sicut
1738 4260 1791 4304 ιιι
1845 4252 2144 4319 existimas,

576 4350 824 4396 creatura
857 4347 939 4393 est
991 4339 1083 4392 Dei
1144 4338 1414 4402 Verbum;
1466 4340 1558 4394 sed
1617 4349 1699 4394 est
1751 4340 1949 4406 factum
1996 4357 2149 4396 crea-

576 4442 722 4496 tura,
757 4440 815 4485 ut
842 4431 958 4501 ejus
988 4430 1240 4486 divinitas
1275 4430 1439 4485 voluit
1459 4431 1548 4502 (c).
1577 4431 1867 4487 Eunomius
1895 4435 1970 4486 ait
1998 4450 2010 4484 :
2046 4432 2146 4498 Qui

2255 2068 2311 2121 δὲ
2337 2067 2498 2138 θύραι
2530 2069 2704 2122 πᾶσαι
2739 2068 3148 2140 ὴσφαλισμέναι
3173 2064 3334 2142 ἦσαν.
3381 2068 3504 2133 Osi;
3529 2069 3592 2145 ,δὲ
3631 2069 3829 2139 γόνατα

2256 2158 2603 2230 προσηύξατο
2623 2199 2638 2223 ,
2670 2160 2764 2213 καὶ
2789 2163 2842 2214 αἱ
2876 2161 3039 2232 θύραι
3082 2161 3436 2232 ἀνεῴχθησαν
3465 2164 3827 2234 παραχρῆμα,

2256 2250 2352 2302 καὶ
2387 2250 2662 2304 εἰσέλαϐον
2691 2251 2854 2304 αὐτὸν
2889 2251 3014 2305 ἔσω.
3061 2251 3387 2322 Ἀρχόμενος
3425 2251 3481 2304 δὲ
3516 2250 3700 2318 ἔλεγεν
3739 2253 3829 2306 οὕ-

2255 2357 2361 2394 τω·
2395 2340 2571 2412 Κύριε
2627 2339 2800 2410 Ἰησοῦ
2836 2340 3042 2412 Χριστέ
3069 2341 3097 2393 ὁ
3127 2339 3257 2398 Θεὸς
3273 2379 3296 2404 ,.
3331 2341 3412 2394 ὅτι
3455 2340 3556 2392 οὐκ
3589 2339 3734 2394 ἔστιν
3769 2343 3828 2394 ἐν

2256 2432 2378 2502 ἐμοὶ
2407 2431 2563 2500 λόγος
2586 2433 2808 2501 σοφίας,
2835 2431 2931 2484 καὶ
2959 2431 3012 2484 τί
3041 2431 3232 2498 εἵπωῆ
3262 2431 3312 2483 τί
3341 2430 3561 2499 λαλήσω
3617 2430 3830 2502 ἔμπρο-

2259 2523 2382 2576 σθεν
2419 2525 2512 2578 τοῦ
2540 2524 2803 2595 βασιλέως
2846 2525 2946 2577 οὐκ
2990 2519 3125 2578 οἶδα.
3175 2525 3284 2576 Καὶ
3332 2523 3532 2588 εὐθέως
3578 2525 3828 2596 παρέστη

2255 2616 2403 2687 αύτῷ
2437 2617 2464 2669 6
2493 2615 2756 2688 Χριστὸς,
2785 2615 2814 2667 6
2841 2614 2933 2668 διὰ
2968 2615 3074 2668 τῶν
3103 2615 3396 2687 προφητῶν
3432 2615 3704 2687 λαλήσας,
3740 2616 3828 2669 λέ-

2253 2723 2388 2774 γων’
2439 2705 2652 2775 Ἐγγὺς
2686 2707 2900 2772 Κύριος
2945 2705 3068 2770 τοῖς
3111 2705 3607 2774 ἐπικαλουμένοις
3642 2707 3829 2761 αὑτὸν

2253 2796 2322 2850 ἐν
2348 2797 2596 2863 ἀληθείᾳ
2616 2815 2628 2826 ·
2663 2796 2756 2849 καὶ
2783 2795 2932 2864 λέγει
2957 2795 3126 2864 αὐτῷ·
3167 2795 3503 2866 Ἀμφιλὸχιε,
3535 2797 3607 2868 μὴ
3639 2797 3826 2866 φοϐοῦ,

2258 2889 2397 2960 μηδέ
2431 2888 2702 2959 διλειὰσῃς
2725 2905 2737 2918 ·
2767 2889 2784 2908 ⁵
2810 2887 2946 2958 μετὰ
2969 2888 3061 2941 σοῦ
3090 2887 3165 2957 (d)
3193 2886 3380 2959 ὥσπερ
3409 2888 3489 2941 δεῖ
3512 2905 3571 2941 σε
3599 2888 3828 2942 ἐνώπιον

2254 2979 2355 3048 τῆς
2390 2979 2714 3051 συγκλήτου.
2750 2980 2861 3032 Καὶ
2887 2979 3062 3032 ταῦτα
3095 2978 3288 3044 εἰπὼν,
3322 2977 3564 3048 ἀπῆλθεν
3606 2981 3701 3033 ἀπ’
3733 2979 3830 3034 αύ-

2253 3070 2348 3124 τοῦ
2371 3087 2384 3101 ·
2412 3071 2506 3124 καὶ
2534 3070 2762 3136 ἐξελθὼν
2789 3072 2818 3124 6
2842 3071 2981 3143 ἀνὴρ
3000 3111 3014 3134 ,
3056 3070 3353 3141 ἐπορεύετο
3394 3070 3452 3124 ἐν
3475 3069 3564 3141 ’τῷ
3595 3071 3830 3126 καταλύ-

2257 3177 2388 3232 ματι
2421 3161 2608 3214 αὑτοῦ.

2323 3251 2397 3308 Δ’.
2420 3253 2695 3307 Ἤκουσαν
2717 3253 2771 3306 δέ
2787 3252 3002 3307 οἱλύκοι
3024 3251 3124 3322 τῆς
3165 3251 3442 3323 ’Δραὸίας,
3469 3252 3564 3306 καλ⁴
3594 3251 3827 3326 ἐπέστη-

2259 3361 2358 3400 σαν
2384 3346 2442 3398 ἐν
2471 3345 2548 3416 τῷ
2582 3345 2957 3415 καταλύματι·
2993 3344 3087 3398 καὶ
3124 3344 3326 3405 εὐθέως
3351 3343 3732 3414 πφσέρῤηξαν
3759 3348 3826 3417 τῇ

2257 3437 2433 3512 πέτρᾳ
2453 3478 2468 3502 ,
2496 3437 2571 3501 ὡς
2598 3437 2765 3507 ἄγρια
2791 3436 3030 3504 κύματα,
3059 3434 3150 3486 καὶ
3176 3433 3250 3496 ὡς
3278 3433 3450 3504 ἀφρὸς
3475 3434 3824 3505 ἐξελύθησαν.

2258 3524 2694 3595 Πεπετρωμένος
2719 3522 2827 3591 γὰρ
2847 3524 2912 3590 τῇ
2930 3521 3109 3572 πίστει
3132 3521 3376 3590 ὑπῆρχεν
3400 3522 3428 3572 6
3460 3520 3823 3592 Ἀμφιλὸχιος.

2255 3617 2366 3668 Καὶ
2409 3615 2555 3680 λέγει
2593 3613 2622 3663 6
2650 3612 2945 3680 Εὑνόμιοςο
2980 3612 3051 3664 Σὺ
3093 3607 3146 3663 εἴ
3178 3614 3207 3664 6
3258 3611 3627 3682 ’Δμφιλόχιος,
3655 3615 3683 3666 6
3706 3613 3828 3666 δοῦ-

2253 3701 2343 3763 λος
2368 3699 2463 3752 τοῦ
2501 3699 2668 3762 Θεοῦ;
2713 3699 2778 3750 Ὁ
2792 3697 2849 3749 δὲ
2879 3697 3061 3765 λέγει’
3114 3697 3253 3766 Ἐγώ
3280 3701 3394 3769 ειμι
3420 3701 3448 3752 6
3485 3700 3828 3772 Ἀμφιλόχιος

2253 3790 2602 3862 ἁμαρτωλός.
2630 3789 2894 3860 Εύνόμιος
2927 3787 3047 3843 εἷπε
3067 3807 3079 3820 ·
3108 3791 3216 3844 Καὶ
3244 3782 3300 3844 Ξί
3322 3789 3698 3861 διαστρέφεις
3722 3791 3822 3845 τὸῦ

2263 3881 2542 3954 Ἰσραήλ;
2588 3880 2937 3951 Ἀμφιλὸχιος
2962 3876 3144 3934 εἶπεν·
3179 3883 3299 3935 Οὐκ
3324 3881 3439 3950 ἐγὼ
3467 3882 3825 3952 διαστρέψω,

2250 3971 2413 4027 ἀλλὰ
2434 3973 2534 4026 σύ.
2557 3968 2822 4042 Εὑνόμιος
2844 3968 3019 4039 λέγει·
3039 3967 3164 4034 Πῶς
3181 3963 3274 4024 οῦν
3294 3970 3328 4041 ἡ
3345 3967 3534 4042 πρώτη
3558 3971 3708 4042 φωνὴ
3729 3987 3826 4025 του

2251 4062 2586 4132 Εὐαγγελίου
2615 4062 2784 4131 λέγει·
2812 4062 2914 4116 Ἐν
2938 4060 3096 4130 ἀρχῇ
3120 4057 3200 4131 ἦν
3230 4064 3263 4115 ό
3290 4063 3499 4131 Λόγος.
3529 4061 3627 4115 καί
3659 4064 3692 4115 ὁ
3715 4063 3820 4118 Λό-

2253 4175 2359 4228 γος
2384 4153 2461 4227 ἦν
2492 4156 2643 4224 πρὸς
2675 4156 2783 4209 τὸν
2814 4155 2982 4209 Θεόν·
3011 4153 3113 4207 καὶ
3143 4153 3288 4220 Θεὸς
3311 4148 3390 4223 ἦν
3411 4156 3444 4207 ὀ
3473 4154 3682 4223 Λόγος.
3714 4153 3827 4224 Πρὸ

2253 4249 2353 4319 τῆς
2379 4249 2552 4318 ἀρχῆς
2578 4242 2669 4317 ἦν,
2701 4246 2734 4315 ἢ
2762 4245 2863 4297 οὐκ
2887 4240 2991 4314 ipa;
3027 4243 3372 4314 Ἀμφιλόχιος
3398 4239 3576 4296 εἷπενσ
3602 4244 3732 4316 Ούχ,
3751 4245 3826 4307 ὡς

2257 4342 2320 4394 σὺ
2363 4338 2801 4408 ὑπολαμϐάνεις,
2847 4335 3054 4406 κτίσμα
3093 4334 3238 4387 ἐστὶν
3271 4337 3298 4388 6
3333 4334 3428 4388 τοῦ
3459 4335 3592 4388 Θεοῦ
3617 4336 3786 4404 Λόγος
3809 4353 3821 4366 ο

2255 4431 2368 4485 ἀλλ’
2403 4432 2476 4494 ὡς
2518 4429 2779 4499 ἠθέλησεν
2811 4428 2845 4496 ὴ
2875 4425 3041 4479 αὑτοῦ
3079 4424 3288 4496 θεότης,
3332 4426 3686 4497 μετεποιήθη.
3723 4427 3826 4480 Εὐ-

648 4550 670 4581 ⁶
701 4547 842 4603 Psal.
890 4529 1074 4610 τηεν,
1127 4546 1214 4602 i8.
1291 4546 1403 4602 ⁸111
1462 4547 1596 4619 Reg.
1639 4565 1794 4616 xvm,
1826 4551 1908 4605 Π.
1985 4551 2153 4606 “ibid.

2258 4549 2293 4603 ζ.
2368 4551 2388 4580 ⁷
2419 4545 2574 4602 Joan.
2617 4561 2656 4609 t,
2683 4545 2732 4600 1.

578 4644 661 4696 sio
700 4642 1135 4708 congressionem
1174 4641 1342 4694 verita
1400 4640 1614 4694 Placilla
1649 4642 1947 4709 (contendit
1982 4643 2147 4696 Baro-
2180 4647 2224 4700 D

578 4713 699 4764 nius
735 4727 820 4764 an.
846 4709 954 4764 585
977 4711 1170 4782 dictam
1201 4710 1564 4782 Flacillatnex
1598 4712 1763 4764 veteri
1798 4713 2145 4782 numismato)

578 4787 837 4844 quantum
896 4780 1088 4849 potuit,
1133 4781 1426 4847 prohibuit,
1455 4780 1511 4832 ut
1545 4782 1762 4834 Sczom.
1795 4781 1832 4833 1.
1876 4797 1970 4842 vtt,
2004 4797 2055 4836 c.
2093 4780 2145 4835 (i.

583 4850 652 4902 lit
709 4849 902 4903 merito
951 4851 1219 4919 potuerint
1252 4851 1560 4914 orthodoxi,
1599 4867 1790 4913 magna
1838 4850 1948 4916 jam
2006 4853 2147 4918 apud

578 4933 768 4972 omnes
799 4919 1072 4984 opinione,
1103 4928 1156 4974 et
1183 4919 1364 4975 Basilii
1406 4935 1577 4986 nuper
1623 4919 1859 4972 del'nncti
1912 4921 2147 4975 amicitia

578 4998 632 5041 et
690 4988 985 5044 studiorum
1039 4992 1295 5044 societate
1354 4989 1556 5042 clarum
1605 4989 2036 5055 Amphilochium
2073 5006 2151 5046 re-

578 5060 817 5128 quirere,
848 5068 1008 5129 atque
1032 5060 1082 5113 in
1109 5073 1185 5114 “eo
1212 5059 1500 5127 plurimum
1525 5059 1754 5124 pratsidii
1789 5075 2008 5128 ponere.

651 5129 730 5200 (ο)
756 5130 976 5184 Centum
1014 5129 1390 5200 quinquaginta
1444 5131 1624 5181 trium.
1681 5135 1815 5200 pvy’.
1874 5131 1976 5183 Alii
2035 5140 2150 5183 tan-

583 5208 719 5263 tum,
755 5208 970 5254 centum
1005 5199 1428 5267 quinquaginta;
1463 5200 1554 5251 sed
1589 5202 1758 5267 potuit
1793 5199 1948 5252 facile
1973 5201 2146 5252 omitti

582 5269 757 5323 minor
788 5283 1061 5323 numerus.
1097 5278 1152 5319 ut
1193 5270 1250 5320 lit
1285 5270 1481 5337 passim
1521 5269 1572 5322 in
1607 5269 1747 5323 aliis.
1806 5272 1958 5338 Apud
1990 5269 2151 5338 Lipo-

580 5353 796 5391 manum
823 5352 927 5392 non
957 5339 1276 5404 exprimitur
1316 5353 1587 5392 numerus.

594 5449 603 5459 .
649 5407 727 5476 (ὁ)
762 5405 900 5460 Tulit
934 5423 997 5460 ea:
1024 5419 1165 5479 strue
1195 5407 1406 5479 plenum
1437 5409 1553 5478 igne
1580 5410 1872 5463 carbonem.
1899 5408 2149 5479 Καρϐού·

579 5493 678 5546 νην
708 5476 1136 5547 μεμεστωμένην
1161 5478 1349 5560 πυρός.
1377 5476 1480 5531 Seu
1512 5481 1777 5560 titionem,
1808 5476 2152 5560 totttm'igni-

583 5557 738 5599 tum:
771 5561 875 5617 vox
914 5549 1185 5617 communi
1228 5547 1338 5617 jam
1387 5563 1484 5600 usu
1523 5549 1729 5603 Grzecis
1771 5560 2005 5616 recepta.
2037 5547 2150 5602 Non

582 5617 744 5668 habet
773 5615 883 5668 vita
918 5630 946 5668 a
983 5615 1280 5684 Lipomano
1333 5618 1475 5671 edita
1517 5619 1614 5673 hoc
1658 5615 1997 5681 miraculum,
2029 5632 2155 5672 vere

581 5684 710 5739 itlud
748 5686 970 5756 grande,
1005 5689 1103 5742 etsi
1135 5704 1240 5744 non
1273 5689 1389 5742 sine
1432 5689 1702 5756 exemplo.
1766 5688 1974 5756 Saepius
2000 5687 2144 5740 enim

523 5753 528 5761 ’
580 5769 640 5810 se
664 5756 842 5809 divina
871 5755 1042 5813 virtus
1087 5773 1151 5814 eo
1176 5760 1333 5813 modo
1365 5753 1607 5824 prodidit
1648 5759 1698 5810 in
1729 5757 1819 5812 illo
1850 5753 2150 5819 elemento;

581 5826 724 5878 utin
769 5826 983 5882 fornace
1022 5829 1366 5900 Babylonica,
1397 5827 1447 5881 in
1482 5826 1703 5892 Drictio,
1747 5829 1800 5882 in
1856 5825 2153 5882 Fraucisco

579 5898 646 5953 de
676 5895 856 5953 Paula.
888 5906 990 5953 etc.

617 5911 646 5950 ο
676 5906 856 5962 l'auta,
888 5906 990 5953 etc.

2325 4642 2395 4711 (ε)
2426 4639 2534 4711 δινιίΔ
2565 4648 2638 4711 est
2669 4637 2866 4711 factum
2907 4643 3177 4711 creatura,
3213 4635 3428 4711 tit-ejus
3457 4633 3822 4711 dit'iuitas‘tvo-

2252 4701 2537 4766 Ιιιὶὶ.”Αλλ’
2565 4708 2640 4770 ὡς
2661 4701 2925 4776 ἠθέλησεν
2954 4706 2986 4774 ἡ
3017 4701 3180 4756 αὑτοῦ
3215 4703 3437 4776 θεότης,
3466 4701 3820 4774 μετεποίήθη.

2255 4783 2346 4836 Sic
2394 4781 2566 4832 visum
2617 4773 2698 4830 est
2742 4773 3226 4842 et’interpnugere
3269 4783 3320 4827 ct
3351 4773 3592 4837 reddere,
3625 4781 3690 4824 ιιι·
3717 4783 3824 4827 stet

2252 4865 2445 4905 sensus
2475 4847 2795 4908 catholicus,
2827 4860 2934 4913 quo
2971 4854 3174 4896 certum
3212 4851 3315 4905 est,
3352 4855 3463 4913 non
3485 4843 3657 4894 solum
3691 4843 3821 4894 Am-

2255 4920 2585 4990 philochium
2606 4909 2886 4990 esseolim
2919 4913 3184 4990 locutum,
3215 4915 3307 4965 sed
3333 4922 3386 4964 et
3419 4909 3815 4978 Metaphrastcn

2258 4981 2575 5057 "scripsisse.
2603 4984 2880 5054 Signiﬁcat
2909 4997 3037 5050 ergo
3067 4981 3297 5057 Verbum
3335 4996 3437 5057 non
3462 4994 3579 5033 esse
3611 4991 3819 5057 creatu-

2257 5050 2395 5121 ram',
2434 5058 2526 5112 sed
2556 5050 2752 5109 factum
2781 5062 3106 5112 creaturam,
3139 5065 3199 5102 ea
3231 5051 3409 5121 phrasi
3454 5065 3562 5121 qua
3595 5050 3809 5121 dicitur,

2257 5119 2452 5197 factum
2487 5141 2629 5189 caro,
2657 5123 2812 5177 Joan.
2847 5139 2884 5187 t,
2927 5122 3014 5185 M,
3060 5135 3151 5172 seu
3206 5120 3306 5172 sibi
3359 5119 3613 5197 ascivisse
3664 5120 3822 5197 ratio-

2259 5190 2378 5251 nem
2416 5198 2561 5249 illam
2603 5203 2896 5256 creaturae;
2929 5206 3048 5259 quae
3088 5198 3170 5242 est
3204 5190 3416 5259 propria
3444 5198 3498 5241 ct
3535 5191 3656 5241 trita
3684 5190 3820 5241 illius

2258 5269 2406 5320 verbi
2462 5264 2786 5334 signiﬁcatio
2815 5257 3019 5334 :_idque
3063 5267 3119 5310 ttt
3153 5258 3328 5334 voluit_
3351 5257 3464 5326 ejus
3524 5259 3812 5334 divinitas,

2259 5337 2418 5391 modo
2451 5328 2605 5403 plane
2653 5331 3194 5403 nobis_incompcrt_o,
3229 5338 3282 5381 et
3317 5328 3366 5381 in
3405 5343 3511 5403 quo
3555 5337 3661 5382 tota
3691 5328 3816 5403 lacti

2261 5408 2418 5471 ratio,
2449 5396 2694 5458 voluntas
2723 5402 2791 5454 sit
2818 5396 3106 5471 facientis._
3133 5396 3400 5471 Interpres
3439 5397 3711 5467 Lipomnni
3743 5397 3817 5450 sic

2263 5467 2518 5529 reddebat
2552 5491 2566 5525 :
2602 5473 2706 5526 Sed
2750 5481 2805 5522 ut
2839 5469 3018 5534 voluit,
3057 5467 3168 5534 ejus
3199 5468 3444 5521 divinitas
3471 5475 3820 5519 transmutata

2260 5554 2373 5608 est;
2398 5544 2548 5611 cujus
2601 5539 2983 5611 propositionis
3018 5554 3122 5611 non
3162 5539 3395 5611 oet'urrit
3428 5551 3618 5590 sensus
3641 5539 3822 5588 catho-

2262 5615 2420 5677 licus,
2453 5609 2717 5666 clamante
2753 5609 2953 5664 Iacobo
2985 5625 3000 5662 :
3031 5609 3184 5677 Apud
3207 5624 3369 5677 quem
3408 5623 3510 5677 non
3540 5614 3614 5677 est
3644 5616 3809 5677 trant-

2261 5674 2506 5744 mutatio,
2534 5691 2660 5741 ctc.,
2703 5677 2817 5734 Jac.
2865 5695 2900 5741 t,
2939 5679 2992 5732 7.
3034 5674 3198 5732 Plane
3218 5674 3528 5728 cohibenda
3577 5675 3627 5727 in
3662 5675 3820 5728 rebus

2263 5763 2370 5805 tam
2405 5753 2589 5804 arduis
2626 5749 2816 5804 calami
2846 5749 3148 5807 festinatio;
3185 5760 3286 5798 nec
3336 5753 3442 5796 tam
3472 5753 3681 5808 sancta,
3713 5759 3819 5799 non

2259 5822 2482 5878 initiatis
2504 5835 2563 5874 ac
2600 5819 2769 5874 solum
2799 5814 3238 5880 grammaticnlis,
3267 5813 3646 5880 permittendo.

2335 5893 2409 5962 (cl)
2443 5893 2602 5947 Μετὰ
2626 5888 2762 5945 σοῦ.
2801 5884 2960 5945 Deest
2994 5886 3080 5942 hic
3111 5884 3330 5956 aliquid.
3429 5943 3436 5949 _
