4118 6464
333 452 392 508 Si
1699 451 1859 508 VlTA
1896 450 2244 519 ANTIQUA.‘
2579 486 2582 488 -
3506 443 3580 499 2?.

330 562 508 635 νόμιος
549 562 696 632 λέγει
723 578 737 592 ·
763 562 890 627 Πῶς
923 557 1016 618 οὗν
1039 562 1137 618 καὶ
1177 564 1242 618 ὲν
1279 563 1491 636 Παλαιᾷ
1531 565 1776 640 Διαθήκῃ
1817 567 1898 621 λέ-

2011 582 2140 637 ergo
2199 566 2362 623 etiam
2425 565 2479 620 in
2527 564 2705 622 Veteri
2756 563 3100 618 Testamento
3132 600 3148 626 ,
3210 562 3342 616 dicit
3390 573 3407 614 :

334 671 410 720 γει
429 671 442 684 ·
474 655 590 708 Δύο
619 653 721 706 καὶ
749 653 882 719 δύο,
909 653 978 708 ἐν
1008 655 1324 709 κατέναντι
1352 656 1458 710 τοῦ
1489 656 1664 723 ἐνός;
1707 658 1905 729 Ἀμφι-

331 746 496 815 λόχιος
534 741 721 798 εἶπεν·
763 746 1052 810 Ἄκουσον,
1088 741 1135 801 ὧ
1176 746 1489 818 ταλαίπωρε
1533 749 1628 802 καὶ
1671 749 1904 803 δυσωδέ-

331 854 478 889 στατε
495 853 509 865 ·
536 836 631 889 δύο
651 837 748 890 καὶ
769 836 864 889 δύο
881 837 1126 908 τέσσαρά
1143 840 1300 892 εἰσιν.
1329 839 1575 910 Μάρκος,
1603 840 1902 906 Ματθαῖος,

325 930 533 990 Λουκᾶς
570 929 677 981 ’καὶ
721 929 1017 999 Ἰωάννης·
1067 932 1118 982 οἱ
1165 929 1428 1001 τέσσαρες
1487 930 1903 999 εὐαγγελισταὶ,

323 1021 366 1071 oi
413 1019 907 1090 εὐαγγελισάμενοι
949 1019 1047 1090 τὴν
1081 1020 1306 1092 ὑφή).ιον
1365 1023 1546 1074 πᾶσαν
1596 1023 1696 1094 τὴν
1731 1038 1907 1092 σωτη-

323 1108 438 1180 ρίαν
487 1111 661 1181 ἡμῶν
711 1110 820 1164 τῶν
866 1112 1232 1183 Χριστιανῶν.
1296 1112 1354 1165 '0
1404 1112 1461 1175 δὲ
1511 1113 1664 1180 ἅγιος
1713 1113 1904 1183 Πατὴρ

319 1201 651 1264 ἀποστείλας
682 1201 774 1254 τὸν
802 1201 1086 1272 Μονογενῆ
1121 1203 1214 1255 καὶ
1240 1201 1554 1272 ὀμόθρονον,
1583 1202 1678 1255 καὶ
1711 1201 1904 1273 ὁμοού-

321 1304 427 1340 σιον
455 1290 555 1342 καὶ
587 1289 757 1341 ἀΐδιον
801 1289 966 1341 αὐτοῦ
1001 1290 1194 1357 Λόγον,
1227 1289 1321 1341 τοῦ
1353 1290 1724 1361 σαρκωθῆναι,
1773 1289 1900 1361 ἔφη’

317 1380 575 1446 Αἵτησαι
606 1380 741 1447 παρ’
779 1378 949 1447 ἐμοῦ,
982 1379 1080 1431 καὶ
1105 1378 1275 1431 δώσω
1305 1395 1404 1432 σοι
1428 1381 1572 1448 ἔθνη
1603 1379 1717 1447 τὴν
1748 1384 1899 1447 κλη-

309 1469 610 1536 ρονομίαν
645 1484 792 1533 σου,
825 1469 926 1522 καὶ
961 1469 1076 1536 τὴν
1124 1469 1499 1537 κατάσχεσίν
1531 1484 1646 1524 σου
1689 1470 1761 1524 τὰ
1801 1470 1904 1523 πέ-

308 1576 458 1626 ρατα
488 1558 610 1627 τῆς
653 1559 794 1628 γῆς,
834 1560 928 1613 καὶ
965 1560 1035 1613 τὰ
1080 1559 1226 1630 ἑξῆς.
1263 1559 1525 1630 Εὑνόμιος
1571 1557 1729 1613 εἷπε·
1779 1561 1904 1624 Πῶς

313 1645 402 1701 οὖν
431 1649 524 1702 διὰ
549 1649 654 1703 τοῦ
685 1651 971 1721 Προφήτω
990 1652 1158 1721 λέγει·
1187 1654 1307 1705 Οὐκ
1331 1652 1549 1719 ἐκρύϐη
1582 1653 1648 1706 τὸ
1680 1651 1904 1706 ὀστοῦν

309 1757 424 1806 μου
449 1740 482 1793 ὃ
512 1734 818 1807 ἐποίησάς
841 1742 911 1794 ἐν
941 1741 1180 1811 κρυρῇ;
1223 1743 1567 1813 Ἀμφιλόχιος
1599 1743 1779 1811 λέγει·
1811 1743 1902 1813 Μὴ

313 1829 417 1902 γὰρ
449 1832 590 1901 περὶ
621 1831 714 1883 τοῦ
743 1832 978 1901 Χριστοῦ
1013 1832 1170 1885 τοῦτο
1198 1833 1382 1902 λέγεις
1418 1835 1538 1904 οὐχί
1563 1853 1576 1864 ·
1613 1834 1748 1887 ἀλλὰ
1774 1836 1900 1904 περὶ

3461 557 3579 613 Duo

2005 670 2053 714 et
2083 659 2210 723 duo,
2247 667 2294 713 et
2335 674 2496 711 unum
2549 667 2734 739 contrq
2772 671 2932 708 unum
2962 653 2984 685 ⁸
3012 652 3125 724 (rt)?
3174 651 3580 722 Amphilochius

2007 751 2138 806 dixit
2187 767 2202 804 :
2237 750 2372 804 Audi
2409 789 2425 816 ,
2456 749 2620 804 miser
2646 757 2702 802 et
2753 745 3124 816 putentissinte
3155 762 3168 798 :
3203 743 3308 798 duo
3359 750 3413 798 et
3451 742 3582 805 duo,

2006 853 2235 913 quatuor
2290 849 2438 896 sunt.
2479 840 2708 905 Marcus,
2734 837 3034 902 Mattheus,
3085 836 3260 892 Lucas
3311 843 3368 890 et
3417 833 3584 888 Joan-

2008 947 2134 998 nes;
2183 941 2409 1001 quatuor
2451 928 2812 999 evangelista’,
2843 929 2933 997 qui
2975 937 3131 980 terra:
3182 925 3443 978 universae
3487 936 3580 976 sa-

2005 1024 2175 1078 lutem
2216 1030 2456 1077 nostram
2485 1020 2910 1076 Christianorum
2943 1016 3419 1072 annuutiaverunt.
3475 1013 3580 1067 Pa-

2007 1123 2092 1168 ter
2149 1121 2326 1167 autem
2384 1119 2626 1176 sanctus,
2667 1109 2831 1164 misso
2875 1109 3180 1178 Unigenito,
3235 1105 3581 1175 ejusdemque

2007 1205 2183 1261 throni
2235 1211 2487 1260 consorte
2551 1211 2606 1258 et
2660 1199 3101 1257 consubstantiali
3157 1208 3321 1268 atque
3375 1205 3579 1251 aeterno

2005 1294 2180 1350 Verbo
2212 1309 2331 1358 suo,
2377 1301 2434 1346 ut
2463 1306 2680 1346 carnem
2734 1296 2988 1353 sumeret,
3027 1287 3161 1342 dixit
3211 1304 3225 1340 :
3281 1283 3501 1339 Postula
3543 1301 3577 1338 ιι

2004 1402 2106 1452 me,
2148 1395 2194 1440 et
2218 1387 2351 1438 dabo
2393 1385 2484 1437 tibi
2522 1392 2694 1451 gentes
2721 1381 3079 1435 luereditatem
3107 1388 3269 1437 tuam,
3301 1385 3349 1430 et
3375 1392 3578 1445 posses-

2005 1478 2202 1531 sionem
2239 1485 2382 1528 tuam
2441 1473 2684 1527 terminos
2737 1483 2888 1526 τετυ-ιε
2917 1472 2958 1536 ’,
2990 1479 3046 1524 et
3095 1484 3215 1538 qua:
3260 1477 3575 1534 sequuntur.

2004 1567 2296 1623 Eunomius
2339 1565 2473 1620 dixit
2499 1584 2514 1620 :
2540 1564 2640 1630 Qui
2668 1577 2796 1632 ergo
2825 1564 2900 1618 ait
2927 1577 3022 1632 per
3053 1560 3375 1629 Prophetam
3409 1579 3421 1612 :
3452 1557 3577 1611 Non

2002 1668 2076 1713 est
2107 1657 2425 1712 occultatum
2455 1671 2511 1709 os
2564 1671 2760 1720 meum,
2790 1654 2925 1724 quod
2971 1651 3138 1720 fecisti
3189 1651 3242 1703 in
3283 1645 3578 1702 occulto“?

2001 1746 2408 1817 Amphilochius
2441 1744 2515 1797 ait
2547 1760 2562 1796 :
2604 1741 2766 1808 Quasi
2812 1754 2944 1794 vero
2973 1739 3077 1793 hoc
3131 1739 3275 1793 dicat
3312 1737 3378 1791 de
3419 1735 3579 1789 Chri-

2006 1847 2089 1893 sto
2125 1858 2137 1892 :
2168 1851 2273 1890 non
2310 1839 2374 1891 de
2398 1835 2590 1896 Adam,
2618 1831 2834 1902 quando
2864 1829 3022 1890 Deus,
3058 1836 3279 1895 accepto
3321 1827 3388 1879 de
3432 1834 3576 1880 terra

310 1920 401 1971 τοῦ
444 1920 656 1989 Ἀδὰμ,
701 1921 860 1991 ἡνίκα
890 1921 1021 1992 χοῦν
1049 1922 1227 1975 λαϐὼν
1260 1924 1368 1976 ἀπὸ
1396 1925 1494 1992 τῆς
1536 1923 1639 1992 γῆς
1674 1926 1702 1977 ὁ
1734 1924 1898 1987 Θεὸς,

2003 1928 2238 1996 pulvere,
2267 1925 2517 1978 formavit
2567 1924 2861 1986 hominem,
2894 1928 2951 1973 et
2983 1918 3118 1972 dixit
3149 1935 3164 1971 :
3223 1914 3346 1969 Non
3377 1925 3450 1969 est
3485 1915 3579 1982 bo-

312 2005 515 2058 ἑπλασε
563 2007 657 2060 τὸν
691 2007 1005 2078 ἄνθρωπον,
1037 2009 1134 2060 καὶ
1166 2005 1318 2062 εἶπεν
1341 2027 1354 2040 ·
1407 2012 1488 2062 Oi)
1527 2011 1720 2064 καλὸν
1751 2007 1906 2064 εἶναι

2006 2032 2132 2068 num
2163 2015 2421 2067 hominem
2457 2029 2567 2066 esse
2616 2013 2820 2074 solum;
2869 2010 3128 2079 faciamus
3173 2007 3221 2060 ei
3257 2005 3582 2075 adjutoriuns

309 2097 416 2150 τὸν
454 2099 784 2168 ἄνθρωπον
818 2099 1043 2165 μόνον’
1098 2099 1444 2163 ποιήσωμεν
1477 2098 1636 2162 αὺτῷ
1675 2100 1898 2166 βοηθὸν

2009 2104 2292 2156 secundum
2311 2105 2500 2172 ipsum.
2547 2101 2611 2154 Et
2647 2102 2864 2154 immisit
2891 2100 3031 2152 Deus
3050 2099 3289 2152 ecstasim
3316 2098 3368 2150 in
3389 2096 3586 2161 Adam,

306 2189 437 2242 κατ’
475 2190 707 2242 αὐτόν·
742 2185 842 2241 καὶ
881 2184 1184 2238 ἐπέϐαλεν
1221 2187 1254 2237 ό
1300 2185 1446 2250 Θεὸς
1483 2187 1776 2241 ἔκστασιν
1812 2189 1898 2242 ἐπὶ

2010 2203 2056 2245 et
2089 2193 2352 2246 dormivit.
2393 2191 2460 2244 Et
2501 2192 2698 2259 accepit
2734 2206 2890 2244 unam
2922 2200 3183 2242 costarum
3211 2189 3346 2256 ejus,
3376 2196 3424 2240 et
3454 2185 3582 2240 tedi-

304 2278 412 2330 τὸν
479 2278 709 2347 Ἀδὰμ,
765 2277 864 2329 καὶ
913 2276 1160 2328 ὕπνωσε
1184 2290 1196 2302 ·
1249 2273 1350 2327 καὶ
1387 2276 1565 2328 ἔλαϐε
1601 2278 1751 2344 μίαν
1790 2278 1898 2330 τῶν

2005 2281 2189 2348 ﬁcavit
2229 2283 2278 2333 ei
2336 2282 2389 2333 in
2441 2280 2729 2342 mulierem,
2777 2295 2932 2347 quant
2987 2279 3128 2331 dedit
3160 2277 3235 2329 illi
3277 2278 3338 2329 ¹¹.
3381 2277 3580 2329 Idcirco

299 2369 610 2436 πλευρῶν
669 2365 894 2428 αὑτοῦ,
942 2365 1042 2417 καὶ
1092 2362 1435 2418 ἀνέπλασεν
1483 2364 1642 2430 αὐτῷ
1679 2368 1766 2431 εἰς
1802 2386 1904 2436 γυ-

294 2459 527 2519 ναῖκα,
556 2457 654 2508 καὶ
683 2455 900 2508 ἔδωκεν
930 2455 1107 2520 αὐτῷ.
1135 2455 1232 2508 Διὰ
1261 2454 1418 2508 τοῦτο
1439 2457 1466 2507 6
1499 2457 1789 2528 Προφήτης
1825 2457 1902 2521 ὡς

295 2550 373 2601 ὲκ
417 2546 530 2600 τοῦ
579 2545 746 2615 Ἀδὰμ
773 2542 958 2598 εἷπεν⁸
999 2547 1119 2600 Οὐκ
1163 2546 1382 2613 ἐκρύϐη
1420 2546 1484 2599 τὸ
1525 2546 1748 2600 ὀστοῦν
1777 2565 1899 2616 μου

295 2638 431 2694 ἀπὸ
487 2637 647 2700 σοῦ,
695 2638 726 2689 ὃ
761 2636 1055 2703 ἐποίησας
1104 2636 1174 2689 ἐν
1211 2635 1433 2704 κρυερῇ.
1487 2635 1800 2689 Ὑπολαϐὼν
1842 2637 1899 2689 δὲ

294 2727 588 2796 Εὑνόμιος
635 2726 814 2794 λέγει·
869 2728 1085 2795 Κύριος
1131 2725 1336 2780 ἐκτισέ
1378 2745 1456 2796 με
1499 2726 1698 2795 ἀρχὴν
1745 2727 1901 2781 ὁδῶν

297 2812 540 2870 αὑτοῦ·
594 2813 712 2876 πῶς
751 2813 910 2866 τοῦτο
950 2814 1100 2883 λέγει
1149 2814 1179 2864 6
1226 2817 1550 2888 Προφήτηςς
1616 2819 1776 2887 Ὁρᾷς
1817 2819 1899 2870 ὅτι

300 2903 532 2974 ποίημά
563 2905 711 2956 ἐστιν
741 2904 768 2955 ὁ
802 2904 929 2966 Υἱὸς
949 2944 964 2967 ,
994 2904 1089 2956 καὶ
1134 2904 1254 2973 οὐχὶ
1285 2905 1588 2974 ὁμοούσιος.
1645 2906 1902 2976 Ἀμφιλό-

300 3013 420 3067 χιος
451 2991 581 3047 εἷπε
602 3010 614 3024 ’
647 2993 739 3063 Μὴ
767 2993 874 3065 γὰρ
919 2994 1013 3046 καὶ
1047 2992 1206 3046 τοῦτο
1242 2995 1370 3063 περὶ
1413 2994 1506 3047 τοῦ
1540 2994 1776 3067 Χριστοῦ
1810 2994 1900 3047 λέ-

301 3107 426 3156 γει;
461 3089 620 3159 οὐχίο
654 3087 769 3141 ἀλλ’
801 3089 888 3140 ὅτε
921 3089 1219 3159 συνήντησε
1248 3091 1369 3152 ταῖς
1408 3086 1639 3157 γυναιξὶ,
1665 3088 1806 3157 λέγω
1833 3088 1896 3161 δὴ

301 3176 548 3247 Μαριὰμ
607 3177 703 3228 καὶ
750 3175 1020 3246 Μάρθαν,
1077 3177 1326 3246 λέγουσιν
1370 3177 1515 3248 αὑτῷ
1561 3181 1762 3232 ἐκεῖναι
1819 3179 1895 3250 μὴ

303 3266 657 3337 γνωρίσασαι
699 3267 886 3319 αὐτόν·
940 3269 1151 3336 Κύριε,
1195 3270 1249 3321 εὶ
1296 3264 1462 3336 εἷδας
1513 3270 1632 3323 ποῦ
1669 3272 1896 3339 ἔθηκαν

302 3356 520 3419 αὑτὸν,
558 3355 694 3409 εἰπὲ
726 3355 897 3424 ἡμῖν’
941 3357 1035 3410 καὶ
1066 3359 1094 3408 ὀ
1133 3357 1337 3428 Κύριος
1380 3358 1518 3427 ἔφη·
1558 3359 1774 3426 Μαρία,
1812 3357 1894 3424 μή

301 3465 420 3515 μου
448 3447 650 3502 ἅπτου
668 3463 683 3478 ο
715 3448 971 3516 πορεύου
1001 3447 1069 3500 δὲ
1095 3447 1242 3515 πρὸς
1263 3447 1408 3513 τοὺς
1431 3446 1732 3514 ἀδελφούς
1754 3463 1894 3514 μου,

308 3537 405 3589 καὶ
434 3536 572 3590 εἰπὲ
598 3536 826 3601 αὐτοῖς,
863 3537 955 3590 καὶ
980 3537 1049 3590 τὰ
1076 3537 1222 3608 ἑξῆς.
1255 3537 1444 3590 Ταῦτα
1473 3534 1717 3597 ἀκούσας
1742 3537 1769 3588 ὁ
1797 3534 1918 3586 E13-

307 3627 494 3696 νόμιος
531 3627 636 3697 ἔφη
660 3640 675 3653 °
723 3625 919 3697 Αὔριον
960 3628 1053 3679 ἐπὶ
1084 3627 1178 3681 τοῦ
1222 3627 1485 3697 βασιλέως
1517 3626 1610 3680 καὶ
1639 3625 1736 3694 τῆς
1771 3639 1902 3691 συγ-

309 3718 510 3784 κλήτου
555 3717 953 3787 διαλεγόμεθασ
1013 3720 1111 3772 καὶ
1154 3719 1510 3789 ἀνεχώρησαν
1555 3718 1652 3771 ἀπ’
1687 3713 1890 3770 αὐτοῦ.

312 3809 423 3861 Καὶ
469 3804 540 3877 ἦν
570 3811 723 3862 πᾶσα
752 3803 973 3879 ή’πόλις
1017 3809 1312 3879 αἰδουμένη
1343 3811 1423 3871 εἰς
1461 3809 1720 3879 ἀκρόασιν
1758 3807 1892 3876 Ἀμ-

313 3894 560 3964 φι).οχὶου
597 3895 694 3948 καὶ
730 3896 1000 3966 Εὑνομίου
1029 3913 1042 3925 ·
1090 3897 1274 3966 ελεγον
1305 3897 1411 3968 γὰρ
1462 3895 1891 3967 ἀμφιϐάλλοντες

313 3985 446 4056 πρὸς
485 3986 774 4057 ἀλλήλους,
810 3989 906 4042 καὶ
934 3988 1185 4057 λέγοντες
1205 4006 1218 4020 ⁸
1262 3984 1409 4060 Ἀρα
1433 3992 1583 4053 ποῖος
1612 3989 1770 4058 νικᾷς
1803 3982 1896 4040 οὒ-

382 4099 602 4155 ⁸Ερε1ἰ.
662 4116 857 4163 xxxut,
910 4101 996 4156 15.
1097 4102 1118 4132 ⁹
1173 4099 1317 4156 Psal.
1371 4115 1431 4164 ιι,
1485 4101 1539 4155 8.

313 4167 358 4199 ¹³
390 4167 551 4223 «Ιοιιιι.
585 4185 678 4232 xx,
719 4171 906 4224 15-47.

387 4283 459 4353 (τι)
487 4284 614 4338 Duo
631 4293 679 4338 et
701 4285 829 4351 duo,
843 4294 888 4339 et
908 4301 1067 4339 unum
1082 4286 1462 4339 contra'unum.
1481 4282 1692 4336 Δύοκαὶ
1705 4282 1818 4347 δύο,
1833 4282 1894 4336 ἓν

316 4355 607 4407 κατέναντι
641 4355 734 4406 τοῦ
762 4355 902 4417 ἑνός,
937 4355 1030 4408 Est
1056 4356 1220 4408 Eccli.
1241 4369 1436 4420 xsxut,
1470 4353 1773 4420 15,vixque
1799 4368 1893 4421 ap-

318 4432 480 4490 paret,
513 4424 648 4490 quid
679 4439 744 4477 eo
769 4427 887 4478 loco
925 4425 1082 4476 vellet
1113 4422 1409 4477 Eunomius
1447 4425 1715 4477 coniicere
1744 4441 1756 4476 :
1789 4422 1888 4476 nisi

316 4493 702 4562 Anomaaorum
739 4494 854 4560 ipse
900 4495 1214 4562 coryphasus
1236 4509 1296 4546 ac
1322 4494 1464 4547 velut
1499 4502 1648 4560 pater
1668 4502 1892 4562 conten-

323 4560 495 4627 debat,
522 4576 636 4615 non
667 4571 900 4615 'tantum
933 4560 1008 4632 ιη’
1033 4563 1252 4625 creatis,
1286 4564 1426 4632 quod
1453 4563 1720 4632 significat
1744 4561 1893 4615 Scri-

323 4639 489 4707 ptura,
524 4642 591 4684 ut
625 4633 762 4707 bene
808 4632 879 4686 ibi
923 4629 1230 4694 Janseuius,
1279 4629 1384 4707 sed
1419 4629 1745 4707 iu_'divinis,
1777 4645 1898 4707 esse

323 4700 528 4755 diversa
595 4702 784 4768 paria,
839 4716 1069 4768 quorum
1123 4716 1285 4753 unum
1338 4702 1491 4756 alteri
1552 4713 1696 4756 esset
1753 4700 1899 4753 velut

322 4769 677 4828 contrarium.
716 4786 814 4824 nec
855 4786 949 4839 per
990 4771 1168 4822 onmia
1205 4771 1418 4834 simile;
1447 4786 1617 4838 eoque
1644 4785 1746 4825 non
1773 4781 1897 4839 esse

321 4847 583 4909 personas
641 4838 866 4893 divinas
903 4839 1225 4908 ὁμοουσίους
1250 4857 1265 4871 ο
1299 4839 1538 4906 ejusdem
1583 4856 1678 4909 per
1715 4838 1897 4896 omnia

323 4907 656 4970 substantiae,
688 4917 742 4961 et
765 4907 976 4962 summe
999 4923 1153 4961 unas.
1183 4910 1480 4977 Responsio
1506 4907 1894 4978 Aniphilochii,

325 4978 416 5029 etsi
457 4994 570 5032 non
597 4978 668 5029 ita
701 4978 975 5038 litteralis,
1009 4992 1110 5030 non
1151 4981 1371 5032 omnino
1409 4989 1582 5033 tamen
1615 4977 1774 5034 debet
1819 4977 1898 5031 vi-

325 5046 428 5123 deri
464 5045 824 5123 insumciens.
857 5047 1003 5123 Satis
1028 5048 1170 5123 enim
1204 5046 1307 5123 fuit
1349 5057 1406 5101 ιιι
1435 5063 1702 5123 perversa:
1732 5062 1892 5116 expoc

324 5115 512 5184 sitioni,
558 5131 659 5170 nec
713 5115 823 5169 ulla
863 5117 1006 5170 fultae
1035 5117 1280 5170 veritatis
1324 5119 1523 5184 specie,
1556 5133 1708 5171 suam
1762 5115 1899 5170 nen-

326 5183 444 5236 nihil
486 5185 870 5250 verisimilem,
926 5201 1021 5240 nec
1068 5186 1174 5240 ullo
1226 5183 1382 5240 modo
1436 5188 1581 5241 sanis
1631 5187 1897 5253 dogmatis

326 5254 621 5325 adversam,
655 5264 974 5325 opponeret.
1025 5254 1292 5310 Caeterum
1333 5257 1576 5311 occurrit
1611 5266 1733 5325 post
1782 5258 1897 5311 hare

326 5323 533 5400 scripta,
577 5324 813 5400 nondum
844 5335 1019 5400 tamen
1058 5326 1221 5400 edita,
1265 5323 1896 5400 EXCQIZ-pltltlt_:Atnplll_l0-

327 5391 570 5464 cltianum
592 5409 656 5447 ex
689 5394 874 5447 codice
898 5395 1062 5447 etnin.
1091 5397 1238 5464 card.
1264 5391 1644 5462 Rupifucaldii,
1674 5391 1814 5464 quod
1842 5403 1897 5448 et

327 5459 434 5514 aliis
460 5465 702 5529 ejusdem
728 5465 1002 5530 excerptis
1028 5459 1390 5529 adiunximus,
1419 5480 1526 5533 quo
1563 5468 1646 5518 vir
1673 5459 1895 5521 sanctus

332 5542 430 5582 rem
464 5533 658 5586 melius
687 5534 942 5599 explicat,
999 5535 1197 5586 docens
1237 5549 1340 5586 non
1393 5549 1513 5589 esse
1571 5535 1623 5588 in
1675 5536 1892 5600 divinis,

329 5611 479 5654 unum
515 5611 573 5655 et
597 5617 788 5662 unum,
814 5605 918 5655 duo
947 5611 1000 5654 et
1034 5604 1158 5664 duo,
1209 5605 1300 5656 sed
1337 5605 1596 5658 unitatem
1631 5609 1682 5659 in
1719 5605 1896 5658 Triui-

330 5674 554 5744 tate,_et
603 5670 927 5744 Trinitatem
989 5671 1040 5744 in
1084 5672 1305 5744 imitate
1340 5691 1354 5726 :
1387 5676 1584 5742 quibus
1641 5676 1894 5728 nimirum

331 5740 652 5812 significetur
677 5740 930 5794 distincta
951 5741 1301 5796 subsistentia
1331 5740 1490 5796 trium
1521 5759 1892 5812 personarum,

333 5819 380 5859 tn
408 5810 680 5866 individua
733 5825 1054 5881 summeque
1115 5827 1219 5866 una
1263 5810 1589 5881 substantia,
1617 5813 1898 5889 ιιι-ἀμέρι-

1644 4099 1689 4130 ¹⁰
1743 4097 1885 4154 Psal.
1942 4109 2203 4165 cxxxvtu,
2239 4099 2321 4154 l5.

1997 2371 2260 2439 propheta
2308 2371 2450 2424 velut
2503 2385 2571 2423 ex
2652 2383 2879 2437 persona
2927 2368 3060 2420 Adae
3106 2367 3238 2419 dixit
3279 2385 3292 2420 :
3337 2364 3460 2418 Non
3503 2374 3578 2420 est

1999 2457 2314 2510 occultatum
2360 2475 2415 2511 os
2451 2474 2617 2511 meum
2663 2475 2694 2509 a
2751 2465 2820 2521 te,
2867 2455 3006 2523 quod
3037 2455 3206 2522 fecisti
3247 2454 3303 2508 in
3346 2454 3572 2509 occulto.

2001 2543 2308 2614 Suscipiens
2337 2560 2461 2600 vero
2507 2544 2801 2599 Eunomius
2849 2543 3025 2598 dicit:
3074 2543 3327 2597 Dominus
3378 2544 3574 2597 creavit

2003 2654 2084 2692 me
2122 2637 2196 2706 (b)
2244 2637 2452 2689 initium
2509 2637 2712 2690 ciarum
2756 2652 2974 2689 suarum
3008 2635 3051 2667 ¹¹
3094 2653 3107 2688 :
3167 2634 3434 2704 quomodo
3475 2633 3577 2687 hoc

2001 2729 2130 2782 dicit
2178 2726 2486 2795 Propheta?
2533 2724 2690 2780 Vides
2758 2734 2818 2778 ut
2871 2725 3037 2779 Filius
3069 2734 3323 2781 creatura,
3352 2725 3445 2787 sit,
3470 2738 3574 2777 non

2001 2819 2240 2888 ejusdem
2266 2820 2607 2874 substantiae.
2648 2817 3052 2886 Amphilochius
3085 2815 3218 2869 dixit
3247 2833 3259 2868 :
3290 2813 3425 2866 Num
3452 2827 3576 2868 vero

2001 2912 2156 2968 etiam
2189 2911 2292 2966 hoc
2322 2911 2450 2966 dicit
2496 2911 2560 2966 de
2611 2909 2880 2965 Christo?
2905 2908 3167 2962 minime:
3209 2905 3301 2960 sed
3356 2904 3576 2972 quando

2010 3003 2253 3057 occurrit
2299 3003 2634 3071 mulieribus,
2669 3003 2791 3056 dico
2824 3010 3001 3056 autem
3041 2999 3224 3053 Maria:
3253 3005 3307 3052 et
3331 2995 3573 3053 Marthae.

2001 3094 2182 3149 dicunt
2213 3093 2334 3159 ill-J3,
2367 3108 2490 3148 eum
2523 3108 2647 3148 eum
2681 3109 2788 3149 non
2814 3092 3210 3163 cognovissent,
3249 3090 3485 3152 Domine,
3528 3089 3573 3140 si

2004 3186 2106 3240 scis
2139 3184 2227 3238 ubi
2276 3195 2557 3253 posuerunt
2593 3188 2734 3249 enm‘,
2767 3185 2925 3237 dicito
2977 3183 3146 3237 nobis.
3199 3180 3354 3235 Jcsus
3399 3188 3574 3231 autem

1998 3276 2132 3332 dixit
2156 3292 2175 3331 :
2205 3273 2404 3339 Maria,
2437 3274 2541 3327 noli
2571 3291 2650 3327 me
2706 3284 2915 3342 tangere
2943 3288 2962 3327 :
2990 3274 3119 3327 uade
3157 3279 3329 3324 autem
3361 3268 3428 3322 ad
3461 3267 3574 3334 fra-

1999 3382 2101 3421 tres
2135 3383 2274 3421 meos
2307 3376 2356 3420 et
2395 3366 2480 3418 dic
2511 3365 2616 3419 illis
2645 3365 2711 3429 ¹³,
2739 3373 2844 3419 etc.
2878 3366 3012 3420 Cum
3051 3363 3347 3416 Eunomius
3372 3359 3458 3413 illa
3488 3374 3575 3410 au-

2000 3454 2184 3518 disset,
2210 3454 2343 3508 dixit
2372 3469 2382 3499 :
2420 3451 2828 3522 Disputabimus
2860 3454 3097 3508 crastina
3137 3451 3222 3506 die
3249 3464 3428 3505 coram
3467 3448 3573 3499 im-

1999 3551 2244 3607 peratore
2272 3552 2325 3596 et
2351 3552 2572 3609 senatu;
2629 3544 2987 3614 discessitque
3017 3543 3084 3597 ab
3109 3542 3219 3597 illo.
3245 3541 3380 3596 Tota
3413 3552 3575 3609 porro

2003 3630 2194 3684 civitas
2238 3635 2532 3686 reverentia
2572 3634 2802 3703 quadam
2854 3644 2908 3688 et
2951 3644 3094 3688 metu
3152 3633 3432 3687 tenebatur
3479 3625 3570 3696 (ε),

2001 3719 2068 3772 ad
2093 3717 2458 3786 Atnphilochii
2483 3719 2839 3788 Eunomiique
2867 3721 3100 3776 auditam
3134 3719 3569 3788 disputationem.

1997 3809 2258 3863 Dicebant
2291 3807 2434 3861 enitn
2471 3808 2535 3862 ad
2577 3809 2802 3862 invicem
2842 3811 3152 3863 hmsitantes
3182 3827 3196 3862 :
3231 3807 3365 3861 Uter
3411 3821 3575 3875 porro

2000 3899 2175 3954 victor
2221 3898 2434 3954 futurus
2460 3898 2583 3953 est?
2615 3895 2785 3950 llicne
2819 3911 2886 3951 an
2925 3896 3045 3950 ille?
3078 3899 3145 3951 At
3166 3895 3573 3966 Amphilochius

2009 3998 2177 4045 totam
2234 4000 2448 4046 noctem
2507 3988 2835 4059 precabatur
2881 3987 3064 4043 dicens
3109 4003 3124 4043 :
3181 3987 3400 4044 Domine
3445 3983 3580 4042 Iesu.

2423 4099 2463 4130 “
2500 4098 2637 4155 Gen.
2670 4113 2730 4164 tt,
2761 4096 2940 4151 18-22.
3054 4097 3097 4127 "
3137 4097 3292 4153 Prov.
3322 4115 3438 4167 vut,
3482 4097 3568 4152 l2.

2001 4295 2126 4342 στος
2156 4277 2216 4331 ὲν
2251 4276 2673 4348 μεμερισμένοις
2706 4275 2901 4348 Baden;
2920 4291 2935 4307 ο
2967 4281 3025 4328 ιιι
3051 4270 3346 4343 Gregorius
3396 4270 3572 4341 loqui-

2008 4358 2116 4410 tur,
2144 4356 2198 4400 et
2233 4347 2510 4400 citaviinus
2543 4348 2592 4400 in
2623 4347 3010 4414 superioribus.

2068 4417 2143 4488 (ὁ)
2171 4417 2424 4470 Dominus
2439 4416 2628 4470 creauit
2658 4410 2756 4488 me.
2781 4415 2856 4468 Ita
2882 4413 3038 4488 juxta
3056 4411 3220 4488 LXX,
3255 4411 3354 4488 nisi
3376 4411 3439 4488 _iu
3467 4410 3584 4466 illis-

1996 4483 2087 4541 est
2116 4487 2387 4551 mendum,
2433 4500 2625 4549 nempe
2671 4485 2903 4545 ἔκτισεν,
2928 4483 3050 4538 ἀντὶ
3094 4483 3212 4546 τοῦ,
3262 4483 3568 4552 ἐκτήσατοο

2006 4555 2271 4616 Possedit,
2311 4555 2581 4624 quomodo
2627 4554 2802 4608 reddit
2835 4554 3190 4624 Hieronymus
3218 4566 3282 4606 ex
3323 4551 3568 4624 llebr_:e_o.

2011 4624 2182 4679 Perro
2210 4634 2294 4679 est
2323 4620 2601 4692 responsio
2629 4624 2908 4678 obscurior
2939 4642 2955 4678 :
2987 4620 3048 4676 in'
3075 4624 3176 4692 hoc
3215 4631 3390 4692 tamen
3424 4620 3579 4692 vide~

2008 4703 2093 4747 tur
2119 4689 2434 4758 consistere,
2459 4702 2516 4746 ut
2545 4693 2823 4754 Dominus,
2854 4693 2960 4746 alio
2990 4691 3150 4746 modo
3178 4690 3280 4746 sibi
3309 4699 3366 4744 et
3387 4689 3582 4754 nobis,.

2000 4764 2167 4819 Deum
2221 4773 2276 4818 et
2324 4761 2538 4816 Patrem
2588 4775 2710 4816 esse
2761 4760 3175 4830 signiﬁcaverit,
3233 4773 3404 4830 eoque
3463 4773 3569 4812 non

2003 4834 2392 4887 accenseudum
2431 4831 2646 4887 creatis.
2679 4830 2774 4886 Vel
2806 4827 2992 4893 etiam,
3017 4838 3074 4883 et
3103 4829 3238 4883 forte
3272 4827 3484 4891 melius,
3511 4839 3571 4881 ut

2005 4902 2110 4955 illis
2141 4901 2340 4964 verbis,
2383 4900 2508 4953 Noli
2561 4918 2641 4954 me
2689 4909 2901 4969 tangere
2927 4899 3040 4969 :‘ad
3081 4897 3282 4968 aliquid
3313 4898 3477 4969 altius
3501 4900 3572 4969 de

1999 4971 2114 5039 ipso
2147 4971 2459 5038 sapiendum
2511 4985 2670 5039 quam
2710 4966 2819 5037 prie
2844 4983 2904 5022 se
2943 4966 3131 5031 ferret,
3164 4966 3398 5036 vereque
3427 4967 3567 5039 divi-

2001 5035 2151 5105 rium,
2185 5035 2440 5094 humilius
2461 5035 2808 5108 cogitantem,
2834 5053 3138 5108 quanquam
3160 5035 3428 5108 amantem
3455 5035 3577 5108 Ma-

1999 5103 2158 5173 riam,
2193 5109 2453 5172 evexerit,
2503 5103 2610 5178 q'uo
2641 5103 2935 5162 Eunomius
2970 5103 3357 5178 blasphemiam
3400 5103 3568 5158 casti-

2033 5188 2105 5244 et,
2148 5187 2203 5232 et
2259 5179 2424 5247 Deum
2473 5173 2754 5247 agnoscat,
2801 5173 3106 5247 quanquam
3145 5173 3577 5247 specie__tantttm.

2033 5195 2105 5244 et,
2148 5195 2203 5232 et
2259 5195 2424 5232 ueum
2473 5195 2754 5247 agnoscat,
2801 5195 3106 5245 quanquam
3145 5195 3323 5243 specu:
3359 5195 3565 5227 tauutm

1998 5195 2296 5303 ﬁominem.
2320 5246 2496 5316 Lapsu
2521 5247 2812 5316 memoriae,
2832 5246 3220 5316 apparitionem
3244 5241 3355 5316 soli
3389 5242 3566 5316 Maria:

1998 5318 2226 5380 factam,
2271 5312 2610 5372 communem
2665 5312 2917 5379 Martha},
2956 5313 3363 5384 Amphilochius
3395 5312 3562 5368 facit:

1997 5388 2239 5455 duasque
2272 5387 2438 5441 etiam
2473 5387 2524 5440 in
2558 5400 2719 5439 unam
2753 5385 3053 5442 confundit.

2067 5452 2473 5527 (c)_Reuercnlia
2509 5455 2740 5527 qundam
2781 5464 2829 5508 et
2863 5463 3016 5527 metu
3047 5454 3332 5527 tenebatur.
3371 5452 3565 5527 Διδοιι-

2003 5523 2139 5596 μένή
2176 5541 2189 5556 ·
2250 5523 2531 5593 interpres
2564 5525 2788 5596 iLipom.
2853 5523 3218 5596 Mirabantur._
3273 5524 3566 5591 Sequentia

1997 5592 2189 5651 anxios
2217 5592 2522 5665 significant
2546 5595 2612 5650 de
2638 5608 2825 5663 pugna:
2855 5594 3022 5665 exitu,
3053 5602 3107 5665 et
3135 5592 3413 5665 cujusnam
3442 5606 3565 5660 par-

1999 5665 2130 5789 illati:
2165 5661 2309 5722 esset
2344 5664 2522 5720 futura
2551 5661 2780 5722 victoria
2807 5679 2822 5728 ;
2851 5672 2913 5717 ut
2943 5662 3056 5720 fere
3089 5663 3142 5720 in
3177 5661 3444 5720 similibus
3473 5675 3578 5716 ac»

1999 5751 2044 5789 ct
2088 5751 2100 5788 l
2131 5771 2145 5788 .

1998 5744 2145 5790 Cltlll.
