4118 6486
474 442 559 501 23
1416 442 1488 497 .S.
1532 441 1977 498 AMPHILOCIIII
2020 441 2417 500 lCONiENSlS
2459 442 2774 502 EPISCOPI
3662 450 3740 509 2),

473 562 714 627 Christe,
749 571 941 632 praesta
979 578 1098 632 quae
1138 563 1269 617 mihi
1308 575 1367 617 es
1392 562 1686 637 pollicitus,
1740 572 1799 618 ut
1847 563 2049 633 glorill-

2152 582 2245 629 τος
2274 565 2307 635 ἢ
2343 567 2587 632 ὲκεῖνος;
2624 567 2701 618 Δι’
2734 564 2861 636 ὅλης
2890 563 2947 617 δὲ
2987 564 3085 635 τῆς
3116 564 3309 627 νυκτὸς
3344 564 3738 638 προσηύχετσὸ

472 665 626 709 ceter
653 655 1051 709 sanctissimum
1102 668 1294 708 nomen
1327 664 1475 708 tuum
1510 652 1688 708 Patris
1716 662 1773 708 et
1826 654 1947 710 Filii
2000 665 2056 711 et

475 742 710 813 Spiritus
737 744 907 800 sancti
944 744 1044 810 (a).
1096 743 1222 800 Haec
1256 753 1440 800 autem
1486 759 1551 800 eo
1586 754 1839 814 precante
1871 757 1926 801 et
1973 746 2056 802 di-

472 844 652 900 cente,
690 849 794 889 nox
820 833 1141 904 peremuxit.

545 1095 611 1149 V.
647 1095 801 1148 Mane
829 1105 1006 1148 autem
1039 1095 1202 1159 facto,
1233 1093 1574 1162 apprehenso
1610 1108 1769 1148 manu
1799 1094 2049 1160 diacono,

473 1186 605 1242 dicit
636 1186 682 1240 ei
715 1204 728 1239 :
759 1183 1030 1239 Theodule
1060 1184 1247 1249 frater,
1280 1182 1434 1239 nobis
1460 1184 1620 1239 hodie
1670 1200 1815 1238 mors
1861 1196 1916 1239 et
1942 1187 2051 1239 vita

475 1278 753 1348 proposita
774 1284 879 1331 est.
909 1276 1163 1345 Dixitque
1202 1274 1463 1329 diaconus
1489 1293 1503 1328 :
1557 1275 1759 1344 Ecquid
1788 1292 1916 1332 vero
1948 1277 2051 1333 sibi

474 1370 590 1424 \ult
623 1384 803 1425 sermo
834 1370 958 1435 iste,
994 1368 1187 1438 pater?
1219 1369 1625 1437 Amphilochius
1670 1368 1808 1424 dixit
1853 1388 1868 1425 :
1904 1369 2051 1436 ρηο-⁹

478 1465 622 1517 niam
658 1477 773 1515 mos
825 1469 1010 1526 est,ut
1056 1461 1209 1515 nobis
1227 1460 1684 1528 adimperatorem
1713 1461 2055 1528 ingredienti-

478 1551 692 1620 bus(bl,
718 1551 932 1606 dicatur
966 1570 982 1606 :
1013 1550 1163 1605 Recti
1189 1569 1384 1606 omnes.
1427 1552 1504 1606 Tu
1539 1552 1720 1621 igitur,
1743 1552 1816 1607 [ili
1846 1553 1938 1621 mi,
1972 1553 2055 1606 in-

398 1696 405 1707 ,
476 1643 845 1710 gradientibus
874 1642 1044 1704 nobis,
1088 1644 1142 1697 in
1184 1644 1404 1698 introitu
1457 1644 1638 1713 palatii
1692 1643 1863 1698 clama
1923 1660 2053 1700 voce

478 1749 669 1804 magna
701 1751 717 1789 :
764 1733 911 1789 Rerli
940 1751 1137 1801 omnes,
1170 1735 1273 1788 sive
1294 1737 1420 1800 vita,
1446 1736 1550 1788 sive
1576 1751 1732 1788 mors.
1758 1735 2053 1805 Respondit

476 1825 732 1880 diaconus
771 1840 788 1880 :
842 1824 1003 1881 Plane
1031 1841 1180 1891 vero,
1211 1825 1256 1880 si
1287 1826 1359 1879 ita
1394 1825 1602 1892 dixero,
1629 1840 1714 1879 me
1759 1826 2053 1894 imperator

2172 656 2541 728 Ἀμφιλόχιος,
2572 656 2747 725 λέγων
2769 673 2782 688 ·
2816 656 2988 726 Κιόριε
3029 654 3206 725 Ἰησοῦ
3236 656 3467 727 Χριστὲ,
3498 657 3534 711 ἃ
3563 658 3737 729 ἐπηγ-

2155 752 2321 819 γείλω
2362 768 2487 821 μοι,
2526 752 2774 820 ποίησον,
2816 749 2903 803 ἵνα
2946 747 3177 820 δοξασθῇ
3221 766 3314 802 σου
3340 750 3424 803 ’τὸ
3471 753 3737 820 πανάγιον

2154 844 2348 913 ὄνομα,
2373 841 2468 895 τοῦ
2498 841 2712 913 Πατρὸς
2740 840 2834 893 καὶ
2856 838 2951 893 τοῦ
2983 838 3113 891 Υἱοῦ
3140 841 3235 894 καὶ
3261 840 3357 893 τοῦ
3382 842 3538 909 ἁγίου
3566 842 3737 895 Ilvati-

2160 951 2349 1004 ματος.
2381 918 2491 986 Ka‘t
2524 933 2695 988 ταῦτα
2729 931 2894 987 αὐτοῦ
2941 933 3380 1004 προσευχομένου
3424 935 3518 988 καὶ
3551 933 3735 1003 λέγον-

2161 1043 2267 1089 τος,
2302 1024 2582 1096 παρῆλθεν
2615 1027 2649 1095 ἡ
2679 1025 2793 1092 νύξ.

2224 1115 2300 1174 E'.
2332 1118 2550 1188 Πρωΐας
2572 1116 2629 1169 δὲ
2666 1118 2984 1188 γενομένης,
3012 1118 3402 1190 ἐπιλαϐόμενος
3432 1120 3533 1191 τῆς
3548 1121 3730 1193 χειρὸς

2153 1207 2247 1259 τοῦ
2280 1208 2526 1261 διακόνου
2560 1208 2708 1276 λέγει
2750 1209 2931 1280 αὐτῷ’
2979 1209 3200 1280 Ἀδελφὲ
3247 1210 3532 1276 Θεόδουλε,
3564 1213 3733 1283 σήμε-

2159 1313 2249 1368 ρον
2288 1298 2514 1362 θάνατος
2557 1300 2648 1352 καὶ
2688 1300 2801 1371 ζωὴ
2833 1303 2967 1372 ἡμῖν
3002 1290 3306 1374 πρόκειται.
3338 1303 3449 1356 Καὶ
3481 1304 3509 1356 ὁ
3546 1303 3732 1360 διάκο-

2154 1408 2243 1454 νος
2274 1390 2377 1462 ἔφη
2404 1407 2415 1421 ·
2451 1392 2561 1444 Καὶ
2590 1394 2676 1455 τίς
2699 1393 2845 1445 ἐστιν
2877 1394 2904 1445 ὁ
2932 1392 3088 1461 λόγος
3121 1387 3276 1456 οὗτος
3296 1433 3310 1457 ,
3339 1393 3549 1465 πάτερ;
3597 1395 3730 1465 Ἀμ-

2155 1480 2394 1551 φιλόχιος
2450 1477 2638 1534 εἶπενο
2707 1479 2925 1552 Ἐπειδὴ
2978 1480 3123 1552 [οὐκ]
3176 1481 3321 1536 ἔστιν
3369 1480 3488 1546 ἔθος
3548 1483 3606 1536 ὲν
3652 1483 3731 1553 τῷ

2154 1573 2379 1626 εἰσιέναι
2425 1574 2570 1642 ἡμᾶς
2612 1573 2693 1636 εἰς
2731 1572 2822 1626 τὸν
2870 1572 3091 1643 βασιλέα
3142 1574 3319 1627 εἰπεῖν
3368 1574 3450 1638 τὸ,
3534 1575 3727 1642 Ὀρθρι

2153 1663 2392 1729 πάντες.
2430 1664 2503 1716 Σὺ
2537 1660 2649 1726 οὗν,
2683 1663 2873 1717 τέκνον
2924 1681 3024 1734 μου
3049 1705 3062 1726 ,
3113 1664 3172 1716 ὲν
3203 1663 3283 1737 τῷ
3317 1664 3543 1718 εἰσιέναι
3581 1668 3730 1736 ἡμᾶς

2153 1757 2211 1809 ὲν
2236 1759 2305 1828 τῇ
2349 1756 2538 1827 εἰσόδῳ
2571 1756 2665 1809 τοῦ
2691 1756 2976 1819 παλατίου,
3003 1756 3203 1827 κράξον
3228 1756 3438 1829 μεγάλῃ
3460 1759 3527 1827 τῇ
3552 1759 3725 1829 φωνῇ’

2167 1836 2347 1915 Ὀρθοὶ
2372 1844 2615 1912 πάντες,
2648 1847 2769 1901 εἴτε
2797 1843 2907 1912 ζωὴ
2935 1846 3055 1899 εἴτε
3078 1845 3355 1913 θάνατος.
3404 1847 3461 1900 Ὀ
3484 1847 3729 1910 διάκονος

474 1918 706 1972 occidet.
757 1917 843 1971 Ait
893 1916 1347 1985 Amphilochius:
1388 1915 1486 1983 Ne,
1524 1915 1620 1983 liii,
1677 1916 2049 1986 imperatorem

2156 1934 2262 2005 ἔφη
2283 1954 2296 1968 '
2326 1937 2438 1990 Καὶ
2477 1938 2718 2001 πάντως,
2756 1936 2851 1991 ἐὰν
2878 1937 3016 1990 εἴπω
3049 1936 3242 2001 οὕτως,
3273 1938 3561 1991 ἀποκτενεῖ
3596 1956 3661 2010 με
3698 1940 3729 1994 ὁ

474 2008 633 2063 istaut
671 2009 934 2075 timueris,
968 2009 1058 2079 qui
1082 2017 1260 2079 potest
1285 2025 1498 2078 corpus,
1526 2024 1631 2064 non
1661 2009 1785 2064 item
1816 2009 2048 2063 animam

468 2102 743 2166 occidere,
777 2102 955 2172 potius
1009 2112 1187 2156 autem
1236 2101 1384 2156 illum
1425 2101 1572 2167 time,
1609 2102 1700 2171 qui
1749 2116 1946 2170 corpus
1996 2109 2053 2155 et

473 2195 709 2248 animam
744 2195 797 2248 in
839 2195 1082 2265 gehenna
1117 2193 1317 2249 occidit
1344 2192 1407 2248 “.
1450 2193 1594 2248 Dixit
1623 2194 1877 2248 diaconus
1906 2210 1920 2246 :
1950 2191 2047 2258 Ita,

477 2295 645 2352 pater,
678 2286 870 2339 faciam
923 2293 980 2338 ut
1017 2286 1219 2350 dixisti,
1256 2285 1371 2339 sive
1409 2286 1538 2349 vita,
1580 2285 1694 2338 sive
1731 2299 1875 2338 mors
1928 2299 2053 2351 pro—

479 2375 649 2443 posita
678 2385 782 2431 est.
811 2375 953 2428 inter
987 2390 1081 2429 eos
1113 2388 1390 2430 sermones
1418 2389 1538 2427 cum
1577 2388 1745 2442 prope
1786 2375 2051 2428 accessis—

477 2478 596 2522 sent
623 2469 688 2521 ad
725 2466 908 2534 palatii
968 2466 1187 2531 atrium,
1222 2465 1593 2518 nuntiantibus
1618 2463 1928 2518 cursoribus
1958 2464 2053 2517 ad-

480 2565 695 2609 ventum
727 2554 1110 2624 Amphilocbii,
1146 2554 1331 2623 jussus
1354 2561 1436 2607 est
1458 2553 1662 2623 ingredi
1696 2571 1710 2607 :
1758 2554 1936 2622 aitque
1963 2569 2051 2606 ar-

476 2646 793 2700 chidiacono
839 2660 978 2700 suo:
1011 2644 1215 2700 Stolam
1253 2660 1448 2709 meam,
1501 2653 1588 2698 tua
1638 2652 1907 2698 commuta
1954 2643 2049 2714 (c).

478 2741 594 2801 Quo
624 2736 766 2792 facto
798 2738 927 2792 dicit
954 2754 970 2788 :
993 2737 1176 2792 Redde
1197 2737 1339 2806 quod
1369 2737 1494 2791 dum
1528 2745 1711 2792 nostra
1743 2737 1877 2791 urbe
1898 2752 2052 2807 egre-

477 2832 743 2895 duremur,
793 2830 895 2885 fuit
926 2830 1228 2898 depositum
1267 2846 1282 2883 :
1322 2827 1603 2898 soluteque
1628 2829 1923 2898 strophiolo
1949 2828 2048 2898 (tl),

478 2923 695 2976 tradidit
743 2938 894 2991 atque
929 2924 1177 2977 ardentes
1208 2936 1409 2990 prunas
1441 2935 1504 2974 ac
1539 2930 1823 2987 acceperat
1874 2921 2046 2975 initio.

477 3013 593 3076 Quo
623 3012 758 3077 visu,
800 3012 1064 3066 diaconus
1091 3011 1266 3065 factus
1291 3021 1374 3065 est
1406 3010 1655 3064 fidentior
1684 3027 1698 3065 :
1726 3010 2052 3080 adolensque

479 3106 773 3176 thymiama
812 3103 906 3177 (e),
937 3118 1068 3159 voce
1100 3119 1291 3174 magna
1318 3103 1572 3157 clamavit
1606 3123 1619 3158 :
1664 3102 1806 3159 [iacti
1850 3121 2045 3160 omnes.

481 3198 739 3252 Universa
770 3212 932 3265 porro
972 3197 1115 3267 regia
1149 3206 1289 3250 mota
1344 3205 1443 3260 est,
1483 3211 1779 3265 omnesque
1826 3205 2049 3265 stupue-

2154 2027 2429 2098 βασιλεύς.
2460 2030 2570 2082 Καὶ
2592 2031 2620 2082 ὁ
2659 2026 3008 2099 Ἀμφιλόχιος
3027 2028 3152 2099 ἔφη’
3184 2030 3277 2101 Μὴ
3300 2029 3490 2099 φοϐοῦ,
3515 2031 3724 2100 τέκνον,

2151 2116 2245 2169 τὸν
2275 2115 2497 2185 βασιλέα
2521 2116 2710 2169 τοῦτον
2756 2115 2847 2168 τὸν
2876 2114 3173 2187 δυνάμενον
3206 2117 3363 2188 σῶμα
3394 2119 3726 2184 ἀποκτεῖναι,

2152 2206 2247 2260 καὶ¹
2270 2206 2369 2276 τὴν
2393 2205 2570 2278 ψυχὴν
2597 2205 2670 2277 μὴ
2695 2206 3046 2260 ἀποκτεῖναν
3077 2206 3213 2260 ἀλλὰ
3238 2207 3437 2277 μᾶλλον
3462 2209 3730 2280 φοϐήθητι

2152 2298 2356 2352 ἐκεῖνον
2399 2298 2490 2352 τὸν
2549 2298 2937 2353 ἀποκτείνοντα
2975 2298 3072 2369 τὴν
3112 2298 3287 2369 ψυχὴν
3327 2300 3421 2352 καὶ
3468 2299 3528 2353 τὸ
3569 2301 3730 2372 σῶμα.

2152 2389 2210 2441 ὲν
2240 2388 2453 2460 γεέννῃ.
2502 2389 2559 2443 Ὀ
2598 2389 2841 2455 διάκονος
2898 2389 3036 2462 ἔφη’
3089 2390 3234 2454 Ναὶ,
3286 2391 3498 2463 πάτερ’
3545 2391 3729 2457 καθὼς

2152 2478 2379 2546 ἔφησας,
2404 2476 2544 2533 οὕτω
2573 2479 2801 2551 ποιήσω,
2823 2479 2935 2532 εἴτε
2964 2478 3096 2550 ζωὴ,
3126 2481 3236 2533 εἴτε
3261 2481 3508 2545 θάνατος.
3535 2482 3723 2535 Ταῦτα

2153 2567 2441 2636 λέγοντες,
2498 2571 2734 2640 ’ἤγγισαν
2782 2573 2848 2642 τῇ
2898 2571 3089 2642 εἰσόδῳ
3142 2571 3237 2624 τοῦ
3284 2573 3567 2627 παλατίου.
3618 2574 3729 2626 Καὶ

2155 2659 2427 2730 μηνύσασι
2467 2660 2830 2731 ταχυδρόμοις
2861 2659 2958 2731 τὴν
3002 2662 3304 2732 παρουσίαν
3358 2662 3726 2733 Ἀμφιλοχῖου,

2152 2751 2445 2822 ἐκελεύσθη
2482 2752 2576 2805 τοῦ
2626 2753 2887 2806 εἰσιέναιο
2930 2753 3021 2805 καὶ
3062 2752 3208 2822 λέγει
3245 2753 3322 2825 τῷ
3366 2755 3728 2825 ἀρχιδιακὸνῳ

2151 2843 2352 2897 αὑτοῦ·
2390 2843 2655 2910 Ἀλλαξόν
2711 2860 2812 2914 μου
2856 2842 2955 2914 τὴν
2990 2844 3179 2916 στολὴν
3223 2846 3322 2916 τῆς
3355 2846 3569 2900 ἑαυτοῦ.
3618 2848 3728 2901 Καὶ

2152 2935 2341 2988 τούτου
2369 2934 2662 3006 γενομένου
2698 2935 2847 3004 λέγει
2882 2935 3031 3006 αὑτῷ
3053 2955 3066 2968 ·
3120 2936 3343 3000 Ἀπόδος
3374 2954 3462 3007 μοι
3491 2937 3589 3008 τὴν
3624 2955 3730 2991 πα-

2154 3023 2547 3095 ρακαταθήκην
2575 3024 2643 3094 ἣν
2683 3024 3001 3097 παρεθέμην
3031 3042 3112 3078 σοι
3147 3026 3204 3079 ὲν
3230 3025 3309 3096 τῷ
3350 3026 3550 3091 ἐξιέναι
3579 3027 3727 3097 ἡμᾶς

2152 3115 2216 3167 ὲκ
2242 3114 2336 3169 τοῦ
2366 3116 2635 3189 ἡμετέρου
2678 3118 2868 3175 τόπου.
2904 3118 3014 3171 Καὶ
3052 3118 3218 3182 λύσας
3260 3118 3424 3172 αὑτοῦ
3464 3118 3522 3172 τὸ
3554 3118 3727 3189 ἐγχεί-

2156 3221 2286 3274 ριον,
2319 3204 2486 3259 ἔδωκε
2512 3206 2609 3277 τὴν
2639 3207 2938 3278 ἀνθρακιὰν
2972 3207 3150 3272 ζῶσαν
3180 3207 3367 3279 ὥσπερ
3394 3203 3462 3279 ἦν
3499 3208 3560 3261 τὸ
3592 3207 3726 3280 πρό-

480 3298 601 3344 runt
645 3287 734 3360 (Ι).
770 3288 905 3343 Cum
948 3297 1125 3342 autem
1171 3286 1574 3356 AtnphilOchius
1629 3288 2049 3358 appropinquas-

2152 3269 2329 3366 cspov.
2359 3298 2471 3352 Καὶ
2519 3269 2676 3352 τοῦτο
2715 3269 2870 3353 aiam
2914 3300 2942 3351 ὁ
2979 3269 3243 3366 διάκονος,
3288 3269 3724 3372 ὲθαρσωποιήθη.

559 3427 601 3459 ii
635 3426 763 3481 Luc.
802 3442 903 3491 xu,
929 3425 982 3481 4.

549 3587 624 3653 ((ι)
654 3587 1052 3642 Snncrissimnm
1075 3607 1256 3645 nomen
1280 3602 1445 3659 tuum,
1468 3593 1667 3657 Patris,
1689 3604 1734 3646 et
1764 3591 1912 3658 Filii,
1943 3604 2048 3649 etc.

485 3656 659 3732 Unum
713 3673 906 3732 nomen
950 3667 1033 3732 est
1060 3656 1589 3732 super-adorandum,
1628 3656 1766 3732 quod
1800 3656 2051 3720 Christus

477 3727 828 3801 substantive
843 3740 896 3801 et
925 3727 1169 3785 absolute
1198 3733 1396 3788 dicitur
1426 3743 1481 3789 et
1530 3727 1714 3798 est,'id
1745 3734 1917 3801 ipsum
1949 3734 2053 3787 Ρει-
2120 3754 2126 3761 ·

477 3796 598 3860 tris,
640 3805 694 3852 et
739 3798 969 3865 Spiritus
1014 3803 1184 3855 sancti
1234 3818 1450 3870 nomen,
1494 3814 1550 3858 ut
1585 3796 1666 3859 est
1709 3796 1813 3856 una
1873 3804 2042 3870 tribus

478 3877 749 3940 naturaet
775 3882 896 3940 esse
922 3874 1104 3940 :unod
1139 3869 1489 3929 subtilissime
1531 3871 1944 3940 Amphilochius
1974 3869 2044 3940 iis

476 3936 658 3989 verbis
683 3937 878 3992 innuit.
915 3936 1100 3995 Utrum
1127 3956 1253 3996 vero
1278 3959 1439 3997 unmn
1477 3936 1669 3993 nomen
1696 3938 1895 3991 Christi
1934 3939 2043 3992 dis-

478 4004 646 4058 tincte
699 4007 1021 4074 invocatum,
1053 4011 1321 4065 sufﬁciens
1356 4013 1425 4064 sit
1447 4008 1729 4062 Trinitatis
1752 4007 2037 4071 invocatio,

481 4073 776 4148 antsaltem
797 4077 1255 4148 fueritaliquando
1270 4095 1332 4133 ex
1357 4079 1588 4148 quadam
1610 4075 1958 4148 indulgentia,
1977 4078 2041 4131 ad

479 4143 717 4216 valerem
743 4147 985 4216 baptismi
1010 4167 1023 4214 ;
1056 4143 1418 4202 controversia
1437 4156 1539 4209 ost,
1560 4147 1726 4211 inqua
1746 4146 1804 4199 1).
1824 4148 2045 4199 Αιιιιιτο-

479 4214 612 4277 sius,
633 4214 822 4270 eteuni
840 4230 1057 4273 secutus
1077 4217 1345 4279 Nicolaus,
1370 4217 1512 4268 Vt'lttt
1538 4232 1600 4267 ex
1624 4218 1739 4284 ejus
1776 4218 2039 4271 sententia

478 4285 778 4356 approbans
810 4288 1132 4356 baptismum
1161 4301 1188 4337 a
1223 4285 1407 4356 Judaeo
1447 4286 1696 4338 coilatum
1735 4284 1788 4337 in
1827 4287 2040 4340 nomine

480 4364 684 4406 tantum
715 4354 940 4417 Christi,
983 4372 1011 4408 a
1058 4366 1209 4420 parte
1254 4354 1557 4408 allirtnante
1599 4356 1845 4408 tidentur
1871 4366 2036 4410 stare.

480 4424 585 4477 Sed
619 4424 878 4491 quidquid
907 4425 976 4477 sit
1020 4424 1085 4477 de
1113 4425 1398 4478 Ambrosio
1448 4426 1541 4489 qui
1593 4426 1752 4478 aliter
1781 4426 1921 4480 forte
1946 4441 2039 4492 po-

480 4493 645 4546 tuerit
676 4494 892 4559 exponi,
930 4495 1070 4560 quod
1106 4501 1311 4561 spectat
1346 4494 1411 4547 ad
1450 4495 1747 4555 Nicolaum,
1787 4507 2042 4550 curistans

478 4572 560 4615 est
587 4578 821 4627 errasse,
868 4563 958 4631 qui
1002 4578 1097 4617 sua
1143 4563 1301 4617 etiam
1344 4574 1524 4629 actate,
1568 4567 1782 4632 quando
1829 4575 2040 4617 constat

2161 3596 2276 3651 Sive
2311 3611 2468 3656 mors,
2510 3595 2614 3646 sive
2651 3594 2775 3646 vita.
2810 3589 2966 3645 Velut
3013 3598 3171 3660 caput
3221 3592 3287 3642 ad
3345 3588 3507 3658 pedes
3555 3589 3724 3660 ipsius

2160 3671 2471 3727 deponeret,
2508 3662 2803 3728 lubensque
2828 3660 2950 3713 vita:
2983 3658 3153 3712 aleam
3184 3660 3408 3714 subiret.
3470 3660 3485 3679 ’

2231 3734 2300 3799 (ε)
2320 3730 2520 3783 Stolam
2554 3746 2738 3795 meam,
2769 3740 2862 3783 tua
2890 3737 3170 3799 commnIa.
3201 3729 3362 3783 Forte
3396 3737 3452 3782 ut
3484 3730 3743 3784 oruatior‘

2157 3798 2439 3868 appareret
2467 3814 2648 3854 coram
2680 3801 3026 3868 imperatore.
3053 3798 3166 3853 Non
3197 3799 3340 3853 enim
3377 3801 3580 3866 spernit
3603 3815 3728 3867 gra-

2150 3870 2222 3921 tia
2258 3868 2443 3923 isthmc
2508 3880 2566 3924 et
2619 3870 2851 3924 humana
2894 3868 3091 3932 media,
3131 3879 3189 3921 ut
3223 3869 3273 3921 in
3314 3868 3433 3936 ejus
3471 3871 3726 3936 operibus

2146 3937 2347 4005 aliquid
2402 3939 2563 3993 etiam
2610 3939 2681 3993 sit
2732 3949 2929 3993 nostra:
2979 3937 3277 3998 industrire.
3332 3941 3473 4004 quod
3517 3939 3720 4002 passio:

2145 4009 2490 4080 prosequitur
2536 4007 2977 4080 Chrysustomus,
3028 4017 3084 4080 et
3129 4008 3385 4080 observat
3420 4006 3470 4080 i_n
3515 4005 3723 4080 Qhristﬁi

2146 4074 2208 4148 in
2232 4074 2503 4143 apostolos
2550 4074 2992 4148 dispensatione._
3024 4076 3114 4131 Sic
3164 4076 3381 4148 Esther,
3413 4074 3719 4148 dimittique

2146 4147 2500 4201 adhibuerunt
2536 4144 2790 4202 mundum
2818 4146 3131 4201 rnnliehrem
3160 4164 3173 4212 _:
3205 4147 3283 4200 sic
3306 4147 3450 4199 cavit
3481 4144 3721 4212 Raphael

2145 4231 2215 4270 ne
2253 4218 2380 4286 quid
2406 4218 2685 4277 sordidius
2733 4219 2785 4272 in
2835 4216 3017 4271 Tobia:
3066 4210 3258 4286 aillicta
3299 4210 3715 4286 domosnovam

2144 4284 2395 4352 sponsam
2427 4286 2723 4342 offenderet
2757 4306 2771 4340 :
2799 4288 3053 4354 cavitque
3093 4284 3291 4337 Paulus
3331 4300 3395 4337 ne
3425 4284 3581 4338 vilior
3616 4285 3714 4337 tri-

2144 4357 2289 4410 bttno
2317 4358 2487 4411 factus
2513 4358 2909 4425 llagellatione,
2930 4354 3045 4425 neci
3072 4354 3400 4425 traderetur,
3434 4362 3540 4425 etc.

2215 4426 2292 4494 (ιι)
2320 4422 2611 4493 δοιιιιοτμιὲ
2656 4423 2962 4494 strophiolo.
3010 4422 3193 4485 Λύσας
3227 4422 3401 4494 αὐτοῦ,
3443 4423 3503 4475 τὸ
3546 4422 3726 4493 ἐγχει-

2152 4493 2288 4566 ριον.
2337 4494 2527 4550 Linteo
2553 4510 2660 4564 quo
2694 4493 2997 4566 carbonem
3033 4507 3343 4566 accensum_
3373 4493 3720 4566 deposuerat,

2142 4560 2219 4619 Sic
2250 4567 2390 4619 dicto
2435 4560 2583 4629 quod
2625 4565 2886 4618 habeatur
2934 4563 2999 4615 ad
3051 4577 3263 4616 manus.
3311 4560 3369 4615 S.
3415 4560 3720 4615 Germanus

479 4630 934 4703 dispensationem
974 4647 1237 4696 cessasse,
1270 4635 1314 4687 si
1357 4650 1462 4702 qua
1495 4630 1728 4703 unquam
1761 4634 1879 4701 fuit,
1909 4635 2050 4703 ejus-
2080 4637 2126 4691 D
2155 4637 2547 4702 manutergitun
2580 4635 2821 4703 exponit,
2852 4633 2993 4701 quod
3029 4631 3203 4698 primo
3239 4631 3403 4703 datur
3432 4630 3717 4703 subdiaco-

480 4702 625 4755 modi
658 4702 980 4769 baptismum
1021 4713 1194 4756 ratum
1224 4704 1493 4759 habuerit.

551 4770 628 4842 (τ)
658 4771 918 4842 Quoniam
949 4789 1060 4825 mos
1120 4784 1215 4834 est,
1259 4784 1313 4827 ut
1364 4776 1579 4828 nobis...
1620 4775 2046 4842 ingredientibus.

483 4839 829 4906 Significatur
853 4842 1019 4895 fuisse
1048 4844 1097 4896 id
1131 4844 1295 4897 moris
1323 4844 1373 4896 in
1403 4845 1547 4907 aula,
1578 4853 1634 4898 ut
1654 4839 1842 4897 attines
1875 4859 2050 4897 assur-

482 4919 668 4981 gerent
697 4909 1123 4981 ingredientibus
1152 4914 1418 4981 episcopis
1453 4917 1522 4967 ob
1567 4908 1923 4967 reverentiam
1957 4930 2048 4966 or-

482 4979 622 5031 dinis
651 4994 663 5031 :
693 4994 798 5046 quo
845 4980 973 5035 facit
1014 4979 1348 5038 incendiunn
1371 4984 1496 5036 illud
1550 4985 1807 5037 divinitus
1841 4984 2065 5036 excitat

484 5058 596 5122 tum
643 5052 782 5122 apud
831 5051 1147 5122 Sulpicium,
1193 5069 1297 5120 quo
1344 5053 1773 5116 Valentinianus,
1820 5069 2049 5108 renuens

485 5119 534 5169 id
584 5119 806 5175 honoris
848 5119 1058 5176 deferre
1109 5119 1361 5185 Martino,
1412 5123 1544 5175 cella
1594 5126 1905 5175 deturbatus
1943 5134 2045 5176 est.

483 5186 637 5260 Facit
666 5191 852 5255 etiam,
885 5207 1004 5259 quae
1041 5193 1093 5247 in
1129 5192 1455 5260 Eucliologio
1490 5194 1718 5246 habetur
1755 5192 1929 5245 oratio
1956 5209 2048 5246 su-

485 5259 1017 5335 peritnperatoretn,
1066 5263 1369 5335 patriarcha
1403 5263 1731 5335 ingrediente
1770 5262 2045 5329 palatium,

485 5328 571 5380 cui
598 5328 643 5380 is
665 5333 887 5401 proinde
917 5342 974 5384 ut
999 5328 1399 5401 benedicendus
1434 5328 1710 5401 humiliter
1731 5328 2046 5401 assurgens,

485 5399 842 5453 reverentiam
868 5402 1107 5455 haberet.
1133 5399 1301 5455 Porro
1338 5401 1484 5466 illud,
1520 5399 1662 5454 ﬂecti
1701 5399 2047 5465 onmes,'scu,

485 5467 648 5540 Stetit
667 5480 855 5524 omnes
880 5483 934 5523 et
958 5480 1277 5540 assurgant;
1314 5486 1419 5524 non
1453 5472 1693 5538 episcopi
1723 5482 1840 5524 erat
1870 5474 2047 5539 ingre-

485 5535 704 5597 dientis,
738 5540 830 5590 sed
851 5535 1207 5610 ﬁsuscipieritis
1243 5535 1602 5607 imperatoris.
1641 5535 2050 5606 Amphilochius

482 5618 613 5683 vero
642 5621 797 5683 suum
839 5608 1084 5683 _feci_t,ad
1127 5610 1294 5678 ipsius
1335 5613 1605 5683 totiusque
1644 5610 1780 5683 aula:
1820 5612 2047 5683 animos,

483 5677 747 5753 inanagni
801 5677 1025 5753 alicujus
1071 5677 1535 5748 exSpecnatioaoni
1579 5695 1643 5734 ex
1692 5681 1767 5731 rei
1814 5681 2050 5735 novitate

483 5746 797 5817 erigendos.
841 5746 1337 5817 conciliatidainque
1382 5753 1624 5805 dicendis
1652 5752 2046 5816 auctoritatem,

484 5822 587 5889 pro
614 5816 811 5881 quibus
846 5826 999 5889 tanta
1028 5819 1218 5870 fiducia
1251 5816 1390 5873 notae
1438 5821 1740 5874 sanctitatis
1768 5821 2049 5888 episcopus

490 5887 873 5954 {imperatorem
917 5887 1659 5975 adirctiadjectismaxime
1695 5890 1801 5947 illis
1835 5889 2045 5973 verbis:

2154 4720 2244 4766 no,
2277 4715 2331 4757 et
2364 4698 2556 4773 pendet
2612 4698 2781 4757 sacris
2803 4698 3103 4773 ministris,
3143 4716 3173 4753 a
3208 4699 3438 4755 sinistro
3472 4698 3716 4755 femore:

2153 4776 2218 4828 de
2248 4772 2437 4840 quoin
2469 4772 2865 4841 Euchelogicis.

2224 4837 2651 4924 (QUAdolensgue
2680 4923 2683 4924 ν
2710 4837 3016 4924 flagrantiam.
3061 4839 3198 4924 Καὶ,
3223 4839 3397 4910 βαλὼν
3447 4837 3719 4924 θυμίαμα.

2154 4908 2325 4967 Simili
2386 4908 2592 4982 phrasi,
2640 4908 2801 4979 atque
2840 4910 3016 4982 βαλὼν
3072 4908 3359 4982 μετανοιαν
3385 4908 3576 4982 ‘__quod
3607 4908 3723 4982 iia-

2152 4977 2424 5045 Inasceuo,
2448 4981 2639 5036 Juanni
2666 4977 3152 5051 Hierosolymitano
3180 4980 3232 5051 in
3264 4983 3378 5047 ejus
3399 4978 3541 5039 Vita,
3570 4977 3720 5051 aliis-

2152 5068 2255 5119 que
2286 5054 2443 5105 medii
2471 5054 2569 5105 arvi
2596 5046 2948 5120 scriptoribus
2976 5046 3364 5120 creberrimum
3391 5055 3474 5100 est
3502 5064 3517 5099 :
3547 5046 3713 5120 velut,

2154 5116 2383 5176 SulIiens
2411 5132 2465 5175 et
2499 5116 2777 5176 incensum
2810 5120 3059 5182 oll‘erens,
3090 5117 3277 5172 eadem
3311 5116 3450 5170 forte
3474 5117 3723 5169 caerimo-

2152 5192 2265 5257 nia,
2294 5207 2398 5259 qua
2432 5206 2532 5245 nos
2557 5192 2743 5254 etiam,
2774 5190 3018 5258 personis
3050 5189 3104 5259 in
3154 5185 3330 5259 altiori
3368 5185 3721 5259 graduuposi-

2152 5255 2258 5322 tis,
2279 5255 2511 5314 maxime
2538 5262 2731 5325 sacris,
2763 5255 2858 5313 seu
2897 5258 3167 5326 inquibus
3201 5256 3365 5326 Deum
3393 5255 3720 5324 peculiar-ius

2152 5345 2528 5398 agnoscamus,
2564 5340 2620 5383 et
2665 5331 2717 5383 in
2750 5330 2960 5397 signum
2990 5325 3176 5398 devoti
3209 5325 3432 5398 adactus
3478 5340 3599 5378 cum
3634 5339 3720 5378 re-

2152 5393 2413 5466 verentia,
2446 5393 2569 5454 thus
2599 5411 2653 5452 et
2683 5393 2972 5468 thymiama
3000 5396 3290 5468 oderimus.
3316 5393 3521 5468 Modus
3542 5403 3718 5468 tamen

2156 5470 2248 5523 ille
2276 5463 2637 5537 Atnphilochii
2666 5463 2956 5535 singularis
2986 5467 3105 5529 fuit,
3146 5466 3261 5533 ipso
3292 5483 3320 5517 a
3370 5464 3559 5537 prunis
3593 5463 3721 5537 illa}-

2150 5554 2212 5593 so
2247 5559 2259 5592 :
2290 5532 2431 5609 quod
2487 5541 2643 5610 plane
2696 5532 2779 5592 vel
2828 5553 2992 5591 unum
3046 5532 3300 5592 omnibus
3365 5532 3720 5601 percellendis

2155 5622 2291 5663 erat.

2223 5681 2289 5746 (I’)
2321 5678 2613 5745 Omnesque
2634 5685 2962 5748 stupuerunt.
2995 5675 3342 5748 Ἐξέστησαν.
3374 5668 3721 5748 luctantia-xi-

2154 5738 2366 5815 me'jam
2399 5738 2625 5804 ratione.
2659 5738 2749 5803 Sic
2780 5747 2945 5802 .‘liarc.
2973 5762 3024 5810 v,
3049 5747 3119 5799 4:!
3155 5738 3478 5811 Ἐ’ξέστησαν
3528 5738 3737 5796 ἐκστάοτ

2155 5837 2236 5873 σει
2268 5819 2497 5891 μεγάλῃ.
2535 5817 2856 5890 Slupuernnt
2894 5828 3101 5885 stupore
3128 5829 3331 5883 magno.
