4118 6468
326 450 388 507 25
1214 500 1223 509 ι
1668 446 1827 508 VITA
1865 478 1875 502 λ

1976 447 2197 515 l'lQUA.
2491 438 2511 446 ’
3486 451 3556 507 26

323 562 422 615 Καὶ
460 558 639 630 βαλὼν
688 557 944 628 θυμίαμα
993 557 1260 628 ἀνέκραξε
1319 559 1531 633 μεγάλῃ
1570 563 1636 633 τῇ
1674 562 1875 631 φωνῇέ

1984 573 2066 616 set
2097 561 2428 632 imperatori,
2480 561 2603 617 ait:
2646 559 2761 613 Pax
2797 559 3148 628 imperatori:
3187 575 3411 630 puerum
3459 578 3558 617 au-

321 651 567 712 διάκονος·
610 649 805 717 Ὀρθοὶ
839 648 1083 715 πάντες.
1135 648 1241 704 Καὶ
1276 650 1539 721 ἐσαλεύθη
1591 651 1653 704 τὸ
1702 649 1879 703 παλά-

318 761 418 797 τιον
442 742 582 808 ὅλον,
618 742 715 795 καὶ
759 738 1055 812 ἐξέστησαν
1083 741 1341 805 ἅπαντες.
1372 742 1605 813 Πλησίον
1636 742 1694 796 δὲ
1722 743 1879 812 γενὸ-
1908 750 1916 756 “

319 850 462 903 μενος
501 831 598 885 τοῦ
640 830 930 901 βασιλέως,
966 831 1099 903 ἐφηο
1131 831 1357 901 Εἰρήνη
1384 831 1464 898 τῷ
1495 832 1745 897 ,βασιλεῖ
1770 851 1784 864 θ
1819 833 1882 885 τὸ

312 924 362 976 δὲ
383 923 590 976 παιδίον
624 922 973 993 παρέδραμε.
1002 922 1113 976 Καὶ
1151 924 1180 976 6
1205 922 1492 993 βασιλεύς·
1531 923 1876 994 Ἀμφιλόχιε·

310 1015 409 1077 ναὶ,
465 1015 623 1085 φησι,
667 1013 757 1065 διὰ
799 1012 855 1065 τί
895 1012 1180 1082 ἐνύϐρισας
1217 1013 1279 1065 τὸ
1323 1013 1591 1083 βασίλειόν
1622 1031 1745 1085 μου,
1784 1015 1880 1067 καὶ

308 1103 421 1172 ἐμοὶ
462 1102 565 1171 μὲν
609 1101 904 1164 ἀπέδωκας
948 1102 1046 1172 τὴν
1089 1104 1328 1173 εἰρήνην,
1378 1103 1473 1155 τὸν
1517 1103 1575 1156 δὲ
1600 1104 1732 1179 ὐἱόν
1776 1121 1878 1174 μου

304 1192 623 1263 παρῆλθεςς
666 1192 781 1246 Ούκ
811 1188 958 1255 οἶδας
986 1193 1071 1244 ὅτι
1100 1191 1193 1244 καὶ
1214 1187 1369 1255 οὗτος
1411 1194 1528 1262 μετ’
1560 1189 1695 1263 ἐμοῦ
1725 1191 1880 1261 βασι-

302 1283 504 1349 λεύσει;
539 1283 660 1336 Καὶ
689 1285 718 1336 6
740 1282 1090 1352 Ἀμφιλόχιος
1114 1282 1432 1354 ἀποκριθεὶς
1454 1278 1608 1338 εἶπεν
1631 1299 1644 1313 °
1680 1284 1879 1335 Ἀκου-

303 1372 385 1425 σόν
410 1388 538 1442 μου,
564 1370 795 1441 βασιλεῦ
821 1359 1140 1439 ἀγαθώτατε
1158 1387 1172 1401 ·
1198 1373 1247 1424 εἰ
1275 1372 1362 1436 σὺ,
1389 1372 1417 1424 6
1438 1368 1722 1433 σύνδουλός
1752 1387 1874 1442 μου,

299 1465 480 1533 ὀσήμε
490 1480 594 1534 ρον
622 1461 697 1516 ὢν
732 1462 827 1515 καὶ
852 1460 1039 1532 αὔριον
1075 1460 1150 1531 μὴ
1180 1461 1465 1533 ὑπάρχων,
1492 1462 1878 1533 ἠγανάκτησας

299 1552 661 1623 ὑϐριζομένου
686 1552 779 1606 τοῦ
818 1552 930 1606 υἱοῦ
980 1569 1094 1617 σου,
1138 1554 1168 1604 6
1191 1551 1248 1604 δὲ
1280 1551 1412 1615 Θεὸς
1445 1553 1473 1605 6
1499 1551 1749 1622 οὐράνιος
1776 1552 1877 1607 οὐκ

296 1643 676 1713 ἀγανακτήσει
728 1641 1081 1713 ὑϐριζομένου
1128 1640 1222 1695 τοῦ
1276 1640 1407 1695 Υἱοῦ
1461 1642 1656 1708 αὐτούς
1706 1643 1817 1696 Καὶ
1847 1644 1876 1695 6

297 1731 551 1800 βασιλεὺς
602 1730 736 1803 ἔφη·
794 1732 1163 1787 Ἀναιδέστατε
1210 1733 1389 1807 γέρων
1431 1735 1526 1787 καὶ⁵
1570 1733 1754 1800 κύων,
1786 1733 1875 1789 διὰ

294 1822 344 1874 τε
385 1823 798 1894 ἁγανακτήσει;
843 1824 954 1877 Καὶ
996 1826 1025 1877 6
1079 1824 1425 1894 Ἀμιριλόχιος
1470 1823 1596 1894 ἔφη’
1642 1824 1870 1877 Βασιλεῦ

295 1913 641 1981 ἀγαθώτατε,
674 1913 903 1968 ἄκουσον
935 1914 1028 1968 τοῦ
1057 1916 1248 1979 παιδός
1275 1932 1367 1968 σου
1389 1930 1404 1944 ’
1433 1916 1496 1968 τὸ
1528 1916 1627 1985 μὲν
1658 1917 1835 1985 γῆρας
1855 1956 1871 1981 ,
1904 1894 1948 1948 Β

292 2002 374 2056 διὰ
402 2005 518 2069 τῶν
572 2006 814 2077 χρόνωνο
847 2008 881 2075 ή
914 2006 973 2057 δὲ
1007 2006 1225 2058 ἀναιδια
1245 2045 1259 2069 ,
1287 2006 1376 2058 διὰ
1412 2007 1539 2067 τοὺς
1575 2006 1873 2067 ἀτάκτους·

291 2094 434 2146 κύων
460 2095 546 2158 δὲ,
594 2097 679 2148 ὅτι
710 2097 859 2164 τρεῖς
880 2095 1086 2163 λῃστὰς
1120 2092 1366 2160 θεωρῶν,
1390 2094 1450 2143 οὔ
1482 2093 1727 2161 παύομαι
1757 2091 1886 2144 ὑλαο

286 2183 426 2235 κτῶν
448 2199 461 2211 ·
497 2183 651 2251 λέγω
670 2182 734 2251 δὴ
771 2180 1059 2250 Εὐνόμιον,
1099 2178 1376 2250 Ἀρειανὸν
1403 2178 1497 2232 καὶ
1526 2179 1882 2234 Μακεδόνων·

284 2270 374 2334 οὓς
397 2273 642 2341 ἐκκόψει
680 2270 885 2340 Κύριος
927 2271 994 2322 ἐκ
1024 2268 1121 2321 τοῦ
1153 2267 1281 2321 λαοῦ
1312 2268 1526 2333 τούτου,
1554 2269 1637 2323 ὅτι
1668 2270 1885 2341 ἐνύϐρι-

282 2379 380 2415 σαν
414 2362 603 2416 αὑτοῦ
636 2360 734 2429 τὴν
783 2360 1036 2429 θεὸτητα.
1081 2360 1189 2413 Καὶ
1233 2359 1260 2411 6
1299 2359 1555 2429 βασιλεὺς
1598 2362 1655 2412 ἐν
1703 2360 1880 2431 ἐαυτῷ

274 2454 631 2523 γενόμενος,
666 2448 853 2505 εἶπενυ
897 2449 1132 2521 Ἀληθῶς
1170 2449 1389 2520 εἴρηκεν
1421 2451 1450 2501 6
1482 2450 1658 2521 γέρων
1698 2444 1872 2515 οὗτος.

271 2544 347 2597 Ei
381 2545 508 2614 γὰρ
538 2543 644 2610 ἐγὼ
686 2543 1031 2614 ἠγανάκτησα
1074 2541 1429 2614 ὑϐριζομένου
1460 2544 1554 2596 τοῦ
1582 2542 1699 2596 υἱοῦ
1734 2561 1835 2615 μου
1857 2559 1871 2572 ⁸

274 2638 302 2689 6
330 2636 608 2706 οὐράνιος
640 2636 769 2699 Θεὸς
798 2635 897 2688 οὐκ
941 2635 1333 2704 ἀγανακτήσει,
1381 2634 1738 2705 ὑϐριζομένου
1775 2633 1871 2687 τοῦ

277 2723 416 2777 Υἱοῦ
458 2720 631 2775 αὑτοῦ
658 2739 672 2787 ;
700 2722 887 2792 Πολλῷ
919 2722 1117 2793 μᾶλλον
1142 2724 1512 2794 ἀγανακτήσει
1538 2723 1657 2775 καθ’
1693 2721 1872 2793 ἡμῶν.

277 2817 394 2869 Καὶ
425 2814 587 2882 λέγει
608 2816 637 2866 6
662 2814 913 2883 βασιλεὺς
952 2818 1064 2877 τοῖς
1087 2813 1433 2880 παρεστῶσιν
1472 2812 1618 2885 αὐτῷ
1642 2830 1657 2844 θ
1687 2814 1875 2867 Κατα-

282 2906 546 2959 σπάσατε
573 2906 775 2969 αὐτοὺς
797 2903 907 2956 ἀπὸ
943 2903 1052 2956 τῶν
1080 2904 1286 2975 θρόνων
1322 2902 1523 2958 αὐτῶν.
1550 2898 1731 2957 Ἦσαν
1764 2904 1875 2975 γὰρ

283 2997 750 3068 παρακαθήμενοι
791 2998 839 3049 oi
873 2995 1185 3049 διδάσκαλοι
1207 2996 1310 3065 τῆς
1330 2995 1603 3059 ἀπωλείας
1624 2997 1674 3048 οἱ
1701 2997 1870 3066 τρεῖς.

285 3091 395 3142 Καὶ
435 3089 466 3140 6
502 3090 676 3159 δῆμος
702 3088 951 3158 ἔκραζον,
993 3088 1243 3158 λέγοντες
1267 3105 1281 3118 ·
1334 3086 1444 3150 Τὰς
1492 3086 1734 3157 κεφαλὰς
1777 3088 1873 3141 αύ-

284 3181 393 3233 τῶν
424 3180 910 3249 ἀποτμηθήτωσαν
938 3179 1101 3249 ξίφει,
1145 3180 1202 3233 ’0
1228 3179 1285 3233 δὲ
1322 3179 1665 3250 Ἀμφιλόχιος
1724 3176 1868 3232 εἴπεο

286 3270 462 3343 Κύριε
514 3271 761 3341 βασιλεῦ,
817 3272 890 3343 μὴ
938 3272 1200 3343 κελεύσῃς
1228 3270 1385 3324 τοῦτο
1421 3271 1692 3339 γενέσθαι,
1735 3271 1870 3323 ἀλλὰ

286 3365 482 3435 δέομαί
524 3381 621 3416 σου
649 3363 743 3416 τοῦ
773 3364 1024 3436 κράτους,
1051 3363 1393 3435 ἐξορισθῆναι
1419 3365 1614 3425 αὐτοὺς
1642 3363 1874 3416 ἕκαστον

289 3460 345 3509 ὲν
374 3459 444 3528 τῇ
480 3456 590 3526 ἰδίᾳ
619 3455 860 3525 πατρίδι.
902 3457 1010 3508 Καὶ
1038 3455 1369 3525 προσέταξεν
1402 3457 1431 3506 ὁ
1470 3440 1749 3523 βασιλέὺςν
1784 3471 1876 3520 γε·

292 3546 479 3601 νέσθαι
513 3546 700 3609 καθὼς
729 3545 914 3609 ἔταξεν
935 3547 963 3597 ὁ
988 3545 1168 3616 πατὴρ
1194 3546 1350 3615 ἡμῶν
1405 3543 1772 3614 Ἀμφιλόχιος.
1818 3543 1878 3595 '0

290 3640 347 3693 δὲ
372 3639 548 3709 δῆμος
577 3637 813 3710 ἔκραζεν
838 3637 1013 3705 λέγων
1037 3656 1049 3669 ’
1082 3639 1177 3701 Εἰς
1203 3639 1264 3690 τὸ
1286 3636 1553 3707 ἐξώτερον
1582 3635 1693 3706 πῦρ
1720 3635 1880 3688 ἁπελ·

291 3733 561 3787 θέτωσαν.
615 3733 722 3785 Καὶ
762 3729 1175 3801 παραλαϐόντες
1225 3729 1459 3790 αὐτοὺς,
1521 3728 1615 3779 καὶ
1662 3724 1877 3794 πληγὰς

292 3823 579 3884 ἐπιθέντες
608 3862 621 3883 ,
655 3821 1055 3891 ἐθριάμϐευσαν
1091 3819 1288 3880 αὖτοὺς
1320 3818 1377 3871 ἐν
1403 3819 1468 3888 τῇ
1513 3816 1664 3869 πόλει
1692 3815 1877 3891 λέγον-

290 3932 409 3977 τες·
445 3908 614 3967 03τοί
645 3916 777 3965 εἰσιν
814 3915 863 3965 οἱ
910 3911 1097 3983 ἐχθροὶ
1131 3909 1225 3963 τοῦ
1269 3909 1402 3962 Θεοῦ
1429 3951 1442 3976 ,
1473 3912 1565 3962 καὶ
1598 3907 1704 3961 τῶν
1744 3909 1877 3978 Χρι-

293 4006 527 4058 στιανῶν
552 4021 563 4032 ·
594 4006 686 4058 καὶ
721 4004 1011 4065 ἐπιϐάντες
1040 4002 1238 4064 αὐτοὺς
1271 4002 1349 4063 εἰς
1392 3999 1490 4072 τὴν
1535 3998 1874 4069 ἐπτάλωφον,

293 4093 583 4160 ἐξεδὶωξαν
613 4095 810 4156 αὐτοὺς
846 4092 985 4163 μετᾶ
1012 4092 1119 4144 τῶν
1154 4091 1413 4162 μαθητῶν
1462 4091 1640 4143 αὐτῶν
1670 4092 1750 4152 εἰς
1778 4089 1874 4153 τὰς

294 4184 483 4254 χώρας,
502 4185 707 4236 αὐτῶν.
743 4184 847 4237 Τὸν
891 4184 947 4235 δὲ
981 4182 1167 4235 δοῦλον
1197 4182 1289 4234 τοῦ
1328 4183 1476 4250 Θεοῦ,
1507 4183 1871 4252 Ἀμςοιλόχιον,

296 4281 552 4343 χρήματα
594 4274 765 4327 πολλὰ
810 4275 935 4336 δοὺς
979 4272 1132 4343 αὐτῷ
1182 4274 1210 4326 ὀ
1259 4271 1510 4342 βασιλεὺς
1561 4272 1871 4334 Θεοδόσιος.

297 4365 563 4417 ἀπέλυσεν
616 4365 780 4418 αὑτὸν
828 4368 887 4417 ἐν
927 4368 991 4434 τῇ
1038 4365 1144 4434 ἰδίᾳ
1195 4364 1369 4425 πόλει,
1412 4362 1725 4432 εύλογηθεὶς
1776 4363 1867 4415 ὑπ’

298 4456 473 4520 αὐτοῦ,
510 4456 611 4508 καὶ
637 4457 787 4508 πᾶσα
817 4459 849 4525 ἡ
886 4455 1206 4525 σύγκλητος.
1226 4455 1456 4525 Ὁμοίως
1487 4455 1580 4507 καὶ
1597 4454 1797 4516 πάντες
1817 4455 1867 4506 οἱ

1986 661 2089 705 tem
2156 650 2440 720 prwteriit.
2488 648 2622 703 Tum
2676 648 3011 715 imperator:
3050 649 3418 718 Amphilochi,
3458 665 3557 705 cur

1981 741 2143 797 etiam
2174 740 2459 810 imperium
2489 753 2668 793 meum
2699 737 3022 793 contumelia
3059 736 3322 793 aﬂ‘ecisti?
3363 754 3556 808 meque

1981 833 2239 898 salutans,
2255 846 2439 902 pacem
2458 828 2816 900 impertivisti,
2835 827 3002 882 lilium
3019 838 3195 882 autem
3216 844 3392 883 meum
3415 845 3553 899 prte-

1984 920 2177 976 teristi.
2208 918 2396 975 Nescis
2432 918 2549 974 fore
2589 926 2710 988 post
2764 933 2850 972 me
2901 918 3288 985 regnaturum?
3322 918 3394 973 At
3426 918 3552 971 Am-

1978 1011 2279 1081 philochius
2309 1010 2643 1079 respondens
2678 1010 2755 1063 ait
2784 1026 2799 1062 :
2831 1009 2969 1063 Audi
3003 1024 3109 1075 me,
3136 1008 3339 1078 optime
3388 1010 3558 1078 impe-

1979 1114 2149 1159 rator.
2201 1103 2368 1167 Situ,
2398 1117 2695 1157 conservus
2748 1117 2919 1168 meus,
2964 1117 3054 1172 qui
3105 1116 3165 1156 es
3211 1103 3389 1165 hodie,
3431 1116 3552 1158 cras

1978 1209 2106 1248 vero
2141 1208 2245 1247 non
2278 1208 2357 1259 es,
2383 1207 2524 1262 aegre
2552 1192 2717 1247 tulisti
2766 1190 3014 1247 affectum
3048 1191 3370 1246 contumelia
3402 1202 3550 1245 tuum

1979 1284 2146 1338 lilium
2192 1299 2208 1338 :
2267 1283 2480 1339 Deusne
2522 1283 2644 1338 caeli
2690 1299 2796 1338 non
2834 1296 2975 1352 aegre
3008 1281 3170 1347 feret,
3205 1297 3328 1337 cum
3385 1282 3552 1336 Filius

1977 1375 2094 1444 ejus
2116 1374 2438 1429 contumelia
2467 1371 2769 1427 alliciatur?
2790 1371 2989 1441 Aitque
3018 1371 3312 1440 imperator
3334 1389 3347 1424 :
3375 1371 3551 1426 Senex

1978 1463 2443 1534 impudentissime
2470 1471 2525 1517 et
2572 1462 2735 1517 canis‘
2773 1461 2874 1530 (ο),
2932 1477 3032 1516 cur
3079 1476 3222 1532 aegre
3273 1460 3444 1515 feret?
3483 1460 3552 1513 At

1974 1555 2384 1626 Amphilochius
2414 1571 2429 1609 :
2465 1553 2677 1623 Optime
2708 1555 3021 1624 imperator,
3049 1553 3195 1617 audi,
3231 1566 3381 1621 rogo,
3420 1563 3551 1619 pue-

1976 1663 2094 1702 rum
2144 1656 2338 1700 tuum:
2372 1659 2538 1718 senex
2590 1645 2803 1712 quidem
2841 1659 2981 1710 sum,
3030 1654 3246 1713 propter
3292 1653 3499 1711 tempus
3532 1658 3548 1696 :

1975 1739 2262 1808 impudens
2287 1745 2491 1801 autem,
2523 1744 2744 1805 propter
2770 1735 3059 1789 insolentes
3086 1751 3102 1789 :
3126 1734 3275 1789 canis
3300 1733 3548 1801 denique,

1975 1834 2117 1901 quod
2156 1840 2264 1885 tres
2293 1829 2533 1886 latrones
2555 1827 2763 1893 videns,
2798 1840 2993 1895 nempe
3020 1824 3365 1891 Eunomium,
3392 1825 3551 1878 Aria-

1978 1935 2108 1975 num
2164 1929 2218 1974 et
2275 1918 2668 1983 Macedonium,
2723 1917 2924 1971 latrare
2974 1930 3083 1970 non
3142 1916 3403 1969 desinam.
3447 1914 3554 1967 Eos

1980 2009 2241 2064 Dominus
2273 2007 2549 2062 exscindet
2573 2023 2639 2060 ex
2680 2006 2874 2075 papulo
2929 2006 3052 2070 isto,
3078 2004 3218 2074 quod
3270 2005 3385 2074 ejus
3417 2003 3554 2057 divi-

1984 2099 2212 2151 nitatem
2246 2095 2526 2150 allecerint
2571 2096 2918 2150 contumelia.
2956 2096 3252 2164 Imperator
3293 2102 3470 2148 autem
3500 2093 3557 2148 in

1985 2200 2043 2241 se
2071 2199 2340 2249 reversus,
2375 2185 2510 2239 dixit
2545 2202 2560 2238 :
2593 2183 2734 2238 Vere
2770 2185 2976 2239 locutus
3008 2194 3089 2239 est
3129 2184 3229 2239 iste
3261 2198 3445 2241 senex.
3499 2183 3557 2238 Si

1982 2277 2126 2331 enim
2156 2290 2253 2346 ego
2275 2290 2416 2345 aegre
2447 2275 2539 2328 tuli
2594 2276 2734 2343 quod
2767 2274 2903 2329 tilius
2948 2290 3098 2328 meus
3127 2275 3446 2329 contumelia
3478 2275 3558 2327 af-

1981 2365 2236 2419 ﬁceretur
2266 2381 2283 2419 :
2323 2365 2465 2418 Deus
2499 2364 2617 2419 εαξιί
2650 2380 2754 2417 non
2783 2379 2921 2433 aegre
2947 2363 3103 2427 feret,
3143 2380 3262 2418 cum
3292 2364 3410 2432 ejus
3460 2363 3553 2417 Fi-

1977 2456 2083 2509 lins
2123 2455 2447 2510 contumelia
2478 2453 2777 2508 afﬁciatur?
2805 2454 2967 2510 Plane
2989 2456 3183 2522 potiori
3210 2455 3334 2525 jure
3369 2457 3554 2508 adrer-

1975 2560 2093 2599 sum
2152 2561 2251 2600 nos
2282 2545 2684 2599 succensuerit.
2737 2545 2933 2613 Aitque
2985 2546 3301 2610 astantibus,
3333 2554 3391 2597 ut
3435 2543 3553 2597 illos

1984 2637 2202 2691 sedibus
2235 2637 2605 2691 deturbarent.
2651 2637 2970 2692 Assidebant
2999 2639 3140 2692 enim
3180 2646 3288 2692 tres
3324 2638 3398 2691 illi
3432 2653 3552 2707 per-

1979 2727 2198 2783 ditionis
2241 2727 2508 2796 magistri.
2540 2726 2807 2782 Clamavit
2839 2737 3016 2782 antem
3044 2728 3269 2796 papulus
3316 2728 3498 2782 dicens
3533 2744 3547 2782 :

1976 2819 2163 2874 Gladio
2219 2820 2742 2875 auimadvertautur.
2793 2821 2863 2873 At
2909 2819 3318 2889 Amphilochius
3367 2821 3550 2874 dixit:

1978 2912 2202 2967 Domine
2232 2912 2550 2980 imperator,
2583 2928 2649 2966 ne
2681 2912 2781 2966 hoc
2806 2911 3033 2979 jusseris
3067 2912 3181 2965 ﬁeri
3211 2930 3225 2967 :
3267 2912 3359 2967 sed
3415 2926 3544 2980 rogo

1978 3013 2119 3056 tuam
2150 3007 2465 3072 potentiam,
2502 3015 2556 3058 nt
2597 3005 2966 3074 unusquisque
3005 3004 3274 3073 relegetur
3306 3004 3358 3057 in
3391 3018 3548 3057 suam

1978 3096 2228 3163 patriam.
2287 3094 2549 3167 Przecepit
2576 3112 2702 3151 vero
2743 3097 3036 3164 imperator
3083 3105 3140 3150 ut
3170 3096 3319 3151 ﬁeret
3357 3110 3549 3165 quem-

1898 3191 2262 3269 Cadmodum
2341 3190 2493 3258 pa‘ler
2542 3200 2725 3244 noster
2787 3190 3199 3266 Amphilochius
3265 3197 3546 3245 statuerat.

1978 3280 2145 3336 l‘orro
2189 3282 2412 3349 populus
2468 3283 2721 3336 clamavit
2749 3282 2935 3336 dicens
2967 3300 2980 3335 :
3012 3283 3243 3335 Aheant-
3267 3283 3317 3335 in
3370 3282 3546 3352 ignem

1974 3384 2039 3423 ex
2060 3371 2332 3425 teriorem.
2392 3372 2632 3439 Cumque
2656 3372 3156 3439 apprehendissent,
3179 3384 3231 3424 et
3262 3371 3552 3438 imposuis-

1975 3471 2092 3515 sent
2124 3462 2324 3531 plagas,
2371 3463 2645 3530 trinmpho
2681 3462 3113 3530 circumegerunt
3149 3476 3244 3529 per
3277 3462 3546 3515 civitatem

1978 3550 2213 3604 dicentes
2240 3571 2253 3605 :
2288 3552 2358 3604 Hi
2393 3551 2590 3607 Christi
2628 3554 2799 3608 hostes
2822 3565 2962 3620 siml,
2988 3563 3037 3607 et
3077 3552 3499 3609 Christianorum
3527 3566 3549 3606 :

1979 3636 2361 3705 impositosque
2388 3640 2439 3692 iu
2470 3641 2773 3695 vehiculum
2800 3644 2903 3711 (ιι),
2939 3645 3261 3712 expulerunt
3300 3658 3419 3695 cum
3464 3642 3548 3695 di-

1976 3723 2194 3793 scipulis
2223 3724 2275 3776 in
2319 3738 2446 3778 suas
2475 3729 2709 3793 ipsorum
2743 3732 3067 3797 provincias.
3130 3732 3428 3799 Imperator
3455 3745 3551 3783 au-

1979 3825 2083 3870 tein
2114 3813 2455 3869 Theodosius
2511 3829 2725 3868 servum
2785 3819 2874 3870 Dei
2903 3819 3335 3887 Amphilochium
3404 3820 3546 3873 mul-

1979 3908 2047 3962 tis
2076 3909 2320 3974 pecuniis
2345 3907 2598 3961 donatum
2634 3905 2683 3957 in
2714 3907 2981 3974 prolu‘iatn
3007 3909 3207 3964 dimisit
3232 3910 3542 3966 civitatem:

1976 4002 2400 4056 benedictionem
2439 4017 2561 4056 cum
2612 4008 2722 4055 toto
2761 4006 2952 4055 senatu
2982 4004 3047 4056 ab
3088 4019 3149 4058 eo
3206 4017 3543 4061 consecutus.

1978 4090 2244 4144 Similiter
2269 4092 2433 4144 etiam
2476 4089 2712 4159 cpiscOpi
2738 4104 2929 4143 omnes
2963 4092 3160 4145 reversi
3189 4105 3311 4147 sunt
3342 4096 3390 4147 in
3421 4112 3549 4149 suns

1976 4180 2239 4235 civitates.
2267 4181 2401 4235 Cum
2432 4192 2607 4235 autem
2635 4181 3063 4252 Amphilochius,
3099 4192 3208 4238 tres
3249 4186 3314 4237 ab
3358 4186 3550 4239 itinere

1977 4288 2146 4326 arruns
2173 4272 2242 4342 (c)
2277 4274 2327 4325 iu
2372 4273 2505 4326 vivis
2550 4274 2767 4342 egisset,
2797 4284 2962 4329 estet
3018 4275 3129 4343 ipse
3181 4276 3550 4343 peregrinatus

1983 4365 2048 4416 ad
2087 4363 2371 4417 Dominum
2403 4380 2419 4416 :
2452 4363 2758 4433 gloriﬁcaus
2788 4365 3000 4418 Patrem
3037 4377 3089 4419 et
3116 4366 3306 4420 Filium
3348 4377 3399 4419 et
3430 4365 3551 4434 Spi-
3622 4379 3633 4388 '

1985 4453 2149 4507 ritum
2171 4466 2437 4519 sanetum,
2469 4470 2612 4509 nunc
2641 4466 2696 4510 et
2721 4471 2957 4524 semper,
2983 4466 3036 4511 ct
3068 4458 3118 4510 in
3148 4457 3339 4511 saecula
3368 4471 3542 4510 sarcu-

298 4545 584 4601 ὲπίσκοποι
620 4547 861 4616 ἀπῆλθον
888 4548 967 4609 εἰς
992 4546 1090 4608 τὰς
1112 4547 1291 4610 πόλεις
1316 4546 1512 4599 αὐτῶν.
1556 4547 1614 4599 '0
1639 4546 1696 4598 δὲ
1742 4547 1870 4616 ’Λμ-

1985 4546 2176 4600 lorum.
2199 4546 2391 4600 Amen.

299 4639 568 4707 φιλὸχιος,
619 4638 759 4707 μετὰ
803 4638 865 4691 τὸ
910 4640 1177 4693 ἀπολῦσαι
1207 4641 1314 4692 ἀπὸ
1342 4639 1443 4708 τῆς
1485 4636 1637 4706 ὁδοῦ,
1684 4636 1878 4709 ἔζησεν
1916 4639 2011 4709 ἐτη
2039 4645 2111 4707 γ’,
2164 4639 2259 4691 καὶ
2312 4637 2454 4691 οὕτω
2499 4639 2635 4709 προς
2683 4639 2887 4711 Κύριον
2921 4643 3264 4711 ἐπεδήμησε·
3310 4639 3549 4704 δοξάζων

298 4729 379 4783 τὸν
422 4730 651 4801 Πατέρα
697 4733 791 4784 καὶ
831 4733 957 4786 Υἱὸν
1001 4733 1096 4786 καὶ
1140 4733 1294 4801 ἆγιον
1343 4732 1596 4803 Πνεῦμα,
1642 4732 1737 4785 νῦν
1784 4731 1876 4784 καὶ
1899 4733 2004 4799 ἀεὶ,
2035 4731 2131 4785 καὶ
2162 4734 2241 4796 εἰς
2274 4732 2398 4795 τοὺς
2430 4731 2632 4795 αἰῶνας
2664 4732 2772 4785 τῶν
2798 4732 3026 4790 αἰώνων.
3076 4735 3262 4804 Ἀμήν.

363 4888 433 4957 (a)
471 4893 653 4945 Senex
694 4890 1139 4956 impudentissime
1188 4899 1234 4944 et
1280 4889 1441 4944 ranis.
1472 4884 1864 4943 ’Ἀναιδέστατε

303 4959 462 5028 γέρων
500 4962 602 5014 καὶ
641 4959 805 5013 κύων.
858 4961 1141 5014 Ρτυειιοῐιιε
1175 4976 1334 5027 quam
1384 4975 1479 5026 pro
1523 4961 1867 5028 imperatoris

307 5034 687 5094 urunteratioue,
722 5042 771 5082 et
806 5032 1107 5083 reverentia
1144 5031 1276 5083 tanti
1321 5030 1486 5083 senis.
1518 5031 1667 5082 Adde
1701 5029 1867 5082 fuisse

304 5093 682 5163 Theodosium,
716 5115 1019 5166 quanquam
1061 5100 1232 5151 virum
1263 5100 1655 5160 admirabilem,
1693 5115 1868 5166 prom-

306 5166 481 5229 ptioris
512 5170 629 5230 ira‘,
661 5171 803 5236 quod
827 5181 1022 5235 praeter
1051 5170 1250 5223 cmdetn
1276 5167 1863 5232 'l'ht-SSnquicensium,

305 5247 450 5309 etiam
491 5240 696 5291 indicta
739 5239 805 5290 ab
851 5239 1136 5292 Ambrosio
1184 5238 1326 5291 illius
1364 5241 1647 5292 Ot'CdSiOtte
1681 5252 1862 5305 ptena,

307 5308 482 5378 unum.
520 5309 861 5360 Suzomeuus
893 5309 968 5360 ait
1002 5316 1211 5362 tantum
1252 5309 1462 5378 jussum
1505 5309 1653 5362 feras
1679 5315 1866 5362 extur-

306 5368 408 5423 bari
443 5395 505 5426 t'll
518 5395 566 5425 ιιι
596 5377 943 5428 contumelia.

311 5506 322 5517 υ
369 5442 445 5517 (ὁ),
466 5444 855 5517 Impositosque
882 5447 934 5496 in
964 5446 1273 5499 vehiculum.
1318 5447 1637 5510 Ἐπιϐάντες
1664 5446 1744 5509 εἰς
1766 5445 1864 5516 τὴν

306 5511 636 5586 ἐκταλωφον.
688 5514 1121 5586 Nurrlralntimus
1154 5534 1262 5586 quo
1292 5533 1409 5570 eam
1455 5534 1637 5572 vocem
1674 5511 1865 5570 melius

308 5581 643 5645 redderetuus
682 5599 696 5638 :
732 5582 843 5636 ἀπὸ
866 5584 958 5636 τοῦ
986 5581 1205 5656 λωξςᾷεί·
1250 5586 1419 5642 Onere
1439 5590 1596 5643 levor.
1627 5586 1763 5642 Num
1793 5586 1865 5641 sit

1974 4888 2165 4942 vitiosa
2220 4888 2461 4954 scriptio,
2513 4890 2754 4945 divinare
2804 4905 2907 4943 non
2968 4904 3268 4957 possumus.
3330 4889 3539 4944 Dicitur

1975 4957 2142 5009 linum
2167 4958 2467 5027 ἑπτάλοορος
2492 4962 2628 5027 apud
2645 4960 2994 5013 Plutarchqu
3025 4960 3075 5010 in
3112 4959 3292 5012 l’robl.
3326 4975 3545 5026 propu-r

1978 5037 2181 5099 septem
2217 5029 2416 5099 colles;
2452 5035 2544 5083 sed
2578 5031 2709 5083 nihil
2738 5034 2801 5083 ad
2836 5029 3190 5097 propositum.
3217 5061 3286 5069 —
3314 5030 3406 5090 Ei;
3443 5028 3542 5099 τὴν

1974 5096 2447 5167 ἐπτάλωερονζηὶο
2484 5100 2632 5153 locus
2669 5096 2927 5167 (laugium
2981 5099 3117 5149 haud
3164 5100 3292 5165 fugit
3342 5099 3391 5148 in
3440 5096 3547 5164 Ap-

1976 5167 2133 5245 peiud.
2194 5164 2260 5248 an
2305 5164 2630 5248 Glossarium
2667 5164 3047 5248 (ἱνιυὶδίιηνιιῇ.
3089 5168 3177 5247 ῖὸ,
3212 5164 3424 5248 litusque
3464 5183 3547 5218 re-

1977 5237 2141 5288 tnittit
2173 5237 2240 5288 ad
2272 5252 2422 5289 suam
2453 5237 3177 5305 ConstantinopolimChrist.
3210 5237 3306 5288 lib.
3346 5250 3387 5298 ι,
3409 5248 3543 5288 sect.

1977 5319 2094 5369 τω,
2128 5308 2335 5359 tametsi
2363 5308 2497 5359 nihil
2530 5310 2594 5361 ad
2628 5310 2768 5361 hunc
2800 5309 2976 5359 locum
3009 5307 3189 5359 faciat.

2048 5376 2117 5442 (ε)
2147 5374 2270 5427 'I'res
2324 5377 2387 5427 ab
2422 5378 2604 5429 itinere
2652 5394 2843 5429 armos.
2885 5374 3075 5428 Plures
3106 5388 3274 5427 annos
3320 5373 3539 5435 vixisse.

1976 5444 2132 5499 docet
2163 5444 2423 5498 Baronius
2461 5460 2587 5498 ann.
2634 5446 2758 5506 59.5,
2792 5448 2882 5514 qui
2931 5454 3103 5511 potest
3130 5442 3372 5507 consuli;
3409 5455 3461 5494 ut
3490 5454 3543 5514 et

1977 5530 2096 5581 quat:
2130 5516 2363 5569 diximus
2410 5515 2587 5569 initio.
2617 5515 2757 5568 Nihil
2806 5510 3016 5571 facilius
3047 5528 3205 5583 quam
3243 5521 3298 5568 ut
3327 5510 3543 5567 numeri

1974 5593 2245 5640 mutentur
2280 5585 2409 5641 vitio
2447 5586 2797 5656 scriptorum.
