4048 6486
451 404 518 473 27
1718 417 2056 476 VETERUM
2093 422 2512 482 TESTlMONiA
3633 427 3705 483 εδ

1471 743 1962 822 VETERUM
2018 744 2666 824 TESTIMONIA

1341 965 1430 1020 DE
1470 968 1529 1023 S.
1569 967 2038 1026 AMPHILOCHIO
2077 968 2418 1027 ICOMENSI
2456 969 2802 1026 EPISCOPO.

2041 1256 2092 1317 Ι.

725 1349 782 1405 S.
815 1350 1080 1418 BASILIUS,
1111 1353 1202 1410 lib.
1233 1352 1310 1410 De
1335 1353 1536 1425 Spiritu
1564 1365 1772 1422 sancto,
1796 1375 1913 1429 cap.
1939 1360 1991 1426 1,
2027 1377 2149 1430 pag.
2182 1362 2234 1425 1,
2259 1372 2385 1416 tam.
2418 1362 2488 1415 Ill
2513 1363 2704 1418 novin.
2733 1362 2858 1417 edit.
2892 1359 3005 1416 BB.
3039 1360 3217 1418 Paris.
3256 1361 3412 1418 i730.

518 1463 830 1520 Collaudavi
863 1465 1021 1534 plane
1067 1465 1119 1519 in
1153 1466 1391 1520 moribus
1445 1466 1551 1520 tuis
1604 1466 1843 1523 discendi
1896 1477 2090 1534 ειυς-Ἀ

2200 1470 2472 1542 Ἐπῄνεσα
2509 1475 2572 1526 τὸ
2627 1471 2925 1543 φιλομαθές
2978 1490 3071 1527 σου
3129 1473 3222 1528 καὶ
3271 1475 3556 1544 φιλόπονον
3601 1478 3696 1531 τοῦ

446 1555 591 1609 dium
632 1563 792 1624 atque
823 1556 1178 1621 industriam;
1222 1570 1491 1626 supraque
1530 1559 1748 1613 motium
1783 1560 2018 1615 delecta-

2117 1562 2342 1634 τρόπου,
2379 1565 2472 1618 καὶ
2501 1565 2674 1636 ἥσθην
2709 1583 2773 1634 γε
2809 1565 3102 1637 ὑπερφυῶς
3131 1565 3209 1636 τῷ
3242 1567 3574 1638 ὲπιστατικῷ
3606 1568 3699 1622 καὶ

449 1657 532 1700 tus
554 1661 670 1701 sum
697 1656 796 1701 tuna
828 1649 1024 1703 mentis
1057 1648 1472 1718 perspicacitate
1505 1658 1668 1720 atque
1691 1652 1973 1721 prudentia
1999 1691 2013 1718 ,

2121 1655 2365 1726 νηφαλίῳ
2393 1655 2494 1726 τῆς
2521 1655 2790 1722 διανοίας,
2821 1655 2886 1709 δι’
2929 1651 2997 1727 ἦς
3027 1657 3283 1727 οὐδεμίαν
3320 1657 3699 1728 ἀδιερεύνητον

445 1737 534 1804 qui
566 1737 847 1791 arbitreris
876 1738 1072 1791 nullam
1106 1751 1321 1805 vocem,
1359 1753 1426 1794 ex
1462 1740 1546 1794 his
1575 1755 1695 1809 quae
1725 1743 2015 1796 secundum

2120 1747 2223 1800 οῐει
2273 1748 2470 1820 χρῆναι
2524 1748 2958 1819 καταλιμπάνειν
3007 1750 3224 1820 φωνὴν,
3265 1748 3374 1802 τῶν
3409 1751 3530 1802 ὅσαι
3569 1750 3698 1821 περὶ

447 1839 820 1896 quemcunque
858 1828 1127 1881 sermonis
1161 1843 1316 1882 usum
1357 1830 1424 1883 de
1478 1829 1590 1884 Deo
1636 1832 2016 1899 praedicantur,

2122 1840 2258 1894 Θεοῦ
2296 1841 2436 1894 κατὰ
2467 1842 2647 1893 πᾶσαν
2678 1839 2870 1911 χρείαν
2902 1839 2996 1892 τοῦ
3038 1840 3197 1908 λόγου
3233 1841 3624 1912 προφέρονται,
3653 1837 3699 1894 ὧ

445 1926 695 1981 oportere
737 1917 1090 1972 indiseussam
1145 1919 1483 1989 relinquere,
1535 1935 1568 1975 o
1617 1923 1838 1976 charum
1887 1924 2017 1978 mihi

2123 1925 2249 1997 φίλη
2280 1926 2513 1998 κεφαλὴ,
2541 1929 2634 1981 καὶ
2657 1927 2957 1998 τιμιωτάτη
2987 1945 3078 1999 μοι
3108 1927 3321 1995 πασῶν,
3346 1929 3538 2000 ἀδελφέ
3571 1929 3699 2000 Ἀμ-

445 2015 634 2073 caput,
677 2007 841 2062 frater
891 2009 1270 2080 Amphilochi,
1305 2026 1464 2080 quem
1507 2026 1606 2082 ego
1658 2027 1768 2082 pra:
1809 2016 2017 2070 cunctis
2125 2017 2355 2090 φιλόχιε.

445 2098 663 2152 maximi
697 2100 855 2154 facio.

1197 2218 1349 2286 locu,
1380 2220 1549 2288 Epist.
1574 2237 1870 2288 cuuvnt,
1897 2238 2014 2291 qua:
2042 2231 2117 2276 est
2145 2220 2417 2275 Canonica
2447 2217 2489 2286 1,
2515 2220 2666 2284 ibid.,
2693 2237 2812 2290 pag.
2846 2220 2972 2276 268.

518 2309 795 2376 Sapientis
829 2315 1162 2378 percontatio
1188 2355 1202 2378 ,
1242 2315 1402 2367 etiam
1447 2315 1670 2368 stultum
1717 2317 2014 2383 sapientem

2203 2315 2379 2381 Σοφοῦ
2409 2312 2760 2383 ἐπερώτημα,
2794 2316 2888 2367 καὶ
2915 2315 3006 2368 τὸν
3039 2313 3263 2385 ἀνόητον
3291 2313 3533 2382 σοφίζει·
3563 2315 3699 2383 ὅπερ

447 2400 574 2453 facit
605 2422 616 2456 :
648 2404 788 2469 quod
823 2403 976 2466 nobis
1025 2404 1117 2457 Dei
1148 2403 1320 2473 gratia
1360 2405 1553 2458 accidit
1580 2445 1596 2470 ,
1623 2405 1833 2472 quoties
1872 2405 2019 2459 labo-

2119 2403 2187 2470 τῇ
2224 2399 2317 2453 τοῦ
2365 2399 2500 2452 Θεοῦ
2535 2401 2718 2470 χάριτι
2756 2401 3038 2471 συμϐαίνει
3081 2405 3244 2474 ἡμῖν,
3273 2404 3463 2466 ὁσάκις
3501 2401 3566 2455 ἄν
3603 2417 3698 2456 σου

449 2493 603 2545 riosae
647 2501 749 2544 tuae
802 2493 994 2547 anima:
1040 2494 1247 2548 litteras
1297 2494 1611 2562 accipimus.
1647 2493 1814 2549 Nobis
1869 2496 2013 2549 enim

2120 2489 2403 2562 δεξώμεθα
2441 2490 2543 2560 τῆς
2571 2490 2860 2560 φιλοπόνου
2889 2492 3068 2562 ψυχῆς
3095 2493 3163 2544 τὰ
3195 2495 3502 2563 γράμματα
3526 2510 3538 2522 ·
3577 2494 3700 2544 ὲπι-

447 2581 577 2646 ipsis
608 2581 1026 2650 perspicaciores
1076 2583 1557 2652 prudetttioresque
1599 2585 1667 2638 ab
1698 2585 1809 2655 ipsa
1846 2586 2020 2641 inter-

2126 2582 2511 2654 στατικώτεροι
2541 2583 2650 2655 γὰρ
2694 2582 2903 2635 ἑαυτῶν
2951 2583 3043 2635 καὶ
3102 2585 3524 2654 ἐμφρονέστεροι
3555 2583 3703 2652 γινό-

449 2673 1070 2741 rogatione-reddimur;
1119 2689 1183 2728 ac
1230 2674 1394 2728 multa
1442 2675 1701 2731 discimus
1725 2717 1739 2742 ,
1770 2692 1891 2746 qua:
1922 2693 2018 2730 nc-

2129 2673 2268 2745 μεθα
2308 2674 2402 2727 ἀπ’
2433 2673 2604 2743 αὐτῆς
2633 2673 2734 2742 τῆς
2779 2673 3119 2744 ἐρωτήσεως,
3155 2671 3326 2725 πολλὰ
3353 2667 3427 2726 ὧν
3454 2673 3553 2727 οὐκ
3585 2675 3705 2728 ἐπι-

448 2763 780 2832 Stzicbatttus;
809 2763 973 2835 fitque
1005 2765 1156 2822 nobis
1193 2765 1462 2833 doctrina,
1503 2767 1868 2837 responsionis
1903 2777 2020 2822 stu-

2133 2764 2383 2837 στάμεθα
2404 2806 2418 2831 ,
2449 2763 2861 2834 διδασκόμενοι·
2902 2764 2998 2817 καὶ
3023 2763 3232 2832 γίνεται
3259 2765 3292 2835 ὴ
3302 2763 3418 2834 μῶν
3454 2763 3707 2818 διδάσκα·

450 2854 617 2907 ditttn.
2129 2858 2239 2922 λος,
2269 2858 2302 2929 ἡ
2332 2856 2458 2928 περὶ
2486 2856 2548 2909 τὸ
2576 2854 2966 2927 ἀποκρίνεσθαι
2995 2854 3252 2927 μέριμνα.

1239 2966 1391 3032 locu,
1423 2965 1591 3036 Epist.
1616 2984 1796 3034 exetx,
1823 2985 1940 3040 qua!
1967 2978 2040 3024 est
2069 2968 2336 3024 Canonica
2363 2967 2431 3032 ll,
2455 2967 2607 3033 ibid.,
2636 2984 2758 3037 pag.
2792 2967 2917 3023 290.

519 3059 782 3114 Admirati
825 3074 1035 3124 sumus,
1085 3071 1197 3116 tum
1234 3063 1474 3118 discendi
1539 3074 1683 3118 tuam
1736 3064 1882 3118 illam
1940 3082 2030 3120 cu-
2062 3074 2103 3128 Β

2223 3063 2647 3135 Ἐθαυμὰσαμὲν
2679 3081 2772 3116 σου
2799 3063 2897 3134 τὴν
2931 3061 3286 3133 φιλομάθειαν
3317 3061 3450 3133 ὁμοῦ
3478 3061 3573 3115 καὶ
3608 3062 3709 3132 τὴν

449 3151 760 3220 piditatem,
793 3160 906 3206 tum
963 3154 1352 3221 humilitatem;
1407 3156 1548 3222 quod
1592 3156 1724 3210 velis
1769 3157 2017 3223 discere,

2129 3153 2635 3226 ταπεινοφροσύνην
2658 3171 2672 3184 ·
2703 3155 2784 3207 ὃτι
2818 3155 2909 3208 καὶ
2944 3153 3132 3224 μαθεῖν
3173 3151 3444 3223 καταδέχῃ
3487 3151 3586 3222 τὴν
3614 3150 3707 3203 τοῦ

451 3242 536 3296 cui
572 3243 642 3296 sit
672 3243 1077 3301 credituslocus
1125 3247 1382 3313 docendi;
1424 3247 1583 3317 idque
1612 3261 1642 3300 a
1683 3247 1870 3314 nobis,
1899 3250 2020 3318 qui-

2124 3246 2396 3299 διδὰσκειν
2431 3245 2584 3312 τάξιν
2613 3244 3075 3313 πεπιστευμένος,
3109 3245 3203 3296 καὶ
3248 3243 3541 3314 μανθάνειν
3576 3243 3707 3314 παρ’

454 3331 552 3386 bus
583 3331 714 3386 nihil
748 3334 920 3403 magni
955 3335 1020 3388 ad
1047 3334 1326 3390 scientiam
1351 3338 1526 3391 adest.

2123 3337 2302 3407 ἡμῶν,
2333 3331 2416 3401 οἷς
2449 3337 2600 3391 οὐδὲν
2637 3339 2779 3409 μέγα
2811 3337 3068 3407 πρόσεστι
3100 3335 3237 3406 πρὸς
3265 3334 3494 3403 γνῶσιν.

377 3418 383 3421 ’
455 3442 464 3450 ·
2028 3451 2121 3513 Π.

455 3543 512 3597 S.
551 3541 858 3600 GREGOMUS
881 3543 1268 3614 NAZIANZENUS,
1303 3547 1355 3600 in
1383 3545 1714 3605 Partenetico
1749 3551 1813 3602 ad
1841 3549 2208 3621 Olympiadem
2243 3551 2528 3623 virginem,
2549 3567 2688 3607 vers.
2719 3550 2978 3615 100-104,
3014 3549 3152 3618 Opp.
3180 3557 3308 3603 tant.
3338 3547 3401 3610 ll,
3428 3563 3549 3616 pag.
3582 3543 3708 3600 ἰδέ.

453 3639 499 3712 it
533 3647 685 3712 patre
717 3646 1017 3712 susceptam
1051 3656 1167 3712 qua:
1194 3648 1246 3694 te
1275 3640 1528 3712 formavit
1557 3640 1798 3712 honestis
1841 3710 1851 3712 _

2134 3643 2209 3712 ’Ἡ
2241 3644 2289 3693 σ’
2317 3645 2383 3694 ὲκ
2415 3642 2622 3712 πατρὸς
2662 3633 2844 3712 ἔδεκτο
2863 3681 2878 3712 ,
2916 3640 3011 3692 καὶ
3040 3639 3459 3712 ἐπλασενῌήθεσι
3482 3635 3705 3700 κεδνοῖς,

453 3706 710 3781 Moribus,
738 3709 1088 3781 ⁸ᾼιιιιχιιῇιοριιί
1122 3725 1290 3781 soror
1320 3711 1464 3781 omni
1503 3710 1883 3781 labe#carentis
1903 3748 1918 3774 ,

1773 3710 1883 3765 :ntis
1903 3748 1918 3774 ,
2131 3706 2579 3781 ᾼύτοκασιγνήτη
2621 3711 2740 3781 μέγ’
2769 3710 3048 3781 ἀμύμονος
3080 3706 3371 3781 ἀρχιερῆος

453 3726 710 3772 mortuus,
752 3726 1088 3776 ﬂlllpllllOClll
1134 3726 1290 3763 soror
1320 3726 1464 3762 Ollllll
1503 3726 1618 3762 tabe
1650 3726 1918 3774 carentis,

452 3780 622 3858 (niuem
651 3777 800 3832 caalis
828 3778 945 3858 misi
983 3777 1207 3858 QO_IIlill0
1234 3795 1355 3858 cunt
1378 3780 1590 3858 yirg-ine
1611 3779 1806 3858 Thecla
1832 3817 1848 3840 ,

2131 3726 2599 3833 ΑυτοκασιγνητἜ
2621 3726 2740 3781 μεγ·
2769 3726 3048 3790 αμυμονος
3080 3726 3372 3831 Ἑρχιερηος
3452 3777 3464 3794 ‘
3653 3774 3684 3788 _

2133 3779 2495 3858 ςᾼμφιλόχου,
2539 3798 2568 3832 τ
2602 3799 2629 3858 ν
2661 3781 2882 3858 ἔπεμψα
2903 3780 3108 3858 ,Θεῳζμ
3143 3779 3272 3858 έκλῃ
3311 3794 3376 3858 γε
3416 3793 3512 3830 συν
3549 3776 3719 3845 ἀγνῃ,

458 3845 758 3902 Ιί·.ι;εοιιυιιι
794 3849 903 3902 veri
938 3848 1228 3916 celebrent,
1259 3849 1390 3902 mihi
1417 3845 1572 3904 dulce
1602 3853 1890 3915 decusque.

1781 3862 1890 3915 lue.
2133 3845 2410 3918 Ἄγγελον
2438 3850 2696 3922 ἁτρεκίης
2727 3845 2978 3921 ἐριήχέα,
3009 3845 3169 3913 κῦδος
3207 3845 3379 3918 ἐμεῖο.

1933 3948 1937 3952 ’
2037 3942 2147 4003 ΙΙΙ.

551 4041 610 4097 S.
643 4040 1007 4110 “IERONYMUS,
1037 4045 1204 4115 Epist.
1234 4059 1360 4110 Lxx,
1391 4042 1464 4097 al.
1487 4057 1710 4108 Lxxxtv,
1737 4043 1806 4096 ad
1837 4041 2092 4113 Magnum
2120 4056 2404 4114 oratorem,
2439 4047 2466 4121 §
2494 4049 2547 4117 4,
2571 4047 2706 4119 Opp.
2741 4058 2867 4102 tam.
2897 4048 2938 4113 l,
2962 4062 3083 4117 pag.
3112 4043 3239 4110 427,
3270 4043 3399 4098 edit.
3425 4038 3617 4094 Veron.

526 4156 754 4213 Exstant
782 4159 946 4214 libri:
987 4159 1468 4230 Cappadocumque
1517 4157 1737 4223 Basilii,
1764 4158 2008 4227 Gregorii
2039 4168 2094 4215 et
2131 4162 2628 4233 Amphilochii,qui
2675 4177 2864 4218 omnes
2903 4163 2959 4216 in
3000 4167 3208 4216 tantum
3257 4156 3716 4228 philosophorum.

457 4250 712 4306 doctrinis
757 4260 919 4323 atque
951 4251 1233 4307 sententiis
1296 4266 1422 4306 suos
1451 4249 1742 4305 refarcitmt
1774 4253 1974 4319 libros,
2007 4263 2063 4308 ut
2103 4257 2312 4310 nescias
2359 4257 2485 4326 quid
2522 4257 2572 4311 itt
2611 4257 2714 4314 illis
2764 4259 2993 4326 primum
3031 4253 3288 4310 admirari
3334 4252 3552 4315 debeas,
3583 4265 3707 4304 eru-

457 4348 710 4402 ditionem
736 4349 939 4414 saeculi,
971 4363 1038 4402 an
1078 4346 1360 4402 scientiam
1394 4345 1816 4416 Scripturarttm.

1481 4461 1631 4527 lactt,
1666 4461 1756 4514 lib.
1786 4460 1859 4513 De
1891 4460 2006 4514 Vir.
2048 4462 2266 4526 illustr.,
2301 4477 2417 4528 cap.
2448 4475 2676 4516 cxxxttt.

528 4554 936 4625 Amphilochius
1004 4551 1167 4608 Iconii
1226 4554 1545 4624 episcopus,
1598 4569 1766 4624 nuper
1824 4555 1952 4609 mihi
2007 4555 2198 4609 librum
2259 4553 2388 4624 legit
2425 4552 2502 4607 De
2548 4551 2747 4622 Spiritu
2818 4563 3020 4619 sancto,
3081 4553 3224 4623 quod
3276 4551 3416 4607 Deus
3463 4558 3516 4606 et
3568 4543 3704 4619 quo-.1

458 4650 789 4715 adorandus,
817 4650 1065 4720 quodque
1096 4659 1151 4703 et
1182 4650 1520 4720 omnipotens
1549 4651 1638 4705 sit.

2044 4766 2146 4826 IV.

1469 4868 1865 4936 TllEODORlTUS,
1900 4866 2033 4923 llist.
2066 4867 2227 4931 eccl.,
2254 4867 2345 4921 lib.
2371 4881 2445 4932 tv,
2471 4882 2587 4930 cap.
2621 4864 2711 4919 11.

531 4959 704 5016 Simili
734 4960 890 5014 modo
920 4959 1329 5029 Amphilochius
1356 4959 1444 5014 ille
1472 4959 1855 5016 celeberrimus
1877 4999 1894 5026 ,
1934 4958 2024 5026 qui
2054 4964 2096 5020 ο

2212 4955 2488 5018 Ὡσαύτως
2524 4955 2581 5008 δὲ
2616 4955 2710 5007 καὶ
2743 4952 2772 5008 ὁ
2811 4950 3166 5023 πανεύφημος
3205 4951 3574 5022 Ἀμφιλόχιος,
3617 4947 3731 5019 τὴνσ

462 5050 804 5121 metropolim
841 5051 1121 5121 Lycaoniae
1152 5050 1408 5121 pastorali
1441 5066 1569 5105 cura
1596 5051 1882 5120 regendam
1908 5062 2034 5102 sus-

2145 5047 2438 5102 Λυκαόνων
2493 5045 2825 5118 μητρόπολιν
2871 5044 3055 5115 νέμειν
3108 5042 3568 5111 πεπιστευμένος,
3625 5041 3718 5095 καὶ

461 5154 713 5212 ceperat,
739 5152 792 5198 et
818 5144 1122 5198 universam
1151 5143 1478 5211 provinciam
1508 5141 1842 5210 gubernabat
1871 5181 1887 5205 ,
1913 5155 2032 5194 cum

2142 5138 2290 5192 ἅπαν
2320 5136 2513 5189 ἰθύνων
2542 5135 2604 5188 τὸ
2651 5134 2823 5199 ἔθνος,
2861 5133 3242 5204 ἐπισκήψασαν
3270 5131 3462 5182 αὐτόσε
3494 5128 3592 5200 τὴν
3627 5128 3715 5181 λύε

462 5234 603 5288 boue
635 5245 841 5301 pestem
880 5235 1003 5287 illuc
1026 5233 1326 5302 pervasisse
1360 5233 1654 5297 didicisset,
1692 5247 1880 5286 rursus
1916 5246 2034 5286 eam

2148 5247 2256 5300 μην
2298 5229 2502 5299 ταύτην
2547 5227 2765 5298 μαθὼν,
2797 5225 3122 5294 ἐξανέστησε
3170 5223 3331 5288 πάλιν
3353 5265 3366 5285 ,
3396 5223 3490 5277 καὶ
3527 5222 3595 5276 τὰ
3627 5222 3717 5274 ὑπ’

463 5328 699 5396 depulit,
741 5338 794 5385 et
824 5341 1036 5399 gregem
1071 5327 1173 5382 sibi
1200 5325 1545 5382 commissum
1579 5339 1643 5380 ea
1682 5325 1802 5380 labe
1841 5324 2037 5379 libera-

2143 5321 2307 5377 αὐτοῦ
2346 5321 2619 5392 νεμόμενα
2647 5320 2744 5390 τῆς
2779 5317 2959 5386 λώϐης
2984 5315 3198 5386 ἐκείνης
3228 5313 3570 5386 ἠλευθέρωσε
3599 5310 3721 5366 ποί·-

465 5419 562 5473 νίι.
1961 5434 1966 5438 ·

1961 5434 1966 5438 ·
2139 5430 2287 5484 μνια.

1834 5525 1990 5594 [nt-:31,
2014 5523 2168 5590 ibid.,
2199 5540 2312 5588 cap.
2341 5523 2427 5577 50.

543 5621 601 5675 1η
638 5620 834 5676 Pisidia
856 5622 1124 5692 Optimus,
1156 5631 1210 5678 et
1233 5619 1636 5690 Amphilochius
1663 5618 1714 5673 in
1743 5617 2036 5689 Lycaonia,

2227 5615 2316 5666 'Ev
2373 5611 2589 5683 Πισιδίᾳ
2643 5611 2933 5678 Ὄπτιμος,
2977 5607 3072 5661 καὶ
3127 5605 3469 5678 Ἀμφιλόχιος
3512 5602 3569 5654 ἐν
3615 5599 3722 5692 Λυ-

469 5730 568 5788 pro
603 5715 706 5767 fide
740 5729 768 5767 a
805 5690 1098 5782 majoribus
1131 5715 1322 5769 tradita
1355 5714 1569 5767 fortiter
1611 5720 2033 5784 propugnantes,

2153 5705 2346 5776 καονίᾳ
2367 5746 2380 5770 ,
2414 5703 2674 5772 γενναίως
2708 5702 2846 5772 ὑπὲρ
2880 5700 2979 5770 τῆς
3011 5697 3339 5771 προγονικῆς
3380 5690 3721 5764 παραταττό-

2378 5794 2387 5798 -
2657 5791 2667 5798 .
2742 5792 2755 5798 -
2907 5789 2918 5798 .
3022 5789 3033 5798 .
3236 5785 3247 5798 .
3541 5781 3569 5798 ι.
3602 5780 3620 5798 ς
3646 5779 3693 5798 ,η

474 5804 908 5862 adversariorum
938 5805 1166 5874 impetus
1198 5802 1569 5860 rctuttdcbant.

2149 5812 2300 5867 μενοι
2328 5794 2583 5859 πίστεως,
2613 5791 2710 5856 τὰς
2739 5789 2986 5852 ἐναντίας
3012 5785 3375 5857 ἀπεκρούοντο
3399 5779 3720 5853 προσΰολάς.
