4118 6444
380 476 459 535 99
1184 484 1189 487 -
1700 474 1787 528 es
1822 475 1883 532 s.
1928 468 2415 531 AHPHILOCHIO.
3567 480 3640 545 50

1700 514 1787 528 ν..
1823 514 1883 532 υ.
1928 514 2050 528 η-..
2074 514 2415 531 "meum...
3567 514 3603 543 ο

1658 585 1807 653 Ιυειι,
1834 587 1987 653 ibid.,
2008 585 2100 641 lib.
2131 602 2187 653 ν,
2222 599 2343 655 cap.
2373 588 2428 646 8.

458 700 646 758 ἾΙσαν
672 702 730 757 δὲ
757 702 950 774 ἄνδρες
974 702 1312 771 ἀξιάγαστοι,
1348 704 1442 758 καὶ
1467 703 1630 774 ζήλου
1659 704 1756 758 καὶ
1783 705 1973 774 σοφίας
2002 708 2049 765 Α

2009 708 2049 765 Α
2152 702 2325 759 Erant
2351 713 2533 759 autem
2565 700 2666 759 viri
2699 703 3046 761 admirabiles
3073 744 3090 773 ,
3121 713 3175 762 et
3215 707 3333 763 zelo
3370 707 3549 764 divino
3576 727 3635 769 ac

388 796 684 853 ἀνάπλεον
726 793 1073 864 ’Δμφιλόχιος
1103 792 1416 860 Λυκαόνων,
1449 810 1505 848 κ.
1545 810 1596 846 τ.
1642 793 1693 847 λ.

2079 794 2342 862 sapientia
2369 792 2626 863 singulari
2653 795 2860 865 praediti
2885 811 2902 850 :
2926 796 3332 865 Amphilochius
3354 796 3635 868 Lycaoniae

2076 885 2300 939 antistes
2333 896 2439 940 etc.

1704 966 1858 1031 ιοεν,
1884 967 2037 1034 ibid.,
2066 988 2182 1042 cap.
2206 973 2295 1029 16.

461 1065 623 1122 Μετᾶ
646 1065 702 1118 δὲ
728 1064 828 1135 τὴν
855 1061 1064 1117 ἐκεῖθεν
1085 1063 1361 1129 ἐπάνοδον,
1392 1061 1618 1131 ἀφίκετο
1649 1061 1749 1133 μὲν
1784 1061 1974 1132 Ἀμφι-

2144 1070 2271 1126 Post
2297 1071 2630 1142 (Theodosii)
2657 1073 2800 1127 illinc
2831 1072 3081 1138 reditum,
3105 1072 3513 1143 Amphilochius
3548 1071 3643 1128 ille

388 1158 575 1228 λόχιος
602 1159 632 1210 ὁ
665 1155 996 1226 θαυμάσιος,
1028 1148 1089 1209 οὗ
1126 1154 1387 1217 πολλάκις
1428 1153 1725 1225 ἐμνήσθην,
1760 1153 1974 1208 ἀντιϐο-

2074 1160 2404 1216 admirabilis
2435 1160 2587 1229 cujus
2613 1163 2806 1231 saepius
2833 1177 2864 1216 a
2891 1178 2978 1218 me
3002 1161 3113 1229 jam
3140 1164 3278 1217 facta
3305 1171 3386 1216 est
3411 1163 3636 1223 mentio,

388 1245 504 1297 λῶν
541 1244 667 1307 τοὺς
700 1243 809 1296 τῶν
853 1241 1148 1315 ’Δρειανῶν
1180 1244 1245 1296 ὲκ
1268 1242 1374 1297 τῶν
1416 1243 1625 1296 πόλεων
1653 1242 1976 1314 ἐξελαθῆναι

2077 1250 2311 1306 accessit
2339 1260 2592 1308 oraturus
2620 1252 3019 1321 imperatorem,
3053 1253 3128 1306 uti
3153 1268 3216 1307 ex
3247 1254 3467 1308 urbibus
3480 1252 3641 1305 Aria~

389 1334 713 1403 συλλόγους.
780 1334 839 1388 '0
876 1334 932 1387 δὲ
973 1334 1222 1403 βασιλεὺς
1271 1336 1648 1407 ἀπηνεστέραν
1690 1336 1976 1391 ὑπολαϐὼν

2075 1357 2264 1396 norum
2311 1353 2608 1399 conventus
2634 1342 2832 1411 eiiciat.
2858 1345 2928 1397 At
2972 1344 3285 1411 imperator.
3327 1343 3641 1412 postulatio-

384 1426 492 1497 τὴν
528 1426 780 1497 αἴτησιν,
814 1425 915 1480 οὐκ
953 1423 1189 1490 ἐδέξατο.
1234 1426 1291 1479 Ὀ
1322 1427 1380 1481 δὲ
1416 1425 1724 1495 σοφώτατος
1782 1429 1977 1500 Ἀμφι-

2124 1447 2198 1487 em
2234 1431 2378 1487 illam
2402 1432 2562 1487 nimis
2585 1448 2831 1488 severam
2858 1443 2912 1487 et
2936 1433 3283 1486 inhumanam
3308 1432 3600 1487 arbitratus
3621 1472 3638 1497 ,
3742 1472 3750 1482 .

386 1518 574 1587 λόχιος
600 1517 915 1590 παραυτίκα
950 1518 1198 1588 σιγήσας,
1232 1519 1451 1589 μνήμης
1476 1518 1630 1583 ἀξίαν
1656 1519 1842 1592 ἐξεῦρε
1872 1537 1978 1591 μη-

2077 1523 2272 1593 rejicit.
2333 1521 2775 1592 Sapientissimus
2811 1524 2976 1593 igitur
3022 1524 3432 1593 Amphilochius
3471 1538 3529 1578 re
3573 1524 3640 1577 ad

386 1613 587 1682 χανήν.
638 1609 784 1663 Εἴσω
824 1609 934 1680 γὰρ
977 1604 1134 1672 αὖθις
1177 1608 1285 1661 τῶν
1320 1608 1608 1680 βασιλείων
1661 1610 1973 1682 γενόμενος,

2079 1626 2288 1685 tempus
2314 1616 2478 1670 tacita
2501 1653 2516 1681 ,
2556 1615 2715 1669 aliam
2752 1616 3013 1671 rationem
3056 1617 3122 1670 ad
3172 1616 3223 1670 id
3256 1618 3397 1685 quod
3432 1616 3643 1670 volebat

388 1702 492 1754 καὶ
518 1699 849 1771 παρεστῶτα
868 1697 946 1770 τῷ
973 1698 1181 1768 βασιλεῖ
1202 1699 1295 1752 τὸν
1319 1700 1434 1753 υἱὸν
1474 1700 1755 1772 ’Λρκάδιον
1782 1701 1977 1757 θεασά-

2074 1707 2424 1763 obtinendum
2446 1745 2463 1772 ,
2495 1720 2722 1776 eamque
2755 1705 2912 1774 plane
2944 1707 3345 1760 memorabilem
3373 1705 3644 1773 excogita-

393 1810 561 1862 μενος
601 1790 813 1862 (νεωστὶ
836 1790 893 1844 δὲ
921 1782 1072 1856 οὗτος
1097 1792 1507 1864 κεχειροτόνητο
1543 1792 1840 1864 βασιλεὺς),
1874 1795 1973 1849 αὐ-

2073 1799 2174 1870 ,vit.
2208 1798 2487 1868 ingressus
2517 1798 2664 1852 enim
2696 1798 2872 1852 denuo
2905 1796 2957 1850 in
2996 1796 3273 1866 palatium,
3295 1812 3416 1850 cum
3441 1796 3646 1849 videret

388 1885 487 1937 τὸν
533 1885 631 1954 μὲν
663 1884 947 1953 ἠσπάσατο
978 1884 1223 1956 συνήθως
1262 1886 1352 1940 τὸν
1385 1886 1634 1956 βασιλέα,
1671 1887 1975 1958 ἀγέραστον

2077 1898 2363 1942 astantem
2420 1887 2734 1957 imperatori
2784 1886 2951 1941 lilium
2997 1901 3156 1941 suum
3195 1887 3523 1949 Arcadium,
3556 1886 3645 1954 qui

391 1980 454 2032 δὲ
488 1979 744 2033 κατέλιπε
768 1978 859 2055 τδν
886 1979 1019 2034 υἱόν.
1035 1979 1093 2033 '0
1118 1979 1175 2031 δὲ
1200 1978 1475 2047 βασιλεὺς,
1512 1978 1870 2049 ὲπιλησθῆναι
1895 1995 1980 2031 νο-

2082 1992 2249 2044 nuper
2289 1977 2563 2044 Augustus
2605 1977 2943 2031 renuntiatus
2975 1975 3176 2042 fuerat,
3210 1975 3382 2043 ipsum
3415 1977 3650 2042 impera-

393 2069 566 2138 μῐσας
580 2069 669 2122 τὸν
703 2067 1076 2136 ’Ᾱμφιλόχιον,
1104 2066 1426 2135 προσελθεῖν
1448 2066 1542 2117 κα)⁸
1566 2066 1790 2133 φιλῆσαι
1820 2083 1986 2135 προσ-

2086 2073 2256 2117 torem
2275 2063 2633 2119 Theodosium
2659 2064 2817 2119 solito
2840 2080 2987 2121 more
3001 2067 3254 2121 salutavit
3280 2066 3370 2119 ille
3396 2068 3633 2135 quidem,

390 2159 554 2225 ἔταξε
584 2159 676 2213 τὸν
705 2157 848 2210 υἱόν.
888 2155 951 2207 '0
974 2154 1031 2207 δὲ
1058 2152 1370 2224 ἀποχρῆναι
1399 2150 1501 2223 ἔφη
1534 2152 1635 2222 τὴν
1659 2152 1807 2223 αὐτῷ
1858 2153 1986 2224 παρ’

2089 2154 2181 2207 sed
2212 2152 2375 2204 ﬁlium
2408 2154 2523 2207 sine
2543 2156 2751 2208 honore
2775 2154 2995 2209 dimisit.
3021 2156 3314 2223 Imperator
3343 2167 3542 2221 autem,
3565 2170 3652 2207 ra-

386 2249 567 2305 αὐτοῦ
600 2246 1060 2320 προσενεχθεῖσαν
1100 2245 1286 2314 τιμήν.
1332 2243 1389 2297 ὐ
1420 2242 1475 2296 δὲ
1508 2241 1862 2314 δυσχεράνας,
1905 2245 1985 2297 οἱ·

2089 2252 2175 2298 tus
2204 2243 2636 2312 Amphilochium
2680 2243 2905 2299 oblitum
2949 2245 3150 2312 oﬂicii,
3192 2246 3344 2317 jubet
3388 2249 3456 2302 ad
3486 2247 3650 2300 lilium

389 2341 558 2395 κείαν
618 2338 807 2392 ἐκάλει
860 2332 1148 2406 παροινίαν
1191 2331 1290 2402 τὴν
1336 2330 1429 2384 τοῦ
1490 2332 1682 2394 παιδὸς
1735 2333 2015 2403 ἀτιμίαν.ξ

2026 2333 2056 2387 Β
2083 2338 2373 2402 accedere,
2412 2351 2641 2405 eumque
2679 2337 2935 2393 osculari.
2988 2339 3060 2394 At
3108 2340 3521 2409 Amphilochius
3568 2355 3652 2393 re-

385 2429 726 2501 Τηνικαῦτα
770 2425 954 2479 λοιπὸν
994 2427 1022 2478 ὁ
1062 2421 1364 2492 σοφώτατος
1420 2422 1766 2493 Ἀμφιλόχιος
1810 2425 1978 2477 ἐκκα-

2080 2427 2334 2494 spondit:
2367 2425 2510 2481 Satis
2539 2441 2658 2482 esse
2693 2429 2835 2497 quod
2869 2430 2921 2484 ei
2948 2430 3210 2485 honorem
3238 2431 3507 2486 habuerit.
3539 2431 3646 2486 Ita-

388 2520 601 2573 λὺπτει
633 2518 723 2571 τὸν
753 2516 843 2569 τοῦ
869 2513 1232 2584 γεγενημένου
1269 2512 1493 2577 σκοπον,
1528 2511 1624 2565 καὶ¹
1662 2511 1800 2582 βοῶν
1831 2512 1934 2584 ἔφη
1959 2530 1975 2544 ·

2078 2533 2184 2588 que
2246 2517 2579 2573 Theodosius
2635 2534 2747 2574 rem
2787 2518 2978 2575 acerbe
3031 2528 3090 2575 et
3143 2522 3381 2591 graviter
3428 2520 3648 2585 ferens,

401 2609 596 2681 Ὁρᾷς,
614 2601 657 2660 ὦ
677 2604 914 2678 βασιλεῦ,
942 2605 1088 2667 ὅπως
1113 2604 1173 2656 οὐ
1194 2601 1379 2674 φέρεις
1403 2603 1502 2672 τὴν
1526 2601 1621 2655 τοῦ
1647 2601 1837 2667 παιδὸς
1862 2604 1979 2656 ἀτι-

2080 2609 2337 2679 probrum
2373 2609 2482 2663 lilio
2520 2608 2789 2678 objectum
2821 2608 3031 2676 injuria
3072 2608 3189 2664 loco
3218 2609 3320 2665 sibi
3353 2610 3453 2679 ipsi
3486 2611 3649 2665 illatae

396 2691 728 2773 μίαν,’ἀλλά
769 2698 884 2760 τοῖς
916 2696 997 2759 είς
1030 2692 1220 2747 τοῦτον
1269 2691 1589 2763 παροινοῦσι
1633 2692 1980 2763 χαλεπαίνεις

2084 2701 2406 2754 numeravit.
2458 2699 2592 2753 Tum
2644 2700 3074 2769 sapientissimus
3104 2701 3534 2770 Amphilochius,
3560 2703 3654 2757 de—

396 2789 646 2863 πικρῶς;
686 2789 981 2841 Πίστευσον
1010 2785 1074 2858 δὴ
1106 2780 1222 2851 οὖν,
1257 2784 1351 2837 καὶ
1386 2783 1490 2837 τῶν
1516 2785 1654 2837 ὅλων
1691 2783 1824 2839 Θεὸν
1857 2786 1981 2849 τοὺς

2084 2787 2299 2843 clarans
2346 2787 2699 2857 imperatori,
2735 2787 2875 2856 quod
2917 2786 3097 2841 animo
3146 2787 3479 2852 instituebat,
3520 2803 3652 2843 con-

397 2885 497 2939 τὸν
522 2883 650 2937 Υἱὸν
676 2880 842 2935 αὐτοῦ
868 2880 959 2933 τὸν
995 2876 1259 2949 μονογενῆ
1294 2874 1745 2947 βλασφημοῦντας
1763 2875 1982 2947 βδελύτ-

2088 2887 2233 2933 tenta
2267 2893 2399 2933 voce
2429 2896 2444 2933 :
2482 2878 2664 2945 Vides,
2693 2878 2890 2946 inquit,
2920 2892 2953 2933 ο
2987 2878 3299 2946 imperator,
3329 2892 3488 2946 quam
3517 2893 3656 2947 aegre

398 2975 610 3039 τεσθαι,
661 2974 757 3027 καὶ
794 2971 884 3059 χώς
936 2968 1265 3041 ἀχαρίστους
1302 2967 1431 3039 περὶ
1478 2967 1571 3019 τὸν
1615 2966 1843 3039 Σωτῆρα
1887 2966 1983 3020 καὶ

2085 2969 2430 3039 ignominiam
2485 2968 2576 3023 ﬁlii
2628 2969 2702 3023 tui
2748 2967 2894 3024 feras
2936 2986 2961 3024 ς
3027 2968 3136 3022 imo
3168 2982 3296 3022 vero
3340 2967 3444 3022 illis
3479 2969 3571 3038 qui
3601 2968 3654 3021 in

400 3065 699 3137 εὐεργέτην
727 3056 1125 3133 γεγενημένους
1166 3061 1364 3130 μισεῖν.
1407 3056 1563 3111 Οὕτω
1605 3058 1783 3122 συνεὶς
1817 3059 1845 3111 ὁ
1880 3056 1980 3128 βα-

2081 3075 2201 3116 eum
2240 3062 2519 3126 insultant,
2552 3061 2897 3137 vehementer
2918 3074 3225 3115 succenses.
3262 3058 3465 3113 Credas
3497 3058 3657 3128 igitur

402 3132 611 3219 σιλευς,
637 3132 733 3209 καὶ
761 3154 831 3208 τά
860 3132 921 3206 τε
952 3151 1340 3224 πεπραγμένα,
1364 3150 1434 3203 τᾶ
1459 3168 1517 3204 τε
1556 3152 1821 3223 εἰρημένα
1850 3150 1979 3204 θαυο

2088 3151 2218 3207 mihi
2262 3153 2452 3219 velim;
2473 3152 2629 3222 hujus
2650 3132 3018 3210 universitatis
3046 3162 3310 3208 rectorem
3332 3153 3494 3207 Deum
3513 3192 3529 3218 ,
3563 3166 3658 3206 eos

403 3249 613 3321 μάσας,
643 3246 808 3317 νόμον
836 3243 995 3309 εὐθὺς
1018 3244 1223 3314 Expavit:
1242 3243 1367 3307 τοὺς
1392 3242 1500 3297 τῶν
1535 3244 1828 3316 αἱρετικῶν
1861 3243 1979 3298 συλ-

2084 3243 2174 3312 qui
2200 3252 2387 3298 contra
2413 3242 2609 3299 Filium
2642 3260 2797 3299 suum
2824 3243 3153 3314 unigenitum
3179 3244 3470 3313 loquuntur
3507 3241 3657 3297 blas-

402 3341 599 3409 λὸγους
636 3337 933 3392 κωλύοντα.
1616 3382 1646 3394 ,
2005 3329 2028 3387 ί

2033 3329 2051 3389 3
2089 3335 2355 3402 phemias,
2406 3335 2592 3390 itidem
2664 3335 2973 3400 detestari,
3021 3344 3077 3391 et
3125 3344 3376 3404 tanquam
3418 3333 3659 3402 ingratos

404 3449 537 3502 erga
570 3433 919 3517 Servatorem
951 3440 1005 3486 et
1034 3431 1169 3485 bene
1199 3428 1263 3485 de
1293 3444 1352 3485 se
1384 3428 1640 3482 meritum
1664 3467 1680 3493 ,
1710 3427 1835 3480 odio
1864 3430 2138 3498 prosequi.
2179 3430 2345 3499 Cujus
2386 3431 2690 3486 institutum
2735 3446 2856 3485 cum
2925 3430 3030 3485 hoc
3095 3439 3250 3500 pacto
3310 3425 3661 3483 intellexisset

407 3532 717 3598 imperator,
753 3527 891 3581 facta
926 3528 1040 3599 ejus
1080 3528 1326 3597 dictaque
1359 3524 1521 3581 simul
1550 3521 1874 3587 admiratus,
1933 3528 2105 3591 legem
2173 3526 2418 3593 protinus
2489 3526 2849 3596 conscripsit,
2893 3541 3014 3596 qtae
3068 3525 3288 3581 vetabat
3352 3527 3655 3578 conventus

414 3624 488 3680 ab
516 3622 785 3679 btereticis
818 3621 926 3693 agi.

2013 3706 2065 3768 V

660 3815 946 3882 Faccnnus
972 3813 1393 3880 HEBIIANENSIS,
1423 3810 1531 3865 'lib.
1567 3826 1647 3875 at,
1675 3826 1793 3879 cap.
1824 3809 1881 3876 '5,
1909 3825 2034 3880 pag.
2068 3806 2195 3872 760,
2228 3812 2358 3857 (om.
2391 3799 2455 3866 ll,
2493 3801 2628 3868 Opp.
2662 3798 2922 3857 Smuoun.
2954 3801 3079 3854 edit.
3112 3800 3287 3853 Paria.
3317 3795 3463 3851 1696.

490 3909 570 3964 Ex
612 3908 769 3963 dictis
812 3908 956 3964 beati
1001 3905 1363 3976 Amphilochii
1414 3903 1711 3961 lconiensis
1753 3903 1991 3973 episc0pi
2098 3900 2490 3973 prtecipcrent,
2522 3895 2662 3949 sicut
2699 3892 2838 3947 libro
2867 3908 2919 3946 IV
2963 3891 3379 3947 memoravimus
3428 3891 3569 3961 (cap.
3603 3888 3660 3950 2,

408 4002 593 4070 aliqua
626 3999 998 4070 proferemus,
1037 4012 1200 4068 quem
1255 4005 1309 4053 et
1341 3995 1780 4066 sapientissimus
1827 3991 1993 4048 Joan-
2099 4002 2223 4063 μσς.
2246 3991 2397 4058 521),
2436 3988 2555 4043 illos
2589 3984 2733 4041 solos
2758 3983 3019 4038 ecclesias
3052 3984 3271 4046 habere,
3300 3985 3388 4052 qui
3428 3996 3490 4036 ex
3524 3995 3663 4051 pra;-

417 4094 901 4148 rzesAntiochenus
937 4106 1057 4146 cum
1105 4089 1353 4145 orientali
1395 4087 1626 4144 concilio
1675 4084 1992 4154 probatissi-
2062 4083 2227 4161 Adicti
2276 4079 2447 4137 sancti
2489 4075 2848 4148 Amphilochii
2880 4084 2935 4130 et
2984 4074 3198 4128 Diodori
3246 4083 3404 4141 atque
3436 4074 3664 4129 aliorqu

417 4202 567 4241 mum
612 4188 887 4243 doctorem
931 4183 1323 4255 pronuntiavit,
1364 4190 1419 4237 et
1456 4181 1807 4248 imperatores
1850 4177 1991 4233 Gra-
2101 4172 2755 4233 similiumconnnunione
2783 4166 3031 4223 catholici
3056 4167 3434 4235 probarentur.

419 4278 599 4333 tianus
632 4286 689 4333 et
736 4275 913 4346 major
945 4272 1280 4330 Theodosius
1319 4270 1476 4325 talem
1505 4268 1903 4336 judicaverunt,
1935 4276 1993 4320 ut

525 4478 735 4533 Cosuas
756 4476 1232 4536 iuotconsusrss,
1266 4468 1612 4540 Topograph.
1642 4466 1869 4533 Christ.,
1902 4464 2003 4517 lib.
2033 4478 2132 4530 vn,

1989 4504 2003 4517 .
2033 4478 2132 4530 vn,
2167 4477 2285 4530 pag.
2313 4458 2594 4525 292,101".
2631 4452 2673 4507 11
2712 4452 2937 4508 Collect.
2967 4452 3071 4506 PP.
3114 4451 3289 4506 Graec.
3328 4445 3612 4504 Montfauc.

502 4569 873 4640 Ἃμφιλόχιος,
913 4568 1210 4627 ἐπίσκοπος
1246 4539 1540 4634 γενομενος
1588 4559 1685 4612 τοῦ
1749 4557 1994 4620 Ἰκονίου,

2173 4544 2583 4623 Amphildchius
2621 4546 2780 4601 Iconii
2838 4545 3121 4615 episc0pus
3144 4583 3160 4607 ,
3201 4543 3405 4597 amicus
3434 4549 3487 4595 et
3512 4539 3668 4594 ΐςιιιιί-

413 4660 574 4731 φῦος
613 4661 708 4713 καὶ
747 4657 1063 4719 κοινωνικὸς
1100 4652 1193 4708 τοῦ
1232 4652 1501 4724 μακαρίου
1545 4650 1845 4712 Βασιλείου,
1902 4647 1999 4701 καὶ

2106 4647 2254 4701 liaris
2288 4644 2433 4699 beati
2467 4639 2668 4705 Basilii,
2694 4639 2747 4692 iu
2769 4636 2965 4691 lambis
2989 4637 3102 4692 suis
3127 4636 3191 4689 ad
3216 4634 3498 4688 Seleucum
3534 4631 3670 4686 scri-

415 4753 588 4815 αὖτδς
620 4753 677 4805 ἐν
720 4753 834 4813 τοῖς
869 4748 1006 4819 πρὸς
1034 4747 1294 4801 Σέλευκον
1328 4744 1477 4815 αὑτῴ
1516 4744 1802 4815 γραφεῖσιν
1848 4740 1999 4810 Ἰάμ-
2109 4739 2233 4810 ptis,
2267 4744 2374 4791 etc.

418 4842 560 4907 ϐοις,
592 4859 646 4895 κ.
682 4859 734 4898 τ.
773 4840 824 4894 λ.

1996 4916 2129 4977 VII.

849 5034 1145 5089 Coxcruuu
1173 5030 1432 5085 Nrcaasuu
1464 5030 1527 5092 ll,
1561 5029 1678 5082 Act.
1720 5042 1772 5093 ν,
1805 5042 1927 5095 pag.
1969 5019 2130 5085 1015,
2164 5029 2290 5071 tam.
2329 5012 2443 5068 Vlll
2484 5008 2693 5066 Concil.
2722 5010 2848 5065 edit.
2891 5006 3273 5063 chelo-Labb.

502 5126 771 5199 Ταράσιος
800 5128 828 5178 ὀ
849 5123 1147 5193 ἁγιώτατος
1167 5120 1513 5191 πατριάρχης
1543 5114 1714 5171 εἶπεν⁹
1755 5117 1811 5170 '0
1829 5086 2010 5184 πατὴρ
2042 5115 2085 5170 D

2053 5115 2085 5170 D
2196 5104 2449 5159 Tarasius
2513 5100 2883 5156 sanctissimus
2934 5096 3238 5164 patriarcha
3289 5090 3468 5145 dixit:
3525 5086 3679 5140 Pater

426 5190 823 5290 ήμῶνὸᾶγιος
868 5190 1211 5287 ’Ᾰμφιλὸχιος
1252 5190 1424 5283 μέγας
1450 5210 1589 5274 ἐστὶ,
1628 5208 1720 5261 καὶ
1753 5206 1821 5259 τὰ
1862 5203 2010 5273 ἑξῆς.

1907 5204 2010 5273 ξῆς.
2124 5206 2308 5253 noster
2341 5201 2560 5249 sanctus
2586 5190 2993 5262 Amphilochius
3034 5200 3257 5255 magnus
3288 5191 3404 5245 est,
3431 5191 3533 5234 etc.

1988 5295 2148 5355 VIII.

1673 5401 1930 5463 Pnorrus.
1962 5396 2219 5454 Biblioth.
2247 5394 2365 5449 cod.
2392 5408 2486 5447 ιιι.

518 5504 859 5574 ’Δνεγνώσθη
910 5502 1125 5566 σύνοδος
1151 5500 1417 5572 γενομένη
1447 5500 1505 5553 ὲν
1539 5498 1666 5568 Σίδῃ
1685 5537 1699 5560 ,
1730 5496 1872 5551 κατά
1910 5495 2010 5566 τῆς

2188 5490 2350 5545 Lecta
2393 5485 2629 5558 synodus
2681 5482 2824 5537 Sida:
2879 5480 3058 5535 habita
3121 5476 3381 5532 adversus
3436 5473 3680 5529 haeresim

431 5598 701 5670 αἱρέσεως
750 5597 860 5650 τῶν
907 5593 1330 5659 Μεσσαλιανῶν,
1393 5592 1560 5662 ἤγουν
1602 5587 1845 5658 Εὺχιτῶν
1893 5587 2011 5657 ῆτοι

2118 5579 2583 5639 Messalianorum,
2613 5576 2716 5629 hoc
2752 5581 2836 5626 est
2877 5570 3221 5626 Enehitarttm
3259 5584 3353 5624 seu
3398 5565 3681 5634 Adelphia-

447 5653 833 5758 ‘Aﬁslmtdvév.
865 5653 1090 5756 Ἐξῆρχε
1132 5684 1189 5736 δὲ
1216 5653 1325 5751 τῆς.
1360 5653 1579 5736 συνόδου
1612 5653 1954 5750 Menelai;
1983 5676 2014 5729 ὁ

2120 5684 2336 5727 norum.
2378 5664 2605 5722 Praefuit
2651 5662 2857 5733 synodo
2899 5660 3307 5730 Amphilochius
3348 5656 3511 5713 Iconii
3570 5653 3682 5723 epi-

430 5776 533 5832 τοῦ
568 5775 814 5843 Ἰκονίου,
842 5772 1262 5846 συνεδρευόντων
1280 5770 1427 5844 αὐτῷ
1450 5771 1543 5825 καὶ
1573 5770 1772 5844 ἑτέρων
1800 5766 2015 5823 ἐπισκό-

2119 5778 2336 5831 scopus,
2388 5756 2789 5818 considentibus
2822 5766 2876 5812 et
2920 5755 3038 5811 aliis
3077 5754 3261 5827 viginti
3302 5752 3538 5823 quinque
3571 5745 3680 5817 epi-

433 5884 556 5927 πων
587 5873 684 5923 κε’.

1000 5844 1008 5846 ⁷
2123 5853 2319 5923 seopis.
2568 5844 2580 5859 ’
