4118 6420
408 467 474 523 51
1696 461 1974 519 VETERU
1984 461 2031 516 Μ
2072 457 2488 517 TESTIMONIA
3618 438 3693 493 '59-

1997 580 2130 640 IX.‘

1286 678 1521 735 Josuxes
1550 681 1799 736 Ζοιιλιυιε
1824 680 1894 734 ad
1914 694 2177 736 canoaem
2209 694 2365 736 um
2394 677 2612 736 concilii
2639 678 2897 750 Carthag.

1187 766 1341 843 Apud
1380 774 1731 831 BEVEREGIUI
1758 776 1815 830 in
1843 776 2115 832 Pandecte
2142 791 2433 844 canonum,
2467 785 2593 830 tom.
2631 774 2693 841 ll,
2722 791 2843 846 pag.
2872 773 2997 831 549.
3299 856 3307 863 θ

495 868 641 937 Quos
665 869 832 925 libros
853 868 1030 941 legere
1066 868 1121 924 in
1152 869 1385 925 ecclesia
1412 880 1678 941 oporteat,
1709 878 1763 924 et
1789 881 2000 939 postre-
2028 899 2042 934 λ

2172 869 2311 942 Περὶ
2361 870 2457 923 τοῦ
2510 869 2637 923 τίνα
2702 869 2786 924 δεῖ
2835 867 3304 938 ἀναγινώσκεσθαι
3332 867 3541 940 ’βιϐλία
3595 865 3702 925 ἐπ”

425 978 550 1018 mus
588 962 953 1032 apostolorum
978 976 1147 1017 canon
1180 962 1386 1026 statuit,
1411 991 1480 1001 --
1501 971 1556 1016 et
1573 975 1800 1032 magnus
1828 962 2001 1017 Atha-

428 1052 643 1119 nasius,
675 1052 766 1121 qui
810 1052 931 1108 libri
973 1052 1179 1123 legendi
1208 1054 1316 1107 sint
1336 1092 1352 1118 ,
1383 1067 1574 1108 omnes
1615 1061 1919 1117 enumerat,
1946 1060 2004 1107 et

428 1158 654 1212 magnus
688 1143 977 1214 Gregorius
1017 1144 1320 1216 Theologus
1366 1183 1384 1212 ,
1417 1154 1472 1200 et
1506 1152 1725 1201 sanctus
1771 1143 2000 1215 Amphi-

326 1246 340 1261 ο
426 1232 658 1289 locbius.

2105 958 2409 1030 ἐκκλησίᾳ,
2460 958 2556 1012 καὶ
2587 959 2617 1011 6
2648 958 2959 1023 τελευταῖος
3009 958 3120 1013 τῶν
3163 959 3540 1014 ἁποστολικῶν
3585 977 3687 1014 κα-

2113 1051 2281 1105 νόνων
2308 1050 2685 1122 διαλαμϐάνει,
2712 1080 2783 1092 -
2809 1051 2909 1104 καῖ
2933 1051 2962 1103 6
2989 1049 3165 1121 μέγας
3207 1049 3527 1117 Ἀθανὰσιος
3582 1051 3689 1105 ἀπ-

2106 1141 2442 1214 αριθμεῖται,
2493 1142 2594 1196 ὅσα
2615 1142 2722 1214 χρὴ
2760 1140 3232 1211 ἀναγινώσκεσθαι
3276 1140 3489 1213 βιϐλία,
3522 1142 3617 1196 καὶ
3656 1144 3688 1195 6

2106 1232 2279 1305 μέγας
2307 1232 2611 1305 Γρηγὸριος
2638 1236 2667 1288 δ
2693 1233 2974 1303 Θεολόγος,
3018 1233 3114 1288 καὶ
3147 1235 3176 1288 6
3218 1233 3375 1303 ἅγιος
3428 1233 3684 1306 Ἀμφιλό-

2102 1341 2239 1394 χιος.

1375 1408 1577 1464 Eadem
1607 1408 1777 1465 ferme
1810 1408 1974 1465 habet
2010 1410 2046 1463 l.
2075 1426 2129 1467 c.
2160 1412 2480 1472 Theodorus
2506 1415 2826 1472 Balsamon.
2880 1438 2891 1453 -

2027 1504 2104 1564 X.

1385 1598 1855 1656 MAR‘HBOLOGIUI
1891 1600 2180 1673 lloustvuu,
2213 1607 2269 1663 Δ.
2308 1623 2442 1662 mn
2474 1606 2802 1662 Novembris.

501 1690 666 1746 lconii
712 1692 763 1745 in
814 1691 1084 1764 Lycaonia
1120 1691 1293 1747 sancti
1327 1692 1691 1763 Amphilochii
1726 1693 1964 1762 episcopi
1989 1734 2004 1759 ,

431 1784 522 1852 qui
564 1793 871 1839 sanctorum
900 1784 1077 1838 Basilii
1108 1784 1289 1852 magni
1317 1795 1371 1839 et
1399 1783 1645 1851 Gregorii
1678 1782 2007 1840 Nazianzeni

433 1875 486 1928 in
511 1889 693 1929 eremo
730 1874 929 1940 socius,
965 1877 1094 1930 etin
1122 1876 1432 1947 episcopatu
1455 1875 1678 1947 collega,
1700 1886 1820 1947 post
1843 1876 2007 1931 multa

2114 1702 2411 1755 certamina
2434 1715 2533 1770 pro
2558 1699 2824 1755 catholica
2856 1700 2963 1755 iide
2988 1708 3247 1772 suscepta.
3264 1740 3280 1766 ,
3318 1699 3605 1757 sanctitate
3634 1707 3689 1759 et

2114 1790 2363 1847 doctrina
2392 1791 2571 1848 clarus
2591 1791 2796 1861 quievit
2821 1791 2873 1846 in
2906 1806 3056 1862 pace.

2003 1972 2106 2034 XI.

959 2070 1319 2128 Mmowewu
1344 2071 1664 2128 Gamelion
1683 2076 1842 2142 jussu
1872 2071 2058 2128 Basilii
2089 2075 2217 2144 imp.
2246 2074 2539 2142 confectum
2561 2077 2657 2131 sub
2687 2075 2772 2131 die
2806 2091 2898 2131 xix
2925 2074 3189 2131 Octobris.

1513 2164 1670 2220 Part.
1703 2181 1745 2233 ι,
1774 2183 1895 2236 pag.
1930 2167 2034 2221 127
2088 2168 2213 2222 edit.
2252 2166 2440 2224 Urbiu.
2469 2168 2633 2223 1727.

436 2248 879 2306 Commemoratio
954 2252 1122 2333 sancti
1189 2256 1585 2347 patrisunostri
1650 2255 2042 2325 Amphilochiij

2120 2257 2327 2327 Μνήμη
2372 2257 2480 2312 τοῦ
2513 2258 2592 2347 er,
2609 2254 3272 2347 Etloiifqtetigﬂgt‘b?
3315 2253 3695 2325 Ἀμφιλοχίου

992 2324 1218 2391 episcopi
1251 2324 1439 2377 Icouii.

508 2428 602 2483 llic
646 2443 754 2483 non
792 2430 1034 2485 mortalis
1062 2432 1397 2501 cuiuspiam,
1433 2440 1745 2487 sanctorum
1789 2433 2011 2503 angelo-

438 2536 555 2573 rum
592 2521 836 2575 manibus
876 2522 1157 2577 ordinatus
1189 2523 1481 2593 episcopus
1508 2540 1521 2578 :
1552 2523 1855 2578 commilito
1883 2538 2013 2579 san-

437 2621 646 2666 etornm
679 2612 924 2679 Patrum,
949 2614 1132 2669 Basilii
1167 2615 1370 2686 magni,
1400 2616 1646 2685 Gregorii
1672 2616 1931 2688 Theologi
1960 2626 2016 2672 et

437 2705 680 2776 Gregorii
730 2706 954 2778 Nysseni
976 2748 992 2774 ,
1024 2709 1284 2763 adversus
1319 2708 1507 2762 Arium
1540 2748 1557 2778 ,
1591 2707 1912 2763 Eunomium
1963 2717 2017 2762 et

438 2796 625 2850 horum
675 2798 878 2852 similes
906 2799 1192 2853 haereticos
1222 2800 1276 2852 in
1301 2798 1418 2853 acie
1448 2800 1618 2853 stetit.
1665 2798 1764 2865 Qui
1796 2813 1917 2853 cum
1949 2797 2016 2851 ad

440 2889 733 2949 Theodosii
766 2892 943 2961 magni
995 2902 1236 2960 tempora
1274 2890 1530 2957 vixisset,
1573 2900 1736 2961 atque
1774 2891 1841 2946 ab
1869 2905 1935 2946 eo
1960 2901 2019 2947 ut

440 2994 714 3038 coerceret
773 2983 1098 3036 Arianorum
1165 2995 1400 3053 synaxes
1470 2982 1827 3051 postulasset;
1891 2992 2019 3038 tunc

439 3074 655 3142 quidem
710 3072 1014 3141 supersedit
1044 3072 1385 3141 .impcrator,
1437 3073 1756 3151 veritusque
1816 3088 1879 3128 ea
1911 3085 2019 3129 'res

442 3179 666 3234 magnos
693 3164 953 3218 excitaret
975 3164 1250 3219 tumultus.
1278 3163 1385 3218 Sed
1425 3171 1613 3234 postea
1639 3179 1760 3219 cum
1785 3165 2017 3235 quadam

442 3258 507 3308 de
546 3270 707 3311 causa
761 3256 1139 3325 imperatorem
1206 3255 1571 3311 Theodosium
1647 3258 2015 3322 convenisset,

444 3343 698 3412 illumque
742 3344 913 3400 solum
935 3386 952 3411 ,
1008 3346 1240 3401 Arcadio
1278 3346 1386 3399 lilio
1421 3328 1511 3416 qui
1546 3361 1713 3416 prope
1749 3346 2020 3402 assidebat

443 3438 807 3504 praetermisso
833 3481 847 3506 ,
886 3440 1194 3507 adorasset;
1237 3430 1455 3511 rogatus
1488 3456 1646 3511 quam
1697 3441 1767 3497 ob
1811 3456 1921 3496 rem
1965 3441 2018 3496 id

446 3525 651 3580 faceret
675 3566 690 3589 ,
730 3530 1003 3603 respondit
1035 3548 1060 3587 τ’
1080 3531 1536 3597 Quemadmodum
1568 3542 1622 3587 tu
1649 3573 1663 3599 ,
1697 3534 2011 3603 imperator,

445 3614 660 3685 indigne
691 3616 819 3683 fers,
851 3620 1024 3674 sinon
1056 3620 1194 3675 idem
1228 3621 1369 3687 filio,
1409 3624 1499 3692 qui
1533 3624 1624 3679 tibi
1646 3664 1660 3687 ,
1694 3624 1867 3679 honor
1916 3623 2015 3678 ha-

446 3704 671 3772 beatur,
697 3709 779 3764 sic
807 3719 861 3764 et
893 3712 998 3766 Deo
1032 3712 1176 3767 Patri
1202 3713 1454 3781 iniuriam
1486 3715 1599 3769 ﬁeri
1630 3716 1789 3780 scito,
1816 3715 1861 3770 si
1891 3716 2012 3782 quis

448 3794 641 3851 Filium
670 3809 724 3853 et
765 3797 1003 3855 Verbum’
1034 3805 1357 3860 contumelia
1389 3804 1571 3861 aﬂicit.
1600 3805 1806 3871 Quibus
1830 3802 2013 3856 verbis

447 3900 718 3958 permotus
749 3891 1230 3961 imperator,justa
1274 3897 1371 3949 viri
1403 3896 1576 3950 sancti
1610 3892 1931 3949 sententiam
1955 3904 2019 3945 ac

446 3981 805 4047 voluntatem,
851 3999 960 4037 rem
1002 3985 1259 4040 confecit.
1303 3985 1457 4038 Hunc
1504 3993 1684 4036 autem
1716 3982 1768 4035 in
1801 3981 2016 4036 modum

449 4082 720 4128 transacta
747 4089 866 4130 cum
907 4075 1103 4146 pietate
1130 4078 1262 4140 vita,
1289 4075 1355 4130 ad
1387 4075 1676 4129 Dominum
1708 4072 1980 4143 migravit.

2566 2326 2904 2385 ἐπισκόπου
2963 2326 3229 2384 Ἰκονίου.

2182 2430 2351 2500 Οὗτος
2383 2438 2787 2511 προχειρίζεται
2814 2435 3111 2499 ἐπίσκοπος
3151 2436 3369 2489 Ἰκονίου
3397 2436 3485 2507 ὑφ’
3526 2437 3692 2506 ἁγίων

2113 2526 2384 2595 ἀγγέλων,
2418 2527 2519 2581 οὑκ
2560 2525 2909 2599 ἀνθρωπίνης
2942 2524 3123 2595 χειρός
3143 2540 3156 2554 ·
3200 2526 3604 2595 συναγωνιστὴς
3636 2524 3695 2577 δέ

2114 2618 2402 2688 γενόμενος
2428 2617 2536 2672 τῶν
2570 2617 2738 2687 ἁγίων
2768 2615 3051 2686 Πατέρων,
3083 2612 3364 2666 Βασιλείου
3393 2613 3487 2665 τοῦ
3520 2614 3692 2684 μεγάο

2115 2709 2231 2774 λου,
2272 2709 2576 2781 Γρηγορίου
2628 2707 2721 2761 τοῦ
2769 2706 3053 2775 Θεολόγου,
3109 2705 3205 2759 καὶ
3260 2705 3557 2777 Γρηγορίου
3598 2707 3694 2758 τοῦ

2115 2800 2358 2871 Νύσσης,
2406 2800 2549 2855 κατὰ
2592 2801 2699 2854 τῶν
2748 2798 3041 2872 αἱρετικῶν
3086 2799 3430 2870 παρετάξατο
3485 2799 3695 2871 Ἀρείου

2118 2894 2213 2947 καὶ
2249 2894 2516 2964 Εὑνομίου
2554 2894 2649 2948 καὶ
2683 2893 2791 2946 τῶν
2828 2893 3048 2964 ὁμοίων.
3089 2891 3381 2965 Παρετάθη
3414 2892 3471 2946 δὲ
3506 2894 3539 2965 ή
3581 2891 3703 2962 ζωὴ

2119 2984 2284 3039 αὑτοῦ
2317 2985 2477 3058 μέχρι
2515 2985 2795 3039 Θεοδοσίου
2833 2986 2925 3039 τοῦ
2960 2985 3198 3057 μεγάλου
3219 3002 3232 3015 °
3278 2984 3336 3038 ὃν
3367 2984 3461 3038 καὶ
3496 2982 3695 3063 ἠξίωσε

2119 3075 2360 3130 κωλῦσαι
2388 3077 2499 3130 τῶν
2525 3077 2817 3149 Ἀρειανῶν
2843 3076 2943 3141 τὰς
2981 3078 3037 3130 ἐν
3065 3080 3183 3142 ταῖς
3215 3076 3400 3130 πόλεσι
3426 3074 3693 3138 συνάξεις.

2120 3168 2270 3240 Βαρὺ
2302 3168 2359 3223 δὲ
2383 3169 2707 3240 νομίσαντος
2734 3169 2892 3223 τοῦτο
2910 3167 3004 3222 τοῦ
3036 3168 3318 3239 βασιλέως,
3348 3168 3437 3222 διὰ
3468 3166 3566 3238 τὴν
3601 3181 3698 3218 τα-

2123 3259 2294 3333 ραχὴν
2316 3300 2332 3326 ,
2364 3260 2483 3313 τότε
2519 3260 2618 3332 μὲν
2656 3260 2949 3332 ἡσύχασεν.
2994 3260 3258 3330 ’Υστερον
3294 3259 3351 3312 δὲ
3388 3258 3530 3312 κατά
3576 3273 3700 3310 τινα

2120 3354 2308 3424 χρείαν
2330 3351 2587 3407 εἰσελθὼν
2606 3352 2743 3426 πρὸς
2768 3353 2860 3407 τὸν
2887 3351 3131 3423 βασιλέα,
3160 3351 3253 3404 καὶ
3278 3348 3367 3402 τὸν
3390 3348 3502 3401 υίὺν
3532 3346 3698 3401 αὑτοῦ

2134 3444 2412 3517 Ἀρκάδιον
2450 3443 2573 3498 ίδὼν
2620 3443 2699 3513 τῷ
2742 3444 2913 3513 πατρὶ
2962 3440 3408 3511 συγκαθήμενον,
3454 3439 3545 3493 τὸν
3597 3439 3701 3508 μὲν.

2119 3534 2398 3588 Θεοδόσιον
2427 3531 2823 3604 προσεκύνησε,
2856 3530 2948 3582 τὸν
2976 3529 3033 3582 δὲ
3060 3529 3173 3582 υἱὸν
3205 3528 3469 3600 παρῆλθε.
3502 3527 3607 3581 Τοῦ
3640 3527 3696 3581 δὲ

2124 3622 2385 3693 βασιλέως
2405 3621 2672 3682 εἰπόντος’
2706 3619 2826 3672 Ἵνα
2851 3618 2904 3671 τί
2933 3619 3023 3671 τὸν
3043 3618 3158 3673 υἱόν
3190 3635 3288 3688 μου
3317 3618 3693 3689 παρέδραμεςς

2119 3712 2221 3781 ἔφη
2242 3728 2256 3741 ·
2280 3709 2474 3775 Γνῶθι,
2505 3705 2747 3779 βασιλεῦ,
2777 3708 2857 3761 ὃτι
2889 3706 3078 3779 ὥσπερ
3096 3708 3160 3761 σὺ
3186 3706 3570 3779 ἠγανάκτησας
3603 3704 3698 3759 τοῦ

2118 3798 2235 3852 υἱοῦ
2263 3797 2773 3869 παραϐλεπομένου,
2807 3795 2950 3851 οὑτω
2992 3798 3087 3851 καὶ
3126 3799 3155 3851 6
3195 3799 3326 3862 Θεὸς
3358 3799 3454 3851 καὶ
3485 3796 3696 3869 Πατὴρ.

2117 3888 2212 3942 τοῦ
2247 3887 2379 3942 Υἱοῦ
2396 3890 2507 3967 ,καὶ
2547 3888 2721 3956 Λόγου
2762 3886 3141 3958 ὑϐριζομένου.
3183 3887 3346 3941 Ὅθεν
3394 3887 3637 3947 πεισθεὶς
3669 3885 3698 3935 6

2122 3978 2393 4048 βασιλεὺς,
2429 3977 2651 4050 ἐποίησε
2678 3978 2739 4031 τὸ
2773 3977 2867 4031 τοῦ
2901 3977 3055 4046 ἁγίου
3085 3976 3314 4047 θέλημα.
3342 3975 3497 4031 Οὕτω
3522 3975 3576 4029 δὲ
3605 3974 3699 4045 ζή-

2124 4089 2223 4135 σας
2262 4069 2523 4137 εὐσεϐῶς,
2564 4071 2702 4143 πρὸς
2730 4070 2934 4144 Κύριον
2962 4069 3314 4141 ὲξεδήμησεν.

1992 4160 2126 4222 XII.

1596 4260 1952 4317 Μειιοιοοιυιι
1985 4262 2038 4315 ιί.
2074 4279 2209 4319 xxrn
2238 4260 2576 4319 Novembris.

457 4374 714 4431 Memoria
769 4378 938 4431 sancti
978 4377 1341 4448 patris_uostri
1381 4376 1731 4448 Ampltilocltii
1795 4377 2021 4447 episcopi

1145 4443 1335 4500 Iconii.

523 4560 619 4616 llic
655 4560 823 4631 gradu
874 4560 1022 4613 omni
1072 4560 1438 4615 ecclesiastico
1485 4576 1513 4613 a
1553 4562 1779 4632 juvenili
1821 4572 2016 4628 aetate,

454 4650 657 4705 alterna
695 4651 992 4705 mutatione
1023 4659 1310 4720 provectus
1330 4691 1343 4712 ,
1382 4653 1788 4721 mormsticaque
1817 4653 2020 4707 exerci-

457 4739 658 4795 tatione
682 4751 738 4795 et
770 4741 950 4795 divina
976 4740 1199 4796 scientia
1228 4739 1424 4807 clarus,
1460 4742 1734 4797 communi
1764 4738 2020 4810 sutiragio

454 4829 605 4884 urbis
636 4829 796 4886 lconii
837 4833 1119 4902 episcopus
1154 4842 1370 4887 creatur
1403 4849 1417 4886 :
1463 4834 1793 4903 temporibus
1831 4832 2022 4886 Valen-

2125 4381 2344 4452 Μνήμη
2381 4381 2488 4435 τοῦ
2517 4381 2588 4453 ἐκ·
2624 4382 2811 4453 ἁγίοις
2841 4381 3062 4453 πατρίς
3101 4380 3269 4453 ἡμῶν
3314 4380 3699 4449 Ἀμφιλοχίου

2581 4452 2917 4505 ἐπισκόπου
2976 4451 3239 4504 Ἰκονίου.

2194 4555 2362 4624 υῦτος
2399 4561 2463 4613 ὲκ
2509 4562 2708 4632 νεαρᾶς
2737 4560 2988 4630 ἡλικίας,
3032 4560 3210 4613 πάντα
3258 4558 3463 4631 βαθμὸν
3504 4561 3701 4631 ἐκκλη-

2126 4652 2398 4704 σιαστικὸν
2442 4651 2788 4723 παραλλάξας
2807 4694 2821 4717 ,
2852 4652 2944 4704 καὶ
2972 4653 3201 4721 ἀσκήσει
3233 4651 3325 4704 καὶ
3357 4650 3477 4722 θείᾳ
3502 4649 3700 4719 γνώσει

2122 4740 2375 4811 λάμπων,
2411 4742 2576 4813 ψήφῳ
2615 4741 2706 4795 τοῦ
2744 4745 2924 4795 κοινοῦ
2970 4742 3374 4814 προχειρίζεται
3405 4742 3701 4805 ἐπίσκοπος

2125 4832 2224 4902 τῆς
2264 4833 2529 4886 Ἰκονιέων
2553 4832 2778 4895 πόλεως,
2807 4836 2863 4887 ὲν
2890 4836 3000 4897 τοῖς
3019 4833 3229 4905 χρόνοις
3257 4829 3700 4886 Οὑαλεντινιανοῦ

457 4921 648 4975 tiuiani
679 4930 736 4975 et
769 4920 1008 4979 Valentis
1053 4925 1474 4995 imperatorum,
1520 4926 1629 4979 vita
1660 4924 1728 4978 ad
1775 4923 2020 4980 Theodo-

2127 4925 2221 4977 καὶ
2250 4924 2548 4988 Οὐάλεντος
2584 4924 2693 4977 τῶν
2721 4923 2984 4995 βασιλέων
3007 4942 3020 4956 ο
3075 4924 3407 4996 παρατείνας
3432 4923 3529 4993 τὴν
3556 4921 3701 4993 ζωὴν

453 5011 591 5064 sium
643 5026 814 5081 usque
877 5028 1125 5083 magnum
1181 5016 1562 5085 imperatorem
1610 5013 1835 5084 ejusque
1884 5014 2023 5071 ﬁlios

454 5104 747 5171 producta;
794 5103 1075 5174 factusque
1106 5107 1224 5162 ﬁdei
1253 5106 1568 5161 orthodoxa:
1604 5105 1810 5173 doctor,
1839 5118 2025 5161 contra

455 5194 713 5248 Arianam
738 5196 879 5251 luem
903 5212 1000 5251 ceu
1024 5199 1141 5253 acie
1168 5200 1427 5252 instructa
1455 5199 1683 5252 ﬁrmiter
1708 5198 2025 5264 consistens,

2129 5015 2290 5086 μέχρι
2312 5014 2591 5068 Θεοδοσίου
2619 5015 2713 5067 τοῦ
2744 5016 2979 5085 μεγάλου
3012 5014 3293 5086 βασιλέως,
3323 5013 3417 5066 καὶ
3442 5013 3549 5066 τῶν
3569 5012 3701 5066 υἱῶν

2126 5107 2291 5161 αὑτοῦ
2312 5122 2327 5138 ⁸
2360 5107 2419 5170 ὃς
2440 5105 2534 5160 καὶ
2572 5107 2886 5172 διδάσκαλος
2916 5108 3013 5176 τῆς
3050 5105 3325 5178 ὀρθοδόξου
3355 5104 3591 5170 πίστεως
3611 5121 3703 5175 γε-

2125 5197 2319 5270 γονὼς,
2360 5199 2456 5253 καὶ
2493 5198 2634 5252 κατὰ
2665 5200 2765 5269 τῆς
2810 5199 3022 5272 Ἀρείου
3059 5198 3237 5267 λύμης
3276 5197 3518 5269 στερρῶς
3556 5199 3702 5251 ἀντιτ-

457 5283 655 5339 multas
708 5288 775 5342 ab
852 5289 1031 5357 impiis
1084 5289 1486 5358 persecutiones
1554 5288 2030 5359 tribulationesque

2124 5291 2448 5362 ταξάμενος,
2482 5292 2709 5355 πολλοὺς
2732 5291 3004 5361 διωγμοὺς
3035 5289 3129 5342 καὶ
3169 5287 3375 5357 θλίψεις
3403 5289 3704 5361 ὑπομείνας

456 5378 731 5443 sustinuit,
768 5380 871 5433 una
903 5397 1024 5435 cutn
1051 5382 1221 5435 beatis
1256 5381 1506 5436 Patribus
1531 5391 1801 5436 certamen
1834 5384 2027 5436 adver-

2129 5383 2280 5454 παρὰ
2319 5382 2429 5437 τῶν
2456 5383 2699 5447 ἀσεϐῶν,
2746 5382 3150 5451 συναγωνιστὴς
3175 5379 3412 5449 γεγονὼς
3444 5381 3553 5435 τῶν
3598 5399 3702 5451 μα-

457 5483 551 5522 sus
573 5468 936 5538 blasphemias
974 5471 1219 5526 Eunomii
1254 5473 1476 5527 habens.
1530 5472 1628 5527 Hie
1673 5473 1799 5527 item
1826 5513 1839 5535 ,
1892 5488 2030 5529 unus

2130 5475 2336 5547 καρίων
2372 5476 2632 5546 Πατέρων
2680 5473 2819 5527 κατά
2864 5473 2964 5542 τῆς
3004 5473 3267 5544 Εὑνομίου
3318 5471 3699 5543 βλασφημίας·

458 5568 673 5613 centum
711 5561 920 5615 illorum
964 5565 1351 5635 quinquaginta
1390 5566 1610 5620 Patrum
1650 5566 1901 5619 secundae
1941 5558 2032 5635 sy;

463 5649 626 5714 nodi,
671 5650 958 5719 plurimum
1004 5653 1259 5709 adversus
1304 5656 1539 5727 Spiritus
1593 5657 1765 5712 sancti
1820 5657 2029 5710 hostem

465 5738 831 5796 Macednuium
878 5743 1101 5813 Ariique
1148 5743 1440 5815 diScipulos
1466 5746 1810 5815 depugnavit.
1842 5744 2027 5811 Porro,

464 5833 701 5902 potiente
735 5851 915 5891 rerum
962 5852 1156 5907 ttmg-‘tu
1190 5838 1487 5894 Theodosio
1511 5879 1526 5908 ,
1577 5854 1893 5909 reversoque
1931 5839 2028 5893 Va-

2128 5556 2283 5626 οὖτος
2309 5564 2402 5616 καὶ
2439 5562 2545 5616 τῶν
2568 5564 2625 5616 ἐν
2649 5565 2714 5632 τῇ
2742 5561 2969 5633 δευτέρᾳ
2996 5561 3197 5632 συνόδῳ
3223 5559 3332 5615 τῶν
3354 5561 3543 5614 ἑκατὸν
3571 5574 3703 5610 πεν-

2131 5657 2364 5725 τήκοντα
2409 5654 2671 5725 Πατὲρων
2706 5648 2788 5717 είς
2815 5654 3105 5725 ὑπάρχων,
3126 5653 3197 5707 τὰ
3234 5652 3459 5705 πλεῖστα
3505 5649 3705 5720 διηγω-

2132 5749 2315 5800 νίσατο
2358 5745 2501 5800 κατὰ
2542 5746 2878 5801 Μακεδονίου
2931 5748 3027 5801 τοῦ
3078 5741 3553 5814 πνευματομάχου,
3611 5741 3700 5794 καὶ

2134 5840 2237 5893 τῶν
2274 5837 2539 5906 φοιτητῶν
2584 5837 2823 5903 Ἀρείου·
2854 5837 2991 5892 κατὰ
3014 5838 3069 5891 δὲ
3100 5838 3158 5891 τὸ
3188 5837 3454 5907 κρατῆσαι
3481 5834 3579 5904 τῆς
3612 5832 3704 5903 βαρ-
