4118 6448
326 361 401 419 35
1647 356 1736 411 DE
1777 355 1836 413 S.
1878 355 2375 414 AMPHILOCIIIO.
3535 361 3611 420 34

318 476 539 541 σιλειας
562 458 847 549 Θεοδόσιον
872 474 965 528 τὸν
982 486 989 491 ·
1006 474 1204 544 μέγαν,
1241 474 1335 530 καὶ
1363 476 1455 531 τὸν
1488 476 1606 530 νέον
1631 476 1924 532 Οὐαλεντι-
1954 534 1961 548 η

2028 478 2328 533 lentiniano
2350 477 2604 547 iuniore,
2639 491 2761 532 cum
2798 482 2974 533 vietor
3009 476 3128 548 ipse
3160 479 3411 537 retliisset
3437 525 3452 550 ,
3487 498 3615 556 snp-

317 569 508 628 νιανδν
530 567 872 640 ητατρέψαι
896 608 913 634 ,
962 568 1058 621 καὶ
1083 570 1383 641 νικήσαντα
1413 567 1749 634 ἐπανελθεῖν,
1778 570 1922 639 ὴντιυ

320 664 470 717 εόλει
515 663 545 715 6
591 661 768 733 μέγας
824 661 1173 733 Ἀμφιλόχιος
1215 662 1306 716 τὸν
1368 661 1592 731 βασιλέα
1638 661 1919 715 Θεοδόσιον

318 754 657 810 ἀπώσασθαι
709 755 833 818 τοὺς
896 754 1241 827 Ἀρειανοὺς,
1299 754 1395 807 καὶ
1445 756 1559 816 τοῖς
1616 752 1917 825 ὀρθοδόξοις
1957 808 1967 818 ,

315 849 538 902 ἀνεῖναι
566 847 668 909 τὰς
695 845 1011 917 ἐκκλησίας.
1055 846 1209 899 Ἐπεὶ
1244 838 1338 899 οῦν
1398 847 1426 898 6
1484 843 1740 915 βασιλεὺς
1778 862 1922 916 παρ-

313 936 530 1005 ῃτεῖτο,
556 932 749 1005 ἐξεῦρε
801 933 1052 1005 μηχανὴν
1079 936 1107 987 6
1137 933 1438 1005 Θαυμάσιος
1462 948 1476 963 ’
1509 935 1604 988 καὶ
1630 934 1921 1007 παρελθὼν

310 1029 400 1089 εἰς
440 1025 517 1079 τὰ
552 1025 836 1096 βασίλεια,
868 1025 961 1079 τὸν
998 1026 1097 1096 μὲν
1147 1025 1375 1095 βασιλέα
1420 1025 1699 1080 Θεοδόσιον
1737 1028 1918 1097 ὴσπά-

313 1132 479 1181 σατο,
511 1116 605 1168 τὸν
634 1115 691 1169 δὲ
728 1115 845 1168 υἱὸν
873 1114 1036 1168 αὐτοῦ
1084 1114 1382 1185 Ἀρκάδιον,
1417 1115 1732 1171 καταλιπὼν
1762 1118 1918 1186 ὑφει-

316 1208 528 1280 μένως,
560 1208 663 1261 οὐκ
691 1196 1011 1278 ἠσπάσατο·
1056 1207 1152 1261 καὶ
1180 1205 1341 1260 τοῦτο
1385 1208 1414 1260 6
1444 1207 1698 1278 βασιλεὺς
1732 1208 1920 1279 δυσχε-

316 1300 519 1369 ράνας,
548 1299 758 1353 οἰκείαν
785 1298 943 1371 ὓϐριν
976 1298 1162 1352 ἐκάλει
1193 1298 1293 1370 τὴν
1326 1297 1417 1353 τοῦ
1448 1299 1638 1363 παιδὸς
1673 1300 1801 1370 παρ’
1828 1300 1922 1353 αὒ-

312 1391 415 1443 τοῦ
444 1391 709 1463 ἀτιμίαν’
745 1393 774 1444 ὁ
816 1391 873 1444 δὲ
907 1389 1196 1461 σοφώτατα
1240 1391 1574 1444 ὲκκαλύπτει
1613 1392 1673 1445 τὸ
1711 1393 1916 1463 δρᾶμα,

315 1480 417 1533 καί
446 1497 640 1551 φησιν’
684 1481 867 1553 Ὁρᾷς,
900 1474 945 1535 ὦ
978 1480 1222 1552 βασιλεῦ,
1251 1481 1369 1545 πῶς
1394 1482 1453 1535 οὐ
1487 1481 1674 1552 φέρεις
1722 1484 1785 1536 σὺ
1817 1483 1918 1554 τὴν

313 1573 416 1627 τοῦ
470 1573 669 1636 παιδὸς
712 1572 960 1644 ἀτιμίαν,
1008 1574 1147 1627 ἀλλὰ
1186 1572 1568 1645 χαλεπαίνειςς
1622 1574 1917 1626 Πίστευσον

316 1659 437 1728 οῦν,
463 1663 549 1717 ὅτι
578 1663 679 1717 καὶ
700 1664 828 1727 τοὺς
855 1664 944 1717 τὸν
974 1664 1103 1719 Υίὸν
1135 1664 1228 1718 τοῦ
1268 1662 1403 1716 Θεοῦ
1437 1661 1910 1733 βλασφημοῦντας,

316 1756 525 1826 ὁμοίως
558 1757 651 1809 καὶ
672 1757 701 1810 ὁ
729 1756 861 1820 Θεὸς
887 1755 1291 1829 ἀποστρέφεται
1313 1753 1408 1808 καὶ
1439 1756 1604 1824 μισεῖ.
1627 1752 1759 1807 Τότε
1790 1771 1915 1806 συν-

2026 570 2264 640 plicabat
2313 585 2542 641 magnus
2590 568 3003 637 Amphilochius
3038 579 3096 623 nt
3128 570 3466 630 Theodosius
3505 575 3613 631 im-

2027 670 2269 732 perator,
2319 662 2488 732 pulsis
2539 659 2791 724 Arianis,
2837 659 3098 714 ecclesias
3124 662 3444 719 orthodoxis
3489 681 3613 735 per-

2027 756 2284 809 mitteret.
2333 754 2600 809 Caeterum
2647 768 2714 809 eo
2769 760 3064 818 renuente,
3125 753 3208 807 vir
3269 755 3612 813 admirabilis

2027 847 2222 903 subtile
2259 846 2387 917 quid
2418 845 2712 901 adinvenit.
2746 843 3028 900 Accedens
3058 844 3241 914 itaque
3267 847 3334 901 ad
3374 848 3600 919 regiam,

2030 938 2397 994 Theodosium
2455 937 2673 1007 quidem
2717 936 3099 1006 imperatorem
3148 936 3436 1006 salutavit;
3488 940 3607 1010 ejus

2025 1044 2156 1085 vero
2190 1029 2357 1084 ﬁlium
2390 1028 2704 1095 Arcadium,
2742 1027 2937 1082 cessim
2971 1027 3302 1098 relinquens,
3329 1045 3433 1085 non
3461 1032 3608 1086 salu—

2036 1121 2188 1174 tavit.
2225 1112 2356 1173 Eam
2388 1134 2500 1173 rem
2535 1118 2762 1173 moleste
2790 1116 2971 1172 ferens
3011 1119 3323 1186 imperator,
3356 1129 3607 1191 negatum

2025 1211 2136 1266 lilio
2169 1213 2425 1267 honorem
2448 1250 2465 1277 ,
2496 1225 2651 1266 suam
2687 1210 2856 1280 ipsius
2886 1210 3117 1265 vocabat
3152 1210 3426 1278 iniuriam.
3470 1211 3605 1265 Tum

2026 1302 2114 1356 ille
2148 1302 2549 1372 sapientissime
2596 1301 2801 1371 detegit
2831 1300 3097 1368 fabulam,
3141 1302 3360 1371 aitque:
3395 1303 3603 1369 Viden’,

2025 1392 2348 1464 imperator,
2385 1401 2441 1447 ut
2469 1393 2585 1463 ipse
2622 1393 2717 1447 ﬁlii
2768 1392 3242 1448 inbonorationem
3281 1408 3388 1447 non
3424 1391 3603 1460 feras,

2025 1485 2119 1540 sed
2174 1484 2520 1552 indigneris?
2568 1482 2780 1539 Habeas
2843 1496 2973 1553 ergo
3036 1498 3354 1552 persuasum
3416 1486 3604 1538 eadem

2024 1577 2194 1633 Deum
2248 1577 2457 1631 ratione
2504 1577 2848 1645 blasphemus
2892 1577 2946 1631 in
2988 1578 3084 1632 Dei
3129 1577 3325 1633 Filium
3365 1580 3603 1634 aversari

2023 1680 2078 1725 et
2108 1669 2312 1726 odisse.
2360 1666 2513 1722 Tunc
2549 1667 2866 1737 imperator,
2912 1684 3026 1723 rem
3060 1669 3366 1741 intelligens
3394 1709 3410 1735 ,
3458 1670 3609 1739 leges

2023 1763 2380 1833 conscripsit,
2411 1758 2609 1831 quibus
2640 1759 3022 1815 haereticorum
3050 1771 3346 1815 conventus
3377 1747 3605 1815 vetai'et.

302 1848 403 1912 “εὶς
452 1850 480 1900 6
522 1848 814 1919 βασιλεὺς,
843 1850 1040 1920 νόμους
1079 1847 1285 1918 ἔγραψε
1315 1847 1444 1909 τοὺς
1481 1847 1591 1900 τῶν
1627 1846 1920 1916 αἱρετικῶν
1955 1853 1961 1911 |

2024 1855 2125 1909 Hic
2153 1855 2235 1908 vir
2263 1853 2556 1923 praeclarus
2586 1851 2677 1907 ubi
2720 1866 2893 1906 annos
2941 1850 3141 1905 multos
3166 1851 3365 1930 Christi
3391 1866 3606 1922 gregem

320 1939 617 2008 συλλόγους
664 1940 992 2003 κωλύοντας.
1044 1934 1212 2002 Οὗτος
1261 1941 1290 1991 6
1323 1937 1578 2007 ἀοίδιμος⁸
1610 1937 1773 2007 ἀνὴρ,
1821 1938 1914 1990 ἐπὶ

315 2029 596 2103 πλείστοις
620 2032 833 2105 χρόνοις
859 2030 1134 2101 ποιμάνας
1166 2029 1230 2081 τὸ
1250 2029 1345 2081 τοῦ
1371 2026 1612 2096 Χριστοῦ
1643 2026 1917 2095 ποίμνιον,

309 2123 415 2175 καὶ
451 2123 647 2193 λόγους
680 2123 997 2195 ὀρθοδόξους
1033 2117 1323 2181 συντάξας.
1352 2116 1446 2168 καὶ
1476 2117 1555 2179 εἰς
1586 2115 1722 2184 βαθὺ
1749 2115 1925 2184 γῆρας

309 2208 552 2277 ἐλάσας,
590 2214 651 2266 ὲν
681 2212 877 2284 εἰρήνῃ
918 2205 1288 2263 ἀνεπαύσατο.

2021 1946 2281 2013 pavisset,
2316 1945 2591 2013 librosque
2623 1944 2941 1999 orthodoxae
2978 1944 3611 2022 doctrinascomposuis-

2027 2044 2135 2102 set,
2170 2034 2277 2087 alta
2308 2043 2586 2090 senectute
2605 2035 2810 2105 quievit
2840 2035 2895 2089 in
2926 2050 3081 2105 pace.

1880 2362 2038 2421 XIII.

859 2487 1212 2542 MENOLOGIUI
1252 2485 1566 2543 Gtuaconuu
1592 2486 1693 2540 sub
1730 2486 1917 2541 eadem
1946 2486 2056 2551 die,
2085 2503 2151 2541 ea:
2172 2488 2607 2557 interpretatione
2631 2489 2919 2544 cardinalis
2946 2490 3154 2545 Sirleti.

1246 2603 1333 2659 Ea:
1364 2605 1651 2659 Tnsswno
1677 2603 1968 2660 Csmsuao
2003 2615 2130 2659 tom.
2162 2604 2253 2671 lll,
2283 2614 2426 2673 part.
2453 2621 2495 2671 ι,
2526 2622 2645 2675 pag.
2676 2606 2802 2662 490.

388 2724 605 2784 Natalis
647 2726 705 2783 S.
740 2725 801 2783 P.
833 2726 898 2781 N.
962 2725 1332 2797 Amphilocbii
1393 2726 1632 2796 episcopi
1690 2724 1897 2790 lconii,

302 2819 425 2875 sub
480 2820 784 2875 Theodosio
826 2821 1160 2890 imperatore
1213 2833 1439 2889 magno,
1480 2818 1565 2872 vir
1602 2817 1909 2873 divinarum

307 2912 626 2966 litterarum
669 2912 858 2982 peritia
911 2920 966 2966 et
1009 2911 1300 2966 sanctitate
1339 2910 1495 2975 vitm,
1538 2924 1602 2964 ac
1654 2918 1817 2963 recta:
1858 2916 1913 2960 et

306 2999 608 3056 catholicas
659 3000 779 3056 ﬁdei
821 2999 1137 3056 sinceritate
1178 2999 1443 3070 insignis,
1486 2997 1675 3053 Basilii
1728 2998 1910 3068 magni

2022 2726 2261 2780 amicitia
2291 2733 2345 2781 et
2379 2725 2694 2780 testimonio
2720 2725 3155 2779 commendatus.
3189 2724 3288 2780 llic
3315 2726 3483 2780 libros
3505 2740 3599 2781 οτι-

2023 2817 2316 2872 thodoxam
2353 2815 2514 2869 ﬁdem
2544 2814 2886 2869 continentes
2910 2814 3260 2884 conscripsit,
3286 2825 3338 2869 et
3364 2818 3429 2870 ad
3454 2830 3604 2871 sum-

2019 2924 2163 2963 mam
2203 2914 2542 2964 senectutem
2582 2915 2874 2976 provectus
2906 2906 2957 2961 in
2985 2922 3119 2977 pace
3149 2907 3375 2977 quievit.

1870 3154 2027 3216 XIV.

718 3280 804 3334 Ex
826 3282 1178 3347 ANTIIOLOGIO
1198 3282 1538 3349 Guconmr,
1566 3298 1701 3337 xxnt
1735 3280 2069 3346 Novembris,
2100 3280 2230 3335 edit.
2263 3278 2435 3335 Grarc.
2468 3277 2609 3334 1756
2638 3277 2951 3341 (Romana),
2987 3292 3109 3347 pag.
3141 3276 3272 3330 ch'.

389 3418 499 3472 Τοῦ
542 3419 600 3471 ἐν
642 3416 820 3487 ἁγίοις
853 3418 1059 3490 πατρὸς
1093 3419 1252 3490 ἡμῶν
1310 3419 1665 3491 Ἀμφιλοχίου
1700 3417 1913 3469 ὲπισκό-
1942 3423 1961 3481 (

2092 3415 2273 3471 Sancti
2330 3415 2501 3487 patris
2551 3413 2720 3469 nostri
2766 3410 3129 3482 Aﬁnphilochii
3174 3411 3411 3481 episcopi
3481 3411 3599 3468 ico-

305 3528 427 3566 που
471 3510 720 3564 Ἰκονίου.

948 3601 1295 3657 Κοντὰκιον.

403 3697 478 3748 'n
509 3695 625 3749 θεία
664 3694 894 3766 βροντή*
930 3695 964 3766 ἡ
1012 3694 1249 3762 σάλπιγξ
1285 3692 1380 3747 τοῦ
1428 3691 1781 3762 Πνεύματοςο
1821 3707 1916 3742 πι-

2024 3505 2250 3559 niensis.

2565 3578 2807 3661 Hymnus
2821 3609 3048 3667 ορατιονις.

2096 3681 2140 3738 Ο
2190 3681 2429 3736 divinum
2488 3683 2724 3744 tonitru;
2774 3696 2808 3735 ο
2858 3681 2983 3734 tuba
3042 3680 3314 3749 Spiritus;
3360 3679 3598 3736 fidelium

306 3785 473 3844 στῶν
502 3786 768 3859 φυτουργὲ
786 3803 800 3816 ⁸
830 3786 927 3840 καὶ
954 3786 1188 3848 πέλεκυς
1216 3784 1327 3837 τῶν
1352 3783 1619 3853 αἱρέσεων
1637 3799 1652 3812 ο
1685 3780 1914 3854 ίεράρχα

2020 3773 2333 3844 plantator;
2360 3778 2414 3825 et
2438 3769 2644 3825 securis
2665 3769 3076 3834 haereticorum;
3109 3771 3347 3838 pontilex
3378 3771 3602 3839 Amphi-

318 3875 659 3948 ’Δμφιλόχιε
681 3893 697 3907 ⁸
736 3876 833 3947 τῆς
864 3873 1099 3947 Τριάδος
1132 3874 1388 3944 θεράπων
1426 3875 1455 3925 6
1491 3871 1744 3943 μέγιστος
1764 3888 1777 3902 ·
1815 3871 1914 3922 σὺν

2019 3867 2194 3936 lochi;
2243 3862 2529 3920 Trinitatis
2588 3861 2833 3916 minister
2885 3861 3158 3928 maxime;
3216 3877 3338 3916 cum
3383 3862 3594 3932 angelis

305 3969 583 4037 ἀγγέλοις
624 3968 801 4021 πέλων
846 3968 966 4022 ἀεί·
1020 3963 1342 4037 πρεσϐεύων
1404 3963 1478 4035 μὴ
1531 3962 1718 4036 παύσῃ
1771 3960 1914 4031 ὑπὲρ

2019 3962 2285 4016 exsistens
2331 3970 2587 4026 semper;
2641 3955 2974 4009 intercessor
3020 3967 3086 4008 ne
3130 3967 3310 4011 cesses
3338 3970 3458 4012 esse
3503 3969 3601 4027 pro

305 4054 541 4109 πάντων
575 4055 611 4125 ἡ
618 4054 755 4125 μῶν.

2016 4049 2269 4105 omnibus
2296 4047 2474 4103 nobis.

1897 4223 2101 4279 lumen.

999 4351 1221 4405 Στίγοι.

999 4370 1098 4405 λίτι
1145 4370 1221 4404 οι.

308 4441 564 4509 Σταλείς,
615 4442 934 4514 Ἀμφιλόχιε
954 4482 968 4507 ,
1004 4370 1213 4514 mia»;
1243 4440 1486 4513 ἀμφίοις,

308 4534 527 4603 Δόχους
556 4533 861 4599 σκεδάζεις,
890 4532 983 4587 καὶ
1015 4534 1206 4606 νεκρὸς
1230 4532 1538 4604 νοούμενος.

310 4623 513 4679 Εἰκάδι
541 4625 601 4678 ὲν
631 4626 862 4697 τριτάτῃ
908 4623 1137 4688 Θάνατος
1198 4622 1363 4678 λάϐεν
1407 4620 1781 4693 ⁸Αμφιλόχιον.

2706 4342 2920 4399 Versus.

2020 4434 2263 4502 indutus,
2307 4432 2674 4505 Amphilochi,
2712 4445 3051 4490 mortuorum
3074 4433 3278 4501 linteis,

1912 4556 1921 4567 -
2020 4526 2370 4581 lnsidiantunt
2395 4526 2609 4598 agmina
2636 4526 2892 4596 dissipas,
2919 4526 3002 4583 vel
3024 4539 3270 4583 mortuus
3292 4531 3596 4597 reputatus.

2023 4616 2119 4671 Die
2147 4615 2406 4672 vicesima
2433 4602 2593 4672 tertia
2618 4632 2766 4673 mors
2799 4617 2945 4688 cepit
2970 4616 3433 4689 Amphilochium.
