4048 6480
482 358 594 416 ,δε
1469 345 1527 400 s.
1569 335 2016 399 AMPHILOCHII
2053 326 2440 392 lCONlENSlS
2476 324 2787 405 EPISCOBI
3700 300 3782 381 δι’

536 494 1588 543 W

1590 469 3754 520 Μ

1638 658 1776 713 ΤΟΥ
1803 655 1895 711 ΕΝ
1917 655 2139 711 ΔΓΙΟΙΣ
2160 653 2431 710 ΠΑΤΡΟΣ
2461 648 2660 706 ΗΜΩΝ

1153 830 1868 927 ΑΜΦΙΛΟΧΙΟΥ
1921 778 2591 914 ΕΠΙΣΚΟΠΟΥ
2661 819 3138 909 ΙΚΟΝΙΟΥ

1361 1020 1872 1140 ΛΟΓΟΙ·
1909 1019 2187 1134 ΚΑΙ
2247 1008 2903 1135 ΟΜΙΔΙΑΙ.
2964 952 2967 963 “

1276 1415 1454 1544 8.
1522 1411 1659 1535 Ρ.
1727 1411 1874 1534 Ν.
1941 1402 2996 1535 AMPHILOCHII

1915 1645 2224 1706 EPISCOPI
2262 1644 2466 1701 ICONll

1499 1821 2106 1904 ORATIONES
2148 1820 2280 1899 ET
2324 1817 2826 1900 HOMILIJE.

2113 1983 2199 2018 (-

1161 2139 1418 2198 ORATIO
1456 2140 1496 2197 Ι.

682 2234 752 2290 1η
797 2196 1038 2287 natalitia
1066 2238 1240 2302 magni
1273 2233 1365 2287 Dei
1403 2246 1451 2287 et
1489 2232 1776 2289 Saluatoris
1809 2234 1973 2289 nostri

1095 2302 1221 2356 Jesu
1275 2303 1475 2357 Christi
1494 2303 1561 2357 ¹⁵.

614 2392 658 2449 1.
689 2392 911 2447 Videtur
941 2390 1098 2463 plane
1127 2399 1337 2459 pratum
1366 2391 1466 2445 hoc
1491 2389 1769 2459 spirituale
1792 2399 1846 2445 et
1882 2390 2120 2460 splendi-

549 2484 698 2549 dum,
722 2482 1019 2538 caelestium
1055 2480 1247 2536 ﬂorum
1278 2489 1560 2536 venustate
1585 2480 1792 2536 varium
1816 2479 1971 2546 illud,
1998 2495 2125 2550 apo-

550 2575 866 2644 stolicisque
890 2588 955 2628 ac
998 2571 1322 2641 incorruptis
1369 2570 1686 2627 suaveoleus
1727 2570 2005 2638 odoribus,
2041 2573 2125 2628 tli-

554 2667 667 2725 vini
697 2666 929 2736 paradisi
966 2664 1222 2735 praeferre
1252 2674 1455 2735 typum.
1493 2663 1952 2729 Quemadmodum
1977 2664 2120 2719 enim

552 2757 768 2829 tripudii
803 2771 1077 2827 ovansque
1120 2755 1208 2811 ille
1241 2756 1423 2812 sensui
1457 2753 1732 2824 subjectus
1773 2764 1935 2825 atque
1986 2755 2126 2810 mala

550 2852 697 2907 omni
727 2866 860 2905 aura
892 2864 1092 2904 vacuus
1119 2849 1299 2917 locus;
1332 2848 1614 2903 arboribus
1646 2847 1999 2918 incorruptis,
2025 2847 2129 2902 im-

555 2943 984 3011 mortalibusque
1024 2942 1308 3006 fructibus,
1364 2955 1439 2994 ae
1480 2939 1961 2995 innumerabilibus
2008 2939 2130 2994 aliis

556 3049 811 3104 perquam
842 3032 1138 3104 magniﬁcis
1169 3033 1457 3087 decoratur
1485 3032 1819 3087 ornamentis
1851 3050 1865 3086 :
1897 3031 1969 3086 ita
2002 3045 2132 3087 sane

556 3127 611 3173 et
642 3117 1009 3172 divinissitnus
1066 3117 1580 3186 sacratissimusque
1615 3115 1866 3172 Ecclesiae
1897 3131 2133 3172 conveu~

560 3221 668 3275 tus,
705 3208 1075 3279 spiritualibus
1125 3208 1448 3278 arcanisque
1492 3192 1751 3264 illustrius
1800 3208 2134 3279 splendescit

559 3299 913 3355 sacramentis
940 3316 954 3352 :
991 3314 1219 3369 quorum
1252 3300 1406 3355 nobis
1432 3314 1716 3355 sacrorum
1749 3300 1906 3355 hodie
1929 3299 2134 3355 Christi

563 3391 672 3446 veri
690 3390 780 3445 Dei
810 3390 974 3445 nostri
1000 3391 1366 3445 natalitiorum
1392 3389 1531 3448 festa
1563 3390 1702 3460 dies,
1726 3391 1895 3449 solida
1916 3393 2134 3461 crepido

2145 2153 2192 2212 Δ

2851 2134 3070 2191 ΛΟΓΟΣ
3102 2135 3183 2191 A'.

2219 2236 2324 2301 Εἰς
2360 2232 2436 2294 τὰ
2472 2231 2746 2304 γενέθλια
2784 2229 2923 2304 τοῦ,
2942 2226 3212 2304 μετέλθῃ
3254 2225 3417 2304 Θεοῆ
3441 2226 3540 2280 καὶ
3596 2222 3799 2297 Σωτῆο

2561 2318 2673 2369 ρος
2700 2298 2869 2369 ἡμῶν
2912 2295 3115 2367 Ἰησοῦ
3160 2295 3440 2365 Χριστοῦ.

2290 2396 2370 2449 A'.
2416 2394 2475 2446 '0
2511 2393 2609 2463 μὲν
2638 2393 3003 2461 πνευματικὸς
3023 2381 3178 2453 οὗτος
3192 2390 3286 2442 καὶ
3303 2388 3553 2460 λαμπρὸς
3571 2386 3796 2458 λειμὼν,

2223 2486 2252 2539 ὁ
2297 2483 2376 2554 τῷ
2416 2483 2527 2537 τῶν
2572 2481 2837 2553 οὐρανίων
2879 2479 3055 2535 ἀνθῶν
3111 2480 3297 2536 κάλλει
3356 2477 3798 2549 πεποικιλμένος,

2224 2577 2321 2632 καὶ
2382 2577 2501 2639 ταῖς
2550 2558 2937 2634 ἀποστολικαῖς
3009 2572 3105 2624 καὶ
3166 2571 3456 2641 ἀκράντοις
3510 2569 3801 2635 εὐοδιάζων

2225 2667 2547 2739 ἀποφοραῖς,
2589 2662 2757 2717 τύπον
2802 2661 2945 2734 ἔχειν
2987 2658 3083 2713 τοῦ
3136 2659 3282 2714 θείου
3327 2659 3653 2729 παραδείσου
3712 2674 3804 2730 μοι

2228 2759 2495 2830 φαίνεται.
2523 2758 2620 2810 Ὃν
2639 2754 2748 2826 γάρ
2769 2754 2967 2826 τρόπον
2986 2751 3015 2804 ὁ
3037 2749 3293 2820 αἰσθητὸς
3316 2750 3519 2811 ἐκεῖνος
3545 2748 3638 2800 καὶ
3661 2748 3804 2820 ἀκή-

2232 2866 2390 2926 ρατος
2420 2848 2581 2921 χορὸς
2615 2847 2715 2919 (1),
2756 2845 3027 2918 δένδρεσιν
3068 2842 3388 2914 ἀφθάρτοις,
3433 2840 3528 2893 καὶ
3570 2840 3808 2911 καρποῖς

2229 2940 2538 3005 ἀθανάτοις,
2562 2940 2658 2995 καὶ
2681 2937 2898 3011 μυρίοις
2926 2935 3106 3002 ἀλλοις
3136 2934 3549 3007 ὑπερλάμπροις
3581 2931 3809 3003 φαιδρύ-

2229 3049 2377 3088 νεται
2415 3030 2697 3085 κάλλεσινο
2730 3028 2872 3082 οὕτω
2919 3028 2995 3099 δὴ’
3029 3026 3125 3080 καὶ
3165 3017 3319 3088 οὗτος
3347 3025 3375 3077 ὁ
3406 3022 3807 3089 θεοειδθέστατος

2226 3125 2330 3196 »τῆς
2385 3121 2887 3195 ίεροπρεπεοτάτης
2943 3116 3269 3190 Ἐκκλησίας
3325 3115 3548 3182 θίασος,
3598 3116 3808 3183 νοητοῖς

2232 3218 2325 3271 καὶ
2357 3216 2620 3289 ἀρρήτοις
2646 3209 3169 3283 καταλαμπρύνεται
3203 3208 3544 3281 μυστηρίοις,
3571 3200 3645 3261 ὧν
3672 3223 3810 3277 κρη-

2232 3307 2328 3371 πὶς
2357 3309 2491 3379 ἡμῖν
2513 3304 2781 3378 ἀρραγὴς,
2810 3304 2905 3357 καλ⁹
2931 3301 3180 3374 θεμέλιος
3202 3300 3510 3372 ἀστεμφὴς,
3542 3298 3639 3353 καὶ
3666 3297 3810 3370 ἀρχὴ

2238 3398 2522 3470 σωτήριος,
2551 3396 2645 3449 καί
2668 3393 2883 3467 κορυφὴ
2910 3391 3341 3464 πανσεὸἀσμιος,
3372 3393 3404 3463 ή
3439 3390 3676 3462 σήμερον
3702 3388 3812 3441 τῶν

560 3493 644 3538 est
672 3484 1190 3552 fundamentumque
1223 3483 1523 3543 immotum.
1560 3493 1616 3537 et
1657 3483 1875 3540 salubre
1923 3483 2133 3539 initium

2239 3490 2408 3558 ἀγίων
2444 3486 2682 3561 Χριστοῦ
2729 3484 2823 3539 τοῦ
2872 3483 3126 3556 ἀληθινοῦ
3174 3483 3309 3537 Θεοῦ
3341 3481 3497 3554 ἡμῶν
3523 3479 3814 3550 γενεθλίων

562 3591 625 3630 ac
656 3575 812 3644 plane
836 3586 1094 3644 angustus
1127 3584 1313 3629 vertex
1346 3592 1363 3632 :
1396 3584 1617 3645 propter
1652 3589 1813 3645 quam
1865 3582 1919 3629 et
1954 3584 2137 3629 vetera

563 3666 790 3737 ﬁgurate
818 3666 1136 3736 prophetata
1170 3672 1316 3734 sunt,
1352 3674 1404 3720 et
1443 3680 1580 3720 nova
1622 3665 1673 3719 iu
1721 3672 1836 3721 tom
1871 3674 2134 3723 terrarum

562 3760 695 3814 orbe
737 3757 914 3827 palam
963 3757 1290 3825 praedicata:
1321 3771 1419 3827 per
1468 3772 1627 3827 quam
1661 3757 1859 3813 ccelum
1890 3765 2138 3827 apertum

562 3857 669 3913 est,
707 3857 958 3917 terraque
1005 3846 1073 3903 ad
1103 3848 1339 3903 divinam
1386 3847 1528 3907 elata
1578 3848 1952 3903 celsitudinem
1998 3859 2142 3915 :per

563 3956 726 4012 quam
757 3941 1036 4011 paradisus
1053 3956 1346 3999 concessus
1366 3950 1451 3997 est
1484 3926 2141 4006 hominibus,‘morlisque

567 4039 805 4100 potestas
825 4030 1021 4086 abolita
1053 4047 1069 4085 :
1096 4046 1191 4102 per
1219 4046 1382 4100 quam
1410 4031 1490 4084 vis
1518 4028 1879 4100 corruptionis
1907 4038 1992 4084 est
2012 4043 2143 4087 con-

568 4119 798 4185 culcata,
822 4121 1264 4190 peruiciosusque
1294 4118 1489 4174 diaboli
1517 4117 1696 4173 cultus
1719 4117 1962 4173 sublatus
1987 4136 2001 4174 :
2038 4133 2135 4187 per

567 4227 729 4282 quam
777 4213 1007 4265 humana
1055 4211 1184 4265 vitia
1225 4210 1552 4265 mortiﬁcata
1610 4216 1756 4273 sunt,
1807 4209 2143 4281 angelicique

570 4304 789 4358 dominii
814 4304 1099 4372 designata
1130 4301 1252 4359 vita:
1286 4300 1459 4357 ratio:
1499 4315 1595 4369 per
1628 4316 1790 4370 quam
1823 4301 2036 4371 fugatus
2061 4311 2144 4356 est

569 4410 725 4450 error
763 4383 1091 4463 daemonum,
1134 4391 1336 4462 Deique
1382 4393 1643 4462 sapientia
1702 4407 1767 4447 ac
1807 4392 2144 4448 castissimus

572 4484 928 4551 aununtiatus
961 4483 1246 4537 adventus.
1296 4481 1419 4536 Non
1471 4483 1608 4536 enim
1663 4481 1901 4552 angelus,
1941 4482 2141 4551 inquit,

572 4592 734 4645 neque
766 4576 985 4646 legatus,
1039 4574 1128 4628 sed
1179 4576 1285 4645 ipse
1325 4573 1584 4631 Dominus
1635 4576 1795 4628 veniet
1834 4586 1883 4628 et
1924 4573 2144 4628 salvabit

571 4684 657 4722 eos
680 4668 744 4722 “.
771 4667 815 4724 Ο
842 4667 1137 4722 faustorum
1174 4667 1479 4721 nuntiorum
1526 4666 1801 4720 immensa:
1837 4665 2069 4720 divitim!
2112 4679 2146 4718 ο

575 4760 1098 4830 sapientissimorum
1150 4767 1611 4819 sacramentorum
1671 4757 1896 4813 scientia
1930 4757 2144 4813 inenar-

2237 3583 2386 3635 ἐστὶν
2419 3581 2579 3650 ἑορτή
2601 3596 2615 3610 ·
2650 3578 2718 3631 δι’
2752 3577 2820 3647 ἣν
2874 3576 2969 3630 καὶ
3012 3575 3081 3630 τά
3118 3575 3326 3630 παλαιά
3371 3576 3815 3647 πεπροφήτευται

2236 3669 2502 3735 τυπικῶς,
2530 3668 2624 3721 καὶ
2643 3667 2716 3722 τὰ
2743 3666 2841 3722 νέα
2867 3666 3164 3738 διαρρήδην
3193 3668 3273 3731 εἰς
3301 3668 3485 3722 πᾶσαν
3512 3665 3610 3736 τὴν
3640 3666 3818 3719 οἰκου-

2243 3761 2408 3833 μένην
2427 3760 2775 3832 ,κεκήρυκται
2796 3775 2810 3789 ’
2844 3758 2912 3812 δι’
2943 3760 3008 3830 ἣν
3057 3758 3266 3831 φθορᾶς
3301 3759 3361 3812 δε
3397 3774 3532 3831 uti;
3566 3756 3816 3828 πεπάτη-

2239 3868 2349 3915 ται,
2379 3851 2473 3905 καὶ
2502 3850 2751 3904 διαϐόλου
2787 3848 2952 3913 σέϐας
2996 3849 3238 3924 ὀλέθριον
3277 3852 3553 3904 πέπαυται
3579 3866 3593 3880 ·
3642 3850 3709 3903 δι’
3752 3849 3822 3919 ἢν

2241 3941 2338 3997 ἀνθ
2348 3940 2560 4014 ρώπινα
2580 3941 2728 4012 πάθη
2758 3942 3148 4007 τεθανάτωται,
3174 3940 3472 4011 ἀγγελικῆς
3501 3939 3823 4003 δεσποτείας

2243 4033 2357 4103 βίος
2396 4032 2842 4088 ἀνακεκαίνισται
2870 4032 2976 4106 (2)·
3012 4032 3078 4085 δι’
3130 4034 3196 4103 ἢν
3241 4031 3469 4103 οὐρανὸς
3512 4028 3820 4100 ἡνέῳκται,

2241 4126 2338 4180 καὶ
2362 4126 2433 4198 γῆ
2469 4128 2550 4190 είς
2585 4126 2728 4179 θεῖον
2770 4124 2905 4195 ὕψος
2939 4123 3302 4196 μετεώρισται
3323 4140 3337 4155 ο
3366 4122 3432 4176 δι’
3464 4124 3529 4193 ἣν
3558 4120 3823 4192 παράδει-

2243 4235 2334 4282 σος
2362 4217 2668 4291 ἁνθρώποις
2689 4217 3026 4281 ἀποδέδοται,
3065 4216 3161 4270 καὶ
3196 4216 3426 4269 θανάτου
3457 4213 3657 4285 κράτος
3685 4230 3819 4266 κατ-

2241 4312 2508 4382 ήργηταιο
2553 4310 2618 4363 δι’
2652 4310 2717 4380 ἢν
2762 4309 2939 4377 πλάνη
2985 4306 3256 4377 δαιμόνων
3313 4305 3619 4371 δεδίωκται,
3686 4302 3823 4359 Θεοῦ

2245 4404 2407 4474 σοφία
2444 4403 2539 4457 καὶ
2584 4404 2857 4470 πάναγνος
2897 4401 3167 4473 παρουσία
3196 4401 3527 4474 μεμήνυται.
3562 4402 3685 4454 Οὐκ
3717 4399 3822 4468 ἀγυ-

2244 4495 2420 4563 τελος
2451 4491 2583 4563 γὰρ,
2638 4493 2821 4563 φησὶν,
2878 4491 3021 4546 οὐδὲ
3070 4492 3359 4560 πρέσϐυς,
3401 4491 3541 4546 ἀλλ’
3576 4489 3758 4556 αὐτὸς
3792 4491 3826 4544 ὁ

2243 4585 2458 4652 Κύριος
2490 4584 2623 4653 ἣξει
2662 4582 2763 4645 καὶ
2810 4582 2996 4637 σώσει
3031 4584 3272 4649 αὐτούς.
3305 4579 3377 4636 Ὦ
3409 4582 3570 4637 θείων
3598 4584 3827 4652 εὐαγγε-

2243 4672 2372 4727 λίων
2395 4674 2623 4737 πλοῦτος
2643 4673 2948 4745 ἁμύθητοςί
2976 4667 3322 4743 ὣπανσόφων
3349 4673 3659 4745 μυστηρίων
3688 4671 3829 4740 γνῶ-

2248 4781 2331 4828 σις
2368 4764 2789 4835 ἀνεκδιήγητοςί
2839 4758 2885 4817 ὦ
2931 4764 3091 4818 θείων
3139 4765 3433 4836 ἀφράστων
3466 4763 3683 4834 δωρεῶν
3730 4763 3829 4835 θη·
3876 4752 3881 4757 ’

576 4851 792 4906 rabilis!
840 4867 874 4907 ο
919 4851 1223 4907 divinorum
1276 4848 1630 4905 iuell‘abilium
1671 4848 1932 4904 donorum
1990 4846 2143 4902 inde-

2250 4857 2449 4927 σαυρὸς
2477 4856 2893 4923 ἀνεξάλειπτοςί
2939 4849 2983 4908 ὦ
3029 4857 3389 4927 προνοητικῆς
3418 4855 3829 4926 φιλανθρωπίας

576 4940 831 4997 fectibilis
891 4941 1210 4998 thesaurus!
1252 4957 1286 4996 ο
1340 4941 1575 5011 provida:
1626 4937 2142 5009 clementite'gratia

579 5030 1017 5086 innumerabilis!
1054 5031 1176 5100 Ipse
1207 5031 1368 5096 enim,
1409 5032 1602 5100 inquit,
1649 5029 1905 5083 Dominus
1957 5030 2141 5092 veniet,

580 5135 627 5179 ει
653 5123 878 5179 salvabit
909 5139 1022 5179 nos.
1050 5123 1188 5191 Quo,
1219 5123 1478 5194 propheta
1517 5123 1717 5187 divine,
1760 5123 1917 5178 modo
1942 5122 2009 5177 ad
2044 5137 2144 5179 nos

652 5257 696 5288 "
736 5257 844 5312 Tit.
874 5272 936 5322 ιι,
971 5257 1061 5313 l3.
1139 5259 1183 5289 “
1210 5257 1314 5313 lsa.
1351 5271 1508 5323 mu,
1543 5256 1598 5314 9.

655 5373 730 5454 (ί)
764 5375 876 5454 Καὶ
897 5375 1193 5444 ἀκήρατος
1231 5376 1429 5444 χορός.
1456 5373 1703 5454 Placeret
1719 5373 1890 5439 magis
1922 5371 2146 5454 χῶρος..

586 5443 900 5501 retinuimus
923 5443 1103 5501 tamen
1133 5443 1349 5514 propter
1373 5460 1626 5510 sequens,
1651 5443 1837 5506 θίασος
1856 5485 1870 5507 ,
1886 5443 2150 5514 γιιιγείειιί-

587 5514 777 5567 licetur
806 5517 1087 5581 paradisus
1112 5513 1167 5569 et
1191 5513 1379 5571 hurtus
1408 5516 1516 5578 ille,
1544 5516 1610 5569 ad
1639 5518 1850 5568 modum
1883 5513 1982 5565 luci
2019 5514 2148 5567 cho—

585 5583 695 5640 reis
710 5582 992 5655 destinati,
1026 5595 1079 5640 et
1104 5586 1204 5642 loci
1232 5586 1484 5655 tripudii:
1520 5584 1694 5654 qualis
1723 5597 1848 5637 vere
1872 5581 1971 5637 fuit
1996 5597 2151 5638 erea-

588 5659 678 5712 tus
708 5653 974 5706 innocenti
1011 5656 1233 5710 homini.

657 5720 738 5794 (2)
777 5720 1106 5794 Ἀγγελικῆς
1126 5725 1477 5795 δεσποτείας
1488 5725 1629 5793 ,βίος
1646 5724 2152 5781 ἀνακεκαίνισται.

2250 4945 2410 5016 χάρις
2458 4945 2861 5018 ἁναρίθμητοςί
2903 4946 3095 5011 Αὐτὸς
3142 4944 3273 5014 γὰρ,
3318 4944 3501 5016 φησιν,
3546 4946 3579 4997 ό
3613 4945 3831 5013 Κύριος

2250 5030 2402 5099 ἣξει,
2438 5030 2537 5085 καὶ
2564 5031 2751 5086 σώσει
2787 5030 2964 5101 ἡμᾶς.
2999 5033 3184 5097 Ἢξειν
3217 5034 3352 5103 πρὸς
3383 5034 3533 5103 ἡμᾶς
3558 5031 3677 5086 τίνα
3700 5034 3827 5107 τρόο

2250 5138 2371 5190 πον,
2402 5116 2447 5175 ὦ
2490 5122 2602 5176 θεῖε
2637 5124 2922 5195 προφῆτα,
2956 5123 3247 5195 κηρύττεις
3271 5124 3363 5177 τὸν
3396 5123 3634 5195 Κύριον;
3676 5125 3827 5197 Παῤ·

2254 5371 2417 5428 Velut
2445 5373 2616 5442 prima
2644 5370 2732 5424 illa
2761 5369 3032 5436 libertate,
3058 5384 3162 5440 qua
3187 5369 3394 5426 similes
3418 5370 3644 5442 angelis,
3676 5384 3830 5442 mero

2258 5440 2484 5513 imperio
2511 5441 2765 5510 appetitui
2795 5441 3229 5513 dominabantur,
3262 5443 3343 5513 sin
3372 5440 3527 5513 plene
3559 5440 3829 5513 restituta,

2258 5520 2313 5567 at
2340 5509 2490 5567 velut
2522 5509 2809 5576 inelioata;
2850 5509 3228 5579 abundantiori
3268 5511 3355 5565 illa
3374 5509 3555 5579 gratia
3594 5519 3648 5563 et
3687 5509 3836 5579 sani-

2259 5592 2369 5637 tate
2410 5579 2504 5662 τοὶξ
2550 5578 2882 5660 ἡγεμονικοῦ
2905 5618 2920 5645 ,
2951 5579 3287 5637 redundante
3334 5577 3617 5651 in'corpus
3646 5577 3832 5649 subje—

2261 5662 2426 5719 ctum,
2461 5665 2681 5721 ejusquc
2711 5665 2877 5707 Vires.
