4118 6464
390 396 471 453 57
1501 393 1767 452 ORATIO
1806 394 1872 451 IN
1911 395 2194 454 CHRISTI
2230 396 2593 458 NATALEM.
3587 407 3660 465 53

394 486 734 590 μισήσομαι
767 514 876 587 γὰρ
920 516 978 571 ἐν
1016 515 1192 588 τούτῳ
1225 514 1301 586 τῷ
1334 515 1489 587 μέρει
1524 517 1662 588 πρὸς
1686 519 1747 571 σὲ
1786 518 1849 572 τὸ
1874 519 1976 573 τῶν

2087 530 2372 575 venturum
2431 522 2713 576 Dominum
2762 521 3057 591 prardicas?
3079 522 3162 577 Ad
3196 530 3246 576 te
3282 522 3423 577 enim
3461 523 3565 579 hac
3603 526 3656 581 in

391 606 651 673 παλαιῶν
676 605 884 678 ἀνδρῶν
922 606 1211 678 πρόσωπον
1235 607 1679 679 ἀναδεδεγμένος,
1711 609 1820 662 τῶν
1845 610 1982 663 ταύ-

392 719 498 772 την
524 699 651 771 (εἰς)
678 699 778 771 τὴν
815 697 1160 769 πανύμνητόν
1211 715 1301 769 μοι
1335 699 1709 771 ἐορτασάντων
1736 702 1983 773 πανήγυ-

396 809 510 863 ριν,
552 792 693 863 μήτε
733 790 789 843 δὲ
819 790 914 843 τοῦ
953 788 1143 844 καινοῦ
1185 790 1282 843 καὶ
1313 792 1589 859 πανάγνου
1622 792 1852 855 ,τοκετοῦ
1882 792 1984 863 τῆς

394 881 672 953 ἀχράντου
698 879 981 952 Παρθένου
1009 879 1448 951 πεπειραμένων,
1484 882 1624 953 μήτε
1653 881 1723 934 τὰ
1743 881 1853 935 τῶν
1882 884 1985 951 ἀγ-

392 973 576 1041 γέλων
617 970 938 1042 ἑωρακότων
971 972 1337 1043 σκιρτήματα,
1376 972 1513 1043 μήτε
1541 972 1638 1036 τὰς
1664 971 1814 1037 θείας
1848 975 1985 1044 ἀκη-

394 1063 606 1117 κοότων
637 1062 842 1131 φωνὰς,
886 1062 952 1126 ἃς
996 1061 1132 1133 πρὸς
1158 1063 1285 1127 τοὺς
1329 1062 1494 1133 ίερεῐς
1523 1063 1790 1134 ποιμένας
1819 1065 1983 1117 ἀνευ-

396 1151 717 1222 φημοῦντες
770 1151 861 1204 τὸν
923 1152 1317 1223 γεγεννημένον
1368 1154 1628 1226 Σωτῆρα,
1685 1154 1982 1225 γεγηθότες

394 1242 749 1314 ἀπήγγελλον
768 1259 784 1274 ο
825 1243 960 1314 μήτε
996 1244 1101 1316 μὴν
1134 1242 1242 1297 τῶν
1272 1244 1462 1316 μάγων
1497 1244 1566 1298 τὰ
1594 1244 1744 1317 δῶρα
1768 1246 1981 1299 συνιέν-

394 1352 532 1400 των,
562 1335 661 1389 καὶ
684 1332 781 1405 τὴν
809 1334 1179 1407 προσκύνησιν
1206 1334 1305 1406 τὴν
1336 1335 1556 1408 θεῖκήν·
1594 1336 1820 1391 ἐκείνων
1847 1338 1980 1392 ἀνα-

393 1426 697 1497 δεξάμενος
730 1425 790 1478 τὸ
828 1426 1137 1498 πρόσωπον,
1184 1427 1524 1499 ἐρωτήσαιμι
1558 1444 1618 1480 σε
1643 1427 1734 1482 τὸν
1778 1429 1980 1500 τρόπον

394 1518 503 1588 τῆς
550 1518 871 1589 παρουσίας.
924 1518 1279 1589 Κατέπληττε
1338 1518 1447 1589 γὰρ
1496 1520 1695 1582 αὐτοὺς
1749 1520 1977 1584 εἰκότως

394 1607 522 1662 λίαν
550 1608 612 1661 τὸ
640 1608 840 1677 λόγιον,
878 1608 972 1662 καὶ
1001 1609 1196 1681 μικροῦ
1225 1608 1332 1662 δεῖν
1361 1608 1438 1680 τῷ
1470 1609 1662 1682 πλήθει
1697 1610 1792 1663 τοῦ
1825 1611 1977 1677 δέους

395 1700 719 1767 ἐξίστασθαι
753 1700 1162 1771 παρεσκεύασεν
1190 1701 1298 1755 τῶν
1324 1701 1552 1773 φρενῶν.
1593 1702 1668 1775 Ού
1695 1702 1803 1773 γὰρ
1833 1699 1976 1773 εἶχον

394 1793 563 1854 νοεῖν,
580 1791 662 1843 ὅτι
684 1791 713 1842 6
730 1789 990 1853 ἀθάνατος
1003 1789 1137 1854 Θεὸς
1162 1790 1298 1862 πρὸς
1329 1789 1646 1860 ἀνθρώπους
1672 1791 1973 1858 γεωδεστά-

2086 620 2237 678 parte
2263 610 2429 665 libere
2457 611 2670 679 loquar,
2694 624 2923 679 persona
2956 621 3195 667 veterum
3229 622 3526 686 assumpta,
3557 618 3652 686 qui

2085 700 2289 756 hancce
2315 702 2443 755 mihi
2490 702 2906 757 laudatissimam
2950 702 3320 758 celebritatem
3350 706 3654 774 coluerunt,

2086 807 2183 847 nec
2203 808 2395 848 novum
2422 802 2598 848 tamen
2632 803 2686 848 ct
2708 793 3067 849 castissimum
3108 794 3441 852 intemerata:
3475 796 3655 868 Virgi—

2085 881 2167 935 nis
2196 892 2432 951 partum,
2478 884 2846 955 experimento
2893 896 3279 954 cognoverunt,
3314 901 3412 940 nec
3437 897 3656 943 sancto-

2056 987 2201 1029 -rum
2230 972 2539 1042 angelorum
2567 975 2816 1029 viderunt
2860 976 3111 1044 tripudia,
3167 990 3269 1030 nec
3307 975 3521 1032 divinas
3551 992 3649 1032 au-

2083 1063 2295 1117 dierunt
2329 1079 2506 1128 voces,
2561 1065 2756 1134 quibus
2799 1065 2898 1130 illi,
2939 1066 3110 1121 sacris
3134 1067 3442 1134 pastoribus
3476 1067 3653 1122 fausle

2082 1155 2461 1223 acclamantes,
2495 1166 2678 1211 natum
2714 1156 3044 1211 Salvatorem
3079 1157 3269 1227 gaudio
3298 1159 3648 1219 nuntiarunt:

2082 1249 2173 1301 sed
2224 1262 2396 1315 neque
2438 1263 2712 1317 magorum
2750 1263 2993 1314 munera,
3052 1248 3396 1316 divinamque
3428 1265 3651 1318 perspc-
3680 1273 3695 1283 ο

2081 1345 2276 1392 xerunt
2317 1340 2681 1392 adorationetn
2714 1356 2728 1392 :
2759 1353 2968 1404 eorum,
3010 1339 3249 1409 inquam,
3291 1355 3518 1409 persona
3565 1356 3654 1394 as-

2081 1437 2311 1496 sumpta,
2333 1442 2399 1481 ex
2427 1437 2475 1482 te
2503 1429 2759 1482 adventus
2789 1429 3001 1482 modum
3037 1429 3362 1497 qumsierim.
3418 1429 3652 1485 Perculit

2080 1520 2223 1573 enim
2246 1534 2339 1573 eos
2370 1534 2623 1587 perquam
2663 1520 2854 1573 merito
2881 1520 3179 1584 oraculum,
3214 1535 3512 1588 parumque
3552 1521 3650 1573 ab-

2082 1610 2199 1675 fuit,
2226 1624 2291 1662 ne
2324 1623 2430 1676 pra:
2458 1608 2659 1676 ingenti
2694 1618 2833 1663 metu
2873 1609 3115 1663 sensibus
3152 1610 3481 1664 deturbaret.
3530 1609 3647 1663 Non

2077 1701 2218 1753 enim
2259 1707 2505 1768 poterant
2541 1697 2811 1752 intellectu
2860 1700 3095 1768 assequi,
3141 1709 3426 1753 venturum
3478 1700 3644 1753 Dcmn

2078 1791 2435 1845 immortalem
2471 1791 2537 1844 ad
2575 1788 2945 1844 crassissimos
2985 1790 3255 1853 homines;
3309 1788 3511 1858 palpari
3555 1804 3651 1843 ne-

395 1899 527 1945 τους
558 1880 710 1952 ἥξει·
752 1881 780 1933 6
820 1859 1374 1952 ὰψηλάφητοςξπρὸς
1417 1859 1541 1945 τοὺς
1588 1881 1877 1952 αίσθητούς
1901 1900 1915 1914 ’
1946 1886 1975 1935 6

2077 1885 2268 1947 scium,
2298 1883 2361 1939 ad
2385 1883 2703 1948 sensibiles;
2749 1880 3099 1943 invisibilem,
3138 1881 3203 1932 ad
3243 1876 3497 1938 visibiles.
3516 1879 3648 1934 Nam

396 1972 732 2045 ἀθεώρητος,
768 1972 904 2044 πρὸς
947 1975 1073 2035 τοὺς
1116 1971 1366 2043 ὁρατούς.
1414 1972 1540 2034 Πῶς
1585 1972 1695 2041 γὰρ
1728 1970 1793 2023 ἂν
1824 1972 1975 2042 ἥξειν

2077 1974 2346 2043 quomodo
2373 1983 2677 2039 venturum,
2713 1986 2927 2041 quoque
2952 1971 3111 2025 modo
3141 1969 3423 2023 videndum
3458 1971 3648 2024 existi-

392 2062 491 2113 τὸν
519 2061 651 2116 Θεὸν
683 2061 962 2133 ᾠήθησαν,
981 2061 1077 2113 καὶ
1104 2059 1222 2119 πῶς
1246 2058 1610 2127 ὁφθήσεσθαι;
1653 2059 1844 2121 Ἐνίοις
1885 2062 1976 2129 μὲν

2082 2061 2330 2115 marent?
2362 2061 2589 2127 Quidam
2612 2062 2753 2115 enim
2779 2060 3055 2129 putabant,
3084 2059 3225 2113 sicut
3248 2057 3397 2128 prius
3420 2058 3652 2112 Abraha:

393 2150 575 2205 ἐδόκει
602 2152 870 2222 πρότερον
906 2148 980 2210 ὼς
1013 2145 1174 2216 ὤφθη
1221 2143 1300 2214 τῷ
1337 2144 1591 2214 Ἀϐραὰμ
1614 2145 1680 2197 δι’
1714 2146 1981 2214 ἀγγέλων,

393 2244 430 2315 ἢ
475 2244 521 2297 δ’
564 2240 631 2299 αὖ
680 2242 863 2307 πάλιν,
904 2241 979 2305 ὡς
1021 2237 1176 2309 ὤφθη
1213 2236 1288 2307 τῷ
1336 2236 1546 2307 Μωῦσῇ
1586 2236 1674 2290 διὰ
1718 2238 1889 2309 πυρὸς
1924 2240 1984 2292 ὲν

388 2338 468 2405 τῇ
499 2334 670 2406 βάτῳ,
700 2334 736 2404 ἢ
763 2333 882 2386 καθ’
906 2332 965 2384 ὃν
986 2330 1186 2402 τρόπον
1218 2326 1368 2396 ὤφθη
1400 2325 1479 2396 τῷ
1522 2326 1713 2399 Ἡσαΐᾳ
1742 2327 1831 2381 διὰ
1870 2329 1979 2384 τῶν

391 2427 672 2496 σεραφὶμ,
729 2422 761 2493 ἢ
799 2422 875 2492 τῷ
934 2418 1190 2489 Ἰεζεκιὴλ
1232 2417 1317 2469 διὰ
1357 2415 1464 2468 τῶν
1502 2417 1783 2486 χερουόίμ.
1819 2418 1976 2496 Οῦτω

388 2515 521 2585 γὰρ
571 2514 769 2577 πάντες
801 2512 929 2565 Θεὸν
973 2510 1272 2582 ἑωρακέναι
1318 2507 1701 2578 διαμφοτέροις
1750 2508 1974 2580 τρόποις

394 2604 880 2674 μεμαρτυρήκασι.
934 2601 1092 2662 Ποῖος
1140 2599 1316 2651 τοίνυν
1361 2595 1564 2648 τούτων
1621 2597 1840 2668 τρόπων
1892 2601 1974 2662 εἰς

394 2692 636 2763 θεωρίαν
667 2690 797 2745 Θεοῦ
823 2693 970 2744 ἐστιν
1002 2689 1189 2756 eam;
1222 2690 1381 2762 δῆλον
1409 2693 1489 2746 ὅτι
1511 2693 1632 2746 οὐδὲ
1659 2686 1758 2754 εἷς.

473 2785 644 2840 Πόθεν
662 2785 718 2839 δὲ
747 2784 978 2856 μάλιστα
1006 2782 1166 2836 τοῦτο
1198 2783 1568 2855 πιστούμεθα;
1613 2785 1708 2836 Ἐκ
1737 2782 1837 2852 τῆς
1862 2780 1975 2834 ἑτέ-

400 2896 502 2950 ρας
541 2877 634 2931 τοῦ
678 2877 952 2948 προφήτου
1000 2875 1184 2946 φωνῆς
1226 2874 1528 2946 λεγούσης·
1567 2874 1727 2929 Μετὰ
1777 2872 1969 2927 ταῦτα

396 2968 500 3023 ἐπὶ
530 2968 635 3037 τῆς
669 2968 782 3039 τῆς
827 2967 1015 3037 ὤφθη,
1066 2967 1165 3021 καὶ
1208 2966 1334 3032 τοῖς
1376 2966 1704 3035 ἀνθρώποις
1743 2978 1966 3027 συναν-

395 3060 686 3130 εστρὰφη.
729 3059 1022 3123 Ὀπτασίας
1055 3058 1155 3129 μὲν
1181 3057 1287 3131 γὰρ
1318 3060 1518 3122 ἐκεῖνα,
1554 3058 1720 3111 καὶού
1741 3073 1971 3111 συνανα-

2085 2152 2331 2219 apparuit
2360 2165 2454 2219 per
2491 2150 2709 2218 angelos
2731 2150 2772 2181 "
2800 2167 2815 2202 :
2847 2158 2939 2202 aut
2976 2164 3191 2203 rursum
3232 2158 3291 2202 ut
3327 2163 3421 2217 per
3469 2148 3645 2218 ignem

2084 2240 2252 2312 Moysi
2291 2242 2340 2295 in
2379 2242 2511 2295 rubo
2536 2240 2617 2294 ἐς
2652 2248 2743 2294 aut
2777 2239 3046 2309 quomodo
3087 2239 3236 2293 Isaia:
3263 2238 3410 2292 visus
3444 2248 3526 2292 est
3557 2252 3653 2306 per

2078 2333 2406 2402 seraphim"
2449 2351 2465 2387 :
2521 2343 2613 2385 aut
2666 2331 2932 2387 Ezechieli
2999 2345 3094 2400 per
3133 2329 3412 2384 cherubim
3435 2329 3501 2385 “.
3553 2328 3649 2383 His

2075 2423 2217 2478 enim
2268 2423 2541 2477 alterutris
2591 2424 2781 2489 modis,
2812 2422 2974 2477 Deum
3002 2436 3187 2476 omnes
3221 2421 3420 2476 vidisse
3468 2421 3649 2478 testati

2074 2524 2218 2569 sunt.
2251 2513 2379 2582 Quis
2407 2530 2535 2585 ergo
2559 2514 2766 2569 illorum
2795 2514 3009 2583 dignus,
3034 2521 3091 2567 ul
3117 2528 3174 2567 se
3212 2512 3353 2567 Deus
3371 2527 3436 2568 eo
3461 2513 3621 2568 viden

2075 2604 2200 2659 dum
2234 2604 2533 2675 praeberet?
2559 2603 2783 2657 Planum
2815 2612 2898 2658 est
2927 2618 2995 2658 ne
3019 2602 3187 2658 ullum
3214 2617 3354 2658 esse.

2145 2797 2211 2852 ll.
2241 2797 2389 2854 Unde
2418 2799 2467 2853 id
2497 2798 2918 2854 confirmamus?
2950 2798 3022 2852 Ex
3056 2798 3157 2852 alia
3188 2800 3459 2868 propheta:
3490 2816 3643 2867 voce,

2075 2889 2302 2944 dicentis
2330 2908 2343 2944 :
2376 2887 2504 2942 Post
2535 2891 2646 2943 lucc
2668 2890 2721 2942 in
2766 2897 2908 2942 terra
2940 2889 3078 2941 visus
3117 2898 3214 2950 est,
3238 2897 3283 2940 et
3313 2904 3430 2941 cum
3474 2888 3645 2943 homi—

2074 2980 2584 3047 nibus,conversatus
2612 2981 2770 3036 est“.
2801 2979 2893 3033 llla
2922 2979 3138 3047 quidem
3167 2977 3384 3033 visionis
3410 2978 3641 3043 fuerunt,

2076 3086 2179 3124 non
2213 3071 2641 3125 conversationis
2685 3078 2998 3139 argumenta
3036 3087 3049 3122 :
3080 3068 3179 3122 ista
3213 3069 3640 3123 conversationis

401 3150 640 3221 στροφῆς
692 3149 901 3220 ὑπῆρχε
949 3150 1252 3220 τεκμήρια·
1290 3147 1461 3202 ταῦτα
1505 3151 1965 3219 συναναστροφῆς,

2077 3170 2220 3226 sunt,
2251 3177 2353 3217 non
2382 3162 2602 3218 visionis
2649 3161 2937 3229 przeconia.
2982 3159 3261 3227 Quomodo
3310 3160 3470 3226 igitur
3507 3160 3581 3213 ait
3624 3178 3637 3213 :

397 3240 495 3294 καὶ
536 3241 639 3293 οὐκ
677 3239 940 3303 ὀπτασίας
984 3238 1239 3307 τυγχάνει
1288 3236 1639 3309 κηρύγματα.
1695 3237 1819 3299 Πῶς
1874 3232 1969 3290 οὖν

2077 3252 2194 3322 Ipse
2222 3253 2471 3308 Dominus
2508 3254 2693 3318 veniet,
2727 3262 2773 3307 et
2804 3253 3019 3306 salvabit
3055 3254 3190 3306 nos?
3224 3250 3430 3305 Dixeris
3467 3250 3643 3316 nobis,

397 3333 595 3404 φησίν·
650 3330 843 3397 Αὐτὸς
888 3334 920 3385 ὁ
966 3331 1177 3399 Κύριος
1227 3330 1377 3399 ἣξει,
1411 3331 1509 3384 καὶ
1550 3328 1735 3384 σώσει
1777 3329 1970 3399 apag,-

395 3424 579 3496 Λέγῃς
620 3422 688 3477 ἂν
719 3423 870 3494 ἡμῖν,
921 3414 966 3474 ὦ
1021 3421 1278 3493 μακάριε.
1331 3420 1456 3483 Πῶς
1498 3420 1527 3470 6
1564 3420 1972 3488 ἀσχημάτιστος

399 3515 822 3588 σχηματίζεται;
859 3516 887 3567 6
917 3513 1189 3585 ἀκίνητος,
1225 3512 1332 3566 ἀπὸ
1383 3510 1494 3564 τῶν
1542 3508 1808 3579 οὐρανίων
1848 3508 1973 3578 θρό-

396 3623 505 3661 νων
548 3606 638 3659 ὲπὶ
675 3605 778 3676 τῆς
810 3604 917 3674 γῆς
961 3604 1121 3658 πάλιν
1158 3594 1632 3674 ἀντιμεθίσταται;
1664 3598 1793 3669 εῐπῃ
1832 3596 1878 3649 δ’
1909 3596 1976 3649 ἂν

399 3698 540 3769 πρὸς
569 3699 761 3760 αὐτοὺς
785 3693 1040 3749 ἀπαντῶν
1061 3697 1089 3748 ὁ
1104 3695 1245 3758 θεῖος
1272 3688 1425 3756 οὗτος
1445 3692 1583 3761 ἁνήρ
1601 3707 1615 3721 ο
1633 3689 1753 3742 Ὅτι
1774 3688 1839 3741 δι’
1861 3686 1977 3740 ἐτέ-

400 3807 518 3862 ρων
547 3788 734 3856 λογίων
763 3787 850 3841 τὸν
883 3786 1080 3858 τρόπον
1126 3784 1398 3854 ἠκούσατε
1437 3782 1530 3853 τῆς
1571 3779 1891 3851 παρουσίας,
1922 3778 1974 3831 τί

398 3880 681 3952 περισσῶς
727 3878 1227 3951 πολυπραγμονεῖτε
1277 3872 1509 3928 ἐνταῦθα
1553 3873 1612 3925 τὸ
1657 3872 1865 3940 λόγιον;
1901 3870 1973 3922 ’Ἡ

392 3969 624 4042 λέληθεν
657 3969 798 4039 ὑμᾶς
844 3968 906 4021 τὸ
954 3966 1265 4038 εἰρημένον,
1312 3965 1394 4018 ὅτι
1448 3964 1518 4017 Ἠ
1565 3961 1861 4031 παρθένος
1904 3960 1975 4013 ἐν

392 4058 609 4129 γαστρὶ
643 4057 786 4124 ἕξει,
822 4055 924 4110 καὶ
958 4055 1186 4119 τέξεται
1207 4053 1362 4115 υἱὸν,
1401 4050 1500 4107 καὶ
1538 4048 1878 4104 καλέσουσι
1906 4046 1985 4101 τὸ-

396 4148 589 4217 ὄνομα
622 4147 808 4202 αὐτοῦ
858 4144 1267 4216 Ἐμμανουὴλ,
1306 4144 1339 4197 ὅ
1371 4144 1505 4197 ἐστι
1541 4138 1974 4211 μεθερμηνευό-

390 4258 605 4313 μενον,
632 4244 773 4298 Μεθ’
807 4240 977 4310 ἡμῶν
1010 4243 1044 4294 ὀ
1084 4240 1260 4305 Θεός;
1289 4237 1322 4309 ἢ
1354 4238 1455 4290 οὐκ
1482 4235 1755 4305 ἀκηκόατε
1787 4232 1846 4286 τὸ
1882 4249 1976 4302 γε·

392 4334 738 4405 γραμμένον,
775 4334 860 4387 ὅτι
899 4329 1147 4386 Παιδίον
1186 4327 1477 4399 ἐγεννήθη
1511 4326 1677 4396 ἡμῖν,
1715 4325 1845 4391 υίὸς
1872 4325 1971 4378 καὶ

2073 3359 2106 3400 o
2140 3347 2339 3400 beate:
2373 3326 2640 3414 quomodo
2680 3344 2958 3411 ﬁguratur,
3017 3341 3070 3395 iu
3122 3356 3282 3412 quem
3343 3356 3447 3396 non
3500 3341 3647 3395 cadit

2074 3435 2278 3504 ﬁgura?
2310 3436 2710 3503 immobilisque
2761 3434 2827 3488 ab
2862 3433 3174 3488 coelestibus
3202 3433 3439 3498 sedibus,
3489 3432 3646 3487 dere-

2075 3522 2200 3576 licta
2241 3540 2452 3589 rursum
2495 3524 2746 3589 statione,
2794 3524 2847 3577 in
2894 3533 3089 3577 terram
3141 3519 3511 3576 transfertur?
3549 3519 3645 3574 llis

2078 3625 2204 3663 vero
2239 3612 2319 3665 vir
2370 3614 2581 3693 divinus
2621 3614 2937 3676 occurrerit,
2985 3614 3172 3668 dicens
3211 3630 3226 3667 :
3259 3609 3380 3667 Alio
3428 3611 3646 3666 oraculo

2080 3702 2333 3756 traditum
2376 3704 2655 3757 audivistis
2696 3707 2955 3758 adventus
2989 3707 3225 3760 modum.
3258 3704 3396 3770 Quid
3428 3703 3515 3757 hic
3547 3718 3643 3757 su-

2075 3804 2406 3862 pervacanea
2444 3791 2755 3844 curiositate
2795 3793 3078 3859 exquiritis
3119 3794 3436 3847 oraculum?
3480 3791 3644 3862 Fugit

2076 3894 2171 3934 vos
2218 3877 2418 3932 dictum
2474 3876 2649 3931 illud:
2694 3872 2830 3928 Ecce
2863 3876 3005 3941 virgo
3035 3877 3236 3930 habebit
3284 3879 3337 3930 in
3379 3888 3547 3944 utero,
3595 3889 3643 3933 et

2073 3973 2239 4042 pariet
2267 3970 2458 4040 ﬁlium,
2492 3978 2539 4023 et
2571 3967 2822 4021 vocabunt
2862 3981 3048 4019 nomen
3091 3967 3202 4037 ejus
3239 3967 3642 4023 Emmanuel":

2074 4065 2215 4133 quod
2260 4061 2648 4132 interpreteris,
2676 4059 2964 4114 Nobiscum
2989 4055 3168 4112 Deus?
3197 4059 3383 4116 Nonne
3410 4061 3636 4117 audistis

2073 4154 2216 4224 quod
2257 4155 2513 4223 scriptum
2555 4161 2660 4219 est,
2699 4151 2824 4222 quia
2863 4149 3127 4203 Parvulas
3165 4159 3318 4203 natus
3353 4162 3425 4205 est
3470 4153 3638 4218 nobis,

2070 4247 2216 4316 [ilius
2251 4256 2296 4300 et
2330 4246 2484 4299 datus
2512 4255 2584 4298 est
2623 4238 2790 4310 nobis,
2827 4241 2976 4311 cujus
3009 4241 3333 4308 principatus
3360 4256 3513 4308 super
3549 4241 3645 4294 Itu-

2072 4347 2271 4385 merum
2298 4331 2434 4399 ejus,
2475 4341 2522 4384 et
2557 4341 2774 4384 vocatur
2819 4344 3003 4383 nomen
3042 4328 3173 4397 ejus.
3212 4327 3393 4396 magni
3440 4328 3645 4382 consilii

392 4426 578 4493 ἐδόθη
615 4424 779 4494 ἡμῖν,
816 4418 887 4480 οὗ
916 4423 955 4491 ἡ
995 4422 1150 4492 ἀρχὴ
1183 4421 1282 4498 ἐίτί
1314 4420 1421 4474 τοῦ
1456 4419 1615 4489 ὤμου
1647 4415 1851 4479 αὐτοῦ,
1876 4415 1974 4470 καὶ

2077 4418 2287 4489 angelus
2317 4436 2337 4475 :
2368 4418 2717 4482 admirabilis,
2748 4417 3106 4481 consiliarius,
3164 4418 3301 4471 Deus
3334 4415 3512 4483 fortis,
3552 4433 3645 4484 po-

394 4514 668 4569 καλεῖται
711 4515 778 4567 τὸ
819 4513 1007 4582 ὄνομα
1030 4510 1236 4576 αὐτοῦ,
1262 4509 1529 4580 μεγάλης
1545 4508 1786 4576 ,ϐουλῆς
1808 4505 1976 4577 ἄγγε-

2079 4517 2212 4575 tens,
2241 4510 2478 4578 princeps
2521 4511 2696 4578 pacis,
2746 4508 2893 4577 pater
2933 4507 3099 4576 futuri
3132 4508 3416 4564 swculi”?
3460 4507 3540 4562 Ex
3581 4508 3645 4562 iis

391 4611 532 4673 λος,
558 4603 920 4675 θαυμαστὸς,
947 4605 1308 4673 σύμϐουλος,
1335 4601 1480 4667 Θεὸς
1503 4599 1771 4669 ἰσχυρὸς,
1799 4598 1973 4664 ἐξου-

2083 4600 2421 4657 sermonibus
2460 4601 2733 4670 cognitum
2790 4601 2998 4655 habetis
3048 4602 3264 4655 modum
3320 4598 3640 4671 praesentiae.

391 4698 685 4767 σιαστὴς,
735 4697 935 4767 ἄρχων
965 4695 1229 4763 εἰρήνης,
1264 4693 1460 4761 πατὴρ
1502 4691 1609 4746 τοῦ
1640 4691 1976 4761 μέλλοντος

2082 4690 2247 4762 Virgo
2268 4692 2410 4746 enim
2450 4692 2759 4760 incorrupta
2814 4692 3048 4746 nesciam
3097 4691 3239 4743 illam
3284 4689 3646 4757 corruptionis

392 4790 760 4856 αἰῶνος-βεδε
785 4788 992 4843 τούτων
1012 4787 1119 4840 τῶν
1144 4786 1312 4855 λόγων
1355 4785 1446 4838 τὸν
1476 4784 1678 4856 τρόπον
1709 4783 1812 4853 τῆς
1835 4798 1975 4854 παρ-

2081 4779 2353 4835 lucernam
2431 4780 2697 4849 corporali
2781 4780 2988 4834 ratione
3061 4780 3347 4847 concipiet.
3422 4776 3646 4848 Oportet

394 4883 589 4945 ουσίας
649 4882 944 4950 ἐπέγνωτε.
1023 4877 1297 4949 Παρθένος
1365 4877 1494 4949 γὰρ,
1531 4876 1804 4948 ἄφθαρτος
1835 4876 1971 4928 ἀπο-

2078 4871 2221 4927 enim
2251 4879 2311 4925 ut
2347 4886 2405 4925 se
2429 4869 2520 4926 Dei
2557 4869 2788 4924 Verbum
2833 4868 3270 4939 augustissimum
3313 4867 3379 4923 ad
3422 4882 3643 4924 carnem

395 4974 595 5043 κυήσει
657 4969 982 5043 σωματικῶς
1036 4970 1129 5023 τὸν
1179 4968 1373 5039 λύχνον
1420 4967 1512 5021 τὸν
1562 4966 1834 5038 ἄφθαρτον
1869 4964 1967 5035 (5).

2077 4977 2246 5032 usuue
2279 4964 2432 5019 nobis
2465 4962 2716 5026 inclinet;
2747 4969 2805 5017 ut
2845 4976 2981 5031 quos
3014 4961 3325 5030 incorporea
3365 4962 3646 5016 divinitate

474 5085 517 5117 "
546 5084 685 5139 Gen.
717 5099 852 5149 xvn,
887 5084 941 5138 1.
1018 5080 1064 5114 ¹⁸
1081 5081 1252 5136 Exod.
1284 5094 1366 5146 ιιι,
1409 5077 1465 5133 2.
1543 5078 1711 5133 "lsa.
1754 5091 1828 5142 vr,
1870 5076 1926 5131 2.

396 5155 446 5187 ”
468 5154 571 5209 lsa.
605 5171 683 5210 Ix.
710 5154 760 5210 6.

2080 5075 2277 5131 iszech.
2310 5092 2364 5143 ι,
2406 5084 2510 5132 etc.
2588 5075 2631 5109 ἰ
2671 5074 2882 5131 Barucb
2930 5089 3014 5139 ιιι,
3045 5074 3133 5130 '58.
3210 5077 3256 5107 "
3289 5075 3393 5130 Isa.
3429 5088 3523 5139 vir,
3555 5073 3645 5128 14.
3688 5155 3706 5173 ο

492 5170 571 5209 52.
605 5171 683 5218 ΙΧ,
710 5170 760 5210 ῠ.

475 5294 551 5363 (3)
597 5293 711 5347 Τόν
740 5293 974 5361 λύχνον
1005 5289 1111 5344 τὸν
1138 5289 1460 5363 ἄφθαρτον.
1501 5286 1648 5363 Solet
1682 5283 1873 5340 crebro
1909 5282 1965 5339 in

2077 5294 2233 5363 cerua
2276 5278 2534 5363 Dominus
2577 5276 2771 5341 Jesus,
2807 5273 2897 5345 qui
2931 5273 3019 5328 lux
3057 5274 3124 5328 de
3157 5271 3276 5363 luce
3313 5276 3572 5363 aternum
3614 5286 3645 5325 a

399 5340 687 5433 Scriptura
740 5340 1649 5433 perilticernamﬂdesignariproles
1668 5364 1723 5433 e_t
1746 5369 1934 5433 scme_n_
1951 5371 1967 5420 ;
2074 5351 2235 5405 Patre
2259 5347 2480 5433 prodit;
2513 5340 3000 5433 humanumque“
3020 5340 3645 5433 ειιιιιξὲἑίειιξξιριιοὲο-

400 5409 1144 5500 inﬁda”igniciinﬁiiéifné
1174 5409 1259 5500 ὶῖ
1272 5409 1436 5482 {ista
1456 5409 1625 5500 fvelut
1660 5424 1827 5500 viva}.
1877 5409 1973 5500 _Sic
2074 5434 2199 5485 nus,
2229 5409 2440 5500 carnali
2464 5409 2533 5500 es
2573 5433 2634 5499 ea
2664 5409 2946 5500 nativitate
2966 5452 2990 5500 ,ι
3016 5413 3304 5500 add-ivisse
3330 5409 3465 5500 lucis
3491 5425 3644 5500 com-‘-

394 5492 623 5557 Janscn.
670 5492 799 5557 illud
827 5501 959 5568 psal.
996 5514 1180 5568 cxxpxt,
1215 5496 1408 5551 Pnram‘
1450 5497 1715 5549 lucernam
1761 5492 1971 5568 Christo

397 5589 534 5636 meo,
561 5562 1009 5641 paraphrastict'bs
1033 5586 1050 5624 :
1083 5566 1277 5641 Parasi
1305 5568 1440 5620 enim
1469 5575 1625 5641 uncto
1659 5580 1770 5617 meo
1799 5562 1971 5641 Dauid

397 5633 756 5709 posteritate-nt
775 5684 787 5703 ,
828 5655 945 5707 quis
972 5655 1085 5709 sua
1110 5639 1359 5709 claritate
1389 5644 1437 5688 et
1482 5634 1680 5701 gloria,
1710 5634 1865 5709 quasi
1890 5633 1972 5685 lu-

398 5702 559 5765 cerna
590 5702 1388 5780 quadam'iilustrabitpavidis
1427 5720 1611 5780 nomen
1638 5718 1677 5780 :_
1694 5702 1790 5780 _u'bi_
1816 5702 1970 5780 plura

402 5780 456 5835 in
495 5772 617 5836 cani
669 5796 804 5836 rem.
858 5778 972 5834 Prae
1010 5778 1261 5834 omnibus
1303 5783 1479 5831 autem
1515 5772 1614 5828 fuit
1658 5774 1843 5828 Maria:
1892 5772 1973 5827 Iu-

2077 5480 2360 5551 mercium,
2393 5488 2735 5542 deiticatione
2764 5483 3067 5539 admirabili
3094 5480 3275 5551 evehit
3304 5498 3320 5534 :
3351 5488 3410 5533 ut
3436 5489 3644 5551 tantum

2079 5559 2239 5614 faciat
2305 5550 2549 5614 homines
2599 5559 2764 5616 deos,
2816 5561 3077 5622 quantum
3129 5550 3300 5606 factus
3352 5560 3438 5622 est
3495 5550 3644 5622 ipse,

2080 5632 2282 5684 homo:
2336 5639 2394 5682 ut
2434 5630 2622 5695 ingens
2654 5628 2742 5680 illa
2775 5619 3055 5695 theologia:
3080 5619 3649 5695 lucernaGregot-ius

2079 5699 2360 5752 audentius
2416 5688 2638 5767 protulit
2711 5688 3036 5764 exponitque
3078 5691 3141 5748 D.
3201 5691 3466 5748 Maximus
3511 5688 3646 5744 dub.

2079 5769 2146 5824 ad
2175 5768 2460 5833 Thomam,
2486 5777 2587 5823 etc.
3455 5780 3459 5785 ’
