  <div class='ocr_page' id='page_1' title='image "/cluster/home/n/w/nwhite01/storage/ocr_20150623/39/mdp.39015010572892/025.png"; bbox 0 0 4118 6486; ppageno 0'>
   <div class='ocr_carea' id='block_1_1' title="bbox 495 330 3765 433">
    <p class='ocr_par' dir='ltr' id='par_1_1' title="bbox 495 330 3765 433">
     <span class='ocr_line' id='line_1_1' title="bbox 495 330 3765 433; baseline 0.001 -26"><span class='ocrx_word' id='word_1_1' title='bbox 495 350 563 407; x_wconf 71' lang='lat'><strong>39</strong></span> <span class='ocrx_word' id='word_1_2' title='bbox 1446 352 1505 405; x_wconf 82' lang='grc' dir='ltr'><strong>ε.</strong></span> <span class='ocrx_word' id='word_1_3' title='bbox 1545 350 1995 425; x_wconf 74' lang='grc' dir='ltr'>Αιιρηιιοειιιι</span> <span class='ocrx_word' id='word_1_4' title='bbox 2033 352 2423 427; x_wconf 81' lang='lat' dir='ltr'><strong>tCONIENSiS</strong></span> <span class='ocrx_word' id='word_1_5' title='bbox 2460 330 2772 411; x_wconf 83' lang='lat' dir='ltr'><strong>EPISCOPI</strong></span> <span class='ocrx_word' id='word_1_6' title='bbox 3678 330 3765 433; x_wconf 55' lang='grc' dir='ltr'><strong>ιιι</strong></span> 
     </span>
    </p>
   </div>
   <div class='ocr_carea' id='block_1_2' title="bbox 492 463 2058 541">
    <p class='ocr_par' dir='ltr' id='par_1_2' title="bbox 492 464 2058 534">
     <span class='ocr_line' id='line_1_2' title="bbox 492 464 2058 534; baseline -0.001 -12"><span class='ocrx_word' id='word_1_7' title='bbox 492 472 791 528; x_wconf 81' lang='lat' dir='ltr'><strong>creaverat,</strong></span> <span class='ocrx_word' id='word_1_8' title='bbox 823 472 1045 533; x_wconf 86' lang='lat' dir='ltr'><strong>peccato</strong></span> <span class='ocrx_word' id='word_1_9' title='bbox 1071 469 1359 527; x_wconf 82' lang='lat' dir='ltr'><strong>veteratos,</strong></span> <span class='ocrx_word' id='word_1_10' title='bbox 1379 464 1560 518; x_wconf 88' lang='lat' dir='ltr'><strong>carnis</strong></span> <span class='ocrx_word' id='word_1_11' title='bbox 1585 465 1952 534; x_wconf 80' lang='lat' dir='ltr'><strong>assumptione</strong></span> <span class='ocrx_word' id='word_1_12' title='bbox 1985 467 2058 520; x_wconf 74' lang='grc' dir='ltr'><strong>ἱη·</strong></span> 
     </span>
    </p>
   </div>
   <div class='ocr_carea' id='block_1_3' title="bbox 2162 463 3744 541">
    <p class='ocr_par' dir='ltr' id='par_1_3' title="bbox 2174 463 3744 541">
     <span class='ocr_line' id='line_1_3' title="bbox 2174 463 3744 541; baseline 0.003 -21"><span class='ocrx_word' id='word_1_13' title='bbox 2174 466 2338 538; x_wconf 85' lang='grc' dir='ltr'>μέχρι</span> <span class='ocrx_word' id='word_1_14' title='bbox 2385 466 2494 537; x_wconf 84' lang='grc' dir='ltr'>γὰρ</span> <span class='ocrx_word' id='word_1_15' title='bbox 2535 465 2737 536; x_wconf 82' lang='grc' dir='ltr'>σαρκὸς</span> <span class='ocrx_word' id='word_1_16' title='bbox 2768 463 2849 517; x_wconf 84' lang='grc' dir='ltr'>δεῖ</span> <span class='ocrx_word' id='word_1_17' title='bbox 2886 465 3291 538; x_wconf 77' lang='grc' dir='ltr'>συγκαταϐῆναι</span> <span class='ocrx_word' id='word_1_18' title='bbox 3323 468 3461 540; x_wconf 78' lang='grc' dir='ltr'>πρὸς</span> <span class='ocrx_word' id='word_1_19' title='bbox 3493 470 3642 541; x_wconf 74' lang='grc' dir='ltr'>ἡμᾶς</span> <span class='ocrx_word' id='word_1_20' title='bbox 3668 469 3744 539; x_wconf 65' lang='grc'><strong>(4)</strong></span> 
     </span>
    </p>
   </div>
   <div class='ocr_carea' id='block_1_4' title="bbox 494 553 2057 622">
    <p class='ocr_par' dir='ltr' id='par_1_4' title="bbox 494 553 2057 622">
     <span class='ocr_line' id='line_1_4' title="bbox 494 553 2057 622; baseline -0.001 -11"><span class='ocrx_word' id='word_1_21' title='bbox 494 568 673 621; x_wconf 90' lang='lat' dir='ltr'><strong>novet,</strong></span> <span class='ocrx_word' id='word_1_22' title='bbox 720 568 773 611; x_wconf 91' lang='lat' dir='ltr'><strong>et</strong></span> <span class='ocrx_word' id='word_1_23' title='bbox 813 556 1080 610; x_wconf 63' lang='lat' dir='ltr'><strong>immunes</strong></span> <span class='ocrx_word' id='word_1_24' title='bbox 1118 568 1147 606; x_wconf 90' lang='lat' dir='ltr'><strong>a</strong></span> <span class='ocrx_word' id='word_1_25' title='bbox 1175 554 1541 622; x_wconf 88' lang='lat' dir='ltr'><strong>corruptione,</strong></span> <span class='ocrx_word' id='word_1_26' title='bbox 1587 553 1940 609; x_wconf 74' lang='lat' dir='ltr'><strong>similitudine</strong></span> <span class='ocrx_word' id='word_1_27' title='bbox 1991 555 2057 609; x_wconf 89' lang='lat' dir='ltr'><strong>ad</strong></span> 
     </span>
    </p>
   </div>
   <div class='ocr_carea' id='block_1_5' title="bbox 493 640 1155 710">
    <p class='ocr_par' dir='ltr' id='par_1_5' title="bbox 493 640 1155 710">
     <span class='ocr_line' id='line_1_5' title="bbox 493 640 1155 710; baseline -0.008 -12"><span class='ocrx_word' id='word_1_28' title='bbox 493 646 918 710; x_wconf 79' lang='lat' dir='ltr'><strong>corruptionem,</strong></span> <span class='ocrx_word' id='word_1_29' title='bbox 942 640 1155 694; x_wconf 80' lang='lat' dir='ltr'><strong>eliiciat.</strong></span> 
     </span>
    </p>
   </div>
   <div class='ocr_carea' id='block_1_6' title="bbox 2171 546 3749 637">
    <p class='ocr_par' dir='ltr' id='par_1_6' title="bbox 2171 546 3749 637">
     <span class='ocr_line' id='line_1_6' title="bbox 2171 546 3749 637; baseline 0.004 -29"><span class='ocrx_word' id='word_1_30' title='bbox 2171 556 2263 609; x_wconf 70' lang='grc' dir='ltr'>τὸν</span> <span class='ocrx_word' id='word_1_31' title='bbox 2297 556 2704 627; x_wconf 79' lang='grc' dir='ltr'>πανσεϐάσμιον</span> <span class='ocrx_word' id='word_1_32' title='bbox 2733 554 2826 608; x_wconf 81' lang='grc' dir='ltr'>τοῦ</span> <span class='ocrx_word' id='word_1_33' title='bbox 2861 554 2995 637; x_wconf 61' lang='grc' dir='ltr'>Θεοῦ</span> <span class='ocrx_word' id='word_1_34' title='bbox 3021 557 3214 626; x_wconf 84' lang='grc' dir='ltr'><strong>Λόγον,</strong></span> <span class='ocrx_word' id='word_1_35' title='bbox 3241 558 3330 612; x_wconf 78' lang='grc' dir='ltr'><strong>ἵνα</strong></span> <span class='ocrx_word' id='word_1_36' title='bbox 3357 560 3422 632; x_wconf 84' lang='grc' dir='ltr'><strong>δὴ</strong></span> <span class='ocrx_word' id='word_1_37' title='bbox 3448 546 3580 625; x_wconf 73' lang='grc' dir='ltr'>τοὺς</span> <span class='ocrx_word' id='word_1_38' title='bbox 3604 561 3749 614; x_wconf 88' lang='grc' dir='ltr'>ἀσω-</span> 
     </span>
    </p>
   </div>
   <div class='ocr_carea' id='block_1_7' title="bbox 2173 647 3749 722">
    <p class='ocr_par' dir='ltr' id='par_1_7' title="bbox 2173 647 3749 722">
     <span class='ocr_line' id='line_1_7' title="bbox 2173 647 3749 722; baseline 0.002 -20"><span class='ocrx_word' id='word_1_39' title='bbox 2173 650 2330 719; x_wconf 83' lang='grc' dir='ltr'>μάτῳ</span> <span class='ocrx_word' id='word_1_40' title='bbox 2363 647 2578 720; x_wconf 82' lang='grc' dir='ltr'>θεότητι</span> <span class='ocrx_word' id='word_1_41' title='bbox 2622 649 2752 719; x_wconf 86' lang='grc' dir='ltr'>παρ’</span> <span class='ocrx_word' id='word_1_42' title='bbox 2793 647 2957 701; x_wconf 81' lang='grc' dir='ltr'>αὑτοῦ</span> <span class='ocrx_word' id='word_1_43' title='bbox 3003 647 3570 722; x_wconf 87' lang='grc' dir='ltr'>δεδημιουργημένους</span> <span class='ocrx_word' id='word_1_44' title='bbox 3615 651 3749 705; x_wconf 87' lang='grc' dir='ltr'>ἀνα-</span> 
     </span>
    </p>
   </div>
   <div class='ocr_carea' id='block_1_8' title="bbox 493 728 3748 815">
    <p class='ocr_par' dir='ltr' id='par_1_8' title="bbox 493 728 3748 815">
     <span class='ocr_line' id='line_1_8' title="bbox 493 728 3748 815; baseline 0.002 -25"><span class='ocrx_word' id='word_1_45' title='bbox 493 735 710 807; x_wconf 84' lang='grc' dir='ltr'>καινίσῃ</span> <span class='ocrx_word' id='word_1_46' title='bbox 732 733 819 786; x_wconf 70' lang='grc' dir='ltr'>διὰ</span> <span class='ocrx_word' id='word_1_47' title='bbox 848 730 1198 803; x_wconf 86' lang='grc' dir='ltr'>σαρκώσεως,</span> <span class='ocrx_word' id='word_1_48' title='bbox 1222 728 1627 794; x_wconf 82' lang='grc' dir='ltr'>παλαιωθέντας</span> <span class='ocrx_word' id='word_1_49' title='bbox 1658 730 1744 784; x_wconf 78' lang='grc' dir='ltr'><strong>διὰ</strong></span> <span class='ocrx_word' id='word_1_50' title='bbox 1769 732 1865 803; x_wconf 83' lang='grc' dir='ltr'><strong>τὴν</strong></span> <span class='ocrx_word' id='word_1_51' title='bbox 1894 732 2188 804; x_wconf 81' lang='grc' dir='ltr'><strong>ἁμαρτίαν,</strong></span> <span class='ocrx_word' id='word_1_52' title='bbox 2213 740 2307 794; x_wconf 79' lang='grc' dir='ltr'><strong>καὶ</strong></span> <span class='ocrx_word' id='word_1_53' title='bbox 2325 741 2635 813; x_wconf 77' lang='grc' dir='ltr'><strong>ἀφθάρτους</strong></span> <span class='ocrx_word' id='word_1_54' title='bbox 2692 739 3079 813; x_wconf 75' lang='grc' dir='ltr'><strong>κατασκευάσῃ</strong></span> <span class='ocrx_word' id='word_1_55' title='bbox 3129 740 3218 795; x_wconf 87' lang='grc' dir='ltr'><strong>διὰ</strong></span> <span class='ocrx_word' id='word_1_56' title='bbox 3272 744 3373 813; x_wconf 79' lang='grc' dir='ltr'>τῆς</span> <span class='ocrx_word' id='word_1_57' title='bbox 3429 743 3748 815; x_wconf 84' lang='grc' dir='ltr'>ὁμοιότητος</span> 
     </span>
    </p>
   </div>
   <div class='ocr_carea' id='block_1_9' title="bbox 489 819 1144 893">
    <p class='ocr_par' dir='ltr' id='par_1_9' title="bbox 489 819 1144 893">
     <span class='ocr_line' id='line_1_9' title="bbox 489 819 1144 893; baseline -0.006 -18"><span class='ocrx_word' id='word_1_58' title='bbox 489 823 590 892; x_wconf 75' lang='grc' dir='ltr'>τῆς</span> <span class='ocrx_word' id='word_1_59' title='bbox 620 822 756 893; x_wconf 71' lang='grc' dir='ltr'>πρὸς</span> <span class='ocrx_word' id='word_1_60' title='bbox 791 820 890 891; x_wconf 79' lang='grc' dir='ltr'>τὴν</span> <span class='ocrx_word' id='word_1_61' title='bbox 920 819 1144 890; x_wconf 83' lang='grc' dir='ltr'>φθοράν.</span> 
     </span>
    </p>
   </div>
   <div class='ocr_carea' id='block_1_10' title="bbox 562 911 2049 985">
    <p class='ocr_par' dir='ltr' id='par_1_10' title="bbox 562 911 2049 985">
     <span class='ocr_line' id='line_1_10' title="bbox 562 911 2049 985; baseline -0.002 -13"><span class='ocrx_word' id='word_1_62' title='bbox 562 918 645 972; x_wconf 93' lang='lat' dir='ltr'><strong>Ill.</strong></span> <span class='ocrx_word' id='word_1_63' title='bbox 678 917 770 972; x_wconf 85' lang='lat' dir='ltr'><strong>liis</strong></span> <span class='ocrx_word' id='word_1_64' title='bbox 820 916 884 970; x_wconf 88' lang='lat' dir='ltr'><strong>ad</strong></span> <span class='ocrx_word' id='word_1_65' title='bbox 922 930 1013 970; x_wconf 90' lang='lat' dir='ltr'><strong>eos</strong></span> <span class='ocrx_word' id='word_1_66' title='bbox 1057 928 1149 982; x_wconf 91' lang='lat' dir='ltr'><strong>per</strong></span> <span class='ocrx_word' id='word_1_67' title='bbox 1177 911 1495 982; x_wconf 83' lang='lat' dir='ltr'><strong>Prophetam</strong></span> <span class='ocrx_word' id='word_1_68' title='bbox 1532 914 1713 981; x_wconf 82' lang='lat' dir='ltr'><strong>dictis,</strong></span> <span class='ocrx_word' id='word_1_69' title='bbox 1747 914 1909 969; x_wconf 87' lang='lat' dir='ltr'><strong>etiam</strong></span> <span class='ocrx_word' id='word_1_70' title='bbox 1944 916 2049 985; x_wconf 86' lang='lat' dir='ltr'><strong>ipsi</strong></span> 
     </span>
    </p>
   </div>
   <div class='ocr_carea' id='block_1_11' title="bbox 492 1004 2054 1078">
    <p class='ocr_par' dir='ltr' id='par_1_11' title="bbox 492 1004 2054 1078">
     <span class='ocr_line' id='line_1_11' title="bbox 492 1004 2054 1078; baseline -0.003 -13"><span class='ocrx_word' id='word_1_71' title='bbox 492 1008 965 1078; x_wconf 82' lang='lat' dir='ltr'><strong>interrogabimus.</strong></span> <span class='ocrx_word' id='word_1_72' title='bbox 999 1005 1042 1062; x_wconf 93' lang='grc' dir='ltr'><strong>Ο</strong></span> <span class='ocrx_word' id='word_1_73' title='bbox 1072 1005 1292 1076; x_wconf 87' lang='lat' dir='ltr'><strong>puerule</strong></span> <span class='ocrx_word' id='word_1_74' title='bbox 1336 1007 1471 1061; x_wconf 64' lang='lat' dir='ltr'><strong>caelo</strong></span> <span class='ocrx_word' id='word_1_75' title='bbox 1509 1007 1808 1075; x_wconf 83' lang='lat' dir='ltr'><strong>antiquior!</strong></span> <span class='ocrx_word' id='word_1_76' title='bbox 1837 1004 1880 1061; x_wconf 95' lang='grc' dir='ltr'><strong>Ο</strong></span> <span class='ocrx_word' id='word_1_77' title='bbox 1916 1007 2054 1061; x_wconf 89' lang='lat' dir='ltr'><strong>lilius</strong></span> 
     </span>
    </p>
   </div>
   <div class='ocr_carea' id='block_1_12' title="bbox 494 1092 2048 1167">
    <p class='ocr_par' dir='ltr' id='par_1_12' title="bbox 494 1092 2048 1167">
     <span class='ocr_line' id='line_1_12' title="bbox 494 1092 2048 1167; baseline -0.001 -15"><span class='ocrx_word' id='word_1_78' title='bbox 494 1110 577 1155; x_wconf 90' lang='lat' dir='ltr'><strong>ter</strong></span> <span class='ocrx_word' id='word_1_79' title='bbox 606 1100 812 1162; x_wconf 86' lang='lat' dir='ltr'><strong>beatus,</strong></span> <span class='ocrx_word' id='word_1_80' title='bbox 848 1098 937 1166; x_wconf 87' lang='lat' dir='ltr'><strong>qui</strong></span> <span class='ocrx_word' id='word_1_81' title='bbox 966 1099 1109 1150; x_wconf 88' lang='lat' dir='ltr'><strong>venit</strong></span> <span class='ocrx_word' id='word_1_82' title='bbox 1140 1099 1316 1153; x_wconf 81' lang='lat' dir='ltr'><strong>ferens</strong></span> <span class='ocrx_word' id='word_1_83' title='bbox 1346 1098 1701 1167; x_wconf 78' lang='lat' dir='ltr'><strong>principatum</strong></span> <span class='ocrx_word' id='word_1_84' title='bbox 1736 1092 1914 1163; x_wconf 83' lang='lat' dir='ltr'><strong>suum,</strong></span> <span class='ocrx_word' id='word_1_85' title='bbox 1946 1114 2048 1151; x_wconf 88' lang='lat' dir='ltr'><strong>non</strong></span> 
     </span>
    </p>
   </div>
   <div class='ocr_carea' id='block_1_13' title="bbox 490 1189 2054 1259">
    <p class='ocr_par' dir='ltr' id='par_1_13' title="bbox 490 1189 2054 1259">
     <span class='ocr_line' id='line_1_13' title="bbox 490 1189 2054 1259; baseline -0.001 -14"><span class='ocrx_word' id='word_1_86' title='bbox 490 1208 619 1247; x_wconf 77' lang='lat' dir='ltr'><strong>vero</strong></span> <span class='ocrx_word' id='word_1_87' title='bbox 652 1206 898 1259; x_wconf 63' lang='lat' dir='ltr'><strong>quaerens</strong></span> <span class='ocrx_word' id='word_1_88' title='bbox 936 1200 992 1242; x_wconf 90' lang='lat' dir='ltr'><strong>ut</strong></span> <span class='ocrx_word' id='word_1_89' title='bbox 1026 1191 1092 1245; x_wconf 90' lang='lat' dir='ltr'><strong>ab</strong></span> <span class='ocrx_word' id='word_1_90' title='bbox 1139 1192 1245 1244; x_wconf 87' lang='lat' dir='ltr'><strong>alio</strong></span> <span class='ocrx_word' id='word_1_91' title='bbox 1284 1189 1532 1258; x_wconf 80' lang='lat' dir='ltr'><strong>accipiat.</strong></span> <span class='ocrx_word' id='word_1_92' title='bbox 1565 1189 1658 1243; x_wconf 85' lang='lat' dir='ltr'><strong>Est</strong></span> <span class='ocrx_word' id='word_1_93' title='bbox 1700 1189 1844 1242; x_wconf 88' lang='lat' dir='ltr'><strong>enim</strong></span> <span class='ocrx_word' id='word_1_94' title='bbox 1876 1189 2054 1244; x_wconf 65' lang='lat' dir='ltr'><strong>Verbo</strong></span> 
     </span>
    </p>
   </div>
   <div class='ocr_carea' id='block_1_14' title="bbox 490 1281 2053 1350">
    <p class='ocr_par' dir='ltr' id='par_1_14' title="bbox 490 1281 2053 1350">
     <span class='ocr_line' id='line_1_14' title="bbox 490 1281 2053 1350; baseline -0.003 -13"><span class='ocrx_word' id='word_1_95' title='bbox 490 1300 519 1337; x_wconf 85' lang='lat' dir='ltr'><strong>a</strong></span> <span class='ocrx_word' id='word_1_96' title='bbox 581 1292 793 1347; x_wconf 88' lang='lat' dir='ltr'><strong>natura,</strong></span> <span class='ocrx_word' id='word_1_97' title='bbox 849 1292 1100 1350; x_wconf 90' lang='lat' dir='ltr'><strong>tanquam</strong></span> <span class='ocrx_word' id='word_1_98' title='bbox 1149 1282 1303 1345; x_wconf 86' lang='lat' dir='ltr'><strong>Filio,</strong></span> <span class='ocrx_word' id='word_1_99' title='bbox 1356 1294 1414 1335; x_wconf 92' lang='lat' dir='ltr'><strong>ut</strong></span> <span class='ocrx_word' id='word_1_100' title='bbox 1459 1282 1709 1335; x_wconf 87' lang='lat' dir='ltr'><strong>omnibus</strong></span> <span class='ocrx_word' id='word_1_101' title='bbox 1747 1281 2053 1349; x_wconf 75' lang='lat' dir='ltr'><strong>przesideat,</strong></span> 
     </span>
    </p>
   </div>
   <div class='ocr_carea' id='block_1_15' title="bbox 491 1370 2058 1443">
    <p class='ocr_par' dir='ltr' id='par_1_15' title="bbox 491 1370 2058 1443">
     <span class='ocr_line' id='line_1_15' title="bbox 491 1370 2058 1443; baseline -0.003 -13"><span class='ocrx_word' id='word_1_102' title='bbox 491 1389 587 1430; x_wconf 89' lang='lat' dir='ltr'><strong>nec</strong></span> <span class='ocrx_word' id='word_1_103' title='bbox 618 1373 815 1443; x_wconf 89' lang='lat' dir='ltr'><strong>aliquid</strong></span> <span class='ocrx_word' id='word_1_104' title='bbox 846 1375 1172 1428; x_wconf 85' lang='lat' dir='ltr'><strong>adseititium</strong></span> <span class='ocrx_word' id='word_1_105' title='bbox 1215 1384 1272 1427; x_wconf 90' lang='lat' dir='ltr'><strong>ut</strong></span> <span class='ocrx_word' id='word_1_106' title='bbox 1304 1383 1551 1427; x_wconf 76' lang='lat' dir='ltr'><strong>creatura</strong></span> <span class='ocrx_word' id='word_1_107' title='bbox 1586 1372 1798 1425; x_wconf 82' lang='lat' dir='ltr'><strong>habent.</strong></span> <span class='ocrx_word' id='word_1_108' title='bbox 1846 1370 2058 1426; x_wconf 86' lang='lat' dir='ltr'><strong>Princi-</strong></span> 
     </span>
    </p>
   </div>
   <div class='ocr_carea' id='block_1_16' title="bbox 489 1460 2058 1534">
    <p class='ocr_par' dir='ltr' id='par_1_16' title="bbox 489 1460 2058 1534">
     <span class='ocr_line' id='line_1_16' title="bbox 489 1460 2058 1534; baseline 0 -18"><span class='ocrx_word' id='word_1_109' title='bbox 489 1474 642 1534; x_wconf 77' lang='lat' dir='ltr'><strong>palus</strong></span> <span class='ocrx_word' id='word_1_110' title='bbox 679 1466 835 1528; x_wconf 83' lang='lat' dir='ltr'><strong>enim,</strong></span> <span class='ocrx_word' id='word_1_111' title='bbox 879 1463 1068 1533; x_wconf 87' lang='lat' dir='ltr'><strong>inquit,</strong></span> <span class='ocrx_word' id='word_1_112' title='bbox 1109 1480 1264 1530; x_wconf 82' lang='lat' dir='ltr'><strong>super</strong></span> <span class='ocrx_word' id='word_1_113' title='bbox 1311 1464 1581 1517; x_wconf 79' lang='lat' dir='ltr'><strong>humerum</strong></span> <span class='ocrx_word' id='word_1_114' title='bbox 1623 1460 1755 1529; x_wconf 76' lang='lat' dir='ltr'><strong>ejus.</strong></span> <span class='ocrx_word' id='word_1_115' title='bbox 1790 1461 1833 1517; x_wconf 92' lang='grc' dir='ltr'><strong>Ο</strong></span> <span class='ocrx_word' id='word_1_116' title='bbox 1882 1461 2058 1529; x_wconf 84' lang='lat' dir='ltr'><strong>proles</strong></span> 
     </span>
    </p>
   </div>
   <div class='ocr_carea' id='block_1_17' title="bbox 489 1552 2057 1624">
    <p class='ocr_par' dir='ltr' id='par_1_17' title="bbox 489 1552 2057 1624">
     <span class='ocr_line' id='line_1_17' title="bbox 489 1552 2057 1624; baseline -0.004 -13"><span class='ocrx_word' id='word_1_117' title='bbox 489 1556 667 1624; x_wconf 79' lang='lat' dir='ltr'><strong>magni</strong></span> <span class='ocrx_word' id='word_1_118' title='bbox 700 1554 971 1609; x_wconf 73' lang='lat' dir='ltr'><strong>nominis!</strong></span> <span class='ocrx_word' id='word_1_119' title='bbox 1017 1553 1198 1621; x_wconf 79' lang='lat' dir='ltr'><strong>Magni</strong></span> <span class='ocrx_word' id='word_1_120' title='bbox 1222 1556 1356 1606; x_wconf 87' lang='lat' dir='ltr'><strong>enim</strong></span> <span class='ocrx_word' id='word_1_121' title='bbox 1394 1552 1620 1617; x_wconf 82' lang='lat' dir='ltr'><strong>consilii,</strong></span> <span class='ocrx_word' id='word_1_122' title='bbox 1654 1552 1842 1620; x_wconf 83' lang='lat' dir='ltr'><strong>inquit,</strong></span> <span class='ocrx_word' id='word_1_123' title='bbox 1900 1568 2057 1619; x_wconf 63' lang='lat' dir='ltr'><strong>angeo</strong></span> 
     </span>
    </p>
   </div>
   <div class='ocr_carea' id='block_1_18' title="bbox 490 1641 2053 1711">
    <p class='ocr_par' dir='ltr' id='par_1_18' title="bbox 490 1641 2053 1711">
     <span class='ocr_line' id='line_1_18' title="bbox 490 1641 2053 1711; baseline -0.003 -12"><span class='ocrx_word' id='word_1_124' title='bbox 490 1646 570 1701; x_wconf 86' lang='lat' dir='ltr'><strong>lus</strong></span> <span class='ocrx_word' id='word_1_125' title='bbox 606 1655 843 1709; x_wconf 79' lang='lat' dir='ltr'><strong>vocatur,</strong></span> <span class='ocrx_word' id='word_1_126' title='bbox 884 1653 931 1695; x_wconf 88' lang='lat' dir='ltr'><strong>et</strong></span> <span class='ocrx_word' id='word_1_127' title='bbox 963 1643 1101 1696; x_wconf 81' lang='lat' dir='ltr'><strong>Deus</strong></span> <span class='ocrx_word' id='word_1_128' title='bbox 1129 1643 1302 1711; x_wconf 78' lang='lat' dir='ltr'><strong>fortis.</strong></span> <span class='ocrx_word' id='word_1_129' title='bbox 1334 1642 1377 1697; x_wconf 94' lang='grc' dir='ltr'>Ο</span> <span class='ocrx_word' id='word_1_130' title='bbox 1408 1650 1651 1710; x_wconf 83' lang='lat' dir='ltr'><strong>potestas</strong></span> <span class='ocrx_word' id='word_1_131' title='bbox 1682 1641 2053 1711; x_wconf 83' lang='lat' dir='ltr'><strong>omnipotens&#39;_!</strong></span> 
     </span>
    </p>
   </div>
   <div class='ocr_carea' id='block_1_19' title="bbox 488 1714 2049 1801">
    <p class='ocr_par' dir='ltr' id='par_1_19' title="bbox 488 1733 2049 1801">
     <span class='ocr_line' id='line_1_19' title="bbox 488 1733 2049 1801; baseline -0.004 -10"><span class='ocrx_word' id='word_1_132' title='bbox 488 1738 827 1791; x_wconf 78' lang='lat' dir='ltr'><strong>Admirabilis</strong></span> <span class='ocrx_word' id='word_1_133' title='bbox 855 1736 995 1788; x_wconf 80' lang='lat' dir='ltr'><strong>enim</strong></span> <span class='ocrx_word' id='word_1_134' title='bbox 1037 1734 1370 1788; x_wconf 77' lang='lat' dir='ltr'><strong>consiliarius</strong></span> <span class='ocrx_word' id='word_1_135' title='bbox 1403 1741 1499 1796; x_wconf 86' lang='lat' dir='ltr'><strong>est,</strong></span> <span class='ocrx_word' id='word_1_136' title='bbox 1528 1741 1575 1785; x_wconf 81' lang='lat' dir='ltr'><strong>et</strong></span> <span class='ocrx_word' id='word_1_137' title='bbox 1610 1734 1845 1799; x_wconf 79' lang='lat' dir='ltr'><strong>princeps</strong></span> <span class='ocrx_word' id='word_1_138' title='bbox 1885 1733 2049 1801; x_wconf 82' lang='lat' dir='ltr'><strong>pacis.</strong></span> 
     </span>
    </p>
   </div>
   <div class='ocr_carea' id='block_1_20' title="bbox 492 1825 2056 1895">
    <p class='ocr_par' dir='ltr' id='par_1_20' title="bbox 492 1825 2056 1895">
     <span class='ocr_line' id='line_1_20' title="bbox 492 1825 2056 1895; baseline -0.001 -14"><span class='ocrx_word' id='word_1_139' title='bbox 492 1830 592 1895; x_wconf 87' lang='lat' dir='ltr'><strong>Qui</strong></span> <span class='ocrx_word' id='word_1_140' title='bbox 656 1843 786 1895; x_wconf 75' lang='lat' dir='ltr'><strong>ergo</strong></span> <span class='ocrx_word' id='word_1_141' title='bbox 828 1827 1281 1882; x_wconf 76' lang='lat' dir='ltr'><strong>eelebraverimus</strong></span> <span class='ocrx_word' id='word_1_142' title='bbox 1325 1825 1633 1880; x_wconf 80' lang='lat' dir='ltr'><strong>hodiernam</strong></span> <span class='ocrx_word' id='word_1_143' title='bbox 1669 1825 2056 1880; x_wconf 78' lang='lat' dir='ltr'><strong>festivitatem?</strong></span> 
     </span>
    </p>
   </div>
   <div class='ocr_carea' id='block_1_21' title="bbox 489 1915 2057 1985">
    <p class='ocr_par' dir='ltr' id='par_1_21' title="bbox 489 1915 2057 1985">
     <span class='ocr_line' id='line_1_21' title="bbox 489 1915 2057 1985; baseline -0.002 -13"><span class='ocrx_word' id='word_1_144' title='bbox 489 1920 589 1985; x_wconf 91' lang='lat' dir='ltr'><strong>Qui</strong></span> <span class='ocrx_word' id='word_1_145' title='bbox 657 1918 891 1971; x_wconf 82' lang='lat' dir='ltr'><strong>maxime</strong></span> <span class='ocrx_word' id='word_1_146' title='bbox 933 1916 1262 1985; x_wconf 81' lang='lat' dir='ltr'><strong>spiritualem</strong></span> <span class='ocrx_word' id='word_1_147' title='bbox 1308 1916 1359 1968; x_wconf 90' lang='lat' dir='ltr'><strong>in</strong></span> <span class='ocrx_word' id='word_1_148' title='bbox 1401 1916 1646 1981; x_wconf 66' lang='lat' dir='ltr'><strong>prmsenti</strong></span> <span class='ocrx_word' id='word_1_149' title='bbox 1688 1915 2057 1969; x_wconf 81' lang='lat' dir='ltr'><strong>celebritatem</strong></span> 
     </span>
    </p>
   </div>
   <div class='ocr_carea' id='block_1_22' title="bbox 488 2004 2060 2078">
    <p class='ocr_par' dir='ltr' id='par_1_22' title="bbox 488 2004 2060 2078">
     <span class='ocr_line' id='line_1_22' title="bbox 488 2004 2060 2078; baseline -0.003 -13"><span class='ocrx_word' id='word_1_150' title='bbox 488 2011 699 2065; x_wconf 84' lang='lat' dir='ltr'><strong>beatam</strong></span> <span class='ocrx_word' id='word_1_151' title='bbox 752 2007 1259 2078; x_wconf 68' lang='lat' dir='ltr'><strong>przedicavcrimus?</strong></span> <span class='ocrx_word' id='word_1_152' title='bbox 1302 2006 1432 2072; x_wconf 86' lang='lat' dir='ltr'><strong>Quis</strong></span> <span class='ocrx_word' id='word_1_153' title='bbox 1485 2006 1627 2060; x_wconf 86' lang='lat' dir='ltr'><strong>enim</strong></span> <span class='ocrx_word' id='word_1_154' title='bbox 1677 2004 1905 2075; x_wconf 88' lang='lat' dir='ltr'><strong>hujusce</strong></span> <span class='ocrx_word' id='word_1_155' title='bbox 1956 2006 2060 2061; x_wconf 88' lang='lat' dir='ltr'><strong>diei</strong></span> 
     </span>
    </p>
   </div>
   <div class='ocr_carea' id='block_1_23' title="bbox 490 2095 2059 2168">
    <p class='ocr_par' dir='ltr' id='par_1_23' title="bbox 490 2095 2059 2168">
     <span class='ocr_line' id='line_1_23' title="bbox 490 2095 2059 2168; baseline -0.003 -12"><span class='ocrx_word' id='word_1_156' title='bbox 490 2101 824 2156; x_wconf 84' lang='lat' dir='ltr'><strong>immortales</strong></span> <span class='ocrx_word' id='word_1_157' title='bbox 876 2099 1089 2153; x_wconf 74' lang='lat' dir='ltr'><strong>divitias</strong></span> <span class='ocrx_word' id='word_1_158' title='bbox 1128 2095 1505 2167; x_wconf 79' lang='lat' dir='ltr'><strong>investigabit?</strong></span> <span class='ocrx_word' id='word_1_159' title='bbox 1535 2096 1741 2163; x_wconf 88' lang='lat' dir='ltr'><strong>Quibus</strong></span> <span class='ocrx_word' id='word_1_160' title='bbox 1791 2098 2059 2168; x_wconf 76' lang='lat' dir='ltr'><strong>magniso-</strong></span> 
     </span>
    </p>
   </div>
   <div class='ocr_carea' id='block_1_24' title="bbox 488 2187 2062 2259">
    <p class='ocr_par' dir='ltr' id='par_1_24' title="bbox 488 2187 2062 2259">
     <span class='ocr_line' id='line_1_24' title="bbox 488 2187 2062 2259; baseline -0.003 -12"><span class='ocrx_word' id='word_1_161' title='bbox 488 2193 576 2249; x_wconf 86' lang='lat' dir='ltr'><strong>nis</strong></span> <span class='ocrx_word' id='word_1_162' title='bbox 610 2192 1023 2259; x_wconf 71' lang='lat' dir='ltr'><strong>elatissisuisque</strong></span> <span class='ocrx_word' id='word_1_163' title='bbox 1068 2190 1269 2254; x_wconf 83' lang='lat' dir='ltr'><strong>verbis,</strong></span> <span class='ocrx_word' id='word_1_164' title='bbox 1302 2188 1550 2243; x_wconf 80' lang='lat' dir='ltr'><strong>omuilnts</strong></span> <span class='ocrx_word' id='word_1_165' title='bbox 1601 2187 1826 2242; x_wconf 87' lang='lat' dir='ltr'><strong>canticis</strong></span> <span class='ocrx_word' id='word_1_166' title='bbox 1877 2203 2062 2257; x_wconf 86' lang='lat' dir='ltr'><strong>prose-</strong></span> 
     </span>
    </p>
   </div>
   <div class='ocr_carea' id='block_1_25' title="bbox 488 2278 2061 2354">
    <p class='ocr_par' dir='ltr' id='par_1_25' title="bbox 488 2278 2061 2354">
     <span class='ocr_line' id='line_1_25' title="bbox 488 2278 2061 2354; baseline -0.003 -17"><span class='ocrx_word' id='word_1_167' title='bbox 488 2284 783 2354; x_wconf 67' lang='lat' dir='ltr'><strong>(tuendum,</strong></span> <span class='ocrx_word' id='word_1_168' title='bbox 838 2297 901 2335; x_wconf 88' lang='lat' dir='ltr'><strong>ac</strong></span> <span class='ocrx_word' id='word_1_169' title='bbox 943 2282 1189 2350; x_wconf 72' lang='lat' dir='ltr'><strong>trOpmate</strong></span> <span class='ocrx_word' id='word_1_170' title='bbox 1228 2288 1630 2335; x_wconf 83' lang='lat' dir='ltr'><strong>sacramentum</strong></span> <span class='ocrx_word' id='word_1_171' title='bbox 1677 2278 1780 2333; x_wconf 89' lang='lat' dir='ltr'><strong>hoc</strong></span> <span class='ocrx_word' id='word_1_172' title='bbox 1847 2279 2061 2347; x_wconf 88' lang='lat' dir='ltr'><strong>procla-</strong></span> 
     </span>
    </p>
   </div>
   <div class='ocr_carea' id='block_1_26' title="bbox 476 2365 2059 2429">
    <p class='ocr_par' dir='ltr' id='par_1_26' title="bbox 476 2365 2059 2429">
     <span class='ocr_line' id='line_1_26' title="bbox 476 2365 2059 2429; baseline -0.003 -6"><span class='ocrx_word' id='word_1_173' title='bbox 476 2373 793 2429; x_wconf 17' lang='lat' dir='ltr'><strong>imabimus?</strong></span> <span class='ocrx_word' id='word_1_174' title='bbox 863 2373 907 2427; x_wconf 86' lang='grc' dir='ltr'><strong>Ο</strong></span> <span class='ocrx_word' id='word_1_175' title='bbox 982 2372 1095 2427; x_wconf 86' lang='lat' dir='ltr'><strong>dies</strong></span> <span class='ocrx_word' id='word_1_176' title='bbox 1174 2365 1653 2425; x_wconf 76' lang='lat' dir='ltr'><strong>innumerabilibus</strong></span> <span class='ocrx_word' id='word_1_177' title='bbox 1743 2367 2059 2423; x_wconf 86' lang='lat' dir='ltr'><strong>celebranda</strong></span> 
     </span>
    </p>
   </div>
   <div class='ocr_carea' id='block_1_27' title="bbox 489 2457 2059 2534">
    <p class='ocr_par' dir='ltr' id='par_1_27' title="bbox 489 2457 2059 2534">
     <span class='ocr_line' id='line_1_27' title="bbox 489 2457 2059 2534; baseline -0.006 -12"><span class='ocrx_word' id='word_1_178' title='bbox 489 2466 735 2531; x_wconf 85' lang='lat' dir='ltr'><strong>canticis,</strong></span> <span class='ocrx_word' id='word_1_179' title='bbox 772 2465 824 2518; x_wconf 89' lang='lat' dir='ltr'><strong>in</strong></span> <span class='ocrx_word' id='word_1_180' title='bbox 872 2480 978 2534; x_wconf 87' lang='lat' dir='ltr'><strong>qua</strong></span> <span class='ocrx_word' id='word_1_181' title='bbox 1017 2462 1169 2517; x_wconf 84' lang='lat' dir='ltr'><strong>nobis</strong></span> <span class='ocrx_word' id='word_1_182' title='bbox 1211 2472 1329 2516; x_wconf 86' lang='lat' dir='ltr'><strong>orta</strong></span> <span class='ocrx_word' id='word_1_183' title='bbox 1377 2470 1461 2515; x_wconf 88' lang='lat' dir='ltr'><strong>est</strong></span> <span class='ocrx_word' id='word_1_184' title='bbox 1506 2460 1657 2515; x_wconf 89' lang='lat' dir='ltr'><strong>stella</strong></span> <span class='ocrx_word' id='word_1_185' title='bbox 1697 2474 1763 2514; x_wconf 88' lang='lat' dir='ltr'><strong>ex</strong></span> <span class='ocrx_word' id='word_1_186' title='bbox 1807 2457 2059 2523; x_wconf 73' lang='lat' dir='ltr'><strong>Jacob“,</strong></span> 
     </span>
    </p>
   </div>
   <div class='ocr_carea' id='block_1_28' title="bbox 490 2549 2058 2627">
    <p class='ocr_par' dir='ltr' id='par_1_28' title="bbox 490 2549 2058 2627">
     <span class='ocr_line' id='line_1_28' title="bbox 490 2549 2058 2627; baseline -0.005 -15"><span class='ocrx_word' id='word_1_187' title='bbox 490 2559 832 2627; x_wconf 71' lang='lat' dir='ltr'><strong>cmlestisque</strong></span> <span class='ocrx_word' id='word_1_188' title='bbox 878 2557 1038 2611; x_wconf 91' lang='lat' dir='ltr'><strong>homo</strong></span> <span class='ocrx_word' id='word_1_189' title='bbox 1080 2569 1146 2609; x_wconf 83' lang='lat' dir='ltr'><strong>ex</strong></span> <span class='ocrx_word' id='word_1_190' title='bbox 1183 2553 1340 2608; x_wconf 87' lang='lat' dir='ltr'><strong>lsrael</strong></span> <span class='ocrx_word' id='word_1_191' title='bbox 1372 2551 1646 2621; x_wconf 86' lang='lat' dir='ltr'><strong>apparuit,</strong></span> <span class='ocrx_word' id='word_1_192' title='bbox 1681 2565 1745 2604; x_wconf 89' lang='lat' dir='ltr'><strong>ac</strong></span> <span class='ocrx_word' id='word_1_193' title='bbox 1769 2564 1869 2605; x_wconf 91' lang='lat' dir='ltr'><strong>nos</strong></span> <span class='ocrx_word' id='word_1_194' title='bbox 1912 2549 2058 2604; x_wconf 83' lang='lat' dir='ltr'><strong>Deus</strong></span> 
     </span>
    </p>
   </div>
   <div class='ocr_carea' id='block_1_29' title="bbox 490 2642 2064 2716">
    <p class='ocr_par' dir='ltr' id='par_1_29' title="bbox 490 2642 2064 2716">
     <span class='ocr_line' id='line_1_29' title="bbox 490 2642 2064 2716; baseline -0.006 -11"><span class='ocrx_word' id='word_1_195' title='bbox 490 2651 646 2705; x_wconf 81' lang='lat' dir='ltr'><strong>fortis</strong></span> <span class='ocrx_word' id='word_1_196' title='bbox 686 2649 858 2703; x_wconf 87' lang='lat' dir='ltr'><strong>adiit:</strong></span> <span class='ocrx_word' id='word_1_197' title='bbox 904 2646 1105 2716; x_wconf 86' lang='lat' dir='ltr'><strong>Solque</strong></span> <span class='ocrx_word' id='word_1_198' title='bbox 1150 2644 1372 2715; x_wconf 66' lang='lat' dir='ltr'><strong>justitite</strong></span> <span class='ocrx_word' id='word_1_199' title='bbox 1418 2644 1781 2708; x_wconf 82' lang='lat' dir='ltr'><strong>obumbravit,</strong></span> <span class='ocrx_word' id='word_1_200' title='bbox 1807 2654 1862 2698; x_wconf 90' lang='lat' dir='ltr'><strong>et</strong></span> <span class='ocrx_word' id='word_1_201' title='bbox 1893 2642 2064 2696; x_wconf 86' lang='lat' dir='ltr'><strong>virtu--</strong></span> 
     </span>
    </p>
   </div>
   <div class='ocr_carea' id='block_1_30' title="bbox 491 2733 2061 2803">
    <p class='ocr_par' dir='ltr' id='par_1_30' title="bbox 491 2733 2061 2803">
     <span class='ocr_line' id='line_1_30' title="bbox 491 2733 2061 2803; baseline -0.005 -10"><span class='ocrx_word' id='word_1_202' title='bbox 491 2750 601 2793; x_wconf 90' lang='lat' dir='ltr'><strong>tum</strong></span> <span class='ocrx_word' id='word_1_203' title='bbox 650 2739 950 2793; x_wconf 84' lang='lat' dir='ltr'><strong>divinarum</strong></span> <span class='ocrx_word' id='word_1_204' title='bbox 992 2736 1275 2790; x_wconf 84' lang='lat' dir='ltr'><strong>thesaurus</strong></span> <span class='ocrx_word' id='word_1_205' title='bbox 1308 2734 1501 2803; x_wconf 87' lang='lat' dir='ltr'><strong>patuit,</strong></span> <span class='ocrx_word' id='word_1_206' title='bbox 1544 2747 1608 2787; x_wconf 85' lang='lat' dir='ltr'><strong>ac</strong></span> <span class='ocrx_word' id='word_1_207' title='bbox 1664 2733 1788 2787; x_wconf 85' lang='lat' dir='ltr'><strong>vitae</strong></span> <span class='ocrx_word' id='word_1_208' title='bbox 1841 2740 2061 2787; x_wconf 79' lang='lat' dir='ltr'><strong>aeternae</strong></span> 
     </span>
    </p>
   </div>
   <div class='ocr_carea' id='block_1_31' title="bbox 489 2816 2087 2901">
    <p class='ocr_par' dir='ltr' id='par_1_31' title="bbox 489 2816 2087 2901">
     <span class='ocr_line' id='line_1_31' title="bbox 489 2816 2087 2901; baseline -0.006 -16"><span class='ocrx_word' id='word_1_209' title='bbox 489 2832 671 2901; x_wconf 83' lang='lat' dir='ltr'><strong>planta</strong></span> <span class='ocrx_word' id='word_1_210' title='bbox 723 2829 1029 2883; x_wconf 87' lang='lat' dir='ltr'><strong>hominibus</strong></span> <span class='ocrx_word' id='word_1_211' title='bbox 1085 2824 1426 2896; x_wconf 79' lang='lat' dir='ltr'><strong>germinavit,</strong></span> <span class='ocrx_word' id='word_1_212' title='bbox 1480 2823 1781 2894; x_wconf 89' lang='lat' dir='ltr'><strong>Oriensque</strong></span> <span class='ocrx_word' id='word_1_213' title='bbox 1834 2822 1900 2877; x_wconf 91' lang='lat' dir='ltr'><strong>de</strong></span> <span class='ocrx_word' id='word_1_214' title='bbox 1951 2816 2087 2876; x_wconf 89' lang='lat' dir='ltr'><strong>alto</strong></span> 
     </span>
    </p>
   </div>
   <div class='ocr_carea' id='block_1_32' title="bbox 491 2914 2061 2984">
    <p class='ocr_par' dir='ltr' id='par_1_32' title="bbox 491 2914 2061 2984">
     <span class='ocr_line' id='line_1_32' title="bbox 491 2914 2061 2984; baseline -0.004 -8"><span class='ocrx_word' id='word_1_215' title='bbox 491 2924 664 2977; x_wconf 80' lang='lat' dir='ltr'><strong>illuxit</strong></span> <span class='ocrx_word' id='word_1_216' title='bbox 729 2929 784 2975; x_wconf 90' lang='lat' dir='ltr'><strong>et</strong></span> <span class='ocrx_word' id='word_1_217' title='bbox 851 2918 1173 2984; x_wconf 67' lang='lat' dir='ltr'><strong>caelestium,</strong></span> <span class='ocrx_word' id='word_1_218' title='bbox 1228 2916 1566 2972; x_wconf 86' lang='lat' dir='ltr'><strong>terrestrium</strong></span> <span class='ocrx_word' id='word_1_219' title='bbox 1619 2914 2061 2984; x_wconf 85' lang='lat' dir='ltr'><strong>inlernorumque</strong></span> 
     </span>
    </p>
   </div>
   <div class='ocr_carea' id='block_1_33' title="bbox 492 3004 2059 3080">
    <p class='ocr_par' dir='ltr' id='par_1_33' title="bbox 492 3004 2059 3080">
     <span class='ocr_line' id='line_1_33' title="bbox 492 3004 2059 3080; baseline -0.006 -12"><span class='ocrx_word' id='word_1_220' title='bbox 492 3014 752 3069; x_wconf 85' lang='lat' dir='ltr'><strong>Dominus</strong></span> <span class='ocrx_word' id='word_1_221' title='bbox 785 3026 850 3066; x_wconf 86' lang='lat' dir='ltr'><strong>ex</strong></span> <span class='ocrx_word' id='word_1_222' title='bbox 890 3010 1131 3080; x_wconf 72' lang='lat' dir='ltr'><strong>virgineo</strong></span> <span class='ocrx_word' id='word_1_223' title='bbox 1174 3022 1494 3079; x_wconf 77' lang='lat' dir='ltr'><strong>progressus</strong></span> <span class='ocrx_word' id='word_1_224' title='bbox 1531 3016 1705 3068; x_wconf 91' lang='lat' dir='ltr'><strong>utero,</strong></span> <span class='ocrx_word' id='word_1_225' title='bbox 1739 3021 1834 3076; x_wconf 88' lang='lat' dir='ltr'><strong>pro</strong></span> <span class='ocrx_word' id='word_1_226' title='bbox 1877 3004 2059 3059; x_wconf 91' lang='lat' dir='ltr'><strong>mundi</strong></span> 
     </span>
    </p>
   </div>
   <div class='ocr_carea' id='block_1_34' title="bbox 492 3093 2131 3195">
    <p class='ocr_par' dir='ltr' id='par_1_34' title="bbox 492 3093 2131 3195">
     <span class='ocr_line' id='line_1_34' title="bbox 492 3093 2131 3195; baseline -0.008 -35"><span class='ocrx_word' id='word_1_227' title='bbox 492 3104 877 3172; x_wconf 79' lang='lat' dir='ltr'><strong>redemptione,</strong></span> <span class='ocrx_word' id='word_1_228' title='bbox 918 3102 971 3155; x_wconf 87' lang='lat' dir='ltr'><strong>in</strong></span> <span class='ocrx_word' id='word_1_229' title='bbox 1015 3099 1272 3154; x_wconf 90' lang='lat' dir='ltr'><strong>mundum</strong></span> <span class='ocrx_word' id='word_1_230' title='bbox 1313 3097 1713 3165; x_wconf 87' lang='lat' dir='ltr'><strong>corruptibilem</strong></span> <span class='ocrx_word' id='word_1_231' title='bbox 1752 3096 1917 3150; x_wconf 84' lang='lat' dir='ltr'><strong>venit.</strong></span> <span class='ocrx_word' id='word_1_232' title='bbox 1943 3093 2055 3148; x_wconf 90' lang='lat' dir='ltr'><strong>Na-</strong></span> <span class='ocrx_word' id='word_1_233' title='bbox 2089 3138 2131 3195; x_wconf 75' lang='lat' dir='ltr'><strong>C</strong></span> 
     </span>
    </p>
   </div>
   <div class='ocr_carea' id='block_1_35' title="bbox 491 3182 2059 3250">
    <p class='ocr_par' dir='ltr' id='par_1_35' title="bbox 491 3182 2059 3250">
     <span class='ocr_line' id='line_1_35' title="bbox 491 3182 2059 3250; baseline -0.01 0"><span class='ocrx_word' id='word_1_234' title='bbox 491 3206 581 3250; x_wconf 78' lang='lat' dir='ltr'><strong>tus</strong></span> <span class='ocrx_word' id='word_1_235' title='bbox 620 3195 756 3248; x_wconf 85' lang='lat' dir='ltr'><strong>enim</strong></span> <span class='ocrx_word' id='word_1_236' title='bbox 804 3204 880 3247; x_wconf 88' lang='lat' dir='ltr'><strong>est</strong></span> <span class='ocrx_word' id='word_1_237' title='bbox 932 3193 1078 3246; x_wconf 81' lang='lat' dir='ltr'><strong>nobis</strong></span> <span class='ocrx_word' id='word_1_238' title='bbox 1120 3191 1275 3243; x_wconf 79' lang='lat' dir='ltr'><strong>hodie</strong></span> <span class='ocrx_word' id='word_1_239' title='bbox 1319 3188 1558 3243; x_wconf 83' lang='lat' dir='ltr'><strong>Salvator</strong></span> <span class='ocrx_word' id='word_1_240' title='bbox 1606 3185 1850 3241; x_wconf 79' lang='lat' dir='ltr'><strong>Christus</strong></span> <span class='ocrx_word' id='word_1_241' title='bbox 1882 3182 2059 3237; x_wconf 85' lang='lat' dir='ltr'><strong>Dami-</strong></span> 
     </span>
    </p>
   </div>
   <div class='ocr_carea' id='block_1_36' title="bbox 493 3276 2064 3353">
    <p class='ocr_par' dir='ltr' id='par_1_36' title="bbox 493 3276 2064 3353">
     <span class='ocr_line' id='line_1_36' title="bbox 493 3276 2064 3353; baseline -0.006 -14"><span class='ocrx_word' id='word_1_242' title='bbox 493 3285 671 3348; x_wconf 59' lang='grc' dir='ltr'>παρ’,</span> <span class='ocrx_word' id='word_1_243' title='bbox 714 3285 806 3353; x_wconf 90' lang='lat' dir='ltr'><strong>qui</strong></span> <span class='ocrx_word' id='word_1_244' title='bbox 870 3283 1044 3337; x_wconf 87' lang='lat' dir='ltr'><strong>lumen</strong></span> <span class='ocrx_word' id='word_1_245' title='bbox 1095 3292 1166 3336; x_wconf 85' lang='lat' dir='ltr'><strong>est</strong></span> <span class='ocrx_word' id='word_1_246' title='bbox 1217 3279 1530 3351; x_wconf 76' lang='lat' dir='ltr'><strong>gentium&quot;,</strong></span> <span class='ocrx_word' id='word_1_247' title='bbox 1572 3285 1627 3332; x_wconf 89' lang='lat' dir='ltr'><strong>et</strong></span> <span class='ocrx_word' id='word_1_248' title='bbox 1674 3277 1821 3331; x_wconf 88' lang='lat' dir='ltr'><strong>salus</strong></span> <span class='ocrx_word' id='word_1_249' title='bbox 1874 3276 2064 3329; x_wconf 85' lang='lat' dir='ltr'><strong>domus</strong></span> 
     </span>
    </p>
   </div>
   <div class='ocr_carea' id='block_1_37' title="bbox 491 3365 2057 3438">
    <p class='ocr_par' dir='ltr' id='par_1_37' title="bbox 491 3365 2057 3438">
     <span class='ocr_line' id='line_1_37' title="bbox 491 3365 2057 3438; baseline -0.006 -10"><span class='ocrx_word' id='word_1_250' title='bbox 491 3374 670 3429; x_wconf 87' lang='lat' dir='ltr'><strong>Israel.</strong></span> <span class='ocrx_word' id='word_1_251' title='bbox 708 3374 752 3429; x_wconf 89' lang='grc' dir='ltr'>Ο</span> <span class='ocrx_word' id='word_1_252' title='bbox 809 3372 1159 3427; x_wconf 87' lang='lat' dir='ltr'><strong>miraculum!</strong></span> <span class='ocrx_word' id='word_1_253' title='bbox 1213 3372 1311 3438; x_wconf 86' lang='lat' dir='ltr'><strong>Qui</strong></span> <span class='ocrx_word' id='word_1_254' title='bbox 1360 3385 1465 3424; x_wconf 93' lang='lat' dir='ltr'><strong>non</strong></span> <span class='ocrx_word' id='word_1_255' title='bbox 1512 3368 1765 3423; x_wconf 88' lang='lat' dir='ltr'><strong>delinitur</strong></span> <span class='ocrx_word' id='word_1_256' title='bbox 1800 3365 1969 3429; x_wconf 66' lang='lat' dir='ltr'><strong>cretis,</strong></span> <span class='ocrx_word' id='word_1_257' title='bbox 2007 3365 2057 3418; x_wconf 90' lang='lat' dir='ltr'><strong>in</strong></span> 
     </span>
    </p>
   </div>
   <div class='ocr_carea' id='block_1_38' title="bbox 492 3455 2057 3532">
    <p class='ocr_par' dir='ltr' id='par_1_38' title="bbox 492 3455 2057 3532">
     <span class='ocr_line' id='line_1_38' title="bbox 492 3455 2057 3532; baseline -0.006 -15"><span class='ocrx_word' id='word_1_258' title='bbox 492 3465 713 3532; x_wconf 65' lang='lat' dir='ltr'><strong>praesepi</strong></span> <span class='ocrx_word' id='word_1_259' title='bbox 762 3464 1069 3518; x_wconf 86' lang='lat' dir='ltr'><strong>demoratus</strong></span> <span class='ocrx_word' id='word_1_260' title='bbox 1112 3471 1197 3517; x_wconf 80' lang='lat' dir='ltr'><strong>est</strong></span> <span class='ocrx_word' id='word_1_261' title='bbox 1239 3469 1297 3515; x_wconf 89' lang='lat' dir='ltr'><strong>ut</strong></span> <span class='ocrx_word' id='word_1_262' title='bbox 1343 3458 1594 3529; x_wconf 88' lang='lat' dir='ltr'><strong>parvulus</strong></span> <span class='ocrx_word' id='word_1_263' title='bbox 1626 3474 1640 3511; x_wconf 91' lang='lat'><strong>:</strong></span> <span class='ocrx_word' id='word_1_264' title='bbox 1673 3457 1874 3527; x_wconf 81' lang='lat' dir='ltr'><strong>quique</strong></span> <span class='ocrx_word' id='word_1_265' title='bbox 1907 3455 2057 3509; x_wconf 76' lang='lat' dir='ltr'><strong>brevi</strong></span> 
     </span>
    </p>
   </div>
   <div class='ocr_carea' id='block_1_39' title="bbox 489 3547 2056 3617">
    <p class='ocr_par' dir='ltr' id='par_1_39' title="bbox 489 3547 2056 3617">
     <span class='ocr_line' id='line_1_39' title="bbox 489 3547 2056 3617; baseline -0.01 -5"><span class='ocrx_word' id='word_1_266' title='bbox 489 3570 739 3612; x_wconf 85' lang='lat' dir='ltr'><strong>sermone</strong></span> <span class='ocrx_word' id='word_1_267' title='bbox 773 3554 1019 3609; x_wconf 87' lang='lat' dir='ltr'><strong>universa</strong></span> <span class='ocrx_word' id='word_1_268' title='bbox 1062 3551 1360 3617; x_wconf 87' lang='lat' dir='ltr'><strong>constituit,</strong></span> <span class='ocrx_word' id='word_1_269' title='bbox 1394 3549 1750 3604; x_wconf 83' lang='lat' dir='ltr'><strong>muliebribus</strong></span> <span class='ocrx_word' id='word_1_270' title='bbox 1773 3547 2056 3601; x_wconf 79' lang='lat' dir='ltr'><strong>fovebat-ur</strong></span> 
     </span>
    </p>
   </div>
   <div class='ocr_carea' id='block_1_40' title="bbox 490 3636 2055 3715">
    <p class='ocr_par' dir='ltr' id='par_1_40' title="bbox 490 3636 2055 3715">
     <span class='ocr_line' id='line_1_40' title="bbox 490 3636 2055 3715; baseline -0.004 -17"><span class='ocrx_word' id='word_1_271' title='bbox 490 3646 663 3712; x_wconf 90' lang='lat' dir='ltr'><strong>ulnis;</strong></span> <span class='ocrx_word' id='word_1_272' title='bbox 705 3661 769 3700; x_wconf 89' lang='lat' dir='ltr'><strong>ac</strong></span> <span class='ocrx_word' id='word_1_273' title='bbox 821 3646 909 3715; x_wconf 89' lang='lat' dir='ltr'><strong>qui</strong></span> <span class='ocrx_word' id='word_1_274' title='bbox 961 3643 1441 3714; x_wconf 73' lang='lat' dir='ltr'><strong>superemlestibus</strong></span> <span class='ocrx_word' id='word_1_275' title='bbox 1489 3640 1741 3695; x_wconf 89' lang='lat' dir='ltr'><strong>omnibus</strong></span> <span class='ocrx_word' id='word_1_276' title='bbox 1770 3636 2055 3692; x_wconf 86' lang='lat' dir='ltr'><strong>virtutibus</strong></span> 
     </span>
    </p>
   </div>
   <div class='ocr_carea' id='block_1_41' title="bbox 492 3726 2052 3807">
    <p class='ocr_par' dir='ltr' id='par_1_41' title="bbox 492 3726 2052 3807">
     <span class='ocr_line' id='line_1_41' title="bbox 492 3726 2052 3807; baseline -0.008 -19"><span class='ocrx_word' id='word_1_277' title='bbox 492 3735 705 3788; x_wconf 66' lang='lat' dir='ltr'><strong>donarit</strong></span> <span class='ocrx_word' id='word_1_278' title='bbox 736 3743 792 3788; x_wconf 92' lang='lat' dir='ltr'><strong>ut</strong></span> <span class='ocrx_word' id='word_1_279' title='bbox 818 3744 1016 3807; x_wconf 72' lang='lat' dir='ltr'><strong>essent,</strong></span> <span class='ocrx_word' id='word_1_280' title='bbox 1052 3733 1340 3801; x_wconf 81' lang='lat' dir='ltr'><strong>iinpoliutis</strong></span> <span class='ocrx_word' id='word_1_281' title='bbox 1367 3730 1667 3784; x_wconf 86' lang='lat' dir='ltr'><strong>laetabatur</strong></span> <span class='ocrx_word' id='word_1_282' title='bbox 1692 3726 1927 3794; x_wconf 77' lang='lat' dir='ltr'><strong>Virginis</strong></span> <span class='ocrx_word' id='word_1_283' title='bbox 1962 3739 2052 3778; x_wconf 85' lang='lat' dir='ltr'><strong>sa-</strong></span> 
     </span>
    </p>
   </div>
   <div class='ocr_carea' id='block_1_42' title="bbox 491 3816 2054 3890">
    <p class='ocr_par' dir='ltr' id='par_1_42' title="bbox 491 3816 2054 3890">
     <span class='ocr_line' id='line_1_42' title="bbox 491 3816 2054 3890; baseline -0.011 -8"><span class='ocrx_word' id='word_1_284' title='bbox 491 3844 595 3882; x_wconf 68' lang='lat' dir='ltr'><strong>cra:</strong></span> <span class='ocrx_word' id='word_1_285' title='bbox 617 3828 891 3881; x_wconf 84' lang='lat' dir='ltr'><strong>uberibus.</strong></span> <span class='ocrx_word' id='word_1_286' title='bbox 926 3823 1149 3879; x_wconf 82' lang='lat' dir='ltr'><strong>Factum</strong></span> <span class='ocrx_word' id='word_1_287' title='bbox 1192 3824 1327 3878; x_wconf 86' lang='lat' dir='ltr'><strong>enim</strong></span> <span class='ocrx_word' id='word_1_288' title='bbox 1359 3832 1455 3889; x_wconf 85' lang='lat' dir='ltr'><strong>est,</strong></span> <span class='ocrx_word' id='word_1_289' title='bbox 1492 3821 1681 3890; x_wconf 90' lang='lat' dir='ltr'><strong>inquit,</strong></span> <span class='ocrx_word' id='word_1_290' title='bbox 1717 3826 1774 3871; x_wconf 89' lang='lat' dir='ltr'><strong>ut</strong></span> <span class='ocrx_word' id='word_1_291' title='bbox 1807 3816 2054 3883; x_wconf 41' lang='lat' dir='ltr'><strong>Evange‘</strong></span> 
     </span>
    </p>
   </div>
   <div class='ocr_carea' id='block_1_43' title="bbox 490 3905 2059 3981">
    <p class='ocr_par' dir='ltr' id='par_1_43' title="bbox 490 3905 2059 3981">
     <span class='ocr_line' id='line_1_43' title="bbox 490 3905 2059 3981; baseline -0.012 -8"><span class='ocrx_word' id='word_1_292' title='bbox 490 3919 618 3973; x_wconf 86' lang='lat' dir='ltr'><strong>lium</strong></span> <span class='ocrx_word' id='word_1_293' title='bbox 654 3929 899 3981; x_wconf 80' lang='lat' dir='ltr'><strong>testatur,</strong></span> <span class='ocrx_word' id='word_1_294' title='bbox 939 3934 1053 3971; x_wconf 88' lang='lat' dir='ltr'><strong>cum</strong></span> <span class='ocrx_word' id='word_1_295' title='bbox 1105 3926 1270 3970; x_wconf 76' lang='lat' dir='ltr'><strong>essent</strong></span> <span class='ocrx_word' id='word_1_296' title='bbox 1321 3914 1414 3976; x_wconf 87' lang='lat' dir='ltr'><strong>ibi,</strong></span> <span class='ocrx_word' id='word_1_297' title='bbox 1455 3911 1652 3980; x_wconf 81' lang='lat' dir='ltr'><strong>impleti</strong></span> <span class='ocrx_word' id='word_1_298' title='bbox 1689 3914 1812 3960; x_wconf 80' lang='lat' dir='ltr'><strong>sunt</strong></span> <span class='ocrx_word' id='word_1_299' title='bbox 1846 3905 1954 3956; x_wconf 85' lang='lat' dir='ltr'><strong>dies</strong></span> <span class='ocrx_word' id='word_1_300' title='bbox 2001 3911 2059 3955; x_wconf 83' lang='lat' dir='ltr'><strong>ut</strong></span> 
     </span>
    </p>
   </div>
   <div class='ocr_carea' id='block_1_44' title="bbox 487 3996 2058 4078">
    <p class='ocr_par' dir='ltr' id='par_1_44' title="bbox 487 3996 2058 4078">
     <span class='ocr_line' id='line_1_44' title="bbox 487 3996 2058 4078; baseline -0.012 -14"><span class='ocrx_word' id='word_1_301' title='bbox 487 4020 715 4078; x_wconf 68' lang='lat' dir='ltr'><strong>pareret.</strong></span> <span class='ocrx_word' id='word_1_302' title='bbox 759 4009 826 4061; x_wconf 76' lang='lat' dir='ltr'><strong>Et</strong></span> <span class='ocrx_word' id='word_1_303' title='bbox 863 4010 1058 4076; x_wconf 76' lang='lat' dir='ltr'><strong>peperit</strong></span> <span class='ocrx_word' id='word_1_304' title='bbox 1112 4010 1281 4077; x_wconf 79' lang='lat' dir='ltr'><strong>ﬁlium</strong></span> <span class='ocrx_word' id='word_1_305' title='bbox 1329 4019 1480 4057; x_wconf 73' lang='lat' dir='ltr'><strong>suum</strong></span> <span class='ocrx_word' id='word_1_306' title='bbox 1527 3996 1953 4068; x_wconf 82' lang='lat' dir='ltr'><strong>primogenitum,</strong></span> <span class='ocrx_word' id='word_1_307' title='bbox 2008 4002 2058 4047; x_wconf 85' lang='lat' dir='ltr'><strong>et</strong></span> 
     </span>
    </p>
   </div>
   <div class='ocr_carea' id='block_1_45' title="bbox 490 4084 2055 4168">
    <p class='ocr_par' dir='ltr' id='par_1_45' title="bbox 490 4084 2055 4168">
     <span class='ocr_line' id='line_1_45' title="bbox 490 4084 2055 4168; baseline -0.01 -14"><span class='ocrx_word' id='word_1_308' title='bbox 490 4101 676 4168; x_wconf 79' lang='lat' dir='ltr'><strong>pannis</strong></span> <span class='ocrx_word' id='word_1_309' title='bbox 708 4116 826 4153; x_wconf 87' lang='lat' dir='ltr'><strong>eum</strong></span> <span class='ocrx_word' id='word_1_310' title='bbox 867 4099 1095 4163; x_wconf 84' lang='lat' dir='ltr'><strong>involvit,</strong></span> <span class='ocrx_word' id='word_1_311' title='bbox 1128 4107 1176 4151; x_wconf 87' lang='lat' dir='ltr'><strong>et</strong></span> <span class='ocrx_word' id='word_1_312' title='bbox 1214 4092 1483 4149; x_wconf 84' lang='lat' dir='ltr'><strong>reclinavit</strong></span> <span class='ocrx_word' id='word_1_313' title='bbox 1514 4105 1632 4143; x_wconf 83' lang='lat' dir='ltr'><strong>eum</strong></span> <span class='ocrx_word' id='word_1_314' title='bbox 1667 4088 1722 4141; x_wconf 84' lang='lat' dir='ltr'><strong>in</strong></span> <span class='ocrx_word' id='word_1_315' title='bbox 1748 4084 1999 4155; x_wconf 74' lang='lat' dir='ltr'><strong>prwsepio</strong></span> <span class='ocrx_word' id='word_1_316' title='bbox 2036 4099 2055 4138; x_wconf 91' lang='lat'><strong><em>:</em></strong></span> 
     </span>
    </p>
   </div>
   <div class='ocr_carea' id='block_1_46' title="bbox 488 4187 1652 4263">
    <p class='ocr_par' dir='ltr' id='par_1_46' title="bbox 488 4187 1652 4263">
     <span class='ocr_line' id='line_1_46' title="bbox 488 4187 1652 4263; baseline -0.006 -15"><span class='ocrx_word' id='word_1_317' title='bbox 488 4197 740 4263; x_wconf 86' lang='lat' dir='ltr'><strong>quianon</strong></span> <span class='ocrx_word' id='word_1_318' title='bbox 767 4205 876 4249; x_wconf 86' lang='lat' dir='ltr'><strong>erat</strong></span> <span class='ocrx_word' id='word_1_319' title='bbox 919 4197 991 4249; x_wconf 78' lang='lat' dir='ltr'><strong>eis</strong></span> <span class='ocrx_word' id='word_1_320' title='bbox 1026 4196 1168 4247; x_wconf 75' lang='lat' dir='ltr'><strong>locus</strong></span> <span class='ocrx_word' id='word_1_321' title='bbox 1191 4193 1246 4245; x_wconf 85' lang='lat' dir='ltr'><strong>in</strong></span> <span class='ocrx_word' id='word_1_322' title='bbox 1288 4189 1571 4243; x_wconf 76' lang='lat' dir='ltr'><strong>dirersorio</strong></span> <span class='ocrx_word' id='word_1_323' title='bbox 1589 4187 1652 4241; x_wconf 76' lang='grc'><strong>’⁷.</strong></span> 
     </span>
    </p>
   </div>
   <div class='ocr_carea' id='block_1_47' title="bbox 2228 912 3803 989">
    <p class='ocr_par' dir='ltr' id='par_1_47' title="bbox 2228 912 3803 989">
     <span class='ocr_line' id='line_1_47' title="bbox 2228 912 3803 989; baseline 0.003 -18"><span class='ocrx_word' id='word_1_324' title='bbox 2228 919 2304 971; x_wconf 90' lang='grc' dir='ltr'><strong>Γ’.</strong></span> <span class='ocrx_word' id='word_1_325' title='bbox 2343 915 2529 971; x_wconf 81' lang='grc' dir='ltr'>Ταῦτα</span> <span class='ocrx_word' id='word_1_326' title='bbox 2559 915 2654 969; x_wconf 78' lang='grc' dir='ltr'>τοῦ</span> <span class='ocrx_word' id='word_1_327' title='bbox 2684 915 2973 989; x_wconf 78' lang='grc' dir='ltr'>Προφήτου</span> <span class='ocrx_word' id='word_1_328' title='bbox 3027 915 3163 987; x_wconf 79' lang='grc' dir='ltr'>πρὸς</span> <span class='ocrx_word' id='word_1_329' title='bbox 3189 916 3387 980; x_wconf 79' lang='grc' dir='ltr'>αὐτοὺς</span> <span class='ocrx_word' id='word_1_330' title='bbox 3436 912 3741 989; x_wconf 73' lang='grc' dir='ltr'><strong>εἰρηκότος,</strong></span> <span class='ocrx_word' id='word_1_331' title='bbox 3796 932 3803 943; x_wconf 83' lang='lat'><strong>&#39;</strong></span> 
     </span>
    </p>
   </div>
   <div class='ocr_carea' id='block_1_48' title="bbox 2158 1001 3744 1080">
    <p class='ocr_par' dir='ltr' id='par_1_48' title="bbox 2158 1001 3744 1080">
     <span class='ocr_line' id='line_1_48' title="bbox 2158 1001 3744 1080; baseline 0.001 -18"><span class='ocrx_word' id='word_1_332' title='bbox 2158 1008 2389 1080; x_wconf 73' lang='grc' dir='ltr'>ἐροῦμεν</span> <span class='ocrx_word' id='word_1_333' title='bbox 2405 1009 2498 1061; x_wconf 72' lang='grc' dir='ltr'><strong>καὶ</strong></span> <span class='ocrx_word' id='word_1_334' title='bbox 2514 1009 2693 1077; x_wconf 84' lang='grc' dir='ltr'>ἡμεῖς.</span> <span class='ocrx_word' id='word_1_335' title='bbox 2710 1001 2781 1058; x_wconf 81' lang='grc' dir='ltr'><strong><em>Ὦ</em></strong></span> <span class='ocrx_word' id='word_1_336' title='bbox 2799 1005 3009 1059; x_wconf 86' lang='grc' dir='ltr'>παιδίον</span> <span class='ocrx_word' id='word_1_337' title='bbox 3026 1007 3253 1076; x_wconf 75' lang='grc' dir='ltr'>οὐρανοῦ</span> <span class='ocrx_word' id='word_1_338' title='bbox 3271 1007 3621 1080; x_wconf 79' lang='grc' dir='ltr'>παλαιότερον</span> <span class='ocrx_word' id='word_1_339' title='bbox 3637 1011 3648 1062; x_wconf 91' lang='lat'><strong>!</strong></span> <span class='ocrx_word' id='word_1_340' title='bbox 3673 1007 3744 1062; x_wconf 84' lang='grc' dir='ltr'><strong><em>Ὦ</em></strong></span> 
     </span>
    </p>
   </div>
   <div class='ocr_carea' id='block_1_49' title="bbox 2158 1097 3742 1171">
    <p class='ocr_par' dir='ltr' id='par_1_49' title="bbox 2158 1097 3742 1171">
     <span class='ocr_line' id='line_1_49' title="bbox 2158 1097 3742 1171; baseline 0.001 -18"><span class='ocrx_word' id='word_1_341' title='bbox 2158 1100 2459 1170; x_wconf 76' lang='grc' dir='ltr'>τρισόλϐιος</span> <span class='ocrx_word' id='word_1_342' title='bbox 2505 1099 2641 1163; x_wconf 80' lang='grc' dir='ltr'>υἱὸς,</span> <span class='ocrx_word' id='word_1_343' title='bbox 2701 1098 2850 1163; x_wconf 82' lang='grc' dir='ltr'>ὅστις</span> <span class='ocrx_word' id='word_1_344' title='bbox 2902 1099 2990 1150; x_wconf 80' lang='grc' dir='ltr'>ἐπ’</span> <span class='ocrx_word' id='word_1_345' title='bbox 3041 1097 3206 1168; x_wconf 78' lang='grc' dir='ltr'>ὤμων</span> <span class='ocrx_word' id='word_1_346' title='bbox 3247 1099 3373 1169; x_wconf 78' lang='grc' dir='ltr'>ἥκει</span> <span class='ocrx_word' id='word_1_347' title='bbox 3411 1101 3512 1171; x_wconf 80' lang='grc' dir='ltr'>τὴν</span> <span class='ocrx_word' id='word_1_348' title='bbox 3547 1100 3742 1155; x_wconf 79' lang='grc' dir='ltr'>ἑαυτοῦ</span> 
     </span>
    </p>
   </div>
   <div class='ocr_carea' id='block_1_50' title="bbox 2161 1188 3743 1264">
    <p class='ocr_par' dir='ltr' id='par_1_50' title="bbox 2161 1188 3743 1264">
     <span class='ocr_line' id='line_1_50' title="bbox 2161 1188 3743 1264; baseline 0.001 -20"><span class='ocrx_word' id='word_1_349' title='bbox 2161 1190 2443 1262; x_wconf 80' lang='grc' dir='ltr'>βαστάζων</span> <span class='ocrx_word' id='word_1_350' title='bbox 2470 1189 2641 1261; x_wconf 78' lang='grc' dir='ltr'>ἀρχὴν</span> <span class='ocrx_word' id='word_1_351' title='bbox 2670 1188 2771 1260; x_wconf 77' lang='grc'><strong>(5),</strong></span> <span class='ocrx_word' id='word_1_352' title='bbox 2814 1188 2909 1263; x_wconf 67' lang='lat' dir='ltr'><strong>xa‘t</strong></span> <span class='ocrx_word' id='word_1_353' title='bbox 2929 1189 2987 1241; x_wconf 76' lang='grc' dir='ltr'><strong>οὐ</strong></span> <span class='ocrx_word' id='word_1_354' title='bbox 3004 1190 3132 1259; x_wconf 77' lang='grc' dir='ltr'>παρ’</span> <span class='ocrx_word' id='word_1_355' title='bbox 3155 1190 3343 1261; x_wconf 80' lang='grc' dir='ltr'>ἐτέρου</span> <span class='ocrx_word' id='word_1_356' title='bbox 3366 1190 3544 1261; x_wconf 83' lang='grc' dir='ltr'><strong>ζητῶν</strong></span> <span class='ocrx_word' id='word_1_357' title='bbox 3574 1192 3743 1264; x_wconf 77' lang='grc' dir='ltr'>αὐτὴν</span> 
     </span>
    </p>
   </div>
   <div class='ocr_carea' id='block_1_51' title="bbox 2160 1279 3743 1352">
    <p class='ocr_par' dir='ltr' id='par_1_51' title="bbox 2160 1279 3743 1352">
     <span class='ocr_line' id='line_1_51' title="bbox 2160 1279 3743 1352; baseline 0.001 -17"><span class='ocrx_word' id='word_1_358' title='bbox 2160 1280 2515 1352; x_wconf 83' lang='grc' dir='ltr'>κομίσασθαι.</span> <span class='ocrx_word' id='word_1_359' title='bbox 2566 1281 2846 1350; x_wconf 80' lang='grc' dir='ltr'>Ἔμφυτον</span> <span class='ocrx_word' id='word_1_360' title='bbox 2892 1279 3001 1351; x_wconf 71' lang='grc' dir='ltr'><strong>γὰρ</strong></span> <span class='ocrx_word' id='word_1_361' title='bbox 3042 1280 3119 1350; x_wconf 82' lang='grc' dir='ltr'>τῷ</span> <span class='ocrx_word' id='word_1_362' title='bbox 3163 1282 3322 1352; x_wconf 78' lang='grc' dir='ltr'>Λόγῳ</span> <span class='ocrx_word' id='word_1_363' title='bbox 3367 1281 3475 1334; x_wconf 84' lang='grc' dir='ltr'><strong>τῶν</strong></span> <span class='ocrx_word' id='word_1_364' title='bbox 3526 1282 3743 1336; x_wconf 83' lang='grc' dir='ltr'>πάντων</span> 
     </span>
    </p>
   </div>
   <div class='ocr_carea' id='block_1_52' title="bbox 2160 1368 3739 1443">
    <p class='ocr_par' dir='ltr' id='par_1_52' title="bbox 2160 1368 3739 1443">
     <span class='ocr_line' id='line_1_52' title="bbox 2160 1368 3739 1443; baseline -0.005 -13"><span class='ocrx_word' id='word_1_365' title='bbox 2160 1373 2349 1443; x_wconf 78' lang='grc' dir='ltr'>ἄρχειν</span> <span class='ocrx_word' id='word_1_366' title='bbox 2398 1372 2474 1436; x_wconf 81' lang='grc' dir='ltr'>ὡς</span> <span class='ocrx_word' id='word_1_367' title='bbox 2523 1371 2661 1443; x_wconf 81' lang='grc' dir='ltr'>Υίῷ,</span> <span class='ocrx_word' id='word_1_368' title='bbox 2713 1372 2806 1424; x_wconf 72' lang='grc' dir='ltr'><strong>καὶ</strong></span> <span class='ocrx_word' id='word_1_369' title='bbox 2848 1372 2948 1424; x_wconf 72' lang='grc' dir='ltr'><strong>οὐκ</strong></span> <span class='ocrx_word' id='word_1_370' title='bbox 2990 1371 3312 1425; x_wconf 79' lang='grc' dir='ltr'>ἐπείσακτον</span> <span class='ocrx_word' id='word_1_371' title='bbox 3346 1373 3421 1435; x_wconf 81' lang='grc' dir='ltr'>ὡς</span> <span class='ocrx_word' id='word_1_372' title='bbox 3457 1368 3739 1442; x_wconf 68' lang='grc' dir='ltr'>ποιήματι.</span> 
     </span>
    </p>
   </div>
   <div class='ocr_carea' id='block_1_53' title="bbox 2173 1459 3745 1532">
    <p class='ocr_par' dir='ltr' id='par_1_53' title="bbox 2173 1459 3745 1532">
     <span class='ocr_line' id='line_1_53' title="bbox 2173 1459 3745 1532; baseline -0.001 -17"><span class='ocrx_word' id='word_1_373' title='bbox 2173 1462 2241 1515; x_wconf 86' lang='grc' dir='ltr'><em>Ἦ</em></span> <span class='ocrx_word' id='word_1_374' title='bbox 2270 1460 2427 1530; x_wconf 78' lang='grc' dir='ltr'><strong>ἀρχὴ</strong></span> <span class='ocrx_word' id='word_1_375' title='bbox 2457 1459 2586 1532; x_wconf 84' lang='grc' dir='ltr'>γὰρ,</span> <span class='ocrx_word' id='word_1_376' title='bbox 2620 1460 2805 1530; x_wconf 65' lang='grc' dir='ltr'>φησιν,</span> <span class='ocrx_word' id='word_1_377' title='bbox 2845 1460 2941 1512; x_wconf 78' lang='grc' dir='ltr'>ἐπὶ</span> <span class='ocrx_word' id='word_1_378' title='bbox 2979 1460 3083 1514; x_wconf 87' lang='grc' dir='ltr'>τοῦ</span> <span class='ocrx_word' id='word_1_379' title='bbox 3127 1459 3291 1530; x_wconf 82' lang='grc' dir='ltr'><strong>ὤμου</strong></span> <span class='ocrx_word' id='word_1_380' title='bbox 3319 1460 3525 1514; x_wconf 87' lang='grc' dir='ltr'>αὑτοῦ.</span> <span class='ocrx_word' id='word_1_381' title='bbox 3552 1459 3621 1513; x_wconf 85' lang='grc' dir='ltr'><strong><em>Ὦ</em></strong></span> <span class='ocrx_word' id='word_1_382' title='bbox 3649 1478 3745 1532; x_wconf 85' lang='grc' dir='ltr'>με-</span> 
     </span>
    </p>
   </div>
   <div class='ocr_carea' id='block_1_54' title="bbox 2159 1551 3739 1625">
    <p class='ocr_par' dir='ltr' id='par_1_54' title="bbox 2159 1551 3739 1625">
     <span class='ocr_line' id='line_1_54' title="bbox 2159 1551 3739 1625; baseline -0.001 -18"><span class='ocrx_word' id='word_1_383' title='bbox 2159 1553 2480 1624; x_wconf 85' lang='grc' dir='ltr'>γαλώνυμον</span> <span class='ocrx_word' id='word_1_384' title='bbox 2505 1553 2785 1623; x_wconf 76' lang='grc' dir='ltr'>γέννημαί</span> <span class='ocrx_word' id='word_1_385' title='bbox 2822 1551 3103 1622; x_wconf 70' lang='grc' dir='ltr'>Μεγάλης</span> <span class='ocrx_word' id='word_1_386' title='bbox 3130 1551 3239 1623; x_wconf 81' lang='grc' dir='ltr'><strong>γὰρ</strong></span> <span class='ocrx_word' id='word_1_387' title='bbox 3261 1551 3520 1620; x_wconf 80' lang='grc' dir='ltr'>βουλῆς,</span> <span class='ocrx_word' id='word_1_388' title='bbox 3554 1554 3739 1625; x_wconf 63' lang='grc' dir='ltr'>φησιν,</span> 
     </span>
    </p>
   </div>
   <div class='ocr_carea' id='block_1_55' title="bbox 2158 1626 3739 1715">
    <p class='ocr_par' dir='ltr' id='par_1_55' title="bbox 2158 1626 3739 1715">
     <span class='ocr_line' id='line_1_55' title="bbox 2158 1626 3739 1715; baseline -0.003 -16"><span class='ocrx_word' id='word_1_389' title='bbox 2158 1645 2431 1715; x_wconf 72' lang='grc' dir='ltr'>ἄγγελος.</span> <span class='ocrx_word' id='word_1_390' title='bbox 2469 1643 2569 1698; x_wconf 78' lang='grc' dir='ltr'>καὶ</span> <span class='ocrx_word' id='word_1_391' title='bbox 2602 1643 2746 1709; x_wconf 79' lang='grc' dir='ltr'>Θεὸς</span> <span class='ocrx_word' id='word_1_392' title='bbox 2780 1641 3029 1712; x_wconf 75' lang='grc' dir='ltr'>ἰσχυρὸς</span> <span class='ocrx_word' id='word_1_393' title='bbox 3055 1626 3397 1712; x_wconf 76' lang='grc' dir='ltr'>ὀνομάζεται.</span> <span class='ocrx_word' id='word_1_394' title='bbox 3430 1638 3501 1694; x_wconf 82' lang='grc' dir='ltr'><strong><em>Ὦ</em></strong></span> <span class='ocrx_word' id='word_1_395' title='bbox 3540 1660 3739 1696; x_wconf 86' lang='grc' dir='ltr'>παντο-</span> 
     </span>
    </p>
   </div>
   <div class='ocr_carea' id='block_1_56' title="bbox 2157 1734 3741 1806">
    <p class='ocr_par' dir='ltr' id='par_1_56' title="bbox 2157 1734 3741 1806">
     <span class='ocr_line' id='line_1_56' title="bbox 2157 1734 3741 1806; baseline -0.002 -16"><span class='ocrx_word' id='word_1_396' title='bbox 2157 1735 2390 1806; x_wconf 76' lang='grc' dir='ltr'>δύναμος</span> <span class='ocrx_word' id='word_1_397' title='bbox 2417 1734 2664 1798; x_wconf 76' lang='grc' dir='ltr'>ἐξουσίαί</span> <span class='ocrx_word' id='word_1_398' title='bbox 2703 1734 3059 1803; x_wconf 81' lang='grc' dir='ltr'><strong>Θαυμαστὸς</strong></span> <span class='ocrx_word' id='word_1_399' title='bbox 3091 1734 3198 1805; x_wconf 77' lang='grc' dir='ltr'>γὰρ</span> <span class='ocrx_word' id='word_1_400' title='bbox 3236 1735 3602 1804; x_wconf 74' lang='grc' dir='ltr'>σύμϐουλος,</span> <span class='ocrx_word' id='word_1_401' title='bbox 3641 1735 3741 1787; x_wconf 71' lang='grc' dir='ltr'><strong>καὶ</strong></span> 
     </span>
    </p>
   </div>
   <div class='ocr_carea' id='block_1_57' title="bbox 2163 1824 3739 1897">
    <p class='ocr_par' dir='ltr' id='par_1_57' title="bbox 2163 1824 3739 1897">
     <span class='ocr_line' id='line_1_57' title="bbox 2163 1824 3739 1897; baseline -0.002 -18"><span class='ocrx_word' id='word_1_402' title='bbox 2163 1826 2363 1896; x_wconf 78' lang='grc' dir='ltr'>ἅρχων</span> <span class='ocrx_word' id='word_1_403' title='bbox 2398 1826 2645 1894; x_wconf 78' lang='grc' dir='ltr'>εἰρήνης</span> <span class='ocrx_word' id='word_1_404' title='bbox 2694 1826 2829 1879; x_wconf 88' lang='grc' dir='ltr'>ἐστί.</span> <span class='ocrx_word' id='word_1_405' title='bbox 2889 1825 3013 1889; x_wconf 80' lang='grc' dir='ltr'><strong>Πῶς</strong></span> <span class='ocrx_word' id='word_1_406' title='bbox 3068 1825 3247 1879; x_wconf 77' lang='grc' dir='ltr'>τοίνυν</span> <span class='ocrx_word' id='word_1_407' title='bbox 3289 1824 3600 1896; x_wconf 69' lang='grc' dir='ltr'>δοξάσωμεν</span> <span class='ocrx_word' id='word_1_408' title='bbox 3641 1826 3739 1897; x_wconf 76' lang='grc' dir='ltr'>τὴν</span> 
     </span>
    </p>
   </div>
   <div class='ocr_carea' id='block_1_58' title="bbox 2165 1915 3738 1988">
    <p class='ocr_par' dir='ltr' id='par_1_58' title="bbox 2165 1915 3738 1988">
     <span class='ocr_line' id='line_1_58' title="bbox 2165 1915 3738 1988; baseline 0.001 -21"><span class='ocrx_word' id='word_1_409' title='bbox 2165 1916 2403 1986; x_wconf 77' lang='grc' dir='ltr'>σήμερον</span> <span class='ocrx_word' id='word_1_410' title='bbox 2442 1916 2671 1987; x_wconf 77' lang='grc' dir='ltr'>ἐορτήν;</span> <span class='ocrx_word' id='word_1_411' title='bbox 2726 1915 2850 1979; x_wconf 82' lang='grc' dir='ltr'>Πῶς</span> <span class='ocrx_word' id='word_1_412' title='bbox 2909 1916 3305 1987; x_wconf 83' lang='grc' dir='ltr'>μακαρίσωμεν</span> <span class='ocrx_word' id='word_1_413' title='bbox 3356 1918 3454 1988; x_wconf 81' lang='grc' dir='ltr'>τὴν</span> <span class='ocrx_word' id='word_1_414' title='bbox 3499 1918 3592 1970; x_wconf 76' lang='grc' dir='ltr'>ἐπὶ</span> <span class='ocrx_word' id='word_1_415' title='bbox 3644 1918 3738 1970; x_wconf 72' lang='grc' dir='ltr'>τοῦ</span> 
     </span>
    </p>
   </div>
   <div class='ocr_carea' id='block_1_59' title="bbox 2162 2005 3741 2078">
    <p class='ocr_par' dir='ltr' id='par_1_59' title="bbox 2162 2005 3741 2078">
     <span class='ocr_line' id='line_1_59' title="bbox 2162 2005 3741 2078; baseline 0.001 -20"><span class='ocrx_word' id='word_1_416' title='bbox 2162 2007 2427 2077; x_wconf 72' lang='grc' dir='ltr'>παρῦντος</span> <span class='ocrx_word' id='word_1_417' title='bbox 2478 2006 2897 2076; x_wconf 81' lang='grc' dir='ltr'>μυστικωτάτην</span> <span class='ocrx_word' id='word_1_418' title='bbox 2967 2007 3307 2077; x_wconf 73' lang='grc' dir='ltr'>πανήγυρινς</span> <span class='ocrx_word' id='word_1_419' title='bbox 3349 2007 3445 2070; x_wconf 78' lang='grc' dir='ltr'><strong>Τίς</strong></span> <span class='ocrx_word' id='word_1_420' title='bbox 3488 2005 3598 2078; x_wconf 82' lang='grc' dir='ltr'>γὰρ</span> <span class='ocrx_word' id='word_1_421' title='bbox 3654 2006 3741 2073; x_wconf 76' lang='grc' dir='ltr'>ἐξ·</span> 
     </span>
    </p>
   </div>
   <div class='ocr_carea' id='block_1_60' title="bbox 2164 2099 3733 2173">
    <p class='ocr_par' dir='ltr' id='par_1_60' title="bbox 2164 2099 3733 2173">
     <span class='ocr_line' id='line_1_60' title="bbox 2164 2099 3733 2173; baseline 0.003 -20"><span class='ocrx_word' id='word_1_422' title='bbox 2164 2101 2394 2171; x_wconf 83' lang='grc' dir='ltr'>ιχνιάσει</span> <span class='ocrx_word' id='word_1_423' title='bbox 2431 2101 2521 2154; x_wconf 74' lang='grc' dir='ltr'><strong>τὸν</strong></span> <span class='ocrx_word' id='word_1_424' title='bbox 2544 2100 2750 2171; x_wconf 76' lang='grc' dir='ltr'>ταύτης</span> <span class='ocrx_word' id='word_1_425' title='bbox 2790 2101 2888 2173; x_wconf 82' lang='grc' dir='ltr'>τῆς</span> <span class='ocrx_word' id='word_1_426' title='bbox 2910 2100 3119 2173; x_wconf 81' lang='grc' dir='ltr'>ἡμέρας</span> <span class='ocrx_word' id='word_1_427' title='bbox 3155 2099 3383 2155; x_wconf 78' lang='grc' dir='ltr'>πλοῦτον</span> <span class='ocrx_word' id='word_1_428' title='bbox 3434 2102 3733 2168; x_wconf 72' lang='grc' dir='ltr'>ἁθάνατονς</span> 
     </span>
    </p>
   </div>
   <div class='ocr_carea' id='block_1_61' title="bbox 2161 2192 3739 2266">
    <p class='ocr_par' dir='ltr' id='par_1_61' title="bbox 2161 2192 3739 2266">
     <span class='ocr_line' id='line_1_61' title="bbox 2161 2192 3739 2266; baseline 0.003 -22"><span class='ocrx_word' id='word_1_429' title='bbox 2161 2192 2343 2255; x_wconf 85' lang='grc' dir='ltr'>Ποίοις</span> <span class='ocrx_word' id='word_1_430' title='bbox 2379 2193 2709 2264; x_wconf 78' lang='grc' dir='ltr'>μεγαλήχοις</span> <span class='ocrx_word' id='word_1_431' title='bbox 2740 2195 2834 2245; x_wconf 75' lang='grc' dir='ltr'><strong>καὶ</strong></span> <span class='ocrx_word' id='word_1_432' title='bbox 2876 2193 3235 2263; x_wconf 56' lang='grc' dir='ltr'>ὑψηλοτάτοις</span> <span class='ocrx_word' id='word_1_433' title='bbox 3265 2196 3501 2265; x_wconf 76' lang='grc' dir='ltr'>ῥήμασιν</span> <span class='ocrx_word' id='word_1_434' title='bbox 3528 2196 3739 2266; x_wconf 84' lang='grc' dir='ltr'>ἀνακη-</span> 
     </span>
    </p>
   </div>
   <div class='ocr_carea' id='block_1_62' title="bbox 2163 2279 3737 2353">
    <p class='ocr_par' dir='ltr' id='par_1_62' title="bbox 2163 2279 3737 2353">
     <span class='ocr_line' id='line_1_62' title="bbox 2163 2279 3737 2353; baseline 0.008 -2"><span class='ocrx_word' id='word_1_435' title='bbox 2163 2279 2396 2351; x_wconf 78' lang='grc' dir='ltr'>Ρύξομεν</span> <span class='ocrx_word' id='word_1_436' title='bbox 2442 2281 2503 2333; x_wconf 86' lang='grc' dir='ltr'><strong>τὸ</strong></span> <span class='ocrx_word' id='word_1_437' title='bbox 2542 2281 2891 2351; x_wconf 77' lang='grc' dir='ltr'>πανύμνητον</span> <span class='ocrx_word' id='word_1_438' title='bbox 2935 2281 3093 2333; x_wconf 76' lang='grc' dir='ltr'>τοῦτο</span> <span class='ocrx_word' id='word_1_439' title='bbox 3124 2282 3218 2334; x_wconf 83' lang='grc' dir='ltr'><strong>καὶ</strong></span> <span class='ocrx_word' id='word_1_440' title='bbox 3249 2281 3610 2353; x_wconf 70' lang='grc' dir='ltr'>τροπαιοῦχον</span> <span class='ocrx_word' id='word_1_441' title='bbox 3638 2282 3737 2353; x_wconf 69' lang='grc' dir='ltr'><strong>τῆς</strong></span> 
     </span>
    </p>
   </div>
   <div class='ocr_carea' id='block_1_63' title="bbox 2162 2368 3783 2444">
    <p class='ocr_par' dir='ltr' id='par_1_63' title="bbox 2162 2368 3783 2444">
     <span class='ocr_line' id='line_1_63' title="bbox 2162 2368 3783 2444; baseline 0.002 -23"><span class='ocrx_word' id='word_1_442' title='bbox 2162 2370 2469 2439; x_wconf 62' lang='grc' dir='ltr'>ἀφθαρσίας</span> <span class='ocrx_word' id='word_1_443' title='bbox 2533 2372 2864 2441; x_wconf 86' lang='grc' dir='ltr'>μυστήριον;</span> <span class='ocrx_word' id='word_1_444' title='bbox 2921 2368 2990 2424; x_wconf 83' lang='grc' dir='ltr'><strong><em>Ὦ</em></strong></span> <span class='ocrx_word' id='word_1_445' title='bbox 3051 2372 3232 2443; x_wconf 82' lang='grc' dir='ltr'>ἡμέρα</span> <span class='ocrx_word' id='word_1_446' title='bbox 3296 2372 3502 2444; x_wconf 79' lang='grc' dir='ltr'>μυρίων</span> <span class='ocrx_word' id='word_1_447' title='bbox 3555 2371 3783 2442; x_wconf 81' lang='grc' dir='ltr'>ὓμνων-</span> 
     </span>
    </p>
   </div>
   <div class='ocr_carea' id='block_1_64' title="bbox 2162 2454 3736 2534">
    <p class='ocr_par' dir='ltr' id='par_1_64' title="bbox 2162 2454 3736 2534">
     <span class='ocr_line' id='line_1_64' title="bbox 2162 2454 3736 2534; baseline 0.002 -20"><span class='ocrx_word' id='word_1_448' title='bbox 2162 2460 2307 2526; x_wconf 76' lang='grc' dir='ltr'>ἁξία,</span> <span class='ocrx_word' id='word_1_449' title='bbox 2340 2463 2396 2515; x_wconf 92' lang='grc' dir='ltr'><strong>ἐν</strong></span> <span class='ocrx_word' id='word_1_450' title='bbox 2486 2461 2757 2514; x_wconf 78' lang='grc' dir='ltr'>ἀνέτειλεν</span> <span class='ocrx_word' id='word_1_451' title='bbox 2790 2463 2921 2531; x_wconf 84' lang='grc' dir='ltr'>ἡμῖν</span> <span class='ocrx_word' id='word_1_452' title='bbox 2951 2463 3012 2515; x_wconf 83' lang='grc' dir='ltr'><strong>τὸ</strong></span> <span class='ocrx_word' id='word_1_453' title='bbox 3052 2465 3251 2534; x_wconf 81' lang='grc' dir='ltr'>ἄστρον</span> <span class='ocrx_word' id='word_1_454' title='bbox 3296 2464 3356 2528; x_wconf 82' lang='grc' dir='ltr'><strong>ἐξ</strong></span> <span class='ocrx_word' id='word_1_455' title='bbox 3399 2462 3613 2527; x_wconf 78' lang='grc' dir='ltr'>Ἰακὼϐ,</span> <span class='ocrx_word' id='word_1_456' title='bbox 3641 2463 3736 2517; x_wconf 81' lang='grc' dir='ltr'>καὶ</span> 
     </span>
    </p>
   </div>
   <div class='ocr_carea' id='block_1_65' title="bbox 2147 2550 3735 2624">
    <p class='ocr_par' dir='ltr' id='par_1_65' title="bbox 2147 2550 3735 2624">
     <span class='ocr_line' id='line_1_65' title="bbox 2147 2550 3735 2624; baseline 0.003 -22"><span class='ocrx_word' id='word_1_457' title='bbox 2147 2551 2190 2612; x_wconf 87' lang='grc' dir='ltr'>,ὁ</span> <span class='ocrx_word' id='word_1_458' title='bbox 2229 2550 2515 2623; x_wconf 77' lang='grc' dir='ltr'>ἄνθρωπος</span> <span class='ocrx_word' id='word_1_459' title='bbox 2564 2553 2600 2618; x_wconf 41' lang='grc' dir='ltr'><strong>ὁ,</strong></span> <span class='ocrx_word' id='word_1_460' title='bbox 2635 2552 2901 2624; x_wconf 83' lang='grc' dir='ltr'>οὐράνιος,</span> <span class='ocrx_word' id='word_1_461' title='bbox 2950 2552 3008 2616; x_wconf 81' lang='grc' dir='ltr'>ὃς</span> <span class='ocrx_word' id='word_1_462' title='bbox 3045 2552 3198 2623; x_wconf 68' lang='grc' dir='ltr'>ὤφθη</span> <span class='ocrx_word' id='word_1_463' title='bbox 3246 2553 3306 2619; x_wconf 79' lang='grc' dir='ltr'>ἐξ</span> <span class='ocrx_word' id='word_1_464' title='bbox 3358 2555 3592 2624; x_wconf 79' lang='grc' dir='ltr'>Ἰσραὴλ,</span> <span class='ocrx_word' id='word_1_465' title='bbox 3641 2554 3735 2607; x_wconf 77' lang='grc' dir='ltr'>καὶ</span> 
     </span>
    </p>
   </div>
   <div class='ocr_carea' id='block_1_66' title="bbox 2163 2635 3738 2715">
    <p class='ocr_par' dir='ltr' id='par_1_66' title="bbox 2163 2635 3738 2715">
     <span class='ocr_line' id='line_1_66' title="bbox 2163 2635 3738 2715; baseline 0.001 -19"><span class='ocrx_word' id='word_1_466' title='bbox 2163 2643 2504 2715; x_wconf 80' lang='grc' dir='ltr'>ἐπεδήμησεν</span> <span class='ocrx_word' id='word_1_467' title='bbox 2540 2644 2668 2713; x_wconf 76' lang='grc' dir='ltr'>ἡμῖν</span> <span class='ocrx_word' id='word_1_468' title='bbox 2699 2645 2727 2696; x_wconf 89' lang='grc' dir='ltr'><strong>ό</strong></span> <span class='ocrx_word' id='word_1_469' title='bbox 2758 2643 2974 2715; x_wconf 73' lang='grc' dir='ltr'>ίσχυρὸς</span> <span class='ocrx_word' id='word_1_470' title='bbox 3013 2635 3164 2707; x_wconf 75' lang='grc' dir='ltr'>Θεὸς,</span> <span class='ocrx_word' id='word_1_471' title='bbox 3209 2645 3305 2697; x_wconf 74' lang='grc' dir='ltr'><strong>καὶ</strong></span> <span class='ocrx_word' id='word_1_472' title='bbox 3345 2647 3373 2697; x_wconf 90' lang='grc' dir='ltr'><strong>ὁ</strong></span> <span class='ocrx_word' id='word_1_473' title='bbox 3401 2645 3501 2714; x_wconf 75' lang='grc' dir='ltr'>τῆς</span> <span class='ocrx_word' id='word_1_474' title='bbox 3534 2647 3738 2699; x_wconf 86' lang='grc' dir='ltr'>δικαιο-</span> 
     </span>
    </p>
   </div>
   <div class='ocr_carea' id='block_1_67' title="bbox 2166 2732 3736 2805">
    <p class='ocr_par' dir='ltr' id='par_1_67' title="bbox 2166 2732 3736 2805">
     <span class='ocr_line' id='line_1_67' title="bbox 2166 2732 3736 2805; baseline -0.001 -18"><span class='ocrx_word' id='word_1_475' title='bbox 2166 2733 2331 2805; x_wconf 80' lang='grc' dir='ltr'>σύνης</span> <span class='ocrx_word' id='word_1_476' title='bbox 2370 2732 2696 2787; x_wconf 85' lang='grc' dir='ltr'>ἐπεσκίασεν</span> <span class='ocrx_word' id='word_1_477' title='bbox 2740 2732 2926 2804; x_wconf 78' lang='grc' dir='ltr'>ἥλιος,</span> <span class='ocrx_word' id='word_1_478' title='bbox 2974 2735 3068 2787; x_wconf 54' lang='grc' dir='ltr'><strong>καὶ⁹</strong></span> <span class='ocrx_word' id='word_1_479' title='bbox 3099 2736 3127 2787; x_wconf 90' lang='grc' dir='ltr'><strong>ὁ</strong></span> <span class='ocrx_word' id='word_1_480' title='bbox 3164 2732 3272 2787; x_wconf 86' lang='grc' dir='ltr'>τῶν</span> <span class='ocrx_word' id='word_1_481' title='bbox 3319 2732 3479 2787; x_wconf 82' lang='grc' dir='ltr'>θείων</span> <span class='ocrx_word' id='word_1_482' title='bbox 3525 2734 3736 2804; x_wconf 79' lang='grc' dir='ltr'>ἀρετῶν</span> 
     </span>
    </p>
   </div>
   <div class='ocr_carea' id='block_1_68' title="bbox 2114 2824 3736 2898">
    <p class='ocr_par' dir='ltr' id='par_1_68' title="bbox 2114 2824 3736 2898">
     <span class='ocr_line' id='line_1_68' title="bbox 2114 2824 3736 2898; baseline 0 -21"><span class='ocrx_word' id='word_1_483' title='bbox 2114 2874 2117 2877; x_wconf 88' lang='grc'>.</span> <span class='ocrx_word' id='word_1_484' title='bbox 2162 2825 2432 2898; x_wconf 71' lang='grc' dir='ltr'>ὴνὲῳκται</span> <span class='ocrx_word' id='word_1_485' title='bbox 2461 2824 2756 2897; x_wconf 76' lang='grc' dir='ltr'>θησαυρὸς,</span> <span class='ocrx_word' id='word_1_486' title='bbox 2797 2828 2895 2880; x_wconf 74' lang='grc' dir='ltr'>καὶ</span> <span class='ocrx_word' id='word_1_487' title='bbox 2933 2826 2993 2880; x_wconf 84' lang='grc' dir='ltr'>τὸ</span> <span class='ocrx_word' id='word_1_488' title='bbox 3017 2829 3117 2898; x_wconf 82' lang='grc' dir='ltr'>τῆς</span> <span class='ocrx_word' id='word_1_489' title='bbox 3152 2825 3371 2880; x_wconf 78' lang='grc' dir='ltr'>αἰωνίου</span> <span class='ocrx_word' id='word_1_490' title='bbox 3401 2825 3545 2896; x_wconf 81' lang='grc' dir='ltr'>ζωῆς</span> <span class='ocrx_word' id='word_1_491' title='bbox 3572 2825 3736 2894; x_wconf 73' lang='grc' dir='ltr'>φυτὸν</span> 
     </span>
    </p>
   </div>
   <div class='ocr_carea' id='block_1_69' title="bbox 2162 2915 3736 2989">
    <p class='ocr_par' dir='ltr' id='par_1_69' title="bbox 2162 2915 3736 2989">
     <span class='ocr_line' id='line_1_69' title="bbox 2162 2915 3736 2989; baseline 0 -20"><span class='ocrx_word' id='word_1_492' title='bbox 2162 2915 2465 2988; x_wconf 86' lang='grc' dir='ltr'>ἀνθρώποις</span> <span class='ocrx_word' id='word_1_493' title='bbox 2493 2916 2819 2989; x_wconf 78' lang='grc' dir='ltr'>ἐϐλάστησε,</span> <span class='ocrx_word' id='word_1_494' title='bbox 2866 2918 2959 2971; x_wconf 72' lang='grc' dir='ltr'><strong>καὶ</strong></span> <span class='ocrx_word' id='word_1_495' title='bbox 3005 2920 3038 2989; x_wconf 83' lang='grc' dir='ltr'><strong>ἠ</strong></span> <span class='ocrx_word' id='word_1_496' title='bbox 3082 2918 3311 2989; x_wconf 84' lang='grc' dir='ltr'>ἀνατολὴ</span> <span class='ocrx_word' id='word_1_497' title='bbox 3351 2919 3415 2971; x_wconf 86' lang='grc' dir='ltr'><strong>ἐκ</strong></span> <span class='ocrx_word' id='word_1_498' title='bbox 3442 2919 3535 2971; x_wconf 74' lang='grc' dir='ltr'><strong>τοῦ</strong></span> <span class='ocrx_word' id='word_1_499' title='bbox 3569 2917 3736 2988; x_wconf 74' lang='grc' dir='ltr'>ὕψους</span> 
     </span>
    </p>
   </div>
   <div class='ocr_carea' id='block_1_70' title="bbox 2162 3007 3737 3083">
    <p class='ocr_par' dir='ltr' id='par_1_70' title="bbox 2162 3007 3737 3083">
     <span class='ocr_line' id='line_1_70' title="bbox 2162 3007 3737 3083; baseline 0.001 -22"><span class='ocrx_word' id='word_1_500' title='bbox 2162 3007 2468 3078; x_wconf 73' lang='grc' dir='ltr'>ἐπέλαμψε,</span> <span class='ocrx_word' id='word_1_501' title='bbox 2492 3008 2586 3061; x_wconf 73' lang='grc' dir='ltr'>καὶ</span> <span class='ocrx_word' id='word_1_502' title='bbox 2611 3010 2640 3062; x_wconf 85' lang='grc' dir='ltr'>ὁ</span> <span class='ocrx_word' id='word_1_503' title='bbox 2666 3008 2774 3083; x_wconf 79' lang='grc' dir='ltr'><strong>τῶν</strong></span> <span class='ocrx_word' id='word_1_504' title='bbox 2810 3009 3074 3081; x_wconf 63' lang='grc' dir='ltr'>οὐρανίων</span> <span class='ocrx_word' id='word_1_505' title='bbox 3113 3012 3206 3064; x_wconf 75' lang='grc' dir='ltr'><strong>καὶ</strong></span> <span class='ocrx_word' id='word_1_506' title='bbox 3238 3010 3498 3079; x_wconf 82' lang='grc' dir='ltr'>ἐπιγείων</span> <span class='ocrx_word' id='word_1_507' title='bbox 3525 3010 3737 3063; x_wconf 83' lang='grc' dir='ltr'>Δεσπό-</span> 
     </span>
    </p>
   </div>
   <div class='ocr_carea' id='block_1_71' title="bbox 2162 3098 3738 3173">
    <p class='ocr_par' dir='ltr' id='par_1_71' title="bbox 2162 3098 3738 3173">
     <span class='ocr_line' id='line_1_71' title="bbox 2162 3098 3738 3173; baseline 0.002 -23"><span class='ocrx_word' id='word_1_508' title='bbox 2162 3115 2261 3170; x_wconf 87' lang='grc' dir='ltr'><strong>της</strong></span> <span class='ocrx_word' id='word_1_509' title='bbox 2305 3099 2368 3151; x_wconf 89' lang='grc' dir='ltr'><strong>ἐκ</strong></span> <span class='ocrx_word' id='word_1_510' title='bbox 2414 3098 2756 3170; x_wconf 85' lang='grc' dir='ltr'>παρθενικῶν</span> <span class='ocrx_word' id='word_1_511' title='bbox 2802 3100 3063 3169; x_wconf 86' lang='grc' dir='ltr'>λαγόνων,</span> <span class='ocrx_word' id='word_1_512' title='bbox 3100 3101 3240 3173; x_wconf 73' lang='grc' dir='ltr'>ὑπὲρ</span> <span class='ocrx_word' id='word_1_513' title='bbox 3280 3101 3482 3173; x_wconf 86' lang='grc' dir='ltr'>κόσμου</span> <span class='ocrx_word' id='word_1_514' title='bbox 3530 3099 3738 3172; x_wconf 69' lang='grc' dir='ltr'>λυτρώσ-</span> 
     </span>
    </p>
   </div>
   <div class='ocr_carea' id='block_1_72' title="bbox 2168 3189 3736 3264">
    <p class='ocr_par' dir='ltr' id='par_1_72' title="bbox 2168 3189 3736 3264">
     <span class='ocr_line' id='line_1_72' title="bbox 2168 3189 3736 3264; baseline 0.002 -21"><span class='ocrx_word' id='word_1_515' title='bbox 2168 3207 2325 3256; x_wconf 88' lang='grc' dir='ltr'>σεως,</span> <span class='ocrx_word' id='word_1_516' title='bbox 2356 3190 2435 3254; x_wconf 86' lang='grc' dir='ltr'>εἰς</span> <span class='ocrx_word' id='word_1_517' title='bbox 2458 3190 2660 3261; x_wconf 88' lang='grc' dir='ltr'>κόσμον</span> <span class='ocrx_word' id='word_1_518' title='bbox 2689 3189 2927 3264; x_wconf 82' lang='grc' dir='ltr'>φθαρτὸν</span> <span class='ocrx_word' id='word_1_519' title='bbox 2955 3191 3231 3263; x_wconf 86' lang='grc' dir='ltr'>ἐλήλυθεν.</span> <span class='ocrx_word' id='word_1_520' title='bbox 3275 3192 3596 3262; x_wconf 78' lang='grc' dir='ltr'>Ἐγεννήθη</span> <span class='ocrx_word' id='word_1_521' title='bbox 3627 3192 3736 3262; x_wconf 74' lang='grc' dir='ltr'>γὰρ</span> 
     </span>
    </p>
   </div>
   <div class='ocr_carea' id='block_1_73' title="bbox 2166 3280 3736 3351">
    <p class='ocr_par' dir='ltr' id='par_1_73' title="bbox 2166 3280 3736 3351">
     <span class='ocr_line' id='line_1_73' title="bbox 2166 3280 3736 3351; baseline 0.001 -17"><span class='ocrx_word' id='word_1_522' title='bbox 2166 3280 2312 3350; x_wconf 75' lang='grc' dir='ltr'><strong>ἡμῖν</strong></span> <span class='ocrx_word' id='word_1_523' title='bbox 2348 3281 2613 3350; x_wconf 82' lang='grc' dir='ltr'>σήμερον</span> <span class='ocrx_word' id='word_1_524' title='bbox 2647 3281 2871 3351; x_wconf 82' lang='grc' dir='ltr'>Σωτὴρ,</span> <span class='ocrx_word' id='word_1_525' title='bbox 2912 3283 2979 3349; x_wconf 85' lang='grc' dir='ltr'>ὅς</span> <span class='ocrx_word' id='word_1_526' title='bbox 3036 3283 3167 3337; x_wconf 81' lang='grc' dir='ltr'>ἐστι</span> <span class='ocrx_word' id='word_1_527' title='bbox 3213 3283 3471 3351; x_wconf 82' lang='grc' dir='ltr'>Χριστὸς</span> <span class='ocrx_word' id='word_1_528' title='bbox 3500 3284 3736 3350; x_wconf 83' lang='grc' dir='ltr'>Κύριος,</span> 
     </span>
    </p>
   </div>
   <div class='ocr_carea' id='block_1_74' title="bbox 2165 3372 3736 3446">
    <p class='ocr_par' dir='ltr' id='par_1_74' title="bbox 2165 3372 3736 3446">
     <span class='ocr_line' id='line_1_74' title="bbox 2165 3372 3736 3446; baseline 0.001 -20"><span class='ocrx_word' id='word_1_529' title='bbox 2165 3372 2311 3436; x_wconf 80' lang='grc' dir='ltr'>ὅστις</span> <span class='ocrx_word' id='word_1_530' title='bbox 2390 3373 2517 3442; x_wconf 70' lang='grc' dir='ltr'><strong>φῶς</strong></span> <span class='ocrx_word' id='word_1_531' title='bbox 2567 3373 2805 3444; x_wconf 86' lang='grc' dir='ltr'>ὑπάρχει</span> <span class='ocrx_word' id='word_1_532' title='bbox 2863 3373 3091 3439; x_wconf 77' lang='grc' dir='ltr'>ἐθνῶν,</span> <span class='ocrx_word' id='word_1_533' title='bbox 3142 3376 3236 3427; x_wconf 78' lang='grc' dir='ltr'>καὶ</span> <span class='ocrx_word' id='word_1_534' title='bbox 3286 3376 3529 3446; x_wconf 86' lang='grc' dir='ltr'>σωτηρία</span> <span class='ocrx_word' id='word_1_535' title='bbox 3587 3377 3736 3428; x_wconf 77' lang='grc' dir='ltr'>οἴκου</span> 
     </span>
    </p>
   </div>
   <div class='ocr_carea' id='block_1_75' title="bbox 2175 3459 3731 3535">
    <p class='ocr_par' dir='ltr' id='par_1_75' title="bbox 2175 3459 3731 3535">
     <span class='ocr_line' id='line_1_75' title="bbox 2175 3459 3731 3535; baseline 0.001 -18"><span class='ocrx_word' id='word_1_536' title='bbox 2175 3463 2410 3535; x_wconf 83' lang='grc' dir='ltr'>Ἰσραήλ.</span> <span class='ocrx_word' id='word_1_537' title='bbox 2461 3459 2532 3517; x_wconf 79' lang='grc' dir='ltr'><strong><em>Ὦ</em></strong></span> <span class='ocrx_word' id='word_1_538' title='bbox 2570 3465 2662 3518; x_wconf 80' lang='grc' dir='ltr'>τοῦ</span> <span class='ocrx_word' id='word_1_539' title='bbox 2698 3465 3014 3534; x_wconf 76' lang='grc' dir='ltr'>θαύματοςί</span> <span class='ocrx_word' id='word_1_540' title='bbox 3059 3464 3181 3517; x_wconf 77' lang='grc' dir='ltr'><strong>Ἐπὶ</strong></span> <span class='ocrx_word' id='word_1_541' title='bbox 3232 3465 3439 3535; x_wconf 79' lang='grc' dir='ltr'>φάτνης</span> <span class='ocrx_word' id='word_1_542' title='bbox 3477 3465 3553 3530; x_wconf 86' lang='grc' dir='ltr'>ὼς</span> <span class='ocrx_word' id='word_1_543' title='bbox 3599 3482 3731 3519; x_wconf 79' lang='grc' dir='ltr'>παι-</span> 
     </span>
    </p>
   </div>
   <div class='ocr_carea' id='block_1_76' title="bbox 2161 3552 3732 3627">
    <p class='ocr_par' dir='ltr' id='par_1_76' title="bbox 2161 3552 3732 3627">
     <span class='ocr_line' id='line_1_76' title="bbox 2161 3552 3732 3627; baseline 0.003 -22"><span class='ocrx_word' id='word_1_544' title='bbox 2161 3552 2268 3606; x_wconf 88' lang='grc' dir='ltr'>δίον</span> <span class='ocrx_word' id='word_1_545' title='bbox 2295 3553 2561 3624; x_wconf 77' lang='grc' dir='ltr'>ηὐλίζετο,</span> <span class='ocrx_word' id='word_1_546' title='bbox 2596 3555 2623 3605; x_wconf 86' lang='grc' dir='ltr'>ὁ</span> <span class='ocrx_word' id='word_1_547' title='bbox 2656 3553 2762 3605; x_wconf 84' lang='grc' dir='ltr'><strong>ὑπὸ</strong></span> <span class='ocrx_word' id='word_1_548' title='bbox 2790 3553 2896 3606; x_wconf 85' lang='grc' dir='ltr'>τῶν</span> <span class='ocrx_word' id='word_1_549' title='bbox 2926 3553 3168 3625; x_wconf 75' lang='grc' dir='ltr'>οὐρανῶν</span> <span class='ocrx_word' id='word_1_550' title='bbox 3203 3554 3277 3625; x_wconf 84' lang='grc' dir='ltr'>μὴ</span> <span class='ocrx_word' id='word_1_551' title='bbox 3320 3556 3732 3627; x_wconf 64' lang='grc' dir='ltr'>περιγραερὸμε-</span> 
     </span>
    </p>
   </div>
   <div class='ocr_carea' id='block_1_77' title="bbox 2161 3642 3738 3719">
    <p class='ocr_par' dir='ltr' id='par_1_77' title="bbox 2161 3642 3738 3719">
     <span class='ocr_line' id='line_1_77' title="bbox 2161 3642 3738 3719; baseline 0.003 -23"><span class='ocrx_word' id='word_1_552' title='bbox 2161 3660 2268 3706; x_wconf 88' lang='grc' dir='ltr'>νος·</span> <span class='ocrx_word' id='word_1_553' title='bbox 2288 3644 2380 3696; x_wconf 80' lang='grc' dir='ltr'>καὶ</span> <span class='ocrx_word' id='word_1_554' title='bbox 2401 3642 2736 3710; x_wconf 77' lang='grc' dir='ltr'>γυναικείαις</span> <span class='ocrx_word' id='word_1_555' title='bbox 2755 3642 3020 3711; x_wconf 80' lang='grc' dir='ltr'>ἀγκάλαις</span> <span class='ocrx_word' id='word_1_556' title='bbox 3036 3643 3319 3709; x_wconf 86' lang='grc' dir='ltr'>ἐθάλπετο,</span> <span class='ocrx_word' id='word_1_557' title='bbox 3337 3645 3365 3698; x_wconf 90' lang='grc' dir='ltr'><strong>ὀ</strong></span> <span class='ocrx_word' id='word_1_558' title='bbox 3387 3645 3529 3717; x_wconf 83' lang='grc' dir='ltr'>λόγῳ</span> <span class='ocrx_word' id='word_1_559' title='bbox 3544 3645 3738 3719; x_wconf 86' lang='grc' dir='ltr'>βραχεῖ</span> 
     </span>
    </p>
   </div>
   <div class='ocr_carea' id='block_1_78' title="bbox 2160 3732 3736 3806">
    <p class='ocr_par' dir='ltr' id='par_1_78' title="bbox 2160 3732 3736 3806">
     <span class='ocr_line' id='line_1_78' title="bbox 2160 3732 3736 3806; baseline 0.006 -23"><span class='ocrx_word' id='word_1_560' title='bbox 2160 3732 2230 3784; x_wconf 76' lang='grc' dir='ltr'>τὰ</span> <span class='ocrx_word' id='word_1_561' title='bbox 2276 3732 2451 3785; x_wconf 85' lang='grc' dir='ltr'>πάντα</span> <span class='ocrx_word' id='word_1_562' title='bbox 2493 3732 2929 3802; x_wconf 80' lang='grc' dir='ltr'>συστησάμενος·</span> <span class='ocrx_word' id='word_1_563' title='bbox 2966 3736 3061 3787; x_wconf 79' lang='grc' dir='ltr'><strong>καὶ</strong></span> <span class='ocrx_word' id='word_1_564' title='bbox 3100 3735 3444 3806; x_wconf 87' lang='grc' dir='ltr'>ἐγαλουχεῖτο</span> <span class='ocrx_word' id='word_1_565' title='bbox 3489 3738 3593 3791; x_wconf 83' lang='grc' dir='ltr'>ὑπὸ</span> <span class='ocrx_word' id='word_1_566' title='bbox 3630 3740 3736 3792; x_wconf 83' lang='grc' dir='ltr'><strong>τῶν</strong></span> 
     </span>
    </p>
   </div>
   <div class='ocr_carea' id='block_1_79' title="bbox 2161 3817 3735 3895">
    <p class='ocr_par' dir='ltr' id='par_1_79' title="bbox 2161 3817 3735 3895">
     <span class='ocr_line' id='line_1_79' title="bbox 2161 3817 3735 3895; baseline 0.006 -25"><span class='ocrx_word' id='word_1_567' title='bbox 2161 3817 2440 3887; x_wconf 86' lang='grc' dir='ltr'>ἀμιάντων</span> <span class='ocrx_word' id='word_1_568' title='bbox 2460 3821 2557 3890; x_wconf 82' lang='grc' dir='ltr'>τῆς</span> <span class='ocrx_word' id='word_1_569' title='bbox 2582 3820 2742 3889; x_wconf 83' lang='grc' dir='ltr'>ἁγίας</span> <span class='ocrx_word' id='word_1_570' title='bbox 2770 3822 3044 3893; x_wconf 75' lang='grc' dir='ltr'>Παρθένου</span> <span class='ocrx_word' id='word_1_571' title='bbox 3075 3826 3315 3895; x_wconf 78' lang='grc' dir='ltr'>μαστῶν,</span> <span class='ocrx_word' id='word_1_572' title='bbox 3338 3829 3366 3880; x_wconf 87' lang='grc' dir='ltr'>ὁ</span> <span class='ocrx_word' id='word_1_573' title='bbox 3387 3827 3587 3892; x_wconf 85' lang='grc' dir='ltr'>πάσαις</span> <span class='ocrx_word' id='word_1_574' title='bbox 3615 3832 3735 3892; x_wconf 78' lang='grc' dir='ltr'>ταῖς</span> 
     </span>
    </p>
   </div>
   <div class='ocr_carea' id='block_1_80' title="bbox 2161 3906 3737 3990">
    <p class='ocr_par' dir='ltr' id='par_1_80' title="bbox 2161 3906 3737 3990">
     <span class='ocr_line' id='line_1_80' title="bbox 2161 3906 3737 3990; baseline 0.006 -27"><span class='ocrx_word' id='word_1_575' title='bbox 2161 3906 2559 3982; x_wconf 65' lang='grc' dir='ltr'>ὑὲτερκοσμίαις</span> <span class='ocrx_word' id='word_1_576' title='bbox 2592 3913 2851 3985; x_wconf 83' lang='grc' dir='ltr'>δυνάμεσι</span> <span class='ocrx_word' id='word_1_577' title='bbox 2877 3917 2936 3969; x_wconf 78' lang='grc' dir='ltr'>τὸ</span> <span class='ocrx_word' id='word_1_578' title='bbox 2968 3912 3107 3970; x_wconf 81' lang='grc' dir='ltr'>εἶναι</span> <span class='ocrx_word' id='word_1_579' title='bbox 3135 3921 3544 3989; x_wconf 83' lang='grc' dir='ltr'>κεχαρισμένος.</span> <span class='ocrx_word' id='word_1_580' title='bbox 3578 3921 3737 3990; x_wconf 71' lang='grc' dir='ltr'>Ἐγέ-</span> 
     </span>
    </p>
   </div>
   <div class='ocr_carea' id='block_1_81' title="bbox 2160 4001 3735 4080">
    <p class='ocr_par' dir='ltr' id='par_1_81' title="bbox 2160 4001 3735 4080">
     <span class='ocr_line' id='line_1_81' title="bbox 2160 4001 3735 4080; baseline 0.006 -26"><span class='ocrx_word' id='word_1_581' title='bbox 2160 4018 2304 4055; x_wconf 87' lang='grc' dir='ltr'>νετο</span> <span class='ocrx_word' id='word_1_582' title='bbox 2328 4001 2456 4073; x_wconf 83' lang='grc' dir='ltr'>γὰρ,</span> <span class='ocrx_word' id='word_1_583' title='bbox 2492 4004 2646 4073; x_wconf 74' lang='grc' dir='ltr'>φησὶ,</span> <span class='ocrx_word' id='word_1_584' title='bbox 2677 4004 2858 4069; x_wconf 86' lang='grc' dir='ltr'>καθὼς</span> <span class='ocrx_word' id='word_1_585' title='bbox 2888 4011 3158 4080; x_wconf 79' lang='grc' dir='ltr'>μαρτυρεῖ</span> <span class='ocrx_word' id='word_1_586' title='bbox 3191 4009 3251 4062; x_wconf 85' lang='grc' dir='ltr'><strong>τὸ</strong></span> <span class='ocrx_word' id='word_1_587' title='bbox 3280 4009 3630 4078; x_wconf 77' lang='grc' dir='ltr'>Εὐαγγέλιον,</span> <span class='ocrx_word' id='word_1_588' title='bbox 3664 4011 3735 4064; x_wconf 83' lang='grc' dir='ltr'>ἐν</span> 
     </span>
    </p>
   </div>
   <div class='ocr_carea' id='block_1_82' title="bbox 2158 4086 3733 4169">
    <p class='ocr_par' dir='ltr' id='par_1_82' title="bbox 2158 4086 3733 4169">
     <span class='ocr_line' id='line_1_82' title="bbox 2158 4086 3733 4169; baseline 0.007 -25"><span class='ocrx_word' id='word_1_589' title='bbox 2158 4089 2239 4156; x_wconf 82' lang='grc' dir='ltr'>τῷ</span> <span class='ocrx_word' id='word_1_590' title='bbox 2271 4086 2422 4145; x_wconf 84' lang='grc' dir='ltr'>εἶναι</span> <span class='ocrx_word' id='word_1_591' title='bbox 2450 4094 2670 4159; x_wconf 78' lang='grc' dir='ltr'>αὐτοὺς</span> <span class='ocrx_word' id='word_1_592' title='bbox 2697 4095 2840 4160; x_wconf 79' lang='grc' dir='ltr'>ἐκεῖ,</span> <span class='ocrx_word' id='word_1_593' title='bbox 2866 4096 3272 4165; x_wconf 74' lang='grc' dir='ltr'>ἐπλήσθησαν</span> <span class='ocrx_word' id='word_1_594' title='bbox 3303 4102 3363 4154; x_wconf 82' lang='grc' dir='ltr'>αἱ</span> <span class='ocrx_word' id='word_1_595' title='bbox 3391 4099 3599 4169; x_wconf 72' lang='grc' dir='ltr'>ἡμέραι</span> <span class='ocrx_word' id='word_1_596' title='bbox 3627 4101 3733 4156; x_wconf 84' lang='grc' dir='ltr'>τοῦ</span> 
     </span>
    </p>
   </div>
   <div class='ocr_carea' id='block_1_83' title="bbox 2158 4181 3733 4261">
    <p class='ocr_par' dir='ltr' id='par_1_83' title="bbox 2158 4181 3733 4261">
     <span class='ocr_line' id='line_1_83' title="bbox 2158 4181 3733 4261; baseline 0.008 -27"><span class='ocrx_word' id='word_1_597' title='bbox 2158 4181 2353 4236; x_wconf 81' lang='grc' dir='ltr'>τεκεῖν</span> <span class='ocrx_word' id='word_1_598' title='bbox 2374 4182 2586 4252; x_wconf 80' lang='grc' dir='ltr'>αὐτὴν,</span> <span class='ocrx_word' id='word_1_599' title='bbox 2617 4186 2716 4239; x_wconf 82' lang='grc' dir='ltr'>καὶ</span> <span class='ocrx_word' id='word_1_600' title='bbox 2737 4186 2902 4241; x_wconf 80' lang='grc' dir='ltr'>ἔτεκε</span> <span class='ocrx_word' id='word_1_601' title='bbox 2929 4189 3033 4241; x_wconf 78' lang='grc' dir='ltr'>τὸν</span> <span class='ocrx_word' id='word_1_602' title='bbox 3064 4190 3201 4243; x_wconf 79' lang='grc' dir='ltr'>υἱὸν</span> <span class='ocrx_word' id='word_1_603' title='bbox 3230 4190 3420 4258; x_wconf 81' lang='grc' dir='ltr'>αὐτῆς</span> <span class='ocrx_word' id='word_1_604' title='bbox 3447 4191 3554 4245; x_wconf 81' lang='grc' dir='ltr'><strong>τόν</strong></span> <span class='ocrx_word' id='word_1_605' title='bbox 3585 4210 3733 4261; x_wconf 83' lang='grc' dir='ltr'>πρω-</span> 
     </span>
    </p>
   </div>
   <div class='ocr_carea' id='block_1_84' title="bbox 491 4266 3734 4352">
    <p class='ocr_par' dir='ltr' id='par_1_84' title="bbox 491 4266 3734 4352">
     <span class='ocr_line' id='line_1_84' title="bbox 491 4266 3734 4352; baseline -0 -17"><span class='ocrx_word' id='word_1_606' title='bbox 491 4288 760 4352; x_wconf 76' lang='grc' dir='ltr'>τίτοκον,</span> <span class='ocrx_word' id='word_1_607' title='bbox 790 4288 887 4340; x_wconf 77' lang='grc' dir='ltr'>καὶ</span> <span class='ocrx_word' id='word_1_608' title='bbox 922 4281 1388 4351; x_wconf 75' lang='grc' dir='ltr'>ἐσπαργάνωσεν</span> <span class='ocrx_word' id='word_1_609' title='bbox 1430 4277 1638 4341; x_wconf 78' lang='grc' dir='ltr'>αὑτὸν,</span> <span class='ocrx_word' id='word_1_610' title='bbox 1670 4274 1768 4329; x_wconf 82' lang='grc' dir='ltr'>καὶ</span> <span class='ocrx_word' id='word_1_611' title='bbox 1810 4271 2128 4327; x_wconf 76' lang='grc' dir='ltr'>ἀνέκλινεν</span> <span class='ocrx_word' id='word_1_612' title='bbox 2184 4272 2371 4327; x_wconf 81' lang='grc' dir='ltr'>αὐτόν</span> <span class='ocrx_word' id='word_1_613' title='bbox 2420 4274 2491 4327; x_wconf 86' lang='grc' dir='ltr'>ἑν</span> <span class='ocrx_word' id='word_1_614' title='bbox 2526 4273 2597 4342; x_wconf 72' lang='grc' dir='ltr'>τῇ</span> <span class='ocrx_word' id='word_1_615' title='bbox 2629 4266 2846 4345; x_wconf 70' lang='grc' dir='ltr'>φάτνῃ,</span> <span class='ocrx_word' id='word_1_616' title='bbox 2882 4276 3027 4329; x_wconf 79' lang='grc' dir='ltr'>διότι</span> <span class='ocrx_word' id='word_1_617' title='bbox 3069 4280 3179 4332; x_wconf 81' lang='grc' dir='ltr'>οὐκ</span> <span class='ocrx_word' id='word_1_618' title='bbox 3218 4275 3298 4348; x_wconf 80' lang='grc' dir='ltr'>ἦν</span> <span class='ocrx_word' id='word_1_619' title='bbox 3321 4280 3526 4347; x_wconf 75' lang='grc' dir='ltr'>αὐτοῖς</span> <span class='ocrx_word' id='word_1_620' title='bbox 3552 4285 3734 4349; x_wconf 72' lang='grc' dir='ltr'>τόπος</span> 
     </span>
    </p>
   </div>
   <div class='ocr_carea' id='block_1_85' title="bbox 490 4378 1079 4446">
    <p class='ocr_par' dir='ltr' id='par_1_85' title="bbox 490 4378 1079 4446">
     <span class='ocr_line' id='line_1_85' title="bbox 490 4378 1079 4446; baseline -0.002 -14"><span class='ocrx_word' id='word_1_621' title='bbox 490 4378 557 4431; x_wconf 67' lang='grc' dir='ltr'><strong>ἐν</strong></span> <span class='ocrx_word' id='word_1_622' title='bbox 579 4378 658 4445; x_wconf 86' lang='grc' dir='ltr'>τῷ</span> <span class='ocrx_word' id='word_1_623' title='bbox 690 4379 1079 4446; x_wconf 79' lang='grc' dir='ltr'>καταλύματι.</span> 
     </span>
    </p>
   </div>
   <div class='ocr_carea' id='block_1_86' title="bbox 559 4469 2058 4565">
    <p class='ocr_par' dir='ltr' id='par_1_86' title="bbox 559 4487 2058 4564">
     <span class='ocr_line' id='line_1_86' title="bbox 559 4487 2058 4564; baseline -0.007 -11"><span class='ocrx_word' id='word_1_624' title='bbox 559 4498 802 4564; x_wconf 72' lang='lat' dir='ltr'><strong>l\’.Qure</strong></span> <span class='ocrx_word' id='word_1_625' title='bbox 849 4511 982 4550; x_wconf 83' lang='lat' dir='ltr'><strong>nova</strong></span> <span class='ocrx_word' id='word_1_626' title='bbox 1029 4495 1143 4549; x_wconf 70' lang='lat' dir='ltr'><strong>lucc</strong></span> <span class='ocrx_word' id='word_1_627' title='bbox 1187 4502 1241 4548; x_wconf 88' lang='lat' dir='ltr'><strong>et</strong></span> <span class='ocrx_word' id='word_1_628' title='bbox 1290 4491 1551 4546; x_wconf 84' lang='lat' dir='ltr'><strong>mirabilis</strong></span> <span class='ocrx_word' id='word_1_629' title='bbox 1597 4489 1882 4544; x_wconf 80' lang='lat' dir='ltr'><strong>doctrina?</strong></span> <span class='ocrx_word' id='word_1_630' title='bbox 1926 4487 2058 4554; x_wconf 75' lang='lat' dir='ltr'><strong>Qua:</strong></span> 
     </span>
    </p>
   </div>
   <div class='ocr_carea' id='block_1_87' title="bbox 2162 4469 3726 4565">
    <p class='ocr_par' dir='ltr' id='par_1_87' title="bbox 2230 4469 3726 4565">
     <span class='ocr_line' id='line_1_87' title="bbox 2230 4469 3726 4565; baseline 0.005 -28"><span class='ocrx_word' id='word_1_631' title='bbox 2230 4483 2303 4539; x_wconf 84' lang='grc' dir='ltr'><strong>Δ’.</strong></span> <span class='ocrx_word' id='word_1_632' title='bbox 2328 4485 2424 4548; x_wconf 88' lang='grc' dir='ltr'><strong>Τίς</strong></span> <span class='ocrx_word' id='word_1_633' title='bbox 2448 4486 2481 4555; x_wconf 88' lang='grc' dir='ltr'><strong>ἡ</strong></span> <span class='ocrx_word' id='word_1_634' title='bbox 2514 4484 2674 4555; x_wconf 83' lang='grc' dir='ltr'>καινὴ</span> <span class='ocrx_word' id='word_1_635' title='bbox 2703 4485 2797 4539; x_wconf 75' lang='grc' dir='ltr'><strong>καὶ</strong></span> <span class='ocrx_word' id='word_1_636' title='bbox 2844 4469 3142 4556; x_wconf 71' lang='grc' dir='ltr'>τῖαράδοξος</span> <span class='ocrx_word' id='word_1_637' title='bbox 3170 4485 3311 4565; x_wconf 77' lang='grc' dir='ltr'>αὓτη</span> <span class='ocrx_word' id='word_1_638' title='bbox 3337 4490 3726 4559; x_wconf 76' lang='grc' dir='ltr'>μυσταγωγίας</span> 
     </span>
    </p>
   </div>
   <div class='ocr_carea' id='block_1_88' title="bbox 488 4581 2055 4657">
    <p class='ocr_par' dir='ltr' id='par_1_88' title="bbox 488 4581 2055 4657">
     <span class='ocr_line' id='line_1_88' title="bbox 488 4581 2055 4657; baseline -0.008 -12"><span class='ocrx_word' id='word_1_639' title='bbox 488 4590 849 4657; x_wconf 85' lang='lat' dir='ltr'><strong>Omnipotens.</strong></span> <span class='ocrx_word' id='word_1_640' title='bbox 888 4596 942 4639; x_wconf 86' lang='lat' dir='ltr'><strong>el</strong></span> <span class='ocrx_word' id='word_1_641' title='bbox 968 4585 1174 4638; x_wconf 80' lang='lat' dir='ltr'><strong>faciens</strong></span> <span class='ocrx_word' id='word_1_642' title='bbox 1213 4584 1516 4644; x_wconf 86' lang='lat' dir='ltr'><strong>mortalem,</strong></span> <span class='ocrx_word' id='word_1_643' title='bbox 1549 4582 1742 4635; x_wconf 66' lang='lat' dir='ltr'><strong>divinae</strong></span> <span class='ocrx_word' id='word_1_644' title='bbox 1766 4581 2055 4634; x_wconf 83' lang='lat' dir='ltr'><strong>Providen-</strong></span> 
     </span>
    </p>
   </div>
   <div class='ocr_carea' id='block_1_89' title="bbox 486 4672 2057 4743">
    <p class='ocr_par' dir='ltr' id='par_1_89' title="bbox 486 4672 2057 4743">
     <span class='ocr_line' id='line_1_89' title="bbox 486 4672 2057 4743; baseline -0.007 -9"><span class='ocrx_word' id='word_1_645' title='bbox 486 4683 578 4734; x_wconf 68' lang='lat' dir='ltr'><strong>tiae</strong></span> <span class='ocrx_word' id='word_1_646' title='bbox 628 4676 1033 4734; x_wconf 72' lang='lat' dir='ltr'><strong>benevolentia?</strong></span> <span class='ocrx_word' id='word_1_647' title='bbox 1095 4674 1246 4742; x_wconf 90' lang='lat' dir='ltr'><strong>Quod</strong></span> <span class='ocrx_word' id='word_1_648' title='bbox 1299 4674 1502 4743; x_wconf 79' lang='lat' dir='ltr'><strong>grande</strong></span> <span class='ocrx_word' id='word_1_649' title='bbox 1561 4672 2057 4739; x_wconf 84' lang='lat' dir='ltr'><strong>asmtissimumque</strong></span> 
     </span>
    </p>
   </div>
   <div class='ocr_carea' id='block_1_90' title="bbox 490 4760 2057 4833">
    <p class='ocr_par' dir='ltr' id='par_1_90' title="bbox 490 4760 2057 4833">
     <span class='ocr_line' id='line_1_90' title="bbox 490 4760 2057 4833; baseline -0.008 -10"><span class='ocrx_word' id='word_1_650' title='bbox 490 4781 815 4833; x_wconf 64' lang='lat' dir='ltr'><strong>stratagcma</strong></span> <span class='ocrx_word' id='word_1_651' title='bbox 864 4766 1124 4821; x_wconf 80' lang='lat' dir='ltr'><strong>adversus</strong></span> <span class='ocrx_word' id='word_1_652' title='bbox 1171 4763 1484 4818; x_wconf 85' lang='lat' dir='ltr'><strong>diabolum?</strong></span> <span class='ocrx_word' id='word_1_653' title='bbox 1540 4760 1762 4814; x_wconf 78' lang='lat' dir='ltr'><strong>Mundus</strong></span> <span class='ocrx_word' id='word_1_654' title='bbox 1818 4768 2057 4812; x_wconf 81' lang='lat' dir='ltr'><strong>assertus</strong></span> 
     </span>
    </p>
   </div>
   <div class='ocr_carea' id='block_1_91' title="bbox 566 4934 1983 5007">
    <p class='ocr_par' dir='ltr' id='par_1_91' title="bbox 566 4934 1983 5007">
     <span class='ocr_line' id='line_1_91' title="bbox 566 4934 1983 5007; baseline -0.007 -11"><span class='ocrx_word' id='word_1_655' title='bbox 566 4941 609 4973; x_wconf 64' lang='grc'><strong><em>³³</em></strong></span> <span class='ocrx_word' id='word_1_656' title='bbox 631 4940 791 4997; x_wconf 84' lang='lat' dir='ltr'><strong>Num.</strong></span> <span class='ocrx_word' id='word_1_657' title='bbox 816 4959 963 5007; x_wconf 77' lang='lat' dir='ltr'><strong>xxiv,</strong></span> <span class='ocrx_word' id='word_1_658' title='bbox 993 4944 1078 4997; x_wconf 76' lang='grc'><strong>17.</strong></span> <span class='ocrx_word' id='word_1_659' title='bbox 1153 4941 1198 4973; x_wconf 82' lang='grc'><strong>’⁸</strong></span> <span class='ocrx_word' id='word_1_660' title='bbox 1237 4941 1447 5001; x_wconf 83' lang='lat' dir='ltr'><strong>Luc.tt.</strong></span> <span class='ocrx_word' id='word_1_661' title='bbox 1484 4939 1570 4994; x_wconf 78' lang='lat' dir='ltr'><strong>il.</strong></span> <span class='ocrx_word' id='word_1_662' title='bbox 1646 4938 1691 4969; x_wconf 78' lang='lat'>&quot;</span> <span class='ocrx_word' id='word_1_663' title='bbox 1730 4936 1861 4992; x_wconf 89' lang='lat' dir='ltr'><strong>ibid.</strong></span> <span class='ocrx_word' id='word_1_664' title='bbox 1891 4934 1983 4990; x_wconf 77' lang='lat'><strong>52.</strong></span> 
     </span>
    </p>
   </div>
   <div class='ocr_carea' id='block_1_92' title="bbox 561 5119 2061 5194">
    <p class='ocr_par' dir='ltr' id='par_1_92' title="bbox 561 5119 2061 5194">
     <span class='ocr_line' id='line_1_92' title="bbox 561 5119 2061 5194; baseline -0.006 -14"><span class='ocrx_word' id='word_1_665' title='bbox 561 5124 636 5194; x_wconf 65' lang='grc'><strong>(4)</strong></span> <span class='ocrx_word' id='word_1_666' title='bbox 677 5123 863 5193; x_wconf 83' lang='grc' dir='ltr'>Μέχρι</span> <span class='ocrx_word' id='word_1_667' title='bbox 893 5121 1003 5191; x_wconf 77' lang='grc' dir='ltr'>γὰρ</span> <span class='ocrx_word' id='word_1_668' title='bbox 1049 5122 1274 5190; x_wconf 67' lang='grc' dir='ltr'>σαρκύς</span> <span class='ocrx_word' id='word_1_669' title='bbox 1308 5119 1402 5173; x_wconf 81' lang='grc' dir='ltr'><strong>δεῖ</strong></span> <span class='ocrx_word' id='word_1_670' title='bbox 1431 5120 1883 5191; x_wconf 78' lang='grc' dir='ltr'>συγκαταϐῆναι</span> <span class='ocrx_word' id='word_1_671' title='bbox 1910 5119 2061 5187; x_wconf 77' lang='grc' dir='ltr'>πρὸς</span> 
     </span>
    </p>
   </div>
   <div class='ocr_carea' id='block_1_93' title="bbox 486 5193 2055 5266">
    <p class='ocr_par' dir='ltr' id='par_1_93' title="bbox 486 5193 2055 5266">
     <span class='ocr_line' id='line_1_93' title="bbox 486 5193 2055 5266; baseline -0.006 -16"><span class='ocrx_word' id='word_1_672' title='bbox 486 5193 671 5266; x_wconf 76' lang='grc' dir='ltr'>ἡμᾶς,</span> <span class='ocrx_word' id='word_1_673' title='bbox 706 5200 853 5266; x_wconf 79' lang='lat' dir='ltr'><strong>velut</strong></span> <span class='ocrx_word' id='word_1_674' title='bbox 878 5196 1313 5266; x_wconf 69' lang='lat' dir='ltr'><strong>curulescemlat:</strong></span> <span class='ocrx_word' id='word_1_675' title='bbox 1346 5193 1533 5266; x_wconf 87' lang='lat' dir='ltr'><strong>sed_ea</strong></span> <span class='ocrx_word' id='word_1_676' title='bbox 1578 5207 1675 5266; x_wconf 56' lang='lat' dir='ltr'><strong>vos</strong></span> <span class='ocrx_word' id='word_1_677' title='bbox 1712 5194 1897 5266; x_wconf 75' lang='lat' dir='ltr'><strong>durior</strong></span> <span class='ocrx_word' id='word_1_678' title='bbox 1935 5201 2055 5254; x_wconf 77' lang='lat' dir='ltr'><strong>est;</strong></span> 
     </span>
    </p>
   </div>
   <div class='ocr_carea' id='block_1_94' title="bbox 489 5261 2058 5333">
    <p class='ocr_par' dir='ltr' id='par_1_94' title="bbox 489 5261 2058 5333">
     <span class='ocr_line' id='line_1_94' title="bbox 489 5261 2058 5333; baseline -0.004 -16"><span class='ocrx_word' id='word_1_679' title='bbox 489 5261 796 5333; x_wconf 76' lang='lat' dir='ltr'><strong>quanquam</strong></span> <span class='ocrx_word' id='word_1_680' title='bbox 844 5263 1017 5333; x_wconf 53' lang='lat' dir='ltr'><strong>habet</strong></span> <span class='ocrx_word' id='word_1_681' title='bbox 1047 5261 1532 5333; x_wconf 74' lang='lat' dir='ltr'><strong>Berttardns,_sive</strong></span> <span class='ocrx_word' id='word_1_682' title='bbox 1582 5262 1826 5333; x_wconf 65' lang='lat' dir='ltr'><strong>quisquis</strong></span> <span class='ocrx_word' id='word_1_683' title='bbox 1868 5270 2058 5333; x_wconf 66' lang='lat' dir='ltr'><strong>auctor</strong></span> 
     </span>
    </p>
   </div>
   <div class='ocr_carea' id='block_1_95' title="bbox 488 5328 2059 5399">
    <p class='ocr_par' dir='ltr' id='par_1_95' title="bbox 488 5328 2059 5399">
     <span class='ocr_line' id='line_1_95' title="bbox 488 5328 2059 5399; baseline -0.005 -12"><span class='ocrx_word' id='word_1_684' title='bbox 488 5328 573 5388; x_wconf 70' lang='lat' dir='ltr'><strong>est</strong></span> <span class='ocrx_word' id='word_1_685' title='bbox 595 5328 859 5387; x_wconf 67' lang='lat' dir='ltr'><strong>sermonis</strong></span> <span class='ocrx_word' id='word_1_686' title='bbox 890 5332 943 5384; x_wconf 91' lang='lat' dir='ltr'><strong>in</strong></span> <span class='ocrx_word' id='word_1_687' title='bbox 973 5329 1309 5397; x_wconf 83' lang='lat' dir='ltr'><strong>Evangelium</strong></span> <span class='ocrx_word' id='word_1_688' title='bbox 1335 5330 1476 5399; x_wconf 80' lang='lat' dir='ltr'><strong>infra</strong></span> <span class='ocrx_word' id='word_1_689' title='bbox 1498 5340 1601 5383; x_wconf 88' lang='lat' dir='ltr'><strong>act.</strong></span> <span class='ocrx_word' id='word_1_690' title='bbox 1636 5330 1900 5399; x_wconf 81' lang='lat' dir='ltr'><strong>Epipltnn.</strong></span> <span class='ocrx_word' id='word_1_691' title='bbox 1933 5328 2059 5399; x_wconf 85' lang='lat' dir='ltr'><strong>lmi-</strong></span> 
     </span>
    </p>
   </div>
   <div class='ocr_carea' id='block_1_96' title="bbox 492 5398 2056 5468">
    <p class='ocr_par' dir='ltr' id='par_1_96' title="bbox 492 5398 2056 5468">
     <span class='ocr_line' id='line_1_96' title="bbox 492 5398 2056 5468; baseline -0.005 -12"><span class='ocrx_word' id='word_1_692' title='bbox 492 5404 586 5456; x_wconf 91' lang='lat' dir='ltr'><strong>tati</strong></span> <span class='ocrx_word' id='word_1_693' title='bbox 619 5418 801 5457; x_wconf 80' lang='lat' dir='ltr'><strong>smnus</strong></span> <span class='ocrx_word' id='word_1_694' title='bbox 828 5416 1079 5468; x_wconf 77' lang='lat' dir='ltr'><strong>maguum</strong></span> <span class='ocrx_word' id='word_1_695' title='bbox 1131 5400 1363 5453; x_wconf 85' lang='lat' dir='ltr'><strong>Leonem</strong></span> <span class='ocrx_word' id='word_1_696' title='bbox 1394 5398 1444 5452; x_wconf 84' lang='lat' dir='ltr'><strong>in</strong></span> <span class='ocrx_word' id='word_1_697' title='bbox 1473 5400 1592 5465; x_wconf 89' lang='lat' dir='ltr'><strong>illo,</strong></span> <span class='ocrx_word' id='word_1_698' title='bbox 1624 5399 1690 5454; x_wconf 87' lang='lat' dir='ltr'><strong>Se</strong></span> <span class='ocrx_word' id='word_1_699' title='bbox 1732 5399 1876 5453; x_wconf 83' lang='lat' dir='ltr'><strong>nobis</strong></span> <span class='ocrx_word' id='word_1_700' title='bbox 1902 5398 2056 5451; x_wconf 83' lang='lat' dir='ltr'><strong>incli-</strong></span> 
     </span>
    </p>
   </div>
   <div class='ocr_carea' id='block_1_97' title="bbox 492 5468 2053 5540">
    <p class='ocr_par' dir='ltr' id='par_1_97' title="bbox 492 5468 2053 5540">
     <span class='ocr_line' id='line_1_97' title="bbox 492 5468 2053 5540; baseline -0.003 -15"><span class='ocrx_word' id='word_1_701' title='bbox 492 5483 595 5526; x_wconf 83' lang='lat' dir='ltr'><strong>net.</strong></span> <span class='ocrx_word' id='word_1_702' title='bbox 639 5471 844 5524; x_wconf 77' lang='lat' dir='ltr'><strong>Passim</strong></span> <span class='ocrx_word' id='word_1_703' title='bbox 891 5473 1087 5540; x_wconf 12' lang='lat' dir='ltr'><strong>utitur,</strong></span> <span class='ocrx_word' id='word_1_704' title='bbox 1116 5469 1528 5540; x_wconf 84' lang='lat' dir='ltr'><strong>Chrysostomus</strong></span> <span class='ocrx_word' id='word_1_705' title='bbox 1551 5486 1611 5522; x_wconf 87' lang='lat' dir='ltr'><strong>ea</strong></span> <span class='ocrx_word' id='word_1_706' title='bbox 1649 5483 1778 5522; x_wconf 73' lang='lat' dir='ltr'><strong>voce</strong></span> <span class='ocrx_word' id='word_1_707' title='bbox 1808 5470 1968 5522; x_wconf 84' lang='lat' dir='ltr'><strong>etiam</strong></span> <span class='ocrx_word' id='word_1_708' title='bbox 2001 5468 2053 5521; x_wconf 91' lang='lat' dir='ltr'><strong>in</strong></span> 
     </span>
    </p>
   </div>
   <div class='ocr_carea' id='block_1_98' title="bbox 492 5539 2053 5607">
    <p class='ocr_par' dir='ltr' id='par_1_98' title="bbox 492 5539 2053 5607">
     <span class='ocr_line' id='line_1_98' title="bbox 492 5539 2053 5607; baseline -0.004 -13"><span class='ocrx_word' id='word_1_709' title='bbox 492 5542 714 5595; x_wconf 86' lang='lat' dir='ltr'><strong>materia</strong></span> <span class='ocrx_word' id='word_1_710' title='bbox 746 5541 968 5594; x_wconf 82' lang='lat' dir='ltr'><strong>visionis</strong></span> <span class='ocrx_word' id='word_1_711' title='bbox 990 5578 1005 5602; x_wconf 92' lang='lat'><strong>,</strong></span> <span class='ocrx_word' id='word_1_712' title='bbox 1042 5539 1130 5592; x_wconf 78' lang='lat' dir='ltr'><strong>tibi</strong></span> <span class='ocrx_word' id='word_1_713' title='bbox 1164 5539 1325 5593; x_wconf 77' lang='lat' dir='ltr'><strong>etiam</strong></span> <span class='ocrx_word' id='word_1_714' title='bbox 1362 5540 1604 5607; x_wconf 68' lang='lat' dir='ltr'><strong>quaedam</strong></span> <span class='ocrx_word' id='word_1_715' title='bbox 1634 5548 1716 5592; x_wconf 88' lang='lat' dir='ltr'><strong>est</strong></span> <span class='ocrx_word' id='word_1_716' title='bbox 1747 5539 1834 5592; x_wconf 80' lang='lat' dir='ltr'><strong>Dei</strong></span> <span class='ocrx_word' id='word_1_717' title='bbox 1872 5539 1923 5592; x_wconf 89' lang='lat' dir='ltr'><strong>in</strong></span> <span class='ocrx_word' id='word_1_718' title='bbox 1959 5552 2053 5589; x_wconf 81' lang='lat' dir='ltr'><strong>nos</strong></span> 
     </span>
    </p>
   </div>
   <div class='ocr_carea' id='block_1_99' title="bbox 492 5609 2050 5678">
    <p class='ocr_par' dir='ltr' id='par_1_99' title="bbox 492 5609 2050 5678">
     <span class='ocr_line' id='line_1_99' title="bbox 492 5609 2050 5678; baseline -0.003 -15"><span class='ocrx_word' id='word_1_719' title='bbox 492 5610 792 5671; x_wconf 87' lang='lat' dir='ltr'><strong>inclinatio,</strong></span> <span class='ocrx_word' id='word_1_720' title='bbox 830 5610 1255 5678; x_wconf 88' lang='lat' dir='ltr'><strong>compositioque</strong></span> <span class='ocrx_word' id='word_1_721' title='bbox 1293 5610 1359 5662; x_wconf 91' lang='lat' dir='ltr'><strong>ad</strong></span> <span class='ocrx_word' id='word_1_722' title='bbox 1404 5617 1645 5662; x_wconf 88' lang='lat' dir='ltr'><strong>nostrum</strong></span> <span class='ocrx_word' id='word_1_723' title='bbox 1683 5609 1919 5671; x_wconf 85' lang='lat' dir='ltr'><strong>modum,</strong></span> <span class='ocrx_word' id='word_1_724' title='bbox 1961 5610 2050 5678; x_wconf 74' lang='lat' dir='ltr'><strong>qui</strong></span> 
     </span>
    </p>
   </div>
   <div class='ocr_carea' id='block_1_100' title="bbox 491 5677 2054 5746">
    <p class='ocr_par' dir='ltr' id='par_1_100' title="bbox 491 5677 2054 5746">
     <span class='ocr_line' id='line_1_100' title="bbox 491 5677 2054 5746; baseline -0.003 -12"><span class='ocrx_word' id='word_1_725' title='bbox 491 5693 552 5734; x_wconf 83' lang='lat' dir='ltr'><strong>se</strong></span> <span class='ocrx_word' id='word_1_726' title='bbox 581 5678 865 5731; x_wconf 85' lang='lat' dir='ltr'><strong>videndum</strong></span> <span class='ocrx_word' id='word_1_727' title='bbox 917 5677 1182 5746; x_wconf 62' lang='lat' dir='ltr'><strong>prmbeat,</strong></span> <span class='ocrx_word' id='word_1_728' title='bbox 1234 5694 1336 5732; x_wconf 92' lang='lat' dir='ltr'><strong>non</strong></span> <span class='ocrx_word' id='word_1_729' title='bbox 1380 5688 1612 5745; x_wconf 89' lang='lat' dir='ltr'><strong>quantus</strong></span> <span class='ocrx_word' id='word_1_730' title='bbox 1649 5688 1732 5730; x_wconf 64' lang='lat' dir='ltr'><strong>est</strong></span> <span class='ocrx_word' id='word_1_731' title='bbox 1782 5679 1930 5746; x_wconf 87' lang='lat' dir='ltr'><strong>ipse,</strong></span> <span class='ocrx_word' id='word_1_732' title='bbox 1960 5677 2054 5729; x_wconf 87' lang='lat' dir='ltr'><strong>sed</strong></span> 
     </span>
    </p>
   </div>
   <div class='ocr_carea' id='block_1_101' title="bbox 493 5746 2050 5819">
    <p class='ocr_par' dir='ltr' id='par_1_101' title="bbox 493 5746 2050 5819">
     <span class='ocr_line' id='line_1_101' title="bbox 493 5746 2050 5819; baseline -0.001 -20"><span class='ocrx_word' id='word_1_733' title='bbox 493 5758 752 5819; x_wconf 85' lang='lat' dir='ltr'><strong>quantum</strong></span> <span class='ocrx_word' id='word_1_734' title='bbox 790 5746 904 5816; x_wconf 88' lang='lat' dir='ltr'><strong>ejus</strong></span> <span class='ocrx_word' id='word_1_735' title='bbox 939 5749 1139 5803; x_wconf 89' lang='lat' dir='ltr'><strong>lumine</strong></span> <span class='ocrx_word' id='word_1_736' title='bbox 1187 5747 1435 5819; x_wconf 83' lang='lat' dir='ltr'><strong>perfusus</strong></span> <span class='ocrx_word' id='word_1_737' title='bbox 1474 5747 1782 5803; x_wconf 81' lang='lat' dir='ltr'><strong>intellectus</strong></span> <span class='ocrx_word' id='word_1_738' title='bbox 1812 5756 2050 5810; x_wconf 88' lang='lat' dir='ltr'><strong>creatus,</strong></span> 
     </span>
    </p>
   </div>
   <div class='ocr_carea' id='block_1_102' title="bbox 2161 4576 3731 4653">
    <p class='ocr_par' dir='ltr' id='par_1_102' title="bbox 2161 4576 3731 4653">
     <span class='ocr_line' id='line_1_102' title="bbox 2161 4576 3731 4653; baseline 0.005 -25"><span class='ocrx_word' id='word_1_739' title='bbox 2161 4578 2257 4639; x_wconf 83' lang='grc' dir='ltr'>Τίς</span> <span class='ocrx_word' id='word_1_740' title='bbox 2285 4579 2318 4646; x_wconf 80' lang='grc' dir='ltr'><strong>ἡ</strong></span> <span class='ocrx_word' id='word_1_741' title='bbox 2352 4576 2756 4647; x_wconf 80' lang='grc' dir='ltr'>παντοδύναμος</span> <span class='ocrx_word' id='word_1_742' title='bbox 2800 4579 2894 4631; x_wconf 75' lang='grc' dir='ltr'><strong>καὶ</strong></span> <span class='ocrx_word' id='word_1_743' title='bbox 2941 4579 3305 4652; x_wconf 79' lang='grc' dir='ltr'>φθαρτοποιὸς</span> <span class='ocrx_word' id='word_1_744' title='bbox 3329 4582 3405 4651; x_wconf 72' lang='lat' dir='ltr'><strong>(ti)</strong></span> <span class='ocrx_word' id='word_1_745' title='bbox 3451 4583 3549 4653; x_wconf 82' lang='grc' dir='ltr'>τῆς</span> <span class='ocrx_word' id='word_1_746' title='bbox 3583 4581 3731 4647; x_wconf 77' lang='grc' dir='ltr'>θείας</span> 
     </span>
    </p>
   </div>
   <div class='ocr_carea' id='block_1_103' title="bbox 2162 4668 3730 4742">
    <p class='ocr_par' dir='ltr' id='par_1_103' title="bbox 2162 4668 3730 4742">
     <span class='ocr_line' id='line_1_103' title="bbox 2162 4668 3730 4742; baseline 0.006 -22"><span class='ocrx_word' id='word_1_747' title='bbox 2162 4668 2422 4740; x_wconf 86' lang='grc' dir='ltr'>Προνοίας</span> <span class='ocrx_word' id='word_1_748' title='bbox 2453 4668 2745 4739; x_wconf 74' lang='grc' dir='ltr'>εὐμένειας</span> <span class='ocrx_word' id='word_1_749' title='bbox 2777 4669 2842 4723; x_wconf 89' lang='grc' dir='ltr'>Τί</span> <span class='ocrx_word' id='word_1_750' title='bbox 2874 4672 2934 4724; x_wconf 78' lang='grc' dir='ltr'>τὸ</span> <span class='ocrx_word' id='word_1_751' title='bbox 2965 4672 3135 4727; x_wconf 84' lang='grc' dir='ltr'>δεινὸν</span> <span class='ocrx_word' id='word_1_752' title='bbox 3171 4675 3263 4728; x_wconf 75' lang='grc' dir='ltr'><strong>καὶ</strong></span> <span class='ocrx_word' id='word_1_753' title='bbox 3293 4674 3567 4742; x_wconf 80' lang='grc' dir='ltr'>πάνσοφον</span> <span class='ocrx_word' id='word_1_754' title='bbox 3591 4676 3730 4729; x_wconf 81' lang='grc' dir='ltr'>κατὰ</span> 
     </span>
    </p>
   </div>
   <div class='ocr_carea' id='block_1_104' title="bbox 2159 4758 3728 4836">
    <p class='ocr_par' dir='ltr' id='par_1_104' title="bbox 2159 4758 3728 4836">
     <span class='ocr_line' id='line_1_104' title="bbox 2159 4758 3728 4836; baseline 0.004 -24"><span class='ocrx_word' id='word_1_755' title='bbox 2159 4759 2253 4812; x_wconf 75' lang='grc' dir='ltr'>τοῦ</span> <span class='ocrx_word' id='word_1_756' title='bbox 2287 4758 2530 4813; x_wconf 77' lang='grc' dir='ltr'>διαϐόλου</span> <span class='ocrx_word' id='word_1_757' title='bbox 2560 4760 2948 4832; x_wconf 84' lang='grc' dir='ltr'>στρατήγημα;</span> <span class='ocrx_word' id='word_1_758' title='bbox 2996 4764 3390 4836; x_wconf 85' lang='grc' dir='ltr'>Ἠλευθέρωται</span> <span class='ocrx_word' id='word_1_759' title='bbox 3416 4765 3617 4836; x_wconf 85' lang='grc' dir='ltr'>κόσμος</span> <span class='ocrx_word' id='word_1_760' title='bbox 3643 4765 3728 4819; x_wconf 69' lang='grc' dir='ltr'><strong>διὰ</strong></span> 
     </span>
    </p>
   </div>
   <div class='ocr_carea' id='block_1_105' title="bbox 2059 4935 2443 5000">
    <p class='ocr_par' dir='ltr' id='par_1_105' title="bbox 2059 4935 2443 5000">
     <span class='ocr_line' id='line_1_105' title="bbox 2059 4935 2443 5000; baseline -0.003 -9"><span class='ocrx_word' id='word_1_761' title='bbox 2059 4937 2103 4968; x_wconf 84' lang='grc'><strong>²’</strong></span> <span class='ocrx_word' id='word_1_762' title='bbox 2133 4935 2264 4991; x_wconf 88' lang='lat' dir='ltr'><strong>ibid.</strong></span> <span class='ocrx_word' id='word_1_763' title='bbox 2305 4936 2360 5000; x_wconf 89' lang='grc'>6,</span> <span class='ocrx_word' id='word_1_764' title='bbox 2393 4937 2443 4990; x_wconf 85' lang='lat'><strong>7.</strong></span> 
     </span>
    </p>
   </div>
   <div class='ocr_carea' id='block_1_106' title="bbox 2167 5125 2588 5184">
    <p class='ocr_par' dir='ltr' id='par_1_106' title="bbox 2167 5125 2588 5184">
     <span class='ocr_line' id='line_1_106' title="bbox 2167 5125 2588 5184; baseline -0.002 -12"><span class='ocrx_word' id='word_1_765' title='bbox 2167 5132 2227 5172; x_wconf 91' lang='lat' dir='ltr'><strong>ca</strong></span> <span class='ocrx_word' id='word_1_766' title='bbox 2236 5132 2361 5184; x_wconf 85' lang='lat' dir='ltr'><strong>pere</strong></span> <span class='ocrx_word' id='word_1_767' title='bbox 2393 5125 2588 5183; x_wconf 75' lang='lat' dir='ltr'><strong>potest.</strong></span> 
     </span>
    </p>
   </div>
   <div class='ocr_carea' id='block_1_107' title="bbox 2238 5185 3728 5261">
    <p class='ocr_par' dir='ltr' id='par_1_107' title="bbox 2238 5185 3728 5261">
     <span class='ocr_line' id='line_1_107' title="bbox 2238 5185 3728 5261; baseline 0.005 -22"><span class='ocrx_word' id='word_1_768' title='bbox 2238 5187 2316 5261; x_wconf 73' lang='grc'><strong>(5)</strong></span> <span class='ocrx_word' id='word_1_769' title='bbox 2369 5188 2711 5261; x_wconf 12' lang='grc' dir='ltr'><strong>Ἐπξᾼὼμων-</strong></span> <span class='ocrx_word' id='word_1_770' title='bbox 2739 5185 3060 5261; x_wconf 72' lang='grc' dir='ltr'>βαστᾲζων</span> <span class='ocrx_word' id='word_1_771' title='bbox 3110 5186 3229 5253; x_wconf 78' lang='grc' dir='ltr'><strong>τὴν</strong></span> <span class='ocrx_word' id='word_1_772' title='bbox 3263 5187 3480 5261; x_wconf 84' lang='grc' dir='ltr'>ἑαυτοῦ</span> <span class='ocrx_word' id='word_1_773' title='bbox 3512 5191 3728 5261; x_wconf 80' lang='grc' dir='ltr'>ἀρχήν.</span> 
     </span>
    </p>
   </div>
   <div class='ocr_carea' id='block_1_108' title="bbox 2167 5254 3730 5324">
    <p class='ocr_par' dir='ltr' id='par_1_108' title="bbox 2167 5254 3730 5324">
     <span class='ocr_line' id='line_1_108' title="bbox 2167 5254 3730 5324; baseline 0.003 -14"><span class='ocrx_word' id='word_1_774' title='bbox 2167 5254 2399 5310; x_wconf 85' lang='lat' dir='ltr'><strong>Pulchra</strong></span> <span class='ocrx_word' id='word_1_775' title='bbox 2443 5254 2586 5311; x_wconf 82' lang='lat' dir='ltr'><strong>illius</strong></span> <span class='ocrx_word' id='word_1_776' title='bbox 2616 5258 2713 5310; x_wconf 89' lang='lat' dir='ltr'><strong>loci</strong></span> <span class='ocrx_word' id='word_1_777' title='bbox 2744 5254 3012 5323; x_wconf 73' lang='lat' dir='ltr'><strong>expositio</strong></span> <span class='ocrx_word' id='word_1_778' title='bbox 3043 5275 3055 5310; x_wconf 91' lang='lat'>:</span> <span class='ocrx_word' id='word_1_779' title='bbox 3089 5271 3254 5324; x_wconf 86' lang='lat' dir='ltr'><strong>quam</strong></span> <span class='ocrx_word' id='word_1_780' title='bbox 3286 5260 3527 5314; x_wconf 86' lang='lat' dir='ltr'><strong>eamdem</strong></span> <span class='ocrx_word' id='word_1_781' title='bbox 3546 5254 3730 5317; x_wconf 57' lang='lat' dir='ltr'><strong>habet</strong></span> 
     </span>
    </p>
   </div>
   <div class='ocr_carea' id='block_1_109' title="bbox 2165 5326 3728 5396">
    <p class='ocr_par' dir='ltr' id='par_1_109' title="bbox 2165 5326 3728 5396">
     <span class='ocr_line' id='line_1_109' title="bbox 2165 5326 3728 5396; baseline 0.003 -17"><span class='ocrx_word' id='word_1_782' title='bbox 2165 5326 2472 5381; x_wconf 87' lang='lat' dir='ltr'><strong>Theodotus</strong></span> <span class='ocrx_word' id='word_1_783' title='bbox 2508 5330 2822 5396; x_wconf 82' lang='lat' dir='ltr'><strong>Ancyrauus</strong></span> <span class='ocrx_word' id='word_1_784' title='bbox 2863 5336 3057 5396; x_wconf 13' lang='lat' dir='ltr'><strong>auctor,</strong></span> <span class='ocrx_word' id='word_1_785' title='bbox 3098 5328 3320 5381; x_wconf 88' lang='lat' dir='ltr'><strong>alterius</strong></span> <span class='ocrx_word' id='word_1_786' title='bbox 3369 5332 3628 5385; x_wconf 88' lang='lat' dir='ltr'><strong>orationis</strong></span> <span class='ocrx_word' id='word_1_787' title='bbox 3678 5335 3728 5384; x_wconf 89' lang='lat' dir='ltr'><strong>in</strong></span> 
     </span>
    </p>
   </div>
   <div class='ocr_carea' id='block_1_110' title="bbox 2163 5395 3727 5468">
    <p class='ocr_par' dir='ltr' id='par_1_110' title="bbox 2163 5395 3727 5468">
     <span class='ocr_line' id='line_1_110' title="bbox 2163 5395 3727 5468; baseline 0.001 -18"><span class='ocrx_word' id='word_1_788' title='bbox 2163 5398 2375 5468; x_wconf 71' lang='lat' dir='ltr'><strong>Annam</strong></span> <span class='ocrx_word' id='word_1_789' title='bbox 2392 5395 2836 5468; x_wconf 14' lang='grc' dir='ltr'><strong>Διιιᾲὸδῖιιιιρ(›ιιειιι,</strong></span> <span class='ocrx_word' id='word_1_790' title='bbox 2854 5395 3208 5468; x_wconf 76' lang='lat' dir='ltr'><strong>Amphilbebii</strong></span> <span class='ocrx_word' id='word_1_791' title='bbox 3242 5399 3454 5452; x_wconf 85' lang='lat' dir='ltr'><strong>nomine</strong></span> <span class='ocrx_word' id='word_1_792' title='bbox 3480 5402 3727 5468; x_wconf 71' lang='lat' dir='ltr'><strong>vulgatze.</strong></span> 
     </span>
    </p>
   </div>
   <div class='ocr_carea' id='block_1_111' title="bbox 2225 5463 3728 5537">
    <p class='ocr_par' dir='ltr' id='par_1_111' title="bbox 2225 5463 3728 5537">
     <span class='ocr_line' id='line_1_111' title="bbox 2225 5463 3728 5537; baseline 0 -18"><span class='ocrx_word' id='word_1_793' title='bbox 2225 5464 2302 5536; x_wconf 83' lang='lat'><strong>(6)</strong></span> <span class='ocrx_word' id='word_1_794' title='bbox 2336 5464 2432 5531; x_wconf 85' lang='grc' dir='ltr'>Τίς</span> <span class='ocrx_word' id='word_1_795' title='bbox 2458 5466 2495 5532; x_wconf 71' lang='grc' dir='ltr'>ἡ</span> <span class='ocrx_word' id='word_1_796' title='bbox 2533 5463 2989 5537; x_wconf 60' lang='grc' dir='ltr'>παντοδύναμος</span> <span class='ocrx_word' id='word_1_797' title='bbox 3015 5466 3109 5520; x_wconf 76' lang='grc' dir='ltr'>καὶ</span> <span class='ocrx_word' id='word_1_798' title='bbox 3155 5463 3728 5537; x_wconf 53' lang='grc' dir='ltr'>φθαρτοποιόςξριιΙ-</span> 
     </span>
    </p>
   </div>
   <div class='ocr_carea' id='block_1_112' title="bbox 2154 5534 3733 5605">
    <p class='ocr_par' dir='ltr' id='par_1_112' title="bbox 2154 5534 3733 5605">
     <span class='ocr_line' id='line_1_112' title="bbox 2154 5534 3733 5605; baseline 0.001 -17"><span class='ocrx_word' id='word_1_799' title='bbox 2154 5534 2290 5588; x_wconf 80' lang='lat' dir='ltr'><strong>cina</strong></span> <span class='ocrx_word' id='word_1_800' title='bbox 2318 5536 2647 5589; x_wconf 78' lang='lat' dir='ltr'><strong>antithesis:</strong></span> <span class='ocrx_word' id='word_1_801' title='bbox 2689 5550 2814 5588; x_wconf 77' lang='lat' dir='ltr'><strong>vere</strong></span> <span class='ocrx_word' id='word_1_802' title='bbox 2859 5536 3000 5588; x_wconf 86' lang='lat' dir='ltr'><strong>enim</strong></span> <span class='ocrx_word' id='word_1_803' title='bbox 3048 5534 3308 5605; x_wconf 74' lang='lat' dir='ltr'><strong>nusquam</strong></span> <span class='ocrx_word' id='word_1_804' title='bbox 3358 5540 3524 5605; x_wconf 76' lang='lat' dir='ltr'><strong>magis</strong></span> <span class='ocrx_word' id='word_1_805' title='bbox 3568 5538 3733 5591; x_wconf 77' lang='lat' dir='ltr'><strong>eluxit</strong></span> 
     </span>
    </p>
   </div>
   <div class='ocr_carea' id='block_1_113' title="bbox 2154 5605 3734 5673">
    <p class='ocr_par' dir='ltr' id='par_1_113' title="bbox 2154 5605 3734 5673">
     <span class='ocr_line' id='line_1_113' title="bbox 2154 5605 3734 5673; baseline 0.003 -17"><span class='ocrx_word' id='word_1_806' title='bbox 2154 5606 2332 5657; x_wconf 70' lang='lat' dir='ltr'><strong>divina</strong></span> <span class='ocrx_word' id='word_1_807' title='bbox 2387 5605 2661 5673; x_wconf 84' lang='lat' dir='ltr'><strong>potentia;</strong></span> <span class='ocrx_word' id='word_1_808' title='bbox 2718 5607 2926 5659; x_wconf 86' lang='lat' dir='ltr'><strong>tametsi</strong></span> <span class='ocrx_word' id='word_1_809' title='bbox 2994 5606 3323 5672; x_wconf 76' lang='lat' dir='ltr'><strong>impotentia:</strong></span> <span class='ocrx_word' id='word_1_810' title='bbox 3371 5608 3601 5671; x_wconf 77' lang='lat' dir='ltr'><strong>videtur,</strong></span> <span class='ocrx_word' id='word_1_811' title='bbox 3655 5608 3734 5660; x_wconf 83' lang='lat' dir='ltr'><strong>la-</strong></span> 
     </span>
    </p>
   </div>
   <div class='ocr_carea' id='block_1_114' title="bbox 2155 5673 3640 5746">
    <p class='ocr_par' dir='ltr' id='par_1_114' title="bbox 2155 5673 3640 5746">
     <span class='ocr_line' id='line_1_114' title="bbox 2155 5673 3640 5746; baseline 0.003 -19"><span class='ocrx_word' id='word_1_812' title='bbox 2155 5689 2276 5729; x_wconf 81' lang='lat' dir='ltr'><strong>ecre</strong></span> <span class='ocrx_word' id='word_1_813' title='bbox 2310 5675 2611 5729; x_wconf 83' lang='lat' dir='ltr'><strong>mortalem.</strong></span> <span class='ocrx_word' id='word_1_814' title='bbox 2644 5676 2733 5731; x_wconf 72' lang='lat' dir='ltr'><strong>Sit:</strong></span> <span class='ocrx_word' id='word_1_815' title='bbox 2763 5675 2970 5732; x_wconf 77' lang='lat' dir='ltr'><strong>Maria:</strong></span> <span class='ocrx_word' id='word_1_816' title='bbox 3014 5673 3162 5731; x_wconf 80' lang='lat' dir='ltr'><strong>Fecit</strong></span> <span class='ocrx_word' id='word_1_817' title='bbox 3192 5677 3500 5746; x_wconf 84' lang='lat' dir='ltr'><strong>potentiam,</strong></span> <span class='ocrx_word' id='word_1_818' title='bbox 3536 5690 3640 5732; x_wconf 78' lang='lat' dir='ltr'><strong>etc.</strong></span> 
     </span>
    </p>
   </div>
  </div>
