4048 6496
472 430 564 489 ’ίῖι
1410 416 1417 423 ’
1486 428 1541 484 S.
1583 427 2031 484 AMPIHLOCIHI
2072 422 2458 482 lCONlENSlS
2491 424 2801 481 EPlSCOPl
3685 424 3759 482 Ην

494 554 704 601 ruentes
726 550 934 613 quanto
984 556 1154 598 novus
1196 551 1249 597 et
1289 542 1496 598 electus
1523 544 1772 614 populus,
1803 543 2067 612 spirituali

2185 558 2349 593 τωσαν
2393 538 2635 593 Ἰουδαῖοι
2664 537 2755 590 τὸν
2783 537 2901 589 νέον
2933 536 3026 590 καὶ
3052 535 3307 589 ἐκλεκτὸν
3334 535 3461 591 λαδν
3484 537 3749 610 θεωροῦν·

494 638 690 690 decore
735 634 983 689 excultus
1028 634 1119 699 sit,
1148 643 1458 702 quantoque
1493 636 1749 690 mundum
1784 635 2069 703 splendore

2185 649 2281 696 τες,
2315 632 2423 700 ὅσῳ
2456 629 2641 683 κάλλει
2684 627 3022 696 κεκόσμηται
3058 625 3434 696 πνευματικᾷῃ
3486 628 3590 699 ὅσῃ
3618 627 3759 699 λαμ-

484 728 748 782 οιιίιιειιεοι.
801 724 1006 781 ldcirco
1052 727 1194 780 enim
1243 727 1444 788 tljmisit
1484 741 1580 781 nos
1629 725 1877 795 gentibus
1922 739 2070 780 com-

390 847 399 858 -
492 818 734 882 misceri,
770 826 828 870 ut
860 815 1135 871 lnceamns
1156 817 1298 872 sicut
1342 816 1628 870 luminaria
1666 816 1720 871 in
1764 816 2066 870 mundo“:

496 923 557 965 ut
605 912 773 966 simus
825 910 1016 965 salutis
1066 922 1250 964 sumen
1274 910 1316 940 ³⁷
1360 910 1612 963 omnibus
1655 908 1745 976 qui
1796 907 2070 962 nobiscum

496 1010 801 1064 versantur,
841 1009 896 1055 et
933 1014 1031 1052 nos
1061 1000 1289 1061 adeunt;
1333 998 1462 1068 ipsis
1492 998 1615 1051 iacti
1646 999 1712 1052 ad
1753 997 2066 1052 conversio-

499 1108 621 1147 nem
651 1091 1034 1162 spectaculum.
1079 1090 1267 1146 Videte
1310 1104 1376 1142 ne
1423 1090 1545 1160 quis
1573 1098 1790 1158 propter
1822 1102 1916 1143 vos
1949 1100 2073 1158 gen-

501 1184 668 1238 tilium
694 1184 1024 1253 blasphemet
1055 1182 1245 1237 Deum.
1270 1180 1539 1235 Laudetur
1563 1195 1691 1234 vero
1721 1180 1773 1233 in
1800 1178 1953 1233 nobis
1981 1178 2070 1247 qui

498 1276 711 1331 vocavit
752 1284 807 1330 et
863 1274 1243 1339 sanctiﬁcavit,
1271 1283 1325 1328 et
1374 1272 1553 1329 salvos
1597 1271 1742 1326 fecit.
1794 1269 1966 1325 Ferox
2018 1278 2073 1323 et

501 1367 697 1431 audax,
745 1366 1006 1435 suspiciat
1052 1376 1289 1419 nostram
1336 1361 1801 1418 mansuetudinem
1846 1368 1900 1414 et
1949 1373 2067 1412 mo-

500 1458 747 1511 dcstiam.
794 1455 895 1521 Qui
952 1455 1306 1520 conviciatnr,
1360 1460 1642 1521 reportans
1689 1452 1828 1505 bona
1885 1448 2069 1514 verba,

499 1545 756 1601 confusus
811 1545 1080 1600 abscedat.
1118 1543 1217 1611 Qui
1269 1557 1365 1612 pro
1411 1540 1651 1611 pecuniis
1697 1536 1972 1593 contendit
2019 1546 2073 1591 et

499 1638 611 1692 vult
630 1639 833 1709 iudicio
865 1653 1047 1707 agere,
1088 1638 1232 1691 circa
1278 1634 1493 1689 divitias
1528 1633 1948 1703 imperturbatus
1990 1629 2073 1684 ἰιιο

500 1730 703 1794 veniat,
734 1742 838 1783 non
865 1737 1173 1796 reputantes
1203 1724 1403 1778 habere
1427 1737 1524 1778 nos
1568 1730 1838 1778 terrenam
1864 1732 2075 1789 posses-

503 1820 747 1885 sionem,
803 1818 898 1873 sed
962 1816 1236 1871 caelestem
1305 1825 1509 1869 tenere.
1551 1812 1652 1881 Qui
1707 1826 1805 1868 nos
1841 1811 1974 1876 adit,
2016 1819 2076 1863 ut

2175 724 2405 794 πρότητι
2442 720 2780 789 καταυγάξει
2805 719 2894 772 τὸν
2920 718 3143 789 κόσμον.
3167 717 3267 771 Διά
3295 716 3454 771 τοῦτο
3483 717 3591 791 γὰρ
3612 719 3761 791 ημᾶς

2177 819 2553 890 μεμιγμένους
2584 818 2642 870 ὲν
2674 818 2787 878 τοῖς
2812 814 3021 868 ἔθνεσιν
3054 815 3289 885 ἀφῆκεν,
3321 815 3409 869 ἵνα
3437 814 3761 885 φαινώμεθα

2173 911 2249 974 ὡς
2273 909 2557 979 φωστῆρες
2586 909 2643 962 ὲν
2673 907 2892 977 κόσμῳ’
2925 907 3014 960 ἵνα
3041 906 3263 977 σπέρμα
3288 906 3564 979 σωτηρίας
3587 901 3762 979 ὦμεν,

2174 1004 2254 1065 εἰς
2296 1001 2630 1072 ἐπιστροφὴν
2669 998 3040 1071 θεωρούμενοι
3074 1000 3212 1053 πᾶσι
3258 1002 3370 1063 τοῖς
3405 998 3624 1053 συνοῦσι
3666 1000 3765 1053 καὶ

2176 1093 2659 1164 συντυγχάνουσιν.
2705 1091 2902 1162 Ὁρᾶτε
2934 1091 3007 1162 μή
3047 1107 3130 1154 τις
3170 1090 3239 1145 δι’
3274 1091 3419 1161 ὑμᾶς
3458 1089 3568 1144 τῶν
3602 1089 3763 1145 ἐθνι-

2176 1185 2286 1238 κῶν
2322 1185 2708 1255 βλασφημήσει
2755 1182 2909 1236 Θεόν.
2961 1182 3332 1254 Εὐφημείσθω
3378 1182 3435 1235 δὲ
3473 1183 3533 1235 ὲν
3566 1183 3702 1253 ἡμῖν
3734 1182 3765 1234 6

2175 1275 2430 1339 καλέσας,
2463 1274 2556 1328 καὶ
2595 1274 2828 1343 ἁγιάσας
2856 1274 2950 1328 καὶ
2980 1271 3179 1338 σώσας.
3226 1273 3285 1327 ’0
3312 1273 3484 1344 βίαιος
3509 1273 3603 1327 καὶ
3630 1271 3768 1344 θρα-

2177 1366 2273 1431 σὺς
2311 1365 2645 1435 θαυμασάτω
2672 1366 2771 1434 τὴν
2819 1363 3123 1418 ἐπιείκειαν
3152 1362 3311 1434 ἡμῶν
3345 1364 3439 1418 καὶ
3470 1363 3764 1435 μετριότη-

2172 1474 2243 1512 τα
2258 1475 2271 1487 ο
2295 1459 2323 1511 6
2346 1456 2622 1529 λοιδορῶν,
2645 1454 3163 1526 ἀντευφημούμενος
3181 1454 3528 1526 ὲντρεπέσθω
3546 1471 3560 1486 ·
3582 1456 3612 1509 6
3633 1454 3765 1525 περὶ

2174 1546 2473 1621 χρημάτων
2555 1547 2843 1618 φιλονικῶν
2902 1547 2998 1602 καὶ
3059 1545 3378 1611 δικάζεσθαι
3443 1544 3765 1618 βουλόμενος

2178 1640 2485 1711 ἀταράχους
2512 1640 2662 1710 ἡμᾶς
2690 1637 2992 1709 εὐρισκέτω
3032 1638 3159 1709 περὶ⁸
3188 1639 3467 1710 χρήματα,
3506 1636 3585 1709 μὴ
3604 1637 3763 1708 νομίο

2179 1728 2364 1792 ζοντες
2392 1728 2622 1792 ἑαυτοὺς
2646 1728 2790 1799 ἔχειν
2823 1728 3016 1799 κτῆσιν
3045 1728 3309 1796 ἐπίγειον,
3340 1728 3477 1783 ἀλλὰ
3500 1728 3765 1800 κρατοῦν-

2178 1837 2267 1884 τες
2292 1819 2392 1891 τὴν
2443 1820 2800 1892 ἐπουράνιονο
2858 1821 2887 1873 6
2937 1819 3028 1873 διὰ
3084 1819 3485 1891 παρακλήσεως
3537 1819 3761 1890 φιλικῆς

501 1910 671 1964 amica
688 1908 1055 1965 consolatione
1076 1907 1128 1962 in
1152 1905 1450 1961 mundanas
1463 1904 1764 1974 voluptates
1781 1904 1996 1957 inducat
2012 1900 2077 1967 ⁸³,

2185 1910 2539 1982 προσιέμενος
2578 1912 2724 1981 ἡμᾶς
2765 1912 2845 1974 είς
2889 1909 3082 1983 ἡδονὰς
3145 1912 3415 1982 κοσμικὰς
3462 1911 3764 1984 εύρισκέτω

501 2001 739 2055 inveniat
773 2014 989 2071 graves,
1031 1999 1355 2060 immobiles,
1396 1995 1768 2066 temper-antire
1812 2002 2075 2055 amantes,

501 2110 605 2153 non
636 2103 821 2163 captos
852 2091 1157 2162 voluptate;
1183 2088 1572 2146 mortiﬁcautes
1598 2095 1846 2141 naturam
1876 2085 2074 2148 carnis,

501 2198 558 2242 ιιι
607 2188 857 2242 noverint
905 2193 1164 2255 quantum
1212 2182 1447 2253 Spiritus
1495 2180 1667 2237 sancti
1721 2177 2077 2234 commoratio

499 2280 696 2334 valeat.
727 2277 832 2344 Qui
860 2289 1099 2344 praeceps
1128 2283 1214 2330 est
1240 2275 1307 2328 ad
1353 2272 1671 2342 periurium,
1708 2271 1951 2325 inveniat
1982 2283 2078 2324 nos

499 2368 592 2438 qui
631 2380 805 2436 neque
845 2364 1210 2420 sustineamus
1243 2362 1452 2432 jurare,
1485 2365 1581 2416 sed
1611 2360 1703 2415 Dei
1737 2374 1960 2424 nomen,
1987 2357 2077 2412 ubi

502 2463 567 2514 de
596 2457 756 2512 rebus
783 2455 1008 2527 ahjectis
1044 2462 1101 2509 et
1145 2453 1377 2515 terrenis
1425 2453 1624 2521 agitur,
1650 2464 1931 2505 vereamur
1956 2462 2081 2518 pro-

503 2552 668 2606 ferre.
719 2546 811 2603 Sic
856 2546 1001 2602 enim
1040 2545 1350 2601 docebimus
1396 2557 1605 2609 omnes,
1647 2542 1738 2613 qui
1797 2541 1850 2595 in
1887 2541 2080 2611 quovis

504 2642 718 2708 negotio
752 2654 850 2695 nos
878 2638 1225 2694 conveniunt.
1257 2636 1352 2693 Sic
1395 2649 1529 2692 vero
1557 2634 1816 2690 institutis
1846 2634 1968 2688 vitae
1996 2648 2079 2686 ra-

505 2732 758 2797 tionibus,
776 2742 904 2785 vere
921 2727 1216 2783 eﬂieiemur
1238 2740 1452 2781 sacrum
1480 2724 1833 2797 fermentum,
1866 2730 2079 2775 nostra-

503 2838 607 2895 que
640 2837 804 2894 opera
838 2820 1253 2877 fermentabitur
1288 2815 1518 2872 mundus
1555 2815 1622 2867 ad
1649 2810 1899 2873 salutem,
1943 2807 2078 2862 null--

505 2930 700 2985 tnsque
741 2930 807 2968 ex
851 2912 1008 2968 nobis
1059 2910 1266 2964 fructus
1319 2907 1621 2962 invenietur
1671 2901 1939 2971 repositus
1973 2899 2076 2956 Do-
2144 2912 2155 2917 ‘

506 3010 744 3072 mino,et
772 3007 826 3061 in
853 3005 1006 3060 nobis
1022 3002 1414 3075 gloriﬁcabitur
1433 3001 1595 3064 Deus,
1612 2997 1768 3068 juxta
1795 2995 2078 3051 Dominum

504 3102 771 3155 dicentem
806 3115 820 3152 :
865 3096 1052 3151 ln’ltoc
1085 3094 1414 3163 clariﬁcatus
1451 3102 1526 3147 est
1559 3089 1745 3155 Pater,
1770 3096 1826 3141 ut
1849 3086 2078 3155 fructum

504 3188 788 3259 plurimum
842 3185 1110 3254 offeratis,
1159 3194 1206 3237 et
1256 3180 1552 3250 eﬂiciamini
1601 3178 1703 3233 mei
1744 3174 1990 3244 discipuli
2009 3174 2074 3227 ³⁹.

507 3246 676 3335 i‘orro
721 3246 1050 3333 clarilicatus
1088 3246 1117 3327 a
1158 3246 1314 3329 nobis
1361 3271 1639 3334 Dominus,
1698 3282 1797 3323 nos
1832 3266 2079 3322 claritate
2107 3246 2152 3307 θ

505 3385 705 3430 aeterna
738 3371 1082 3437 clarilicabit,
1120 3371 1172 3423 in
1198 3367 1417 3423 Christo
1446 3363 1573 3421 Jesu
1615 3362 1842 3421 Domino
1872 3371 2076 3426 nostro,

505 3467 592 3522 cui
625 3465 796 3537 gloria
827 3464 881 3520 in
915 3460 1112 3520 saecula
1152 3458 1498 3515 saeculorum.
1533 3455 1727 3509 Amen.

1105 3548 1364 3606 ORATIO
1416 3548 1476 3603 ll.

578 3672 656 3727 De
679 3685 900 3726 occursu
946 3666 1158 3722 Domini
1194 3664 1357 3719 nostri
1399 3661 1527 3718 Jesu
1566 3661 1761 3717 Christi
1793 3677 1811 3715 :
1844 3662 2007 3730 deque

792 3740 1043 3809 Deipara,
1069 3736 1197 3791 etde
1232 3735 1384 3788 Anna
1436 3744 1483 3788 et
1522 3730 1783 3787 Simeone.

579 3880 619 3933 Ι.
654 3878 794 3932 Sunt
821 3874 1001 3946 plures
1031 3873 1082 3928 in
1119 3871 1429 3927 hominibus
1456 3867 1658 3938 magni,
1691 3864 1903 3930 virique
1948 3876 2082 3947 pne:

509 3976 738 4028 stantes.
765 3966 855 4034 qui
880 3965 1239 4034 virginitatem
1271 3960 1606 4015 admirentur
1625 3963 1681 4009 et
1701 3951 2080 4022 deprtedicent.

512 4059 578 4112 Et
602 4070 734 4111 sane
764 4064 846 4109 est
878 4053 1162 4119 mirabilis,
1213 4049 1360 4103 velut
1420 4045 1628 4116 angelis
1655 4052 1908 4114 cognata,
1942 4042 2086 4099 velut

512 4145 713 4202 sodalis
739 4158 1098 4216 supernarum
1132 4140 1413 4200 virtutum,
1452 4135 1599 4191 velut
1620 4140 1809 4189 comes
1845 4133 2086 4204 incorpo-

518 4228 729 4291 rearum
756 4244 1092 4297 naturarum,
1131 4239 1189 4283 ut
1222 4242 1343 4299 quae
1392 4224 1563 4281 facem
1612 4234 1811 4281 sanctae
1837 4223 2086 4279 Ecclesiae

517 4325 787 4394 praeferat.
814 4333 874 4378 ut
900 4336 1020 4392 qua:
1047 4320 1226 4374 vincat
1269 4317 1549 4381 mundum,
1584 4325 1643 4370 ut
1672 4331 1793 4387 quae
1843 4314 2085 4371 aﬂectio-

518 4431 617 4472 nes
647 4414 950 4477 conculcet,
983 4413 1219 4469 refrenet
1243 4410 1532 4481 appetitus,
1556 4423 1677 4465 cum
1710 4409 1817 4463 Eva
1847 4424 2087 4463 commu-

518 4511 730 4566 nionem
761 4521 865 4561 non
897 4504 1110 4572 habeat,
1140 4504 1232 4560 sed
1266 4501 1469 4558 doloris
1515 4515 1730 4571 espers,
1762 4500 2018 4554 immunis
2058 4514 2085 4551 a

2181 2002 2431 2073 σεμνοὺς,
2456 2002 2911 2074 ἀμετακινήτους,
2936 2003 3290 2075 σωφροσύνην
3319 2002 3639 2066 ποθοῦντας,
3661 2003 3762 2073 οὐχ

2184 2093 2348 2164 ἡδονῇ
2383 2092 2804 2165 δελεαζομένους
2824 2111 2838 2125 ο
2872 2094 2958 2149 ἵνα
2995 2095 3177 2148 εἴδωσι
3205 2095 3367 2149 πόσον
3396 2094 3569 2166 ίσχύει
3592 2095 3762 2150 Πνεύ-

2183 2201 2351 2254 ματος
2382 2184 2538 2254 ἁγίου
2575 2184 2910 2256 συνοίκησις,
2945 2185 3108 2255 φύσιν
3153 2185 3355 2257 σαρκὸς
3384 2184 3761 2256 ὲκνεκρώσαν-

2177 2289 2289 2334 τες.
2337 2272 2395 2324 '0
2459 2272 2751 2343 πρόχειρος
2812 2275 2894 2338 εἰς
2938 2274 3224 2346 ἐπιορκίαν
3277 2273 3579 2346 εὑρισκέτω
3628 2274 3765 2343 μηδὲ

2179 2360 2401 2432 ὀμνύειν
2436 2362 2798 2433 ἀνεχομένους
2841 2366 3015 2434 ἡμᾶς.
3056 2365 3194 2419 ἀλλὰ
3239 2364 3547 2428 δεδοικότας
3575 2364 3637 2418 τὸ
3666 2363 3762 2418 τοῦ

2179 2451 2313 2506 Θεοῦ
2365 2453 2660 2524 προφέρειν
2709 2453 2883 2525 ὄνομα
2934 2457 3064 2526 περὶ
3111 2456 3388 2512 ταπεινῶν
3434 2456 3530 2510 καὶ
3560 2456 3763 2527 γηΐνων

2180 2544 2544 2616 πραγμάτων.
2585 2545 2744 2600 Οὕτω
2772 2545 2879 2616 γὰρ
2921 2545 3157 2612 ἐσόμεθα
3208 2546 3410 2611 πάντες
3453 2545 3764 2600 διδάσκαλοι

2180 2634 2287 2688 τῶν
2330 2637 2769 2706 ἐντυγχανόντων
2818 2639 2953 2707 ἡμῖν
2998 2640 3055 2691 ὲν
3106 2637 3405 2707 οίῳδήποτε
3451 2639 3763 2710 πράγματι.
3816 2682 3823 2693 .

2181 2728 2337 2784 Οὕτω
2357 2729 2415 2783 δὲ
2467 2730 2916 2802 πολιτευσάμενοι
2949 2731 3294 2803 γενησόμεθα
3325 2731 3474 2803 ζύμη
3492 2731 3644 2801 ἁγία,
3672 2731 3766 2785 καὶ

2180 2820 2247 2874 δι’
2294 2821 2452 2893 ἡμῶν
2497 2822 2886 2894 ζυμωθήσεται
2930 2826 2960 2877 6
2993 2824 3196 2894 κόσμος
3224 2824 3305 2887 εἰς
3334 2822 3627 2895 σωτηρίαν,
3668 2823 3767 2877 καὶ

2184 2913 2352 2976 πολὺς
2390 2913 2450 2978 ἐξ
2481 2913 2641 2985 ἡμῶν
2670 2915 2882 2986 καρπὸς
2925 2914 3279 2986 εὑρεθήσεται
3320 2912 3399 2984 τῷ
3433 2912 3625 2985 Κυρίῳ
3659 2929 3760 2966 πε·-

2181 3003 2548 3075 φυλαγμένος,
2589 3006 2685 3060 καὶ
2727 3005 3117 3078 δοξασθήσεται
3142 3008 3171 3060 6
3193 3005 3326 3071 Θεὸς
3351 3007 3412 3060 ὲν
3435 3006 3590 3077 ἡμῖν,
3620 3004 3779 3059 κατὰ·

2179 3097 2272 3151 τὸν
2312 3096 2541 3165 λέγοντα
2585 3095 2820 3168 Κύριον·
2879 3097 2982 3151 Ἐν
3025 3097 3215 3161 τούτῳ
3246 3094 3550 3163 ἐδοξάσθη
3581 3096 3615 3149 ό
3646 3096 3764 3147 Πα-

2182 3190 2316 3259 τὴρ,
2349 3190 2451 3243 ἵνα
2493 3188 2667 3260 ὑμεῖς
2722 3188 2960 3257 καρπὸν
3005 3189 3207 3243 πολὺν
3255 3188 3494 3257 φέρητε,
3525 3186 3622 3240 καί
3665 3184 3764 3254 γέ-

2183 3280 2375 3349 νησθέ
2403 3297 2506 3350 μοι
2539 3279 2819 3349 μαθηταί.
2852 3278 3142 3344 Δοξασθεὶς
3186 3278 3244 3333 δὲ
3292 3280 3380 3348 ὑφ’
3413 3277 3573 3350 ἡμῶν
3600 3277 3629 3331 6
3654 3276 3765 3331 Κύ-

2187 3390 2303 3445 ριος
2348 3371 2561 3437 δοξάσει
2581 3374 2729 3443 ἡμᾶς
2749 3374 2815 3443 τῇ
2843 3371 3047 3441 αἰωνίῳ
3069 3369 3217 3442 δόξῃ,
3247 3372 3304 3424 ἐν
3331 3369 3554 3441 Χριστῷ
3589 3367 3763 3440 Ἰησοῦ

2184 3465 2263 3537 τῷ
2294 3465 2483 3538 Κυρίῳ
2513 3465 2691 3535 ἡμῶν,
2723 3455 2769 3529 ᾧ
2797 3464 2831 3530 ἠ
2876 3461 3004 3524 δόξα
3031 3461 3111 3523 είς
3143 3460 3269 3522 τοὺς
3298 3459 3501 3525 αἰῶνας
3570 3460 3763 3532 Ἀμήν.

2818 3551 3035 3605 ΛΟΓΟΣ
3068 3551 3121 3603 B’

2189 3650 2293 3712 Εἰς
2340 3647 2457 3713 τὴν
2505 3641 2870 3713 brumas-thr
2912 3639 3018 3713 τοῦ
3067 3642 3289 3710 Κυρίου
3340 3641 3509 3713 ἡμῶν
3560 3643 3764 3711 Ἰησοῦ

2258 3711 2544 3783 Χριστοῦ⁶
2596 3712 2694 3784 καί
2734 3713 2834 3784 εἰς,
2869 3711 2984 3777 τὴν
3013 3713 3324 3784 Θερτόκον,
3373 3711 3473 3767 πάι
3526 3716 3614 3781 είς
3652 3713 3768 3784 τὴν

2264 3780 2501 3850 Ἅνναν,
2523 3782 2622 3837 καὶ
2659 3784 2747 3848 είς
2777 3782 2884 3835 τὸν
2905 3780 3207 3849 Συμεῶνα.

2259 3878 2335 3933 Α¹.
2382 3876 2573 3931 Πολλοὶ¹
2599 3876 2706 3931 τῶν
2733 3875 2983 3947 μεγάλων
3009 3874 3312 3950 ἀνθρώπων
3336 3876 3434 3948 τὴν
3472 3875 3767 3948 παρθενίαν

2192 3969 2561 4040 θαυμάζουσιν
2583 3985 2597 3998 ·
2629 3968 2723 4021 καὶ
2746 3968 2855 4039 γάρ
2881 3969 2998 4022 ἐστὶ
3026 3966 3335 4039 θαυμαστὴ,
3357 3968 3433 4031 ὼς
3463 3968 3571 4020 τῶν
3604 3966 3768 4035 ἀγγέ-

2190 4059 2298 4113 λων
2336 4058 2637 4129 σύμφυτος,
2664 4057 2741 4119 ὡς
2770 4057 2878 4111 τῶν
2905 4058 3018 4112 ἁνω
3044 4057 3322 4126 δυνάμεων
3357 4055 3659 4127 συνόμιλος,
3690 4056 3766 4121 ὡς

2193 4150 2299 4205 τῶν
2350 4149 2656 4221 ἀσωμάτων
2715 4149 2931 4219 φύσεων
2976 4149 3292 4220 σύνδρομος,
3345 4147 3422 4211 ὡς
3459 4147 3562 4220 τῆς
3606 4150 3766 4219 ἁγίας

2207 4240 2530 4312 Ἐκκλησίας
2552 4238 2952 4311 λαμπαδοῦχος,
2977 4239 3050 4301 ὼς
3078 4239 3170 4293 τὸν
3208 4239 3409 4309 κόσμον
3446 4239 3670 4303 νικῶσα,
3694 4238 3767 4303 ὡς

2194 4332 2262 4386 τὰ
2293 4332 2438 4402 πάθη
2482 4330 2746 4391 πατοῦσα,
2768 4329 2842 4392 ὡς
2873 4328 2972 4391 τὰς
2998 4327 3205 4399 ὀρέξεις
3246 4325 3558 4397 χαλινοῦσα,
3588 4329 3665 4392 ὼς
3698 4331 3768 4399 τῇ

2195 4420 2310 4491 Εῠᾳ
2366 4419 2440 4490 μὴ
2479 4416 2828 4481 κοινωνοῦσα,
2874 4415 2963 4479 ’ὡς
3008 4414 3186 4486 λύπης
3240 4415 3659 4490 ἁπηλλαγμένη,
3693 4417 3767 4482 ὡς

2198 4508 2519 4580 στεναγμῶν
2558 4506 2962 4578 λελυτρωμένη,
2996 4506 3073 4571 ὡς
3112 4508 3212 4578 τὴν
3238 4507 3768 4580 καταδεδικασμένην

512 4600 837 4673 gemitibus,
901 4598 1171 4653 decretam
1238 4594 1708 4651 condemnationis
1765 4592 2082 4648 sententiam

2193 4604 2469 4672 ἀπόφασιν
2523 4602 2597 4673 μὴ
2645 4598 3048 4672 προσδεχομένη
3098 4600 3230 4670 (12),
3280 4600 3377 4672 τὴν
3415 4600 3767 4670 φάσκουσαν·

515 4710 619 4749 ιιοιι
650 4700 950 4762 exspectet,
980 4704 1082 4758 qua
1108 4689 1306 4745 dicitttr
1332 4706 1347 4742 :
1380 4685 1746 4754 Multiplicans
1769 4683 2091 4754 multiplica-

515 4789 575 4839 bo
611 4785 852 4838 tristitias
883 4793 1021 4850 tuas,
1071 4792 1120 4835 et
1158 4781 1404 4852 gemitum
1433 4789 1619 4835 tuum:
1649 4779 1704 4832 in
1738 4776 1967 4830 tristitiis
1997 4792 2091 4843 pa-

515 4878 613 4930 ries
643 4875 804 4943 ﬁlios,
845 4884 893 4928 et
932 4874 1000 4927 ad
1027 4873 1193 4928 virum
1228 4881 1375 4925 tuum
1411 4870 1678 4925 conversio
1723 4878 1834 4922 tua.
1884 4865 1951 4920 Et
1983 4868 2091 4935 ipse

513 4967 872 5021 tlontiuubitur
902 4969 977 5020 tui
1005 4967 1075 5021 ⁸⁸.
1100 4966 1196 5025 Est
1231 4965 1395 5035 igitur
1421 4962 1706 5033 virginitas
1733 4961 2088 5025 admirabilis,

516 5059 659 5115 velut
702 5071 788 5114 res
815 5058 1036 5122 invicta,
1069 5058 1216 5113 velut
1268 5071 1487 5127 germen
1519 5054 1792 5124 corrumpi
1822 5054 2086 5119 nescium,

515 5152 661 5206 velut
687 5150 898 5207 mansio
930 5149 1123 5215 libera,
1160 5157 1219 5203 ut
1250 5147 1470 5205 ascetici
1500 5146 1709 5201 ordinis
1734 5156 1789 5200 et
1822 5147 2090 5201 exercita-

2195 4692 2527 4760 Πληθύνων
2572 4689 2860 4759 πληθυνῶ
2910 4689 3015 4755 τὰς
3077 4691 3274 4756 λύπας
3333 4704 3473 4755 σου,
3519 4692 3617 4746 καί
3666 4694 3770 4747 τὸν

2194 4784 2531 4852 στεναγμόν
2559 4797 2675 4835 σου
2693 4799 2706 4812 ·
2735 4781 3045 4846 ὲνλύπαις
3078 4781 3223 4849 τέξῃ
3255 4781 3457 4843 τέκνα,
3486 4784 3584 4836 καὶ
3622 4785 3769 4853 πρὸς

2195 4875 2301 4927 τὸν
2332 4873 2522 4941 ἄνδρα
2546 4889 2663 4927 σου
2698 4872 2737 4941 ἢ
2768 4872 3120 4941 ἀποστροφή
3156 4888 3272 4926 σου
3302 4874 3437 4943 (13)’
3468 4874 3565 4927 καὶ
3590 4876 3769 4939 αὐτός

2195 4984 2311 5021 σου
2338 4966 2640 5033 κυριεύσει
2658 4983 2670 4995 ·
2698 4962 2983 5035 θαυμαστὴ
3010 4966 3298 5035 τοιγαροῦν
3320 4965 3353 5036 ἡ
3385 4964 3671 5035 παρθενία,
3696 4964 3769 5028 ὡς

2195 5058 2490 5112 ἀδούλωτον
2526 5057 2734 5128 κτῆμα,
2770 5056 2845 5120 ὡς
2889 5055 3202 5127 ἀμάραντον
3241 5055 3427 5125 φυτὸν,
3454 5055 3530 5119 ὡς
3561 5054 3769 5109 naues.

2197 5166 2289 5220 ρον
2336 5147 2678 5219 ἐνδιαίτημα,
2711 5147 2786 5211 ὡς
2831 5146 3127 5213 ἀσκητικὸν
3167 5144 3592 5219 ὲγκαλλὼπισμα
3635 5146 3762 5218 (l4),

586 5267 630 5299 ⁸⁸
664 5267 893 5338 Philipp.
926 5282 984 5331 ιι,
1017 5264 1104 5319 15.
1181 5264 1224 5297 ³⁷
1251 5264 1354 5319 lsa.
1384 5279 1423 5326 ι,
1449 5262 1519 5328 9;
1563 5260 1805 5327 ltomtx,
1835 5260 1927 5315 29.
2004 5262 2081 5317 ³⁸1

2185 5281 2223 5320 r.
2260 5282 2316 5330 ι,
2348 5266 2436 5320 ﬂ.
2513 5264 2556 5298 ”
2587 5263 2742 5320 Joan.
2779 5280 2868 5330 xv,
2894 5264 2946 5319 8.
3018 5262 3065 5297 ⁸⁸
3098 5263 3234 5319 Gen.
3267 5278 3347 5330 ιιι,
3381 5262 3469 5319 16.

586 5362 698 5430 (l2)
733 5360 955 5430 Προσδ.
985 5359 1070 5414 Al.
1106 5358 1496 5430 ὑποδεχομένη.

586 5418 839 5500 (ιόᾗίΚὶιὶ
881 5430 1031 5500 πρὸς
1081 5430 1190 5500 τὸν
1235 5418 1595 5500 ἅὶἶδξοα-’σου
1638 5425 1690 5500 ἠ-
1737 5425 2090 5494 ἀποστροφή

516 5495 654 5553 σου.
680 5495 871 5556 ’Μιιιιιδ
904 5495 1041 5556 bene
1080 5499 1298 5555 Silanus
1336 5495 1355 5553 ξ
1406 5495 1471 5550 Et
1525 5495 1595 5549 ad
1640 5497 1810 5549 virum
1862 5506 2009 5548 tuum
2041 5504 2090 5549 te

518 5581 746 5623 avertes:
770 5570 854 5622 vix
873 5572 1014 5624 enim
1038 5570 1200 5624 fuerit
1227 5568 1434 5623 Latinis
1468 5565 1530 5619 τὸ
1566 5575 1761 5620 avertes
1786 5575 1830 5619 et
1862 5565 2083 5629 aversio,

522 5641 716 5707 ipsum,
767 5651 1046 5695 convertes
1090 5652 1143 5693 et
1187 5638 1493 5700 conversio,
1527 5637 1669 5706 quod
1717 5637 1827 5707 v_t_tlt
1857 5634 1919 5687 τὸ
1950 5636 2085 5687 ἀπο-

521 5702 749 5779 στροφή.
775 5718 832 5779 et
865 5709 1055 5779 habent
1093 5711 1316 5778 Syxtina
1367 5708 1481 5771 ubi,
1539 5702 1675 5759 teste
1712 5702 2085 5779 Allieronymo,

521 5773 727 5846 Aquila
766 5773 1072 5849 Societatem
1099 5773 1523 5849 :Symmachns,
1555 5776 1835 5849 appetitam
1875 5776 1952 5849 vel
1988 5776 2087 5825 im~~

518 5840 690 5908 petum
726 5846 1108 5902 transtulerunt
1141 5863 1155 5901 :
1190 5840 1467 5918 quomodo
1510 5840 1668 5900 etiam
1696 5845 1878 5913 Tignr.
1907 5840 1969 5897 Et
2014 5845 2080 5895 ad

2218 5359 2385 5414 virum
2409 5369 2553 5412 tuum
2580 5356 2679 5413 erit
2701 5356 3016 5413 desiderium
3035 5367 3202 5410 tuum.

2268 5428 2381 5501 (14)
2432 5429 2525 5495 Ὠς
2568 5428 2902 5501 ἀσκητικὸν
2927 5424 3416 5501 ἐπιαλλῴξξισμα.
3469 5422 3767 5501 Velut-mo-

2200 5494 2507 5553 nachornm
2529 5507 2585 5552 et
2618 5494 2942 5566 peculiarius
2968 5494 3087 5551 'Deo
3116 5494 3454 5566 addit-torum
3493 5494 3763 5566 hominum

2197 5568 2363 5637 gloria
2390 5606 2405 5631 ,
2439 5562 2670 5648 quorum.
2715 5567 2961 5648 angelico
2991 5568 3048 5648 in
3076 5566 3243 5648 terris
3275 5564 3519 5648 instituto
3569 5562 3641 5615 ita
3673 5577 3760 5615 co-

2196 5632 2355 5705 énata
2391 5632 2471 5691 est
2496 5637 2737 5703 angelica
2765 5632 2932 5690 virtus
2959 5636 3259 5704 virginitas,
3289 5648 3383 5705 seu
3409 5632 3603 5705 saltem
3636 5645 3764 5705 con-

2198 5699 2443 5769 liuentia,
2476 5708 2543 5760 ab
2570 5699 2656 5759 illo
2685 5706 2851 5761 διειιιοι
2884 5699 3120 5774 ιιι-νειιῖο,
3150 5715 3200 5757 ιιι
3231 5699 3385 5774 nulla
3407 5699 3755 5774 indulgentia,

2200 5777 2317 5846 ipso
2355 5778 2588 5846 integro,
2619 5779 2786 5845 possit
2813 5772 3021 5842 violari,
3066 5790 3129 5830 ac
3162 5774 3242 5828 vel
3277 5773 3344 5827 ad
3374 5772 3592 5847 horam,
3629 5772 3680 5826 in
3709 5785 3765 5826 re
