4118 6418
396 382 475 435 45
1511 378 1768 437 ORATIO
1808 378 1872 433 IN
1911 377 2289 434 OCCURSUM
2331 377 2587 434 DOMINI.
3582 381 3654 438 £6

395 502 482 564 ὡς
505 498 609 569 τῆς
634 498 979 570 ἀνθρωπίνης
1007 498 1172 563 ἕξεως
1205 500 1471 573 ἀνωτέρα,
1506 500 1579 562 ὡς
1611 499 1720 552 τῶν
1751 500 1959 566 ὲπαναγ

2093 505 2263 548 tormn
2304 499 2485 555 decus,
2513 505 2569 547 ut
2608 497 2858 563 superior
2887 497 3124 551 lmmano
3163 497 3347 552 habitu
3377 506 3434 552 et
3486 497 3657 564 quali-

397 590 722 645 καιοπαθῶν
746 590 1018 659 ἐλευθέρα.
1047 591 1181 658 (15),
1210 592 1286 654 ὡς
1313 591 1726 645 πνεισελθοῦσα
1752 591 1830 661 τῷ
1855 609 1986 660 νυμ-

394 680 511 749 φίῳ
540 678 763 748 Χριστῷ
801 679 881 741 εἰς
904 679 995 732 τὸν
1017 679 1258 749 θάλαμον
1285 680 1384 749 τῆς
1409 680 1656 749 οὐρανῶν
1687 679 1985 749 βασιλείας.

395 769 513 821 Καὶ
545 768 615 820 τὰ
648 768 748 836 μὲν
781 770 882 838 τῆς
915 769 1211 841 παρθενίας
1246 770 1399 840 κλέη,
1425 770 1619 835 ταῦτα,
1661 772 1755 823 καὶ
1782 771 1851 823 τὰ
1883 789 1989 824 πα-

395 859 686 928 ραπλήσια
741 856 980 911 τούτων·
1037 860 1066 911 ό
1111 859 1169 911 δὲ
1218 860 1396 929 τίμιος
1451 861 1626 929 γάμος
1670 860 1989 929 ὑπέρκειται

393 948 604 1010 παντὸς
652 946 828 1016 δώρου
880 948 1092 1017 γηῖνου,
1140 949 1214 1011 ὡς
1278 949 1556 1019 ἔγκαρπον
1618 949 1856 1021 δένδρον,
1914 952 1989 1014 ὼς

393 1043 618 1093 ἀστεῖον
645 1044 837 1108 φυτὸν,
868 1040 945 1101 ὡς
993 1040 1118 1108 ῥίζα
1158 1040 1258 1110 τῆς
1294 1039 1615 1110 παρθενίας,
1645 1041 1721 1103 ὡς
1746 1041 1988 1110 γεωργὸς

392 1130 512 1183 τῶν
562 1130 800 1198 λογικῶν
838 1130 935 1183 καὶ
964 1130 1223 1201 ἐμψύχων
1259 1130 1489 1195 κλάδων,
1519 1133 1596 1196 ὡς
1638 1133 1854 1201 εὐλογία
1890 1134 1989 1204 τῆς

393 1221 494 1275 τοῦ
524 1222 731 1291 κόσμου
765 1221 1065 1289 αὐξήσεως,
1088 1221 1163 1283 ὡς
1200 1224 1515 1293 παρήγορος
1545 1223 1641 1275 τοῦ
1669 1224 1882 1291 γένους,
1909 1224 1986 1286 ὡς

392 1309 733 1380 δημιουργὸς
758 1310 857 1379 τῆς
883 1308 1321 1381 ἀνθρωπότητος,
1357 1312 1434 1373 ὡς
1475 1311 1574 1381 τῆς
1616 1310 1805 1381 θεῖκῆς
1848 1313 1990 1365 είκό-

397 1417 490 1462 νος
510 1398 826 1469 ζωγράφος,
850 1398 923 1461 ὡς
942 1398 1033 1451 τὸν
1058 1400 1334 1468 Δεσπότην
1356 1400 1683 1468 εὐλογοῦντα
1712 1419 1879 1471 κεκτη
1889 1403 1987 1472 μέ-

397 1504 514 1549 νος,
536 1486 612 1549 ὼς
636 1487 816 1538 πάντα
845 1484 938 1540 τὸν
957 1486 1163 1555 κόσμον
1188 1487 1374 1559 φέρειν
1406 1488 1712 1559 δεχόμενος,
1752 1490 1827 1554 ὡς
1846 1491 1988 1544 ὲκεί-

396 1594 478 1646 νῳ
522 1576 937 1645 πολιτευόμενος
963 1575 1074 1646 (16)
1111 1576 1173 1629 ὃν
1230 1578 1323 1631 καὶ
1370 1578 1784 1649 ὲνανθρωπῆσαι
1832 1580 1984 1634 ἐδυσ-

398 1666 652 1735 ὠπησεν,
673 1667 750 1729 ὡς
778 1666 1073 1737 δυνάμενος
1094 1667 1271 1737 λέγειν
1301 1670 1439 1739 μετὰ
1463 1672 1790 1741 παρρησίας.
1816 1672 1981 1736 Ἰδοὺ,

396 1758 518 1825 ἐγὼ
555 1759 652 1812 καὶ
698 1759 770 1813 τὰ
804 1758 1030 1823 παιδία,
1063 1759 1102 1814 ἄ
1123 1778 1225 1829 μοι
1252 1761 1476 1815 ἔδωκεν
1508 1766 1542 1816 ό
1572 1765 1734 1829 Θεός.
1761 1764 1984 1835 Περίελε

2092 593 2220 643 tatu,
2280 594 2336 634 ut
2397 584 2719 638 necessariis
2780 583 3157 638 affectionibus
3194 586 3383 643 libera.
3422 596 3481 641 ut
3533 602 3657 640 cum

2088 673 2302 726 Christo
2341 689 2539 741 sponso
2572 679 2624 726 in
2668 674 2815 742 regni
2850 676 3106 729 emlorum
3151 687 3440 742 penetrans
3485 679 3658 734 thala~

2090 780 2254 818 mum.
2284 764 2351 817 Et
2375 766 2486 819 lucc
2513 764 2733 832 quidem
2768 776 2896 820 sunt
2930 766 3253 832 virginitatis
3296 768 3550 837 insignia,
3603 784 3659 825 et

2088 854 2131 907 si
2162 870 2266 922 qua
2303 854 2369 907 iis
2414 855 2616 907 fuerint
2643 855 2888 922 proxima
2919 874 2932 907 :
2964 857 3278 911 honorabile
3311 871 3491 913 autem
3526 878 3659 915 con-

2089 945 2307 998 nubium
2339 944 2409 1009 ¹⁵¹,
2445 947 2644 999 donqu
2704 961 2866 1000 omne
2916 958 3188 1001 terrenum
3243 961 3482 1018 Superat,
3541 964 3658 1005 tau-

2088 1046 2245 1099 quam
2282 1034 2445 1087 arbor
2475 1033 2754 1103 frugifera,
2787 1045 2844 1088 ut
2870 1035 3049 1104 planta
3090 1038 3328 1106 elegans,
3372 1040 3517 1095 velut
3571 1057 3657 1095 ra-

2091 1122 2179 1175 dix
2212 1122 2554 1192 virginitatis,
2592 1132 2649 1174 ut
2683 1127 2827 1190 quod.
2858 1126 3148 1180 rationales
3192 1128 3408 1195 vitaque
3462 1130 3659 1198 potiori

2066 1222 2274 1266 auctos
2304 1229 2500 1278 ramos,
2524 1215 2756 1278 excolat,
2796 1217 2958 1270 veluti
3005 1218 3187 1272 mundi
3217 1231 3494 1274 cremento
3531 1222 3656 1276 data

2091 1302 2418 1366 benedictio,
2459 1314 2513 1357 ut
2539 1305 2786 1359 solatium
2806 1308 3043 1373 generis,
3072 1318 3132 1362 ut
3161 1320 3363 1364 natura:
3393 1312 3654 1377 conditor,

2090 1401 2147 1443 ut
2190 1394 2365 1459 pictor
2403 1394 2597 1448 divinte
2658 1396 2931 1465 imaginis,
2983 1409 3039 1451 ut
3072 1414 3156 1452 cm
3199 1400 3451 1455 Dominus
3496 1403 3658 1458 bene-

2087 1480 2245 1544 dixit,
2278 1490 2337 1533 ut
2368 1488 2507 1548 quod
2553 1484 2865 1557 universum
2930 1488 3186 1541 tnuudum
3230 1500 3444 1557 portare
3489 1492 3657 1546 susti-

2087 1581 2235 1625 neat.
2269 1583 2325 1623 ut
2352 1571 2503 1637 cujus
2531 1576 2769 1629 rationes
2802 1578 2874 1631 illi
2904 1577 3272 1646 instituantur,
3310 1599 3469 1651 quem
3491 1585 3655 1638 etiam

2086 1673 2144 1716 ut
2175 1664 2333 1716 homo
2375 1665 2525 1718 lieret
2576 1666 2782 1721 inﬂexit
2812 1686 2825 1721 :
2860 1672 3002 1737 quod
3047 1681 3155 1726 tota
3198 1673 3448 1729 libertate
3477 1676 3658 1730 dicere

2085 1756 2254 1823 possit
2281 1773 2297 1809 :
2341 1755 2473 1810 Ecce
2498 1742 2614 1826 ego,
2635 1768 2685 1811 et
2719 1758 2945 1826 parvuli,
2976 1776 3104 1828 quos
3133 1763 3273 1815 dedit
3307 1765 3433 1817 mihi
3477 1763 3645 1818 Domi-

395 1850 491 1900 τὸν
521 1850 705 1919 τίμιον
725 1851 924 1919 γάμον,
948 1853 1042 1904 καὶ
1068 1852 1171 1905 πού
1205 1853 1459 1921 εὑρήσεις
1483 1853 1544 1905 τὸ
1571 1854 1667 1923 τῆς
1690 1831 1982 1922 παρθενίας

2089 1861 2186 1897 nus
2217 1847 2283 1898 δ’.
2318 1846 2484 1901 Aufer
2535 1849 2848 1904 honorabile
2907 1851 3236 1920 coniugium,
3286 1869 3384 1908 nec
3431 1870 3658 1923 usquam

399 1938 561 2002 ἄνθος
581 1956 595 1970 ·
628 1940 778 1994 ἔνθεν
803 1942 911 2011 vi?
948 1941 1043 1994 καὶ
1072 1943 1172 1994 οὐκ
1201 1940 1445 2004 ἄλλοθεν,
1480 1943 1541 1993 τὸ
1572 1944 1670 2009 τῆς
1694 1944 1990 2013 παρθενίας

396 2028 560 2092 ἄνθος
595 2031 942 2099 ἀναλέγεται.
990 2032 1175 2084 Ταῦτα
1200 2032 1258 2083 δὲ
1296 2031 1571 2097 λέγοντες,
1599 2034 1894 2101 ἀγαπητοὶ.
1929 2036 1994 2086 οὐ

401 2124 587 2193 μάχην
638 2122 1121 2191 παρεισϐἁλλομεν
1182 2119 1388 2188 μεταξὺ
1440 2121 1739 2190 παρθενίας
1770 2124 1865 2177 καὶ
1892 2126 1994 2192 γά-

397 2227 542 2280 μου⁶
596 2213 665 2266 τὰ
719 2212 959 2281 ἑκάτερα
1008 2210 1064 2261 δὲ
1117 2208 1193 2271 ὡς
1239 2207 1574 2279 ἀλληλόχρεα
1620 2211 1989 2284 θαυμάζομεν.

408 2303 637 2371 Ἐπειδὴ
688 2301 801 2354 τῶν
857 2300 1135 2368 ἑκατέρων
1176 2301 1205 2352 ὁ
1234 2299 1511 2369 Δεσπότης
1558 2302 1653 2356 καὶ
1689 2305 1992 2374 προνοητὴς

393 2392 508 2443 οὐκ
554 2388 996 2443 ἀντιταλαντεύει
1038 2389 1219 2459 ἕτερον
1250 2388 1328 2459 τῷ
1353 2390 1528 2460 ἑτέρῳ
1548 2408 1560 2421 ’
1599 2392 1736 2462 πρὸς
1781 2396 1888 2464 γὰρ
1919 2394 1989 2449 τὰ

396 2481 648 2548 ἑκάτερα
687 2478 789 2548 τῆς
829 2478 1133 2541 θεοσεϐείας
1159 2478 1343 2547 ἔχεται
1369 2480 1500 2549 (17).
1532 2482 1693 2534 Ἄνευ
1740 2483 1848 2553 γὰρ
1886 2485 1986 2554 τῆς

397 2568 599 2637 τιμίας
647 2571 739 2623 καὶ
779 2568 1061 2632 θεοσεϐοῦς
1089 2569 1374 2634 εὐσεϐείας
1412 2571 1523 2641 (18)
1565 2570 1691 2626 οὐτε
1721 2574 1984 2644 παρθενία

402 2658 606 2729 σεμνὴ,
632 2657 757 2711 οὐτε
782 2658 960 2729 γάμος
983 2659 1181 2729 τίμιος.

475 2829 549 2883 B’.
573 2828 755 2885 Ταῦτα
773 2829 829 2883 δέ
850 2848 939 2901 μοι
960 2831 1018 2886 ἐν
1042 2832 1121 2904 τῷ
1133 2834 1361 2904 παρόντι
1380 2832 1520 2903 λόγῳ
1539 2835 1803 2906 προήχθη,
1818 2836 1902 2890 διὰ
1921 2838 1985 2891 τὸ

399 2924 463 2975 ὲν
484 2922 561 2991 τῷ
588 2921 739 2992 νόμῳ
770 2922 1006 2992 γραφὲν,
1039 2924 1133 2977 καὶ
1152 2926 1212 2976 ὲν
1242 2925 1307 2993 τῇ
1339 2923 1518 2994 χάριτι
1546 2924 1860 2993 βεϐαιωθὲν,
1887 2927 1984 2980 καὶ

401 3009 630 3063 καθόλου
674 3009 883 3081 λεχθὲν,
915 3011 1011 3064 καὶ
1041 3010 1269 3065 καθόλου
1303 3012 1379 3083 μὴ
1411 3013 1653 3084 εὑρεθὲν.
1686 3015 1780 3068 καὶ
1816 3018 1875 3068 ἐν
1900 3016 1982 3087 τῷ

400 3098 590 3170 Κυρίῳ
621 3098 768 3170 μόνῳ
800 3092 1087 3171 πληρωθὲν
1113 3101 1228 3172 (19)
1256 3115 1271 3133 ·
1302 3102 1431 3174 περὶ
1453 3102 1547 3157 τοῦ
1569 3104 1807 3174 γαμικοῦ
1834 3120 1979 3177 φημι

476 3251 521 3284 ⁸⁸
547 3251 682 3308 lleb.
714 3269 831 3318 xm,
862 3254 917 3307 4.
991 3254 1036 3285 ⁸⁸
1063 3255 1164 3310 lsa.
1194 3271 1309 3322 vm,
1343 3257 1429 3315 18.

2091 1932 2418 1998 virginitatis
2447 1934 2630 1989 ﬂorem
2658 1938 2951 1992 inveneris.
2978 1938 3104 1993 Inde
3125 1941 3292 2003 enim,
3321 1956 3424 1995 non
3444 1957 3508 1994 ex
3533 1943 3658 2007 alio,

2092 2022 2362 2090 colligitur
2392 2023 2492 2077 llos
2536 2026 2885 2094 virginitatis.
2921 2029 3056 2081 Cum
3105 2045 3235 2083 vero
3270 2033 3381 2085 haec
3414 2032 3658 2096 dicimus,

2093 2110 2310 2177 dilecti;
2348 2113 2762 2183 haudquaquam
2820 2117 2962 2170 inter
2992 2119 3353 2186 virginitatem
3389 2120 3664 2176 matrimo-

2092 2200 2351 2267 niumque
2412 2215 2645 2269 pugnam
2711 2203 3049 2259 inducimus:
3097 2207 3192 2260 sed
3243 2215 3550 2276 utrumque,
3605 2219 3663 2263 ιιι

2092 2292 2236 2357 quod
2261 2290 2488 2345 alterum
2542 2292 2699 2347 alteri
2760 2293 2993 2349 olliciuni
3034 2305 3273 2364 praestet,
3308 2298 3658 2367 vicissimque

2086 2379 2321 2448 indigeat
2380 2381 2577 2447 altero,
2640 2384 3011 2453 suspicimus:
3050 2388 3314 2456 siquidem
3377 2390 3659 2444 aunborum

2086 2469 2342 2525 Dominus
2367 2472 2723 2541 provisorque
2747 2490 2853 2529 non
2904 2475 3131 2530 alterum
3184 2477 3337 2531 alteri
3388 2480 3657 2547 oppouiz;

2085 2559 2138 2613 iu
2174 2570 2403 2629 utroque
2424 2564 2569 2617 enim
2596 2564 2913 2635 religionem
2946 2567 3291 2635 amplectitur
3356 2568 3487 2622 Nam
3531 2571 3659 2625 absa

2085 2664 2191 2718 que
2213 2651 2462 2720 religiosa
2515 2655 2736 2722 pietate,
2788 2669 2963 2724 neque
3010 2657 3296 2725 virginitas
3340 2661 3660 2717 venerabilis

2084 2749 2191 2805 est,
2226 2758 2399 2812 neque
2421 2746 2819 2800 matrimonium
2840 2747 3168 2803 honorabile.

2153 2829 2218 2884 ll.
2260 2831 2441 2888 llzeca
2483 2850 2570 2889 me
2621 2837 2868 2904 praesenti
2917 2838 3166 2892 oratione
3224 2839 3428 2906 prolata
3495 2849 3657 2907 sunt,

2082 2936 2304 2995 propter
2330 2929 2382 2983 id
2419 2931 2563 2998 quod
2590 2932 2959 3001 estseriptum
2989 2932 3042 2986 in
3084 2932 3219 3003 lege,
3266 2942 3323 2987 et
3378 2935 3431 2987 in
3484 2936 3659 3005 gratia

2082 3018 2463 3074 conlirmatmn
2496 3037 2515 3075 :
2545 3024 2687 3091 quod
2719 3025 3010 3079 uuiversim
3057 3025 3281 3089 dictum,
3313 3040 3412 3081 nec
3438 3027 3660 3081 univer-

2081 3109 2185 3163 sim
2216 3110 2491 3167 inventum
2532 3122 2635 3182 est,
2667 3119 2759 3171 sed
2805 3118 2860 3173 in
2912 3117 3031 3174 solo
3076 3117 3307 3175 Domino
3351 3119 3656 3189 impletum,

399 3415 594 3478 etiam,
632 3430 737 3467 non
761 3415 1008 3491 servari,
1041 3411 1692 3491 solaquepra'paratioue
1732 3412 1893 3491 animi
1924 3421 1978 3467 et
2007 3419 2050 3476 C
2083 3417 2265 3491 operis
2297 3418 2411 3491 :_de
2437 3416 2932 3491 quollieronymus
2963 3432 3146 3476 contra
3198 3422 3560 3491 Vigilantiam.

401 3495 652 3553 prompta
690 3484 966 3536 voluntate
991 3499 1005 3547 ;
1049 3479 1316 3551 quomodo
1337 3491 1391 3533 et
1421 3479 1743 3553 obedientia:
1766 3490 1819 3553 et
1846 3493 1980 3553 pau-

401 3548 625 3627 pertaii~
652 3564 774 3627 vota
800 3591 815 3615 ,
842 3548 1093 3627 servata,
1127 3567 1230 3627 non
1265 3567 1390 3605 raro
1417 3549 1712 3627 suﬂiciuut,
1738 3548 1985 3627 ve_l_dell-

400 3617 579 3675 ciente
600 3623 692 3689 qui
735 3622 1034 3690 ptitcipittl,
1062 3622 1143 3674 vel
1179 3636 1276 3673 usu
1314 3635 1494 3673 rerum
1543 3618 1758 3671 interim
1791 3617 1985 3690 libero,

403 3704 472 3743 ac
502 3686 673 3755 qualis
701 3686 814 3744 fere
847 3686 931 3743 est
960 3690 1182 3743 domini.
1214 3690 1328 3754 Qua
1366 3690 1433 3741 de
1466 3703 1522 3741 re
1545 3697 1653 3740 tum
1688 3686 1984 3755 canonista:

403 3762 474 3807 ad
506 3759 707 3813 Decret.
737 3771 914 3814 extra.
946 3757 1081 3813 Cum
1108 3760 1177 3811 ad
1205 3760 1604 3817 monasterium,
1634 3765 1688 3809 et
1719 3754 1979 3823 Tlteulogi

399 3826 517 3890 2-2,
567 3829 652 3881 ubi
698 3834 759 3882 de
803 3839 947 3883 voto.
982 3827 1244 3881 Silanus:
1279 3824 1464 3891 Utpote
1504 3825 1705 3879 virtutis
1742 3824 1906 3878 studii
1932 3835 1980 3877 et

398 3897 594 3949 mentis
623 3898 1012 3950 exercitationis
1041 3906 1426 3950 ornamentum.
1458 3894 1623 3949 Plane
1643 3895 1851 3964 jejuno,
1882 3909 1983 3948 nec

396 3966 694 4033 quidquam
724 3967 789 4019 ad
820 3976 1050 4018 mentem
1085 3965 1463 4032 Amphilochii.

470 4034 583 4102 (15)
634 4036 728 4100 Ὠς
775 4034 893 4088 τῶν
918 4033 1496 4103 ἐπαναγκαιοπαθῶν
1533 4033 1839 4101 ἐλευθέρα.
1888 4032 1973 4086 ΑΙ.

395 4104 755 4182 ἀπολυθεῖσα.
798 4103 961 4158 Velut
1002 4119 1133 4182 qute
1174 4104 1419 4171 superior
1457 4104 1978 4182 videaturbumanis

395 4174 747 4241 passionibus
805 4173 1364 4239 necessitatibusque.
1416 4186 1480 4225 ac
1531 4174 1819 4239 quemdam
1853 4173 1975 4241 jam

395 4239 700 4311 angelicum
733 4253 787 4296 et
840 4242 1264 4308 incorruptionis
1299 4250 1497 4295 statum
1545 4241 1813 4311 pra-ferat.
1850 4239 1978 4311 Erat

397 4309 578 4364 textus
607 4313 899 4366 mendosus
941 4313 1162 4364 omnino
1222 4321 1276 4363 et
1318 4312 1540 4363 mutilus
1567 4309 1642 4372 ὡς
1679 4310 1786 4361 τῶν
1818 4310 1981 4362 ἐπάν-

391 4397 564 4447 αγκες
588 4380 820 4434 ἐλθοῦσα
845 4380 924 4450 τῷ
963 4381 1201 4450 νυμφίῳ,
1230 4397 1282 4432 κ.
1310 4398 1361 4434 τ.
1392 4380 1469 4443 ἐξ.
1502 4378 1831 4450 Silanus:Ut
1861 4390 1977 4450 qua:

394 4452 691 4519 necessario
721 4448 912 4519 sponso
957 4448 1168 4502 Christo
1203 4451 1370 4502 veniat
1402 4451 1457 4502 in
1499 4448 1790 4501 thalamum
1824 4449 1970 4516 regni

394 4518 649 4571 caelorum
672 4535 692 4571 :
719 4520 874 4587 cujus
898 4519 1025 4574 dicti
1048 4528 1141 4571 aut
1166 4534 1270 4572 non
1303 4519 1459 4573 video
1477 4533 1716 4581 sensum,
1745 4527 1841 4571 aut
1870 4533 1975 4573 non

392 4589 533 4642 satis
562 4602 779 4643 sanum.

464 4657 580 4726 (I6)
606 4658 702 4723 Ὠς
720 4659 931 4722 ἐκεινῳ
947 4658 1426 4727 πολιτευόμενος.
1452 4656 1607 4711 Velut
1636 4657 1775 4724 quod
1803 4655 1983 4727 illi'vi-

390 4736 557 4780 vatur
584 4736 641 4780 et
664 4728 877 4782 militet.
900 4728 979 4780 ιιε
1000 4742 1126 4781 vera
1148 4726 1289 4781 enim
1314 4728 1476 4779 etiam
1494 4727 1689 4793 nuptiae
1714 4727 1820 4778 Deo
1841 4726 1983 4778 mili-

396 4805 549 4859 tant;
582 4811 894 4864 quanquam
924 4797 1116 4866 majori
1147 4794 1977 4866 quam,virgitiitas‘diﬂicultate.

396 4876 453 4918 et
503 4862 842 4920 terrenarum
872 4862 1252 4920 sollicitudine.
1304 4862 1563 4918 Silanus:
1597 4862 1730 4917 Cum
1783 4866 1848 4917 ab
1889 4865 1980 4916 illo

398 4946 615 5002 regatur
650 4944 701 4988 et
737 4936 1163 4997 administratur,
1210 4936 1387 4987 minus
1413 4943 1574 5000 apte:
1610 4944 1666 4985 ut
1695 4934 1839 4986 enim
1874 4935 1982 4985 vir-

392 5004 662 5069 ginitatis,
693 5006 764 5058 ita
814 5005 1122 5071 nuptiarum
1167 5004 1364 5072 ubique
1393 5002 1806 5072 Amphilochius
1850 5018 1978 5071 pro-

392 5074 641 5143 sequitur
671 5072 1078 5143 κατορθώματα
1101 5110 1115 5136 ,
1180 5070 1289 5125 ιιοιι
1317 5072 1634 5143 formaliter
1677 5070 1857 5124 divina
1888 5088 1978 5141 χα⁸

392 5142 639 5211 ρίσματα
687 5182 705 5207 ,
776 5140 1061 5210 αιιίιιίιιιι
1126 5141 1328 5195 homini
1382 5140 1697 5211 conferant,
1751 5150 1806 5194 et
1872 5140 1982 5210 quo

390 5210 768 5280 elisequantur
798 5214 941 5279 Deo;
972 5226 1079 5265 non
1105 5211 1231 5280 quid
1262 5212 1405 5280 Deus
1434 5210 1542 5263 illis
1573 5211 1836 5264 conferat.

465 5277 583 5351 (l7)
622 5282 782 5348 Πρὸς
814 5277 933 5351 γὰρ
957 5281 1028 5334 τὰ
1059 5277 1309 5351 ἑκάτερα
1335 5279 1446 5347 τῆς
1469 5279 1807 5351 θεοσεϐείας
1844 5277 1976 5351 ἔχρ-

387 5365 510 5402 ται.
541 5349 745 5419 Nempe
775 5349 1035 5404 Dominus
1075 5350 1164 5403 ille
1201 5360 1256 5403 et
1285 5352 1552 5418 provisor,
1594 5350 1740 5403 velut
1763 5364 1824 5402 ea
1854 5349 1975 5419 alli-

384 5420 535 5472 citur
559 5418 720 5487 eique
752 5420 953 5474 insistit
982 5437 996 5472 :
1024 5429 1087 5473 ut
1130 5419 1200 5473 sit.
1230 5420 1369 5472 ratio
1409 5435 1508 5472 cur
1535 5419 1635 5471 οὐκ
1663 5418 1978 5472 ἀντιταλαν-

381 5488 540 5540 τεύει
567 5488 759 5559 ἕτερον
782 5488 862 5559 τῷ
891 5489 1086 5560 ἑτέρῳ,
1117 5504 1221 5542 non
1254 5504 1420 5560 unum
1447 5499 1633 5560 contra
1662 5487 1804 5541 aliud
1825 5489 1976 5560 velut

387 5562 624 5610 trutinat
649 5557 704 5611 et
731 5557 999 5628 appendit
1019 5557 1047 5613 ε’
1068 5560 1221 5626 quasi
1251 5559 1362 5624 ipsa
1397 5558 1618 5628 prtecise
1639 5598 1655 5628 ,
1686 5572 1757 5628 ac
1786 5557 1884 5610 nisi
1919 5569 1976 5610 ut

389 5628 567 5696 media
608 5630 676 5681 ad
709 5634 964 5696 pietatem
1011 5628 1473 5696 religionemque,
1525 5627 1690 5694 pluris
1736 5627 1864 5680 fiant
1908 5628 1975 5682 ab

386 5694 551 5773 ipso:
590 5694 737 5773 quod
787 5710 964 5751 tamen
1014 5694 1450 5773 nou—prohibet.
1488 5707 1545 5748 ut
1586 5712 1652 5773 ne
1690 5696 1972 5773 virginitas

384 5766 456 5817 sit
492 5770 689 5820 melior
719 5778 773 5821 et
822 5766 1096 5837 acceptior
1143 5768 1251 5820 Deo
1296 5780 1361 5820 ex
1410 5765 1521 5834 ipsa
1562 5767 1723 5821 etiam
1765 5766 1971 5819 ratione

2009 4489 2057 4547 D

2301 3487 2629 3558 Εὐσεϐεἰας
2665 3486 2801 3542 Editi
2841 3493 3004 3551 male,
3040 3486 3313 3558 εὐλογίας.

2146 3552 2268 3631 ,(19)
2310 3554 2419 3631 Kal
2459 3557 2529 3607 ἐν
2556 3555 2635 3631 τῷ
2668 3560 2865 3631 Κυρίῳ
2902 3561 3068 3628 μόνῳ
3098 3552 3433 3629 πλήρὼθέν.
3477 3562 3548 3616 Ut
3578 3564 3660 3615 ui-

2090 3626 2284 3693 mirmn
2321 3626 2434 3685 ipse
2468 3626 2703 3693 aperiret
2742 3626 2985 3692 vulvam,
3029 3626 3175 3683 nullo
3212 3626 3423 3684 Semine
3460 3633 3661 3693 praevio

2089 3690 2156 3759 ad
2189 3686 2673 3759 ejus‘apertiouem
2709 3711 2723 3745 :
2765 3708 2925 3759 quam
2960 3686 3122 3750 etiam
3161 3702 3425 3752 rationem
3458 3686 3661 3753 itit-tho-

2088 3758 2207 3810 dius
2244 3757 2435 3818 habet,
2473 3772 2682 3810 necnon
2727 3757 3043 3816 Ambrosius
3085 3782 3099 3817 :
3132 3767 3279 3819 solus
3319 3777 3496 3819 tamen
3530 3769 3658 3821 Am-

2085 3825 2391 3894 philochius
2414 3839 2476 3879 ea
2514 3826 2578 3877 de
2606 3842 2664 3879 re
2695 3838 2748 3879 et
2774 3840 2951 3881 tnovet
2978 3832 3196 3886 dubium
3228 3844 3281 3887 et
3309 3834 3502 3888 solvit:
3533 3836 3659 3889 Aui-

2091 3897 2274 3973 lirosio
2302 3897 2466 3973 etiam
2492 3894 2638 3949 velut
2664 3896 3141 3973 dissitnulantetet
3164 3905 3227 3955 ad
3263 3904 3511 3959 Ecclesia:
3544 3908 3658 3973 spi-

2086 3965 2293 4019 ritalem
2322 3966 2556 4041 vulvam,
2593 3981 2754 4041 quam
2788 3966 2877 4041 ille
2906 3983 3028 4041 vere
3060 3970 3290 4028 Sanctus
3318 3985 3460 4029 esset
3502 3965 3660 4041 aper-

2085 4043 2260 4114 turus,
2301 4035 2608 4114 remittente
2639 4053 2653 4090 :
2691 4035 2812 4114 Sed
2859 4036 2950 4114 ille
2979 4036 3235 4114 Sanctus,
3267 4044 3459 4113 inquit,
3505 4035 3658 4114 quem

2085 4103 2138 4180 in
2169 4103 2341 4180 ﬁgura
2366 4103 2542 4170 futuri
2578 4107 2832 4180 mysterii,
2858 4109 2944 4170 pia
2974 4110 3101 4177 legis
3135 4112 3321 4180 divina?
3340 4103 3658 4180 'prtrsc'ripta

2083 4173 2397 4249 signabant;
2432 4192 2491 4249 eo
2525 4173 3087 4249 quod‘solusranciw
3139 4173 3389 4249 Ecclesia:
3418 4173 3655 4249 virginis,

2084 4240 2152 4293 ad
2185 4240 2749 4316 generautlospopulos
2781 4246 2896 4308 Dei,
2932 4248 3290 4301 immaculata!
3320 4240 3657 4316 [εειιιιιῖιιιιιὸἇ

2083 4312 2303 4384 aperiret
2334 4314 2556 4384 genitale
2580 4324 2853 4366 secretum.
2885 4317 2983 4368 llic
3016 4333 3137 4384 ergo
3164 4312 3431 4371 solusisibi
3455 4322 3657 4381 aperuit

2083 4380 2307 4453 ualeam.
2340 4380 2453 4433 Nec
2478 4384 2666 4440 mirum
2690 4398 2708 4435 :
2731 4384 2815 4434 hic
2845 4388 2980 4443 enim
3001 4380 3204 4439 άὶειὲεηιι
3230 4391 3297 4439 ad
3322 4386 3619 4453 prophetam
3637 4403 3657 4441 .'

2086 4466 2104 4497 ί
2143 4446 2524 4525 ζξνὶιιεῃιιαιηιε
2546 4453 2846 4517 formarem,
2881 4472 2900 4504 ι
2929 4463 3032 4508 etc.
3057 4457 3294 4525 Quiergo
3314 4446 3652 4509 ruloantsan-

2084 4517 2333 4593 ctiﬁca-vi-z
2359 4519 2609 4593 alienam,
2638 4531 2692 4572 ut
2715 4534 3015 4593 nasceretur
3042 4517 3311 4593 prop/tein,
3347 4530 3430 4578 hic
3454 4536 3527 4577 est
3564 4528 3654 4593 qui

2083 4589 2284 4648 aperuit
2329 4591 2509 4641 matri:
2553 4606 2663 4643 sua:
2710 4592 2914 4644 vulvam
2963 4589 3422 4648 ulviutmurnlams
3471 4589 3652 4650 exiret.

2084 4655 2226 4730 Bone
2273 4656 2322 4709 id
2366 4659 2581 4730 quidem
2629 4660 2757 4730 :“At
2799 4660 2960 4714 instat
3016 4663 3329 4730 ille‘nnster
3378 4665 3654 4730 Amphilo-

2083 4727 2268 4806 chius;
2312 4726 2465 4806 cujus
2509 4744 2566 4781 se
2592 4727 2690 4806 ft?)
2719 4730 3075 4806 cornuum};
3118 4726 3504 4806 ἆξαι-νηφαλίῴ
3556 4736 3656 4806 τῆς

2081 4796 2671 4871 διανοίαςῌύπερφυῶςή
2707 4800 2975 4871 ἡσθῆναι,
3003 4796 3077 4853 ait
3119 4796 3380 4867 Basilius,
3425 4796 3651 4870 promtu;

2084 4866 2177 4917 lib.
2209 4865 2295 4940 De
2319 4863 2533 4940 Spiritu
2553 4863 2739 4940 sancto
2778 4863 2845 4923 ad
2873 4863 3087 4940 ipsum:
3128 4863 3537 4940 perspicairiiate
3565 4874 3651 4926 illa

2082 4946 2139 5010 et
2164 4935 2468 5010 prudentia,
2497 4952 2590 5010 seu
2616 4935 2907 5010 διορατικῷ
2938 4940 3027 5010 illo
3046 4935 3436 5010 'Chrysostomi
3463 4982 3476 5001 ,
3509 4947 3654 5010 quod

2083 5004 2259 5084 ipsum
2296 5004 2348 5056 in
2378 5006 2656 5084 sacerdote
2682 5004 2858 5078 jungit
2879 5004 2965 5079 ῖτῷ
2992 5004 3259 5084 νηφαλίῳ,
3290 5027 3418 5084 qua
3468 5004 3655 5084 diilici—

2083 5073 2150 5125 lia
2181 5088 2409 5149 qumque
2442 5075 2494 5126 iu
2530 5073 2810 5149 Scriptura
2857 5073 3161 5149 pervideret
3200 5073 3253 5132 et
3283 5073 3510 5149 feliciter
3544 5082 3654 5134 sol-

2082 5154 2266 5207 veret;
2301 5143 2381 5196 vel
2428 5154 2610 5214 certe,
2653 5143 2927 5202 modestia:
2965 5163 3123 5203 causa
3147 5190 3160 5212 ,
3194 5151 3260 5200 ad
3300 5147 3648 5214 solvendum,

2079 5214 2216 5286 gnos
2244 5222 2299 5286 ut
2324 5213 2607 5286 magistros
2631 5220 3006 5282 venerabatur,
3046 5227 3168 5286 puta
3203 5217 3482 5286 Basilium,
3518 5213 3649 5282 ete.,

2084 5282 2197 5356 ipsa
2242 5282 2665 5356 interrogatione
2716 5282 3244 5356 ὲπιστατικώτέρους
3297 5285 3534 5351 faciens,
3595 5298 3651 5340 ut

2090 5353 2227 5423 idem
2268 5350 2499 5423 Basilius
2536 5354 2693 5423 epist.
2738 5371 2751 5408 I
2814 5372 2932 5410 can.
2979 5360 3045 5409 ad
3088 5350 3296 5423 ipsum,
3331 5350 3647 5423 impelleret.

2079 5419 2266 5486 Instat,
2299 5421 2516 5483 inquam
2545 5419 2712 5476 {Lex
2740 5425 2842 5478 ista
2874 5427 2937 5479 ad
2984 5419 3201 5478 Mariam
3245 5419 3505 5491 refertur;
3553 5428 3653 5481 fuit

2078 5507 2205 5559 ergo
2231 5502 2413 5563 aperta
2445 5492 2559 5563 ejus
2590 5493 2773 5563 vulva;
2805 5510 2908 5547 non
2947 5510 3072 5562 ergo
3103 5494 3259 5561 Virgo
3288 5496 3647 5563 virginitatem

2078 5562 2336 5631 Servavit.
2373 5562 2561 5631 Solvat
2593 5562 2704 5631 ipse
2736 5564 2827 5628 qui
2876 5574 2983 5615 tam
3027 5564 3233 5631 iiigeste
3264 5562 3597 5618 addubitavit
3631 5581 3646 5619 :

2076 5630 2220 5699 Πρὸς
2254 5631 2351 5699 μὲν
2375 5630 2474 5701 τὴν
2498 5628 2837 5700 παρθενικὴν
2864 5631 3045 5700 φύσιν,
3071 5628 3120 5685 κ.
3160 5651 3207 5687 τ.
3246 5634 3323 5699 ἐξ.
3358 5635 3511 5698 Quod
3533 5636 3649 5701 qui—

2075 5701 2223 5773 dem,
2258 5699 2463 5767 inquit,
2495 5709 2686 5773 spectat
2727 5699 2801 5773 ad
2841 5699 3080 5754 naturam
3116 5704 3431 5773 virginitatis
3457 5742 3472 5767 ,
3504 5699 3646 5755 nulla

2077 5768 2228 5820 modo
2257 5778 2373 5821 sunt
2410 5778 2600 5833 apertae
2624 5770 2867 5837 virginea:
2889 5783 3091 5841 portat:
3120 5775 3171 5830 id
3194 5768 3301 5840 cst,
3336 5790 3391 5825 te
3424 5774 3537 5842 ipsa
3557 5810 3575 5837 ,
3596 5782 3646 5823 et
