4118 6430
473 392 532 449 ιτ
1424 392 1482 447 S.
1524 388 1970 446 AMPHILOCHII
2011 388 2395 444 IGONIENSIS
2435 389 2738 447 EPISCOPI
3631 383 3703 439 68

477 498 661 581 loquor
690 514 755 564 de
784 512 956 581 primo
986 510 1131 564 edito
1184 510 1511 563 matrimonii
1564 507 1759 562 fructu.
1789 509 2033 574 Quonam

2138 507 2474 576 πρωτοϐόλου
2493 507 2729 578 καρποῦ.
2759 507 2918 561 Ποίου
2942 509 3125 563 τούτου
3144 523 3158 571 ;
3181 506 3376 575 ἤκουες
3391 503 3592 573 ἀρτίως
3604 501 3702 556 τοῦ

474 602 616 655 hoc?
648 603 804 654 modo
838 601 1033 654 audisti
1068 600 1446 667 evangelistam
1493 600 1754 651 dicentem
1785 614 1801 653 :
1843 596 1909 649 Et
1946 597 2032 665 fa-

473 704 609 744 ctum
640 702 712 743 est
736 700 1004 759 postquam
1030 688 1375 741 consummati
1405 698 1523 741 sunt
1552 688 1660 740 dies
1690 695 1823 751 octo,
1853 694 1909 739 ut
1932 688 2035 739 cir-

475 784 857 834 cumcideretur
881 795 1009 847 puer
1025 795 1044 831 :
1071 789 1119 831 et
1140 788 1375 833 vocatum
1391 788 1466 832 est
1489 795 1671 832 nomen
1697 778 1808 846 ejus
1831 777 1985 831 Iesus
2014 794 2031 831 :

472 871 609 940 quod
640 881 870 923 vocatum
905 878 981 921 est
1010 868 1073 920 ab
1107 868 1310 936 angelo,
1341 869 1638 936 priusquam
1660 868 2029 935 conciperetur.

476 962 541 1015 Et
577 973 842 1030 postquam
871 959 1064 1025 impleti
1109 968 1227 1011 sunt
1263 960 1371 1011 dies
1410 959 1756 1028 purgationis,
1801 959 2035 1012 adduxe-

474 1061 593 1103 runt
622 1064 734 1102 eum
761 1048 1101 1114 intemplum,
1127 1056 1175 1100 et
1212 1047 1555 1099 exhibuerant
1603 1046 1850 1110 Domino,
1892 1049 2031 1100 ~sicut

472 1140 717 1206 scriptum
749 1145 823 1189 est
848 1138 900 1189 in
924 1136 1031 1206 lege
1059 1136 1269 1189 Domini
1296 1152 1316 1190 :
1344 1135 1479 1201 Quia
1506 1152 1653 1190 omne
1685 1136 2032 1190 masculinum

474 1229 777 1297 adapericns
820 1228 1042 1292 vulvam,
1101 1241 1337 1282 sanctum
1390 1227 1611 1281 Domino
1663 1228 1932 1281 vocabitur
1960 1228 2027 1281 ι’.

475 1318 723 1372 Yidistin’
760 1313 1088 1372 matrimonii
1123 1316 1547 1371 benedictionem
1573 1354 1588 1379 ,
1632 1324 1687 1368 et
1726 1315 1777 1368 id
1808 1314 1947 1381 quod
1980 1317 2031 1368 in

474 1422 757 1462 commune
804 1408 1002 1460 dictum
1032 1416 1135 1468 est,
1191 1406 1244 1458 in
1299 1406 1524 1459 Domino
1566 1404 1679 1459 solo
1710 1418 1826 1457 esse
1861 1418 2034 1472 reper-

476 1498 620 1553 tum?
665 1498 718 1551 Id
760 1500 1042 1567 siquidem,
1108 1497 1273 1551 Omne
1329 1498 1669 1550 masculinum
1721 1497 2031 1565 atlaperiens

474 1589 695 1653 vulvam,
750 1599 987 1641 sanctum
1033 1587 1257 1641 Domino
1295 1588 1598 1641 vocabitur:
1630 1586 1799 1641 solum
1851 1586 2034 1638 Domi-

476 1695 624 1746 num,
673 1692 778 1732 non
836 1678 999 1730 ullum
1047 1678 1211 1730 alium
1274 1677 1458 1744 refert,
1497 1678 1704 1732 tametsi
1744 1677 2031 1729 universim

474 1770 670 1822 dictum
708 1769 795 1821 sit.
830 1766 1038 1820 Etenim
1072 1767 1123 1821 id
1148 1768 1324 1822 omnis
1355 1768 1504 1833 virgo
1537 1777 1725 1819 natura
1755 1768 1936 1831 habet,
1976 1774 2034 1818 ut

474 1858 706 1926 primum
734 1871 800 1910 ex
855 1855 953 1908 viri
985 1856 1371 1910 consuetudine
1401 1856 1674 1924 aperiatur
1706 1856 1880 1920 vulva,
1927 1856 2032 1908 sic-
2064 1835 2106 1888 Β

472 1962 578 2017 que
606 1946 796 2000 deinde
837 1946 1032 2013 pariat.
1081 1946 1152 1997 At
1185 1962 1288 1999 non
1325 1947 1397 1998 ita
1422 1947 1474 1999 in
1529 1945 1806 2000 Salvatore
1851 1956 2034 2000 nostro

474 2039 666 2096 accidit
698 2057 711 2091 :
744 2037 837 2092 sed
867 2038 1000 2105 ipse,
1042 2045 1222 2106 aperta
1259 2038 1375 2090 sine
1401 2037 1542 2089 coitu
1590 2036 1765 2099 vulva,
1806 2035 2033 2101 inexpli-

474 2130 633 2184 cabili
663 2128 868 2182 ratione
890 2128 1106 2196 prodiit.
1129 2127 1306 2194 Quare
1329 2128 1477 2193 illud,
1504 2126 1665 2182 Omne
1690 2128 2034 2181 masculinum

474 2222 779 2290 adaperiam
813 2219 1014 2273 vulvam
1043 2260 1058 2284 ,
1108 2228 1344 2272 sanctum
1401 2218 1619 2271 Domino
1650 2217 1937 2281 vocabitur,
1968 2219 2035 2270 ad

473 2313 645 2367 solum
664 2310 946 2364 Dominum
982 2310 1232 2365 refertur.
1267 2310 1516 2379 Nunquid
1545 2323 1675 2362 vero
1723 2307 1855 2362 Cain
1896 2323 2036 2362 san-

474 2412 614 2466 ctus,
648 2403 754 2456 vita
788 2401 1013 2471 profane
1060 2400 1285 2469 abrupta
1310 2399 1377 2465 “,
1412 2400 1555 2468 quod
1602 2407 1845 2451 materna
1878 2398 2035 2451 vulva

475 2505 597 2549 ante
622 2507 808 2548 omnes
861 2493 1110 2561 princeps
1161 2490 1460 2559 prodierit?
1514 2488 1765 2558 Nunquid
1817 2498 2037 2544 sanctus

476 2584 635 2647 Esau,
666 2582 836 2636 hostis
882 2580 967 2634 ille
1013 2590 1067 2635 et
1095 2580 1256 2650 gladii
1316 2581 1486 2634 haeres
1516 2578 1583 2639 ".
1618 2580 1868 2647 quoniam
1897 2588 1951 2633 et
1991 2579 2036 2633 is

475 2675 681 2743 primus
711 2689 776 2728 ex
806 2682 961 2727 utero
1005 2681 1250 2726 materno
1280 2671 1518 2725 excidit?
1558 2670 1808 2740 Nunquid
1846 2669 2035 2725 Ruben

474 2774 715 2827 sanctus,
768 2760 928 2817 cuhili
983 2771 1209 2830 paterno
1267 2760 1487 2825 violato,
1539 2758 2038 2829 maledictionisque

478 2860 765 2921 provocata
788 2850 1056 2904 sententia
1088 2848 1159 2914 “,
1191 2850 1447 2918 quoniam
1483 2857 1536 2901 ct
1570 2848 1682 2916 ipse
1711 2862 1777 2903 ex
1804 2847 2039 2902 fecundo

476 2941 585 2998 Lire
615 2951 767 2995 utero
794 2940 997 3009 primus
1044 2936 1250 2993 exivit?
1279 2936 1469 2991 Nullus
1498 2937 1722 2991 iatorum
1778 2947 2037 3000 satiatus;

476 3045 664 3086 attines
690 3031 833 3084 enim
861 3043 1051 3099 poenas
1078 3028 1361 3083 dederunt.
1395 3028 1473 3082 Ex
1500 3028 1695 3097 quibus
1717 3028 2038 3094 ostenditur,

480 3123 666 3187 referri
734 3120 799 3173 ad
848 3120 1019 3174 solum
1075 3118 1381 3180 Dominum,
1437 3118 1567 3186 legis
1619 3119 1809 3172 scitum
1863 3117 2038 3171 illud:

479 3210 645 3266 Omne
674 3210 1019 3264 masculinum
1046 3209 1349 3278 adaperiens
1396 3209 1618 3272 vulvam,
1654 3220 1888 3261 sanctum
1932 3207 2041 3261 Do-

478 3302 619 3353 mino
640 3297 1111 3367 vocabitur:juxta
1147 3298 1286 3367 quod
1336 3296 1547 3352 Gabriel
1576 3299 1713 3351 dixit
1759 3299 1825 3351 ad
1866 3297 2040 3367 Virgio

480 3404 642 3442 nem:
681 3387 909 3455 Spiritus
982 3397 1197 3442 sanctus
1250 3392 1568 3456 superveniet
1596 3389 1651 3442 in
1701 3400 1769 3451 te,
1799 3400 1844 3441 et
1883 3390 2043 3443 virtu:

482 3479 743 3534 Altissimi
779 3479 1102 3532 obumbrabit
1136 3479 1229 3531 tibi
1254 3491 1271 3529 :
1306 3477 1433 3531 Ideo
1462 3487 1510 3530 et
1536 3478 1672 3548 quod
1702 3490 1942 3532 nascetur
1977 3494 2041 3533 ea:

477 3580 527 3624 te
546 3581 804 3635 sanctum,
838 3568 1009 3623 Filius
1043 3570 1136 3623 Dei
1157 3570 1425 3623 vocabitur
1451 3568 1515 3621 ⁸⁷.

548 3837 635 3894 ιιι.
661 3836 821 3890 Planc
852 3850 977 3890 vero
1030 3833 1192 3889 fuerit
1226 3836 1316 3904 qui
1360 3834 1735 3887 cuntradicens
1762 3831 1909 3884 dicat
1942 3848 1955 3883 :
1985 3831 2044 3885 Si

481 3942 610 3997 ergo
633 3929 698 3980 ad
724 3925 1003 3979 Dominum
1026 3923 1255 3977 refertur
1272 3923 1411 3990 quod
1437 3920 1798 3988 scriptumest
1829 3934 1843 3970 :
1874 3915 2042 3972 Omne

2133 597 2511 665 εὐαγγελιστοῦ
2546 599 2822 665 λέγοντος·
2865 598 2974 651 Καὶ
3012 596 3245 665 ἐγένετο
3271 595 3370 648 ὅτε
3387 593 3688 662 ἐπλήσθηο

2132 703 2253 740 σαν
2276 692 2336 741 al
2373 690 2583 757 ἡμέραι
2627 689 2779 741 ὀκτὼ
2832 691 2937 741 τοῦ
2979 686 3308 755 περιτεμεῖν
3334 684 3402 738 τὸ
3441 683 3701 749 παιδίον,

2132 777 2229 830 καὶ
2276 777 2503 843 ἐκλήθη
2546 777 2614 830 τὸ
2657 778 2843 847 ὄνομα
2867 777 3053 831 αὑτοῦ
3094 774 3341 843 Ἰησοῦς,
3383 773 3450 825 τὸ
3479 771 3691 839 κληθὲν

2132 869 2250 922 ὑπὸ
2279 868 2386 922 τοῦ
2418 869 2697 937 ἀγγέλου,
2733 869 2846 936 πρὸ
2873 868 2980 921 τοῦ
3019 864 3451 934 συλληφθῆναι
3494 864 3700 916 αὐτόν.

2132 960 2240 1013 Kal
2278 959 2376 1013 ὅτε
2407 959 2811 1026 ἐπλήσθησαν
2844 963 2904 1013 αἱ
2936 958 3147 1028 ἡμέραι
3171 957 3278 1011 τοῦ
3312 953 3703 1023 καθαρισμοῦ,

2131 1050 2437 1119 ἀνήγαγον
2455 1053 2541 1116 είς
2567 1049 2631 1103 τὸ
2663 1050 2824 1117 ἱερὸν
2845 1050 3049 1114 αὐτὸν,
3072 1048 3172 1101 καὶ
3195 1046 3588 1114 παρέστησαν
3608 1045 3715 1096 αὑ-

2131 1138 2239 1191 τὸν
2266 1138 2346 1204 τῷ
2382 1140 2595 1205 Κυρίῳ,
2622 1138 2812 1204 καθώς
2842 1138 2976 1191 ἐστι
3009 1134 3415 1207 γεγραμμένον
3446 1133 3518 1186 ἐν
3546 1133 3708 1200 νόμῳ

2132 1230 2370 1296 Κυρίου.
2402 1228 2491 1281 ὅτι
2537 1228 2666 1282 Πᾶν
2704 1228 2893 1297 ἄρσεν
2920 1227 3223 1296 διανοῖγον
3249 1224 3503 1294 μήτραν,
3535 1222 3707 1291 ἅγιον

2132 1318 2211 1384 τῷ
2249 1319 2441 1386 Κυρίῳ
2484 1317 2871 1386 κληθήσεται.
2914 1312 3068 1381 Εἶδες
3100 1315 3193 1370 τοῦ
3225 1316 3403 1385 γάμου
3433 1313 3532 1384 τὴν
3556 1313 3706 1366 εὐλο-

2129 1411 2278 1478 γίαν,
2311 1410 2405 1461 καὶ
2430 1409 2488 1461 τὸ
2521 1409 2659 1462 κατὰ
2690 1410 2868 1462 κοινοῦ
2898 1408 3106 1478 λεχθὲν,
3133 1407 3226 1459 ἐπὶ
3246 1406 3339 1459 τοῦ
3368 1405 3572 1475 Κυρίου
3611 1404 3707 1474 μό-

2132 1518 2222 1554 νου
2248 1500 2466 1572 εύρεθέν
2489 1517 2503 1565 ;
2531 1502 2731 1570 Ὅπερ,
2758 1498 2889 1554 Πᾶν
2915 1499 3102 1567 ἄρσεν
3127 1496 3429 1565 διανοῖγον
3449 1496 3703 1565 μήτραν,

2132 1590 2300 1660 ἅγιον
2331 1590 2410 1655 τῷ
2442 1591 2633 1658 Κυρίῳ
2665 1590 3052 1658 κληθήσεται,
3084 1589 3164 1651 είς
3192 1586 3282 1640 τὸν
3308 1585 3509 1656 Κύριον
3541 1585 3701 1655 μόνον

2131 1682 2229 1751 τὴν
2262 1680 2538 1753 ἀναφορὰν
2570 1681 2856 1750 κέκτηται,
2897 1679 3017 1749 οὐχὶ
3047 1679 3142 1731 καὶ
3178 1678 3258 1740 εἰς
3301 1675 3457 1730 ἄλλον
3482 1675 3622 1738 τινὰ,
3656 1675 3703 1727 εἰ

2133 1772 2225 1825 καὶ
2256 1773 2337 1825 ὅτι
2362 1772 2455 1824 καὶ
2479 1770 2781 1834 καθολικῶς
2813 1771 3048 1841 εἴρηται.
3082 1769 3191 1823 Καὶ
3224 1768 3333 1839 γὰρ
3367 1769 3514 1820 πᾶσα
3545 1766 3706 1833 φύσις

2133 1860 2427 1933 παρθένου,
2456 1860 2670 1931 πρῶτον
2698 1863 2761 1912 ὲκ
2784 1860 3065 1922 συνουσίας
3088 1858 3276 1928 ἀνδρὸς
3304 1857 3626 1923 διανοίγεται
3670 1857 3704 1924 ὴ

2137 1954 2336 2023 μήτρα,
2367 1952 2462 2005 καὶ
2498 1948 2599 2005 εἶθ’
2638 1951 2809 2014 οὕτως
2849 1951 3043 2003 τίκτει.
3086 1950 3210 2002 Ἐπὶ
3242 1948 3299 2001 δὲ
3327 1947 3419 2000 τοῦ
3460 1947 3707 2016 Σωτῆρος

2133 2044 2290 2115 ἡμῶν
2316 2044 2413 2113 οὐχ
2447 2043 2638 2106 οὕτως·
2669 2043 2806 2095 ἀλλὰ
2834 2043 3001 2113 χωρὶς
3033 2040 3316 2103 συνουσίας
3335 2039 3494 2101 αὐτὸς
3515 2036 3707 2090 διανοί⁴

2133 2133 2230 2200 ξας
2260 2133 2357 2204 τὴν
2392 2134 2601 2203 μήτραν
2634 2135 2733 2201 τῆς
2762 2132 3052 2203 παρθένου,
3080 2129 3376 2201 ἀφράστως
3423 2129 3535 2195 (κιο)
3577 2142 3712 2197 προ-

2132 2220 2327 2291 ῆλθεν·
2367 2220 2508 2273 ὥστε
2539 2222 2621 2283 τὸ,
2677 2221 2807 2274 Πᾶν
2862 2221 3054 2288 ἄρσεν
3102 2218 3407 2288 διανοῖγον
3452 2216 3708 2284 μήτραν,

2133 2313 2305 2382 ἄτιον
2334 2312 2415 2377 τῷ
2442 2312 2638 2379 Κυρίῳ
2675 2310 3064 2381 κληθήσεται,
3103 2311 3182 2373 είς
3213 2309 3304 2361 τὸν
3331 2306 3534 2378 Κύριον
3575 2308 3708 2360 ἀνα-

2136 2403 2358 2474 φέρεται
2395 2401 2571 2473 μόνον.
2597 2401 2688 2471 Μὴ
2724 2397 2834 2472 ἆρα
2854 2401 2883 2454 6
2913 2402 3051 2454 Κάῖν
3080 2400 3253 2468 ἅγιος,
3285 2401 3313 2452 ὁ
3334 2400 3391 2452 ὲν
3422 2397 3711 2469 βεϐηλότη-

2135 2510 2187 2545 τι
2217 2492 2277 2545 τὸ
2307 2491 2406 2563 ζῇν
2442 2491 2759 2564 ἀπορρήξας
2801 2490 2936 2562 (21),
2974 2490 3192 2544 ἐπειδὰν
3226 2490 3333 2561 πρὸ
3371 2491 3586 2544 πάντων
3619 2482 3711 2541 οὗ-

2134 2601 2225 2647 τος
2256 2584 2356 2653 τῆς
2387 2584 2654 2655 μητρικῆς
2684 2584 2898 2654 μήτρας
2936 2581 3164 2652 ἔξαρχος
3190 2581 3447 2648 γέγονεν;
3477 2579 3569 2650 Μὴ
3601 2576 3711 2650 ἆρα

2135 2676 2165 2727 6
2200 2673 2368 2727 Ἡσαῦ
2393 2673 2567 2742 ἅγιος,
2594 2675 2624 2726 6
2651 2672 2907 2742 πολέμιος
2930 2674 3022 2725 καὶ
3049 2670 3319 2742 μαχαίρας
3352 2669 3707 2738 κληρονόμος,

2139 2761 2325 2832 ἐπειδὴ
2348 2763 2443 2815 καὶ
2462 2755 2616 2824 οὗτος
2638 2761 2738 2829 τῆς
2770 2759 3043 2831 μητρικῆς
3071 2759 3261 2829 νηδύος
3291 2756 3508 2828 πρῶτος
3529 2754 3711 2819 ἐξέπε-

2140 2867 2259 2915 σεν;
2280 2852 2371 2923 Μὴ
2394 2847 2504 2921 ἄρα
2530 2853 2559 2904 6
2599 2849 2841 2920 Ῥουὸὴμ
2869 2849 3044 2917 ἅγιος,
3070 2852 3098 2902 6
3120 2849 3217 2919 τὴν
3236 2848 3505 2919 πατρικὴν
3525 2847 3709 2917 κοίτην

2140 2939 2388 3010 ὑϐρίσας,
2434 2940 2530 2993 καὶ
2577 2940 2821 3010 κατάρας
2859 2941 3130 3009 ἀπόφασιν
3181 2938 3467 3003 ἀναζέσας,
3523 2938 3709 3008 ἐπειδὴ

2141 3030 2235 3083 καὶ
2266 3024 2428 3093 αὐτοὺς
2468 3031 2567 3101 τῆς
2613 3029 2908 3098 πολυγόνου
2959 3030 3164 3094 κοιλίας
3194 3031 3293 3101 τῆς
3328 3030 3462 3092 Δίας
3497 3028 3712 3098 πρῶτος

2146 3119 2400 3190 ὲξῆλθεν;
2435 3120 2623 3184 Οὐδεὶς
2650 3120 2853 3174 τούτων
2882 3121 3034 3189 ἆγιος
3053 3137 3067 3159 9
3104 3122 3302 3183 πάντες
3338 3120 3444 3191 γὰρ
3481 3114 3626 3173 οὗτοι
3655 3122 3713 3172 ὲν

2145 3209 2434 3279 ἐπιτιμίοις
2458 3210 2590 3281 (22).
2640 3211 2730 3276 Ἐξ
2759 3204 2833 3264 ὧν
2863 3211 3154 3275 δείκνυται,
3182 3212 3262 3265 ὅτι
3287 3214 3364 3275 εἰς
3389 3212 3477 3264 τὸν
3517 3211 3713 3282 Κύριον

2146 3296 2303 3365 μόνον
2330 3296 2428 3367 τὴν
2468 3299 2740 3368 ἀναφορὰν
2772 3298 2881 3369 ἔχει
2916 3300 2994 3364 τὸ,
3029 3300 3159 3355 Πᾶν
3192 3302 3384 3369 ἄρσεν
3412 3301 3715 3369 διανοῖγον

2136 3385 2392 3454 μήτραν,
2427 3386 2596 3456 ἅγιον
2643 3389 2723 3455 τῷ
2769 3392 2961 3458 Κυρίῳ
3005 3391 3393 3459 κληθήσεται,
3448 3391 3588 3444 κατὰ
3624 3391 3716 3445 τὸν

2149 3476 2188 3528 Γ
2192 3475 2389 3547 αόριὴλ
2421 3478 2512 3530 τὸν
2551 3480 2807 3549 εἰρηκότα
2848 3480 2982 3549 πρὸς
3003 3481 3102 3550 τὴν
3128 3481 3399 3552 Παρθένον
3418 3498 3432 3512 ’
3456 3482 3700 3551 Πνεῦμα

2147 3564 2322 3634 ἅγιον
2339 3567 2729 3621 ἐπελεύσεται
2756 3568 2855 3621 ἐπὶ
2888 3569 2982 3633 σὲ,
3013 3571 3111 3623 καὶ
3145 3569 3397 3639 δύναμις
3436 3572 3717 3639 Ὑψίστου

2145 3653 2483 3707 ἐπισκιάσει
2532 3672 2661 3709 σοι·
2714 3656 2807 3709 διὸ
2841 3656 2938 3710 καὶ
2970 3657 3037 3711 τὸ
3089 3658 3459 3729 γεννώμενον
3493 3661 3561 3713 ἐκ
3598 3658 3715 3714 σοῦ

2146 3741 2335 3811 ἅγιον,
2374 3744 2503 3809 Υἱὸς
2534 3745 2818 3813 Ὑψίστου
2844 3748 3230 3815 κληθήσεται.

2218 3833 2294 3887 Γ’.
2323 3834 2477 3887 Ἔστι
2508 3834 2564 3887 δὲ
2594 3838 2806 3902 πάντως
2832 3841 3005 3893 εἰπεῖν
3034 3857 3154 3894 τινα
3178 3840 3285 3893 τῶν
3308 3840 3714 3908 ἀντιλεγόντων,

2146 3921 2248 3987 ὅτι,
2274 3922 2335 3974 El
2355 3923 2531 3977 τοίνυν
2551 3925 2629 3989 εἰς
2650 3925 2740 3978 τὸν
2761 3926 2960 3997 Κύριον
2981 3927 3077 3997 τὴν
3089 3928 3362 4000 ἀναφορὰν
3374 3927 3483 3998 ἔχει
3499 3928 3577 3993 τὸ,
3594 3926 3720 3982 Πᾶν

562 4084 607 4117 ⁸³
638 4082 767 4138 Luc.
802 4099 859 4146 ιι,
903 4082 1098 4148 21-25;
1137 4080 1301 4134 Exod.
1338 4094 1459 4141 xm,
1488 4077 1539 4128 2.
1619 4075 1664 4106 ’⁸⁸
1695 4073 1828 4129 Gen.
1884 4092 1977 4145 tv,
2027 4080 2081 4135 8.
2167 4084 2212 4116 “
2240 4084 2375 4140 Gen.
2409 4102 2520 4150 xvr,
2560 4086 2647 4140 12.
2722 4088 2768 4119 ’⁵⁸
2807 4088 2943 4143 Gen.
2990 4105 3140 4155 unt,
3173 4089 3226 4143 4.
3304 4087 3347 4120 ⁴⁷
3377 4087 3508 4142 Luc.
3556 4104 3596 4155 ι,
3628 4089 3716 4144 '55.

482 4251 621 4316 quod
644 4247 936 4315 requiritur
956 4254 1013 4316 ut
1038 4242 1191 4316 salva
1213 4240 1324 4316 sint
1346 4238 1857 4316 virgineaclanstra,
1892 4238 2034 4316 nulla

483 4306 581 4372 fuit
613 4306 817 4385 apertin
842 4334 853 4367 :
891 4314 1037 4385 apo;
1059 4311 1116 4363 δὲ
1143 4311 1241 4379 τὴν
1270 4306 1496 4385 δύναμιν
1519 4307 1610 4385 τοῦ
1636 4306 1915 4385 τεχθέντος
1942 4311 2039 4361 Δε-

485 4377 698 4446 σπὸτου,
732 4385 880 4437 οὐδὲν
921 4377 1228 4435 ιὶέκλεισται
1272 4378 1350 4448 τῷ
1404 4377 1608 4447 Κυρίῳ.
1655 4379 1728 4448 ita
1782 4378 2034 4448 nimirum

2214 4242 2325 4311 (22)
2357 4242 2728 4316 Πάντεςίγὰρ
2767 4241 2932 4299 οὗτοι
2971 4246 3041 4298 ἐν
3077 4246 3411 4316 ἐπιτιμίοις.
3457 4248 3581 4303 Sola
3622 4249 3722 4302 im-

2144 4327 2327 4380 pressa
2364 4314 2448 4365 ltie
2476 4314 2683 4379 mutila,
2711 4318 3014 4368 necessaria
3049 4317 3148 4368 ista
3176 4314 3552 4371 continuandae
3594 4335 3720 4370 ora-

2144 4381 2273 4454 tioni
2308 4381 2646 4454 desiderant.
2697 4382 2965 4454 Dederunt
3009 4399 3197 4454 pinnas
3222 4399 3318 4439 ceu
3348 4389 3421 4440 rei
3448 4429 3463 4453 ,
3496 4404 3630 4454 quas
3663 4396 3718 4441 et

482 4459 649 4512 exivit
675 4445 872 4507 virtute
906 4453 993 4505 illa
1039 4465 1131 4503 sua
1164 4445 1364 4525 divina,
1390 4445 1640 4501 claustris
1682 4445 1930 4515 integris,
1973 4463 2036 4500 ac
2068 4458 2112 4511 ι)
2142 4451 2285 4525 ipsas
2307 4451 2786 4525 in_singulisdwlut
2809 4445 3134 4525 sultittdicat.
3180 4453 3235 4509 In
3262 4445 3601 4525 Caiino'ergn
3635 4458 3720 4523 τὸ,

484 4528 528 4581 si
573 4527 659 4578 illa
698 4532 933 4576 reserata
959 4528 1171 4583 essent,
1219 4520 1311 4587 qui
1348 4532 1508 4585 supra
1554 4527 1803 4587 naturam
1844 4529 2036 4587 natura

486 4597 671 4658 utitur,
706 4602 759 4646 et
790 4592 854 4643 ad
890 4600 1074 4643 nututtt
1106 4591 1203 4642 sibi
1230 4584 1677 4658 otnnia’suhjicit.
1710 4584 1886 4658 Exivit
1910 4600 2040 4653 ergo

485 4652 781 4718 Vulva'non
811 4669 990 4728 aperta
1012 4700 1026 4722 ,
1054 4672 1215 4725 quant
1256 4657 1355 4710 sibi
1387 4658 1499 4724 ipse
1543 4652 1608 4708 ad
1639 4652 2038 4728 it_n_ntaculatu’tn

486 4744 696 4801 partum
726 4724 954 4799 aperuit.
993 4724 1084 4801 Est
1108 4729 1219 4780 inec
1252 4729 1503 4801 qtltPsllO,
1535 4740 1628 4801 ceu
1671 4724 1794 4801 hinc
1822 4734 2042 4801 accepta

487 4792 673 4871 grandi
703 4792 1018 4866 fragmento,
1059 4798 1195 4871 inter
1220 4792 1544 4871 cull_e_ctanea
1571 4793 1808 4855 Maximi,
1844 4792 2040 4846 dubio-

491 4862 604 4925 rum
634 4872 687 4921 in
718 4862 1037 4935 scripturam
1063 4866 1270 4925 codicis
1300 4862 1530 4935 Thuani.

558 4938 669 5007 (20)
723 4934 1091 5009 'Agapciataig
1108 4936 1206 5009 Al._
1224 4934 1577 5009 itpOc’zptm;L~

556 4997 670 5079 (ᾖ)
739 4997 924 5079 ’ὀέξν
976 4997 1458 5079 βεϐηλότητι-’τὸ
1510 4998 1637 5079 ζῆν.
1676 4997 2039 5079 ἀπορρὴιζξας,

487 5068 688 5147 Nempe
716 5079 839 5147 vita
865 5068 1047 5147 fratris
1096 5068 1275 5147 quant
1308 5070 1707 5147 abrumpendo,
1749 5069 1815 5147 τὸ
1852 5068 1952 5147 ζῇν
1976 5078 2045 5147 ‘et

491 5137 652 5201 vitam
698 5146 939 5201 absolute
980 5137 1223 5212 abrupit;
1274 5144 1695 5212 pritn:t__t_norte,
1730 5137 2044 5212 fratricidio

492 5219 699 5271 invecta
727 5217 942 5269 mundo.
980 5208 1130 5266 Sicut
1163 5208 1306 5264 enim
1342 5212 1391 5263 itt
1419 5208 1539 5261 aliis
1564 5208 1835 5275 proprium
1863 5208 2059 5275 θυμω-ο

489 5302 593 5355 que
633 5288 834 5339 crimen
879 5282 1076 5344 refert,
1126 5280 1274 5355 cujus
1301 5279 1625 5355 _causa,_etsi
1661 5278 2044 5355 pnritnogenitus

493 5344 594 5409 non
619 5355 689 5409 sit
717 5370 839 5409 vere
864 5362 1102 5415 sanctus,
1132 5344 1202 5403 ita
1231 5351 1412 5403 debuit
1441 5346 1642 5400 referre
1669 5344 1822 5399 Caini
1846 5344 1867 5399 ξ
1903 5347 2044 5414 quod

490 5434 703 5479 constat
744 5439 861 5477 esse
897 5423 1187 5475 fraternam
1212 5420 1444 5480 ctedem,
1474 5430 1579 5484 non
1613 5416 1752 5484 quod
1795 5416 1864 5468 sit
1888 5428 2045 5470 natus

491 5492 546 5562 in
576 5502 795 5562 peccato
816 5491 1081 5560 originali,
1106 5504 1237 5562 _qu_o_
1261 5487 1389 5541 nihil
1415 5483 1643 5562 differta
1669 5484 2042 5538 sanctissimis.

492 5555 629 5615 {fin-le
656 5575 783 5630 ergo
813 5555 1028 5613 Silanus
1052 5577 1064 5611 :
1092 5555 1285 5630 enim
1310 5566 1453 5630 statu
1506 5555 1708 5630 impuro
1745 5562 1897 5621 atque
1924 5570 2045 5630 pro:

498 5632 619 5683 fano
643 5631 696 5683 in
721 5623 876 5682 vitam
895 5632 1148 5694 prorupit.
1174 5624 1506 5681 lietinuimus
1532 5626 1613 5690 τὸ,
1628 5623 1873 5694 ἔξαρχος,
1894 5625 2042 5690 quasi

492 5702 738 5769 princeps
766 5692 1239 5766 primogenitorutn
1271 5721 1279 5753 ;
1308 5710 1611 5767 quanquam
1652 5693 1742 5758 τὸ,
1779 5692 1836 5755 ἐξ
1874 5693 2044 5764 ἀρχῆς

491 5786 597 5824 non
625 5772 693 5823 sit
722 5770 1091 5836 incongruum.

2143 4518 2459 4594 ἀπορρήξας
2490 4520 2551 4572 τὸ
2585 4519 2727 4594 ζῇν,
2749 4523 2910 4575 etiam
2939 4521 3092 4576 Caini
3137 4526 3303 4593 ipsius
3329 4527 3490 4578 vitam
3517 4518 3724 4594 signili;

2144 4592 2573 4668 caverit,_quattl
2606 4591 2824 4668 profane
2852 4594 3063 4668 abrupit
3101 4591 3427 4668 :_enAmoduA
3454 4591 3720 4662 mortuus,

2143 4666 2250 4729 quo
2295 4660 2425 4712 vixit
2463 4677 2475 4711 :
2532 4659 2792 4729 Profugus
2841 4679 2872 4713 a
2918 4661 3055 4729 facie
3099 4662 3343 4727 Domini;
3390 4664 3589 4719 Genes.
3645 4659 3720 4719 tv;

2142 4726 2303 4780 Forte
2333 4729 2495 4799 etiam
2526 4726 2741 4784 occisus
2767 4739 2822 4783 et
2848 4726 2959 4799 ipse
2982 4749 3009 4783 a
3040 4731 3257 4792 Lantec.
3281 4733 3431 4799 juxta
3462 4734 3716 4786 Hebraeo-

2144 4798 2681 4870 runt__traditimte_tn,
2736 4810 2793 4852 ut
2832 4798 2903 4852 sit
2938 4800 3018 4852 vir
3051 4802 3167 4867 ille,
3205 4798 3365 4870 quem
3413 4804 3457 4855 is
3485 4804 3591 4865 ait,
3650 4801 3721 4856 Se

2142 4866 2391 4938 occidisse
2430 4869 2483 4920 in
2525 4867 2710 4921 vulnus
2750 4885 2902 4937 suum
2945 4883 2962 4921 :
3013 4866 3384 4925 Gettesfitem
3436 4887 3511 4934 tv,
3566 4871 3720 4938 cujus

2143 4936 2291 5008 necis
2322 4945 2515 5008 metus,
2553 4953 2660 4989 non
2690 4936 2796 4990 tam
2827 4939 2925 4991 fuit
2954 4939 3132 4991 divina
3165 4941 3489 5007 indulgentia
3525 4936 3720 5008 depre-

2143 5006 2288 5077 canti
2313 5005 2589 5077 abslet'sus
2610 5047 2626 5071 ,
2654 5022 2815 5075 quant
2842 5010 3137 5075 castigatus
3157 5049 3171 5070 ,
3210 5005 3419 5077 adjecta
3471 5005 3722 5063 inferenti

2143 5073 2374 5145 δι·αὲἰοιί
2399 5089 2576 5145 petua,
2603 5073 2763 5142 quam
2794 5077 2905 5145 ipse
2930 5093 2959 5128 a
2986 5073 3131 5130 {aede
3159 5073 3392 5130 fraterna
3427 5077 3721 5135 retulisset.

2143 5141 2199 5198 la
2225 5142 2387 5217 Esau,
2413 5141 2632 5217 crimini
2654 5141 2940 5217 respondet
2966 5160 3142 5213 poena,
3167 5145 3245 5214 τῷ
3274 5145 3546 5217 πολεμίῳ,
3579 5149 3720 5203 hosti

2142 5213 2383 5283 omnium
2410 5224 2462 5266 et
2489 5214 2770 5267 lacessenti
2798 5228 3007 5275 omnes.
3035 5213 3245 5283 gladius
3273 5213 3432 5283 quem
3462 5213 3510 5270 ei
3543 5219 3725 5272 hostes

2141 5296 2330 5334 omnes
2374 5282 2644 5346 inferant,
2688 5284 2838 5349 juxta
2887 5283 3013 5336 illud
3056 5300 3069 5336 :
3132 5282 3325 5337 Manus
3379 5286 3492 5353 ejus
3538 5298 3722 5340 contra

2143 5365 2316 5424 ornner
2335 5364 2384 5424 et
2403 5367 2589 5424 manus
2614 5353 3048 5424 omniumcontra
3066 5369 3205 5419 eum,
3228 5354 3426 5411 Genes.
3454 5372 3562 5421 xvr,
3580 5357 3722 5424 quod

2145 5421 2425 5493 dictum‘in
2451 5422 2762 5493 lsmaelem,
2778 5421 2977 5493 referre
3005 5424 3217 5477 videtur
3235 5421 3640 5493 Atuphilochitis
3672 5425 3724 5493 in

2146 5489 2318 5551 Esau,
2356 5489 2505 5556 lapsu
2541 5490 2836 5547 memoriae.
2872 5490 3007 5546 Male
3047 5508 3172 5546 vero
3197 5494 3297 5548 Sil.
3329 5489 3436 5547 {Et
3478 5494 3565 5546 ille
3605 5491 3725 5543 belli

2142 5570 2191 5633 et
2216 5557 2380 5627 gladii
2409 5560 2614 5633 literas:
2644 5574 2708 5633 ac
2732 5561 3051 5633 in_tnargiue
3081 5563 3153 5618 ῖσ,
3197 5563 3457 5633 πολέμου,
3508 5564 3724 5633 egregia

2144 5629 2301 5695 plane
2348 5630 2632 5681 correctio.
2678 5629 2752 5683 De
2787 5629 2970 5684 Ruben
3022 5633 3149 5685 nihil
3193 5629 3520 5693 addendum,
3562 5630 3725 5683 claris

2145 5700 2196 5748 itt
2228 5710 2312 5760 eo,
2342 5713 2407 5769 ex
2433 5696 2723 5769 Scriptura
2749 5737 2762 5761 ,
2790 5701 3017 5754 crimine
3047 5713 3101 5755 ct
3134 5718 3295 5769 pruna
3329 5717 3339 5750 :
3375 5700 3578 5754 olli-usa
3623 5714 3729 5769 pa-

2148 5776 2298 5819 terno
2326 5767 2483 5819 cubili
2516 5768 2735 5835 polluto,
2768 5781 2821 5823 et
2853 5767 3244 5825 maledictit‘me.
