4118 6440
361 488 429 543 60
1447 490 1706 546 ORATIO
1741 491 1806 546 IN
1848 493 2226 551 OCCURSUM
2267 495 2524 552 DOMINI:

3536 482 3613 539 ω

358 610 543 677 ἄρσεν
573 609 877 677 διανοῖγον
890 610 1151 679 μήτραν,
1181 611 1353 681 ἅγιον
1381 612 1461 677 τῷ
1497 616 1693 682 Κυρίῳ
1716 614 1920 683 κληθή

2039 616 2384 669 masculinum
2416 613 2725 680 udaperiem
2758 609 2981 671 vulvam,
3003 617 3238 660 sanctum
3278 606 3498 660 Domina
3523 622 3620 660 νει

356 717 541 762 σεται,
576 701 675 752 οὐκ
696 700 968 771 ἐμεινενὴ
1008 702 1296 771 παρθένος,
1330 704 1615 774 παρθένος.
1657 704 1930 775 Ἑφώνησε

354 791 458 860 γὰρ
496 793 529 859 ἡ
559 790 773 860 Γραφὴ,
804 791 925 844 Ὅτι
968 790 1091 846 πᾶν
1119 793 1306 861 ἄρσεν
1332 793 1636 863 διανοῖγον
1658 795 1894 864 μήτραν
1914 814 1929 828 ο

349 880 618 951 ὴνέῳκται
649 883 681 950 ἠ
711 881 1013 952 παρθενικὴ
1045 885 1246 953 μήτρα,
1292 887 1341 937 εἰ
1368 887 1448 949 εἰς
1475 886 1565 938 τὸν
1601 886 1806 955 Κύριον
1834 887 1932 957 τὴν

350 969 628 1040 ἀναφορὰν
673 969 964 1040 κέκτηταιο
997 972 1111 1024 ἀλλ’
1140 974 1305 1027 ἄκουε
1350 977 1582 1041 συνετῶς
1624 975 1764 1047 (25)'
1799 978 1933 1047 πρὸς

348 1060 444 1128 μὲν
478 1061 586 1131 τὴν
629 1061 966 1133 παρθενικὴν
992 1062 1174 1133 φύσιν,
1211 1065 1319 1118 οὐδ’
1354 1066 1489 1131 ὅλως
1516 1069 1572 1120 αἱ
1606 1068 1933 1138 παρθενικαὶ

344 1150 508 1203 πύλαι
538 1152 919 1223 ἠνεῴχθησαν,
945 1153 1196 1226 βουλήσει
1221 1156 1313 1210 τοῦ
1342 1158 1544 1228 ἀρτίως
1574 1160 1934 1230 κυοφορηθέν-

341 1256 448 1305 τος,
486 1243 636 1295 κατά
664 1243 726 1294 τὸ
760 1244 972 1310 φάσκον
993 1247 1121 1316 περὶ
1142 1246 1304 1299 αὑτοῦ
1336 1248 1498 1317 ῥητόν
1524 1266 1535 1278 ·
1561 1249 1723 1315 Αὕτη
1759 1251 1797 1316 ἡ
1822 1251 1933 1303 πύ-
1972 1278 1979 1285 ·

339 1331 414 1395 .lq
448 1328 559 1382 τοῦ
594 1331 839 1397 Κυρίου,
880 1333 979 1385 καὶ
1018 1336 1427 1389 εἰσελεύσεται
1465 1337 1566 1391 καὶ
1621 1337 1933 1401 ἐξελεύσε-

338 1433 452 1480 ται,
493 1420 605 1472 καὶ
631 1421 802 1474 ἔσται
827 1425 864 1490 ἡ
899 1425 1063 1492 πύλη
1090 1426 1510 1494 κεκλασμένη.
1549 1428 1636 1489 Ὠς
1668 1427 1803 1497 πρὸς
1830 1428 1931 1498 τὴν

339 1508 682 1581 παρθενικὴν
725 1513 904 1565 τοίνυν
950 1513 1130 1582 φύσιν,
1165 1516 1273 1569 οὐδ’
1310 1517 1449 1579 ὅλως
1488 1516 1840 1588 ἠνεῴχθησαν
1871 1519 1928 1571 αἱ

337 1599 672 1669 παρθενικαὶ
702 1602 865 1655 πύλαι
888 1620 901 1632 ’
933 1605 1010 1667 ὡς
1053 1606 1111 1659 δὲ
1156 1607 1292 1676 πρὸς
1321 1607 1418 1679 τὴν
1452 1607 1681 1678 δύναμιν
1717 1608 1812 1661 τοῦ
1840 1626 1927 1662 τε-

2037 705 2261 765 cabitur,
2304 704 2462 772 Virgo
2513 701 2875 769 virginitatem
2913 713 3016 751 non
3062 697 3316 751 servavit.
3349 695 3613 750 Clamavit

2033 796 2175 848 enim
2202 795 2479 861 Scriptura
2506 814 2517 845 :
2551 791 2718 846 Omne
2750 790 3099 843 masculinum
3140 788 3448 856 aduperiens
3489 788 3599 841 vul-

2032 900 2148 937 vam
2178 900 2197 937 .'
2239 883 2340 936 fuit
2382 884 2565 951 utique
2618 891 2809 949 aperta
2844 879 3080 948 Virginis
3136 877 3315 939 vulva,
3364 878 3406 930 si
3464 877 3514 929 id
3539 873 3606 925 ad

2034 992 2156 1030 eum
2190 977 2382 1030 referri
2433 976 2643 1030 habuit.
2676 974 2965 1028 Enimvero
3003 975 3223 1027 cordate
3259 972 3385 1025 audi
3434 980 3488 1024 et
3524 969 3611 1023 in-

2037 1069 2385 1137 telligenter:
2427 1067 2578 1133 Quod
2608 1066 2829 1135 quidem
2865 1064 3059 1118 attinet
3106 1065 3173 1117 ad
3214 1071 3462 1116 naturam
3494 1063 3608 1114 vir-

2035 1161 2271 1228 gineam,
2302 1159 2450 1213 nullo
2478 1159 2699 1213 omnino
2732 1157 2890 1211 modo
2917 1156 3166 1225 virginea:
3194 1164 3360 1222 porta:
3392 1153 3605 1206 fuerunt

2032 1259 2252 1321 apertae,
2281 1251 2489 1305 volente
2514 1264 2579 1303 eo
2607 1250 2700 1317 qui
2729 1263 2897 1315 nuper
2916 1257 3069 1301 utero
3091 1247 3420 1316 gestabatur,
3451 1242 3602 1310 juxta

2030 1342 2171 1396 illud
2195 1344 2259 1396 dc
2291 1343 2407 1409 ipso
2436 1341 2713 1395 oraculum
2754 1357 2766 1391 :
2799 1336 2930 1392 llwc
2961 1348 3114 1405 porta
3160 1335 3368 1388 Domini
3391 1349 3408 1387 :
3430 1344 3477 1387 et
3526 1335 3605 1386 in-

2031 1433 2298 1501 gredietur
2323 1439 2372 1484 et
2393 1431 2688 1500 egredietur
2710 1444 2729 1481 .'
2760 1439 2806 1481 et
2838 1438 2989 1497 portu
3020 1428 3112 1480 erit
3140 1427 3325 1478 clausa
3350 1424 3417 1477 ⁸⁸.
3450 1423 3603 1489 Quod

2034 1524 2221 1592 itaque
2253 1530 2465 1591 spectat
2488 1525 2554 1574 ad
2591 1533 2836 1574 naturam
2867 1520 3187 1589 virgineam,
3217 1517 3361 1571 nullo
3385 1532 3603 1586 prorsus

2028 1617 2191 1670 modo
2215 1624 2413 1683 apertae
2440 1623 2567 1666 sunt
2594 1613 2844 1681 virgineae
2872 1622 3036 1679 portae
3067 1627 3081 1664 :
3123 1612 3216 1666 sed
3238 1611 3380 1677 quod
3413 1610 3603 1663 attinet

334 1688 563 1756 χθέντος
591 1693 883 1759 Δεσπὸτου,
925 1695 1074 1749 οὐδὲν
1102 1697 1410 1752 κέκλεισται
1443 1698 1521 1768 τῷ
1550 1701 1760 1770 Κυρίῳ,
1791 1699 1920 1752 ἀλλὰ

2025 1712 2095 1762 ad
2120 1708 2412 1777 potentiam
2442 1704 2649 1759 Domini
2676 1704 2771 1772 qui
2811 1714 2893 1757 cst
2949 1714 3131 1768 natus,
3189 1703 3323 1755 nihil
3379 1702 3605 1754 Domino

334 1781 517 1837 πάντα
567 1784 859 1854 ὴνέῳκται.
907 1788 1073 1841 Οὐδὲν
1113 1788 1176 1841 τὸ
1209 1789 1614 1861 παρεμποδίζον
1639 1807 1653 1821 ·
1684 1790 1837 1842 οὐδὲν
1863 1789 1920 1841 τὸ

2023 1797 2265 1853 clausum
2289 1806 2394 1862 est,
2423 1796 2517 1851 sed
2563 1797 2741 1850 omnia
2800 1803 2925 1848 sunt
2958 1794 3029 1845 illi
3093 1804 3299 1859 aperta.
3349 1792 3602 1845 Nihil.cst

336 1876 728 1960 παρενοχλοῦν.
761 1879 947 1932 Πάντα
974 1879 1083 1948 γὰρ
1106 1879 1187 1947 τῷ
1215 1880 1406 1950 Κυρίῳ
1437 1881 1726 1949 ἧνέῳκται.
1763 1879 1920 1935 Ὅθεν

2026 1888 2169 1955 quod
2208 1888 2463 1955 impediat
2483 1904 2511 1951 ;.
2536 1876 2669 1941 nihil
2696 1887 2839 1954 quod
2870 1883 3070 1942 olIiciat
3096 1892 3150 1935 ct
3173 1884 3370 1936 obstet.
3411 1883 3601 1934 Omnia

332 1967 427 2017 καὶ
454 1969 517 2019 αἱ
545 1967 658 2037 ἄνω
687 1968 989 2038 ὑπέρταται
1016 1968 1277 2036 δυνάμεις
1303 1968 1441 2037 (⁸24),
1461 1972 1579 2032 ταῖς
1610 1970 1760 2021 κάτω
1785 1986 1920 2038 παρη

2034 1977 2262 2030 Domino
2283 1986 2410 2029 sunt
2437 1988 2644 2045 aperta.
2677 1976 2832 2032 Unde
2857 1978 3021 2031 etiam
3053 1989 3319 2044 suprema:
3347 1974 3399 2026 iu
3428 1973 3606 2026 excel-

328 2056 640 2123 εγγυῶσαι,
683 2058 991 2128 κεκράγασι
1045 2057 1334 2121 λέγοντες·
1376 2058 1582 2123 Ἄρατε
1622 2058 1844 2122 πύλας,
1878 2061 1920 2109 ot

2036 2066 2114 2119 sis
2137 2066 2388 2130 virtutes,
2421 2067 2610 2122 inieris
2642 2069 2933 2122 virtutibus
2964 2067 3232 2121 clamore-
3254 2066 3603 2134 praecipiunt,

326 2142 660 2212 ἄρχοντες,
706 2144 900 2213 ὑμῶν.
940 2145 1040 2197 καὶ
1086 2142 1402 2210 ἐπάρθητε,
1450 2145 1637 2199 πύλαι
1686 2145 1920 2227 αζώνιοι,

2035 2156 2312 2223 dicentes,
2349 2157 2536 2212 Tollite
2555 2168 2755 2226 portas,
2785 2160 3065 2228 principes,
3096 2168 3288 2213 vestras
3311 2175 3331 2213 :
3350 2168 3407 2210 et
3437 2157 3603 2211 eleva-

324 2241 425 2293 καὶ
449 2237 880 2309 εἰσελεύσεται
902 2236 935 2288 ὁ
951 2232 1256 2298 βασιλεὺς
1280 2230 1388 2299 τῆς
1405 2231 1607 2301 δόξης.
1633 2233 1920 2304 Θαυμαστῆ

2032 2247 2179 2314 mini,
2212 2258 2375 2316 porta
2411 2250 2700 2318 celeritates,
2728 2259 2777 2303 et
2811 2251 3045 2304 introibit
3086 2266 3179 2304 rea:
3208 2250 3391 2320 gloria:
3412 2250 3478 2303 δ’.
3512 2250 3606 2304 Est

318 2332 522 2384 τοίνυν
544 2333 579 2399 ὴ
607 2326 900 2397 παρθενία,
930 2327 965 2396 ἡ
992 2324 1159 2385 ὅντως
1185 2321 1389 2392 ἀληθὴς
1418 2322 1706 2392 παρθενία,
1739 2323 1925 2394 ἐπειδή

318 2424 455 2475 ἐστι.
525 2420 622 2475 καὶ
675 2421 733 2469 ὲν
794 2416 1054 2487 παρθενίᾳ
1106 2413 1356 2483 διαφορά.
1406 2415 1472 2466 Αἱ
1526 2414 1625 2483 μὲν
1662 2415 1926 2480 νυστάξα-

322 2522 427 2557 σαι
462 2503 607 2573 (25),
637 2504 694 2556 αἱ
720 2502 774 2554 δὲ
801 2502 1232 2572 γρηγορήσασαι.
1278 2499 1601 2570 θαυμαστὸς
1629 2503 1722 2554 καὶ
1763 2504 1793 2554 ὁ
1823 2503 1927 2570 γάρ

325 2613 469 2666 μσς,
527 2598 555 2648 ό
590 2595 815 2665 ἀληθὴς,
874 2595 967 2646 καὶ
1009 2594 1221 2663 τίμιος·
1268 2592 1452 2645 πολλοὶ
1488 2594 1597 2663 γὰρ
1628 2593 1920 2662 ἐφύλαξαν,

322 2687 427 2740 καὶ
459 2684 649 2738 πολλοὶ
678 2683 1106 2755 παρεσὰλευσαν.
1150 2682 1451 2753 Θαυμαστὴ
1492 2684 1549 2737 δὲ
1580 2684 1672 2736 καὶ
1702 2686 1734 2754 ἡ
1764 2702 1924 2756 χηρο-

323 2778 495 2847 σύνη.
523 2775 700 2831 Καλὸν
723 2776 830 2848 γὰρ
850 2775 959 2829 τῶν
987 2774 1157 2847 τριῶν
1182 2774 1476 2844 ταγμάτων
1506 2775 1922 2847 ἀπομπιημονεῦο

326 2887 449 2925 σαι.

399 3050 481 3102 Δ”.
518 3048 650 3115 Καὶ,
679 3048 754 3111 ὡς
781 3050 1062 3119 προεῖπον,
1090 3046 1375 3117 θαυμαστὴ
1399 3047 1493 3101 καὶ
1514 3048 1859 3119 ἡχηροσύνηι
1884 3051 1918 3120 ἠ

325 3140 505 3202 ὅντως
543 3138 850 3209 χηροσύνη·
884 3140 918 3209 ἡ
948 3137 1057 3192 τῶν
1095 3137 1375 3209 ἀμιάντων
1402 3138 1577 3192 ἄθλων
1611 3140 1801 3209 ἀγῶνα
1842 3159 1920 3194 νι-

328 3231 581 3300 κήσασα,
617 3231 649 3298 ἡ
682 3229 841 3297 τιμία
870 3229 964 3282 καὶ
990 3227 1205 3297 καθαρά
1236 3227 1330 3280 καὶ
1371 3228 1656 3300 ἀκίϐδηλος
1678 3246 1691 3259 ·
1725 3232 1759 3299 ἡ
1790 3231 1917 3284 ἄνευ

325 3318 422 3371 τοῦ
482 3319 621 3372 ίδίου
669 3316 921 3384 συζύγου,
955 3316 1126 3388 ῥύπου
1165 3318 1539 3387 ἀνεπίμικτος.
1584 3320 1687 3372 Οἴα
1726 3320 1917 3388 γέγονε

328 3410 424 3463 καὶ
449 3413 483 3481 ἡ
515 3409 722 3479 ἀρτίως
752 3411 883 3478 ἡμῖν
917 3410 1390 3478 παραγνωσθεῖσα,
1439 3410 1607 3461 ’Ἄννα
1642 3411 1677 3477 ὴ
1704 3411 1915 3480 προφῆ-

328 3517 434 3565 τις,
464 3502 501 3569 ἠ
532 3499 716 3561 καλῶς
737 3498 1049 3570 γηράσασα,
1092 3500 1185 3552 καὶ
1212 3498 1288 3560 ὡς
1326 3497 1487 3562 ἀετὸς
1523 3498 1921 3551 ἀνακαινισθεῖ-

334 3608 422 3645 σα.
453 3588 694 3654 Ἢκουες
720 3591 828 3663 γὰρ
861 3591 1061 3662 ἀρτίως
1087 3589 1182 3642 τοῦ
1210 3587 1599 3657 εὐαγγελιστοῦ
1627 3587 1814 3641 Λουκᾶ
1834 3586 1920 3639 λέ-

334 3697 548 3749 γοντος⁶
595 3682 707 3735 Καὶ
760 3678 840 3752 ἦν
893 3683 1074 3735 Ἅννα
1127 3679 1440 3749 προφῆτις,
1488 3680 1751 3750 θυγάτηρ
1803 3683 1921 3735 Φα-

337 3771 559 3838 νουὴλ,
589 3774 656 3825 ἐκ
704 3772 907 3841 φυλῆς
956 3772 1155 3839 Ἀσὴρ,
1204 3773 1356 3838 αὕτη
1409 3772 1810 3839 προϐεϐηκυῖα
1851 3772 1920 3825 ἐν

334 3863 587 3931 ἡμέραις
621 3865 889 3930 πολλαῖς,
927 3861 1165 3929 ζήσασα
1194 3863 1345 3933 μετά
1388 3864 1491 3917 τοῦ
1542 3863 1761 3931 ἀνδρὸς
1812 3863 1916 3932 ἔτη

333 3957 481 4010 ἑπτὰ
520 3956 643 4010 ἀπὸ
680 3955 786 4023 τῆς
826 3958 1150 4024 παρθενίας
1188 3954 1411 4023 αὐτῆς·
1447 3957 1544 4011 καὶ
1579 3959 1730 4023 αὕτη
1761 3957 1918 4025 χήρα

332 4049 410 4115 ὼς
444 4048 603 4103 ἐτῶν
636 4049 1008 4118 ὀγδοήκοντα
1030 4047 1342 4118 τεσσάρων
1366 4067 1379 4080 ·
1412 4049 1448 4116 ἢ
1480 4052 1590 4104 οὐκ
1624 4050 1917 4118 ἀφίστατο

332 4141 444 4195 ἀπὸ
469 4142 582 4195 τοῦ
606 4141 785 4209 ἱεροῦ,
807 4142 1117 4209 νηστείαις
1141 4141 1252 4211 (26)
1278 4142 1375 4193 καὶ
1397 4141 1644 4208 δεήσεσι
1670 4143 1915 4211 λατρεύ-

336 4248 483 4286 ουσα
536 4233 727 4286 νύκτα
780 4232 878 4285 καὶ
932 4232 1181 4301 ἡμέραν.
1229 4229 1380 4295 Εἶδες
1429 4234 1485 4284 ὲν
1528 4233 1656 4298 τίσι,
1697 4234 1790 4287 καὶ
1828 4235 1916 4288 οἵα

331 4327 363 4393 ἠ
393 4328 544 4398 χήρα
593 4327 762 4379 ’Δννα
812 4325 871 4377 ὲν
904 4328 1015 4388 τοῖς
1053 4324 1218 4388 θείοις
1260 4325 1613 4395 Εὑαγγελίοις
1652 4327 1913 4394 ἐγκεκαλ-

333 4415 635 4483 λώπισται;
670 4420 878 4480 Ὄντως
907 4417 1093 4482 Ἀννα,
1135 4419 1168 4487 ὴ
1207 4419 1375 4470 Ἀννα
1410 4417 1543 4487 (227)-
1586 4417 1916 4488 συνέδραμεν

332 4509 394 4576 τῇ
421 4507 536 4561 τῶν
561 4507 779 4576 τρόπων
805 4503 1020 4576 εὐδοξίᾳ
1050 4509 1083 4576 ἠ
1117 4504 1210 4558 τοῦ
1239 4507 1499 4577 ὀνόματος
1542 4506 1880 4577 προσηγορία
1899 4521 1912 4536 ⁶

2026 2352 2161 2408 ergo
2190 2341 2484 2411 virginitas
2514 2342 2868 2407 admirabilis,
2904 2358 3055 2407 vera,
3106 2343 3349 2411 inquam,
3379 2342 3602 2411 virgini-

2026 2436 2140 2492 tas;
2164 2431 2380 2497 quando
2408 2430 2572 2484 etiam
2605 2431 2998 2501 invirginitate
3018 2431 3308 2486 discrimen
3329 2441 3434 2486 est.
3466 2431 3598 2484 Alia:

2025 2519 2290 2589 siquidem
2317 2522 2554 2590 virgines
2582 2522 3030 2587 dormitaverunt,
3066 2523 3186 2577 alia:
3215 2520 3433 2576 fuerunt
3463 2521 3599 2590 vigi-

2026 2610 2126 2668 les.
2158 2610 2263 2666 Sed
2285 2623 2341 2667 et.
2370 2615 2775 2668 matrimonium
2805 2623 2890 2669 est
2915 2614 3255 2677 admirabile,
3282 2628 3491 2679 verum,
3522 2614 3597 2665 iu-

2023 2716 2206 2771 quam,
2243 2701 2372 2757 illud
2403 2712 2458 2756 et
2495 2702 2830 2757 honorabile.
2864 2702 3013 2755 Multi
3055 2702 3201 2756 enim
3227 2710 3599 2756 servaverunt.

2022 2790 2288 2860 multique
2351 2791 2775 2847 labefactarunt.
2842 2789 3195 2844 Admirabilis
3251 2788 3600 2842 nihilominus

2000 2879 2187 2949 etiam
2220 2880 2476 2937 viduitas.
2533 2881 2687 2937 Haud
2722 2882 2866 2935 enim
2932 2880 3165 2935 alienum
3227 2894 3258 2933 a
3320 2887 3488 2945 recto,
3544 2889 3602 2932 ut

2024 2971 2187 3025 trium
2227 2973 2477 3027 ordinum
2511 2973 2836 3030 mentionem
2865 2970 3149 3028 faciamus.

2091 3061 2182 3118 IV.
2218 3063 2418 3133 Atque,
2456 3072 2518 3116 ut
2546 3062 2701 3133 prius
2740 3062 3010 3126 dicebam,
3036 3060 3199 3115 etiam
3239 3059 3469 3113 viduitas
3503 3060 3601 3112 ad»

2025 3150 2289 3206 mirabilis
2314 3162 2419 3216 est,
2448 3167 2574 3207 vera
2602 3151 2691 3205 illa
2731 3151 2960 3205 viduitas
2991 3166 3005 3204 :
3045 3164 3164 3218 quae
3198 3148 3249 3202 in
3302 3149 3600 3202 certamine

2022 3240 2489 3296 immaculatorum
2531 3241 2878 3309 praemiorum
2910 3237 3120 3293 exstitit
3145 3237 3336 3293 victrix
3361 3237 3407 3270 ⁸⁰
3434 3254 3450 3303 ;
3477 3254 3599 3307 qua:

2023 3331 2354 3386 honorabilis
2389 3344 2443 3385 et
2467 3347 2600 3400 pura
2633 3342 2739 3398 est,
2770 3345 2869 3385 nec
2888 3329 3144 3384 ementita
3180 3343 3195 3381 :
3231 3344 3350 3398 qua:
3373 3338 3596 3397 excepta

2021 3421 2269 3491 coniugis
2331 3421 2766 3487 consuetudine,
2831 3420 3001 3489 turpis
3051 3419 3126 3474 rei
3189 3419 3596 3489 inquinamenta

2025 3508 2214 3559 nescit.
2242 3507 2387 3560 Talis
2413 3505 2532 3572 fuit,
2560 3522 2677 3576 quae
2707 3507 2860 3561 nobis
2882 3508 3060 3570 modo,
3093 3506 3342 3561 lectionis
3366 3507 3597 3569 decursu

2025 3594 2242 3650 inducta
2267 3606 2372 3660 est,
2410 3598 2563 3651 Anna
2591 3598 2953 3668 prophetissa,
2974 3598 3113 3652 bono
3139 3605 3388 3665 provecta
3422 3597 3597 3659 senio,

2025 3700 2089 3740 ac
2118 3694 2371 3752 tanquam
2403 3688 2581 3753 aquila
2609 3697 2864 3741 renovata
2887 3688 2955 3741 ⁸³.
2984 3689 3191 3743 Audisti
3216 3688 3359 3742 enim
3391 3701 3494 3739 non
3526 3686 3594 3739 ita

2021 3776 2229 3848 pridem
2251 3773 2452 3830 Lucam
2480 3774 2863 3842 evangelistam
2884 3778 3146 3830 dicentem
3176 3794 3188 3829 :
3218 3776 3287 3828 Et
3311 3783 3421 3827 erat
3445 3777 3595 3830 Anna

2018 3864 2367 3934 praphetissa,
2395 3863 2510 3932 ﬁlia
2548 3860 2812 3924 Phanuel,
2864 3863 2927 3915 de
2967 3862 3105 3916 tribu
3134 3863 3263 3917 Aser
3297 3879 3315 3917 :
3349 3863 3459 3918 lucc
3487 3881 3599 3931 pro-

2028 3966 2248 4010 cesserat
2292 3957 2345 4010 in
2397 3956 2575 4009 diebus
2608 3952 2807 4017 multis,
2843 3962 2891 4005 et
2934 3953 3128 4008 vixerat
3178 3972 3293 4008 cum
3348 3957 3456 4010 viro
3501 3973 3595 4010 suo

2019 4049 2172 4101 annis
2204 4057 2396 4117 septem
2435 4064 2467 4100 a
2496 4044 2793 4116 virginitate
2845 4061 2965 4099 sua.
3006 4044 3070 4098 Et
3106 4048 3216 4100 Ιιωο
3248 4050 3402 4101 vidua
3438 4064 3596 4112 usque

2020 4139 2089 4191 ad
2119 4156 2282 4192 annos
2312 4139 2575 4208 octoginta
2630 4148 3032 4207 quatuor:qaa:
3100 4154 3200 4190 non
3243 4139 3535 4191 discedebat
3563 4158 3592 4190 ιι

1996 4228 2234 4295 dempto,
2252 4227 2477 4297 jejuniis
2506 4236 2552 4281 et
2598 4226 3039 4280 obsecrationibus
3077 4226 3304 4281 serviens
3348 4236 3494 4279 nocte
3536 4246 3595 4279 ac

2019 4321 2103 4372 die
2129 4320 2197 4373 ".
2240 4319 2487 4373 Vidistin’
2528 4319 2762 4387 quibus,
2813 4329 2867 4373 ct
2901 4318 3077 4389 qualis
3123 4319 3391 4373 exsistens
3442 4319 3595 4371 Anna

2019 4412 2203 4474 vidua,
2229 4409 2283 4464 in
2317 4411 2490 4466 sacris
2521 4409 2830 4480 Evangeliis
2860 4410 3210 4467 houcsteturl
3241 4410 3417 4475 Anna,
3470 4424 3595 4463 vere

2021 4500 2198 4556 Anna.
2234 4499 2504 4571 Spectatis
2550 4501 2815 4567 moribus,
2844 4518 3025 4558 comes
3084 4503 3312 4558 accessit
3360 4502 3593 4555 nominis

335 4598 683 4653 ἁκουέτωσαν
710 4600 767 4650 αἱ
794 4599 1070 4665 γυναῖκες,
1099 4598 1189 4650 καὶ
1212 4596 1556 4667 ζηλούτωσαν
1581 4597 1681 4667 τὴν
1705 4596 1911 4663 ἔνδοξον

2023 4593 2324 4662 appellatio.
2350 4593 2586 4647 Audiaut
2613 4593 2888 4661 mulieres,
2916 4604 2969 4647 et
2985 4595 3183 4649 claram
3210 4594 3353 4647 illam
3382 4592 3591 4644 Annam

340 4688 559 4751 ΙἌνναν,
588 4689 683 4741 καὶ
729 4686 821 4740 τὸν
849 4688 1034 4757 ὅμοιον
1061 4688 1259 4759 δρόμον
1285 4688 1646 4757 τρεχέτωσαν,
1694 4688 1779 4741 ἵνα
1805 4688 1912 4742 τῶν

339 4777 453 4834 ῐσων
474 4779 766 4848 στεφάνων
791 4778 1158 4832 ἀπολαύσωσι.
1189 4778 1393 4849 Μηδεὶς
1418 4779 1755 4832 ἀποστασίαν
1779 4797 1913 4850 προ-

338 4871 651 4941 φασίσηται,
686 4870 773 4922 ἵνα
799 4869 875 4940 μὴ
903 4869 1002 4940 τὴν
1023 4869 1244 4937 ἁγνείαν
1275 4870 1372 4939 τῆς
1407 4868 1743 4940 μονογαμίας
1771 4870 1910 4923 ἀπο-

342 4962 599 5035 σείσηται.

2022 4687 2361 4749 temulentur,
2396 4700 2688 4755 paremque
2742 4685 3033 4739 conﬁciant
3067 4700 3307 4746 cursum,
3350 4691 3407 4735 ut
3436 4699 3591 4751 pares

2018 4792 2231 4846 quoque
2257 4792 2486 4832 coronas
2513 4788 2932 4847 consequantur.
2979 4777 3058 4831 Ne
3099 4792 3202 4844 qua
3242 4791 3301 4829 se
3341 4784 3593 4830 causetur

2018 4870 2328 4924 destitutam
2360 4881 2612 4938 patrono,
2642 4880 2790 4924 utne
2814 4870 2957 4925 unici
2998 4869 3327 4925 matrimonii
3373 4870 3591 4925 castita-

2018 4972 2122 5016 tem
2149 4972 2203 5019 et
2230 4963 2642 5020 sanctimoniam
2671 4963 2930 5018 excutiat.

406 5159 448 5191 ⁸⁸
474 5160 680 5216 Ezech.
710 5173 857 5226 xuv,
879 5160 935 5213 2.
1012 5158 1056 5191 “
1084 5158 1223 5213 Psal.
1262 5174 1416 5224 mn,
1439 5160 1492 5225 7,
1538 5160 1591 5215 9.
1679 5161 1724 5193 ⁸ο
1752 5160 1879 5229 Sap.
1915 5175 1920 5213 ι

2023 5158 2067 5213 ὶ.
2144 5158 2352 5215 “Psal.
2379 5175 2477 5226 cu,
2513 5160 2567 5215 5.
2639 5161 2685 5192 "
2715 5159 2845 5215 Luc.
2890 5175 2951 5223 ιι,
2990 5158 3078 5224 56,
3103 5158 3192 5213 57.

406 5312 514 5384 (25)
558 5312 853 5379 Συνετῶς.
885 5312 1144 5384 [inpressa
1186 5313 1443 5384 συνεχῶς.

407 5316 490 5381 (25
558 5316 853 5379 Συνετῶς.
885 5316 1144 5379 [inpressa
1186 5316 1443 5384 συνεχῶς.

407 5316 514 5457 (Ἡέ
566 5385 920 5458 ’,Υπέρτατιιι
949 5380 1253 5458 δυνάμεις.
1281 5386 1475 5454 Aptius
1503 5383 1641 5458 forte
1663 5384 1908 5458 Δὑπέρτερ-

349 5466 448 5519 pst,
476 5454 536 5508 ut
575 5455 778 5509 habent
810 5454 897 5506 alii
924 5454 1180 5524 codices;
1220 5465 1277 5506 ut
1309 5465 1512 5507 tantum
1539 5454 1909 5524 signiﬁcentur

349 5524 500 5592 angeli
550 5524 859 5592 superiores
902 5521 1262 5585 dannonibus,
1314 5534 1370 5576 et
1408 5521 1627 5577 Christo
1658 5526 1904 5579 comites.

358 5587 676 5665 ’Υξιέρτεραι
697 5592 905 5645 τούτων
932 5592 1212 5662 δυνάμεις,
1240 5594 1322 5645 sin
1352 5604 1557 5647 natura:
1577 5594 1902 5661 conditione,

353 5668 398 5710 at
422 5667 560 5732 dono
588 5666 795 5732 gratiae.

413 5730 515 5805 (‘25)
553 5729 771 5805 Ai‘péfr
793 5729 1198 5805 νυστὰξασαι.
1236 5730 1397 5795 Dicit,
1433 5748 1537 5805 non
1585 5734 1768 5805 verba,
1810 5733 1902 5788 sed

352 5803 551 5856 sensum
583 5803 855 5872 paraboln:
875 5819 889 5857 :
908 5817 1032 5856 vere
1054 5803 1194 5855 cnim
1213 5842 1227 5866 ,
1261 5816 1470 5867 sapere,
1491 5803 1708 5872 vigilare
1723 5816 1826 5868 est,
1851 5813 1904 5856 ct

352 5874 605 5935 Quomodo
655 5872 914 5927 Dominus
967 5874 1021 5929 in
1079 5872 1350 5940 parabolis
1407 5872 1523 5927 aliis
1573 5874 1899 5942 vigilandum

2009 5318 2282 5387 pratcipit,
2316 5325 2375 5369 ut
2407 5325 2463 5370 et
2497 5315 2768 5385 desipere,
2806 5316 3122 5387 dormitare.

2077 5386 2191 5458 (‘26)
2230 5387 2575 5458 Νηστείαις,
2620 5403 2673 5439 κ.
2713 5403 2763 5439 τ.
2806 5386 3016 5458 ἐξα-ΑΙ.
3056 5386 3272 5458 ᾕτις-ὲν
3309 5394 3584 5457 νηστείαις

2009 5457 2102 5529 κα).
2134 5454 2352 5529 δεήσεσι
2387 5457 2716 5529 Αὲλᾴιτρευσεν
2752 5458 2810 5509 ἐν
2846 5456 2923 5526 τῷ
2961 5454 3109 5524 ἱερῷ.
3157 5456 3274 5511 Mox
3319 5454 3443 5513 vero
3488 5476 3584 5529 pro

2008 5526 2226 5599 εὐδοξία
2247 5527 2315 5579 al.
2347 5526 2549 5599 εὐεξίᾳ.

2085 5595 2208 5666 (27)·
2237 5599 2416 5649 Ἅννα
2449 5595 2636 5661 ὅντως
2672 5598 2871 5649 Ἅννα.
2928 5595 3019 5651 Sic
3052 5597 3371 5666 simpliciter
3402 5601 3584 5655 reddi.-

2013 5682 2164 5733 mus;
2197 5682 2304 5720 non
2338 5668 2603 5736 explicata
2651 5680 2782 5719 voce
2809 5668 2987 5736 Anna,
3019 5678 3078 5722 ut
3128 5685 3226 5725 nec
3267 5680 3459 5724 auctor
3488 5687 3581 5723 ex-

2013 5736 2231 5804 plicavit
2264 5753 2277 5787 :
2308 5744 2365 5787 ut
2394 5734 2538 5787 «Enim
2590 5736 2764 5801 nobis,
2803 5734 3014 5805 Gratia,
3053 5740 3124 5793 ita
3155 5740 3230 5793 illi
3270 5741 3457 5795 fuisset
3487 5757 3582 5789 ωλ-

2014 5808 2279 5884 pouenda,
2332 5806 2510 5885 χαρις.
2571 5806 2743 5861 Aliter
2796 5809 3057 5879 impressa
3092 5810 3450 5879 distinguunt,
3486 5810 3579 5864 sed

2011 5891 2204 5931 mmort
2244 5888 2434 5945 gratia.
