4118 6418
479 484 535 540 5|
1427 493 1484 547 S.
1527 493 1967 549 AMPHILOCHII
2015 494 2421 577 lCONlENSlS.
2441 496 2744 553 EPiSCOPI

3650 508 3724 564 5?.

558 602 620 655 Ὗ.
645 601 740 655 Est
760 602 938 667 Anna,
961 618 1160 658 corona
1191 608 1473 662 mulierum
1507 612 1810 674 viduarum,
1852 612 2033 666 condi-

2211 612 2285 665 E'.
2306 612 2572 682 Στέφανος
2595 614 2703 666 τῶν
2736 615 2919 684 χηρῶν
2959 616 2990 683 ἠ
3027 615 3215 674 Ἅννα,
3256 616 3390 686 γυνὴ
3418 616 3479 669 τὸ
3511 621 3714 692 σχῆμα,

475 699 620 752 tione
651 705 705 751 et
743 711 872 752 sexu
906 697 1117 762 mulier,
1148 700 1339 755 ordine
1366 704 1730 771 prephetissa,
1775 705 1826 757 in
1861 704 2036 759 vidui-

474 798 585 843 tate
607 790 823 857 degens,
866 788 921 842 in
953 803 1119 858 regno
1156 803 1343 859 agens,
1408 806 1632 861 corpore
1682 793 1933 864 languido
1979 804 2035 849 et

472 878 833 944 ﬂaccesceuti,
861 879 1080 935 robusto
1109 881 1312 947 animo,
1343 883 1496 950 cujus
1528 883 1717 938 faciem
1742 900 1888 953 rugae
1914 901 2037 939 con-

475 971 770 1037 traherent,
797 972 1076 1039 prudentia
1109 974 1443 1038 extenderet,
1463 983 1741 1030 senectute
1787 975 2031 1042 incurva,

474 1070 616 1115 recta
644 1062 895 1115 incedens
932 1061 1176 1127 scientia,
1199 1064 1353 1133 longa
1396 1066 1705 1120 annositate
1752 1074 1991 1120 veterata
2014 1105 2030 1129 ,

470 1152 691 1206 scientia
724 1149 817 1206 Dei
849 1152 1054 1223 vigens,
1084 1151 1356 1223 jejunans,
1380 1170 1486 1208 non
1536 1171 1595 1211 se
1640 1157 1760 1211 cibo
1787 1158 2030 1227 ingurgi-

473 1251 625 1295 tans:
660 1255 849 1307 orans,
889 1257 995 1297 non
1022 1254 1199 1297 mente
1239 1259 1414 1311 vaga;
1448 1244 1498 1297 in
1556 1246 1753 1314 templo
1793 1261 2027 1309 vacans,

472 1345 573 1383 non
604 1346 700 1399 per
747 1332 1226 1390 alienasoberrans
1265 1335 1488 1402 domos;
1521 1337 1745 1405 psalmis
1796 1338 2024 1402 intenta,

471 1437 577 1476 non
615 1423 808 1494 nugis:
848 1426 1201 1494 prophetans,
1230 1441 1335 1480 non
1370 1425 1578 1482 fabulas
1624 1426 1896 1496 loquens-z
1943 1429 2030 1481 di-

469 1514 592 1567 vina
617 1515 911 1582 meditans,
947 1530 1057 1570 non
1085 1515 1364 1570 inhonesta
1417 1532 1737 1585 procurans.
1796 1519 2033 1587 Supera-

468 1605 547 1659 vit
598 1606 792 1669 Anna,
851 1621 1014 1675 quam
1081 1606 1369 1673 Apostolus
1435 1607 1644 1660 beatam
1702 1609 2083 1673 deprasdicar

468 1695 705 1747 viduam.
759 1693 931 1759 Quam
987 1693 1176 1746 illam?
1222 1694 1359 1749 Audi
1424 1695 1649 1748 Paulum
1723 1698 2029 1752 dicentem:

476 1784 644 1839 Vidua
667 1785 913 1855 eligatur,
936 1802 1039 1838 non
1069 1785 1338 1854 pauciores
1368 1803 1533 1840 annos
1567 1790 1840 1856 sexaginta
1869 1800 2030 1849 nata;

461 1875 509 1927 si
535 1875 672 1942 ﬁlios
693 1876 932 1928 educavit
953 1891 973 1939 ,°
995 1875 1364 1928 sisanctorum
1395 1877 1547 1945 pedes
1578 1878 1743 1939 lavit;
1776 1879 1823 1931 si
1855 1879 2028 1947 egenis

2140 701 2409 770 προφῆτις
2436 702 2498 754 τὸ
2534 703 2718 772 τάγμα
2740 720 2752 732 ·
2784 704 2842 754 ὲν
2861 702 3134 773 χηροσύνῃ
3159 703 3442 771 διάγουσα,
3482 709 3540 760 ὲν
3567 708 3719 777 βασι-

2138 791 2258 863 λείᾳ
2306 792 2738 864 διαστρεφομένη
2759 808 2772 822 ⁸
2806 793 3186 863 κεχαλασμένη
3218 793 3280 846 τὸ
3320 794 3500 865 σῶμα,
3537 815 3705 853 νενευ-

2139 882 2356 953 ρωμένη
2402 882 2500 953 τὴν
2542 882 2721 954 ψυχήν
2741 901 2753 912 ·
2785 883 3198 955 ὲρῤυπιδωμένη
3230 884 3331 955 τὴν
3366 885 3714 955 ὄψινιδιατε-

2135 970 2341 1042 ταμένη
2383 971 2479 1042 τὴν
2504 972 2765 1042 φρόνησιν
2788 989 2803 1003 ·
2837 970 2917 1042 τῷ
2957 973 3105 1044 γήρᾳ
3143 974 3257 1045 (28)
3303 979 3714 1044 συγκύπτουσα,

2135 1060 2501 1130 όρθοϐατοῦσα
2526 1066 2592 1134 τῇ
2621 1062 2819 1131 γνώσει
2837 1078 2852 1093 ·
2882 1066 2949 1134 τῇ
2975 1064 3233 1136 πολυετίᾳ
3257 1067 3711 1144 πεπαλαιωμένη,

2136 1150 2421 1220 σφριγῶσα
2461 1155 2528 1222 τῇ
2563 1153 2894 1223 θεογνωσίᾳ·
2935 1154 3293 1222 νηστεύουσα,
3323 1157 3418 1208 καὶ
3464 1157 3539 1227 μὴ
3579 1158 3710 1229 ἁδη-

2135 1238 2408 1307 φαγοῦσα·
2454 1240 2715 1311 δεομένη,
2771 1241 2869 1294 καὶ
2930 1242 3005 1313 μὴ
3058 1244 3402 1316 ῥεμϐομένη·
3450 1247 3529 1317 τῷ
3582 1250 3713 1320 ἱερῷ

2135 1330 2486 1400 σχολάζουσα,
2515 1332 2607 1385 καὶ
2626 1328 2938 1403 ἀλλοτρίους
2966 1333 3151 1396 οἴκους
3186 1335 3261 1406 μὴ
3294 1339 3706 1408 περιτρέχουσα·

2129 1419 2427 1489 ψάλλουσα,
2460 1421 2650 1492 καὶμὴ
2681 1422 3014 1494 φλυαροῦσα’
3038 1425 3477 1494 προφητεύουσα,
3508 1430 3601 1480 καὶ
3633 1430 3707 1500 μὴ

2135 1510 2507 1580 μυθολογοῦσα
2526 1529 2540 1543 ο
2599 1514 2719 1565 θεῖα
2769 1514 3068 1583 μελετῶσα,
3116 1516 3210 1569 καὶ
3260 1515 3328 1569 τὰ
3375 1517 3586 1588 ἄσεμνα
3632 1521 3707 1591 μὴ

2132 1600 2501 1671 προξενοῦσαο
2553 1602 2891 1674 ὑπερέϐαλεν
2934 1606 2968 1674 ή
3015 1605 3184 1659 Ἀννα
3249 1608 3349 1679 τὴν
3404 1608 3557 1679 παρὰ
3611 1610 3706 1663 τοῦ

2144 1691 2467 1744 Ἀποστόλου
2516 1693 2955 1765 μακαριζομένην
2995 1697 3198 1767 χήραν⁸
3251 1698 3410 1751 ποίαν
3461 1700 3704 1770 ταύτην;

2135 1781 2334 1834 Ἀκουε
2383 1781 2595 1836 Παύλου
2646 1784 2893 1852 λέγοντος
2915 1801 2933 1817 ·
2978 1785 3142 1853 Χήρα
3178 1788 3593 1856 καταλεγέσθω
3618 1789 3704 1859 μὴ

2131 1872 2386 1926 ἔλαττον
2414 1872 2564 1925 ἑτῶν
2597 1873 2892 1939 ἐξήκοντα
2927 1875 3226 1944 γεγονυῖα,
3266 1878 3320 1930 si
3366 1877 3705 1947 ἐτεκνοτρό-

460 1968 907 2030 subministravit;
939 1968 984 2020 si
1012 1982 1162 2021 omne
1187 1984 1316 2033 Opus
1338 1968 1525 2021 bonum
1560 1980 1819 2025 assectata
1872 1971 2026 2024 est”.

2136 1980 2329 2032 φησεν
2348 1980 2361 1994 '
2388 1966 2442 2017 ei
2471 1964 2654 2033 ἁγίων
2676 1963 2868 2029 πόδας
2891 1963 3105 2033 ἔνιψεν
3122 1982 3137 1996 ’
3167 1968 3219 2018 ει
3246 1965 3554 2035 δεομένοις
3595 1969 3704 2036 (29)

459 2056 750 2124 Superayit
776 2056 911 2121 haec,
934 2070 1101 2125 quam
1136 2057 1428 2124 Apostolus
1453 2057 1665 2110 beatam
1690 2059 2028 2126 pmdicavit,

462 2155 519 2199 et
554 2145 858 2199 annositate
892 2156 950 2199 et
979 2146 1105 2199 vim
1130 2144 1417 2202 institutis.
1457 2146 1589 2212 Qua:
1623 2147 1767 2201 enim
1797 2149 2030 2218 prepbe-

465 2240 596 2292 tiam
632 2247 922 2292 consecuta
948 2245 1128 2303 est,et
1156 2236 1394 2305 Spiritus
1423 2239 1597 2293 sancti
1629 2245 2030 2309 receptaculum

458 2329 584 2393 fuit,
612 2327 973 2394 omnibusque
1002 2325 1204 2381 Christi
1233 2328 1287 2380 in
1315 2341 1483 2381 carne
1516 2327 1807 2382 adventum
1835 2344 2031 2397 exspe-

461 2419 758 2487 ctantibus,
796 2419 949 2488 signa
974 2418 1239 2474 adventus
1262 2418 1541 2484 indicavit,
1575 2420 1669 2487 qui
1705 2435 1810 2473 non
1845 2421 2034 2475 viduas

461 2523 656 2565 omnes
687 2511 1074 2579 superaverit?
1110 2513 1178 2566 de
1213 2513 1603 2581 qua'nimirum
1629 2513 1828 2567 dixerit
1860 2528 2030 2566 evan-

461 2601 675 2668 gelista,
704 2612 762 2657 ut
787 2601 947 2656 modo
976 2603 1208 2658 audisti:
1233 2604 1301 2657 Et
1333 2609 1466 2671 Ιιατ,
1492 2605 1692 2673 inquit,
1751 2605 1864 2672 ipsa
1902 2605 2033 2659 hora

466 2694 852 2764 superveniens,
887 2694 1113 2749 uicissim
1133 2694 1476 2763 conﬁtebatur
1503 2694 1751 2758 Domino,
1777 2706 1825 2748 et
1855 2695 2035 2764 loque-

473 2790 631 2842 batur
683 2790 923 2844 omnibus
973 2792 1062 2860 qui
1116 2791 1487 2859 exspectabant
1530 2793 1927 2858 redemptionem
1978 2793 2032 2847 in

468 2880 795 2934 Hierusalem
837 2879 905 2935 ⁸⁷⁵.
948 2881 1386 2936 ἮσΙίείίηἋιηιω
1413 2882 1869 2950 magniﬁcentiora
1888 2883 1912 2935 ?
1932 2883 2034 2937 Do-

468 2973 613 3026 nui-.m
642 2980 927 3042 patronam
955 2972 1169 3042 agebat,
1212 2988 1397 3028 coram
1452 2983 1724 3041 praesente
1780 2989 1868 3028 res
1914 2973 2033 3042 ejus

471 3064 719 3133 loquens.
754 3063 801 3119 Ο
831 3079 919 3118 res
957 3079 1125 3119 novas
1156 3071 1212 3119 et
1236 3065 1545 3120 inauditas!
1584 3064 1754 3120 Vidua
1790 3076 1948 3132 erat;
1979 3075 2035 3121 at

465 3155 773 3210 sacerdotes
805 3163 863 3209 et
910 3154 1118 3210 scribas
1165 3155 1480 3220 mordebat,
1549 3157 1912 3226 mordensque
1977 3166 2032 3211 et

2131 2053 2468 2122 ἐπήρκεσεν
2489 2072 2500 2085 ·
2530 2058 2583 2108 εὶ
2606 2056 2781 2109 παντὶ
2809 2058 2959 2125 ἐργγρ
2977 2055 3174 2125 ἀγαθῷ
3189 2057 3700 2126 ἐπηκολούθησεν.

2144 2142 2504 2217 ’Υπερέϐαλεν
2535 2145 2675 2216 αὕτη
2707 2146 2805 2218 τὴν
2844 2147 2950 2200 ὑπὸ
2978 2146 3073 2200 τοῦ
3109 2147 3435 2201 Ἀποστόλου
3471 2166 3707 2220 μακαρι-

2134 2237 2376 2301 σθεῖσαν,
2416 2238 2513 2290 καί⁵
2556 2240 2670 2300 τοῖς
2708 2236 2873 2301 ἔτεσι,
2912 2236 3007 2289 καὶ
3038 2239 3152 2299 τοῖς
3183 2236 3590 2306 πολιτεύμασιν.
3643 2239 3708 2291 Ἦ

2084 2400 2093 2407 κ
2132 2325 2241 2395 γὰρ
2265 2327 2600 2398 προφητείας
2627 2326 2939 2392 ἀξιωθεῖσα,
2969 2326 3064 2379 καὶ
3101 2325 3418 2396 Πνεύματος
3448 2326 3601 2394 ἁγίου
3623 2326 3707 2378 δον

2132 2418 2278 2485 χεϊον
2315 2414 2622 2484 ὑπάρξασα,
2667 2415 2764 2467 καὶ
2804 2415 2939 2467 πᾶσι
2968 2417 3081 2477 τοῖς
3113 2415 3564 2485 προσδεχομένοις
3607 2414 3708 2479 τὴν

2130 2506 2224 2558 τοῦ
2269 2506 2475 2575 Κυρίου
2527 2505 2790 2574 ἔνσαρκον
2843 2504 3164 2574 παρουσίαν,
3198 2503 3268 2556 τὰ
3310 2504 3554 2574 σύμϐολα
3607 2503 3707 2571 τῆς

2133 2597 2439 2668 παρουσίας
2462 2596 2767 2667 μηνύσασα,
2803 2595 2919 2658 πῶς
2950 2595 3054 2664 οὐχ
3077 2594 3469 2664 ύπερηκόντισε
3490 2595 3668 2656 πάσας
3690 2611 3705 2658 ;

2082 2726 2087 2729 ι
2132 2686 2226 2742 τοῦ
2268 2685 2655 2755 εὐαγγελιστοῦ
2682 2686 2811 2756 περὶ
2848 2684 3019 2753 αὐτῆς
3050 2685 3353 2753 εἰρηκότος,
3389 2683 3572 2747 καθὼς
3608 2684 3709 2756 ἀρ-

2133 2778 2263 2840 τίως
2299 2778 2522 2848 ἤκουε-ις’
2574 2776 2683 2829 Καὶ
2730 2774 2904 2840 αὕτη,
2936 2774 3120 2843 φησὶν,
3147 2775 3186 2841 ἡ
3215 2775 3426 2835 Ἅννα,
3454 2773 3609 2841 αὐτῇ
3634 2772 3707 2841 τῇ

2083 2881 2087 2884 '
2131 2868 2255 2936 ὥρᾳ
2301 2865 2619 2929 ἐπιστᾶσα,
2673 2862 3142 2930 ἀνθωμολογεῖτο
3197 2862 3278 2928 τῷ
3332 2864 3548 2931 Κιιρίῳ,
3602 2864 3708 2922 διαὶ

2133 2935 2339 3009 ἐλάλει
2384 2952 2533 3007 πᾶσι
2568 2951 2692 3016 τοῖς
2738 2935 3244 3019 προσδεχομένοις
3293 2953 3599 3019 λύτρωσιν
3641 2952 3712 3006 ἐν

2145 3042 2563 3111 Ἰερουσαλήμ.
2599 3036 2749 3104 Εἶδες
2785 3040 2885 3110 τῆς
2926 3040 3122 3111 Ἀννης
3148 3041 3245 3112 τὴν
3282 3041 3708 3110 μεγαλειότητα;

2146 3133 2318 3205 ’Υπὲρ
2360 3131 2454 3187 τοῦ
2514 3133 2714 3204 Κυρίου
2765 3133 3072 3203 συνηγόρει,
3110 3133 3202 3185 ἐπὶ
3240 3131 3406 3185 αὐτοῦ
3443 3132 3511 3185 τὰ
3542 3132 3711 3211 αὑτοῦ

466 3245 770 3311 oﬂendens,
806 3245 1060 3314 populum
1083 3246 1397 3301 universum
1424 3248 1756 3314 oblectabat,
1797 3241 2029 3302 futuram

2136 3223 2471 3280 κατενώπιον
2491 3222 2749 3276 λαλοῦσα.
2775 3217 2846 3274 Ὦ
2869 3222 2977 3275 τῶν
3005 3222 3322 3294 παραδόξων
3338 3222 3707 3292 πραγμάτωνί

467 3335 679 3389 Domini
703 3337 934 3391 adventu
964 3337 1351 3409 Hierosolymis
1375 3340 1803 3408 redemptionem
1825 3358 2033 3395 annun-

2137 3317 2315 3388 Χήρα,
2347 3315 2480 3370 ἀλλὰ
2506 3317 2646 3380 ποὺς
2680 3318 2844 3387 ἱερεῖς
2875 3317 2971 3369 καὶ
3006 3317 3352 3386 γραμματεῖς
3399 3314 3708 3397 ὲδρίμυττε,

469 3427 650 3492 tians;
698 3430 763 3483 ad
800 3426 919 3484 'eos
980 3430 1201 3500 loquens
1265 3432 1354 3500 qui
1422 3432 1649 3488 aderant
1709 3444 1765 3489 et
1812 3433 2023 3490 Domini

470 3518 719 3589 symbola
753 3520 1084 3589 significans.
1125 3520 1355 3578 Videbat
1383 3525 1534 3579 Anna
1566 3526 1824 3580 infantem
1856 3527 2032 3582 Domi-

478 3624 641 3676 num;
671 3610 1025 3679 videbatqute
1048 3628 1144 3680 pro
1168 3613 1284 3682 ipso
1299 3621 1352 3666 et
1381 3630 1503 3669 cum
1524 3614 1639 3685 ipso
1664 3615 2032 3673 offerebantur

469 3716 716 3763 munera,
743 3709 798 3756 et
826 3702 1135 3770 expiatoria'.
1174 3705 1381 3770 hostiae,
1412 3721 1511 3761 nec
1535 3708 1711 3761 aetatis
1752 3711 2021 3775 parvitate

468 3789 665 3846 offensa
714 3800 817 3847 est.
880 3791 1048 3847 Deum
1108 3794 1256 3852 Anna
1316 3796 1563 3853 confessa
1623 3807 1707 3852 est
1749 3798 2032 3864 infantem,

472 3883 739 3937 medicum
767 3895 823 3940 et
866 3886 1260 3957 redemptorem
1288 3889 1551 3956 validum,
1578 3900 2036 3959 peccatorumque

470 3975 968 4035 exterminatorem.
1077 3970 1082 3975 ’

540 4215 629 4271 Vl.
654 4217 731 4272 Ne
782 4220 1012 4287 vageris,
1056 4220 1404 4285 charissime,
1458 4221 1777 4291 simpliciter
1812 4233 2039 4292 prteter-

472 4309 588 4362 iens
644 4310 814 4362 Anna:
852 4312 1034 4362 verba.
1075 4308 1339 4364 Omnibus
1379 4311 1472 4378 qui
1506 4312 1755 4376 aderant,
1794 4313 2038 4367 insinua-

476 4400 564 4452 bat
603 4398 935 4453 Dominieam
970 4399 1246 4464 virtutem,
1268 4400 1319 4453 in
1345 4401 1460 4455 base
1488 4402 1649 4456 verba
1682 4414 2039 4473 congregatos

474 4488 789 4556 alloquens:
831 4488 1061 4542 lluncne
1112 4493 1304 4545 videtis
1356 4492 1639 4560 parvulum
1668 4532 1685 4557 ,
1728 4497 2036 4549 trahentem

2136 3410 2230 3462 καὶ
2261 3409 2646 3481 δριμύττουσα,
2678 3408 2856 3462 πάντα
2900 3408 2991 3477 τὸν
3031 3406 3158 3459 λαὸν
3198 3403 3567 3474 ἐψυχαγώγει,
3610 3421 3712 3474 μη.-

2134 3501 2337 3556 νύουσα
2368 3501 2469 3572 τὴν
2497 3501 2795 3571 μέλλουσαν
2828 3497 3047 3551 ἔσεσθαι
3074 3497 3342 3567 λύτρωσιν
3362 3498 3419 3548 ὲν
3447 3498 3713 3567 Ἰερουσα-

2136 3598 2269 3669 λὴμ,
2301 3599 2371 3666 τῇ
2411 3593 2506 3647 τοῦ
2546 3593 2753 3662 Κυρίου
2797 3590 3124 3660 ἐπιστασίᾳ·
3156 3589 3391 3656 λέγουσα
3425 3588 3562 3660 πρὸς
3587 3590 3712 3650 τοὺς

2138 3687 2427 3759 παρόντας,
2477 3684 2570 3737 καὶ
2616 3682 2687 3735 τὰ
2732 3680 2977 3751 σύμϐολα
3021 3680 3117 3734 τοῦ
3155 3679 3360 3750 Κυρίου
3409 3678 3711 3750 μηνύουσα,

2139 3779 2346 3849 Βρέφος
2369 3774 2514 3846 ἐώρα
2539 3774 2572 3845 ἡ
2600 3775 2766 3826 Ἀννα
2786 3772 2877 3825 τὸν
2900 3771 3102 3842 Κύριον
3124 3783 3136 3795 '
3161 3770 3309 3844 δῶρα
3330 3772 3425 3824 καὶ
3442 3770 3713 3840 καθάρσια

2139 3870 2278 3943 ὑπὲρ
2319 3866 2485 3922 αὐτοῦ
2525 3867 2618 3920 καὶ
2671 3865 2787 3935 μετ’
2832 3863 2997 3919 αὐτοῦ
3044 3861 3484 3933 προσφερόμενα,
3514 3862 3609 3914 ναὶ
3649 3861 3711 3914 οὐ

2140 3957 2444 4032 προσέκοψε
2468 3959 2532 4027 τῇ
2552 3955 2869 4024 ὲλαχόστητι
2892 3953 2992 4022 τῆς
3017 3951 3260 4023 ἡλικίαςο
3279 3951 3410 4002 Θεὸν
3434 3949 3714 4018 ὡμολόγηο

2140 4068 2202 4107 σε
2231 4050 2291 4102 τὸ
2314 4047 2510 4120 βρέφος
2542 4048 2575 4118 ή
2612 4047 2801 4109 Ἀννα,
2834 4044 3017 4116 ἰατρὸν
3045 4043 3139 4096 καὶ
3165 4039 3442 4112 λυτρωτὴν
3473 4038 3713 4112 ἰσχυρὸν,
3765 4071 3772 4079 ι
3826 4041 3835 4049 '

2144 4143 2235 4209 καὶ
2259 4138 2545 4211 ἁμαρτιῶν
2574 4136 2890 4207 ἀναιρέτην.
2916 4153 2919 4156 ν

2213 4236 2306 4301 ς’.
2337 4232 2429 4302 Μὴ
2461 4228 2647 4293 ἁπλῶς
2689 4226 3077 4297 παραδράμῃς,
3103 4223 3372 4294 ἀγαπητὲ,
3390 4223 3489 4290 τῆς
3517 4222 3715 4292 Ἀννης

2140 4324 2211 4378 τὰ
2239 4325 2476 4395 ῥήματα.
2512 4321 2655 4373 Πᾶσι
2691 4320 2803 4380 τοῖς
2842 4314 3076 4385 παροῦσι
3095 4312 3371 4384 μηνύουσα
3395 4307 3463 4382 ἦν
3506 4311 3605 4382 τὴν
3622 4309 3715 4365 τοῦ

2142 4415 2346 4485 Κυρίου
2375 4410 2677 4482 ἐνέργειαν,
2710 4406 2946 4476 λέγουσα
2983 4404 3120 4477 πρὸς
3163 4404 3290 4467 τοὺς
3322 4399 3712 4472 συνηθροισμέ-

2143 4516 2289 4567 νους⁹
2335 4503 2446 4572 Ούχ
2472 4502 2635 4571 ὁρᾶτε
2668 4498 2829 4552 τοῦτο
2859 4497 2922 4549 τὸ
2946 4496 3178 4561 παιδίον,
3221 4494 3284 4547 τὸ
3317 4494 3488 4565 μάζον
3522 4493 3711 4557 ’ἐλκονς

475 4581 803 4636 mammam?
868 4582 1118 4650 papillam
1197 4574 1305 4637 ceu
1384 4585 1554 4639 fenori
1636 4587 2033 4654 accipientem?

2141 4593 2205 4647 τὸ
2232 4592 2396 4663 θηλὺν
2434 4588 2845 4660 δανειζόμενον;
2879 4587 2940 4640 τὸ
2973 4585 3242 4658 μητρῴοις
3276 4585 3496 4648 κόλποις
3546 4601 3714 4656 προσ-

475 4676 907 4742 acquiescentem
963 4675 1016 4727 in
1070 4675 1190 4728 sinu
1263 4677 1549 4731 materno?
1608 4686 1806 4732 terram
1856 4678 2033 4733 adhuc

2143 4682 2582 4751 αναπαυόμενον;
2616 4681 2677 4732 τὸ
2714 4679 2842 4733 ποσὶ
2867 4678 2966 4748 τὴν
2997 4679 3100 4749 γῆν
3135 4677 3272 4741 τέως
3308 4678 3610 4748 βηματίσαι
3639 4677 3713 4747 μὴ

478 4762 705 4829 pedibus
729 4763 909 4818 metiri
937 4780 1040 4817 non
1072 4764 1377 4819 valentem?
1412 4775 1603 4821 octavo
1650 4768 2035 4822 circumcisum

477 4854 565 4907 die
597 4869 627 4906 a
659 4855 975 4910 nativitate?
1006 4855 1246 4920 Huncne,
1299 4858 1544 4924 inquam,
1581 4860 1775 4913 videtis
1835 4876 2033 4928 parvu-

479 4946 623 4999 lum?
643 4945 741 5001 Hic
770 4949 962 5001 szccula
988 4949 1233 5005 fundavit
1251 4952 1330 5006 ’5:
1359 4951 1462 5006 Hic
1479 4953 1646 5007 cmlos
1675 4954 1944 5007 testudina
1957 4955 2038 5007 rio

478 5053 639 5106 opere
665 5036 921 5093 inﬂexit:
947 5040 1045 5095 llic
1096 5051 1309 5097 terram.
1344 5043 1589 5096 dilatavit
1611 5053 1666 5096 et
1694 5045 2035 5098 extendit“:

480 5128 575 5183 Hic
621 5145 769 5185 mare
840 5147 1004 5186 arena
1059 5133 1584 5188 circumVailavit":
1630 5133 1892 5188 Parvulus
1938 5136 2040 5189 iste

483 5233 670 5278 ventos
725 5223 931 5293 profert
962 5226 1028 5278 de
1072 5206 1339 5280 thesauris
1378 5229 1490 5281 suis
1527 5225 1601 5280 ⁸⁸ι
1646 5225 1741 5280 llic
1783 5228 2035 5295 parvulus

2147 4760 2602 4843 καταδεχόμενον;
2632 4771 2692 4823 τὸ
2719 4771 3057 4841 ὀκταήμερον
3089 4769 3544 4839 περιτεμνόμενον
3565 4784 3579 4830 ;
3603 4767 3715 4835 Ούχ

2145 4868 2340 4937 opime;
2395 4866 2437 4916 Τ
2439 4866 2468 4917 ὸ
2520 4864 2728 4917 παιδίον
2787 4861 2946 4914 τοῦτο
2995 4860 3120 4923 τοὺς
3174 4859 3377 4922 αἰῶνας
3426 4859 3710 4928 ἐθεμελίω·

2150 4975 2209 5010 σε
2242 4959 2374 5027 (50)-
2418 4955 2575 5009 τοῦτο
2608 4956 2731 5018 τοὺς
2768 4954 3032 5025 οὐρανοὺς
3067 4952 3389 5023 ἐκαμάρωσε
3413 4952 3524 5022 (51)
3545 4970 3558 4982 ·
3596 4952 3717 5005 τοῦ·

2144 5068 2207 5103 το
2242 5050 2340 5120 τὴν
2368 5049 2468 5119 γῆν
2505 5048 2766 5101 ὲπλάτυνε
2787 5065 2800 5077 ·
2824 5045 2981 5099 τοῦτο
3008 5044 3105 5113 τὴν
3131 5043 3402 5096 Θάλασσαν
3429 5043 3715 5115 ἐχαράκω-

2148 5156 2207 5192 σε
2236 5140 2464 5209 ψάμμῳ.
2494 5138 2663 5190 Τοῦτο
2686 5137 2745 5190 τὺ
2768 5135 2976 5190 παιδίον
2996 5133 3243 5186 ἐκϐάλλει
3274 5132 3507 5202 ἀνέμους
3536 5136 3601 5188 ἑκ
3622 5133 3717 5202 θη-

2149 5229 2361 5302 σαυρῶν
2401 5228 2563 5282 αὐτοῦ
2584 5245 2598 5258 ο
2643 5226 2800 5279 τοῦτο
2844 5225 2905 5277 τὸ
2935 5222 3143 5276 παιδίον
3187 5222 3280 5277 ἐπὶ
3307 5221 3403 5276 τοῦ
3437 5223 3559 5277 Νῶε
3591 5223 3715 5285 τοὺς

548 5410 639 5464 ⁸³1
679 5410 874 5479 Tim.v,
896 5414 949 5476 9,
984 5413 1069 5470 10.
1147 5413 1193 5444 ⁸*
1214 5427 1344 5468 νῆα.
1381 5429 1440 5476 ιι,
1467 5411 1553 5465 38.
1630 5412 1675 5444 ⁵⁸
1714 5412 1841 5466 "eli.
1874 5428 1911 5476 1,
1933 5413 1990 5468 ‘2.

2142 5412 2242 5465 Isa.
2276 5409 2467 5467 xuii.
2544 5408 2588 5438 ⁸⁷
2623 5405 2731 5460 ιτ.
2757 5420 2811 5469 v,
2831 5402 2922 5455 22.
2998 5402 3046 5435 ⁸⁸
3073 5401 3214 5456 Psal.
3238 5417 3455 5468 cxxxrv,
3480 5409 3535 5463 8.

552 5519 663 5591 (28)
699 5520 782 5603 Τῷ
811 5523 983 5590 γήρᾳ.
1013 5523 1097 5575 ΑΙ.
1124 5522 1196 5574 Τὸ
1220 5523 1414 5593 γῆρας.
1436 5523 1555 5576 Mox
1583 5538 1729 5587 vero,
1753 5522 1822 5576 al.
1853 5521 2045 5594 γνώμῃ

481 5603 580 5659 pro
611 5605 831 5656 γνωσει.

697 5659 1028 5732 Δεομένοις.
1063 5661 1212 5729 Apud
1256 5662 1475 5715 Paulum
1510 5663 1869 5732 ϐλιϐομὲνοις.

552 5730 665 5802 (30)
704 5731 1109 5802 Ἐθεμελίωσε.
1125 5734 1205 5786 Al.
1242 5734 1478 5802 ἐποίησε.

553 5800 667 5868 (51)
714 5800 1114 5868 Ἐκαμάρωσε.
1171 5803 1316 5857 Fecit
1368 5800 1415 5855 in
1472 5804 1687 5855 modum
1730 5802 1946 5853 fornicis
1992 5809 2045 5853 et

489 5882 758 5936 arcuatos,
787 5873 926 5940 quod
964 5875 1161 5927 nostris
1194 5884 1378 5941 parent
1420 5876 1589 5926 omnis
1638 5872 1922 5926 terminato
1950 5887 2049 5923 tm-

2149 5524 2311 5590 dique
2345 5520 2486 5581 visn,
2522 5508 2947 5590 ae’relnminoso
2981 5530 3043 5568 ac
3065 5514 3234 5590 _v_elnt
3261 5514 3512 5590 paulatim
3542 5508 3714 5564 subsi»

2150 5583 2331 5653 dente,
2360 5605 2425 5643 ex
2448 5588 2733 5660 distantia.
2759 5585 2996 5660 Sil‘anus.
3056 5583 3158 5660 llic
3187 5585 3326 5660 (telis
3360 5595 3618 5660 cantarunt
3655 5593 3717 5632 ac

2152 5662 2461 5713 testudinem
2488 5658 2853 5717 snperinduxit
2882 5672 2901 5707 :
2932 5666 3015 5707 est
3052 5655 3241 5730 saltem
3267 5653 3550 5730 obscurius
3579 5665 3592 5730 :
3624 5664 3715 5730 ερ-

2154 5739 2284 5782 nant
2311 5729 2453 5799 enim
2490 5728 2577 5779 ilia
2629 5728 2813 5799 verba,
2852 5739 2973 5799 non-
2997 5724 3163 5777 coelos
3199 5723 3342 5799 ipsos
3388 5719 3439 5769 in
3491 5719 3712 5799 testudi-

2155 5815 2275 5850 nem
2314 5797 2605 5857 forlttalm;
2647 5797 2740 5847 sed
2786 5788 3058 5848 inductam
3098 5788 3258 5860 super
3308 5790 3450 5858 ipsos
3495 5788 3719 5842 alterius

2153 5868 2393 5935 corporis
2427 5867 2773 5920 testudinem.
