4118 6482
446 456 515 508 55
1330 470 1333 479 ’
1412 455 1468 509 S.
1510 455 1957 512 AMPHILOCHII
1998 458 2385 515 lCONlENSIS
2422 453 2730 513 EPISCOPI
3612 453 3684 517 εδ

446 582 466 623 ι
504 571 687 625 imouii
718 572 802 626 lex
836 572 993 626 insita
1036 582 1137 627 est.
1173 573 1322 639 Quod
1375 575 1418 628 si
1463 574 1645 643 junior
1695 578 1853 631 vidua
1911 579 2018 633 ﬁlio

2128 581 2175 634 δὲ
2204 581 2278 652 μὴ
2310 580 2569 655 πρόσεστι
2598 579 2663 648 τῇ
2693 575 2789 646 νέᾳ
2823 575 2969 644 χήρᾳ
2993 571 3201 638 τέκνον,
3231 572 3376 636 εἰκὸς
3400 573 3572 646 αὐτὴν
3597 576 3691 632 ἐπὶ

442 672 648 728 careat,
685 678 895 731 aequum
946 664 1127 729 fuerit,
1163 675 1220 718 ut
1252 666 1566 720 stimulante
1600 669 1771 737 prolis
1801 670 2012 725 deside-

444 753 524 804 rio
555 754 621 805 ad
655 755 920 808 secundas
955 755 1168 822 nuptias
1199 756 1484 824 prosiliat;
1541 773 1661 812 nam
1715 771 1768 813 et
1814 760 2014 817 Paulus

447 845 549 897 hoc
580 846 876 899 admonens
919 847 1182 901 dicebat:
1233 845 1357 899 Volo
1410 848 1642 909 iuniores
1682 850 1865 905 viduas
1916 869 2018 905 nu-

444 936 559 988 bere
588 936 635 966 "
661 955 675 990 :
714 945 933 1004 tumque
961 937 1247 992 ostendens
1276 938 1404 1006 quid
1432 940 1651 993 secundi
1678 942 2012 996 matrimonii

443 1026 682 1079 accessio
717 1027 979 1090 conferat,
1037 1026 1278 1093 adjunxit
1327 1029 1561 1082 dicens:
1609 1028 1735 1083 Volo
1774 1032 2013 1100 juniores

443 1117 630 1169 riduas
671 1119 879 1177 nubere,
927 1118 1067 1185 ﬁlios
1094 1134 1388 1185 procreare,
1433 1120 1859 1188 matresfamilias
1884 1139 2011 1176 esse.

452 1208 546 1261 list
586 1207 769 1275 itaque
798 1208 1025 1276 adiectio
1051 1211 1410 1262 secundarum
1449 1212 1752 1278 nuptiarum
1780 1213 1847 1266 ad
1878 1212 2015 1269 ﬁlios

449 1299 829 1366 procreandos.
876 1298 1009 1353 Cum
1064 1309 1241 1353 autem
1294 1300 1590 1369 prosilienti
1639 1302 1703 1356 ad
1751 1306 2015 1361 secundas

449 1388 663 1455 nuptias
693 1387 866 1441 vidua:
890 1388 979 1442 ﬁlii
1004 1399 1149 1453 sunt,
1177 1403 1577 1459 supervacanea
1601 1394 1851 1464 deinceps
1872 1398 2016 1466 ejus-

449 1479 590 1531 modi
650 1479 907 1533 sementis
946 1487 1050 1542 est,
1091 1480 1440 1536 rationalibus
1483 1484 1647 1552 spicis
1690 1500 1754 1541 ex
1789 1488 2016 1544 adverso

449 1569 827 1637 pugnantibus.

523 1658 652 1713 Vlll.
677 1660 909 1715 Rursum
943 1676 1070 1732 ergo
1108 1664 1174 1719 ad
1196 1664 1346 1735 prius
1375 1654 1745 1737 argumentum
1768 1682 2017 1726 sermone

450 1756 755 1810 redeamus.
794 1758 932 1823 Quid
976 1759 1141 1827 igitur
1166 1761 1420 1832 deinceps
1468 1764 1794 1834 evangelista
1820 1766 1845 1817 Ἰ
1881 1781 2019 1835 pne-

448 1854 559 1898 stat
602 1848 749 1911 enim
792 1857 847 1901 ut
893 1848 1254 1904 inhaereamus
1279 1853 1530 1918 praesenti
1560 1855 2013 1908 commentationi.

2116 672 2364 743 δεύτερον
2414 672 2592 741 γάμον
2632 669 2829 739 ὁρμᾷν,
2890 664 2967 736 τῷ
3008 664 3170 735 ἔρωτι
3209 665 3312 735 τῆς
3349 668 3691 735 φιλοτεχνίας

2114 764 2464 834 νυττομένην.
2528 758 2779 814 Ἐπειδὰν
2825 757 2919 811 καὶ
2952 756 3111 808 τοῦτο
3144 756 3427 827 παραινῶν
3455 759 3483 811 ὁ
3512 759 3692 828 μακά-

2118 872 2232 926 ριος
2263 853 2475 917 Παῦλος
2512 852 2696 921 ἔλεγεν
2739 849 2850 919 ('55)
2875 864 2889 879 '
2917 849 3219 916 Βούλομαι
3260 848 3549 918 νεωτέρας
3584 851 3692 921 χή-

2106 961 2224 1014 ρας
2283 943 2522 1014 γαμεῖν
2590 938 2708 995 εἶτα
2759 939 2971 1001 δεικνὺς
3019 938 3072 990 τί
3125 937 3184 990 τὸ
3238 939 3544 1008 συμϐάλλον
3592 941 3691 1012 τῆς

2116 1037 2401 1108 προκοπῆς
2457 1033 2550 1088 τοῦ
2593 1032 2842 1102 δευτέρου
2884 1028 3086 1099 γάμου,
3138 1029 3447 1101 προσέθηκε
3483 1030 3686 1099 λέγων·

2114 1128 2416 1195 Βούλομαι
2456 1122 2744 1189 νεωτέρας
2764 1114 2771 1119 “
2791 1118 2980 1188 χήρας
3022 1118 3254 1190 γαμεῖν,
3289 1121 3688 1191 τεκνογονεῖν,

2116 1214 2579 1270 οἰκοδεσποτεῖν.
2605 1213 2769 1264 Ὥστε
2807 1211 2934 1281 περὶ
2962 1209 3062 1279 τῆς
3085 1209 3427 1277 τεκνογονίας
3455 1212 3487 1279 ἡ
3520 1225 3692 1281 προσ-

2117 1307 2258 1378 θήκη
2285 1306 2377 1361 τοῢ
2405 1304 2658 1376 δευτέρου
2684 1304 2861 1373 γάμου
2879 1314 2893 1330 ⁸
2918 1302 3046 1355 ὅταν
3069 1300 3126 1354 δὲ
3147 1300 3406 1371 πρόσεστι
3429 1300 3492 1370 τῇ
3524 1300 3693 1371 ὁρμη-

2119 1400 2258 1472 σάσῃ
2307 1401 2450 1471 χήρα
2504 1397 2639 1469 πρὸς
2680 1395 2857 1465 γάμον
2908 1393 3093 1459 τέκνα,
3150 1393 3404 1462 περιττὸς
3439 1393 3626 1446 λοιπὸν
3661 1394 3693 1448 ὁ

2116 1490 2354 1553 τοιοῦτος
2380 1489 2598 1561 σπόρος,
2628 1485 2738 1539 τῶν
2771 1483 3004 1553 λογικῶν
3036 1483 3321 1553 ἀσταχύων
3343 1482 3452 1555 (56)
3476 1485 3597 1537 ἅντε
3608 1501 3693 1554 ρι-

2121 1580 2320 1646 ζόντων
2341 1578 2476 1649 (37).
2856 1624 2869 1629 _

2192 1672 2272 1723 H'.
2291 1670 2458 1724 Πάλιν
2477 1661 2568 1720 οὖν
2581 1665 2658 1737 τῷ
2674 1664 3207 1736 λόγῳὲπανέλθωμεν
3228 1663 3365 1735 πρὸς
3382 1663 3480 1735 τὴν
3500 1665 3698 1737 προτέ-

2125 1778 2219 1832 ραν
2251 1760 2524 1813 ὑπόθεσιν.
2567 1756 2631 1809 Τί
2663 1756 2756 1809 οὖν
2790 1754 2974 1809 λοιπὸν
3076 1755 3492 1825 εὐαγγελιστής;
3531 1756 3692 1809 καλὸν

2120 1849 2229 1920 γὰρ
2252 1851 2350 1920 τῆς
2370 1847 2648 1919 παρούσης
2676 1846 3058 1917 πραγματείας
3072 1843 3443 1899 ἐπιλαϐέσθαι.
3461 1845 3691 1909 Ἤκουες

446 1937 657 1991 Audisti
686 1937 847 1991 modo
874 1938 1073 1994 Lucam
1104 1941 1490 2009 evangelistam
1517 1943 1803 2008 dicentem,
1830 1960 2016 2012 quem-

2128 1943 2330 2013 ίιρτίως
2392 1940 2487 1995 τοῦ
2540 1937 2926 2008 εὐαγγελιστοῦ
2973 1938 3155 1992 Λουκᾶ
3197 1938 3464 2006 λέγοντος,
3513 1937 3628 2001 πῶς
3664 1941 3694 1991 ὁ

447 2027 733 2083 admodum
782 2029 1002 2085 Simeon
1057 2032 1253 2086 dixerit
1304 2032 1369 2085 ad
1414 2031 1686 2102 Yirgiuem
1720 2052 1733 2088 :
1768 2033 1900 2087 Ecce
1931 2034 2015 2087 hic

447 2122 647 2187 pasitus
692 2133 769 2176 est
814 2124 868 2175 in
920 2125 1132 2176 ruinam
1172 2135 1219 2178 et
1258 2126 1687 2178 resurrectionem
1733 2125 2016 2178 multorum

442 2215 500 2263 in
528 2212 718 2276 Israel,
773 2224 821 2267 et
867 2215 921 2266 in
975 2216 1182 2284 signum
1209 2216 1296 2267 cui
1328 2214 1722 2267 contradicatur
1745 2230 1764 2269 :
1790 2226 1836 2269 et
1870 2227 2016 2272 tuam

453 2304 617 2362 ipsius
650 2305 885 2361 animam
930 2306 1269 2372 pertransibit
1294 2305 1523 2371 gladius.
1551 2304 1687 2370 Quid
1717 2309 1818 2358 hoc
1849 2322 2014 2362 veru:

455 2388 522 2441 Et
551 2400 692 2442 tuam
716 2391 879 2458 ipsius
907 2390 1135 2442 animam
1179 2388 1515 2456 pertransibit
1543 2389 1750 2457 gladius
1772 2389 1856 2442 ’δῖ’
1884 2391 2018 2443 Audi

452 2481 673 2533 cordate
720 2488 775 2533 et
838 2479 1201 2548 intelligenter
1232 2495 1254 2530 ς
1304 2493 1423 2531 cum
1481 2478 1700 2531 Simeon
1752 2477 1895 2532 clare
1952 2477 2019 2531 ad

454 2568 689 2638 Virginis
745 2569 953 2624 loculus
1004 2582 1198 2633 aures,
1259 2567 1489 2636 positum
1541 2568 1762 2623 dixisset
1806 2567 1859 2621 iu
1912 2568 2022 2622 rui-

452 2675 577 2715 nam
613 2670 666 2714 et
698 2661 1147 2715 resurrectionem
1200 2658 1489 2712 multorum
1538 2659 1590 2713 in
1638 2657 1821 2722 Israel,
1877 2669 1934 2714 et
1967 2660 2019 2713 in

452 2754 664 2822 signum
712 2751 798 2807 cui
856 2751 1358 2816 contradiceretur;
1415 2750 1639 2805 moleste
1690 2750 1871 2805 forsan
1905 2749 2024 2803 tulit

459 2844 618 2913 Virgo
670 2852 730 2897 ut
786 2842 995 2897 Domini
1040 2853 1235 2909 mater,
1284 2852 1536 2910 motaque
1586 2842 1637 2895 in
1693 2840 2019 2907 Simeonem,

454 2934 534 2987 sic
575 2948 696 2988 eum
752 2931 909 2986 allata
943 2941 1026 2987 est
1063 2948 1079 2985 :
1121 2931 1331 2995 Nescis,
1369 2932 1552 2995 homo,
1586 2931 1713 3000 quid
1743 2931 2021 3000 praedices.

458 3022 672 3094 Ergone
704 3023 875 3076 tristia
914 3023 979 3075 de
1018 3021 1237 3076 Christo
1264 3021 1591 3076 annuntias?
1616 3022 1838 3091 ignoras
1875 3024 2022 3093 pueri

457 3112 890 3180 conceptionem,
929 3123 984 3167 et
1031 3122 1284 3180 tanquam
1320 3113 1622 3167 communis
1658 3125 1864 3182 partus,
1896 3131 2024 3170 con-

2119 2030 2342 2101 Συμεὼν
2391 2031 2527 2101 πρὸς
2555 2031 2652 2100 τὴν
2686 2028 2951 2100 παρθένον
2977 2027 3080 2098 ἔφη
3104 2045 3117 2060 ·
3162 2026 3305 2081 Ἰδοὺ
3347 2022 3526 2093 οὗτος
3576 2027 3694 2081 xei:
3790 2040 3813 2047 “

2117 2138 2208 2174 ται
2234 2123 2322 2186 εἰς
2353 2119 2583 2174 πτῶσιν
2605 2120 2703 2173 καὶ
2729 2118 3071 2173 ἀνάστασιν
3103 2118 3349 2171 πολλῶν
3381 2119 3452 2171 ἐν
3475 2116 3554 2183 τῷ
3587 2118 3694 2171 Ἰσ-

2110 2211 2294 2280 ραὴλ,
2329 2211 2428 2265 καὶ
2455 2213 2543 2277 είς
2577 2209 2829 2282 σημεῖον
2849 2210 3337 2278 ἀντιλεγόμενον*
3366 2207 3463 2260 καὶ
3492 2208 3607 2261 σοῦ
3628 2206 3695 2260 δὲ

2118 2302 2308 2369 αὑτὴς
2365 2302 2479 2367 τὴν
2525 2299 2740 2369 ψυχὴν
2789 2299 3159 2354 διελεύσεται
3198 2299 3481 2367 ῥομφαία.
3533 2298 3598 2350 Τί
3635 2298 3693 2351 δέ

2121 2392 2257 2450 ἐστι,
2292 2388 2400 2442 Kal
2441 2388 2556 2442 σοῦ
2595 2388 2663 2441 δὲ
2698 2387 2890 2455 αὐτῆς
2937 2386 3053 2455 τὴν
3090 2386 3302 2457 ψυχὴν
3328 2386 3695 2440 διελεύσεται

2114 2481 2419 2549 palmata;
2454 2481 2651 2533 Ἀκουε
2687 2480 2921 2542 συνετῶς
2941 2497 2954 2509 ’
2982 2477 3074 2533 τοῦ
3104 2477 3387 2549 Συμεῶνος
3419 2478 3696 2548 εἰρηκότος

2121 2571 2250 2641 περὶ
2295 2570 2387 2624 τοῦ
2436 2571 2638 2642 Κυρίου
2696 2573 2776 2635 είς
2812 2570 3133 2634 ἐξάκουστον
3187 2569 3294 2620 τῶν
3352 2566 3697 2640 Παρθενικῶν

2122 2660 2302 2714 ἀκοῶν
2329 2662 2409 2725 τὸ,
2449 2661 2595 2716 Ἰδοὺ
2620 2658 2797 2728 οὗτος
2831 2660 3017 2715 κεῖται
3050 2663 3136 2726 είς
3173 2658 3404 2713 πτῶσιν
3433 2659 3531 2711 καὶ
3562 2656 3698 2713 ἀνά-

2123 2765 2345 2805 στασιν
2383 2751 2629 2806 πολλῶν
2660 2752 2729 2804 ἐν
2760 2751 2841 2816 τῷ
2879 2740 3148 2818 Ἰσραὴλ,
3184 2749 3280 2802 καὶ
3323 2750 3410 2814 εἱς
3449 2748 3698 2816 σημεῖον

2123 2843 2598 2911 ἀντιλεγόμενον,
2641 2842 3016 2912 ἠγανάκτησεν
3072 2841 3215 2905 εἰκὸς
3247 2843 3279 2912 ἡ
3315 2840 3586 2910 Παρθένος
3624 2841 3699 2903 ὼς

2128 2934 2312 3008 μήτηρ
2337 2935 2431 2988 τοῦ
2452 2935 2656 3006 Κυρίου
2687 2936 2828 2989 κατὰ
2853 2934 2945 2988 τοῦ
2973 2934 3275 3006 Συμεῶνος,
3301 2933 3531 3000 λέγουσα
3565 2934 3698 3003 πρὸς

2128 3026 2288 3081 αὐτόν
2311 3043 2325 3056 ’
2358 3027 2471 3080 Οὐκ
2504 3022 2648 3090 οἶδας
2676 3026 2726 3079 τί
2749 3025 3103 3097 διαγορεύεις,
3138 3024 3410 3095 ἄνθρωπε.
3459 3024 3578 3076 Ἐπὶ
3608 3023 3700 3076 τὸν

2127 3115 2357 3188 Χριστὸν
2383 3116 2679 3187 σκυθρωπὰ
2699 3114 3088 3184 καταγγέλλεις
3112 3130 3126 3178 ;
3152 3112 3269 3168 Οὐκ
3290 3109 3437 3176 οἶδας
3460 3113 3559 3185 τὴν
3583 3111 3681 3165 σύλ

459 3201 795 3256 tradictionis
847 3203 1059 3271 signum
1110 3202 1417 3273 signiﬁcas?
1445 3204 1598 3259 Nulla
1629 3215 1706 3260 est
1733 3206 1785 3260 in
1817 3222 1880 3261 eo
1911 3207 2022 3262 rui-

2132 3206 2291 3279 ληψιν
2320 3206 2414 3261 τοῦ
2443 3206 2673 3271 παιδίου,
2705 3207 2794 3260 καὶ
2818 3206 2892 3270 ὡς
2921 3205 3100 3259 κοινοῦ
3123 3205 3281 3258 τόκου
3314 3207 3536 3275 σημεῖον
3560 3204 3699 3258 ἀντι-

457 3307 564 3358 na;
619 3295 712 3348 sed
754 3293 919 3348 multa
968 3293 1245 3359 exaltatio,
1277 3293 1549 3365 multaque
1575 3296 1628 3349 in
1659 3310 1841 3350 eorum
1872 3314 2027 3352 usum

457 3385 550 3451 qui
580 3385 902 3440 beneﬁcium
926 3397 1352 3455 consequuntur,
1378 3386 1657 3443 demissio.
1685 3388 1877 3455 Quidni
1902 3405 2030 3457 ergo

461 3477 754 3540 hcnedicis,
802 3478 896 3531 scd
946 3478 1063 3533 ais:
1095 3478 1228 3532 Ecce
1262 3478 1347 3532 hic
1378 3480 1578 3547 positus
1619 3490 1693 3533 est
1731 3482 1781 3531 in
1823 3480 2027 3533 ruinam

460 3578 506 3618 et
562 3568 613 3620 in
662 3569 1087 3621 resurrectionem
1130 3567 1411 3622 multorum
1460 3569 1514 3621 in
1566 3567 1756 3631 Israel,
1792 3580 1838 3623 et
1873 3569 1927 3623 in
1965 3572 2030 3622 si-

461 3674 618 3725 gnum
674 3659 757 3711 cui
794 3659 1225 3712 contradicatur.’
1254 3658 1470 3713 Simeon
1517 3674 1676 3728 porro
1725 3662 1793 3713 ad
1855 3660 2027 3729 Virgi-

463 3762 629 3802 nem:
668 3747 761 3802 Sat
820 3749 912 3804 tibi
967 3760 1070 3814 est,
1130 3750 1308 3820 Virgo,
1371 3752 1512 3821 quod
1565 3751 1774 3806 voceris
1833 3758 2024 3803 mater.

461 3839 685 3894 Abunde
738 3848 839 3902 est.
889 3850 946 3893 ut
986 3839 1108 3907 ejus
1156 3842 1369 3895 inventa
1404 3841 1482 3895 sis
1523 3842 1726 3900 nutrix,
1756 3839 1846 3907 qui
1875 3852 2030 3890 mun-

461 3934 585 3984 dum
642 3915 948 3985 universum
1002 3932 1188 3986 nutrit.
1250 3930 1526 4000 Magnum.
1579 3942 1639 3982 ιιι
1689 3941 1813 3981 eum
1863 3940 2030 3980 carne

465 4023 789 4092 portaveris,
836 4022 926 4090 qui
969 4024 1215 4077 universa
1257 4030 1455 4088 portat.
1487 4019 1588 4085 Qui
1617 4018 1727 4085 jam
1762 4018 1814 4069 iu
1853 4025 1903 4070 te
1934 4018 2030 4071 do-

469 4110 727 4164 micilium
754 4111 1001 4167 Christus
1031 4112 1240 4172 habuit,
1280 4110 1395 4177 ipse
1430 4110 1568 4161 idem
1608 4118 1665 4161 ut
1697 4109 1798 4163 hoc
1835 4108 2029 4177 inprae-

463 4200 762 4255 sentiarum
814 4203 879 4257 de
903 4203 1017 4272 ipso
1066 4201 1339 4267 loquerer,
1392 4199 1655 4266 disposuit
1706 4219 1719 4253 :
1769 4199 1904 4253 Ecce
1945 4200 2029 4254 hic

463 4294 661 4359 positus
691 4302 764 4345 est
786 4294 840 4346 in
869 4293 1077 4345 ruinam
1106 4298 1154 4341 et
1184 4289 1237 4341 in
1270 4290 1697 4343 resurrectionem
1745 4290 2029 4344 multarunt

463 4384 516 4436 in
549 4383 740 4437 Israel.
769 4383 823 4435 In
859 4381 1066 4433 ruinam
1092 4378 1307 4448 quidem
1332 4378 1624 4433 inﬁdelium
1680 4379 1981 4446 Judreorum
2012 4399 2026 4434 :

465 4475 518 4527 in
554 4469 1002 4527 resurrectionem
1032 4477 1210 4521 autem
1245 4466 1479 4522 ﬁdeliurn
1506 4470 1762 4539 gentium.
1795 4469 1926 4523 Ecce
1945 4471 2030 4523 hic

543 4671 591 4704 "
622 4671 639 4723 ι
666 4670 808 4723 Tim.
841 4684 895 4733 ι’,
924 4667 1008 4720 Η.
1082 4667 1127 4696 τ⁵
1152 4666 1281 4720 Luc.
1312 4682 1369 4731 ll,
1397 4666 1486 4731 54,
1512 4666 1600 4719 55.

956 4798 983 4821 Χ.

2131 3299 2319 3367 λογίας
2363 3298 2621 3370 μηνύειςς
2660 3298 2900 3369 Οὐδεμία
2935 3297 3142 3361 πτῶσις
3185 3298 3244 3349 ὲν
3288 3296 3463 3367 αὐτῷ’
3495 3295 3700 3365 ὓψωσις

2129 3389 2187 3443 δὲ
2217 3389 2383 3460 πολλὴ
2418 3391 2511 3445 καὶ
2542 3389 2944 3458 ωγκατάὸασις
2966 3390 3078 3450 τοῖς
3107 3387 3598 3457 εὐεργετουμένοις.
3635 3385 3700 3437 Τί

2127 3477 2219 3536 οὖν
2243 3483 2341 3537 οὐκ
2372 3483 2634 3550 εὐλογεῖς,
2669 3479 2802 3532 ἀλλὰ
2843 3479 3093 3546 φάσκεις,
3136 3477 3281 3530 Ἰδοὺ
3308 3472 3484 3539 οὗτος
3516 3476 3701 3529 κεῖται

2127 3577 2214 3639 εὶς
2233 3574 2464 3627 πτῶσιν
2494 3570 2590 3623 καὶ
2619 3568 2959 3621 ἀνάστασιν
2979 3564 3224 3620 πολλῶν
3250 3566 3319 3619 ἐν
3337 3564 3418 3631 τῷ
3443 3565 3699 3633 Ἰσραὴλ,

2130 3664 2227 3716 καὶ
2272 3666 2360 3726 εὶς
2410 3659 2666 3729 σημεῖον
2717 3658 3211 3727 ἀντιλεγόμενον;
3259 3658 3317 3711 Ὀ
3371 3658 3428 3710 δὲ
3479 3656 3702 3729 Συμεὼν

2130 3752 2266 3821 πρὸς
2296 3752 2393 3820 τὴν
2423 3748 2698 3820 Παρθένον
2721 3765 2736 3779 ·
2778 3748 2966 3820 ’Δρκεϊ
3000 3766 3102 3813 σοι,
3133 3746 3403 3820 Παρθένε,
3423 3746 3504 3811 τὸ,
3539 3747 3703 3818 μητέ-

2134 3858 2203 3912 ρα
2230 3857 2288 3893 σε
2317 3840 2609 3911 κληθῆναυ
2641 3841 2820 3896 ίκανόν
2850 3858 2932 3894 σοι
2964 3840 3043 3905 τὸ,
3068 3840 3267 3912 τροφὸν
3299 3839 3586 3910 εὑρεθῆναι
3609 3837 3699 3890 τοῦ

2128 3932 2418 4003 τρέφοντος
2456 3933 2547 3986 τὸν
2578 3934 2798 4005 κόσμον.
2831 3934 2992 4003 Μέγα
3021 3949 3102 3985 σοι
3135 3933 3216 3995 τὸ,
3246 3932 3410 4001 σαρκὶ
3440 3930 3703 3999 βαστάσαι

2128 4018 2221 4071 τὸν
2267 4018 2335 4072 τὰ
2376 4019 2554 4074 πάντα
2598 4020 2949 4091 βαστάζοντα.
2992 4020 3051 4073 '0
3099 4022 3157 4073 ὲν
3200 4019 3283 4071 σοὶ
3324 4017 3557 4087 Χριστὸς
3607 4016 3703 4069 νῦν

2135 4110 2486 4180 κατοικήσας,
2521 4112 2614 4164 καὶ
2647 4113 2703 4163 ἐν
2726 4111 2848 4181 ἐμοὶ
2877 4111 2989 4178 (58)
3014 4108 3107 4163 νῦν
3134 4108 3162 4160 ὁ
3185 4106 3347 4170 αὐτὸς
3378 4106 3507 4177 περὶ
3537 4103 3701 4158 αὑτοῦ

2134 4199 2431 4272 λαληθῆναι
2461 4203 2892 4274 παρεσκεύασεν,
2915 4203 2996 4255 ὅτι
3027 4196 3205 4266 οὗτος
3232 4198 3419 4252 κεῖται
3445 4199 3530 4263 εὶς
3552 4194 3704 4250 πτῶ-

2135 4306 2241 4345 σιν
2298 4292 2395 4347 καὶ
2441 4293 2778 4348 ἀνάστασιν
2820 4291 3067 4345 πολλῶν
3100 4291 3170 4343 ἐν
3193 4286 3273 4353 τῷ
3307 4287 3552 4356 Ἰσραήλ
3570 4300 3584 4315 ⁸
3625 4284 3703 4348 εἰς

2137 4382 2341 4436 πτῶσιν
2399 4383 2498 4454 μὲν
2550 4384 2657 4437 τῶν
2697 4384 2943 4437 ἀπίστων
2991 4381 3278 4443 Ἰουδαίων,
3309 4380 3603 4433 ἀνάστασιν
3645 4375 3704 4429 δὲ

2137 4468 2243 4523 τῶν
2302 4473 2665 4525 πιστευόντων
2716 4471 2902 4525 ἐθνῶν.
2966 4470 3110 4525 Ἰδοὺ
3167 4466 3347 4533 οὗτος
3399 4467 3583 4521 κεῖται
3620 4467 3706 4531 είς

546 4881 657 4949 (55)
680 4882 946 4949 Ἔλεγεν.
981 4878 1063 4932 ΑΙ.
1100 4876 1360 4947 κέκραγε.
1392 4874 1556 4929 Paulo
1585 4882 1701 4944 post
1725 4888 1821 4943 pro
1853 4889 2024 4926 τεκνο-

2146 4869 2512 4949 mali_5pecie,
2560 4867 2856 4949 [aciliorem
2905 4865 3055 4921 illum
3104 4857 3710 4949 transitum,_ethvelut

474 4950 660 5019 γονίας
695 4950 765 5019 al:
807 4949 1166 5019 παιδοποιΐας.

547 5009 659 5089 (56}
687 5017 810 5089 Τῶν
828 5017 1083 5089 λογικῶν
1102 5016 1423 5089 ἀσταχύων
1453 5010 1891 5089 ἀντεριζόντων.
1916 5009 2011 5064 Vel
2028 5040 2043 5051 -

476 5082 823 5145 ut‘secundze
874 5082 1074 5155 nuptiae
1133 5082 1327 5141 cedant
1376 5085 1429 5137 in
1482 5084 1732 5155 damnum
1787 5082 2037 5155 illorum;

475 5162 614 5227 quod
678 5150 994 5230 plerumque
1029 5157 1246 5230 accidit.
1297 5150 1891 5230 Etlita_,_étspL§6v=wv,
1951 5150 2038 5204 ubi

477 5223 738 5285 Silanus:
790 5223 994 5295 Quippe
1046 5227 1250 5278 ratione
1287 5223 1522 5295 prwditis
1566 5223 1743 5290 spicis,
1796 5233 2040 5295 naturam

476 5309 628 5366 atque
660 5292 1009 5351 conditionem
1048 5293 1383 5366 sortientibus
1419 5292 1671 5366 diversam
1700 5306 1718 5344 :
1746 5292 1886 5358 quod
1913 5305 2041 5366 cou-

476 5361 585 5420 stat
618 5369 795 5422 minus
824 5376 1029 5434 aptum.
1058 5363 1215 5428 Quod
1237 5363 1378 5434 enim
1411 5362 1872 5434 praecipuenocet
1892 5361 2038 5428 prio-

479 5439 552 5491 ris
580 5438 680 5489 tori
706 5430 966 5503 prolihus,
990 5434 1131 5485 aliud
1161 5444 1270 5497 est;
1306 5433 1421 5500 ipsa
1446 5430 1874 5503 scilicet-inducti
1907 5444 2032 5481 cou-

471 5506 616 5573 jngis
647 5499 932 5563 inall‘ectio.
965 5505 1016 5556 in
1044 5518 1205 5571 quam
1244 5499 1555 5573 plerumque
1591 5500 1752 5573 etiam
1795 5499 1951 5573 alaer,
1984 5509 2037 5550 et

482 5567 638 5627 've'rus
668 5589 863 5641 parens
896 5567 1153 5634 declinat,
1183 5567 1360 5624 studio
1404 5567 1562 5641 illius.
1596 5567 2036 5641 Repugnantiims

477 5658 628 5711 ergo,
659 5637 724 5697 ex
759 5643 863 5695 hoc
905 5642 1132 5709 aliisque
1166 5639 1540 5711 incommodis,
1567 5639 1754 5711 primis
1777 5637 2034 5711 prolihus.

480 5707 585 5764 non
620 5712 779 5765 lacile
824 5707 1216 5764 convolandum
1259 5709 1471 5763 habenti
1513 5708 1831 5775 superstites
1863 5707 2038 5773 proles

480 5782 549 5835 ad
576 5782 841 5835 secundas
893 5782 1127 5847 nuptias.
1158 5779 1473 5845 Quanquam
1511 5791 1608 5829 nec
1640 5777 1717 5829 sic
1751 5775 2037 5827 convolare

479 5850 551 5906 sit
580 5851 792 5920 proprie
819 5851 1022 5905 crimen
1057 5866 1070 5902 :
1108 5851 1207 5904 etsi
1242 5847 1665 5917 Amphilochius,
1701 5861 1765 5901 ex
1802 5846 2031 5914 quadam

2147 4928 2619 5009 prioris'conjugis
2664 4938 2968 5009 neglectam
2998 4936 3333 5009 memoriam.
3369 4928 3574 5007 crimen
3611 4941 3709 4980 vo-

2145 5002 2304 5064 carit.
2344 5002 2775 5076 Sicque'Graeci's
2803 5004 3084 5059 invidiosa:
3109 5012 3233 5076 sunt
3265 5002 3367 5076 illic
3399 5002 3595 5063 saepius
3627 5011 3712 5049 re-

2145 5081 2324 5147 petita:
2354 5068 2575 5146 nuptiae,
2600 5087 2659 5131 ut
2692 5093 2795 5131 non
2829 5077 2988 5148 modo
3024 5089 3128 5127 non
3163 5068 3483 5124 benedicant
3516 5080 3712 5148 secun-

2144 5136 2265 5212 das,
2299 5148 2393 5203 sed
2420 5136 2751 5203 abhorreant
2780 5146 2987 5209 tertias,
3021 5151 3360 5213 quartusque
3386 5137 3559 5205 pmnis
3586 5136 3713 5189 sub—

2144 5218 2349 5272 iiciant.

2137 5234 2349 5359 magi.
2372 5285 2835 5359 Ἀντεριξόντῳγ..
2861 5281 3162 5359 Cotelerins
3187 5279 3251 5332 ad
3288 5276 3513 5359 ᾷοηδιίιἶ
3542 5282 3711 5359 apost.

2139 5349 2234 5411 lib:
2261 5349 2341 5422 lli,
2373 5372 2490 5425 cap.
2528 5349 2583 5421 ἒ,
2629 5356 2682 5407 ἰιι
2736 5352 3036 5425 hujusniodi
3083 5353 3255 5425 locum
3302 5352 3414 5425 haec
3448 5349 3708 5425 adnotat:

2148 5446 2166 5498 ι
2194 5427 2297 5498 Pro
2319 5413 2722 5498 άντέριζόντων
2737 5413 2865 5498 edit.
2886 5419 3262 5498 Contht‘f._stat
3288 5413 3712 5498 quidem

2142 5481 2479 5550 bibliothecis
2503 5481 2666 5548 codex
2695 5493 2829 5557 Q05;
2860 5506 2955 5556 pro
2982 5481 3329 5559 ἐτεριζόντων
3365 5500 3490 5559 vero
3515 5481 3710 5559 Biblio-

2144 5547 2302 5618 theca}
2339 5547 2450 5620 Pi}.
2494 5547 2667 5615 Paris.
2704 5547 2836 5616 tom.
2861 5547 3001 5624 'Xlll,
3035 5547 3156 5629 pag:
3194 5559 3328 5631 841,
3350 5556 3513 5631 colles

2146 5636 2250 5687 Sed
2297 5618 2448 5701 longe
2492 5634 2689 5687 rectius
2729 5618 3010 5694 ambobus,
3037 5618 3185 5683 ‘Iuveo
3241 5618 3708 5741 quidetn‘gudicim

2146 5704 2360 5741 (Indian
2406 5704 2508 5741 HN}
2536 5714 2582 5741 ul
2632 5703 2735 5741 4A3
2783 5703 2976 5741 Imlmnl
3020 5697 3423 5741 ἓτηιοιῖὀντων.
3490 5703 3571 5741 IOC
3605 5698 3708 5741 εει.

2145 5704 2360 5757 codices
2390 5697 2508 5756 106
2536 5714 2588 5756 et
2632 5703 2735 5755 145
2783 5703 2978 5755 habent
3019 5697 3423 5768 ὲταιριζόντων,
3472 5697 3571 5741 huc
3605 5698 3711 5752 est,

2145 5774 2562 5824 mlulterinurum
2608 5775 2881 5840 spicarum
2931 5769 3338 5840 rationaliutu._s
3394 5830 3406 5840 .
3484 5825 3511 5837 η
3541 5824 3559 5840 κ
3611 5824 3629 5840 .-
3674 5827 3690 5837 .

2214 5841 2325 5911 (58)
2351 5843 2452 5895 Ἔν
2479 5843 2626 5910 ἐμοί.
2644 5824 2743 5894 Ἀί.
2775 5842 2892 5914 ἐμὲ.
2931 5841 2992 5893 lit
3020 5853 3164 5902 mox,
3196 5833 3323 5900 περὶ
3349 5825 3513 5884 αὐτ-οὖ
3541 5824 3711 5882 λαλεῖ.
