4118 6440
259 451 332 505 57
1364 456 1620 514 ORATIO
1657 459 1723 514 ΙΝ
1762 460 1838 516 OC

1947 462 2136 519 liSlIM
2168 464 2427 520 ‘DOMINI.
3445 452 3512 509 58

258 562 509 619 πτῶσιν
566 566 664 639 καὶ
702 564 1044 622 ἀνάστασιν
1085 571 1332 625 πολλῶν
1366 575 1435 627 ἐν
1478 574 1557 639 τῷ
1589 577 1838 643 Ἰσραὴλ1

1951 582 2151 649 positus
2184 590 2256 633 est
2285 581 2339 634 in
2371 580 2578 632 ruinam
2608 588 2654 630 et
2692 551 3117 629 resurrectionem
3148 572 3426 625 multorum
3456 573 3512 623 in

261 655 366 708 ml
391 657 488 719 είς
518 656 774 724 σημεῖον
797 660 1257 729 ἀντιλεγόμενον
1278 679 1292 693 ο
1328 665 1552 732 σημεῖον
1585 662 1851 728 ἀντιλεγό-

262 764 433 816 μενον
470 748 564 800 τὸν
599 749 832 819 σταυρὸν
860 750 1326 821 προσαγορεύσας.
1363 750 1460 803 Διά
1501 751 1585 815 τί;
1634 750 1850 820 Ἐπειδὴ

258 838 321 889 ἐν
354 837 513 908 αὐτῷ
541 838 621 908 τῷ
642 839 860 910 σταυρῷ
891 839 1074 893 πολλοὶ
1120 839 1229 892 τῶν
1265 841 1508 894 ἀπίστων
1547 839 1851 907 ἀντιλογίας

257 929 661 998 προσήνεγκαν
709 928 789 997 τῷ
834 929 1042 1000 Κυρίῳ,
1072 931 1166 983 καὶ
1196 930 1374 999 λόγοις
1411 931 1502 985 καὶ
1528 930 1708 1003 ἔργοις
1738 947 1847 983 κω-

262 1019 580 1087 μῳδοῦντες
600 1060 616 1083 ,
668 1019 788 1083 ὅξος
845 1020 1176 1085 ποτίζοντες,
1234 1020 1395 1091 χολὴν
1457 1021 1846 1092 προσάγοντες,

259 1108 564 1163 ἀκάνθινον
602 1109 865 1178 στέφανον
899 1109 1228 1181 περιθέντες,
1270 1110 1439 1183 λόγχῃ
1467 1110 1567 1181 τὴν
1607 1109 1848 1180 πλευρὰν

258 1198 579 1261 νύττοντες,
620 1200 777 1269 χερσὶ
818 1198 1155 1269 ῥαπίζοντες,
1195 1201 1561 1263 όνειδιστικοῖς
1616 1199 1848 1269 βοῶντες

234 1288 478 1356 -λόγοις’
518 1290 789 1356 ’Ἄλλους
816 1289 1073 1354 ἔσωσεν,
1108 1291 1323 1345 ἑαυτὸν
1344 1294 1415 1345 οὐ
1451 1291 1698 1345 δύναται
1729 1290 1846 1343 σῶα

254 1395 385 1431 σαι.
419 1377 601 1431 Τοῦτο
629 1374 723 1432 οὖν
755 1378 1067 1449 ἑρμηνεύων
1094 1380 1122 1432 6
1149 1378 1370 1449 Συμεὼν
1403 1380 1556 1448 ἔλεγε
1575 1396 1589 1410 ⁸
1617 1379 1725 1434 Καὶ
1757 1382 1847 1445 είς

253 1466 525 1534 σημεῖον
543 1467 1023 1537 ἀντιλεγόμενον.
1049 1469 1239 1522 Πολλοὶ
1260 1469 1368 1540 γὰρ
1399 1471 1649 1523 ἀντεῖπον
1670 1488 1681 1500 ·
1713 1471 1742 1523 ὃ
1778 1488 1841 1523 τε

255 1557 473 1626 Πέτρος
496 1558 794 1627 ἠρνήσατο,
829 1558 919 1611 καὶ
944 1560 1142 1622 πάντες
1169 1560 1218 1612 οἱ
1263 1560 1551 1613 ἀπόστολοι
1584 1560 1658 1624 ὼς
1682 1561 1841 1615 ἀποί-

254 1665 444 1717 μαντα
474 1648 727 1720 πρόϐατα
749 1647 1181 1719 διεσκορπίζοντο
1203 1669 1217 1681 ·
1251 1652 1310 1704 ὲν
1341 1651 1418 1722 τῷ
1441 1647 1533 1705 οὖν
1566 1651 1842 1722 σταυρικῷ

250 1739 496 1809 σημείῳ,
527 1739 621 1791 καὶ
649 1739 816 1808 αὐτῆς
841 1739 939 1809 τῆς
969 1739 1242 1810 Παρθένου
1261 1742 1620 1812 ἐπεπλήρωτο
1651 1743 1683 1812 ή
1706 1759 1840 1811 καρ-

245 1829 339 1881 δία
375 1829 593 1899 λύπης·
614 1830 693 1883 διὸ
715 1830 807 1883 καὶ
834 1830 987 1898 ἔλεγε
1013 1848 1025 1860 ·
1056 1832 1153 1884 Διὰ
1179 1831 1233 1883 τί
1264 1831 1340 1901 μὴ
1364 1831 1835 1902 προετελεύτησα;

1950 670 2154 736 Israel;
2186 681 2235 724 et
2268 672 2322 725 in
2361 671 2566 739 signum
2592 669 2678 720 cui
2706 666 3097 719 eontradicatur
3118 679 3137 716 :
3168 664 3379 731 signum
3426 662 3511 714 cui

1948 761 2358 823 contradicitur,
2395 773 2609 813 crucem
2636 757 2929 825 appellans.
2958 753 3346 820 Quamobrem?
3374 752 3509 817 Quia

1948 852 2099 905 multi
2145 850 2387 905 intideles
2436 848 2488 902 in
2542 848 2654 916 ipsa
2704 860 2863 900 cruce
2908 845 3349 898 contradiverunt
3401 843 3508 894 Do-

1949 942 2114 1004 mino,
2140 949 2195 995 et
2214 940 2393 994 verbis
2413 946 2468 992 et
2493 936 2647 991 factis
2669 936 3030 997 traducentes,
3058 942 3304 1001 potantes
3329 942 3505 995 aceto,

1947 1030 2017 1085 ιρι
2047 1032 2416 1093 admoventes,
2446 1029 2787 1097 imponentes
2812 1040 3067 1080 coronam
3098 1023 3361 1091 spineam,
3394 1023 3509 1074 lan-

1947 1136 2036 1175 cea
2069 1120 2330 1174 fodientes
2360 1120 2520 1185 latus,
2558 1116 2810 1169 manibus
2838 1116 3026 1168 dantes
3051 1113 3250 1178 alapas,
3278 1112 3505 1179 probro-

1945 1211 2019 1263 sis
2070 1210 2394 1263 clamoribus
2444 1207 2760 1276 sugillantes
2797 1223 2813 1259 :
2847 1204 2993 1256 Alios
3051 1202 3219 1254 salvos
3271 1200 3413 1268 fecit,
3452 1217 3507 1252 se

1943 1300 2111 1366 ipsum
2159 1313 2258 1351 non
2295 1305 2462 1362 potest
2499 1294 2699 1348 salvum
2721 1291 2985 1362 facere".
3026 1289 3139 1344 Hoc
3181 1302 3311 1357 ergo
3343 1301 3507 1354 expo-

1944 1404 2078 1443 nens
2103 1388 2321 1442 Simeon
2343 1427 2358 1451 ,
2396 1386 2608 1440 dicebat
2639 1402 2653 1438 :
2690 1383 2755 1437 Et
2784 1384 2840 1436 in
2886 1383 3091 1451 signum
3128 1381 3211 1431 cui
3239 1378 3507 1431 contradi-

1930 1474 2111 1531 cat'ur.
2136 1476 2282 1529 Multi
2306 1475 2565 1542 siquidem
2586 1473 3051 1531 contradixerunt,
3074 1470 3289 1537 quando
3311 1466 3505 1520 Petrus

1941 1570 2187 1638 negavit;
2231 1566 2445 1635 quando
2482 1578 2670 1617 omnes
2713 1562 2935 1630 apostoli
2980 1561 3122 1616 velut
3171 1574 3298 1615 oves
3322 1566 3505 1627 pasto-

1940 1676 2053 1715 rem
2077 1674 2180 1713 nou
2217 1659 2501 1721 habentes,
2530 1654 2747 1707 fuerunt
2769 1653 3012 1719 dispersi.
3045 1652 3169 1706 Fuit
3189 1666 3316 1719 ergo
3338 1649 3506 1716 ipsius

1938 1751 2097 1805 etiam
2153 1748 2386 1817 Virginis
2434 1761 2528 1801 eor
2588 1744 2806 1799 tristitia
2866 1742 3174 1811 impletum,
3228 1743 3280 1795 in
3329 1741 3505 1796 crucis

1938 1843 2110 1912 signo.
2147 1840 2325 1906 Quare
2369 1839 2531 1893 etiam
2581 1834 2833 1890 dicebat:
2870 1832 3066 1900 thuid
3112 1849 3213 1885 non
3248 1832 3392 1898 prior
3422 1832 3504 1883 vi-

246 1920 352 1972 Διὰ
388 1920 532 1973 τίδὲ
569 1920 666 1991 τὴν
697 1920 911 1991 ἡμέραν
939 1920 1144 1990 ταύτην
1189 1920 1522 1983 κατέλαὸονς
1561 1920 1838 1988 Παρθένος

1942 1905 2022 1985 vis
2067 1905 2309 1983 excessi?
2361 1928 2489 1997 quid
2540 1930 2607 1980 ad
2658 1927 2799 1979 hanc
2849 1925 2988 1978 diem
3042 1922 3296 1991 perveni?
3346 1920 3506 1987 Virgo

248 2011 576 2081 μεμένηκα,
608 2011 701 2064 καὶ¹
730 2010 953 2081 μείζονα
982 2008 1256 2080 μητρῲοις
1276 2012 1391 2070 τοῖς
1416 2009 1741 2077 σπλάγχνοις
1761 2011 1845 2062 δά-

241 2117 481 2170 κνομαι.
513 2101 752 2163 Τούτους
795 2100 922 2161 τοὺς
951 2098 1214 2165 ἀπείρους
1242 2097 1535 2164 λογισμοὺς
1570 2097 1673 2164 τῆς
1700 2098 1849 2168 Παρ-

241 2190 437 2254 θένου,
462 2190 741 2260 ῥομφαίαν
763 2191 792 2242 6
816 2185 1043 2258 Συμεὼν
1056 2184 1512 2255 προσηγόρευσεν,
1540 2185 1615 2248 ὡς
1637 2184 1851 2239 νύττον-

234 2295 345 2343 tu;
380 2280 463 2333 τὰ
493 2279 764 2345 ὲνδόσθια,
791 2279 869 2341 ὡς
911 2276 1183 2331 σκάνδαλα
1213 2275 1619 2345 προσοίσοντας,
1660 2276 1846 2339 καθὼς

233 2371 338 2435 καὶ
382 2374 417 2425 6
459 2372 670 2440 Κύριος
697 2372 926 2439 προεῖπε
942 2385 955 2399 ο
1000 2367 1224 2433 Πάντες
1252 2367 1322 2419 ἐν
1354 2366 1483 2434 ἐμοὶ
1515 2360 1842 2422 σκανδαλι-

228 2462 579 2528 σθήσεσθε
606 2460 675 2512 ἐν
702 2458 774 2526 τῇ
798 2458 970 2513 νυκτί
1003 2459 1184 2524 ταύτῃ
1201 2473 1214 2486 ’
1240 2455 1362 2509 ὅθεν
1385 2457 1479 2511 καὶ
1502 2458 1778 2529 ἐπήγαγεν
1810 2462 1839 2512 6

228 2551 498 2624 Συμεὼν
533 2550 786 2617 φάσκων·
835 2549 943 2602 Καὶ
993 2547 1109 2602 σοῦ
1145 2547 1213 2599 δὲ
1254 2548 1444 2615 αὐτῆς
1474 2547 1587 2615 τὴν
1622 2549 1837 2617 ψυχὴν

228 2642 634 2698 διελεύσεται
644 2640 928 2709 ῥομφαία,
957 2639 1116 2703 ὅπως
1144 2638 1220 2691 ἂν
1240 2638 1748 2707 ἀποκαλυφθῶσιν
1765 2641 1835 2694 ἑκ

229 2728 509 2785 πολλῶν
564 2727 821 2795 καρδιῶν
882 2728 1281 2796 διαλογισμοί.
1331 2728 1476 2797 Ὅρα
1537 2728 1654 2792 πῶς
1708 2729 1835 2792 τοὺς

230 2822 523 2891 ἀπείρους
563 2819 945 2890 διαλογισμοὺς
999 2820 1273 2891 ῥομφαίαν
1321 2819 1763 2890 προσηγόρευσεν
1806 2823 1835 2875 6

232 2910 506 2983 Συμεὼν,
540 2910 615 2973 ὡς
648 2911 935 2973 νύττοντας
969 2910 1038 2964 τὰ
1084 2910 1350 2972 ὲνδόσθια,
1386 2909 1462 2972 ὡς
1493 2911 1835 2981 ἁπτομένους

230 3002 472 3074 νεφρῶν
505 3002 601 3055 καὶ
622 3001 850 3073 μυελῶν,
872 2999 1094 3064 Τούτοις
1120 3001 1176 3053 δὲ
1202 3000 1535 3071 περιέπεσεν
1565 3001 1597 3070 ή
1629 3002 1835 3072 Παρθέ-

232 3111 341 3155 voc
372 3091 568 3163 Μαρία
595 3092 727 3163 ('59),
758 3091 984 3163 μηδέπω
1004 3092 1102 3161 τὴν
1121 3092 1349 3160 δύναμιν
1370 3092 1466 3161 τῆς
1488 3091 1832 3155 ἀναστάσεως

234 3186 427 3240 εἰδυῖα
447 3198 462 3212 ’
491 3184 585 3237 καὶ
612 3185 694 3237 ὅτι
721 3185 786 3236 ὲκ
810 3184 1065 3251 γειτόνων
1089 3186 1122 3253 ἠ
1145 3183 1460 3245 ἀνάστασις,
1485 3182 1692 3236 οὐδέπω
1719 3186 1833 3251 ἐγί-
1858 3214 1900 3271 C

235 3292 487 3329 νωσκεν.
522 3273 688 3326 Ὅθεν
718 3271 854 3342 μετὰ
882 3271 979 3341 τὴν
1027 3271 1337 3337 ἀνάστασιν,
1372 3271 1555 3323 οὐκέτι
1589 3273 1831 3341 ῥομφαία

233 3367 542 3435 δίστομος·
596 3362 713 3415 ἀλλ’
759 3360 1060 3432 εὐφροσύνη
1101 3360 1193 3414 καὶ
1218 3359 1556 3428 ἀγαλλίασις.
1598 3360 1832 3429 Σημεῖον

232 3456 433 3509 τοίνυν
490 3451 819 3520 ἀντιλογίας,
853 3451 914 3504 τὸ
957 3450 1244 3522 σταυρικὸν
1284 3453 1510 3520 σημεῖον
1543 3448 1572 3499 6
1609 3448 1834 3517 Συμεὼν

236 3544 719 3616 προσηγόρευσεν,
763 3543 822 3595 ὲν
852 3536 896 3609 ᾧ
928 3540 1102 3612 καιρῷ
1141 3539 1384 3611 ῥομφαία
1426 3537 1704 3608 λογισμῶν
1736 3537 1836 3607 τὴν

236 3633 537 3704 Παρθένον
562 3631 668 3701 (40)
689 3630 923 3701 διῆλθεν.
951 3632 1106 3684 Ἐστι
1145 3631 1202 3683 δὲ
1232 3630 1451 3693 πάντως
1480 3632 1653 3682 εἰπεῖν
1680 3642 1832 3681 τινα·

238 3722 370 3775 Καὶ
399 3718 565 3771 πόθεν
591 3722 717 3788 ἡμῖν
742 3721 775 3790 ἡ
797 3718 1104 3782 ἀπόδειξις
1135 3717 1226 3783 Ἐξ
1251 3717 1429 3770 αὐτῶν
1456 3717 1563 3770 τῶν
1590 3717 1684 3769 τοῦ
1717 3716 1833 3768 Κυ-

242 3814 377 3885 ρίου
414 3810 775 3881 διδαγμάτων.
810 3810 1009 3868 ’Λκουε
1034 3810 1201 3863 αὑτοῦ
1238 3811 1519 3877 λέγοντος’
1564 3810 1636 3863 Ἠ
1662 3809 1835 3878 γενεὰ

240 3906 431 3971 αὕτη,
470 3903 645 3971 γενεὰ
672 3903 900 3971 πονηρά
940 3903 1099 3955 ἐστι·
1132 3899 1385 3969 σημεῖον
1435 3898 1709 3967 ἐπιζητεῖ,
1735 3899 1834 3954 καί

240 3996 513 4068 amasios“
539 3998 612 4050 οὐ
649 3995 968 4062 δοθήσεται
1018 3994 1199 4061 αὐτῇ,
1241 3998 1293 4047 εὶ
1330 3994 1417 4063 μὴ
1464 3993 1532 4047 τὸ
1585 3991 1837 4061 σημεῖον

254 4086 425 4142 Ἰωνᾶ
454 4088 561 4140 τοῦ
586 4086 916 4155 προφήτου.
942 4085 1169 4151 Ὥσπερ
1196 4085 1306 4153 γὰρ
1334 4081 1413 4152 ἦν
1450 4081 1642 4150 Ἰωνᾶς
1669 4084 1738 4135 ἑν
1760 4082 1835 4151 τῇ

240 4179 449 4244 κοιλία
491 4176 595 4230 τοῦ
638 4176 882 4242 κήτους,
912 4176 1102 4239 οὕτως
1138 4176 1308 4228 ἔσται
1345 4176 1442 4228 καὶ
1475 4178 1506 4228 ό
1552 4176 1684 4241 Υἱὸς
1728 4175 1835 4229 τοῦ

239 4267 567 4335 ἀνθρώπου
585 4268 653 4321 ἐν
677 4266 754 4335 τῇ
782 4266 993 4333 καρδίᾳ
1017 4265 1126 4334 τῆς
1154 4263 1286 4334 γῆς,
1315 4264 1472 4331 τρεῖς
1498 4264 1721 4332 ἡμέρας
1737 4265 1835 4318 καὶ

240 4357 409 4426 τρεῖς
447 4359 691 4421 νύκτας.
741 4358 905 4426 Ὀρᾷς
945 4354 1061 4416 πῶς
1104 4353 1164 4406 τὸ
1192 4354 1482 4424 σταυρικὸν
1513 4353 1686 4415 πάθος
1735 4370 1832 4423 ση-

245 4449 401 4515 μεῖον
431 4442 868 4516 προσηγορεύθη,
898 4442 959 4494 οὑ
995 4441 1152 4511 μόνον
1181 4443 1238 4493 ὲν
1258 4444 1324 4511 τῇ
1356 4444 1530 4511 Καινῇ
1558 4440 1829 4511 Διαθήκῃ,

1944 2020 2141 2076 mansi.
2180 2027 2235 2071 et
2275 2019 2343 2069 ita
2379 2030 2622 2078 manens,
2653 2016 2885 2082 majores
2914 2015 3171 2068 maternis
3212 2012 3507 2065 visceribus

1947 2108 2163 2160 dolores
2195 2106 2387 2160 sentio.
2421 2104 2593 2157 Hasce
2623 2105 2933 2157 innumeras
2958 2103 3194 2169 Virginis
3227 2100 3511 2168 cogitatio-

1948 2212 2042 2251 nes
2089 2196 2305 2250 Simeon
2334 2196 2620 2265 appellavit
2645 2194 2900 2265 gladium,
2929 2194 3076 2246 velut
3100 2207 3220 2260 quae
3248 2191 3504 2244 scandala

1943 2288 2204 2352 allaturae,
2232 2289 2432 2341 viscera
2461 2286 2804 2340 vulnerarent
2827 2298 2843 2336 :
2869 2283 3317 2351 quemadmodum
3339 2284 3502 2334 etiam

1938 2376 2181 2446 praadixit
2218 2376 2471 2429 Dominus
2501 2397 2512 2429 :
2551 2374 2742 2429 Omnes
2780 2374 2835 2426 in
2876 2389 2957 2426 me
2990 2371 3300 2425 scandalum
3334 2372 3504 2437 patie-

1935 2466 2064 2518 ntini
2108 2466 2164 2517 in
2208 2474 2356 2519 nocte
2394 2467 2498 2518 ista
2526 2465 2593 2521 "’.
2632 2463 2780 2518 Unde
2835 2464 2997 2517 etiam
3048 2461 3241 2529 adjecit
3282 2460 3500 2514 Simeon

1938 2557 1993 2609 in
2026 2558 2140 2610 haec
2166 2556 2332 2609 verba
2357 2574 2371 2609 :
2398 2555 2466 2608 Et
2510 2564 2655 2607 tuam
2698 2554 2861 2622 ipsius
2893 2552 3124 2605 animant
3149 2550 3348 2604 doloris
3377 2551 3497 2618 gla—

1936 2647 2057 2699 dius
2102 2644 2464 2714 pertransibit,
2501 2654 2557 2696 ut
2597 2643 2888 2711 ret-cientur
2931 2657 2995 2694 ea:
3035 2641 3215 2692 multis
3259 2641 3502 2691 cordibus

1934 2736 2270 2805 cogitationes
2291 2734 2357 2786 ⁷⁸.
2393 2732 2527 2788 Vide
2578 2740 2638 2784 ut
2697 2731 2915 2784 Simeon
2956 2730 3265 2782 innumeras
3307 2726 3505 2794 cogita-

1937 2827 2113 2880 tiones
2143 2826 2380 2896 gladium
2407 2823 2718 2886 vocaverit;
2755 2820 2897 2874 velut
2935 2834 3053 2888 quae
3076 2817 3303 2871 ferirent
3332 2817 3513 2870 viscev

1934 2930 2031 2981 ra;
2064 2914 2207 2969 velut
2248 2929 2367 2985 qua:
2407 2927 2564 2967 renes
2608 2909 2973 2975 medullasque
3007 2907 3398 2972 contingerent.
3450 2904 3503 2958 lu

1934 3006 2032 3060 has
2060 3015 2236 3060 autem
2269 3005 2458 3059 incidit
2492 3002 2654 3073 Virgo
2686 3001 2873 3064 Maria,
2900 2998 3042 3067 quod
3071 2999 3304 3051 nondum
3338 2996 3504 3051 sciret

1932 3097 2039 3149 vim
2072 3096 2481 3151 resurrectionis
2501 3134 2516 3157 ,
2553 3092 2692 3162 quod
2715 3093 3010 3158 etiamnum
3042 3086 3501 3142 resurrectionem

1934 3187 1986 3241 in
2017 3187 2315 3256 propinquo
2337 3200 2456 3240 esse
2485 3185 2775 3253 ignoraret.
2807 3180 2959 3236 Unde
2992 3186 3111 3246 post
3139 3175 3496 3231 resurrectio-

1934 3292 2084 3340 nem,
2115 3292 2218 3330 non
2242 3277 2352 3344 jam
2398 3274 2627 3343 amplius
2667 3271 2874 3339 gladius
2925 3282 3147 3336 anceps,
3191 3267 3282 3320 sed
3315 3263 3497 3318 latitia

1934 3376 2094 3433 atque
2118 3367 2408 3420 exsultatio
2443 3374 2549 3418 est.
2585 3361 2805 3432 Signum
2835 3360 2999 3430 igitur
3033 3355 3500 3419 contradictionis,

1935 3457 2113 3509 crucis
2140 3458 2348 3523 signuut
2392 3454 2615 3508 Simeon
2651 3451 2957 3522 appellavit,
2999 3466 3106 3514 quo
3135 3458 3374 3516 tempore
3411 3463 3504 3511 co-

1938 3544 2252 3614 gitationum
2291 3545 2499 3610 gladius
2539 3541 2811 3611 Virginem
2845 3540 3102 3609 pervasit.
3144 3538 3250 3592 Sed
3280 3550 3503 3605 prorSus

1937 3632 2133 3702 aliquis
2158 3632 2340 3683 dicat:
2381 3630 2530 3684 Unde
2566 3645 2693 3683 vero
2732 3631 2845 3683 haec
2887 3624 3390 3683 demonstraveris?
3431 3624 3502 3677 Et

1938 3724 2052 3792 ipsa
2092 3719 2301 3774 Domini
2339 3717 2600 3770 doctrina.
2629 3717 2762 3769 Audi
2794 3717 2941 3769 illum
2978 3716 3248 3772 dicentem
3293 3731 3305 3765 :
3342 3712 3508 3766 Gene-

1937 3812 2081 3865 ratio
2117 3812 2251 3875 Ιιιεε,
2286 3806 2554 3878 generatio
2588 3820 2806 3872 nequam
2837 3813 2911 3858 est
2937 3820 2955 3857 :
2983 3806 3189 3874 signum
3223 3804 3432 3874 quierit,
3458 3810 3507 3855 et

1938 3903 2146 3970 signum
2175 3917 2279 3954 non
2305 3898 2524 3952 dabitur
2558 3898 2627 3962 ei,
2668 3895 2770 3948 nisi
2807 3896 3011 3964 signum
3041 3895 3195 3950 Jome
3220 3896 3503 3964 prop/cette.

1937 3985 2081 4041 Sicut
2132 3987 2269 4039 enim
2308 3986 2403 4053 fuit
2443 3982 2611 4038 Jonas
2640 3984 2696 4037 in
2727 3993 2902 4035 ventre
2929 3984 3028 4035 ceti
3059 3999 3077 4036 :
3106 3984 3181 4037 sic
3206 3984 3301 4038 erit
3336 3982 3505 4038 Filius

1937 4075 2165 4128 hominis
2191 4076 2242 4126 in
2273 4074 2435 4127 corde
2465 4082 2641 4136 terrea,
2669 4070 2833 4124 tribus
2856 4070 3036 4123 diebus
3066 4080 3112 4123 et
3142 4071 3303 4125 tribus
3337 4073 3506 4125 nocti-

1936 4164 2031 4218 bus
2082 4164 2153 4217 ⁷³.
2190 4163 2354 4218 Vides
2402 4170 2462 4215 ut
2510 4163 2687 4215 crucis
2737 4159 3057 4229 supplicium
3101 4158 3302 4211 dictum
3349 4157 3509 4211 fuerit

1935 4257 2172 4330 signum,
2204 4269 2310 4307 non
2345 4252 2516 4308 solum
2558 4251 2612 4305 in
2646 4250 2793 4304 Novo
2821 4249 3188 4312 Testamento,
3224 4246 3317 4301 sed
3344 4246 3506 4300 etiam

1937 4348 1989 4401 in
2019 4346 2242 4402 Veteri?
2282 4344 2583 4399 Admodum
2624 4344 2767 4398 enim
2826 4349 3124 4396 consonant
3146 4349 3324 4393 vetera
3358 4335 3509 4390 Novo

1936 4437 2301 4492 Testamento.
2338 4434 2730 4500 Quamobrem?
2763 4432 2896 4500 Quia
2932 4447 3069 4486 unus
3102 4440 3157 4486 et
3192 4431 3330 4485 idem
3370 4428 3509 4483 Deus

240 4537 384 4592 ἀλλά
416 4538 513 4589 καὶ
548 4538 606 4589 ὲν
635 4540 701 4607 τῇ
729 4534 971 4605 ﬂanti;
994 4533 1206 4604 Σφόδρα
1234 4532 1343 4603 γάρ
1371 4532 1438 4586 τά
1468 4532 1668 4586 παλαιά
1696 4549 1832 4601 συμ-

1939 4535 2041 4585 est.
2074 4526 2166 4594 qui
2208 4524 2295 4578 illa
2335 4525 2536 4585 sanxit,
2576 4533 2630 4578 et
2663 4522 2750 4577 hic
2783 4521 3071 4577 ordinavit.
3106 4520 3239 4586 Quis
3265 4533 3393 4573 vero
3424 4517 3507 4571 Itis

243 4631 423 4696 φωνεῖ
453 4630 521 4697 τῇ
548 4627 683 4697 Νέᾳ..
714 4625 813 4679 Διά
835 4625 917 4690 τί;
966 4624 1182 4694 Ἐπειδὴ
1220 4619 1301 4688 εἷς
1328 4625 1421 4677 καὶ
1446 4627 1474 4677 ὁ
1506 4623 1667 4685 αὐτὸς
1698 4624 1830 4688 Θεὸς

240 4721 271 4772 6
299 4722 535 4773 κάκεῖνα
566 4719 951 4789 νομοθετήσας,
985 4718 1078 4771 καὶ
1117 4712 1219 4770 ὦδε
1251 4715 1576 4788 βραϐεύσας.
1606 4717 1718 4768 Καὶ
1747 4717 1830 4779 τίς

243 4811 461 4874 τούτοις
502 4812 746 4881 μάρτυς;
792 4810 966 4872 Αὐτὸς
1002 4811 1031 4862 6
1062 4809 1282 4879 Κύριος.
1319 4809 1517 4861 ’Ἄκουε
1547 4806 1713 4859 αὐτοῦ
1743 4806 1831 4859 λέ-

243 4918 438 4971 γοντος
468 4902 526 4952 ἐν
551 4899 634 4968 τῷ
663 4901 917 4970 προφήτῃ
951 4896 1227 4966 Ἰεζεκιὴλ,
1251 4894 1387 4966 πρὸς
1414 4894 1540 4958 τοὺς
1572 4893 1830 4965 θεριστὰς

244 4992 537 5061 ἀγγέλους,
567 4990 668 5061 τὴν
708 4987 1002 5058 καθολικὴν
1038 4986 1346 5040 συντέλειαν
1386 4984 1701 5056 μηνύοντος,
1734 4982 1830 5036 οὔ·

244 5103 323 5137 τω
352 5084 562 5151 λέγων·
604 5082 699 5151 Μὴ
753 5084 1050 5152 φείσησθε
1093 5080 1218 5146 τοῖς
1269 5078 1595 5148 ὀφθαλμοῖς
1640 5074 1829 5146 ὑμῶν,

1940 4616 2091 4671 testis
2122 4614 2316 4669 fuerit?
2341 4614 2461 4684 Ipse
2495 4614 2777 4667 Dominus.
2815 4614 2949 4667 Audi
2983 4612 3127 4668 enim
3167 4626 3286 4665 eum
3319 4610 3506 4663 dicen-

1940 4716 2046 4760 tem
2088 4704 2142 4757 in
2181 4704 2436 4772 propheta
2487 4701 2771 4755 Ezechiele
2823 4702 2889 4755 ad
2942 4701 3160 4770 angelos
3207 4712 3499 4760 messores,

1938 4796 2065 4850 dum
2097 4794 2457 4848 universalem
2487 4790 3008 4847 consummationem
3033 4789 3358 4843 annuntians
3389 4788 3502 4841 ait:

1941 4886 2024 4940 Ne
2051 4887 2247 4954 pareite
2272 4884 2439 4938 oculis
2485 4884 2689 4947 vestris,
2737 4893 2785 4935 et
2835 4898 2898 4936 ne
2942 4880 3259 4934 miseremini
3310 4896 3504 4943 senem,

1937 4993 2097 5047 neque
2131 4976 2384 5039 iuvenem,
2415 4990 2576 5043 neque
2605 4974 2872 5043 virginem,
2911 4981 2957 5024 et
2984 4986 3205 5038 puerum
3239 4983 3285 5025 et
3312 4968 3504 5022 mulie-

1936 5082 2018 5121 res
2040 5065 2316 5134 interﬁcite
2338 5063 2407 5118 ad
2431 5065 2854 5118 internecionem.
2882 5060 2988 5114 Eos
3012 5069 3183 5113 autem
3197 5061 3285 5128 qui
3300 5061 3508 5128 signant

316 5268 364 5299 ⁷⁶
390 5266 586 5320 Matth.
614 5277 782 5328 xxv",
807 5262 897 5317 42.
973 5261 1017 5293 ⁷⁷
1058 5259 1244 5314 Matth.
1294 5272 1442 5322 XXVI,
1489 5256 1580 5309 51.
1653 5255 1702 5288 ’⁸
1741 5254 1838 5309 Lat

1939 5272 1965 5316 ι,
1998 5247 2088 5303 55.
2165 5246 2212 5278 ⁷⁸
2251 5245 2364 5300 Luc
2418 5260 2494 5312 ιι,
2529 5244 2618 5307 29,
2647 5243 2750 5308 50;
2788 5240 2977 5297 Matth.
3025 5256 3122 5305 xu,
3171 5237 3261 5304 '59,
3303 5237 3396 5291 40.

315 5399 432 5466 (59)
468 5397 704 5461 Τούτοις
715 5395 783 5449 δὲ
792 5392 1146 5466 περιέπεσεν
1164 5392 1203 5458 ἡ
1216 5389 1516 5459 Παρθένος
1530 5385 1745 5466 Μαρία.
1763 5387 1790 5441 1
1800 5404 1833 5441 n

247 5460 339 5522 (tas
382 5475 564 5520 autem
606 5460 787 5519 insidit
828 5460 983 5533 Virgo
1004 5460 1829 5533 Maria:uempe,cogitationes,

248 5538 410 5605 gladii
466 5538 641 5593 instar
692 5529 940 5605 animatnj
979 5537 1385 5605 pervadentes,“
1412 5529 1551 5605 quod
1601 5530 1832 5580 nondum

244 5596 396 5661 ὶὶὶνει
435 5607 537 5660 vim
569 5596 992 5658 resurrectionis.
1017 5601 1083 5654 Et
1116 5604 1229 5654 haec
1258 5600 1325 5651 ab
1347 5596 1577 5665 Origene
1609 5606 1829 5665 accepta

246 5678 394 5729 Imm.
433 5676 502 5728 17
539 5675 593 5725 in
638 5675 765 5726 Luc.
813 5687 918 5726 non
970 5671 1248 5737 probanda
1294 5668 1581 5727 sententia,
1618 5666 1682 5737 in
1720 5683 1823 5737 qua

245 5748 407 5798 etiam
452 5744 554 5797 fuit
591 5744 827 5813 Cyrillns
869 5750 939 5813 ct_
967 5736 1080 5813 alii.
1131 5740 1310 5792 Potuit
1342 5751 1491 5813 sane,
1539 5736 1681 5813 nulla
1730 5736 1823 5813 tali

247 5814 556 5885 ignorantia
592 5805 846 5868 laborans
899 5810 1085 5873 Maria,
1121 5806 1510 5877 compassionis
1542 5805 1735 5861 allectu
1768 5812 1824 5859 ct

1940 5379 2203 5436 maternis
2237 5378 2554 5442 visceribus,
2587 5379 2699 5433 dira
2733 5376 2821 5430 illa
2864 5375 2989 5430 Filii
3029 5376 3277 5443 passione
3321 5372 3507 5428 intime

1939 5451 2201 5512 cruciari;
2230 5459 2288 5502 ut
2315 5451 2474 5504 etiam
2497 5465 2560 5502 ex
2585 5448 2700 5502 zelo
2719 5446 2915 5500 divina:
2942 5446 3149 5512 glorim,
3166 5458 3326 5512 quam
3355 5452 3506 5497 tanto

1940 5523 1992 5575 in
2027 5519 2210 5574 Jesnm
2249 5520 2542 5586 parricidio
2589 5514 3158 5586 Judmorumﬂvidehat
3199 5515 3505 5586 immaniter

1939 5583 2282 5653 conculcari;
2312 5596 2368 5641 ut
2419 5602 2485 5640 ne
2516 5586 2826 5641 scandalum
2875 5583 3049 5635 dicam
3095 5584 3145 5635 in
3178 5597 3338 5636 cruce
3362 5583 3504 5634 l'utu-

1940 5676 2082 5721 runt,
2110 5659 2175 5709 ad
2206 5660 2347 5725 quod
2384 5658 2653 5725 prmcipue
2706 5655 2923 5706 Simeon
2976 5654 3240 5722 respicere
3269 5653 3499 5706 videtur.

1936 5728 2207 5782 Videndus
2239 5726 2400 5788 Beda,
2434 5734 2539 5778 etc.

2006 5797 2116 5867 (40)
2156 5795 2274 5861 Τὴν
2306 5793 2628 5861 Παρθένον.
2654 5791 2734 5847 Al.
2757 5792 2867 5863 Τὴν
2889 5792 3062 5864 ψυχὴν
3079 5794 3176 5863 τῆς
3204 5788 3493 5861 Παρθένου.
