4048 6462
616 438 685 496 59
1567 446 1627 500 S.
1671 444 2121 503 AMPBILOCHH
2165 446 2547 505 ICONIENSIS
2586 445 2895 504 EPISCOPI
3827 445 3902 501 ιεο

615 561 814 623 gestant
838 551 896 608 in
926 554 1208 624 frontibus,
1243 572 1305 611 ne
1340 557 1614 627 tetigeritis
1629 558 1699 612 “.
1737 558 1866 615 Vide
1891 561 2104 631 signum
2127 572 2181 615 et

2299 560 2383 614 sal
2437 559 2524 629 μὴ
2566 559 2862 628 ἐλεήσητε
2914 558 3276 627 πρεσϐύτην,
3326 558 3496 627 μηδὲ
3545 558 3902 613 νεανίσκον

620 643 827 701 Veteris
863 655 920 700 et
955 642 1086 701 Novi
1131 645 1501 714 Testamenti;
1549 657 1634 704 est
1678 649 1823 704 enim
1877 650 1990 718 ipsa
2045 665 2177 705 crux

2299 651 2381 704 uti
2406 651 2702 719 παρθένον
2719 664 2733 678 ⁸
2760 650 2859 704 καί
2889 647 3146 711 παιδίον,
3168 648 3269 701 καὶ
3289 647 3597 716 γυναῖκας
3620 648 3902 702 θανατώ-

615 750 736 804 qua!
766 734 939 790 salvat
962 735 1237 800 mundum,
1268 751 1364 807 per
1382 737 1565 794 Jesum
1586 737 1860 814 Christum
1887 740 2173 796 Dominum

2299 756 2431 796 mre
2479 744 2567 807 είς
2598 739 2935 809 ἐξάλειψιν.
2976 741 3105 809 Τοῖς
3148 741 3218 794 δὲ
3262 739 3747 813 ἐπιφερομένοις
3792 739 3896 792 ἐπὶ

617 835 861 880 tiostrum
911 848 924 881 :
958 827 1045 881 cui
1074 828 1243 898 gloria
1271 837 1327 884 et
1352 829 1656 900 imperium,
1685 845 1826 886 nunc
1857 839 1912 886 et
1938 845 2175 902 semper,

619 923 674 970 ct
705 917 758 970 in
792 918 985 971 saecula
1015 919 1356 974 saeculorum.
1388 921 1582 976 Amen.

2283 831 2402 885 τῶν
2420 828 2709 898 μετώπων
2740 828 2807 882 τὸ
2831 828 3105 898 σημεῖον,
3132 827 3219 899 μὴ
3242 828 3515 896 ἄψησθε.
3547 826 3668 879 Ἴδε
3702 825 3770 877 τὸ
3798 839 3901 892 ση-

2287 923 2437 992 μεῖον
2480 918 2578 989 τῆς
2616 919 2858 982 Παλαιᾶς
2890 918 2984 972 καί⁵
3020 917 3120 989 τῆς
3153 918 3318 981 Νέας.
3367 916 3555 980 Αὐτὸς
3585 915 3706 986 γάρ
3741 915 3900 966 ἐστιν

614 1008 648 1059 6
700 1007 932 1080 σταυρὸς
982 1011 1013 1063 6
1060 1010 1152 1064 τὸν
1205 1011 1409 1083 κόσμον
1459 1011 1683 1076 σώζων·
1727 1011 1816 1066 διὰ
1860 1010 2037 1083 Ἰησοῦ
2093 1010 2189 1065 τοῦ
2230 1011 2466 1083 Χριστοῦ
2505 1011 2600 1065 τοῦ
2646 1012 2850 1082 Κυρίου
2888 1008 3065 1082 ἡμῶν,
3111 1001 3157 1078 ᾧ
3223 1011 3258 1080 ἡ
3313 1007 3444 1075 δόξα
3486 1006 3593 1063 καὶ
3644 1007 3712 1060 τὸ
3752 1005 3900 1076 κρά-

617 1115 728 1167 τος,
763 1099 859 1155 νῦν
891 1100 984 1156 καὶ
1010 1101 1121 1166 ἀεὶ,
1151 1103 1247 1155 καὶ
1297 1104 1377 1165 είς
1418 1104 1546 1167 τοὺς
1591 1104 1794 1168 αἰῶνας
1827 1103 1938 1158 τῶν
1962 1100 2191 1159 αἰώνων.
2235 1102 2426 1173 Ἀμήν.

1202 1191 1460 1247 ORATIO
1500 1190 1586 1247 Ill.
1664 1220 1671 1221 ί

966 1281 1034 1337 In
1057 1281 1320 1337 Lazarum
1339 1284 1828 1353 quau-iduum“.

2919 1188 3138 1241 ΛΟΓΟΣ
3169 1187 3244 1241 Γ’.

2570 1280 2672 1346 Εἷς
2713 1278 2822 1333 τὸν
2865 1278 3263 1348 τεητηήμερον
3292 1275 3594 1347 Λάζαρον.

696 1370 738 1426 Ι.
776 1370 967 1427 Profer
1015 1388 1226 1428 rursum
1266 1373 1318 1427 in
1363 1374 1599 1428 medium
1647 1374 1904 1429 Joannem
1957 1386 2186 1443 evange-

2358 1370 2436 1427 A'.
2459 1372 2595 1444 Φέρε
2607 1373 2767 1426 πάλιν
2783 1372 2862 1436 είς
2876 1371 3038 1442 μέσον
3056 1372 3149 1425 τὸν
3168 1371 3572 1442 εὐαγγελιστὴν
3603 1369 3897 1442 Ἱωάννηνς

621 1463 822 1516 listam.
879 1462 1085 1517 Bonum
1129 1473 1213 1519 est
1261 1474 1318 1519 ut
1369 1465 1772 1521 consideremus
1825 1464 2181 1519 resurrectio-

2299 1462 2449 1515 καλὸν
2485 1461 2591 1531 γάρ
2622 1461 2719 1531 τὴν
2754 1459 3004 1532 ἀπαρχὴν
3044 1461 3144 1531 τῆς
3187 1461 3548 1521 ἀναστάσεως
3580 1460 3897 1529 σκοπῆσαι.

620 1555 708 1609 uis
743 1556 1026 1624 primitias.
1067 1557 1276 1612 Audisti
1325 1559 1469 1612 enim
1519 1571 1689 1627 nuper
1718 1557 2023 1612 dicentem:
2053 1556 2183 1608 Ante

2299 1555 2524 1616 Ἢκουες
2560 1552 2669 1621 γὰρ
2703 1552 2868 1604 αὐτοῦ
2911 1551 3116 1622 ἀρτίως
3149 1551 3393 1620 λέγοντος
3416 1567 3432 1583 ·
3470 1551 3607 1619 Πρὸ
3638 1550 3716 1615 ἐξ
3750 1552 3900 1620 ἠμε-

621 1662 714 1700 sex
754 1647 868 1701 dies
915 1646 1140 1704 Pascha:
1194 1649 1507 1711 renitlesus
1545 1648 1886 1713 Belhaniant,
1941 1647 2030 1701 ubi
2071 1655 2184 1700 erat

2299 1642 2406 1697 οῶν
2431 1642 2539 1697 τοῦ
2564 1643 2798 1710 Πάσχα,
2840 1636 3027 1712 ἦλθεν
3066 1645 3099 1695 ὁ
3149 1642 3378 1711 Ἰησοῦς
3414 1644 3513 1708 εἰς
3549 1644 3898 1710 Βηθανίαν,

624 1735 863 1792 Lazarus
920 1756 1072 1808 quem
1122 1741 1388 1796 suscitavit
1446 1757 1480 1795 α
1534 1742 1759 1794 mortuis
1802 1740 1870 1794 ”.
1940 1735 2186 1791 Vidistin’

2299 1731 2440 1785 ὅπου
2465 1727 2543 1801 ἦν
2565 1728 2843 1797 Λάζαρος,
2874 1729 2946 1782 ὃν
2969 1729 3201 1799 ἤγειρεν
3226 1731 3295 1785 ἐκ
3315 1730 3580 1800 νεκρῶν.
3614 1731 3763 1795 Ἴδες
3794 1732 3902 1803 τὴν

624 1828 1040 1882 resurrectionis
1061 1828 1352 1898 primitias,
1378 1827 1701 1897 praecedenti
1735 1835 1861 1895 typo
1891 1824 1943 1877 in
1977 1822 2183 1876 Lazaro

2299 1819 2536 1892 ὶπαρχὴν
2557 1821 2655 1891 τῆς
2679 1822 3025 1884 ἀναστάσεως
3045 1822 3103 1873 ὲν
3127 1822 3359 1901 Λαζάρῳ
3388 1823 3897 1894 προτυπωθεῐσαν,

624 1920 963 1991 designatas,
989 1933 1124 1988 quas
1144 1920 1393 1989 cognovit
1427 1916 1598 1973 ﬁdelis
1642 1916 1909 1986 populus?
1945 1915 2184 1984 Agnoveo

2299 1912 2352 1979 ἢν
2400 1912 2429 1963 ό
2470 1910 2660 1973 πιστὸς
2707 1908 2862 1979 ὄχλος
2902 1909 3226 1981 ὲγνώρισενς
3268 1913 3330 1964 Οί
3358 1912 3516 1981 ὄχλοι
3549 1912 3896 1984 ἐγνώρισαν.

624 2020 748 2064 runt
789 2010 979 2076 turbae,
1025 2018 1079 2063 et
1116 2008 1397 2078 pontifices
1438 2005 1755 2061 miraculum
1797 2002 2187 2058 transferentes

2299 1999 2380 2053 tui.
2403 2000 2454 2052 οἱ
2477 2001 2750 2071 ἀρχιερεῖς
2778 1998 3144 2070 ἐλοιδόρησαν,
3175 2001 3272 2069 τὴν
3305 2000 3783 2073 θαυματουργίαν
3818 2004 3901 2065 είς

622 2101 675 2153 in
698 2101 1036 2154 occasionem
1062 2098 1296 2160 invidiae,
1322 2096 1538 2166 probris
1567 2096 1816 2152 insectati
1848 2102 1994 2149 sunt.
2019 2091 2185 2146 Plane

2299 2089 2586 2157 βασκανίαν
2643 2088 3053 2159 μεταϐαλόντες.
3119 2091 3326 2155 Ὄντως
3382 2092 3721 2147 ἑϐάσκαναν
3795 2093 3900 2163 τὴν

628 2189 936 2244 inviderunt
978 2190 1239 2243 suscitato
1280 2186 1511 2252 Lazaro,
1559 2202 1682 2241 cum
1709 2194 1831 2255 post
1855 2186 1973 2253 ejus
2009 2197 2188 2238 resur-

2286 2179 2582 2233 ἀνάστασιν
2614 2179 2887 2249 Λαζάρου,
2925 2180 3006 2232 ὅτι
3045 2181 3180 2250 μετὰ
3217 2181 3315 2252 τὴν
3349 2182 3670 2236 ἀνάστασιν
3701 2184 3898 2247 αὐτοῦ,

629 2277 922 2331 rectionem
949 2290 1110 2345 quam
1138 2276 1362 2340 audisti,
1403 2275 1687 2329 consilium
1730 2274 1949 2328 inierint
1981 2280 2041 2326 ut
2064 2286 2186 2325 eum

2299 2266 2355 2341 ἧς
2386 2271 2602 2340 ἢκουες,
2638 2269 3120 2323 συνεϐουλεύσαντο
3151 2272 3311 2325 αὑτὸν
3347 2274 3708 2329 ἀποκτεῖναι.
3752 2277 3900 2339 Ἰδες

554 2394 561 2413 ι
625 2366 1008 2422 interficerent.
1037 2366 1284 2420 Vidistin’
1305 2376 1717 2434 exsuperantem
1748 2363 2001 2418 invidiam
2026 2363 2050 2416 ?
2090 2360 2191 2415 Cn.

631 2459 941 2529 gitaverunt
982 2460 1083 2530 ipsi
1120 2460 1444 2528 interﬁcere,
1472 2475 1630 2528 quem
1664 2461 1921 2516 Dominus
1963 2458 2197 2511 sitscita-.

629 2534 781 2603 verat
802 2548 882 2616 ⁸³;
913 2563 1015 2603 non
1039 2550 1238 2604 conscii
1268 2548 1404 2617 fore,
1436 2560 1492 2604 ut
1518 2549 1764 2620 quamvis
1800 2546 2187 2609 interfecerint,

630 2637 791 2693 facile
843 2639 915 2694 sit
968 2639 1195 2695 Domino
1237 2649 1296 2694 ut
1352 2642 1548 2696 iterum
1593 2640 1827 2695 amicum
1886 2637 2188 2694 resusritet.

627 2728 922 2785 Consilium
966 2731 1202 2789 buerunt
1234 2744 1293 2787 ut
1320 2733 1581 2788 Lazarum
1622 2733 2004 2787 interﬁcerent.
2051 2730 2190 2786 Nihil

625 2821 701 2875 ita
728 2822 1009 2877 mordebat
1035 2820 1246 2877 Judmos
1275 2822 1414 2877 sicut
1449 2823 1773 2877 resurrectio
1805 2821 2019 2876 Lazari.
2058 2821 2193 2875 Huic

627 2910 720 2965 uni
751 2910 1011 2965 miraculo
1050 2911 1399 2979 nequiverant
1433 2911 1754 2965 calumniam
1781 2910 1999 2964 inferre.
2047 2910 2188 2964 Caeci

626 3012 656 3052 a
690 2998 970 3052 nativitate
1020 2998 1460 3052 illuminationem
1508 2998 1719 3052 fuerant
1747 2999 2078 3063 calumniati,
2113 2998 2191 3053 di—

627 3097 850 3143 centes:
882 3087 983 3141 Hic
1009 3097 1085 3142 est
1109 3105 1128 3142 :
1150 3105 1254 3142 non
1277 3090 1467 3153 esthic,
1493 3088 1680 3142 similis
1704 3089 1751 3142 ei
1772 3098 1845 3142 est
1873 3089 1941 3141 “.
1958 3088 2192 3142 Fuerant
2221 3125 2265 3186 ϐ

628 3178 938 3232 calumniati
975 3179 1376 3234 suscitationeut
1424 3181 1546 3235 lilia:
1588 3180 1745 3246 Jairi,
1797 3179 2045 3234 dicentes
2071 3193 2194 3248 gra-

630 3268 764 3323 viori
820 3269 1126 3338 depressam
1180 3283 1391 3333 somno,
1442 3285 1548 3324 non
1589 3277 1966 3324 consummato
1998 3268 2194 3321 morbo

630 3357 795 3413 fuisse
834 3358 1083 3413 traditam
1112 3358 1179 3411 ⁸³.
1213 3356 1631 3419 Suscitatiouem
1679 3358 1773 3413 lilii
1804 3357 1978 3413 vidua
2006 3357 2197 3427 unige-

633 3448 729 3503 niti
761 3450 975 3504 fuerant
995 3450 1331 3516 calumniati,
1360 3450 1601 3506 dicentes
1634 3449 1919 3505 simulasse
1941 3458 2193 3514 mortem,

632 3555 736 3596 non
780 3541 972 3595 mortis
1010 3542 1321 3610 absorptum
1355 3539 1640 3610 tyrannide
1665 3540 1732 3595 ⁸⁸.
1766 3539 2102 3595 Exsiccatam
2133 3537 2198 3591 ti-

634 3646 759 3686 cum
809 3630 1124 3686 calumniati
1166 3640 1343 3695 erant,
1379 3632 1620 3686 dicentes
1648 3631 1857 3685 eruisse
1879 3629 2021 3684 velut
2050 3628 2196 3684 accl-

631 3737 769 3789 sam,
811 3737 915 3778 non
951 3722 1205 3777 siccatam
1256 3736 1505 3777 sermone
1535 3722 1814 3777 Dominico
1836 3721 1903 3773 ⁸⁷.
1936 3722 2104 3787 Aqua:
2142 3716 2196 3768 iu

631 3812 812 3866 vinum
856 3813 1139 3867 mutationi
1197 3813 1486 3868 intulerant
1535 3813 1896 3873 calumniam,
1956 3809 2199 3861 dicentes

629 3903 738 3970 jam
767 3903 819 3957 iu
842 3917 996 3958 cmna
1020 3903 1432 3958 temulentorum
1456 3918 1572 3957 rem
1595 3915 1734 3967 esse,
1762 3913 1863 3952 nec
1893 3897 2198 3952 irrisionem

633 3991 1046 4059 percipientium
1075 3992 1158 4046 "z
1187 3993 1286 4048 soli
1310 3990 1642 4045 suscitatioui
1665 3987 1857 4041 Lazari
1887 4002 1990 4040 non
2017 3996 2199 4055 potue-

638 4094 762 4135 rant
795 4082 1016 4140 inferre.
1049 4082 1306 4138 Viderunt
1335 4080 1507 4147 ipsum
1540 4077 1839 4132 Lazarum:
1865 4078 1948 4131 vir
1974 4076 2201 4147 insignis

638 4181 1032 4244 eratzpompte
1094 4170 1302 4226 funebri
1360 4169 1574 4223 fuerant
1627 4168 1895 4235 comites;
1959 4170 2203 4223 viderant

636 4263 905 4329 signatum
958 4261 1288 4330 sepulcrum,
1342 4257 1558 4313 fuerant
1609 4272 1707 4328 pro
1750 4274 1900 4314 more
1937 4259 2201 4314 consolati

640 4353 785 4408 velut
822 4354 875 4406 in
909 4350 1275 4420 parentalibus
1321 4361 1377 4404 et
1426 4349 1690 4403 demortui
1736 4350 1913 4420 epulo.
1966 4348 2204 4405 Fuerant

2292 2359 2587 2429 βασκανίας
2618 2360 2957 2431 ὑπερϐολήν;
2985 2363 3081 2415 Ὃν
3124 2363 3154 2415 6
3198 2362 3400 2433 Κύριος
3433 2365 3698 2436 ἤγειρεν,
3732 2366 3903 2419 αὐτοὶ

2291 2450 2603 2502 ἀποκτεῖναι
2637 2448 3005 2519 διενοήθησαν,
3035 2452 3107 2522 μὴ
3132 2453 3446 2518 συνειδότες,
3480 2456 3570 2508 ὅτι
3594 2456 3705 2510 κᾶν
3731 2457 3900 2510 αὐτοὶ

2292 2536 2692 2602 ἀποκτείνουσι,
2724 2538 2885 2593 πάλιν
2914 2539 3113 2610 κοῦφον
3138 2540 3216 2611 τῷ
3238 2542 3425 2615 Κυρίῳ
3447 2546 3778 2613 ἀναστῆσαι
3803 2547 3901 2599 τὸν

2292 2629 3026 2700 φίλον..,Συνεϐουλεύσαντο
3084 2631 3176 2685 τὸν
3228 2633 3479 2704 Λάζαρον
3531 2637 3895 2692 ἀποκτεῖναι.

2293 2726 2457 2780 Οὐδὲν
2492 2724 2664 2788 οὕτως
2711 2725 2997 2795 ὲδρίμυττε
3027 2728 3155 2789 τοὺς
3199 2727 3513 2794 Ἰουδαίους,
3558 2730 3641 2792 ὡς
3675 2735 3711 2800 ἠ
3757 2730 3899 2784 ἀνά-

2295 2833 2480 2880 στασις
2506 2816 2600 2869 τοῦ
2625 2816 2897 2887 Λαζάρου.
2920 2817 3089 2870 Τοῦτο
3116 2819 3275 2889 μόνον
3297 2819 3360 2872 τὸ
3382 2818 3579 2890 θαῦμα
3611 2822 3718 2875 οὐκ
3741 2822 3899 2893 ἴσχυ-

2296 2924 2393 2961 σαν
2422 2906 2842 2976 συκοφαντῆσαι.
2873 2908 2984 2979 Τὴν
3017 2909 3309 2980 ἀνάϐλεψιν
3350 2909 3444 2963 τοῦ
3488 2913 3560 2964 ὲκ
3617 2914 3899 2981 γεννητῆς

2294 2997 2490 3066 τυφλοῦ
2519 2998 2961 3070 ὲσυκοφάντησαν
2983 2998 3232 3068 λέγοντες
3254 3019 3268 3032 ·
3305 2996 3499 3067 Οὗτός
3526 3004 3711 3057 ἐστιν
3733 3019 3749 3033 '
3779 3006 3897 3071 οὐχ

2294 3086 2471 3158 οὗτός
2498 3091 2668 3146 ἐστιν
2689 3108 2704 3123 ο
2735 3091 2934 3162 ὅμοιος
2961 3092 3146 3147 αὐτοῦ
3166 3095 3356 3148 ἐστιν.
3386 3094 3501 3158 Τὴν
3533 3094 3765 3166 ἔγερσιν
3795 3096 3896 3164 τῆς

2297 3180 2561 3255 Θυγατρδς
2598 3181 2809 3254 ’ἰαήρου
2834 3184 3279 3255 ὲσυκοφάντησαν
3314 3182 3449 3257 (41),
3484 3185 3778 3253 λέγοντες,
3817 3186 3896 3246 ὼς

2296 3274 2622 3347 κατηνέχθη,
2679 3278 2772 3332 καὶ
2815 3277 2877 3330 οὐ
2921 3277 3111 3348 τελείῳ
3158 3276 3376 3348 θανάτῳ
3431 3280 3743 3351 παρεδόθη.
3780 3280 3894 3349 Τὴν

2295 3364 2590 3420 ἀνάστασιν
2613 3367 2708 3421 τοῦ
2742 3367 2859 3421 υἱοῦ
2897 3367 3000 3437 τῆς
3045 3368 3219 3438 χήρας
3249 3367 3343 3419 τοῦ
3388 3370 3727 3437 μονογενοῦς
3761 3372 3891 3423 ὲσυο

2297 3455 2641 3526 κοφάντησαν
2669 3455 2938 3521 λέγοντες,
2967 3454 3045 3515 ὡς
3071 3453 3162 3505 τὸν
3190 3452 3417 3506 θάνατον
3445 3454 3583 3524 ἐσχη
3592 3455 3891 3524 ματίσατο,

2296 3544 2392 3598 καὶ
2418 3544 2517 3613 οὐχ
2551 3543 2656 3595 ὑπὸ
2691 3542 2790 3611 τῆς
2821 3540 3132 3610 τυραννίδος
3161 3540 3255 3594 τοῦ
3295 3541 3527 3594 θανάτου
3579 3543 3890 3613 κατεπόθη.

2300 3633 2412 3701 Τὴν
2437 3629 2799 3701 ξηρανθεῖσαν
2824 3629 2999 3700 συκῆν
3021 3630 3468 3702 ὲσυκοφάντησαν
3492 3632 3781 3702 λέγοντες,
3814 3636 3892 3697 ὡς

2297 3719 2773 3792 τρυγωνισθεῖσαν,
2816 3720 2909 3773 καὶ
2948 3720 3049 3791 οὐχ
3081 3720 3160 3784 ὡς
3189 3723 3504 3795 Δεσποτικῷ
3534 3727 3754 3797 ῥήματι
3792 3725 3891 3794 ξη-

2302 3812 2607 3883 ρανθεῖσαν.
2632 3813 2743 3885 Τὴν
2778 3812 2873 3867 τοῦ
2910 3812 3099 3878 ὕδατος
3127 3816 3208 3879 είς
3247 3814 3386 3870 οἶνον
3418 3818 3731 3890 μεταϐολὴν
3766 3821 3894 3871 ὲσυ-

2301 3902 2647 3973 κοφάντησαν
2677 3902 2943 3971 λέγοντες,
2974 3905 3049 3968 ὡς
3073 3906 3174 3976 ἤδη
3202 3906 3312 3960 τῶν
3352 3908 3411 3960 ὲν
3441 3907 3521 3978 τῷ
3552 3909 3765 3980 δείπνῳ
3800 3927 3896 3979 με-

2300 3992 2627 4059 θυσθέντων,
2665 3993 2759 4047 καὶ
2795 3993 2869 4063 μὴ
2900 3994 3119 4048 εἰδότων
3149 3995 3475 4066 τὴνχλεύην.
3503 3998 3621 4069 Τὴν
3654 4000 3893 4053 ἀνάστα-

2304 4100 2390 4137 σιν
2420 4084 2588 4154 μόνην
2619 4082 2713 4137 τοῦ
2748 4084 2998 4154 Λαζάρου
3034 4085 3134 4140 οὐκ
3177 4086 3401 4158 ἴσχυσαν
3453 4091 3888 4160 συκοφαντῆσαι.

2304 4175 2443 4228 ’Ίδον
2479 4176 2640 4229 αὑτὸν
2668 4177 2949 4248 Λάζαρον·
2982 4177 3250 4249 ἐπίσημος
3289 4176 3358 4251 ἦν
3392 4182 3420 4234 6
3445 4181 3591 4253 ἀνήρ
3611 4200 3626 4213 ο
3657 4181 3891 4252 ἠκολού-

2303 4267 2473 4338 θησαν
2493 4271 2557 4339 τῇ
2581 4270 2743 4341 κηδίᾳ
2765 4287 2779 4302 ο
2809 4272 2918 4325 ἴδον
2936 4273 3028 4327 τὸν
3050 4273 3219 4341 τάφον
3244 4272 3687 4341 σφραγιξόμενον
3707 4290 3721 4303 ο
3748 4290 3892 4344 παρ-

2303 4355 2640 4427 εμυθήσαντο
2664 4357 2806 4411 κατὰ
2836 4358 2898 4412 τὸ
2932 4359 3248 4423 εἰωθὸς-,ὡς
3264 4358 3331 4410 ἑν
3362 4356 3703 4429 περιδείπνῳ
3730 4357 3894 4410 θανά-

637 4443 901 4500 consolati
927 4442 1191 4497 Martinam
1220 4453 1275 4498 et
1305 4441 1529 4498 Mariam
1556 4456 1772 4498 sorores
1796 4442 2008 4498 Lazari.
2039 4443 2199 4500 Nove-

2311 4464 2426 4503 του.
2468 4448 2932 4518 Παρεμυθήσαντο
2957 4449 3186 4519 Μάρθαν
3229 4446 3322 4501 καὶ
3357 4446 3584 4518 Μαρίαν
3609 4448 3714 4511 τάς
3742 4445 3895 4501 ἀδελ-

638 4545 761 4590 rant
784 4545 893 4589 tres
919 4533 1034 4588 dics
1057 4533 1276 4599 habere,
1311 4540 1560 4589 accurate
1594 4533 1896 4602 depositum
1931 4534 1983 4588 in
2008 4549 2201 4589 monu-

640 4635 845 4693 mento,
873 4639 1101 4694 esseque
1135 4624 1551 4694 quatriduanum
1582 4632 1895 4692 mortuum;
1927 4626 2206 4694 undequa-

640 4734 748 4789 que
777 4716 1050 4772 dissolutis
1081 4717 1325 4782 artubus,
1365 4717 1584 4771 minutis
1612 4716 1888 4780 carnibus,
1917 4730 2201 4770 nervorum

642 4808 839 4877 colliga
850 4809 993 4863 tione
1017 4808 1243 4875 divulsa,
1267 4808 1538 4878 dissipatis
1560 4809 1878 4875 visceribus,
1908 4818 2098 4864 ventre
2120 4809 2207 4863 dc-

644 4901 865 4955 ﬂuente.
901 4902 1030 4956 Cum
1060 4910 1245 4957 essent
1281 4900 1473 4955 horum
1513 4901 1736 4967 conscii,
1778 4915 1842 4955 ac
1873 4910 2093 4969 repente
2121 4901 2206 4954 vi~

643 4993 849 5047 dissent
887 4992 1258 5049 resuscitatum
1311 4993 1573 5047 Lazarum
1624 4992 1969 5056 incolumem,
2012 5006 2204 5046 novam

642 5083 790 5138 velut
814 5097 878 5137 ex
911 5092 1087 5147 torno,
1121 5092 1285 5137 totam
1314 5082 1564 5153 juvenem
1594 5092 1953 5150 vegetamque
1981 5097 2045 5135 ac
2065 5081 2207 5135 reui-

2307 4543 2415 4611 φάς
2444 4541 2539 4594 τοῦ
2564 4541 2814 4610 Λαζάρου
2837 4557 2852 4572 ⁸
2881 4541 3121 4611 ἔγνωσαν
3146 4542 3228 4594 ὅτι
3260 4540 3531 4610 τέσσαρας
3563 4539 3785 4611 ἡμέρας
3811 4532 3890 4591 εἷ-

2306 4650 2421 4702 χεν,
2460 4632 2703 4704 ἀκριϐῶς
2729 4633 2789 4685 ὲν
2810 4631 2890 4702 τῷ
2927 4632 3175 4702 μνημείῳ
3202 4629 3540 4692 κατατεθεὶς,
3575 4629 3672 4683 καὶ
3700 4630 3784 4683 ὅτι
3807 4645 3893 4681 τε-

2307 4723 2618 4794 τραήμερος
2648 4722 2860 4794 νεκρὸς,
2906 4721 3165 4777 πάντοθεν
3190 4720 3471 4792 ἔξαρθρος,
3515 4721 3629 4774 τῶν
3670 4719 3892 4796 σαρκῶν

2314 4815 2672 4887 μειωθέντων,
2718 4814 2820 4884 τῆς
2861 4812 3249 4885 νευροστασίας
3288 4811 3743 4879 διασπασθείσης,
3780 4808 3890 4860 τῶν

2310 4903 2596 4957 ὲνδοσθίων
2642 4903 3187 4975 διασκορπισθὲντων,
3238 4900 3334 4971 τῆς
3367 4899 3600 4969 γαστρὸς
3637 4896 3887 4966 ἐκχυθεί-

2308 5010 2427 5065 σης.
2455 4994 2640 5048 Ταῦτα
2682 4994 3000 5058 συνειδότες,
3038 4994 3113 5057 ὡς
3148 4993 3256 5046 ἴδον
3295 4990 3489 5061 ἀθρόον
3518 4990 3620 5058 τὴν
3652 4988 3890 5042 ἀνάστα-

2308 5100 2393 5137 σιν
2440 5084 2694 5156 Λαζάρου
2747 5084 2908 5150 σῶαν,
2937 5082 3128 5156 ἀρτίαν
3159 5083 3234 5146 ὡς
3266 5080 3374 5135 ἀπὸ
3409 5078 3598 5150 τόρνου
3644 5076 3888 5131 στίλϐου-

644 5177 860 5229 dentem
896 5176 1154 5244 speciem,
1202 5174 1400 5227 turbati
1446 5173 1699 5239 fuerunt;
1740 5188 1929 5241 parum
1964 5172 2118 5226 abest
2148 5180 2199 5224 ul

2317 5191 2415 5229 σαν
2476 5174 2575 5245 τὴν
2635 5176 2990 5238 παννεωσίαν,
3052 5172 3445 5243 ἐταράχθησαν.
3505 5169 3719 5241 Μικροῦ
3778 5166 3885 5218 δεῖν

647 5280 739 5320 ne‘
763 5265 1121 5334 exspirarent,
1167 5279 1272 5331 non
1320 5264 1653 5319 invenientes
1697 5262 1891 5331 quibus
1933 5262 2207 5331 praetextis

2313 5266 2618 5336 ἀπέψυξαν,
2648 5267 2723 5339 μὴ
2752 5268 3096 5339 εὑρίσκοντες
3126 5265 3315 5334 λόγους
3342 5260 3790 5335 προφασιλογίας,
3825 5256 3886 5306 τὸ

733 5426 779 5459 ⁸⁸
804 5427 997 5484 Ezecb.
1022 5441 1102 5489 ιι,
1152 5426 1205 5492 5,
1246 5424 1297 5479 6.
1375 5425 1417 5457 ⁸¹
1450 5422 1601 5479 Joau.
1628 5442 1704 5494 χι,
1737 5427 1943 5494 Πςιιᾳ.
2017 5422 2063 5454 ⁸³
2092 5421 2199 5478 Joal

2302 5440 2362 5486 ιι,
2393 5424 2444 5477 l.
2502 5422 2548 5453 ”
2578 5419 2869 5494 ξοιιιιηξιι,
2914 5421 2999 5474 10.
3075 5422 3120 5494 εξ
3148 5420 3302 5474 Jnan.
3335 5436 3410 5485 ιιι,
3440 5422 3493 5476 8.
3568 5419 3613 5450 ⁸⁸
3632 5416 3792 5470 Marc.
3832 5428 3885 5475 ν,

647 5492 748 5562 59;
772 5495 902 5552 Luc.
928 5512 1049 5564 vul,
1075 5496 1162 5553 52.
1192 5490 1198 5492 ⁷
1239 5496 1285 5528 ⁸⁸
1314 5494 1564 5564 Lucum,
1592 5490 1698 5550 11(
1750 5490 2003 5550 ⁸⁷Μξιίιιι.
2031 5508 2143 5558 χχι,
2169 5494 2193 5546 1

2299 5494 2448 5549 .liarc.
2485 5508 2561 5558 xl,
2587 5492 2672 5546 l5.
2748 5490 2792 5523 ⁸⁸
2820 5490 2975 5545 Joan.
3002 5506 3061 5555 ιι,
3089 5490 3142 5546 9.
3171 5507 3289 5561 sqq.

722 5626 836 5708 (il)
883 5629 1443 5708 Ἐςονυκοφᾲντησαν.
1467 5627 1677 5708 _Salte_m
1710 5636 2007 5708 potuerunt
2035 5600 2239 5708 aliqua‘

650 5697 831 5768 specie
864 5697 1211 5768 calumniari;
1244 5699 1515 5768 quomodo
1540 5699 1743 5768 reliqua
1775 5698 1945 5767 accipi
1979 5697 2202 5768 debent:

654 5764 825 5822 solam
851 5766 993 5820 enim
1043 5764 1295 5837 expresse
1338 5769 1466 5825 cazci
1498 5764 1945 5825 illutuinationcin
1978 5764 2133 5820 Joan.
2164 5777 2211 5814 ιν

2318 5626 2545 5706 legimus
2579 5640 2793 5692 passam
2841 5625 3159 5680 calumniam
3190 5644 3201 5679 :
3232 5624 3310 5689 τὸ,
3346 5616 3646 5691 κατηνέχθη
3678 5609 3883 5683 signifi-

2323 5704 2691 5751 cautissmmm
2725 5704 2826 5750 cst.
