4048 6508
611 475 685 552 ιδ

1572 487 1630 542 S.
1672 486 2119 543 AMPHILOCIHI
2162 483 2542 541 ICONIENSIS
2582 478 2892 536 EI‘ISCOPI

3842 481 3944 533 64

494 661 504 666 -
608 608 804 666 Lazari
831 608 941 662 vult
965 607 1187 662 videre?
1213 606 1269 661 Si
1292 619 1373 660 est
1404 606 1493 660 Dei
1519 606 1709 668 Filius,
1737 606 2018 660 suscitauit
2040 620 2185 659 eum.

2315 603 2355 654 Εί
2385 602 2510 663 Υἱός
2542 601 2659 652 ἐστι
2698 597 2793 652 τοῦ
2844 594 3001 657 Θεοῦ,
3030 593 3219 648 τοῦτον
3252 594 3565 667 ἀναστήσει.
3611 596 3734 650 Τῶν
3776 599 3940 668 γὰρ

608 701 760 768 Quod
784 700 925 753 enim
958 699 1021 751 ad
1054 713 1148 752 eos
1176 704 1381 765 spectat
1414 713 1549 766 quos
1581 712 1770 750 recens
1801 705 2042 750 mortuos
2066 711 2189 750 sus-

610 792 812 853 citavit,
860 788 1153 842 nescimus.
1192 788 1343 844 Unde
1373 803 1502 855 ergo
1548 788 1910 842 sciverimus?
1952 789 2008 842 Si
2035 795 2193 841 crant

615 883 854 952 perfecte
894 881 1115 942 mortui,
1164 879 1309 933 hunc
1349 879 1653 942 suscitabit,
1708 893 1881 947 eoque
1911 879 2190 948 cognosci.

616 985 735 1023 mus
770 983 891 1022 esse
924 984 981 1022 re
1011 983 1135 1022 vera
1193 968 1282 1021 Dei
1340 967 1558 1020 Filium.
1604 967 1757 1022 Unde
1775 978 1831 1023 et
1866 968 2074 1023 Martha
2108 978 2190 1022 ta-

615 1060 753 1115 libus
776 1075 836 1114 se
859 1060 1199 1114 sermonibus
1224 1060 1434 1113 facilem
1457 1060 1723 1128 prmbens,
1753 1062 1980 1114 accessit
2003 1069 2054 1113 ct
2078 1061 2191 1123 ipsa

617 1152 683 1205 ad
721 1152 1030 1217 Dominum,
1078 1152 1304 1204 dicens:
1339 1148 1457 1214 Quo
1502 1150 1702 1217 pergis,
1752 1150 2008 1203 Domine?
2056 1150 2193 1215 Quid

619 1244 700 1299 vis
738 1244 919 1298 videre
967 1241 1273 1310 sepulcrum
1311 1239 1548 1294 Lazari?
1594 1239 1731 1305 Quid
1778 1239 2000 1293 refricas
2047 1240 2195 1295 dolo-

618 1350 732 1389 rem
789 1334 1074 1389 nostrum?
1113 1333 1248 1400 Quid
1285 1331 1491 1386 luctmn
1544 1329 1880 1385 exsuscitas?
1931 1330 2069 1396 Quid
2115 1331 2196 1384 vis

619 1429 807 1481 videre
837 1425 1169 1496 sepulcrum?
1199 1424 1343 1478 Nihil
1366 1424 1533 1488 enim,
1572 1422 1812 1486 Domine,
1844 1421 1969 1475 inde
2003 1422 2198 1475 retule-

616 1517 695 1570 ris
723 1516 988 1571 commodi
1017 1533 1030 1568 :
1057 1516 1171 1584 jam
1195 1516 1338 1583 (etet,
1371 1513 1754 1581 quatriduanus
1780 1522 1853 1564 cst
1894 1516 2057 1563 enim.
2090 1511 2195 1565 Do-

621 1611 798 1662 minus
820 1619 998 1662 autem
1026 1608 1094 1661 ad
1125 1606 1414 1659 Martham:
1437 1602 1626 1657 Nonne
1657 1604 1770 1656 diai
1804 1603 1915 1661 (ibi.
1944 1605 2198 1672 quoniam

620 1699 665 1751 si
695 1698 998 1761 credideris,
1019 1698 1209 1750 videbis
1237 1697 1457 1765 gloriam
1472 1693 1585 1748 'Dei
1611 1697 1636 1749 7
1662 1694 1859 1747 Mihine
1894 1693 2052 1756 dicis,
2074 1693 2198 1747 1am

623 1790 742 1858 fetet
762 1791 787 1842 Ρ
817 1789 984 1843 Soror
1010 1799 1096 1841 tua
1130 1788 1279 1857 ungit
1309 1796 1602 1857 unguento,
1646 1786 1870 1854 ipsaque
1902 1787 1952 1840 in
1976 1785 2201 1841 infideli.

625 1893 733 1934 tate
785 1880 1128 1947 denigraris?
1161 1879 1291 1933 Volo
1321 1879 1502 1933 videre
1536 1879 1843 1947 sepulcrum
1881 1880 2035 1932 amici
2070 1879 2196 1933 mei.

2293 692 2622 763 προσφάτως
2654 688 3114 758 τελευτησάντων,
3138 680 3212 739 ὧν
3241 687 3485 759 ἡγειρεν,
3517 689 3617 742 οὐκ
3646 692 3827 744 ὲπιστ
3839 690 3927 745 ά-

2295 780 2454 850 μεθα.
2478 778 2646 831 Πόθεν
2672 774 2763 830 οὖν
2795 766 2987 846 ἴσμενξ
3015 776 3077 827 El
3102 774 3292 845 τελείῳ
3318 775 3532 847 Θανάτῳ
3572 779 3933 851 παρεδόθη-

2296 888 2414 935 σαν,
2454 870 2643 923 τοῦτον
2674 869 2990 937 ἀναστήσει,
3034 866 3129 919 καὶ
3173 866 3375 934 γνῶσιν
3411 866 3766 941 λαμϐάνομεν
3806 873 3935 924 ὅτι

2294 960 2512 1031 ἀληθῶς
2557 958 2690 1012 Θεοῦ
2732 958 2862 1021 Υἱός
2902 958 3071 1010 ἐστιν.
3108 956 3274 1010 Ὅθεν
3314 957 3408 1010 καὶ
3452 960 3485 1029 ἡ
3525 960 3726 1030 Μάρθα
3774 964 3936 1025 τοῖς

2295 1054 2472 1121 λόγοις
2500 1050 2759 1112 τοιούτοις
2794 1046 3340 1118 συμπεριενεχθεῖσα,
3364 1048 3635 1119 προσῆλθε
3663 1051 3744 1122 τῷ
3782 1054 3933 1106 Κυ-

2300 1147 2396 1217 ρίῳ
2421 1145 2516 1198 καὶ
2537 1144 2674 1214 αὑτὴ
2697 1142 2960 1210 λέγουσα⁸
2989 1139 3099 1194 Ποῦ
3127 1140 3355 1212 πορεύῃ,
3382 1142 3627 1197 Δέσποτα
3651 1160 3665 1209 ;
3695 1145 3763 1196 Τί
3800 1144 3933 1197 Θέ-

2296 1233 2407 1296 λεις
2432 1233 2521 1286 τὸν
2559 1233 2730 1300 τάφον
2776 1232 2903 1283 ἰδεῖν
2940 1229 3219 1299 Λαζάρου;
3255 1231 3320 1282 Τί
3363 1231 3462 1302 τὴν
3491 1232 3682 1304 ὀδύνην
3726 1236 3928 1305 ἡμῶν

2296 1325 2579 1392 ἀναξέεις;
2610 1323 2674 1374 Τί
2706 1321 2765 1373 τὸ
2789 1320 2981 1383 πένθος
3007 1321 3344 1391 ἐπεγείρεις;
3374 1322 3439 1374 Τί
3464 1323 3640 1386 θέλεις
3662 1326 3759 1379 τὸν
3793 1325 3925 1379 τά-

2300 1435 2397 1489 φον
2453 1416 2609 1481 ἱδεῖν;
2650 1413 2816 1467 Οὐδὲν
2848 1412 2959 1482 γὰρ
2988 1412 3195 1482 ὠνήσῃ,
3236 1412 3514 1467 Δέσποτα·
3560 1416 3705 1483 Ἤδη
3748 1417 3922 1482 ὄζει,

2298 1507 2688 1576 τετραιψερος
2746 1503 2857 1574 γάρ
2915 1504 3104 1557 ἐστιν.
3165 1504 3223 1556 Ὀ
3264 1504 3321 1558 δὲ
3374 1504 3578 1576 Κύριος
3618 1508 3760 1576 πρὸς
3792 1509 3922 1579 τὴν

2298 1599 2530 1671 Μάρθαν
2550 1614 2563 1626 ⁸
2598 1599 2719 1651 Οὐκ
2756 1593 2930 1650 εἶπόν
2953 1611 3076 1660 σοι,
3111 1595 3200 1648 ὅτι
3228 1595 3337 1649 ἐὰν
3361 1598 3722 1667 πιστεύσῃς,
3760 1601 3917 1669 ὄψῃ

2298 1695 2415 1763 τὴν
2429 1694 2618 1757 δόξαν
2641 1692 2747 1746 τοῦ
2769 1691 2956 1751 Θεοῦ;
3000 1690 3155 1761 Ἐμοὶ
3189 1690 3368 1758 λέγεις
3388 1732 3401 1755 ,
3434 1691 3578 1758 Ἤδη
3624 1692 3779 1757 ὄζει;
3832 1695 3916 1746 'H

2300 1787 2502 1857 ἀδελφή
2552 1801 2645 1838 σου
2682 1781 2919 1855 μυρίζει,
2949 1784 3043 1836 καὶ
3074 1783 3139 1835 σὺ
3165 1783 3403 1853 καπνίζῃ
3435 1783 3494 1836 ἐν
3528 1786 3594 1855 τῇ
3621 1786 3915 1858 climatiae;

2302 1878 2453 1932 Θέλω
2484 1877 2576 1930 τὸν
2602 1877 2771 1943 τάφον
2805 1875 2934 1927 ἰδεῖν
2955 1873 3049 1926 τοῦ
3079 1874 3233 1943 φίλου
3273 1892 3393 1945 μου.

689 1972 781 2035 ιν.
823 1971 916 2026 His
956 1972 1216 2027 Dominus
1269 1972 1448 2034 dictis,
1507 1971 1572 2023 ad
1630 1972 1936 2040 sepulcrum
1983 1986 2204 2040 proces-

2360 1973 2433 2023 A'.
2459 1969 2640 2024 Ταῦτα
2668 1967 2835 2021 εἰπὼν
2856 1967 3122 2039 ὁΚύριος,
3155 1969 3247 2020 ἐπὶ
3272 1969 3362 2023 τὸν
3381 1970 3550 2038 τάφον
3574 1969 3914 2042 ἐπορεύετο·

623 2065 733 2130 sit,
757 2066 977 2135 jamque
1007 2064 1079 2117 illi
1112 2064 1462 2132 pr0pinquus,
1510 2071 1568 2115 ut
1607 2073 1812 2115 tantum
1849 2062 1981 2116 vidit
2019 2078 2209 2117 monu-

625 2167 886 2221 mentum,
967 2156 1171 2209 statim'
1222 2154 1552 2222 lacrymatus
1605 2162 1707 2206 est.
1772 2151 1907 2217 Quid
1974 2168 2102 2206 vero
2157 2155 2206 2207 ei

516 2258 527 2263 '
625 2262 785 2317 quem
819 2256 937 2300 erat
966 2245 1350 2310 suscitaturus,
1376 2258 1512 2313 opus
1543 2243 1835 2311 lacrymis?
1902 2241 2098 2312 Utique
2128 2245 2209 2297 Ia-

625 2348 900 2409 crymatus
961 2347 1047 2391 est
1109 2335 1391 2397 Dominus,
1446 2344 1498 2387 ut
1550 2334 1641 2401 qui
1701 2334 1973 2402 sapienter
2028 2336 2208 2389 omnia

629 2439 861 2499 gereret.
912 2427 1002 2482 Est
1035 2427 1176 2480 enim
1210 2427 1540 2496 lacrymatns
1568 2427 1635 2480 ad
1674 2426 1959 2490 tumulum,
1999 2435 2057 2480 ut
2082 2427 2211 2496 quid

633 2519 668 2575 ii
704 2520 793 2591 qui
826 2518 1050 2574 comites
1082 2518 1435 2572 adh-.esissent
1469 2520 1535 2571 de
1573 2518 1690 2585 ipso
1743 2517 2068 2587 suspicionis
2114 2519 2210 2571 lia-

634 2611 822 2663 berent
862 2608 1045 2662 animo
1082 2607 1373 2676 repositum
1422 2607 1698 2676 proderet.
1732 2605 1887 2661 Unde
1936 2611 2100 2662 etiam
2154 2616 2213 2661 ut

605 2704 884 2773 .viderunt
958 2702 1367 2773 lacrymantem,
1427 2701 1719 2756 humanum
1783 2702 1960 2755 denuo
2009 2698 2243 2769 aliquid.

634 2807 803 2861 passa:
860 2791 1054 2855 turbzr,
1099 2799 1384 2860 cmperunt
1432 2788 1681 2844 conferre
1731 2790 1982 2852 invicem,
2026 2805 2091 2844 ac
2133 2790 2214 2843 di-

632 2898 755 2937 cere
790 2900 803 2935 :
838 2879 975 2935 Ecce
1005 2883 1263 2950 quomodo
1287 2880 1497 2933 amabat
1529 2896 1668 2934 eum.
1700 2879 1815 2933 Non
1867 2888 2093 2949 poterat,
2119 2879 2209 2944 qui

634 2952 914 3023 suscitavit
950 2979 1188 3025 mortuos
1213 2986 1278 3026 ac
1311 2971 1468 3024 caecis
1496 2970 1735 3025 restituit
1771 2971 1945 3026 visum
1967 3011 1982 3035 ,
2037 2970 2214 3025 facere

635 3071 693 3112 nt
732 3077 798 3114 ne
855 3059 940 3114 Itic
989 3058 1308 3125 moreretur,
1342 3061 1610 3129 siquidem
1659 3078 1780 3114 cum
1821 3063 1898 3115 sic
1951 3063 2214 3118 amabat?

638 3149 895 3205 Dovninus
924 3159 1103 3204 autem
1135 3160 1193 3204 ut
1223 3166 1317 3204 eos
1348 3153 1527 3206 adhuc
1554 3154 1786 3207 humana
1819 3155 1949 3207 vidit
1985 3155 2211 3223 loquen-

640 3253 739 3302 tes,
771 3240 874 3293 illis
905 3242 1179 3307 respondit
1205 3241 1366 3297 :l“.rat
1400 3243 1530 3296 mihi
1567 3259 1670 3296 non
1703 3260 1886 3313 grave,
1914 3254 1971 3298 ut
2018 3244 2207 3300 Lazari

2312 2062 2407 2116 καὶ
2437 2060 2743 2132 πλησιάσας
2762 2059 2840 2130 τῷ
2870 2058 3046 2129 τάφῳ,
3085 2059 3242 2129 μόνον
3276 2056 3382 2114 εἶδε
3413 2062 3476 2115 τὸ
3495 2067 3779 2134 μνημεῖον,
3808 2064 3918 2116 εὐ-

2311 2154 2450 2216 θέως
2487 2152 2776 2223 ἐδάκρυσε.
2835 2149 2932 2214 Τίς
2976 2152 3009 2220 ή
3048 2151 3206 2221 χρεία
3240 2152 3516 2222 δακρύειν,
3549 2154 3607 2206 δν
3658 2154 3918 2225 ἧμελλεν

2310 2246 2575 2317 ἐγείρειν;
2613 2243 2911 2313 Ἐδάκρυσε
2940 2243 3078 2314 (47),
3130 2242 3211 2295 διὸ
3242 2244 3479 2308 συνετῶς
3509 2246 3687 2298 πάντα
3713 2249 3743 2298 ὁ
3778 2245 3919 2299 Κύ-

2313 2354 2427 2409 ριος
2452 2335 2630 2404 σοφῶς
2661 2332 3176 2405 ἐπραγματεύσατο.
3221 2334 3515 2404 Ἐδάκρυσε
3548 2336 3656 2408 γὰρ
3682 2335 3779 2388 ἐπὶ
3807 2337 3922 2389 τὸν

2311 2428 2501 2496 τάφον,
2534 2426 2684 2489 ὅπως
2703 2424 2812 2478 τῶν
2842 2423 3325 2496 ἀκολουθησάντων
3344 2425 3443 2496 τὴν
3474 2424 3698 2495 γνώμην
3723 2426 3791 2497 δη
3801 2444 3920 2495 μο-

2314 2519 2526 2593 σιεύσῃ,
2553 2519 2671 2571 οἵαν
2696 2517 2878 2589 έχουσι
2916 2518 3045 2589 περὶ
3078 2516 3243 2570 αὑτοῦ
3270 2517 3522 2587 ὑποψίαν.
3551 2518 3642 2570 Διὸ
3675 2523 3772 2571 καὶ
3820 2518 3917 2582 ὡς

2312 2605 2453 2664 εἶδον
2495 2608 2659 2662 αὐτὸν
2692 2607 3061 2680 δακρύσαντα,
3100 2606 3415 2677 ἀνθρώπινα
3447 2608 3609 2662 πάλιν
3632 2609 3915 2672 παθόντες

2311 2701 2362 2753 οἰ
2393 2698 2814 2761 ἀκολουθοῦντες
2855 2698 3022 2769 ὄχλοι,
3072 2699 3305 2770 ἦρξαντο
3335 2700 3468 2771 πρὸς
3496 2701 3720 2763 ἑαυτοὺς
3744 2701 3913 2753 ἀντι-

2313 2792 2527 2846 ϐάλλειν
2549 2791 2645 2844 καὶ
2668 2791 2867 2860 λέγειν’
2895 2787 3069 2856 Εἶδες
3099 2788 3226 2857 πῶς
3252 2791 3446 2869 ἐφίλει
3475 2791 3689 2855 αὑτόν;
3716 2792 3775 2846 '0
3805 2808 3910 2845 νε-

2312 2885 2478 2954 κροὺς
2500 2884 2740 2955 ἐγείρας,
2763 2883 2856 2935 καὶ
2890 2882 3124 2952 τυφλοὺς
3152 2882 3506 2954 ὀμματώσας,
3543 2885 3644 2938 οὐκ
3664 2884 3909 2955 ἠδύνατο

2314 2976 2536 3047 ποιῆσαι
2575 2975 2663 3029 ἵνα
2693 2974 2787 3028 καὶ
2832 2966 2989 3036 οὗτος
3043 2974 3117 3044 μὴ
3172 2973 3440 3045 ἀποθάνῃ,
3483 2975 3532 3028 ει
3576 2974 3683 3046 ἄρα
3723 2974 3913 3053 οὔτευς

2314 3067 2487 3138 ἐφίλει
2540 3065 2736 3130 αὐτόνς
2810 3065 2868 3117 '0
2895 3064 2950 3117 δὲ
2989 3064 3215 3136 Κύριος,
3274 3064 3350 3128 ὡς
3396 3061 3536 3118 εἶδεν
3569 3067 3766 3129 αὐτοὺς
3812 3067 3907 3118 ἔτι

2314 3158 2632 3231 ἀνθρώπινα
2655 3156 2969 3220 λαλοῦντας,
3002 3158 3340 3228 ἀπεκρίνατο
3360 3156 3496 3227 πρὸς
3518 3157 3735 3220 αὐτούς’
3761 3154 3909 3212 K06-

2316 3269 2413 3321 φον
2448 3250 2547 3322 μὲν
2578 3245 2645 3321 ἦν
2678 3266 2768 3319 μοι
2812 3251 3265 3320 παρακατασχεῖν
3309 3247 3409 3319 τὴν
3436 3246 3581 3317 ζωὴν
3620 3247 3903 3317 Λαζάρου,

639 3333 818 3394 vitam,
883 3333 1329 3401 quemadmodum
1377 3334 1538 3388 etiam
1581 3311 1721 3390 Elite
1754 3346 1808 3390 et
1846 3337 2049 3403 Euoch,
2086 3341 2209 3393 reti.

2315 3341 2390 3406 ὼς
2419 3341 2510 3394 καὶ
2532 3340 2626 3393 τοῦ
2667 3340 2821 3394 Ἠλία
2863 3339 2960 3394 καὶ
2994 3338 3086 3391 τοῦ
3129 3338 3320 3408 Ἑνὼχ,
3372 3338 3488 3390 ἀλλ’
3527 3336 3700 3400 οὐδεὶς
3744 3336 3909 3408 ὑμῶν

636 3438 820 3478 ιιυι-οιιι
850 3443 862 3477 :
893 3439 1048 3478 nemo
1077 3434 1252 3478 tamen
1285 3435 1524 3479 vestrum
1551 3467 1565 3489 ,
1610 3443 1725 3480 mea
1759 3427 1903 3481 illam
1940 3430 2210 3486 tolnntate

2316 3432 2631 3502 ἐγίνωσκεν,
2674 3434 2755 3485 ὅτι
2784 3434 2850 3501 τῇ
2900 3434 3005 3500 ἐμῇ
3037 3430 3252 3500 θελήσει
3292 3431 3325 3500 ἡ
3364 3427 3477 3498 ζωὴ
3508 3429 3755 3498 Λαζάρου
3792 3444 3904 3480 πα-

641 3518 859 3571 retineri
919 3518 1278 3586 cognovisset.
1327 3516 1533 3571 Idcirco
1566 3519 1783 3585 permisi
1820 3528 1879 3573 ut
1910 3532 2083 3576 morte
2117 3523 2212 3577 ab-

2319 3524 2695 3593 ρακατέχεται.
2720 3519 2819 3572 Διὰ
2843 3518 2999 3572 τοῦτο
3022 3517 3375 3590 συνεχώρησα
3413 3518 3518 3571 ὑπὸ
3539 3516 3633 3570 τοῦ
3667 3517 3905 3570 θανάτου

640 3611 973 3673 sorberetur,
1028 3623 1153 3677 quo'
1183 3608 1493 3662 accuratius
1526 3610 1650 3663 vitae
1677 3619 1732 3664 et
1773 3611 1963 3665 mortis
2013 3612 2212 3668 habere

2319 3612 2483 3667 αὐτὸν
2507 3610 2906 3680 καταποθῆναι,
2938 3611 3085 3672 ὅπως
3114 3610 3357 3680 ἀκριϐῶς
3392 3610 3619 3681 μάθητε,
3644 3610 3725 3663 ὅτι
3755 3610 3905 3679 ζωῆς

643 3714 729 3753 me
774 3708 1090 3768 potestatem
1125 3701 1396 3754 docerem.
1442 3699 1672 3768 Moxque
1712 3701 1777 3755 ad
1806 3690 2212 3768 eos‘Dominus,

643 3798 701 3843 ut
731 3804 919 3844 omnes
958 3791 1105 3844 clare
1160 3793 1330 3845 nostis
1365 3810 1377 3845 :
1416 3789 1674 3845 Revolvitc
1726 3791 1973 3859 lapidem.
2021 3791 2218 3846 Judaris

643 3881 873 3951 iniunxit
908 3891 966 3935 ut
997 3881 1333 3935 revolverent
1367 3883 1597 3950 lapidem
1634 3881 1768 3951 (46).
1820 3882 1949 3934 Vide
1999 3892 2057 3934 ut
2108 3897 2219 3935 om-

644 3971 731 4023 nia
774 3971 1062 4039 prudenter
1127 3972 1384 4040 gesserit,
1454 3980 1616 4025 testes
1666 3970 2076 4038 probatissimos
2137 3987 2220 4026 re-

642 4061 993 4117 surrectionis
1075 4061 1264 4116 Lazari
1333 4060 1559 4114 faciens.
1634 4059 1896 4114 Revolvite
1969 4062 2217 4131 lapidem.

641 4154 920 4209 Concessit
967 4153 1243 4221 discipulis
1303 4158 1365 4204 ut
1419 4163 1668 4205 sermone
1695 4161 1903 4207 montes
1963 4153 2224 4207 transier-

644 4256 763 4298 rent
801 4246 869 4309 ",
923 4254 979 4299 et
1031 4245 1147 4311 ipse
1200 4257 1304 4295 non
1359 4240 1584 4295 revolvit
1643 4230 1915 4307 lapidem?
1994 4244 2219 4310 Verum,

647 4345 705 4390 ut
765 4337 923 4401 dixi,
970 4335 1149 4389 omnia
1208 4332 1480 4402 sapienter
1526 4334 1593 4388 ad
1649 4334 1929 4389 utilitatem
1987 4352 2222 4405 gerens,

644 4427 780 4480 dixit
840 4425 1038 4477 Judmis
1084 4439 1099 4474 :
1136 4421 1396 4477 Revolvite
1439 4422 1665 4491 lapidem
1692 4463 1709 4490 ,
1772 4436 1828 4480 ut
1881 4441 1943 4480 ex
1978 4426 2094 4495 ipso
2148 4425 2228 4480 fe.

646 4517 777 4575 retri
824 4515 1014 4579 fetore,
1067 4514 1339 4581 putruisse
1370 4514 1707 4581 defunctum,
1740 4531 1844 4571 non
1875 4518 2019 4573 furto
2062 4518 2230 4573 fuisse

645 4607 914 4662 sublatum
968 4605 1258 4662 discerent.
1309 4602 1565 4660 Revolvite
1622 4606 1870 4675 lapidem.
1928 4606 1997 4661 Ut
2046 4619 2224 4663 autem

646 4700 722 4756 illi
760 4708 1163 4751 murmurantes
1195 4695 1539 4750 revolverunt
1589 4697 1893 4767 (mordebat
1947 4700 2089 4753 enim
2143 4701 2251 4753 ef--

649 4793 852 4845 frenata
907 4786 1081 4858 capuli
1127 4787 1347 4855 olentia)
1391 4808 1404 4842 :
1451 4803 1571 4842 cum
1614 4789 1795 4859 itaque
1859 4792 1946 4858 qui
2007 4794 2227 4849 aderant

653 4880 1009 4935 revolvissent
1049 4877 1301 4948 lapidem,
1333 4877 1614 4934 confestim
1644 4880 1894 4936 clamavit
1928 4881 2225 4950 Dominus,

651 4970 836 5025 dicens
881 4968 1155 5034 :Lazare,
1213 4972 1328 5025 veni
1360 4970 1521 5039 foras.
1580 4972 1751 5026 llerns
1779 4982 1863 5027 est
1890 4975 1980 5043 qui
2027 4984 2224 5030 vocat:

652 5073 722 5115 ne
751 5059 872 5129 quis
901 5061 1307 5116 contradixerit.
1356 5060 1582 5127 Lazare,
1624 5064 1739 5116 veni
1781 5065 1972 5131 foras;
2020 5076 2223 5120 certam

652 5153 812 5207 ﬁdem
854 5153 1025 5207 sorori
1062 5162 1165 5209 tuae
1196 5153 1419 5208 Marthae
1449 5154 1611 5209 facito
1650 5166 1708 5208 ut
1735 5156 1977 5225 jubeam,
2032 5174 2134 5211 non
2169 5168 2229 5212 ut

652 5245 968 5314 Supplicem.
1001 5244 1222 5310 Lazare,
1254 5246 1371 5299 veni
1413 5246 1577 5316 foras.
1639 5246 1957 5317 Priusquam
2008 5248 2232 5304 descen-

654 5335 804 5401 deru,
845 5350 1120 5406 percurre,
1172 5348 1228 5391 et
1257 5337 1496 5391 edissere
1550 5337 1602 5390 in
1653 5348 1704 5391 te
1740 5338 2136 5394 arrhabonem:
2176 5340 2228 5393 in

658 5441 744 5480 me
770 5438 964 5492 autem,
1000 5430 1141 5497 quod
1176 5425 1476 5498 perfectum
1514 5439 1616 5481 est.
1654 5425 1877 5493 Lazare,
1909 5429 2024 5483 veni
2061 5429 2226 5496 foras.

732 5603 775 5635 ⁸⁸
808 5604 991 5658 Matth.
1037 5622 1170 5673 xvu,
1196 5605 1283 5661 l9.

733 5696 1067 5769 (46).!udaeis
1099 5701 1326 5769 injunxit
1373 5710 1426 5753 ut
1462 5698 1774 5753 rcvolverent
1807 5699 2054 5767 lapidem.
2104 5697 2225 5753 llatc

663 5769 857 5824 desunt
892 5767 942 5819 in
983 5767 1201 5831 (Si-meis,
1228 5772 1320 5822 sed
1349 5786 1538 5824 sensus
1566 5780 1793 5822 constat.

736 5837 843 5905 (47)
886 5835 1230 5905 ’Eé‘dxpvoe.
1266 5839 1465 5892 Littera
1500 5840 1711 5893 vitiosa.

736 5904 845 5977 MS)
877 5906 991 5973 Πρό
1023 5904 1124 5959 τοῦ
1162 5906 1422 5961 ecateida)
1451 5907 1677 5972 ἔξελθε.
1727 5908 1870 5964 Perit
1899 5908 2043 5980 lepos
2076 5908 2223 5964 Grie-

2322 3704 2414 3756 καὶ
2450 3702 2682 3756 θανάτου
2728 3702 2826 3771 τὴν
2860 3701 3107 3766 ἐξουσίαν
3133 3701 3261 3771 ἔχω.
3312 3703 3423 3755 Καὶ
3442 3701 3604 3766 εὐθὺς
3630 3702 3765 3773 πρὸς
3802 3703 3907 3753 αὺ-

2318 3793 2446 3855 τοὺς
2478 3795 2505 3845 ὁ
2533 3791 2756 3863 Κύριος,
2787 3790 2968 3854 καθὼς
2994 3792 3107 3845 ἴστε
3150 3791 3352 3855 πάντες
3381 3790 3589 3861 σαφῶς·
3638 3792 3903 3844 ’Λποκυο

2320 3882 2532 3935 λίσατε
2558 3881 2664 3934 τὸν
2686 3882 2879 3935 λίθον.
2914 3881 3089 3933 Βλέπε
3133 3881 3251 3944 πῶς
3298 3883 3475 3936 πάντα
3523 3880 3702 3948 σοφῶς
3735 3880 3907 3950 ἐπρα-

2323 3970 2689 4040 γματεύσατο,
2719 3970 3000 4043 μάρτυρας
3033 3972 3281 4043 ἀκριόεἴς
3307 3971 3405 4039 τῆς
3437 3969 3784 4032 ἀναστάσεως
3799 3971 3906 4021 Λα-

2325 4064 2491 4138 ζάρου
2553 4063 2846 4118 καθιστῶν.
2918 4064 3356 4118 Ἀποκυλίσατε
3392 4061 3499 4113 τὸν
3547 4062 3742 4114 λίθον.
3778 4061 3900 4122 Τοῖς

2329 4157 2598 4229 μαθηταῖς
2623 4157 2923 4228 ἐπέτρεπεν
2949 4155 3049 4227 ὅρη
3073 4153 3403 4225 μεταγαγεῖν
3438 4151 3603 4222 λόγῳ,
3627 4154 3719 4206 καὶ
3741 4152 3901 4215 αὐτὸς

2325 4247 2472 4301 λίθον
2506 4249 2607 4301 οὐκ
2638 4245 3003 4309 ἀπεκύλισεν;
3069 4244 3229 4297 Ἀλλά
3264 4244 3442 4297 πάντα.
3473 4242 3673 4313 σοφῶς,
3722 4240 3902 4304 καθὼς

2328 4339 2609 4408 προεῖπον,
2646 4333 3168 4407 πραγματευόμενος
3202 4333 3339 4403 πρὸς
3370 4332 3723 4398 λυσιτέλειαν,
3749 4332 3901 4399 ἐλεγε

2326 4433 2439 4493 τοῖς
2473 4408 2791 4495 Ἰουδαίοις(
2830 4426 3266 4480 Ἀποκυλίσατε
3302 4424 3410 4479 τὸν
3450 4426 3644 4491 λίθον,
3670 4426 3811 4489 ὅπως
3841 4425 3903 4490 ἐξ

2327 4520 2498 4590 αὐτῆς
2516 4520 2616 4589 τῆς
2647 4518 2978 4589 νεκροφόρου
3012 4517 3294 4586 ἀποφορᾶς
3335 4515 3579 4585 μάθωσιν
3616 4516 3696 4570 ὅτι
3725 4515 3899 4586 ἐσάπη
3988 4548 3999 4551 -

2331 4612 2425 4665 καὶ
2452 4611 2552 4665 οὐκ
2600 4610 2834 4679 ἐκλάπη.
2892 4607 3332 4661 Ἀποκυλίσατε
3355 4606 3461 4659 τὸν
3489 4607 3682 4660 λίθον.
3710 4606 3821 4658 Τῶν
3843 4607 3901 4659 δὲ

2328 4702 2772 4755 ἀποκυλισάντων
2809 4698 2949 4770 μετά
2976 4697 3292 4768 γογγυσμοῦ
3324 4698 3663 4770 (ἐδρίμυττεν
3678 4697 3782 4769 γάρ
3807 4699 3889 4751 αὐ·

2300 4796 2305 4801 ’
2328 4793 2452 4854 τοὺς
2474 4792 2507 4862 ἡ
2526 4792 2859 4862 νεκροφόρου
2887 4789 3123 4853 δυσίνιος
3146 4789 3445 4859 ἀποφορά)’
3468 4787 3901 4842 ἁποκυλισάντων

2328 4880 2387 4934 δὲ
2424 4880 2532 4934 τῶν
2566 4880 2851 4950 παρόντων
2867 4880 2960 4932 τὸν
2985 4878 3151 4944 λίθον,
3181 4878 3386 4940 εὐθέως
3408 4877 3633 4948 ἐϐόησεν
3661 4878 3690 4928 ό
3708 4877 3900 4949 Κύριος

2329 4972 2525 5042 λέγων’
2565 4972 2810 5041 Λάζαρε,
2846 4972 3024 5040 δεῦρο
3047 4972 3182 5037 ἔξω.
3207 4969 3485 5039 Δεσπότης
3508 4971 3536 5021 ὁ
3567 4968 3765 5032 καλῶν,
3815 4970 3899 5021 οὑ-

2330 5065 2441 5129 δεὶς
2473 5067 2502 5118 ὁ
2528 5066 2840 5134 ἀντιλέγων.
2862 5064 3114 5133 Λάζαρε,
3145 5063 3320 5131 δεῦρο
3338 5060 3472 5125 ἔξιθ’
3503 5060 3898 5132 πληροφόρησον

2333 5157 2562 5229 Μάρθαν
2613 5157 2714 5228 τὴν
2741 5158 2974 5229 ἀδελφήν
3008 5174 3123 5220 σου,
3151 5156 3225 5219 ὡς
3257 5154 3485 5216 κελεύω,
3531 5156 3627 5208 καὶ
3654 5156 3748 5223 οὐχ
3797 5154 3897 5204 ἰκε-

2330 5250 2492 5304 τεύω.
2524 5248 2764 5317 Λάζαρε,
2821 5248 2998 5318 δεῦρο
3035 5248 3170 5312 ἔξω.
3213 5246 3325 5317 Πρὸ
3351 5246 3442 5299 τοῦ
3475 5246 3738 5308 κατέλθω,
3763 5244 3897 5310 ἔξελ-

2333 5339 2391 5393 θε
2418 5340 2547 5409 (48)’
2586 5342 2643 5393 ἐν
2678 5340 2759 5392 σοὶ
2803 5339 2895 5392 τὸν
2940 5337 3258 5412 ἁρῤαϐὦνα,
3313 5340 3371 5391 ἐν
3413 5338 3538 5409 ἐμοὶ
3584 5336 3646 5389 τὸ
3686 5336 3890 5389 τέλειον.

2331 5428 2573 5498 Λάζαρε,
2628 5430 2801 5497 δεῦρο
2826 5429 2961 5493 ἐξω.

2335 5713 2429 5752 cus
2462 5698 2514 5750 in
2553 5698 2701 5751 suavi
2743 5695 2828 5749 illa
2870 5693 3448 5765 propositimiisgsolius
3477 5693 3892 5748 commutatione.

2335 5769 2413 5822 Tn
2434 5782 2584 5835 ergo,
2617 5763 2927 5836 priusquam
2974 5763 3146 5819 morte
3197 5763 3401 5836 inferna
3445 5772 3643 5836 petam,
3673 5766 3888 5836 estolid-

2340 5832 2573 5892 minib'ns‘
2596 5832 2802 5905 prmcoi
2838 5846 3050 5890 tutemet
3096 5832 3526 5905 resurrectionis,
3567 5841 3623 5883 ut
3654 5832 3892 5901 primitia-

2337 5923 2500 5963 rum:
2543 5903 2777 5979 memque
2813 5908 2980 5976 illius,
3023 5914 3078 5959 ut
3138 5903 3399 5973 perfecti;
3440 5914 3630 5970 nempe
3678 5914 3730 5955 ut
3765 5915 3883 5969 ejus,
