4118 6416
661 373 728 426 67
1612 386 1691 441 .s.
1733 382 2180 439 AMl’lllLOCllll
2220 382 2247 435 ιι

2348 378 2605 439 ἪΕΝδιὸ
2644 375 2953 434 EPISCOPI

3839 377 3927 436 63

654 512 789 567 stus,
818 514 916 556 nos
940 500 1223 573 recreavit.
1252 499 1352 555 Ubi
1378 498 1520 553 enim
1549 499 1595 553 is
1618 499 1954 561 convivatur,
1984 505 2040 551 et
2064 495 2221 549 simul

2348 493 2474 564 ιαρά
2495 491 3109 562 Ζακχαίῳὲστιώμενος.
3132 490 3304 545 Ὅπου
3329 489 3435 561 γάρ
3453 490 3687 561 Χριστὸς
3719 494 3933 550 ἑστιᾶ-

658 594 917 647 recumbit
940 607 1061 646 cum
1086 590 1414 651 hominibus,
1440 598 1728 657 nostroque
1750 597 1804 641 et
1821 598 1947 655 potu
1965 595 2020 640 et
2043 599 2223 638 mensa

658 682 872 747 fruitur,
908 684 962 735 in
1005 682 1186 735 laetum
1220 678 1401 733 omnia
1447 693 1753 732 sermonem
1810 674 2222 729 transferuntur.

658 774 791 837 Quis
818 772 985 834 enim,
1033 772 1158 824 dum
1190 770 1313 824 (ιωιί
1350 783 1413 821 ac
1464 777 1619 821 terra:
1651 775 1925 822 auctorem
1968 763 2021 817 in
2050 762 2227 832 publi-

658 878 914 915 canorum
968 861 1440 929 meretricumque,
1493 872 1585 911 seu
1621 857 1831 910 illorum
1869 855 1959 923 qui
2000 852 2226 907 nefanda

661 961 1097 1022 perpetraverant
1151 950 1488 1019 publicanam
1521 948 1664 1001 videt
1702 945 2095 1001 subintrautem
2131 942 2228 996 do-

662 1061 805 1096 mum
837 1057 1064 1097 :enmve
1096 1042 1186 1110 qui
1227 1040 1407 1109 fruges
1449 1040 1682 1109 prmbct,
1728 1039 2023 1092 humanum
2061 1034 2230 1089 mani-

663 1135 761 1187 bus
803 1133 1152 1201 accipientem
1190 1147 1417 1201 panem;
1470 1145 1565 1183 seu
1604 1143 1827 1181 uvarum
1870 1127 2187 1194 largitorem
2211 1164 2226 1189 ,

663 1234 820 1291 potus
864 1224 1241 1277 communione
1296 1221 1588 1276 toreularia
1640 1217 2043 1273 benediceutem
2083 1231 2228 1271 :nou

662 1329 781 1366 eam
819 1329 931 1367 rem
963 1314 1099 1368 festo
1142 1314 1381 1382 hancque
1427 1310 1752 1376 celebritati,
1787 1309 1979 1363 merito
2008 1309 2231 1377 deputa-

662 1404 838 1457 vcrit?
875 1404 1059 1459 Fuerit
1088 1404 1245 1474 plane
1277 1404 1391 1456 lucc
1428 1402 1708 1463 festivitas,
1740 1401 1852 1453 haec
1880 1398 2063 1451 laetitia
2096 1411 2227 1450 con-

665 1496 790 1548 vivii
821 1495 1046 1565 angelici
1098 1515 1110 1548 :
1153 1502 1213 1547 ut
1243 1493 1500 1546 Dominus
1545 1506 1665 1544 eum
1700 1488 1893 1551 servis,
1938 1485 2082 1541 Deus
2112 1501 2234 1567 cum

667 1587 1006 1651 Imminibus;
1032 1585 1303 1639 communi
1335 1583 1498 1652 judex
1532 1580 1736 1649 potitus
1768 1594 1951 1633 mensa
1990 1578 2237 1631 videatur

664 1690 788 1729 eum
828 1674 956 1728 reis.
1023 1672 1228 1727 Idcirco
1270 1672 1434 1734 enim,
1470 1668 1607 1723 caelo
1641 1668 2010 1731 nondeserto,
2044 1666 2097 1719 in
2128 1673 2237 1719 ter-

665 1779 779 1817 ram
828 1764 1014 1816 venit:
1048 1770 1236 1829 estque
1284 1758 1459 1814 factus
1511 1758 1694 1820 homo,
1731 1756 2010 1810 divinitate
2066 1754 2238 1808 haud-

2323 600 2432 645 ται,
2474 584 2569 635 καὶ
2597 585 2708 645 τοῖς
2738 581 3047 652 ἀνθρώποις
3102 582 3567 643 συνανακλίνεται,
3594 582 3691 634 καὶ⁵
3730 581 3925 636 ποτοῦ

2326 672 2424 725 καὶ
2447 670 2728 742 τραπέζης
2762 670 3024 723 ἀπολαύει
3052 671 3151 740 τῆς
3179 671 3471 741 ἡμετέρας,
3520 671 3659 742 πρὸς
3687 671 3781 724 τὸν
3808 671 3924 741 τῆς

2324 762 2661 833 εὐφροσύνης
2701 761 2994 832 μετάγεται
3030 759 3209 829 λόγον.
3264 762 3363 825 Τίς
3406 761 3517 832 γάρ
3550 760 3831 824 τελωνῶν,
3883 759 3922 830 ἢ

2326 852 2560 924 πορνῶν,
2588 853 2642 923 ,ἢ
2686 853 2794 906 τῶν
2835 853 2902 906 τά
2933 854 3146 923 ἄρρητα
3174 853 3564 925 ἐργασαμένων
3589 851 3757 913 δεινὰ,
3817 852 3924 905 τὸν

2326 943 2553 1015 ούρανοῦ
2576 943 2609 1013 ἢ
2635 944 2730 995 καὶ
2756 944 2858 1013 γῆς
2890 944 3147 1014 Ποιητὴν,
3167 945 3383 1014 οστέγην
3411 943 3710 997 ὑπελθόντα
3737 942 3925 995 τελω-

2327 1035 2483 1105 νικὴν
2514 1034 2745 1103 βλέπων
2798 1034 2831 1104 ἢ
2877 1034 2967 1088 τὸν
2993 1034 3104 1087 τῶν
3146 1034 3436 1105 ἀσταχύων
3475 1034 3697 1105 δοτῆρα,
3740 1031 3921 1103 ἄρτον

2327 1125 2668 1197 ἀνθρώπινον
2704 1126 2842 1195 μετά
2875 1128 3065 1196 χεῖρας
3079 1126 3443 1196 λαμόἀνοντα,
3473 1125 3507 1196 ἢ
3533 1125 3627 1178 τὸν
3673 1123 3786 1176 τῶν
3825 1122 3924 1191 βο-

2330 1211 2510 1280 τρύων
2524 1214 2779 1282 χορηγὸν,
2794 1214 2859 1282 τῇ
2886 1213 3139 1283 κοινωνίᾳ.
3164 1214 3260 1267 τοῦ
3286 1214 3451 1268 ποτοῦ
3462 1213 3562 1273 τὰς
3588 1212 3784 1283 ληνοὺς
3796 1213 3919 1284 (57)

2330 1302 2668 1371 εὐλογοῦντα·
2729 1301 2805 1372 μὴ
2858 1303 3049 1373 ἑορτὴν
3107 1304 3202 1356 καὶ
3238 1306 3546 1374 πανήγυριν
3601 1303 3796 1357 θέσθαι
3852 1303 3921 1355 τὸ

2332 1395 2562 1464 πρᾶγμα
2589 1393 2960 1459 δικαιώσειεν;
2980 1393 3126 1465 Αὕτη
3153 1394 3368 1466 ἀληθῶς
3398 1395 3578 1466 ἑορτή·
3614 1393 3751 1463 αὕτη
3774 1394 3919 1462 ἁληέ

2333 1482 2441 1546 θῶς
2456 1484 2755 1554 ἀγγελικῆς
2790 1483 3085 1547 ἑστιάσεως
3115 1485 3442 1557 εὐφροσύνη,
3488 1486 3550 1538 τὸ
3574 1486 3666 1538 τὸν
3703 1483 3917 1537 Δεσπόα

2332 1591 2453 1644 την,
2489 1576 2629 1643 μετά
2678 1575 2896 1627 δούλων·
2946 1576 3037 1627 τὸν
3092 1575 3244 1640 Θεὸν,
3291 1577 3426 1647 μετά
3460 1576 3779 1646 ἀνθρώπωψ
3820 1574 3918 1627 τὸν

2333 1664 2611 1735 δικαστὴν,
2633 1664 2771 1735 μετά
2784 1665 2893 1717 τῶν
2907 1667 3221 1720 ὑπευθύνων
3247 1669 3380 1739 όρᾷν
3396 1666 3917 1737 κοινῆς.ἀπολαύον-

2334 1771 2406 1806 τα
2467 1755 2766 1825 τραπέζης.
2816 1757 2914 1811 Διά
2944 1757 3050 1827 γάρ
3082 1757 3238 1812 τοῦτο
3279 1758 3373 1811 ἐπὶ
3418 1759 3524 1827 γῆς
3563 1754 3748 1828 ἦλθεν,
3809 1754 3919 1809 οὐκ

664 1866 933 1921 quaquatn
961 1848 1201 1918 deposita
1227 1865 1243 1912 ;
1278 1858 1336 1901 ut
1365 1848 1526 1900 etiam
1560 1860 1709 1899 mare
1743 1844 2025 1914 navigans,
2056 1841 2238 1896 mundi

2348 1845 2545 1917 ἔρημον
2605 1846 2917 1901 καταλιπὼν
2976 1849 3069 1902 τὸν
3138 1848 3365 1918 οὐρανόν
3386 1866 3397 1877 ⁸
3462 1847 3557 1901 καὶ
3622 1845 3916 1916 ἄνθρωπος

664 1940 824 2010 hujus
856 1940 1046 2010 pelago
1081 1947 1400 2007 tempestate
1436 1938 1692 2007 iactatos,
1724 1935 1790 1989 de
1820 1934 2025 2004 peccati
2072 1933 2240 1986 tundo

664 2032 972 2085 extraheret
1012 2052 1025 2084 :
1072 2031 1327 2099 vicosque
1372 2039 1427 2082 et
1473 2027 1632 2082 urbes
1690 2027 2035 2089 circumiens,
2090 2024 2240 2094 angi-

664 2130 959 2187 portusque
997 2129 1052 2173 et
1095 2118 1314 2173 semitas
1363 2126 1525 2184 atque
1558 2116 1738 2170 aditus
1762 2115 2198 2169 circumcursans
2221 2152 2237 2177 ,

665 2219 913 2262 errantes
959 2210 1013 2262 in
1060 2207 1235 2264 triviis
1270 2222 1366 2261 ceu
1399 2206 1444 2237 ⁹³
1485 2222 1598 2259 oves
1637 2220 1740 2257 non
1780 2204 2019 2256 habentes
2063 2214 2243 2271 pauo-

670 2317 775 2353 rem
812 2299 877 2352 ad
912 2299 1184 2369 proprium
1218 2296 1360 2350 ovile
1387 2296 1686 2349 reduceret.
1718 2293 1841 2363 Ipse
1872 2307 2101 2360 namque
2128 2300 2239 2357 est,

671 2393 760 2459 qui
802 2404 955 2443 ovem
997 2397 1268 2441 errantem
1325 2386 1536 2454 quaerit,
1570 2384 1770 2453 quique
1823 2383 2111 2451 nonaginta
2148 2397 2245 2435 no-

674 2496 791 2533 vem
847 2480 1048 2532 relictis
1101 2478 1166 2531 ad
1220 2493 1379 2530 uuam
1444 2475 1853 2545 perquirendam
1912 2473 2126 2526 advenit
2176 2472 2243 2527 “.

674 2572 883 2638 Quippe
910 2569 1191 2638 ,qumrebat
1225 2582 1420 2631 unam;
1459 2582 1557 2620 nec
1588 2580 1851 2633 spernens
1882 2565 2107 2628 multas,
2148 2578 2247 2618 nec

676 2676 835 2714 uuam
893 2659 1218 2712 multitudini
1282 2656 1595 2726 pra-ferens.
1656 2654 2015 2711 Nihilominus
2066 2666 2244 2708 tamen

675 2749 891 2818 reliquit
922 2748 1208 2815 nonaginta
1241 2763 1430 2802 novem
1469 2762 1482 2797 :
1518 2761 1615 2814 par
1640 2746 1783 2799 enim
1811 2756 1931 2798 erat
1956 2754 2014 2799 ut
2045 2754 2157 2799 tuto
2192 2745 2246 2797 in

675 2840 828 2893 raula
892 2848 1268 2905 morarentur;
1324 2853 1486 2892 unam
1527 2844 1705 2891 autem
1741 2837 1887 2889 illam
1929 2850 2247 2906 progreSSus

673 2929 974 2996 qumrebat,
1005 2937 1064 2980 ut
1098 2943 1166 2982 ne
1194 2927 1405 2982 diabolo
1453 2927 1631 2996 praeda
1664 2927 1901 2982 cederet.
1960 2925 2088 2981 Nam
2131 2927 2247 2980 ovis

678 3018 879 3085 absque
932 3029 1150 3085 pastore
1209 3026 1455 3085 prompta
1522 3016 1652 3071 feris
1706 3027 1999 3084 parataque
2036 3029 2244 3070 canta:

678 3106 966 3175 animaque
996 3105 1271 3174 signaculo
1326 3118 1540 3168 carens,
1578 3104 1786 3158 insidiis
1816 3104 2118 3158 daamonum
2150 3120 2246 3158 ex-

680 3197 872 3267 posita.
937 3198 1220 3266 Propterea
1265 3211 1435 3266 nuper
1462 3196 1775 3250 lac-elucum
1805 3196 1871 3258 ’⁷,
1913 3195 2055 3250 velut
2090 3210 2244 3252 ovem

680 3306 747 3343 ex
793 3289 903 3358 lttpi
952 3304 1049 3343 ore
1103 3288 1358 3357 abripuit,
1396 3288 1840 3356 commiscuitque
1868 3286 2054 3353 rauim,
2087 3296 2141 3341 et
2170 3288 2261 3342 sit

681 3382 906 3448 guaculo
960 3381 1197 3435 donavit.
1258 3380 1411 3435 Sicut
1453 3381 1594 3434 enim
1637 3391 1816 3449 pastor
1856 3380 2091 3434 errantis
2134 3380 2251 3434 ovis

681 3481 958 3537 capturam
1010 3470 1307 3533 meditans,
1361 3470 1488 3524 sinit
1545 3469 1839 3522 cicuratum
1909 3469 2151 3536 animal,
2194 3480 2250 3524 ut

686 3563 857 3614 libero
899 3570 1053 3629 pastu
1110 3560 1437 3616 resilientem
1488 3571 1737 3616 venatum
1783 3562 1957 3614 trahat
2012 3577 2026 3613 :
2069 3564 2140 3614 ita
2193 3573 2249 3613 et

2338 1936 2579 2004 γέγονεν,
2605 1939 2704 1991 οὐκ
2733 1938 2936 2002 ἀποδὺς
2962 1939 3023 1992 τὸ
3072 1935 3210 1992 εἶναι
3239 1938 3391 2001 Θεόςο
3421 1944 3512 1992 ἵνα
3555 1938 3649 1991 καὶ
3673 1936 3773 2005 τὴν
3807 1935 3913 1988 θά-

2337 2028 2541 2080 λασσαν
2575 2029 2775 2095 πλέων,
2817 2031 2943 2093 τοὺς
2977 2032 3057 2094 εἰς
3104 2031 3167 2083 τὸ
3212 2030 3460 2099 βιωτικδν
3487 2014 3917 2099 χειμαζομένους

2340 2116 2596 2185 πέλαγος,
2631 2120 2696 2172 ὲκ
2732 2118 2826 2172 τοῦ
2853 2120 3012 2189 βυθοῦ
3052 2120 3299 2191 ἀνασύρῃ
3331 2120 3429 2190 τῆς
3464 2119 3757 2190 ἁμαρτίας·
3814 2114 3916 2169 καὶ

2339 2206 2529 2276 κώμας
2554 2208 2649 2261 καὶ
2684 2209 2864 2272 πόλεις
2893 2207 3139 2280 περιϊὼν,
3163 2209 3453 2272 στενοποὺς
3489 2209 3579 2260 καὶ
3607 2204 3911 2275 ἀτραποὺς,

2341 2299 2435 2352 καὶ
2473 2299 2800 2371 ἐπιδρόμους
2861 2303 3215 2371 περιτρέχων,
3252 2300 3380 2362 τοὺς
3421 2301 3480 2351 ὲν
3525 2300 3643 2360 ταῖς
3683 2295 3915 2368 τριόδοις

2344 2385 2726 2456 πλανωμένους
2750 2388 2830 2453 ὡς
2860 2389 3198 2456 ἀποίμαντα
3223 2389 3507 2457 πρόϐατα,
3539 2387 3630 2440 ἐπὶ
3659 2386 3756 2456 τὴν
3777 2385 3915 2439 ἰδίαν

2342 2478 2663 2549 ὲπαναγάγῃ
2690 2478 2946 2549 ποίμνην.
2973 2480 3144 2542 Αὐτὸς
3175 2478 3284 2550 γάρ
3314 2480 3459 2531 ἔστιν
3487 2480 3516 2531 δ
3547 2477 3608 2529 τὸ
3638 2473 3913 2536 ἀπολωλὸς

2343 2569 2610 2639 πρόϐατον
2626 2570 2920 2640 ἐπιζητῶν,
2945 2569 3014 2622 τά
3034 2570 3382 2640 ἐννενήκοντα
3403 2569 3556 2621 ὲννέα
3577 2564 3911 2631 καταλιπὼν,

2344 2660 2436 2715 καὶ
2465 2660 2594 2730 περὶ
2624 2661 2723 2730 τὴν
2755 2660 2847 2713 τοῦ
2875 2661 2990 2725 ἑνὸς
3019 2660 3459 2733 παραγενόμενος
3489 2658 3736 2731 ζήτησιν.
3764 2657 3914 2729 Ἐζή-

2342 2767 2426 2803 τει
2482 2751 2590 2821 γὰρ
2637 2750 2699 2803 τὸ
2742 2750 2801 2802 ἓν
2834 2750 2968 2820 (58),
2997 2749 3121 2803 οὔτε
3151 2734 3261 2803 τῶν
3295 2749 3505 2804 πολλῶν
3535 2749 3909 2819 καταφρονῶν,

2344 2840 2469 2895 οὔτε
2497 2842 2591 2896 τοῦ
2613 2843 2855 2912 πλήθους
2882 2842 2943 2895 τὸ
2962 2842 3020 2895 ἒν
3047 2842 3371 2913 προκρίνων.
3423 2840 3581 2897 Ἀλλά
3598 2840 3667 2892 τά
3697 2839 3795 2909 μὲν
3827 2840 3914 2892 ἐν·

2344 2933 2632 3003 νενὴκοντα
2683 2935 2841 2987 ἐννέα
2885 2932 3306 3004 κατιελίμπανεν⁵
3351 2932 3459 2985 ἔδει
3503 2929 3613 3001 γάρ
3659 2926 3913 2996 ἀσφαλῶς

2345 3021 2486 3073 αὐτὰ
2504 3024 2561 3073 ὲν
2576 3024 2641 3092 τῇ
2672 3022 2883 3093 μάνδρᾳ
2902 3022 3235 3086 αύλίζεσθαι’
3257 3022 3320 3075 τὸ
3335 3023 3393 3075 δὲ
3408 3022 3466 3077 ἓν
3489 3019 3695 3093 προῖὼν
3708 3020 3910 3089 ἐζήτει,

2347 3111 2435 3165 ἵνα
2469 3111 2543 3182 μὴ
2577 3112 2713 3183 θήνη
2739 3113 2851 3184 (59)
2883 3113 2959 3184 τῷ
2981 3112 3211 3184 διαϐόλῳ
3241 3114 3487 3183 γένηται.
3508 3111 3785 3183 Πρόϐατον
3804 3107 3913 3179 γὰρ

2349 3201 2704 3269 ἀποίμαντον,
2736 3201 2926 3272 θηρσὶν
2955 3202 3171 3273 ἕτοιμον
3205 3203 3436 3255 δεῖπνον.
3487 3201 3597 3254 Καὶ
3646 3197 3794 3268 ψυχὴ
3848 3196 3915 3249 ἀ·

2356 3292 2712 3362 σφράγιστος,
2768 3293 3015 3363 δαίμοσιν
3049 3293 3509 3355 εὐεπιδούλευτος.
3539 3290 3697 3343 Ὀθεν
3731 3286 3917 3360 πρώην

2350 3382 2439 3436 τὸν
2462 3385 2726 3452 Ζακχαῖον
2764 3383 2838 3445 ὡς
2861 3383 3129 3453 πρόϐατον
3156 3383 3220 3434 ὲκ
3253 3384 3519 3450 στόματος
3550 3382 3715 3432 λύκου
3744 3378 3917 3449 ἀφήρ·

2352 3474 2620 3534 πασε,καὶ
2652 3476 2717 3541 τῇ
2757 3473 2965 3541 μάνδρᾳ
2996 3469 3270 3541 συνέμιξε,
3306 3472 3399 3523 καὶ
3445 3470 3738 3543 σφραγίδος
3765 3469 3918 3538 setm-

2352 3583 2443 3619 σεν
2463 3564 2594 3633 (60)·
2612 3564 2687 3624 ὼς
2712 3563 2822 3631 γὰρ
2852 3561 3055 3632 ποιμὴν
3098 3561 3372 3633 πρόϐατον
3410 3560 3789 3631 ἀποπλανηθὲν
3819 3559 3914 3630 θη-

754 3658 800 3690 "
840 3657 902 3710 ΙΙΙ
956 3656 1089 3727 Reg.
1123 3672 1256 3722 uti,
1290 3656 1377 3711 17.
1451 3658 1498 3689 ⁸⁸
1532 3657 1719 3712 Matth.
1751 3672 1907 3722 xvm,
1952 3655 2019 3709 12
2054 3674 2069 3722 ;
2100 3656 2229 3709 Luc.

2368 3660 2422 3713 4.
2496 3658 2541 3689 ⁸⁷
2600 3656 2730 3709 Luc.
2762 3673 2874 3722 χιχ,
2908 3656 2963 3711 9.

683 3783 741 3824 ιιι
788 3783 841 3824 et
890 3771 1146 3838 pleraque
1186 3772 1316 3824 tanti
1367 3771 1467 3825 viri
1497 3772 1776 3838 ODIISCIIIa,
1837 3782 1891 3823 et
1948 3770 2244 3838 praesertim

682 3841 824 3896 docti
846 3836 921 3893 illi
945 3836 1204 3894 tractatus
1227 3841 1279 3893 in
1305 3836 1739 3910 Joan.,quorum
1772 3839 2076 3904 fragmenta
2098 3836 2248 3903 plura

685 3913 874 3964 damus
906 3913 1004 3961 sub
1036 3910 1214 3962 tinem.

755 3978 867 4057 €57)
911 3976 1011 4057 Tfiﬂ
1032 3979 1312 4057 thrpnft'gt
1334 3978 1441 4029 τοῦ
1472 3976 1658 4057 ποτοῦ
1681 3974 1787 4039 τὰς
1823 3973 2050 4040 ληνοὺς
2076 3975 2252 4027 εὐλο-

690 4048 930 4116 γοῦντα.
974 4048 1316 4116 EratChristi
1349 4061 1478 4116 usus
1512 4055 1810 4116 tactusque.
1848 4060 1945 4097 ceu
1974 4058 2256 4116 consecra-

690 4114 765 4170 tio
803 4119 1073 4185 quaedam,
1105 4133 1203 4184 pro
1238 4114 1478 4185 ejusdem
1517 4129 1646 4165 usus
1686 4114 1934 4166 ratione:
1969 4114 2254 4185 utquihus

689 4195 784 4239 ceu
822 4182 991 4240 sacris
1019 4197 1073 4239 et
1109 4182 1280 4237 sacro
1336 4182 1438 4233 ritu
1483 4197 1613 4236 usus
1650 4194 1751 4245 est,
1783 4192 1947 4235 totam
1980 4184 2044 4234 ad
2071 4196 2254 4236 sacra-

693 4265 870 4309 menta
911 4255 1276 4309 necessariam
1324 4251 1729 4304 antecedentem
1778 4252 2250 4305 consecrationem

690 4326 1014 4384 contulerit;
1049 4320 1289 4373 Ecclesia
1343 4320 1550 4372 tantum
1587 4321 1878 4374 adhibeute
1905 4319 2256 4374 ca‘remonias

2355 3787 2468 3840 ρον,
2496 3770 2701 3840 absque
2723 3770 2825 3840 alia
2855 3771 3278 3840 consecratione.
3313 3771 3388 3825 De
3412 3785 3519 3840 quo
3534 3768 3780 3824 Thessal.

2430 3839 2547 3909 (58),
2607 3838 2825 3905 Ἐξήτει
2857 3841 2968 3909 γὰρ
2994 3839 3062 3893 τὸ
3089 3840 3177 3894 ἓν.
3200 3839 3409 3904 Ubique
3428 3837 3515 3893 alii
3541 3855 3729 3893 sensus
3754 3855 3769 3892 :
3800 3837 3916 3892 tibi-

2356 3922 2463 3976 que
2504 3907 2565 3962 τὸ
2622 3907 2971 3964 ἐπιστατικόν
3022 3909 3630 3978 Αιιιριιίιοοιιίἰῌιιοειι-ἱ,
3671 3918 3727 3961 et
3764 3917 3915 3978 acute

2354 3987 2528 4031 movet
2564 3979 2745 4040 dubia,
2774 3989 2827 4031 et
2846 3980 3074 4032 [eliciter
3108 3976 3350 4033 resolvit.
3384 3976 3639 4030 Nonnihil
3671 3991 3802 4045 ergo
3825 3976 3917 4030 ab-

2356 4061 2548 4100 sonum
2587 4047 2741 4110 illud,
2777 4058 2835 4099 ut
2869 4049 3041 4102 bonus
3064 4059 3268 4116 pastor,
3286 4047 3444 4116 unius
3471 4059 3654 4116 causa,
3690 4055 3765 4098 tot
3794 4059 3920 4099 oves

2356 4118 2571 4169 relictas
2605 4118 2904 4185 Sprcvet'it;
2954 4114 3223 4184 unamque
3255 4114 3564 4185 nonaginta
3595 4114 3701 4185 illis
3734 4128 3916 4185 novem

2359 4182 2759 4253 anteposuerit;
2821 4197 2965 4239 recte
3003 4186 3091 4239 hic
3132 4182 3449 4251 deprecatur
3485 4201 3519 4253 :7
3552 4182 3920 4253 hujusquein-

2362 4251 2733 4323 quisitionem,
2781 4256 3098 4308 necessaria:
3143 4254 3336 4323 saluti;
3377 4252 3778 4323 derelictionem
3812 4251 3918 4323 illa-

2360 4320 2499 4386 r'utu,
2550 4323 2849 4387 securitati,
2890 4324 3150 4376 ascribit:
3207 4320 3371 4375 nullis
3420 4337 3477 4375 re
3522 4322 3638 4388 ipsa
3688 4321 3917 4388 spretis,

689 4394 900 4467 aliquas
931 4389 996 4467 ad
1018 4390 1455 4467 solemnitatem;
1488 4399 1545 4440 ut
1578 4390 1630 4441 in
1663 4389 1926 4467 baptismo
1954 4399 2009 4443 et
2039 4389 2252 4467 Eucha-
2288 4413 2332 4467 ι)
2361 4404 2518 4467 autve
2564 4402 2781 4467 errante
2831 4392 3049 4459 pra-lata
3078 4390 3332 4467 caeteris:
3375 4390 3476 4467 nisi
3510 4390 3650 4467 [orte
3677 4405 3794 4442 eam
3832 4404 3919 4442 νος

696 4462 868 4524 ristia,
899 4460 986 4512 ubi
1025 4472 1160 4511 nova
1195 4459 1515 4512 antecedens
1545 4459 1878 4512 consecratio
1909 4460 2167 4521 materiae,
2192 4472 2257 4511 eo

695 4530 874 4593 titulo,
898 4527 1246 4580 accidentalis
1298 4535 1401 4592 est,
1442 4537 1497 4579 ut
1536 4527 1763 4596 theologi
1796 4544 1916 4581 cum
1956 4527 2016 4580 Ι).
2051 4527 2255 4596 Thema

696 4614 756 4653 ιιι
794 4613 846 4665 p.
878 4596 1077 4649 Eodem
1111 4595 1288 4664 itaque
1318 4597 1473 4651 modo
1507 4595 1914 4665 philosophatur
1939 4596 2010 4649 de
2048 4595 2170 4649 cibo
2204 4605 2256 4649 ct

714 4678 846 4733 ιοιιι,
892 4666 1085 4736 pieque
1126 4666 1436 4736 admodum,
1489 4681 1614 4720 vere
1655 4666 1777 4735 pius
1820 4665 2254 4736 Amphilochius.

743 4733 905 4790 adem‘
926 4737 1221 4788 etiamnum
1256 4735 1425 4789 Graeci
1462 4737 1548 4804 pia
1590 4733 1863 4804 religione,
1899 4734 2075 4786 futura
2112 4733 2258 4796 usui,

699 4821 855 4859 sacro
884 4803 1183 4858 ministerio
1216 4814 1278 4855 et
1307 4805 1588 4857 incruento
1620 4804 1909 4864 sacriﬁcio.
1948 4804 2260 4856 linteamina

700 4888 872 4938 sacra,
888 4876 1214 4942 pontiﬁcem,
1237 4870 1564 4941 ἀφιεροῦντα
1576 4870 1673 4942 τὴν
1704 4871 2028 4941 Ἐκκλησίαν
2044 4914 2058 4937 ,
2071 4886 2253 4942 conse-

701 4940 941 4995 cranteiu
982 4940 1314 5007 Ecclesium;
1351 4940 1458 5008 quo
1496 4940 1639 4995 actui
1669 4940 2095 5010 peculiarissime
2126 4940 2262 5010 gerit

703 4957 941 4995 t'ratttettt
982 4957 1314 5007 metesram;
1351 4957 1458 5008 quo
1496 4957 1615 4995 actu
1703 4957 2095 4996 ecunartsstute
2126 4957 2262 5010 gerit

703 5025 988 5090 persona-tn
1023 5011 1226 5090 Christi
1275 5011 1569 5090 Ecclesiam
1614 4957 1716 5065 εἰεί
1766 5011 1821 5090 ip
1849 5027 2141 5090 ‘spkousam.
2170 5011 2264 5062 ad-

698 5078 1007 5150 jungentis,
1065 5081 1324 5151 induunt;
1381 5092 1437 5151 ut
1494 5080 1558 5151 is,
1594 5090 1753 5151 totus,
1788 5078 2261 5151 λελαζαρωμένος,

704 5147 822 5220 ειιιί
851 5147 1021 5205 instar
1072 5149 1259 5203 Lazari
1300 5151 1367 5203 iis
1421 5149 1711 5220 involutus,
1743 5150 1796 5203 id
1848 5147 2089 5220 peragat
2122 5147 2262 5202 sacri

704 5218 901 5274 cilicii:
935 5235 1031 5273 usu
1081 5229 1335 5285 tactuque
1386 5219 1465 5272 sic
1521 5218 1758 5272 adhibita
1815 5218 2261 5274 consecraturus:

704 5304 865 5357 quam
920 5288 1319 5357 cmremoniam,
1352 5303 1658 5355 quanquam
1714 5288 2095 5354 Euchologittm
2161 5302 2265 5357 non

709 5356 900 5424 habet,
934 5356 1204 5413 communi
1236 5366 1410 5409 tamen
1448 5357 1724 5424 probatam
1757 5374 1877 5422 usu,
1916 5369 2024 5410 tum
2054 5359 2122 5411 ab
2147 5356 2267 5409 aliis

712 5428 897 5493 didici,
933 5438 1043 5481 tum
1086 5441 1255 5494 nuper
1274 5425 1381 5476 ἀπὸ
1420 5426 1605 5545 (ἴωνῆς
1634 5436 1686 5478 et
1709 5426 1824 5478 viva
1857 5440 1986 5481 voce
2016 5426 2269 5480 illustris—

712 5497 829 5545 szmi
856 5497 1204 5545 metronolita:
1229 5494 1328 5545 τῆς
1350 5496 1420 5545 ἀγ
1445 5512 1510 5545 ας
1556 5496 1786 5545 Manna:
1824 5494 2047 5545 Parisiis
2093 5494 2269 5545 hosni-

710 5497 1204 5566 suntimetropolitm
1229 5494 1328 5564 τῆς
1350 5494 1510 5562 ἁγίας
1556 5494 1786 5566 Μαυρᾶς
1824 5494 2047 5549 Parisiis
2093 5494 2269 5563 h08pi-

714 5565 891 5627 tantis,
916 5567 1088 5618 audivi
1113 5583 1128 5619 :
1172 5580 1276 5632 quo
1299 5570 1484 5617 eodem
1511 5566 1684 5627 titulo,
1717 5581 1951 5619 massam
2013 5575 2176 5618 totam
2202 5580 2268 5618 ex

714 5648 818 5704 qua
855 5644 1119 5704 sumptus
1169 5646 1253 5688 est
1300 5634 1328 5684 ὁ
1378 5635 1532 5701 ἅγιος
1603 5634 1797 5704 ἄρτος,
1846 5645 1899 5689 et
1964 5636 2269 5704 confectum

718 5698 1048 5753 burninicuiu
1101 5718 1326 5771 corpus,
1377 5698 1879 5758 sanctam-habent
1936 5715 1990 5759 et
2044 5702 2267 5756 ἀντίδω-

2361 4462 2521 4514 limus
2568 4458 2956 4528 prmlatiotietti,
3003 4463 3144 4528 quod
3201 4458 3392 4527 majori
3453 4458 3691 4528 subsidio
3739 4472 3918 4528 egens,

2358 4526 2667 4601 quanquam
2719 4526 3035 4597 indignior,'
3066 4526 3299 4582 Pastore’
3328 4528 3592 4601 _itt|tllt‘l'is
3623 4526 3676 4581 in
3713 4526 3920 4580 caulam

2362 4598 2688 4666 feriortaute,
2741 4610 3028 4652 consecuta
3092 4601 3164 4653 sit
3222 4614 3235 4651 :
3290 4598 3543 4651 nimirum
3592 4606 3922 4666 sacramento

2361 4663 2750 4722 incarnationis
2812 4667 3140 4732 Dotuiuicaz;
3200 4681 3304 4735 quo
3361 4682 3418 4720 re
3449 4680 3597 4735 vera,
3636 4663 3921 4735 Scriptura:

2362 4738 2567 4805 phrasi,
2597 4735 2851 4789 nonnulla
2884 4750 3115 4805 vereque
3157 4733 3348 4804 magna
3398 4734 3558 4789 fuerit
3589 4733 3922 4805 praalatio_et

2360 4801 2718 4875 prazrogativa
2746 4806 2862 4859 ovis
2887 4801 3153 4870 errantis;
3182 4801 3287 4858 non
3320 4813 3500 4859 tamen
3522 4801 3682 4872 quam
3703 4801 3917 4875 Amphi-

2365 4871 2574 4954 lochius
2626 4890 2748 4954 non_
2777 4877 3051 4954 agnoscit,
3092 4886 3150 4931 et
3176 4890 3281 4945 qua
3313 4889 3440 4929 vere
3483 4871 3591 4928 non
3634 4871 3923 4927 errantium

2364 4944 2568 5013 spretio
2595 4959 2658 4997 ac
2681 4944 2873 5009 injuria
2907 4946 2997 5001 sit.

2438 5012 2557 5082 (59)
2572 5012 2866 5080 Προϊὼν...
2891 5012 3065 5082 θήνη.
3096 5012 3285 5082 Montl‘.
3321 5008 3567 5082 περιϊών,
3600 5008 3923 5082 circumiens,

2373 5079 2573 5137 rectius
2600 5079 2657 5152 ut
2684 5083 2916 5137 videtur.
2950 5079 3071 5139 Mox
3096 5083 3224 5138 ibid.
3258 5079 3431 5152 θοίνη,
3470 5081 3559 5136 ubi
3611 5079 3925 5149 conjiciebat

2365 5153 2605 5207 Celtiber.
2637 5149 2794 5221 θήρα.
3110 5220 3115 5221 γ
3364 5149 3419 5221 7
3612 5218 3622 5221 _
3798 5186 3825 5221 -λ

2438 5222 2549 5291 (60)
2572 5218 3030 5291 Καϊὸ-φραγίδος
3050 5220 3332 5288 ἠξίωσεν.
3361 5219 3582 5291 Videtur
3611 5218 3753 5289 loqui
3776 5218 3844 5291 de
3857 5218 3925 5273 si-

2367 5288 2902 5361 guz'tcnlo,noniquod
2931 5293 3218 5346 character
3258 5301 3362 5358 est,
3404 5290 3517 5344 sive
3554 5290 3607 5342 in
3646 5288 3925 5361 baptismo,

2366 5356 2480 5415 Sive
2516 5361 2565 5412 in
2615 5356 2865 5427 adjuncta
2896 5361 3321 5423 coulirmatione,
3348 5356 3474 5428 qua:
3513 5356 3923 5428 peculiarissimc

2368 5429 2565 5482 dicitur
2590 5425 2845 5497 σφραγίς,
2881 5431 3024 5484 velut
3067 5425 3490 5498 consignatione
3516 5425 3574 5498 in
3601 5426 3800 5498 Christi
3827 5425 3925 5498 mi-

2372 5499 2505 5569 lites
2556 5494 2851 5551 subnotans
2906 5494 3347 5569 insiguiensquc;
3404 5496 3612 5569 sed__de
3637 5494 3923 5569 signaculo,

2369 5568 2510 5637 quod
2534 5576 2618 5620 est
2644 5569 2817 5634 gratia
2835 5579 2889 5621 et
2921 5561 3179 5632 cha'ritas,
3210 5561 3458 5637 qumsola
3489 5561 3925 5637 distinguitiuter

2373 5631 2510 5706 [ilius
2535 5631 2685 5704 regni
2723 5646 2776 5689 et
2791 5639 3072 5705 gehennae,
3106 5631 3338 5706 faeitque
3370 5645 3518 5706 utne
3546 5634 3724 5685 anima
3754 5631 3927 5684 εὐεπι-

2374 5702 2666 5767 ϐούλευτος
2692 5706 2762 5763 sit
2795 5702 3006 5763 diabolo
3031 5702 3064 5760 ;⁷
3105 5708 3214 5762 Deo
3252 5702 3589 5775 'peculiarius
3621 5707 3921 5770 protegente
