4118 6454
247 393 323 450 69
1267 404 1525 462 ORATIO
1565 406 1631 461 ΙΝ
1673 408 2034 466 MULIEREM
2078 413 2582 471 PECCATRICEM.
2835 452 2841 459 -
3469 433 3539 489 70

244 512 427 579 ρᾶσαι
455 508 655 614 θέλων,
668 513 953 614 χειρόηθες
985 516 1120 581 ζῶον
1162 521 1244 592 ἑᾷ,
1266 523 1352 575 ἴνα
1393 525 1674 590 ἀπολύτως
1700 529 1841 598 νεμό

1965 530 2055 586 Dei
2088 531 2344 599 Verbum,
2379 550 2539 603 quam
2571 535 2637 591 de
2687 535 2899 608 Virgine
2928 554 3144 597 carnem
3187 547 3412 614 accepit,
3441 563 3539 603 ceu

244 618 443 671 μενον,
487 603 552 654 τὸ
576 604 942 676 ἀποπηδῆσαν
966 609 1177 684 ,ἐλκύσῃ
1222 613 1477 685 θήραμα·
1533 617 1674 671 οὓτω
1705 619 1800 671 καὶ
1828 622 1856 672 ὁ

240 705 345 742 του
374 689 525 744 Θεοῦ
551 692 732 758 Λόγος
758 696 860 761 τὴν
875 698 1072 763 σάρκα,
1097 703 1164 766 ἢν
1193 704 1258 756 ὲκ
1286 703 1383 773 τῆς
1415 706 1690 778 Παρθένου
1723 709 1851 762 ἀνέ-

238 781 443 846 ὶαϐεν,
488 783 569 849 ὡς
603 785 879 857 πρόϐατον
916 790 975 842 ὲν
1005 794 1166 862 νομῇ,
1198 794 1257 845 ὲν
1291 795 1541 867 τραπέζῃ
1579 798 1852 866 Ζακχαίου

1962 638 2115 677 ovem
2165 625 2215 678 in
2281 641 2502 694 pascua,
2560 628 2611 681 in
2666 644 2847 682 mensa
2897 630 3142 688 Ζειοοίιωί
3198 637 3420 703 dimisit,
3480 650 3538 693 ut

1958 715 2229 769 conuuuni
2267 715 2382 786 lege
2425 718 2655 771 contivii
2699 719 2752 771 in
2791 734 2941 773 suam
2991 722 3211 779 trahens
3254 724 3533 782 familiari-

1962 810 2123 854 tatem
2156 803 2462 859 clanculum
2484 819 2584 859 suo
2607 806 2731 859 ovili
2768 806 3108 878 adiungeret.

534 876 625 931 ἴνα
660 878 744 950 τῷ
776 881 943 953 κοινῷ
968 884 1069 955 τῆς
1113 886 1410 952 ἑστιάσεως
1443 889 1594 959 νόμῳ
1621 888 1855 955 ἑλκύσας
1894 891 2060 947 αὐτοῦ
2084 895 2220 967 πρὸς
2254 896 2562 965 συνουσίαν,
2614 875 2987 964 λανθανόντως
3038 904 3107 973 τῇ
3136 880 3314 974 οἰκείᾳ
3346 904 3536 969 συζεύ-

244 966 311 1039 ειι
346 968 589 1044 ποίμνῃ-

314 1081 399 1138 Β¹.
444 1083 605 1137 Αλλὰ
640 1084 802 1140 τοῦτο
846 1088 925 1159 μὴ
947 1090 1218 1155 συνιέντες
1237 1095 1287 1147 οἰ
1315 1096 1599 1167 Φαρισαῖοι
1632 1098 1862 1169 ἐγόγγυ-

244 1176 361 1241 ζον,
381 1175 635 1247 ὁρῶντες
656 1177 821 1230 αὑτὸν
838 1179 976 1248 μετά
988 1181 1235 1237 τελωνῶν
1250 1184 1515 1240 ὲσθίοντω
1528 1188 1644 1241 ἀλλ’
1656 1191 1853 1244 ἐκεῖνοι

247 1267 347 1337 μὲν
384 1267 465 1329 ὡς
505 1267 683 1331 ἀσκὸς
721 1269 952 1334 παλαιὸς
1003 1272 1545 1345 διαρῤηγνύσθωσαν.
1604 1280 1681 1332 Οὐ
1739 1283 1850 1353 γὰρ

242 1358 510 1412 δύνανται
550 1359 646 1412 τὸν
670 1360 790 1414 νέον
841 1362 942 1431 τῆς
970 1360 1315 1430 διδασκαλίας
1345 1367 1602 1433 δέξασθαι
1669 1371 1848 1441 λόγον.

253 1450 456 1521 Ἡμεῖς
485 1451 550 1503 δὲ
582 1452 817 1506 κατόπιν
837 1453 932 1507 τοῦ
964 1454 1349 1527 φιλανθρώπου
1382 1459 1692 1531 βαδίσωμεν
1724 1482 1848 1518 ποι-

244 1543 432 1611 μένος·
467 1546 500 1597 ὁ
529 1543 644 1615 γάρ
677 1547 948 1616 Ζακχαῖον
992 1547 1083 1600 τὸν
1123 1548 1364 1621 τελώνην
1417 1554 1483 1622 τῇ
1520 1550 1710 1626 λογικῇ
1743 1554 1851 1607 τῶν

238 1635 578 1688 ἀποστόλων
620 1635 869 1705 συνάψας
910 1637 1137 1709 ποίμνῃ,
1181 1639 1346 1704 αὐτὸς
1383 1641 1481 1694 καὶ
1512 1642 1613 1713 τὴν
1640 1644 1849 1715 πόρνην

236 1726 337 1793 τὴν
374 1726 741 1797 ἁμαρτωλὸν,
779 1727 880 1798 τὴν
910 1728 1120 1799 μυρίων
1153 1731 1340 1787 κακῶν
1355 1732 1601 1804 ἐργάτιν,
1631 1736 1697 1789 ὲκ
1748 1736 1846 1789 τοῦ

2025 1097 2086 1153 ll.
2157 1097 2469 1177 Craterum,
2498 1101 2590 1170 qui
2637 1101 2690 1156 id
2724 1104 2994 1160 nescirent
3041 1106 3328 1177 Pharisaei,
3385 1129 3535 1168 mur-

1954 1193 2240 1245 murahant
2269 1174 2517 1246 videntes
2541 1195 2955 1249 manducantem
2984 1212 3109 1253 cum
3136 1174 3441 1268 publicanis
3460 1204 3529 1257 ⁸⁸.

1956 1282 2242 1336 Enimvero
2296 1294 2619 1352 rumpantur
2669 1283 2743 1337 illi
2799 1300 2896 1340 ceu
2965 1299 3116 1344 utres
3166 1270 3525 1350 veteres”:

1955 1371 2094 1425 haud
2121 1372 2265 1425 enim
2304 1387 2499 1425 novum
2528 1372 2790 1429 doctrinae
2823 1387 3127 1432 sermonem
3173 1395 3370 1450 capere
3406 1399 3530 1455 pos-

1960 1472 2106 1517 sunt.
2158 1462 2269 1517 Nos
2316 1478 2500 1532 porro,
2553 1479 2849 1533 sequamur
2895 1468 3181 1538 benignum
3238 1485 3528 1542 pastorem.

1960 1553 2227 1624 Nam'qui
2270 1555 2612 1623 publicanum
2660 1556 3001 1623 Zacchzeum,
3042 1563 3287 1620 rationali
3328 1569 3534 1638 aptavit

1956 1646 2323 1712 apestolormn
2384 1647 2550 1714 ovili;
2612 1647 2727 1716 ipse
2795 1653 3141 1709 nihilmninus
3190 1659 3532 1713 meri-tricem

1955 1737 2099 1791 illam
2154 1737 2547 1806 peccatricem,
2600 1746 2722 1808 post
2779 1739 3057 1796 innumera
3106 1756 3314 1811 patrata
3370 1747 3530 1811 mala,

234 1817 545 1886 φάρυγγος
570 1817 665 1870 τοῦ
720 1817 966 1872 διαϐόλου
1000 1820 1076 1884 ὡς
1099 1821 1316 1891 ἀμνάδα
1346 1824 1603 1892 ἑλκύσας,
1645 1829 1714 1898 τῇ
1760 1828 1841 1880 ἀν-

1955 1844 1983 1882 a
2014 1828 2211 1909 diaboli
2253 1829 2500 1883 faucibus
2530 1844 2629 1883 ceu
2675 1844 2871 1899 agnam
2915 1830 3267 1898 abstractam,
3315 1835 3536 1890 inviola-

228 1908 585 1979 επηρεάστῳ
626 1908 874 1962 ἀπέδωκε
908 1909 1142 1982 μάνδρᾳ.
1178 1912 1296 1965 Ἵνα
1328 1913 1387 1965 δὲ
1424 1915 1600 1981 γνῶτε
1636 1919 1730 1970 καὶ
1752 1917 1841 1970 τοῦ

1950 1917 2040 1970 bili
2074 1918 2241 1971 caulae
2271 1918 2524 1974 reddidit.
2565 1917 2635 1972 Ut
2676 1928 2858 1972 autem
2900 1929 2955 1973 et
2988 1920 3188 1975 Christi
3228 1922 3531 1977 humanita-

226 2000 495 2070 Χριστοῦ
536 2000 637 2071 τὴν
661 2000 1102 2071 φιλανθρωπίαν,
1131 2005 1230 2057 κα.)⁸
1270 2005 1382 2057 τῶν
1404 2007 1716 2076 Φαρισαίων
1751 2009 1841 2077 τὴν

1952 2008 2060 2062 tem
2105 2008 2385 2071 noveritis,
2431 2016 2486 2062 et
2534 2023 2566 2062 a
2600 2010 2812 2065 ratione
2850 2013 3085 2066 alienam
3134 2011 3533 2068 Pharisaeorum

221 2092 500 2161 ἀλογίαν,
553 2095 650 2146 καὶ
703 2095 808 2164 τῆς
861 2093 1191 2163 ἀμαρτωλοῦ
1235 2096 1337 2165 τὴν
1368 2096 1682 2149 παλινοδίαν
1717 2097 1841 2166 (fil)1

1955 2109 2215 2159 mentem,
2261 2112 2620 2167 aversumque
2663 2102 2982 2167 peccatricis
3019 2104 3142 2166 iter,
3187 2103 3337 2170 ipsas
3384 2105 3536 2159 vobis

220 2182 417 2248 αὐτὲις
454 2184 589 2255 ὑμῖν
622 2184 725 2248 τὰς
771 2184 1142 2253 εὐαγγελικὰς
1193 2184 1585 2257 παραθήσομαι
1644 2190 1850 2260 ῥήσεις·

218 2274 328 2328 ἐὰν
357 2274 487 2345 γὰρ
516 2276 616 2328 τοῦ
663 2274 838 2344 ὕφους
875 2274 972 2328 τοῦ
1005 2274 1434 2346 άναγνώσμλτος
1483 2276 1848 2349 ἐπακούσητε,

218 2367 452 2436 ῥᾳδίως
497 2367 599 2419 καὶ
632 2366 731 2435 τῆς
761 2365 1059 2436 ἑρμηνείας
1095 2365 1194 2436 τὴν
1236 2365 1443 2419 ἔννοιαν
1477 2365 1843 2436 ἀναμάξεσθε.

228 2458 600 2527 Ἡρώτησε,
619 2456 774 2528 φησὶ,
810 2457 901 2522 τίς
928 2456 1043 2511 τῶν
1071 2458 1405 2525 Φαρισαίων
1436 2459 1546 2512 τὸν
1579 2459 1841 2527 Ἰησοῦν,

214 2553 319 2604 ira
364 2547 563 2618 φάγῃ
582 2550 710 2617 μετ’
732 2549 934 2602 αὐτοῦ’
963 2550 1059 2603 καὶ
1112 2548 1404 2603 εἰσελθὼν
1425 2551 1513 2614 εἰς
1542 2549 1650 2603 τὸν
1675 2546 1843 2605 οἷκον

213 2639 334 2693 τοῦ
372 2636 749 2704 Φαρισαίου,
808 2637 1114 2706 ἀνεκλθθη.
1160 2639 1227 2691 Ὢ
1271 2639 1493 2709 χάριτος
1525 2639 1836 2710 ἀφράστουί

208 2730 256 2782 ὦ
281 2726 731 2799 φιλανθρωπίας
759 2728 1031 2800 ἀρῤήτουί
1073 2728 1169 2781 καὶ
1200 2728 1519 2800 Φαρισαίοις
1561 2730 1843 2783 συνεστιᾶ-

204 2840 344 2887 ται,
377 2819 489 2873 καὶ
518 2819 758 2883 τελώνας
795 2821 897 2874 οὐκ
929 2820 1267 2874 ἀποσείεται·
1300 2820 1396 2875 καὶ
1429 2819 1634 2891 πόρνας
1667 2837 1838 2892 προσ-

206 2913 489 2984 δέχεται,
541 2912 636 2965 καὶ
666 2912 1020 2983 Σαμαρείτιδι
1048 2912 1378 2982 διαλέγεται·
1408 2912 1502 2965 καὶ
1528 2911 1839 2965 Χαναναίαν

208 3006 403 3072 λόγου
440 3002 606 3069 ἀξιοῖ*
644 3003 740 3056 καὶ
760 3005 827 3073 τῇ
854 3002 1230 3076 αἰμορῤοούσῃ
1248 3003 1311 3056 τὺ
1337 3002 1642 3073 κράσπεδον
1667 3019 1840 3075 παρα-

215 3097 440 3167 χωρεῖ,
477 3094 573 3148 καὶ
589 3094 692 3147 οὐκ
721 3093 1131 3164 ἐπαισχύνεται.
1166 3093 1376 3165 Ἰατρὸς
1405 3093 1513 3165 γάρ
1534 3094 1670 3158 ὲστι,
1694 3094 1834 3147 πάν-

209 3206 342 3240 των
373 3183 499 3237 τῶν
528 3182 719 3243 παθῶν
768 3183 1164 3253 ἐφαπτόμενος,
1200 3183 1288 3237 ἵνα
1318 3183 1524 3244 πάντας
1552 3181 1832 3256 ὠφελήσῃ,

210 3269 524 3345 inv-1190i);
557 3273 656 3325 καὶ
694 3271 955 3338 ἀγαθοὺς,
982 3273 1310 3344 ἀχαρίστους
1338 3273 1434 3326 καὶ
1462 3273 1832 3347 εὐγνώμονας

214 3367 363 3420 ὅθεν
401 3365 506 3419 καὶ
532 3363 630 3419 νῦν
664 3364 771 3418 ὑπὸ
804 3363 897 3418 τοῦ
924 3364 1217 3436 Φαρισαίου
1249 3365 1494 3435 κληθεὶς,
1529 3364 1834 3434 εἰσέρχεται

217 3461 312 3521 εἰς
339 3456 529 3511 οἰκίαν
555 3455 698 3511 ὥστε
728 3457 936 3528 μεστὴν
963 3456 1170 3510 κακῶν.
1192 3456 1366 3511 Ὅπου
1384 3455 1495 3526 γὰρ
1523 3455 1836 3524 Φαρισαῖος,

220 3550 362 3602 ἐκεῖ
426 3548 696 3619 πονηρίας
743 3549 1082 3618 οἰκητήριον·
1135 3547 1412 3619 ἁμαρτίας
1468 3541 1834 3612 καταγώγιονο

222 3637 554 3709 ὑπεροψίας
570 3639 824 3709 ὑποδοχή.
868 3638 1028 3693 Ἀλλά
1045 3638 1140 3692 καὶ⁹
1168 3638 1338 3704 οὕτως
1362 3636 1529 3691 αὑτοῦ
1557 3635 1840 3704 διακειμέ-

223 3748 339 3803 νης
378 3730 489 3800 τῆς
514 3730 701 3793 οἰκίας,
728 3731 827 3783 οὐκ
858 3730 1083 3796 ἀπαξιοῖ
1115 3729 1518 3803 παραγενέσθαι
1551 3730 1579 3782 ὁ
1607 3726 1832 3798 Κύριος.

227 3824 355 3878 Καὶ
372 3819 631 3884 εἰκότως·
660 3820 844 3892 ὥσπερ
888 3821 1000 3892 γὰρ
1040 3824 1070 3875 ὁ
1102 3822 1252 3893 ἣλιος
1280 3822 1342 3874 οὐ
1368 3819 1832 3881 καταϐλάπτεται,

231 3912 505 3987 βορϐόρῳ
524 3910 625 3976 τὰς
672 3913 876 3977 οἰκείας
906 3914 1134 3975 ἀκτῖνας
1171 3909 1497 3965 ἐπιϐάλλων·
1549 3909 1685 3965 ἀλλὰ
1718 3909 1836 3963 τού-

232 4006 487 4070 ναντίον,
510 4006 604 4059 καὶ
621 4005 719 4077 τὴν
740 4004 966 4059 ἐνοῦσαν
995 4004 1188 4077 ἀηδίαν
1210 4021 1336 4073 περι
1343 4005 1632 4075 μάσσεται,
1668 4002 1836 4074 μηδὲν

1955 2186 2290 2255 evangelicas
2316 2200 2477 2241 voces
2512 2202 2826 2258 preponam.
2866 2188 2987 2243 Mox
3014 2191 3157 2245 enim
3192 2202 3247 2245 ut
3282 2193 3535 2247 lectionis

1952 2284 2263 2331 contextum
2306 2276 2699 2341 obaudieritis,
2746 2276 2905 2331 facile
2953 2280 3119 2333 etiam
3173 2281 3532 2349 expositionis

1948 2380 2166 2422 sensum
2204 2366 2567 2434 exprimetis:
2620 2366 2865 2437 Rogavit,
2930 2370 3125 2438 inquit,
3175 2370 3357 2424 Jesum
3413 2358 3561 2441 qui?

1945 2455 2068 2507 dant
2113 2454 2178 2506 de
2210 2451 2524 2520 Pltariswis,
2568 2466 2624 2508 ut
2663 2454 3005 2511 manducare:
3051 2474 3167 2510 cum
3195 2458 3307 2513 illo.
3346 2458 3413 2512 Et
3442 2460 3526 2514 in—

1944 2562 2150 2616 gressus
2193 2549 2402 2600 domum
2449 2544 2735 2614 Phariswi,
2776 2549 3061 2605 discubuit.
3112 2549 3156 2606 0
3194 2550 3521 2607 ineffabilem

1944 2638 2215 2707 gratiam!
2253 2637 2296 2692 Ο
2320 2638 2749 2706 ineXplicabilem
2774 2641 3198 2696 humanitatem!
3233 2643 3298 2696 Et
3325 2645 3513 2697 convi-

1946 2736 2106 2779 vatur
2141 2742 2263 2780 cum
2304 2725 2611 2792 Pharisaeis,
2664 2742 2764 2783 nec
2809 2728 3129 2795 publicanos
3180 2732 3410 2800 repellit.
3458 2733 3526 2788 Et

1942 2816 2167 2888 suscipit
2201 2818 2517 2873 meretrices
2543 2836 2557 2885 ;
2591 2818 2919 2889 disseritque
2946 2836 3068 2876 cum
3095 2820 3439 2877 Samaritana
3467 2823 3523 2889 ¹;

1941 2918 1995 2963 et
2023 2908 2383 2964 Chananaeam
2419 2909 2749 2966 allocutione
2793 2911 3049 2982 dignatur
3076 2914 3131 2978 ²;
3177 2922 3342 2984 atque
3397 2914 3522 2969 lint-

1940 3001 2111 3054 briam
2141 2999 2576 3056 haemorrhoissaa
2608 3002 2753 3075 cedit
2800 3002 2855 3066 ³,
2888 3016 2988 3057 nec
3041 3004 3336 3060 erubescit.
3386 3004 3520 3061 Nam

1943 3091 2185 3146 medicus
2228 3100 2332 3156 est,
2369 3107 2559 3147 omnes
2600 3102 2948 3149 contrectans
3004 3097 3244 3161 morbos,
3285 3106 3341 3151 nt
3368 3097 3519 3168 juvet

1938 3197 2164 3249 omnes;
2201 3182 2374 3237 malos
2422 3183 2721 3254 bonosque,
2766 3185 3113 3256 ingratusque
3151 3196 3207 3241 et
3240 3198 3424 3257 gratos
3457 3204 3521 3243 ac

1939 3271 2246 3326 benevolos.
2288 3272 2438 3327 Unde
2480 3282 2532 3328 et
2569 3275 2729 3327 modo
2766 3289 2794 3328 a
2846 3273 3122 3331 Pharlsmo
3159 3286 3381 3332 vomitus
3420 3278 3519 3333 do-

1937 3375 2082 3414 mum
2115 3361 2433 3431 ingreditur,
2465 3361 2613 3417 velut
2647 3362 2913 3417 malorum
2944 3364 3181 3434 plenam.
3219 3364 3321 3422 Ubi
3355 3367 3517 3437 quip-

1939 3465 2004 3518 pe
2055 3450 2414 3516 Pharisaaus;
2474 3452 2584 3506 illic
2654 3453 2876 3508 malitiae
2939 3453 3293 3523 domicilium,
3337 3458 3518 3511 diver-

1939 3541 2144 3593 sorium
2170 3543 2397 3608 peccati,
2428 3545 2751 3613 arrogantia;
2782 3530 3061 3617 iustusque
3088 3548 3515 3616 receptaculum.

1940 3627 2161 3695 Verum,
2204 3645 2378 3699 neque
2403 3632 2481 3687 sic
2511 3632 2704 3689 al'l‘ecta
2739 3637 2919 3701 domo,
2963 3637 3284 3706 dedignatur
3330 3637 3516 3691 Domi~

1938 3738 2041 3777 nus
2070 3720 2375 3775 accedere:
2408 3721 2568 3791 idque
2617 3724 2831 3777 merito.
2869 3725 3339 3791 Quemadmodum
3373 3728 3517 3780 enim

1937 3815 2071 3871 nihil
2104 3814 2182 3869 sol
2219 3812 2425 3879 damni,
2472 3813 2652 3868 missis
2685 3814 2737 3867 in
2788 3830 3002 3869 caenum
3053 3819 3220 3871 radiis
3264 3820 3518 3889 prepriis,

1936 3906 2134 3974 accipit
2171 3923 2185 3959 :
2217 3903 2348 3976 quin
2382 3904 2582 3974 potius,
2620 3903 2762 3958 nulla
2811 3906 2893 3959 sui
2938 3906 3131 3974 injuria
3178 3920 3232 3964 et
3277 3910 3516 3976 lmsione,

1936 3998 2100 4053 etiam
2140 3997 2214 4051 illi
2264 3996 2480 4050 insitam
2535 3995 2924 4064 turpitudinem
2980 3998 3280 4069 abstergit:
3342 4003 3414 4058 ita
3463 4015 3520 4059 et

1861 3151 1906 3208 C

234 4099 411 4161 αὐτὸς
472 4097 854 4168 ὑϐριζόμενος⁸
897 4095 1044 4151 οὓτω
1090 4096 1187 4150 καὶ
1232 4097 1261 4148 ὁ
1292 4096 1549 4167 Χριστὸς,
1577 4094 1653 4158 ὡς
1682 4094 1836 4164 ἥλιος

232 4187 621 4260 δικαιοσύνης,
660 4189 843 4243 πάντα
875 4189 1046 4259 ἐναγῆ
1097 4188 1195 4241 καὶ
1219 4186 1444 4258 βέϐηλον
1476 4185 1639 4238 τόπον
1664 4201 1834 4237 κατα-

233 4279 541 4351 λαμϐάνει,
558 4280 653 4333 καὶ
679 4278 776 4350 τὴν
793 4278 1005 4348 δυσώδη
1023 4277 1321 4348 ἁμαρτίαν.
1350 4277 1470 4339 ταῖς
1499 4275 1711 4329 ἀκτῖσιν
1735 4274 1835 4328 αὑ-

231 4372 333 4426 τοῦ
359 4370 464 4441 τῆς
488 4370 827 4442 ἀγαθότητος
851 4370 1155 4424 ἀναλίσκει.
1178 4369 1290 4439 Οὐχ
1312 4366 1491 4438 ὓϐριν,
1509 4365 1833 4437 οὺιμείωσιν,

1937 4091 2184 4147 Christus
2235 4089 2383 4143 velut
2422 4087 2647 4162 iustitia:
2703 4088 2805 4155 sol,
2861 4089 3251 4145 exsecrabile-it:
3301 4109 3517 4147 omnem

1937 4183 2336 4252 profannmque
2384 4179 2565 4234 locum
2604 4185 2860 4249 occupat,
2898 4196 2961 4233 ac
3003 4194 3169 4250 grave
3203 4182 3354 4235 olens
3389 4197 3511 4250 pec-

1938 4285 2144 4338 catum,
2196 4271 2454 4326 bonitatis
2504 4286 2615 4325 sua}
2674 4269 2845 4324 radiis
2896 4268 3177 4333 absumit,
3229 4270 3360 4324 nihil
3409 4270 3520 4338 ipse

1940 4364 2242 4431 dedecoris,
2295 4363 2429 4417 nihil
2484 4362 2818 4427 minutionis,
2879 4362 3012 4415 nihil
3064 4363 3304 4417 sordium
3355 4363 3520 4417 susti-

235 4464 297 4516 οὐ
346 4460 631 4533 μολυσμὸν
674 4459 967 4531 ὑπομένων
1004 4458 1147 4512 κατὰ
1182 4457 1273 4512 τὸν
1293 4458 1393 4530 τῆς
1450 4455 1704 4527 θεότητος
1736 4450 1833 4508 λό-

1943 4470 2075 4512 nens
2102 4454 2553 4524 contrahensque.
2588 4453 2792 4508 ratione
2818 4452 3052 4507 deitatis.

235 4573 333 4623 γαν
363 4552 504 4624 (63)-

308 4646 369 4698 I"
384 4641 576 4698 ,Ὅθεν
608 4643 900 4700 ἐπένευσεν
928 4640 1131 4706 εὐθέως
1150 4639 1227 4712 τῷ
1244 4639 1524 4712 Φαρισαίῳ
1547 4636 1801 4692 καλοῦντι
1821 4652 1836 4669 ο

239 4737 494 4809 ᾗρεμῶν,
515 4736 755 4795 σιωπῶν,
783 4734 1169 4804 ἀνεξέλεγκτον
1191 4732 1356 4787 αὐτοῦ
1389 4733 1482 4785 τὸν
1514 4731 1629 4802 βίον
1657 4729 1838 4800 ἀφείς.

240 4828 473 4900 Πρῶτον
506 4826 629 4897 μὲν,
665 4827 756 4880 ἵνα
786 4824 992 4896 ἁγιάσῃ
1041 4824 1167 4887 τοὺς
1201 4822 1519 4894 κληθέντας,
1558 4822 1651 4874 τὸν
1678 4820 1840 4874 καλέ-

2012 4633 2099 4690 lll.
2158 4633 2293 4689 Hinc
2342 4634 2523 4689 statim
2574 4632 2850 4687 Pharisaeo
2904 4622 3115 4687 vocanti
3169 4633 3380 4697 annuit,
3430 4646 3518 4687 ac-

1942 4727 2248 4798 quiescens,
2275 4736 2480 4791 tacens,
2502 4724 2620 4793 ejus
2645 4725 2856 4779 vivendi
2886 4726 3148 4779 rationem
3184 4724 3534 4793 irrepreben-M

1944 4836 2060 4875 sam
2095 4819 2397 4875 dimittens.
2428 4817 2675 4872 Primum
2703 4816 2947 4886 quidem,
2975 4826 3033 4870 ut
3061 4824 3281 4869 vocatos
3312 4814 3516 4870 sancti-

239 4936 432 4984 σαντα,
460 4918 563 4989 τῆς
591 4916 770 4981 οἰκίας
797 4903 891 4969 ’τά
921 4916 1265 4987 συστήματα,
1296 4915 1397 4986 τῆς
1431 4912 1706 4977 πολιτείας
1772 4913 1841 4967 τὰ

1948 4912 2169 4978 licaret;
2208 4918 2267 4964 ut
2293 4919 2597 4975 vocantem,
2634 4908 2851 4963 familia:
2879 4920 3075 4969 conus,
3110 4905 3297 4961 usibus
3326 4905 3518 4959 huma-

303 5052 353 5084 ³³
389 5049 525 5105 Luc.
553 5064 665 5113 nx,
690 5049 745 5106 7.
819 5049 866 5084 ⁸³
908 5046 1101 5102 Matth.
1137 5062 1215 5112 1x,
1245 5046 1342 5111 l7;
1380 5043 1546 5100 Marc.
1577 5060 1637 5110 ιι,
1673 5044 1776 5111 22;
1823 5042 1841 5097 l

1943 5083 1951 5097 .
1986 5059 2039 5110 ν,
2065 5042 2155 5097 37.
2231 5043 2248 5074 ¹
2282 5040 2438 5097 Joan.
2480 5055 2553 5106 tv,
2579 5040 2635 5095 7.
2710 5040 2733 5071 ¹
2762 5038 2952 5094 Matth.
2982 5051 3070 5102 xv,
3096 5035 3187 5092 24.
3265 5037 3287 5069 ⁸
3325 5036 3514 5091 Matth.

244 5139 320 5191 Ix,
350 5121 448 5175 20.

239 5271 402 5341 «rem
427 5268 493 5341 ιιι
525 5256 695 5341 ﬁlim.“
724 5249 1826 5341 ειθιιυοεςίιηλβθηφιίξ.ςξέἱιξιιξιξιξταῖῖ

239 5322 397 5399 cipue
420 5327 728 5399 signaculo,
761 5326 802 5379 ll
834 5325 957 5381 Cor.
990 5340 1029 5390 ι,
1055 5323 1159 5377 εει
1192 5322 1297 5387 Qui
1319 5330 1367 5375 et
1386 5322 1607 5390 signavit
1634 5337 1747 5383 nos,
1781 5327 1833 5373 et

241 5402 379 5453 dedit
411 5398 606 5467 pignus
630 5395 862 5465 Spiritus
892 5396 948 5449 in
982 5395 1232 5467 cordibus
1258 5393 1473 5457 nostris,
1513 5389 1835 5443 velutnimi-

242 5487 359 5523 runt
396 5464 578 5522 altero
610 5464 843 5519 alterum
874 5464 1203 5533 ettplicante.

273 5540 418 5625 .(61)
495 5535 791 5591 Παλινοδ.
848 5528 1037 5590 Menti.
1093 5548 1215 5586 cum
1274 5528 1520 5586 Combel’.
1597 5528 1838 5597 παλινῳ-

240 5610 426 5750 δεῆἶίξ)
488 5675 656 5731 Κατὰ
684 5674 793 5729 τὸν
827 5672 936 5741 τῆς
958 5673 1269 5750 ’θεότητος
1571 5666 1836 5750 Videntur

243 5742 425 5804 Criton
481 5762 703 5811 sonare,
738 5755 797 5798 nt
828 5742 972 5812 quod
1009 5752 1220 5812 spectat
1251 5743 1318 5795 ad
1352 5742 1520 5808 ipsam
1553 5742 1829 5812 deitatem,

245 5832 292 5874 et
320 5833 429 5891 qua
450 5817 598 5873 Deus
625 5809 731 5881 est,
762 5809 893 5869 nihil
932 5828 997 5868 ex
1036 5809 1297 5866 malorum
1317 5810 1692 5863 communione
1720 5809 1834 5876 ipse
1860 5854 1863 5855 ν

1939 5228 2079 5300 mali
2098 5242 2386 5300 perpessus
2414 5227 2520 5300 sit,
2558 5226 2828 5300 quomodo
2853 5236 3059 5300 veru_m_
3081 5220 3240 5276 habet
3277 5220 3343 5300 de
3367 5217 3515 5300 omni

1939 5288 2159 5371 otttnino
2195 5288 2357 5371 inalo,
2379 5288 2710 5371 quodetiam
2728 5302 2941 5371 _vocant
2966 5291 3207 5371 defectus
3233 5288 3514 5371 naturalis.

1942 5370 1999 5425 Si
2056 5384 2185 5422 vero
2213 5363 2376 5422 etiam
2397 5363 2478 5421 'ad
2521 5366 2911 5420 humanitatem
2948 5363 3274 5419 extendatur
3314 5363 3513 5425 oratio,

1943 5439 2319 5506 restringenda
2347 5438 2451 5492 erit
2471 5438 2538 5490 ad
2571 5437 2769 5489 malum
2797 5435 2988 5504 culpm,
3016 5449 3126 5502 quo
3160 5445 3404 5506 prorsus,
3459 5438 3515 5483 ut

1943 5511 2108 5562 etiam
2126 5501 2304 5568 homo,
2318 5521 2629 5578 quanquam
2645 5520 2868 5578 versans
2880 5501 3000 5557 cum
3015 5501 3410 5578 peccatoribus,
3425 5515 3517 5578 κα-

1941 5578 2009 5633 τὰ
2027 5577 2117 5631 τὸν
2148 5578 2243 5647 τῆς
2275 5569 2528 5647 θεότητος
2555 5575 2733 5644 λόγον,
2757 5573 2909 5640 juxta
2939 5569 3080 5640 qubd
3110 5572 3243 5638 petit
3273 5569 3515 5647 ratio-dia

1876 5648 1881 5651 Α
1941 5637 2290 5710 τὶιιὶιιιιίεξοι
2339 5657 2398 5700 ιιι
2421 5637 2969 5699 ἰΙΙίλεοῖιεειιίιιιιοιιιιι
3005 5637 3123 5707 est,
3169 5637 3366 5694 mansit
3414 5640 3514 5692 im-

1944 5719 2120 5773 munis
2164 5732 2178 5767 :
2212 5719 2357 5787 quod
2385 5715 2679 5770 secundum
2721 5711 2932 5767 videtur
2956 5710 3126 5781 magis
3155 5720 3511 5778 consequens.
