4048 6460
618 394 678 448 7i
1615 392 1672 445 S.
1716 390 2162 446 AMPHILOCHII
2201 390 2590 450 ICONIENSIS
2631 394 2938 452 EPISCOPI
3791 403 3877 458 72

621 516 706 566 nis
751 521 1091 580 comparatos
1133 510 1327 565 cibos:
1385 519 1494 562 tum
1529 524 1675 575 vero,
1714 522 1770 565 ut
1804 529 1869 567 ex
1903 514 2178 578 accubitu,

2289 514 2583 585 βρώματα·
2625 516 2815 570 ἔπειτα
2858 518 3090 582 δεικνὺς,
3125 517 3199 580 ὡς
3230 518 3289 570 οὐ
3324 516 3518 586 φάσμα
3541 513 3667 590 ἦνὴ
3708 519 3876 574 ἐναν-

618 616 686 656 ex
710 617 804 656 esu
830 608 1089 669 potaque,
1117 615 1177 653 ac
1207 601 1450 652 ciborum
1470 610 1703 668 sumptu,
1728 616 1832 654 non
1864 603 2186 670 phantasma

623 708 765 757 esse,
799 694 946 761 quod
992 694 1062 745 sit
1094 692 1267 745 factus
1315 691 1498 755 homo,
1546 691 1883 757 ostenderet;
1928 703 2187 759 praeterea

618 795 820 848 autem,
864 784 1007 854 quod
1056 784 1307 837 meretrix
1350 791 1494 836 esset
1533 796 1839 845 accessura,
1872 792 2035 851 atque
2080 781 2188 835 fer-

617 882 830 929 ventem
875 875 1025 928 illum
1077 887 1475 941 accensumque
1512 870 1622 925 illic
1653 871 1961 926 exhibitura
2014 871 2187 938 poeni-

619 966 798 1020 tentim
827 966 1063 1019 modum.
1114 964 1405 1034 Propterea
1444 962 1630 1015 annuit
1660 960 1942 1042 confestim
1976 961 2186 1016 vocanti

617 1056 912 1119 Phariszeo,
944 1064 1000 1109 ut
1033 1071 1216 1110 coram
1261 1053 1472 1109 Scribis
1506 1063 1558 1106 et
1590 1053 1876 1107 Pharisazis
1901 1067 1998 1107 sua
2019 1051 2188 1121 ipsius

616 1147 913 1216 lugubriter
945 1146 1267 1215 depromens
1324 1146 1463 1197 mala
1487 1183 1501 1205 ,
1548 1143 1640 1212 qui
1676 1142 1904 1202 debeant
1935 1150 2184 1209 peccato-

615 1253 723 1300 res,
766 1238 980 1290 tristitia
1023 1252 1119 1303 pro
1154 1236 1390 1305 peccatis
1439 1234 1652 1303 placare
1686 1234 1874 1297 Deum,
1909 1234 2053 1302 ipsos
2085 1233 2184 1285 do-

613 1335 780 1381 ceret.
813 1325 944 1379 Nam
972 1342 1107 1390 ecce,
1138 1326 1332 1395 inquit,
1371 1324 1558 1378 mulier
1580 1324 1633 1376 in
1669 1324 1899 1386 civitate,
1933 1338 2049 1391 qua:
2072 1331 2185 1376 erat

613 1416 891 1481 peccatrix.
955 1414 1162 1481 Mulier,
1218 1424 1407 1468 natura
1454 1413 1656 1482 fragilis
1715 1430 1728 1465 :
1779 1414 2010 1480 primum
2057 1411 2184 1465 illud

615 1506 813 1560 diaboli
846 1516 978 1570 rete,
1012 1508 1217 1560 erroris
1264 1506 1515 1570 initiatio,
1550 1504 1758 1558 doetrix
1787 1502 2184 1573 prmvaricatio-

612 1599 732 1661 nis;
782 1596 919 1651 facta
953 1598 1038 1651 illa
1090 1599 1303 1667 quidem
1341 1598 1391 1649 in
1429 1594 1772 1662 adjutorium,
1806 1595 1899 1648 sed
1941 1609 2062 1663 quae
2089 1594 2184 1648 ho~

612 1698 746 1741 stem
778 1702 894 1741 sese
927 1689 1204 1750 exhibuit;
1246 1688 1384 1739 facta
1418 1689 1562 1756 quod
1590 1694 1794 1753 spectat
1819 1687 1884 1739 ad
1913 1694 2177 1749 naturam,

613 1779 787 1842 bona;
826 1779 917 1832 sed
955 1794 1075 1848 qua:
1121 1778 1341 1841 malam,
1378 1778 1668 1832 voluntatis
1698 1776 1985 1845 proposito,
2012 1790 2069 1829 se
2098 1776 2178 1844 ip-

2288 605 2589 677 θρώτιησις,
2632 608 2695 660 ἐκ
2732 607 2834 677 τῆς
2878 607 3235 669 άνακλίσεως,
3290 607 3390 676 τῆς
3449 607 3723 679 βρώσεως,
3761 610 3875 680 τῆς

2289 697 2519 761 πόσεως,
2544 698 2644 767 τῆς
2666 698 2774 750 τῶν
2822 698 3006 751 σιτίων
3030 697 3293 767 δαπάνης.
3321 697 3532 761 Ἀλλως
3557 698 3633 762 δὲ,
3672 699 3873 771 ἐπειδὴ

2287 782 2570 855 ἔμελλενή
2614 786 2787 856 πόρνη
2828 786 3131 857 προσιέναι,
3157 787 3252 839 καὶ⁸
3287 786 3378 839 τὸν
3417 786 3615 857 θερμὸν
3654 789 3871 840 ἐκεῖνον

2288 874 2384 928 καὶ
2421 875 2685 945 διάπυρον
2725 876 2826 945 τῆς
2860 876 3146 947 μετανοίας
3191 877 3462 931 δεικνύναι
3494 877 3714 949 τρόπον*
3771 878 3874 932 διὰ

2287 964 2444 1017 τοῦτο
2475 965 2728 1019 καλοῦντι
2771 967 2849 1037 τῷ
2886 969 3164 1038 Φαρισαίῳ
3216 968 3458 1021 ἐπινεύει
3504 970 3733 1039 ταχέως,
3772 971 3872 1025 ἵνα

2287 1056 2374 1108 ἐπ’
2402 1056 2559 1125 ὄψεσι
2592 1058 2970 1129 Γραμματέων
2996 1060 3089 1112 καὶ
3112 1057 3420 1130 Φαρισαίων
3442 1059 3512 1112 τὰ
3544 1062 3716 1113 οἰκεῖα
3766 1061 3872 1114 ἐκ-

2285 1147 2720 1217 τραγῳδήσουσα
2771 1147 2935 1213 κακὰ,
2991 1148 3176 1220 διδάξῃ
3205 1149 3418 1213 αὐτοὺς,
3461 1149 3577 1212 πῶς
3623 1149 3703 1202 δεῖ
3732 1148 3871 1212 τοὺς

2286 1237 2641 1307 ἁμαρτωλοὺς
2669 1239 2761 1292 ἐπὶ
2781 1242 2902 1302 ταῖς
2944 1240 3243 1311 ἁμαρτίαις
3270 1239 3685 1309 στυγνάζοντας,
3708 1240 3871 1305 ἐξευ-

2288 1327 2605 1395 μενίζεσθαι
2640 1328 2792 1385 Θεόν.
2844 1329 3000 1384 Ἰδοὺ
3031 1330 3159 1401 γάρ.
3194 1330 3347 1401 φησὶ,
3382 1330 3536 1401 γυνὴ
3558 1332 3626 1384 ἐν
3650 1330 3724 1399 τῇ
3750 1333 3869 1385 πό-

2281 1418 2395 1482 λει,
2436 1416 2474 1484 ἦ
2496 1435 2589 1484 τις
2618 1415 2697 1488 ἦν
2723 1420 3089 1489 ἁμαρτωλός.
3132 1422 3343 1493 Γυνήοή
3371 1422 3642 1486 εὐόλισθος
3669 1423 3861 1490 φύσις,

2282 1505 2342 1558 τὸ
2373 1507 2591 1577 πρῶτον
2619 1509 2833 1563 δίκτυον
2859 1510 2951 1563 τοῦ
2990 1512 3259 1575 διαϐόλου,
3290 1515 3323 1584 ἡ
3365 1513 3463 1583 τῆς
3503 1513 3710 1583 πλάνης
3742 1516 3868 1567 εἰσ-

2284 1594 2497 1669 αγωγὴ,
2533 1600 2684 1670 ήτῆς
2726 1602 3089 1673 παραϐάσεως
3121 1603 3454 1669 διδάσκαλος·
3479 1607 3511 1675 ἡ
3540 1604 3727 1675 βοηθὸς
3755 1606 3863 1677 μὲν

2281 1692 2570 1761 γενομένη,
2598 1693 2831 1764 πολεμία
2856 1696 2912 1748 δέ
2941 1696 3331 1766 άναδειχθεῐσαο
3367 1698 3400 1767 ἠ
3427 1699 3686 1769 γενομένη
3714 1699 3862 1753 κατὰ

2284 1784 2443 1853 φύσιν
2467 1785 2634 1856 καλὴ,
2681 1789 2745 1839 ἐκ
2783 1788 3154 1859 προαιρέσεως
3190 1788 3247 1841 δέ
3275 1788 3651 1859 ἀποδειχθεῖσα
3682 1791 3854 1860 κακή’

610 1882 723 1919 sam
774 1864 899 1919 feeit
937 1843 1117 1934 z—qnce
1165 1866 1402 1919 ostendit
1448 1866 1575 1932 ligni
1613 1843 2088 1933 pulichritmliuem,
2118 1843 2178 1917 et

2284 1843 2317 1942 ἧ
2349 1874 2408 1926 τὸ
2441 1843 2632 1938 κάλλος
2654 1875 2748 1928 τοῦ
2791 1843 2964 1942 ξύλου⁵
2999 1843 3239 1943 δείξασα,
3281 1878 3373 1930 καὶ
3408 1843 3500 1931 τὸν
3527 1843 3857 1948 παράδεισον

612 1958 916 2025 paradisum
955 1958 1151 2011 amisit.
1190 1955 1259 2008 Et
1307 1972 1444 2020 ecce,
1494 1956 1685 2025 inquit,
1716 1956 1903 2006 mulier
1948 1956 2003 2006 in
2051 1954 2178 2006 civi-

610 2057 732 2107 tate,
762 2062 877 2114 qua:
913 2056 1022 2097 erat
1052 2044 1333 2111 peccatrix,
1381 2057 1500 2111 qua:
1534 2051 1771 2111 portaret
1816 2041 1939 2092 Erae
1980 2052 2170 2101 onera,

608 2150 728 2204 qua:
774 2137 954 2190 multis
1010 2135 1167 2188 malis
1217 2143 1364 2187 esset
1419 2141 1636 2187 onusta.
1696 2130 1888 2195 Porro,
1935 2129 2176 2196 priorum

608 2229 724 2293 ejus
749 2241 954 2278 morum
985 2225 1288 2291 largitatem
1319 2222 1458 2284 dico,
1493 2230 1550 2295 ut
1582 2219 1840 2274 noveritis
1868 2218 2032 2285 ipsius
2061 2230 2178 2286 pm-

612 2313 850 2366 nitentiaa
890 2311 1364 2380 magnificentiam.

682 2404 771 2457 iV.
812 2407 1097 2472 Assumpto
1140 2403 1279 2457 Deus
1310 2415 1434 2456 osse
1464 2400 1530 2455 de
1559 2399 1750 2454 Adami
1790 2399 1961 2451 latere
1985 2397 2009 2429 ⁵
2029 2436 2045 2461 ,
2085 2411 2179 2450 eo-

609 2510 716 2566 que
753 2509 913 2548 carue
959 2504 1137 2556 aucto,
1193 2493 1352 2546 Evaut
1388 2490 1535 2554 fecit,
1595 2504 1753 2558 quam
1803 2496 1857 2541 et
1900 2485 2178 2538 mulierem

609 2594 876 2646 vocatam,
908 2583 1035 2637 Adae
1083 2584 1398 2649 adjutricem
1444 2580 1613 2634 dedit.
1658 2578 1785 2631 Post
1818 2592 1945 2631 vero
1990 2589 2179 2642 pecca-

613 2686 722 2729 tum
769 2674 1005 2744 legisque
1051 2673 1558 2739 transgressionem,
1612 2677 1840 2738 postque
1890 2666 2117 2735 ejectum
2148 2680 2179 2718 e

609 2766 877 2835 paradiso,
927 2766 1212 2833 divinaque
1250 2764 1453 2829 ultione
1506 2761 1766 2813 adscitam
1806 2766 2077 2819 mortem;
2121 2763 2178 2807 ut

608 2875 677 2913 ne
704 2872 876 2912 morte
918 2857 1156 2910 funditus
1189 2856 1527 2921 absumptum
1582 2850 1832 2917 depereat
1880 2848 2173 2899 humanum

606 2964 799 3018 genus,
846 2948 1079 3001 militant
1125 2946 1321 3015 nuptiae
1352 2945 1607 2997 adversus
1654 2949 1930 2994 tnortem:
1978 2946 2035 2990 ut
2079 2935 2178 2989 illa:

607 3041 825 3110 quidem
859 3049 1065 3103 serant,
1102 3038 1215 3091 hac
1242 3045 1419 3088 autem
1470 3042 1671 3099 metat;
1708 3032 1879 3086 caedat
1911 3031 2029 3088 ista,
2078 3028 2177 3080 illa:

607 3131 929 3201 germinent.
972 3129 1123 3194 Quod
1163 3143 1327 3196 porro
1368 3134 1490 3196 post
1540 3124 1696 3177 morti
1746 3120 2047 3189 subjectum
2084 3119 2177 3172 ho—

609 3226 830 3289 minem,
875 3222 1104 3292 coatjugii
1137 3220 1309 3292 gratia
1365 3231 1627 3272 concessa
1676 3215 1785 3268 sit:
1824 3214 1948 3266 inde
1982 3213 2173 3281 liquet,
2207 3184 2251 3241 (ἶ

607 3317 750 3385 quod
788 3313 981 3385 Adam,
1011 3322 1291 3383 postquam
1327 3310 1533 3363 exierat
1568 3307 1633 3360 de
1662 3306 1932 3374 paradiso,
1963 3303 2084 3357 Evae
2112 3304 2180 3355 sit
2224 3350 2237 3359 ,

606 3403 889 3473 copulatus
917 3420 930 3457 :
962 3402 1220 3471 scriptum
1265 3409 1348 3455 est
1394 3400 1533 3454 enim
1570 3396 1711 3468 quod
1757 3402 1875 3464 post
1904 3409 2178 3464 egressum

606 3512 674 3551 ex
709 3496 975 3564 paradiso,
1015 3504 1139 3547 tunc
1183 3492 1415 3561 cognovit
1467 3490 1638 3543 Adam
1685 3502 1899 3539 uxorem
1945 3500 2097 3537 suum
2132 3483 2175 3537 '.

605 3589 747 3641 Ante
783 3600 912 3655 ergo
946 3593 1246 3654 peccatum,
1296 3580 1577 3651 virginitas
1603 3588 1755 3633 erat:
1812 3591 1927 3644 qua:
1974 3587 2179 3629 natura:

609 3678 847 3731 tunicam
888 3676 1089 3745 absque
1134 3674 1293 3729 sorde
1337 3681 1599 3726 servaret.
1638 3670 1763 3724 Post
1790 3676 1967 3721 autem
1997 3676 2178 3721 trans-

605 3769 959 3838 gressionem,
996 3777 1116 3835 post
1164 3763 1355 3820 mortis
1399 3764 1723 3818 sententiam
1774 3770 1851 3814 est
1902 3758 2175 3843 inductum

605 3858 953 3929 coniugium,
1006 3868 1062 3913 ut
1131 3857 1463 3925 scaturigine
1527 3858 1773 3910 vinceret
1834 3850 2170 3904 haurientem

608 3960 880 4014 mortem,
948 3951 1305 4020 genituraque
1374 3950 1789 4003 viudemiantem
1874 3951 2172 4009 superaret.

607 4040 743 4105 Quia
777 4040 938 4110 igitur
978 4042 1043 4096 ad
1086 4042 1303 4113 generis
1355 4039 1816 4093 conserVationem
1866 4043 2176 4102 naturaeque

606 4146 939 4187 crementum
987 4135 1111 4188 data
1153 4133 1255 4186 fuit
1304 4130 1537 4199 conjugii
1591 4128 1697 4191 lex,
1738 4126 1961 4180 inseruit
2010 4124 2173 4186 Deus,

608 4225 848 4279 masculo
878 4226 1093 4295 quidem
1130 4223 1501 4291 voluptatem;
1551 4218 1807 4273 feminam
1842 4226 2021 4270 autent
2076 4231 2172 4269 ceu

607 4313 870 4369 lenocinio
896 4315 1127 4383 quodam
1161 4321 1215 4366 et
1243 4311 1442 4381 philtro
1471 4308 1744 4372 adulante,
1778 4308 2030 4372 donavit;
2069 4322 2170 4359 non

606 4401 969 4470 prolectandis
999 4412 1149 4454 more
1173 4398 1498 4454 tmeretricio
1536 4398 1601 4452 ad
1640 4399 1838 4452 coitum
1869 4437 1882 4460 ,
1914 4396 2007 4450 sed
2044 4394 2169 4464 legi-

2284 1966 2614 2047 ἀπολέσασα.
2666 1969 2777 2022 Καὶ
2828 1968 2955 2022 ὶδοὺ
3000 1970 3176 2038 γυνὴ,
3226 1970 3410 2040 φησὶν,
3451 1971 3521 2024 ἐν
3551 1970 3625 2039 τῇ
3655 1972 3851 2036 πόλει,

2284 2056 2416 2125 ἥτις
2464 2054 2541 2126 ἦν
2565 2058 2931 2127 ἁμαρτωλὸς,
2978 2059 3046 2112 τὰ
3098 2060 3196 2130 τῆς
3226 2060 3368 2124 Εύας
3403 2062 3638 2132 φέρουσα
3686 2062 3853 2135 βάρη,

2283 2145 2496 2209 πολλοῖς
2515 2150 2702 2210 κακοῖς
2740 2146 3058 2218 βριθομένη.
3102 2148 3242 2220 Ἐρῶ
3268 2150 3323 2203 δὲ
3354 2151 3525 2219 αὐτῆς
3579 2150 3684 2203 τῶν
3712 2169 3852 2222 προ-

2282 2236 2454 2307 τέρων
2473 2237 2688 2307 τρόπων
2723 2239 2831 2309 (63)
2859 2240 2956 2310 τὴν
2989 2239 3288 2309 δαψίλειαν,
3330 2243 3417 2296 ἵνα
3464 2243 3634 2309 γνῶτε
3679 2244 3857 2316 αὐτῆς

2282 2327 2383 2396 τῆς
2426 2330 2710 2398 μετανοίας
2737 2330 2832 2400 τὴν
2850 2330 3212 2385 πολυτέλειαν.

2353 2415 2424 2468 Δ⁹.
2444 2414 2503 2469 Ὀ
2514 2416 2642 2480 Θεὸς
2666 2419 2729 2471 ἐκ
2757 2420 2853 2488 τῆς
2881 2418 3118 2491 πλευρᾶς
3134 2421 3226 2473 τοῦ
3256 2421 3425 2492 Ἀδὰμ
3446 2422 3625 2475 ὀστέον
3643 2421 3852 2489 λαϐὼν,

2284 2506 2564 2559 καὶτοῦτο
2616 2508 2926 2578 σαρκώσας,
2981 2511 3080 2581 τὴν
3112 2510 3254 2564 Εύαν
3293 2513 3604 2582 εἰργάσατο,
3638 2515 3702 2584 ἣν
3756 2517 3857 2567 καὶ

2283 2599 2512 2663 γυναῖκα
2550 2597 2805 2663 καλέσας,
2852 2600 3018 2654 ἔδωκε
3067 2601 3257 2672 βοηθὸν
3309 2602 3387 2672 τῷ
3439 2605 3630 2674 Ἀδάμ.
3693 2605 3861 2659 Ἀλλὰ

2287 2688 2424 2756 μετὰ
2452 2688 2514 2741 τὸ
2552 2688 2813 2760 ἁμαρτεῖν
2860 2683 2992 2764 (64),
3040 2696 3134 2747 καὶ
3180 2697 3485 2766 παραϐῆναι
3523 2697 3612 2750 τὸν
3665 2699 3855 2769 νόμον,

2282 2780 2377 2832 καὶ
2408 2780 2738 2853 ἐκϐληθῆναι
2761 2784 2855 2837 τοῦ
2885 2786 3233 2857 παραδείσου,
3267 2788 3358 2840 καὶ
3380 2788 3602 2842 θάνατον
3634 2789 3694 2842 τὸ
3732 2792 3858 2843 ἐπι-

2281 2870 2459 2940 τίμιον
2482 2871 2683 2925 λαϐεῖν’
2717 2874 2804 2927 ἵνα
2824 2875 2897 2947 μὴ
2924 2876 3002 2946 τῷ
3031 2877 3242 2948 θανάτῳ
3277 2877 3655 2947 δαπανώμενον
3684 2878 3858 2951 ἄρδην

2284 2961 2345 3014 τὺ
2380 2964 2533 3031 γένος
2578 2965 2885 3037 ἁπώληται,
2918 2968 3093 3037 γάμος
3118 2969 3494 3038 ἐπιστρατεύει
3517 2968 3593 3039 τῷ
3617 2969 3856 3040 θανάτῳ.

2285 3052 2403 3105 Ἵνα
2453 3055 2482 3105 6
2510 3054 2609 3124 μὲν
2646 3056 2863 3127 σπείρῃ,
2898 3059 2926 3109 ὁ
2972 3057 3028 3109 δέ
3060 3057 3266 3128 θερίζῃ·
3292 3060 3320 3110 ὁ
3363 3059 3460 3128 μὲν
3487 3060 3678 3131 τέμνῃ,
3721 3060 3750 3113 6
3796 3060 3858 3123 δὲ

2286 3142 2575 3214 βλαστάνῃ.
2608 3146 2717 3197 Καὶ
2743 3147 2823 3199 ὅτι
2860 3146 2996 3217 μετὰ
3040 3148 3101 3201 τὸ
3132 3148 3504 3217 ὑποϐληθῆναι
3536 3149 3769 3221 θανάτῳ,
3820 3151 3857 3221 ἡ

2281 3232 2374 3285 τοῦ
2413 3235 2593 3304 γάμου
2614 3236 2767 3308 ἐδόθη
2791 3238 2969 3308 χάρις,
3005 3239 3161 3309 δῆλον
3202 3241 3266 3293 ἐκ
3286 3239 3400 3306 τοῦ,
3429 3240 3518 3295 τὸν
3563 3241 3733 3312 Ἀδάμ
3759 3260 3860 3312 με-

2280 3323 2349 3376 τά
2370 3323 2464 3395 τὴν
2493 3324 2669 3391 ἔξοδον
2722 3327 2816 3380 τοῦ
2851 3329 3180 3400 παραδείσου
3228 3326 3574 3402 ¹σιδναερθῆναι
3601 3335 3667 3403 τῇ
3716 3331 3854 3404 Εῦᾳ.

2281 3413 2591 3486 Γέγραπται
2622 3417 2730 3488 γὰρ
2755 3419 2857 3481 ὅτι,
2894 3420 3030 3489 μετὰ
3067 3420 3127 3472 τὸ
3177 3421 3410 3487 ἐξελθεῖν
3445 3424 3509 3475 ἐκ
3556 3422 3647 3475 τοῦ
3677 3441 3859 3495 παρα-

2278 3505 2479 3572 δείσου,
2533 3509 2655 3560 τότε
2695 3509 2846 3577 ἔγνω
2887 3510 3058 3579 Ἀδὰμ
3084 3512 3198 3579 τὴν
3215 3514 3469 3582 γυναῖκα
3486 3515 3691 3568 αὐτοῦ·
3746 3517 3859 3586 πρὸ

2277 3596 2377 3664 τῆς
2404 3596 2676 3666 ἁμαρτίας
2704 3593 2816 3661 οὖν,
2860 3600 3125 3671 παρθενία
3152 3599 3240 3673 ἦν·
3288 3604 3585 3674 ἀμόλυντον
3610 3605 3857 3677 τηροῦσα

2285 3685 2368 3736 τὸν
2405 3686 2607 3755 χιτῶνα
2628 3686 2727 3755 τῆς
2756 3688 2984 3755 φύσεως.
3013 3693 3165 3746 Μετὰ
3189 3694 3244 3747 δὲ
3273 3697 3370 3766 τὴν
3396 3697 3722 3767 παράϐασιν,
3757 3715 3856 3765 μεο

2277 3771 2346 3824 τὰ
2376 3773 2476 3842 τὴν
2509 3773 2604 3825 τοῦ
2636 3774 2866 3835 θανάτου
2917 3780 3210 3849 ἀπόφασιν,
3239 3785 3266 3837 6
3291 3784 3467 3855 γάμος
3501 3787 3849 3858 ἁντεισὴχθη,

2278 3863 2364 3916 ἵνα
2398 3864 2695 3921 άντλοῦντα
2733 3868 2822 3920 τὸν
2859 3870 3084 3925 θάνατον
3123 3878 3316 3946 νικήσῃ
3356 3875 3554 3947 βρύων,
3594 3880 3688 3931 καὶ
3721 3896 3854 3949 τρυ-

2276 3954 2456 4021 γῶντα
2486 3959 2694 4029 ἡττήσῃ
2725 3959 2893 4027 φύων.
2936 3963 3085 4016 Ἐπεὶ
3106 3960 3196 4017 οὖν
3219 3967 3307 4034 ἐπὶ
3325 3969 3389 4036 τῇ
3419 3971 3613 4037 συνοχῇ
3645 3966 3735 4019 τοῦ
3759 3967 3854 4034 γέ-

2275 4063 2417 4110 νους,
2457 4049 2550 4102 καὶ
2571 4051 2661 4102 ἐπὶ
2688 4051 2913 4122 αὐξήσει
2944 4055 3042 4124 τῆς
3068 4055 3300 4125 φύσεως,
3322 4060 3349 4110 ὁ
3369 4057 3461 4110 τοῦ
3488 4060 3665 4129 γάμου
3694 4060 3849 4131 ἐδόθη

2274 4137 2456 4209 νόμοςυ
2487 4138 2564 4209 τῷ
2598 4140 2693 4210 μὲν
2724 4141 2995 4213 ἀνθρώπῳ
3021 4144 3211 4215 ἡδονὴν
3240 4145 3538 4218 ἐνέσπειρε·
3574 4147 3635 4198 τὸ
3663 4147 3718 4200 δέ
3751 4148 3849 4217 θῆ-

2275 4226 2359 4293 λυ,
2393 4228 2728 4284 θωπευτικὸν
2764 4232 3036 4302 ἐποίησεν·
3074 4236 3171 4303 οὐχ
3230 4235 3317 4287 ἴνα
3364 4237 3654 4307 ἑταιρικῶς
3713 4237 3850 4307 πρὸς

2277 4316 2450 4387 μίξεις
2496 4318 2865 4388 ἐρεθίζωνταγ
2926 4320 3039 4372 ἀλλ’
3089 4322 3175 4374 ἵνα
3222 4323 3458 4392 ἐννόμως
3509 4325 3642 4395 πρὸς
3673 4325 3850 4395 γάμον

2275 4406 2668 4459 συνάπτωνται.
2700 4406 2863 4460 Ὅθεν
2901 4409 2933 4477 ἡ
2968 4407 3067 4477 μὲν
3104 4409 3363 4481 ἔνθεσμος
3389 4413 3482 4466 τοῦ
3503 4414 3679 4483 γάμου
3709 4413 3851 4483 μίξις

609 4495 739 4548 time
769 4493 1078 4562 copulandis
1106 4494 1157 4546 in
1197 4492 1617 4547 matrimonium.
1660 4490 1837 4557 Quare
1878 4486 2170 4543 honorabi-

2279 4496 2429 4565 τιμία
2467 4496 2616 4566 παρὰ
2642 4495 2719 4564 τῷ
2764 4496 2901 4566 Θεῷ.
2939 4498 3002 4550 Ἠ
3033 4499 3089 4550 δέ
3139 4501 3274 4571 πρὸς
3310 4502 3469 4573 χάριν
3513 4498 3621 4556 τῶν
3649 4504 3849 4573 ἡδονῶν

610 4586 673 4640 lis
703 4587 842 4656 apud
874 4585 1042 4640 Deum
1074 4585 1309 4656 legitima
1345 4583 1579 4652 conjugii
1607 4583 1806 4647 mistio,
1843 4595 1963 4651 quae
1991 4588 2167 4635 autem

677 4702 699 4735 ‘
732 4702 867 4758 Gen.
913 4717 972 4769 ιι,
1000 4701 1092 4756 2i.
1164 4702 1186 4734 ⁵
1228 4702 1363 4758 Gen.
1405 4717 1479 4769 ιν,
1516 4702 1568 4760 l.

680 4820 789 4890 (65)
808 4821 1063 4890 Τρόπων.
1086 4818 1273 4873 Montl’.
1292 4818 1494 4878 κακῶν.
1513 4819 1767 4872 malorum
1787 4835 1806 4883 ;
1823 4822 1964 4887 quod
1990 4820 2174 4890 utique

612 4891 811 4974 rectius
847 4906 965 4944 esse
985 4891 1261 4944 insinuare
1292 4890 1503 4943 videtur
1524 4903 1623 4942 vox
1639 4891 1970 4958 subsequens
2004 4907 2171 4961 μετα-

607 4974 776 5020 νοιας.

676 5025 790 5097 (64)
830 5026 1005 5081 Ἀλλὰ
1027 5027 1177 5096 μετὰ
1205 5025 1269 5080 τὸ
1299 5025 1598 5095 ἁμαρτεῖν.
1636 5025 1776 5097 Idem
1817 5028 2077 5094 pluribus,
2115 5038 2170 5083 et

610 5096 882 5152 inductum
912 5100 1192 5151 occasione
1241 5098 1443 5165 peccati
1466 5111 1543 5165 _ac
1567 5110 1630 5148 ex
1678 5096 1802 5165 ejus
1850 5098 2169 5165 praevisioue

610 5167 1030 5228 matrimonium,
1052 5163 1338 5235 Nyssenus,
1361 5163 1528 5235 l.t_De
1563 5164 1768 5229 api/icio
1790 5163 2036 5229 hominis,
2070 5167 2169 5219 Da-

612 5252 778 5288 masc.
839 5236 931 5288 lib.
981 5251 1055 5298 tv,
1089 5233 1142 5287 et
1174 5234 1263 5287 alii
1299 5252 1313 5287 :
1355 5233 1543 5301 majori
1583 5235 1720 5304 forte
1766 5236 1963 5303 pietate
2006 5250 2165 5304 quam

609 5306 852 5359 vteritate.
894 5307 1209 5370 Quanquam
1242 5303 1381 5355 enim
1423 5303 1735 5370 propagatio
1778 5320 1897 5371 qua:
1927 5303 2167 5357 est’car-

612 5373 715 5425 nali
739 5374 1083 5440 generatione
1108 5388 1170 5425 ex
1202 5374 1436 5439 legitima
1474 5372 1683 5437 copula,
1712 5373 1953 5425 nonnihil
1984 5388 2169 5427 crassa

611 5442 678 5494 sit
723 5455 776 5494 et
823 5444 1057 5508 humilis,
1106 5442 1424 5510 digniusque
1469 5442 1741 5493 videretur
1782 5451 1840 5493 ut
1882 5441 2018 5495 Deus
2061 5444 2174 5508 ipse

614 5512 765 5563 nobis
810 5526 1033 5578 corpora
1082 5512 1222 5565 sicut
1257 5512 1460 5563 Adamo
1520 5519 1746 5576 aptaret.
1794 5511 1935 5564 haud
1989 5520 2164 5564 tamen

615 5580 736 5631 talis
765 5579 928 5632 videri
971 5583 1147 5643 debet,
1177 5582 1242 5636 iis
1284 5581 1512 5632 sublatis
1565 5594 1684 5646 qua:
1724 5592 2065 5634 accesserunt
2098 5595 2165 5633 ex

615 5659 851 5717 peccato.
885 5658 942 5700 ut
977 5653 1149 5707 minus
1172 5652 1359 5704 deccat
1391 5651 1681 5711 hominem,
1716 5662 1812 5716 pro
1873 5648 1961 5701 illo
1998 5650 2162 5703 etiam

612 5726 776 5775 statu,
800 5717 901 5787 qui
957 5732 1053 5787 nec
1088 5720 1199 5787 ipse
1229 5720 1447 5772 onmiuo
1505 5736 1533 5771 ει
1587 5718 1985 5771 conditionibus
2043 5718 2165 5770 vitae

613 5786 859 5845 auitnalis
909 5786 1182 5840 absolutus
1224 5800 1383 5842 esset.
1419 5788 1569 5853 Quod
1620 5800 1798 5843 autem
1840 5788 2006 5841 Adam
2059 5802 2162 5840 non

2277 4583 2661 4655 ἐκτελουμένη,
2686 4584 2900 4656 θανάτῳ
2929 4587 3291 4661 ὑποϐέϐληται
3322 4590 3459 4661 (65).
3501 4591 3699 4662 Τίμιος
3736 4591 3846 4660 γὰρ

2279 4821 2380 4873 nisi
2410 4838 2437 4872 a
2470 4827 2693 4887 peccato
2737 4816 2901 4869 Evam
2943 4817 3275 4890 cognoverit,
3324 4833 3428 4871 non
3459 4833 3523 4873 eo
3574 4819 3691 4885 fuit,
3722 4825 3844 4890 quia

2279 4891 2380 4943 nisi
2430 4898 2710 4957 peccasset
2756 4903 2858 4940 non
2894 4897 3037 4957 esset
3070 4888 3399 4954 cogniturus,
3431 4889 3520 4941 sed
3556 4890 3677 4956 quia
3710 4888 3845 4946 intra

2278 4955 2547 5012 modicum
2580 4957 2709 5010 illud
2737 4965 2945 5022 tempus
2974 4955 3057 5007 vix
3072 4970 3163 5008 sex
3198 4957 3451 5009 horarum
3482 4972 3509 5008 a
3540 4955 3847 5017 cenditinne

2275 5030 2341 5079 ad
2374 5028 2602 5096 lapsum,
2633 5039 2927 5096 congruum
2966 5041 3070 5079 non
3110 5025 3209 5096 l'uit
3255 5039 3414 5096 :cnm
3456 5025 3617 5096 aDei
3669 5042 3846 5092 potius

2272 5094 2441 5167 cultu'
2463 5105 2522 5167 et
2546 5095 2868 5162 perficiendo
2897 5108 2996 5167 usu
3018 5094 3257 5167 scientia:
3273 5095 3472 5167 animo,
3504 5095 3848 5167 ituperttsque

2273 5166 2326 5218 in
2359 5164 2597 5230 subjecta
2632 5176 2856 5235 quaeque
2890 5164 3140 5235 animalia
3196 5165 3557 5235 exsecutiOne,
3606 5164 3844 5235 adeoque

2271 5248 2300 5286 a
2344 5234 2675 5301 spiritalibus
2712 5232 3067 5302 iuclmandum
3128 5242 3306 5293 esset,
3366 5234 3549 5302 eisque
3605 5232 3843 5290 nonnihil

2275 5300 2533 5369 temporis
2547 5302 2728 5355 statim
2748 5316 2783 5372 7a
2808 5300 3079 5372 creatione
3101 5300 3539 5368 impemlemlnm:
3563 5320 3662 5372 qua
3684 5308 3845 5360 etiam

2274 5373 2503 5436 ratiune,
2540 5385 2714 5436 neque
2746 5370 3048 5443 legimusid
3081 5375 3338 5443 temporis
3362 5370 3661 5428 comediése
3685 5377 3846 5443 quid-

2274 5454 2455 5509 quam,
2497 5450 2719 5509 exeepto
2755 5438 3179 5509 iigttogscienliat.

2343 5509 2459 5577 (65)
2494 5507 2732 5569 Θανάτῳ
2760 5505 3175 5571 ὑποϐέϐληται.
3221 5505 3445 5573 Quando
3488 5510 3737 5562 nimirum
3771 5512 3844 5565 ita

2256 5588 2354 5645 oest
2393 5578 2683 5646 voluptatis
2730 5578 2898 5629 solius
2935 5592 3117 5636 causa,
3153 5587 3212 5630 ut
3248 5579 3465 5644 legitimi
3516 5578 3841 5633 matrimonii

2274 5648 2410 5699 lines
2440 5658 2612 5706 exeat,
2638 5656 2707 5718 ut
2729 5647 2863 5718 satis
2903 5660 2961 5697 se
2987 5656 3175 5718 auctor
3200 5649 3312 5714 ipse
3339 5646 3608 5718 declarat;
3643 5648 3841 5718 alioqui

2269 5718 2413 5766 enim
2446 5717 2688 5768 Concedit
2728 5712 2924 5766 Paulus
2955 5717 3168 5779 nuptias
3211 5712 3259 5767 in
3312 5717 3601 5769 remedium
3641 5712 3838 5769 concit-

2271 5786 2540 5852 pisrcntim
2587 5785 2601 5835 l
2654 5783 2782 5838 Cor.
2815 5798 2904 5850 vlt,
2936 5785 3011 5838 9:
3057 5784 3207 5847 Quod
3255 5788 3296 5837 si
3346 5801 3444 5837 non
3478 5788 3837 5852 sccoutt'ucut,
