4118 6446
276 461 358 521 13

1254 460 1512 518 ORATIO
1553 459 1620 515 IN
1663 456 2023 514 MULIEREM
2062 456 2567 518 PECCATRICEM.
3475 463 3546 517 Η

284 584 318 637 b
356 573 647 647 τάμοςέν
669 573 844 641 πᾶσι,
871 577 969 632 καὶ
1004 577 1041 644 ἠ
1070 578 1238 646 κοίτη
1267 579 1571 648 ἀμίαντος·
1614 578 1875 645 πόρνους

1980 588 2385 636 consummatur
2406 584 2473 638 ad
2496 583 2826 653 voluptatum
2858 584 3106 657 gratiam,
3129 586 3376 644 vindictae
3404 605 3550 646 mor—

285 664 362 720 δὲ
386 666 494 719 καὶ
519 665 775 735 μοιχοὺς
816 667 1063 722 κοινεῖό
1091 671 1255 736 θεός.
1284 670 1351 722 Αἱ
1376 666 1467 724 οὖν
1499 670 1661 741 χάριν
1682 671 1870 725 παιδο-

284 759 485 827 γονίας
508 760 751 830 ἐννόμως
774 763 889 824 τοῖς
921 762 1144 834 ἀνδράσι
1181 765 1526 835 μιγνύμεναι,
1550 766 1872 835 ἀνέγκλητοι

282 850 454 901 εἰσιν·
490 847 680 920 ὥσπερ
704 851 737 919 ἡ
769 849 976 921 Σάρρα,
1023 851 1117 904 καὶ
1146 851 1178 921 ἡ
1223 852 1507 917 Ῥεϐέκκα,
1544 853 1640 905 καὶ
1680 854 1713 923 ἡ
1749 852 1874 905 Ῥα-

282 938 415 1008 χὴλ’
456 938 555 991 καὶ
602 938 657 991 εί
678 955 764 1001 τις
791 938 927 1009 άλλη
955 940 1049 992 ἀπ’
1078 940 1267 1010 αὐτῆς·
1303 942 1357 993 αἱ
1397 940 1454 993 δὲ
1495 940 1637 1011 λόγῳ
1663 941 1872 1012 ¹ἡδυπα-

281 1030 443 1092 θείας
475 1030 606 1091 τοὺς
625 1028 780 1092 νέους
835 1030 973 1100 πρὸς
1019 1031 1314 1086 ἀκολασίαν
1363 1031 1746 1103 διεγείρουσαι,
1798 1032 1876 1096 ὠς

284 1122 621 1193 φθείρουσαι
657 1120 751 1175 τὸν
781 1121 910 1176 ναὸν
936 1122 1032 1175 τοῦ
1072 1122 1229 1189 Θεοῦ,
1263 1124 1647 1195 παραδίδονται
1675 1123 1874 1195 φθορᾷ.

282 1213 362 1265 Εἴ
381 1230 480 1278 τις
512 1211 646 1283 γάρ,
677 1213 833 1282 φησὶ,
866 1212 1092 1281 φθείρει
1106 1213 1215 1266 τὸν
1236 1213 1386 1267 ναὸν
1407 1213 1514 1267 τοῦ
1544 1213 1714 1280 Θεοῦ,
1737 1217 1878 1282 φθε-

1980 669 2049 723 tis
2071 670 2302 725 obnoxia
2344 680 2453 727 est.
2495 671 2819 728 Honorabile
2838 675 2975 729 enim
3000 676 3315 731 connubium
3346 679 3401 732 in
3431 695 3548 734 om-

1981 758 2153 824 nibus,
2184 770 2232 814 et
2279 769 2424 816 torus
2469 763 2839 819 immaculata:
2894 781 2913 818 :
2961 765 3309 834 fornicatores
3354 785 3474 824 uero
3498 779 3547 824 et

1980 851 2245 907 adulteros
2265 853 2524 922 judicabit
2560 855 2701 911 Deus
2732 857 2772 910 ⁸.
2818 857 2947 924 Quae
2974 873 3102 928 ergo
3147 860 3397 917 mulieres
3424 878 3546 917 sus-

1981 943 2240 1013 cipiendae
2269 946 2436 1015 prolis
2477 951 2647 1017 gratia
2673 948 2907 1019 legitime
2933 952 3357 1009 commiscentur
3390 955 3544 1024 viris,

1983 1034 2100 1089 sine
2148 1035 2377 1092 crimine
2426 1049 2596 1094 sunt:
2649 1043 3099 1111 quemadmodum
3138 1046 3304 1101 Sarra
3353 1056 3408 1101 et
3438 1047 3550 1103 Re-

1981 1125 2145 1181 becca
2173 1137 2227 1182 et
2247 1126 2469 1195 Rachel,
2509 1140 2563 1186 et
2598 1133 2644 1187 si
2693 1148 2813 1203 quae
2857 1135 2959 1189 alia
2990 1137 3249 1206 sequitur.
3295 1138 3424 1203 Quae
3449 1154 3548 1194 au-

1984 1224 2093 1271 tem
2138 1219 2348 1275 ratione
2395 1222 2687 1291 voluptatis
2734 1225 3103 1283 adolescentes
3150 1231 3215 1284 ad
3269 1230 3546 1287 libidinem

275 1305 381 1371 ρεῖ
407 1304 637 1358 τοῦτον
678 1307 712 1358 ό
755 1305 919 1369 Θεός⁶
965 1298 1039 1359 ὧν
1067 1305 1164 1357 καὶ
1191 1304 1329 1375 αὕτη
1371 1304 1470 1375 μία
1526 1299 1615 1374 ἦν,
1659 1307 1693 1376 ἡ
1745 1305 1883 1375 μετὰ

284 1398 486 1465 χεῖρας
510 1394 859 1466 ἁμαρτωλός.
890 1393 1001 1465 Τὴν
1022 1394 1131 1465 γὰρ
1154 1393 1313 1464 φύσιν
1342 1393 1752 1465 καπηλεύσασα,
1782 1395 1878 1448 καὶ

278 1486 411 1544 ταῖς
452 1481 659 1549 ἔξωθεν
686 1482 885 1553 βαφαῖς
928 1484 1029 1547 τάς
1069 1483 1302 1556 παρειὰς
1349 1484 1717 1553 φοινίσσουσα,
1782 1486 1878 1539 καὶ

282 1574 458 1644 τέχνῃ
493 1572 791 1644 βιαζομένη
824 1574 1057 1645 φανῆναι
1085 1575 1244 1644 καλὴ,
1274 1576 1397 1638 τοὺς
1415 1576 1567 1640 νέους
1589 1577 1723 1648 πρὸς
1750 1577 1878 1631 ἀκο-

283 1663 490 1715 λασίαν
516 1663 807 1735 ὑπέσυρεν,
842 1664 1165 1736 ἀπροόπτως
1196 1665 1307 1737 (66)
1335 1667 1532 1731 αὐτοὺς
1584 1668 1664 1731 είς
1692 1667 1756 1721 τὸ
1777 1668 1875 1740 τῆς

1980 1672 2126 1725 enim
2180 1673 2396 1728 sordide
2423 1690 2616 1732 venum
2651 1691 2925 1748 exponens
2946 1698 3361 1758 cauponansque
3387 1700 3546 1745 natu-

283 1754 558 1824 πορνείας
585 1755 944 1833 ἀποκλίνουσα
968 1756 1078 1827 (67)
1107 1756 1397 1828 βάραθρον.

1983 1777 2126 1831 ram,
2193 1780 2469 1837 genasque
2509 1769 2761 1826 ascititiis
2805 1772 3091 1841 pigmentis
3132 1754 3450 1848 purpurans,
3483 1797 3548 1837 ac

284 1862 418 1900 arte
446 1828 783 1903 contendens
817 1849 986 1904 videri
1016 1850 1262 1920 pulchra,
1294 1851 1670 1907 adolescentes
1696 1853 1907 1909 incaute
1945 1854 2227 1912 declinans
2272 1861 2652 1932 depellensque
2693 1864 2745 1918 in
2784 1863 3157 1922 fornicationis
3211 1869 3546 1939 barathrum,

280 1944 347 1997 in
391 1940 657 1995 luxuriam
711 1941 1083 1999 subtrahebat.

371 2030 450 2085 ΕΩ
473 2032 723 2087 Ταῦταδὲ
735 2033 973 2101 λέγω,οὺ
984 2034 1265 2104 κωμῳδῶν
1292 2034 1460 2103 αὐτὴν
1490 2036 1573 2101 ἐφ’
1596 2030 1677 2096 οἷς
1690 2034 1875 2105 ἔδρασε

2051 2037 2121 2091 V.
2153 2039 2280 2093 Dico
2305 2049 2480 2096 autem
2537 2045 2671 2110 haec,
2709 2062 2812 2101 non
2866 2056 2922 2102 ut
2953 2049 3226 2105 traducum
3280 2052 3349 2106 ob
3399 2053 3547 2122 prius

281 2124 460 2195 πρίνο
501 2125 622 2178 ἀλλ’
672 2124 911 2177 ἐπαινῶν
960 2124 1168 2193 αὐτὴν,
1204 2125 1296 2190 ἀφ’
1329 2123 1478 2187 οἴων,
1531 2124 1620 2176 οἶα
1665 2124 1875 2192 γέγονεν

1985 2138 2157 2199 gesta,
2202 2131 2294 2185 sed
2336 2131 2577 2197 laudans,
2619 2146 2677 2190 ut
2709 2138 2831 2193 talis
2881 2153 2943 2193 ex
3002 2140 3090 2195 tali
3118 2142 3190 2196 sit
3217 2142 3376 2198 facta.
3418 2145 3549 2200 Dico

275 2213 471 2282 ἄφνω.
509 2216 671 2284 Λέγω
699 2214 809 2286 γὰρ
837 2215 921 2278 τίς
949 2210 1017 2285 ἦν
1050 2213 1264 2286 πρώην,
1295 2215 1379 2267 ἵνα
1406 2212 1564 2279 δείξω
1585 2216 1668 2278 τίς
1696 2217 1875 2285 γέγονε

1982 2220 2272 2288 siquidem,
2311 2238 2431 2290 quae
2461 2235 2603 2280 esset
2624 2227 2771 2291 olim,
2815 2238 2873 2283 ut
2934 2245 3050 2297 qua:
3104 2232 3263 2287 modo
3293 2237 3547 2303 evaserit,

275 2302 382 2356 νῦν
412 2321 427 2331 ·
466 2303 617 2371 λέγω
652 2304 826 2372 αὐτῆς
856 2306 955 2373 τῆς
990 2304 1265 2375 ἁμαρτίας
1307 2304 1374 2356 τά
1408 2307 1758 2375 πταίσματα,
1797 2308 1875 2362 ἵνα

1979 2312 2283 2365 ostendam.
2312 2312 2442 2368 Dico
2478 2318 2684 2384 peccati
2741 2319 2910 2389 ipsius
2939 2330 3147 2387 errata,
3179 2333 3236 2378 ut
3262 2302 3542 2383 exhibeam

264 2392 458 2459 δείξω
503 2395 607 2462 τῆς
654 2392 944 2462 μετανοίας
971 2392 1039 2445 τὰ
1071 2392 1487 2464 κατορθώματα.
1531 2394 1670 2447 Ἀλλ’
1715 2396 1874 2468 αὕτη,

1979 2400 2304 2468 paenitentiae
2345 2405 2555 2459 merita.
2591 2405 2808 2473 Verum,
2847 2411 2929 2465 cui
2963 2427 3066 2466 non
3090 2415 3293 2486 absque
3316 2419 3544 2476 crimine

260 2485 300 2553 ἡ
353 2482 456 2551 τῷ
500 2481 714 2551 σώματι
758 2483 856 2546 οὐκ
896 2483 1195 2553 ἀμέμπτως
1237 2484 1554 2556 χρησαμένη
1604 2486 1666 2539 τὸ
1698 2488 1872 2577 πρίν·

1979 2491 2294 2549 constiterat
2352 2510 2482 2553 usus
2535 2501 2949 2572 corporis;quae
2983 2505 3116 2561 alios
3171 2481 3385 2577 quidem
3424 2513 3541 2567 cin-

256 2574 430 2633 τοὺς
472 2570 575 2640 μὲν
620 2571 706 2623 διά
735 2572 1041 2643 βοστρύχων
1090 2574 1495 2643 σαγηνεύουσα,
1523 2576 1650 2641 τοὺς
1689 2576 1746 2631 δὲ
1789 2578 1875 2632 διὰ

1979 2582 2154 2638 cinnis
2183 2596 2413 2653 caperet,
2471 2589 2604 2644 alios
2650 2593 2928 2648 oculorum
2989 2597 3255 2655 lenocinio
3299 2601 3537 2671 falleret;

263 2661 558 2734 δακρύων
584 2663 991 2733 φαρμάττουσα,
1013 2666 1140 2728 τοὺς
1161 2665 1218 2717 δὲ
1236 2664 1324 2721 διὰ
1351 2666 1637 2738 λήμματος
1657 2668 1875 2739 γοητεύ-

1980 2672 2207 2727 consilio
2246 2673 2380 2729 alios
2406 2678 2707 2744 seduceret,
2737 2690 2923 2744 omnes
2948 2686 3297 2758 undequaque
3315 2692 3509 2748 inlnxu
3527 2725 3543 2736 -

266 2770 434 2806 ουσοι
455 2794 469 2816 ,
512 2755 718 2817 πάντας
751 2755 808 2807 δὲ
846 2756 1191 2831 πανταχόθεν
1216 2761 1295 2823 εἰς
1327 2758 1418 2812 τὸν
1463 2759 1734 2831 βάραθρον
1772 2761 1875 2834 τῆς

1979 2763 2073 2819 rite
2098 2763 2409 2821 barathrum
2433 2782 2768 2839 provocarct,
2797 2789 2952 2827 suum
2991 2776 3135 2833 illum
3162 2787 3367 2849 turpem
3413 2785 3548 2838 mol-

274 2844 603 2908 ἀκολασίας
640 2846 1093 2921 προσκαλουμένη
1119 2890 1133 2914 ,
1176 2850 1269 2903 τὸν
1304 2852 1527 2923 αἰσχρὸν
1568 2851 1739 2924 αὐτῆς
1780 2856 1875 2910 καὶ

1982 2851 2190 2925 lemque
2218 2870 2478 2922 amorem,
2535 2860 2585 2913 in
2620 2860 2858 2916 divinum
2906 2844 3262 2937 cmlcsteque—
3287 2870 3543 2936 philtrum

276 2933 554 3005 ἡδυπαθῆ
586 2936 763 3007 ἔρωτα
787 2940 866 3002 εἰς
899 2939 1041 2993 θεῖον
1074 2941 1169 2994 καί
1200 2943 1524 3013 ἐπουράνιον
1550 2943 1874 3013 μεταϐάλλει

1983 2948 2274 3002 transtulit.
2316 2948 2382 3004 Ut
2409 2951 2551 3005 enim
2595 2950 2775 3008 Jesum
2826 2958 3096 3024 cognovit,
3140 2933 3299 3016 modo
3326 2965 3541 3033 quidem

280 3025 548 3094 φίλτρον.
595 3028 683 3091 Ὠς
710 3024 816 3081 εἶδε
844 3029 954 3102 γὰρ
994 3031 1088 3084 τὸν
1129 3030 1370 3103 Ἰησοῦν,
1407 3035 1537 3086 ποτὲ
1567 3033 1667 3104 μὲν
1705 3035 1875 3101 ἁδέως

1979 3038 2145 3093 libere
2176 3054 2294 3093 cum
2331 3039 2663 3096 Samaritana
2695 3046 3007 3103 miscentem
3043 3064 3383 3111 sermonem:
3426 3071 3545 3112 mo-

276 3119 361 3187 τῇ
410 3118 769 3189 Σαμαρείτιδι
809 3120 1221 3192 διαλεγόμενον,
1261 3125 1392 3177 ποτὲ
1443 3125 1501 3178 δὲ
1541 3125 1640 3197 τὴν
1689 3127 1874 3182 Χανα-

1979 3129 2045 3184 do
2078 3129 2434 3186 Chananteam
2464 3135 2841 3206 recipientem;
2909 3140 3014 3195 alio
3049 3141 3175 3197 item
3239 3144 3377 3205 loco.
3415 3162 3541 3201 san-

282 3208 459 3262 ναίαν
485 3210 863 3280 προσιέμενον,
890 3213 1077 3266 ἄλλοτε
1106 3215 1203 3285 τῆς
1240 3215 1638 3286 αἱμοῤῥοούσης
1667 3218 1873 3287 ἀνακη-

1979 3221 2136 3291 guine
2169 3222 2382 3278 ﬂuentis
2412 3223 2611 3280 furtum
2644 3230 3058 3299 praedicantem;
3110 3242 3271 3304 atque
3298 3237 3385 3291 hlc
3415 3240 3538 3307 qui-

1978 1319 2309 1378 provocant;
2335 1311 2481 1366 velut
2507 1329 2627 1383 qua:
2651 1315 2853 1372 violent
2877 1318 2969 1373 Dei
2996 1320 3272 1389 templum,
3298 1321 3350 1376 in
3379 1323 3548 1378 inter-

1982 1398 2118 1452 itum
2135 1401 2435 1465 traduntur.
2451 1402 2511 1457 Si
2529 1407 2643 1473 quis
2659 1408 2826 1474 enim,
2844 1409 3041 1480 inquit,
3056 1411 3300 1479 templum
3322 1413 3418 1467 Det
3438 1415 3547 1468 rio-

1981 1486 2190 1555 laverit,
2212 1494 2468 1561 disperdat
2493 1496 2639 1549 illum
2662 1498 2799 1553 Deus
2828 1501 2848 1531 ⁷
2882 1521 2896 1555 :
2928 1501 3169 1570 equibus
3187 1512 3244 1558 et
3261 1504 3375 1559 lure
3408 1519 3544 1573 erat,

1982 1595 2144 1650 quam
2175 1597 2287 1651 prae
2366 1586 2615 1641 manibus
2655 1593 3014 1658 peccatricem
3061 1593 3337 1652 habemus.
3389 1596 3548 1652 Velut

286 3296 574 3372 ρύττοντα
612 3298 709 3369 τὴν
776 3301 1017 3371 κλοπὴν,
1063 3302 1158 3355 καὶ
1188 3303 1263 3373 πῆ
1314 3304 1412 3374 μὲν
1445 3304 1702 3369 τελώναις
1752 3323 1876 3360 συν-

284 3389 578 3456 εσθίοντα,
602 3391 678 3460 πῆ
707 3391 763 3444 δὲ
790 3393 891 3446 τῶν
914 3394 1221 3466 Φαρισαίων
1248 3395 1372 3459 τοὺς
1394 3394 1578 3458 οἴκους
1599 3397 1876 3467 καταλαμ-
1905 3376 1947 3432 C

289 3478 555 3545 ϐάνοντα,
591 3480 876 3549 ἐλογίσατο
910 3483 1026 3536 ὅτι·
1059 3484 1124 3536 Et
1156 3483 1360 3555 πόρνας
1400 3484 1496 3537 καὶ
1524 3484 1880 3555 ἁμαρτωλοὺς

292 3569 401 3622 καὶ
436 3569 674 3634 τελώνας
714 3573 1033 3643 προσίεται,
1082 3574 1243 3644 μέχρι
1285 3574 1413 3627 πότε
1453 3572 1773 3638 ἀκαθέκτως
1805 3575 1882 3627 ol-

290 3662 558 3731 στρῶσα,
586 3665 646 3716 τὸ
671 3666 771 3735 τῆς
799 3667 1076 3736 ἁμαρτίας
1109 3667 1346 3735 πέλαγος
1383 3665 1596 3732 ἀντλῶ;
1627 3667 1703 3719 Οὐ
1736 3666 1881 3736 μένω

286 3752 431 3814 νέα,
469 3752 530 3803 οὺ
574 3755 712 3822 μένω
743 3756 918 3827 καλή·
952 3759 1133 3811 πάντα
1162 3757 1271 3828 γὰρ
1300 3757 1668 3828 παρέρχεται,
1701 3758 1878 3812 πάντα

288 3841 657 3913 μαραίνεται,
690 3846 780 3898 καὶ
805 3847 961 3919 ἄνθη,
987 3849 1082 3900 καί⁵
1107 3847 1287 3919 κρίνα,
1312 3848 1406 3901 καὶ
1433 3848 1538 3901 τῶν
1572 3848 1876 3921 προσώπων

287 3935 370 3988 τὰ
401 3933 598 4005 κάλλη.
626 3937 688 3989 Τί
722 3933 808 3992 οὖν
838 3939 997 3993 πάθω
1020 3940 1106 4008 ἐφ’
1132 3935 1214 4001 οἷς
1237 3938 1474 4009 έδρασα;
1512 3941 1649 4013 Ἤδη
1678 3941 1788 4013 γάρ
1814 3942 1876 3995 τὸ

288 4026 399 4094 τῆς
429 4027 656 4098 γεέννης
689 4027 801 4099 πῦρ
834 4029 1031 4093 ἐννοῶ,
1065 4029 1165 4100 ἤδη
1199 4047 1299 4100 μου
1343 4030 1440 4101 τὴν
1487 4030 1664 4103 ψυχὴν
1714 4034 1876 4103 μετά-

288 4134 503 4187 γνωσις
531 4118 831 4188 λαμϐάνει,
867 4122 951 4174 ὅτι
999 4123 1086 4174 ἐπ’
1120 4120 1329 4192 ὀλέθρῳ
1370 4122 1482 4177 τῶν
1520 4123 1652 4178 νέων
1693 4123 1875 4193 βιαζο-

292 4209 439 4281 μένη
475 4212 712 4281 φανῆναι
742 4212 904 4283 καλὴ,
937 4214 994 4266 ὲν
1030 4216 1151 4277 ταῖς
1182 4214 1399 4281 ἀγυιαῖς
1428 4213 1527 4283 τῆς
1558 4214 1784 4279 πόλεως,
1819 4218 1877 4269 έν

286 4304 422 4364 ταῖς
448 4302 693 4371 ἀγοραῖς,
725 4304 782 4355 ἐν
809 4304 1075 4372 ἀμφόδοις
1106 4303 1346 4376 ἔτρεχον,
1377 4304 1594 4359 δίκτυον
1628 4304 1728 4374 μὲν
1754 4307 1878 4370 τοὺς

289 4390 471 4453 πόδας
501 4389 719 4460 ἔχουσα,
753 4393 849 4445 καὶ
876 4393 1118 4462 σαγήνην
1149 4394 1248 4464 τὴν
1286 4393 1552 4462 γλῶτταν.
1588 4395 1650 4446 Ὢ
1680 4395 1876 4459 πόσους

288 4483 617 4544 νεανίσκους
653 4482 976 4547 κατέθελξα,
1005 4483 1199 4554 μεστὸν
1226 4484 1498 4548 ἀναιδείας
1528 4483 1744 4555 βλέμμα
1778 4503 1876 4538 πε-

291 4574 637 4643 ριφέρουσαῐ
680 4576 805 4627 Ἐπὶ
827 4575 973 4647 λύμῃ
1004 4576 1113 4646 γὰρ
1139 4577 1246 4629 τῶν
1271 4575 1479 4630 θεατῶν
1509 4576 1875 4648 ὼραῖζομένη,

287 4660 373 4733 πῆ
408 4665 511 4734 μὲν
546 4666 911 4730 πολυπλόκοις
940 4670 1147 4737 σειραῖς
1174 4668 1271 4737 τὴν
1296 4667 1539 4738 κεφαλὴν
1577 4667 1873 4737 ὲπύργουν,

288 4757 371 4825 πῆ
397 4755 457 4808 δὲ
482 4758 726 4826 νομάδας
754 4756 1055 4827 πλοκάμων
1083 4760 1146 4810 ἐκ
1166 4758 1410 4828 κορυφῆς
1428 4759 1553 4811 είων
1579 4758 1718 4812 κατὰ
1751 4776 1879 4829 μετ-

287 4851 447 4902 ώπου
491 4847 781 4916 χαλᾶσθαι.
827 4848 1050 4901 Ἀλλοτε
1085 4849 1145 4901 δὲ
1172 4848 1269 4912 τὰς
1300 4850 1533 4921 παρειὰς
1554 4850 1879 4918 ἐφοίνισσον,

1979 3313 2100 3367 dem
2126 3328 2243 3367 cum
2266 3314 2566 3383 publicanis
2597 3321 3005 3377 manducantem
3039 3340 3056 3389 ;
3108 3325 3196 3378 hic
3237 3324 3541 3382 Pharisaeo-

1980 3415 2098 3453 rum
2124 3402 2404 3456 adeuntem
2429 3403 2618 3459 domos
2643 3423 2658 3471 ;
2694 3408 2773 3462 sic
2797 3422 2977 3464 secum
3010 3413 3265 3483 cogitavit
3297 3431 3311 3467 :
3338 3415 3471 3471 Cum
3499 3418 3545 3472 is

1979 3491 2290 3547 meretrices
2343 3504 2399 3547 et
2457 3505 2769 3561 peccatores
2815 3502 3237 3574 publicanosque
3294 3508 3542 3576 recipiat,

1979 3578 2217 3644 quandiu
2273 3580 2552 3647 impotenti
2588 3596 2760 3641 oestro
2790 3592 3020 3657 percita,
3068 3595 3276 3661 peccati
3325 3595 3545 3666 pelagus

1978 3668 2210 3723 ltaurio?
2238 3667 2353 3722 Non
2386 3684 2561 3726 manet
2587 3674 2838 3743 juventus
2860 3698 2874 3745 ;
2893 3696 2994 3735 non
3020 3683 3362 3750 pulchritudo
3386 3705 3399 3739 :
3423 3680 3543 3742 nam

1981 3765 2305 3826 praetereunt
2340 3759 2551 3825 omnia;
2602 3773 2791 3817 cuncta
2837 3781 3213 3835 marcescunt,
3280 3772 3546 3846 ﬂoresque

1977 3858 2032 3901 et
2064 3846 2173 3901 lilia
2204 3857 2260 3903 et
2290 3847 2528 3903 vultuum
2581 3852 2806 3920 species.
2866 3856 3006 3922 Quid
3032 3861 3160 3916 mihi
3185 3876 3312 3934 ergo
3338 3866 3548 3924 accidet

1976 3951 2074 4007 pro
2110 3939 2192 3993 his
2232 3956 2351 4010 quae
2381 3940 2526 3997 feci?
2560 3940 2677 3997 Jam
2709 3944 2850 3999 enim
2886 3947 3145 4016 gehennae
3182 3953 3358 4021 ignem
3400 3961 3547 4029 cogi-

1978 4039 2063 4095 to;
2089 4030 2199 4098 jam
2236 4035 2516 4102 pmnitudo
2550 4036 2788 4091 animum
2819 4040 3064 4110 corripit,
3095 4048 3236 4113 quod
3283 4050 3333 4103 in
3362 4052 3544 4121 perni-

1978 4121 2114 4174 ciem
2150 4123 2545 4180 adulescentum
2573 4129 2795 4184 studens
2827 4146 3018 4202 parere
3056 4136 3302 4203 pulchra,
3337 4154 3435 4208 per
3460 4142 3544 4194 vi-

1982 4225 2079 4265 cos
2109 4213 2344 4269 civitatis
2368 4229 2570 4286 perque
2603 4218 2808 4288 plateas
2836 4232 2888 4277 et
2916 4223 3059 4278 bivia
3106 4241 3353 4292 currens,
3383 4231 3545 4298 pedes

1978 4302 2216 4370 quidem,
2245 4313 2391 4370 rete;
2426 4306 2658 4377 linguam
2712 4322 2912 4380 autem,
2964 4330 3215 4387 sagenam
3242 4318 3541 4377 habuerim.

1978 4388 2019 4439 Ο
2055 4402 2214 4457 quam
2243 4392 2436 4447 multos
2458 4394 2680 4452 demulsi
2706 4397 2952 4467 juvenes,
2977 4404 3191 4473 plenum
3216 4407 3544 4479 impudentia

1977 4479 2397 4551 circumquaque
2435 4500 2658 4543 versans
2685 4491 2930 4547 oculum!
2973 4495 3259 4566 Splendide
3288 4502 3430 4556 cnim
3454 4517 3543 4558 or-

1978 4580 2099 4625 nata
2130 4572 2183 4626 in
2208 4577 2500 4641 perniciem
2540 4590 2940 4651 spectatorum;
2989 4603 3093 4657 qua
3126 4592 3358 4648 sinuosis
3386 4595 3545 4647 resti-

1981 4662 2117 4716 culis
2139 4663 2401 4745 plexuque
2418 4670 2567 4724 vario
2589 4683 2750 4743 caput
2776 4674 3138 4746 fastigiabam,
3165 4696 3270 4750 qua
3292 4697 3456 4750 vagos
3477 4684 3547 4738 ab

1985 4755 2184 4808 vertice
2209 4757 2387 4812 crines
2416 4775 2446 4813 a
2483 4759 2664 4817 ft'unte
2701 4764 2966 4822 laxabam.
3014 4768 3344 4840 Quandoque
3364 4786 3542 4832 autem

1983 4845 2325 4900 rubricubam
2360 4866 2560 4920 genus,
2613 4855 2903 4927 oculosque
2975 4859 3135 4915 stibio
3185 4864 3543 4925 sublinebam.

284 4937 390 4989 καὶ
409 4938 540 4999 τοὺς
562 4937 876 5008 ὀφθαλμοὺς
897 4937 1261 5008 κατέγραφον.
1290 4938 1401 4991 Καὶ
1421 4937 1609 4991 ἄλλοτε
1632 4938 1875 5009 δακρύων

1981 4934 2312 5007 Quandoque
2339 4943 2501 4997 etiam
2531 4945 2889 5016 lacrymarum
2932 4949 3122 5007 latices
3161 4956 3397 5024 mittens,
3429 4962 3548 5015 ani-

283 5026 521 5090 λιϐάδας
550 5028 768 5097 ἡφίουν,
796 5031 862 5099 τῇ
888 5028 1144 5099 κολακείᾳ
1168 5027 1638 5098 ὲκτραχηλίζουσα
1656 5028 1754 5099 τὴν
1777 5028 1879 5097 ψυ-

284 5121 415 5190 χήν.
455 5121 555 5184 Τίς
587 5117 680 5173 οὖν
705 5122 800 5174 ἐπὶ
828 5121 1036 5185 τούτοις
1061 5121 1341 5191 γένωμαι;
1371 5120 1503 5173 Τίνα
1530 5122 1711 5193 ἰατρὸν
1735 5122 1878 5194 εὕρω

914 5238 977 5292 ⁷1
1006 5237 1128 5295 Cor.
1153 5254 1236 5302 ιιι,
1269 5237 1354 5291 l7.

282 5354 519 5434 nubunt.
557 5354 891 5421 Acceditque
924 5354 1083 5435 ratio,
1117 5358 1534 5437 quianusquam
1567 5356 1706 5437 ratio
1735 5370 1870 5437 prae:

279 5424 454 5492 nepti,
486 5438 582 5474 seu
621 5433 774 5477 actus
812 5426 1076 5487 concessi,
1123 5428 1264 5480 cadit
1291 5429 1388 5479 sub
1435 5424 1867 5492 praecepto,’nisi

283 5494 431 5547 forte
461 5492 551 5546 cui
582 5493 671 5545 illa
698 5494 1068 5563 substantialis
1096 5502 1196 5548 est.
1225 5495 1543 5562 Quanquam
1571 5508 1698 5563 ergo
1716 5503 1871 5547 coeat

283 5564 522 5642 maritus
559 5578 665 5642 non
714 5562 822 5639 fine
855 5564 1241 5642 generationis,
1300 5565 1483 5642 sitque
1528 5564 1581 5642 in
1626 5562 1861 5642 eo_actu

279 5632 552 5686 nonnulla
566 5634 1068 5698 deortlinatio,qttia
1089 5644 1266 5688 tamen
1296 5634 1426 5686 nihtl
1459 5632 1585 5685 facit
1613 5632 1855 5693 vctitmn,

280 5701 500 5754 directe
555 5701 771 5763 saltem,
818 5712 872 5755 et
922 5704 1019 5755 sub
1074 5703 1312 5771 rigorosa
1365 5702 1707 5771 obligatione,
1763 5715 1862 5755 nec

281 5771 569 5835 praesumit
607 5783 789 5824 actum
819 5786 922 5823 non
946 5786 1280 5851 concessum,
1317 5782 1634 5851 non-peccat
1671 5772 1858 5851 saltem

278 5842 529 5910 graviter
561 5858 577 5895 :
613 5851 673 5893 ιιι
730 5855 904 5909 neque
937 5844 1024 5909 qui
1073 5843 1304 5895 comedit
1333 5842 1471 5893 nulla
1520 5842 1857 5905 necessitate,

610 5939 892 6030 ριιτιιοι.
938 5937 1056 5999 Gn.
1103 5936 1410 6001 XXXIX.

359 5239 383 5269 ⁸
411 5238 582 5292 llebr.
610 5254 707 5305 xu,
746 5240 801 5293 ὅ.

1970 5039 2127 5080 ‘mutn
2160 5030 2425 5085 adulatrix
2458 5037 2781 5106 prmcipitem
2804 5039 3016 5095 dabam.
3048 5042 3176 5109 Qua:
3200 5046 3362 5117 igitur
3389 5049 3440 5102 in
3464 5051 3547 5103 his

1986 5119 2176 5173 fuero?
2207 5119 2374 5188 Quem
2402 5124 2872 5186 inuutnerabilitnn
2908 5132 3093 5191 isthtt'c
3126 5138 3431 5193 morborum
3468 5140 3545 5195 in-

1978 5363 2043 5431 et
2071 5353 2183 5431 sola
2244 5368 2411 5431 causa
2445 5356 2750 5427 voluptatis,
2798 5359 2942 5431 nullo
2983 5361 3107 5414 inde
3140 5361 3289 5431 gravi
3347 5362 3544 5418 damno

1975 5423 2328 5499 alicujusar—
2358 5423 2580 5499 ldvcro
2607 5437 2763 5499 ca_nte
2803 5429 2947 5499 legas
2982 5423 3165 5487 velim:

2047 5493 2160 5561 (66)
2224 5494 2607 5562 Ἄπροόπτως.
2658 5496 2819 5550 Deest
2855 5493 2975 5552 Ῑιαιο
3006 5513 3110 5551 vox
3147 5499 3288 5568 apud
3327 5498 3543 5568 MontL,

1975 5574 2093 5631 qua:
2131 5573 2303 5615 tamen
2328 5569 2565 5631 apposita
2612 5568 2744 5619 satis
2774 5580 2893 5619 esse
2916 5568 3150 5620 videtur.

2041 5631 2155 5700 (67)
2212 5631 2576 5700 Ἀπροόπτως
2622 5635 2845 5700 αὐτοὺς
2901 5636 3338 5694 ἀποκλίνουσα.
3390 5638 3550 5692 Velut

1970 5699 2309 5776 itnpmvisos,
2341 5708 2610 5776 quomodo
2636 5699 2903 5776 Davidem
2933 5708 2980 5756 in
3014 5710 3337 5762 adulterium
3374 5708 3548 5776 impu-

1970 5768 2050 5833 lit,
2083 5771 2210 5821 nihil
2246 5768 2515 5847 ejusmodi
2533 5772 2856 5847 cogitantem
2896 5776 3377 5847 improvisumque,
3412 5768 3546 5831 cott-

1967 5849 2146 5908 specta
2177 5849 2378 5894 temere
2404 5838 2667 5897 Bethsnbc
2688 5842 2770 5913 (ll
2803 5842 2924 5915 Reg.
2966 5838 3039 5908 ait,
3060 5847 3095 5898 Ξ
3130 5838 3294 5917 εφι.)’.

3106 5939 3144 5998 3
