4048 6490
595 458 667 515 as
910 524 915 531 ,
1544 459 1604 518 s.
1644 457 2088 517 Αιιρυιιοοιιιι
2125 459 2152 516 ι‹

2254 456 2512 515 ςιΕΝειδ
2550 455 2855 514 EPISCOPI
3769 457 3837 513 76

581 583 800 640 veniam
835 569 1144 640 medicum?
1167 583 1225 642 Si
1255 595 1343 638 res
1402 595 1554 636 meas
1597 580 1908 638 hominibus
1941 581 2148 649 dixero,

2254 579 2362 635 τῶν
2409 578 2654 651 ἀπείρων
2702 577 2908 631 τούτων
2957 575 3184 641 παθῶν;
3245 575 3370 630 Ἐὰν
3407 572 3723 647 ἀνθρώποις
3768 579 3841 635 τὰ

583 675 794 732 inutilis
815 676 947 731 mihi
978 673 1140 731 fuerit
1168 672 1536 744 hujuscemodi
1565 672 1876 742 publicatio.
1896 672 2003 728 Sed
2020 688 2148 727 num

583 769 725 823 mala
756 766 1143 823 occultavero?
1181 762 1254 820 At
1309 776 1518 833 nequeo
1577 762 1767 819 latere.
1797 762 1969 832 Quem
2003 764 2148 819 enim
2192 820 2197 827 ,

583 858 811 923 latuero,
850 858 1014 912 Deum
1043 855 1211 911 latere
1237 867 1343 911 non
1370 851 1592 907 valens?
1621 849 1740 918 Quo
1767 866 1899 923 ergo
1922 850 2149 920 fugiam,

584 950 670 1005 cui
686 948 834 1004 omni
861 948 981 1004 loco
1006 947 1175 1018 judcx
1201 944 1483 1002 occurrat?
1519 944 1610 999 Ille
1652 943 1868 1014 quidem
1902 957 2007 998 non
2032 956 2150 998 ma—

583 1041 848 1105 nifestus;
873 1038 967 1095 sed
1005 1039 1098 1110 qui
1129 1038 1272 1094 mala
1317 1052 1435 1093 mea
1466 1036 1666 1107 ubique
1695 1036 1998 1106 redarguat.
2035 1034 2151 1091 Una

587 1132 720 1189 mihi
747 1147 870 1203 spes
901 1130 1094 1187 salutis
1130 1130 1335 1201 reliqua
1367 1139 1476 1196 est;
1532 1144 1669 1185 unus
1697 1129 2153 1197 vitarproposltus

570 1208 943 1286 1:0mmeatus,
966 1231 1027 1274 ut
1047 1220 1303 1275 nimirum
1329 1217 1513 1274 Jesum
1537 1218 1804 1280 noverim,
1826 1223 1888 1271 et
1918 1216 1985 1270 ad
2006 1214 2152 1269 illuni

574 1327 892 1369 accurram.
919 1310 1022 1378 Qui
1050 1311 1194 1366 enim
1217 1308 1530 1382 publicanos
1574 1304 1825 1375 suscipit,
1853 1317 1959 1359 non
1976 1315 2151 1371 repu-

585 1404 756 1461 diabit
780 1401 1166 1468 meretricem;
1220 1400 1313 1471 qui
1368 1397 1643 1455 communi
1689 1410 1816 1451 cum
1854 1393 2155 1450 .Pharisaeis

586 1495 747 1566 epulo
778 1495 1031 1559 comedit,
1083 1492 1404 1563 peccatricis
1449 1491 1720 1559 lacrymas
1771 1502 1877 1542 non
1912 1485 2151 1557 repellet.

582 1586 664 1643 Ut
704 1602 834 1657 ergo
878 1586 1104 1658 cognovi
1148 1584 1431 1640 divertisse
1484 1582 1624 1653 apud
1665 1577 2154 1636 SimenemPhari-

585 1693 775 1743 sinum,
809 1677 877 1731 ad
907 1677 1054 1732 illum
1083 1675 1360 1731 accedam.
1392 1672 1530 1741 Quid
1561 1687 1693 1729 vero
1755 1672 2024 1728 accedens
2057 1685 2153 1741 pe-

588 1767 732 1822 tam?
759 1765 894 1821 Num
925 1765 1205 1821 oculorum
1232 1763 1562 1819 sanitatem?
1588 1762 1659 1817 At
1688 1770 1773 1818 est
1803 1771 2152 1833 temporanea

2259 670 2380 725 κατ’
2411 670 2654 741 ἐμαυτὴν
2679 668 2820 721 εἴπω
2839 708 2855 733 ,
2895 667 3181 738 ἀνωφελής
3209 683 3300 737 μοι
3335 665 3548 734 γίνεται
3601 666 3703 738 τῆς
3755 668 3843 737 ἐξ-

2255 762 2596 833 αγορεύσεως
2624 761 2654 813 ὁ
2682 761 2901 831 τρόπος.
2944 758 3105 813 Ἀλλὰ
3134 758 3360 828 καλύψω
3385 758 3454 813 τὰ
3477 759 3658 826 κακὰς
3700 760 3841 813 Ἀλλ’

2254 852 2315 904 οὒ
2342 850 2577 923 δύναμαι
2607 848 2812 903 λαθεῖν.
2843 849 2979 904 Τίνα
3009 848 3120 920 γὰρ
3162 848 3332 915 λάθω,
3368 848 3502 902 Θεὸν
3538 849 3720 904 λαϐεῖν
3763 853 3841 923 μὴ

2254 940 2558 1013 δυναμένης
2608 940 2720 995 Ποῦ
2755 936 2848 994 οὖν
2904 940 3095 1012 φύγω,
3140 939 3418 1012 πανταχοῦ
3449 939 3542 994 τὸν
3577 941 3843 1016 δικαστὴν

2256 1034 2621 1106 εύρίσκουσα;
2652 1033 2756 1088 Τὸν
2791 1033 2868 1104 μὴ
2913 1032 3239 1104 φαινόμενον
3287 1032 3411 1104 μὲν,
3464 1036 3743 1106 πανταχοῦ
3782 1037 3843 1092 δὲ

2256 1122 2604 1193 διελέγχοντα
2635 1139 2737 1193 μου
2758 1121 2828 1176 τὰ
2851 1121 3018 1175 κακά.
3049 1122 3167 1177 Μία
3197 1138 3290 1193 μοι
3315 1124 3591 1195 σωτηρίας
3617 1126 3841 1180 ἀπολει-

2258 1230 2418 1267 πεται
2470 1213 2654 1279 ἐλπὶς,
2702 1213 2761 1267 ἓν
2797 1231 2887 1284 μοι
2929 1214 3141 1283 ἑφόδιον
3192 1213 3481 1285 πρόκειται
3522 1215 3702 1288 ζωῆς·
3755 1219 3839 1284 τὸ,

2255 1304 2348 1359 τὸν
2390 1304 2597 1376 Ἰησοῦν
2636 1303 2954 1375 ἐπιγνῶναι,
2996 1303 3093 1358 καὶ
3123 1303 3272 1375 αύτῷ
3322 1305 3712 1377 προσδραμεῖν.
3780 1308 3840 1362 Ὀ

2256 1395 2365 1465 γὰρ
2393 1394 2633 1459 τελώνας
2669 1394 3120 1467 προσδεχόμενος,
3163 1394 3263 1448 οὐκ
3301 1394 3661 1451 ἀπαναίνεται
3704 1398 3841 1471 πόρ-

2257 1503 2376 1557 νην.
2435 1488 2496 1540 '0
2528 1487 2845 1560 Φαρισαίοις
2874 1487 3203 1553 συνεσθίων,
3239 1489 3301 1543 οὐ
3351 1492 3698 1560 παραιτεῖται
3736 1493 3842 1562 τῆς

2254 1579 2586 1651 ἁμαρτωλοῦ
2614 1580 2685 1634 τὰ
2728 1579 2958 1652 δάκρυα.
3017 1579 3172 1633 Ἐπεὶ
3207 1575 3301 1640 οὖν
3334 1579 3542 1650 ἔγνων,
3569 1582 3646 1647 ὡς
3684 1585 3841 1655 παρὰ

2256 1670 2465 1743 Σιμῶνι
2491 1671 2770 1743 Φαρισαίῳ
2790 1672 3112 1740 κατάγεται,
3135 1672 3310 1743 τούτῳ
3338 1673 3639 1745 προσέλθω.
3678 1674 3839 1730 Ἀλλὰ

2255 1763 2308 1816 τί
2337 1764 2544 1834 αἰτήσω
2574 1762 2977 1835 προσελθοῦσα;
3021 1764 3349 1836 Ὀφθαλμῶν
3382 1766 3628 1834 ὑγίειαν;
3676 1767 3842 1823 Ἀλλὰ

581 1859 781 1929 gratia.
805 1857 944 1913 Num
992 1873 1022 1911 a
1075 1856 1267 1913 morbo
1304 1855 1560 1911 liberari?
1599 1855 1833 1921 Verum,
1847 1868 2035 1923 parum
2071 1861 2152 1908 est

2258 1855 2593 1927 πρόσκαιρος
2626 1857 2659 1927 ή
2695 1855 2877 1926 χάρις.
2923 1855 3101 1908 Νὸσου
3140 1855 3495 1928 ἀπαλλαγήν;
3547 1856 3709 1911 Ἀλλὰ
3743 1876 3836 1930 μι-

580 1951 723 2019 quod
748 1964 813 2004 eo
837 1955 1127 2004 conttcttur
1176 1966 1190 2002 :
1241 1962 1389 2003 mors
1453 1947 1600 2001 enim
1634 1956 1857 2011 aeterna,
1905 1945 2152 2015 praesenti

2259 1925 2389 2020 κρὸν
2435 1925 2512 1999 τὸ*
2540 1925 2871 2017 κατόρθωμα
2895 1963 2910 1977 ο
2950 1948 2979 2000 ὁ
3022 1947 3131 2018 γὰρ
3176 1925 3429 2012 αἰώνιος*
3463 1949 3692 2014 θάνατος
3739 1925 3835 2004 τοῦ

576 2045 800 2116 gravior
846 2051 948 2098 est.
1000 2041 1205 2096 Cuncta
1260 2040 1506 2095 omittam
1556 2053 1676 2109 qua:
1715 2047 1842 2092 sunt
1877 2036 2152 2107 corporis;

582 2138 751 2195 solam
770 2138 971 2192 anima:
995 2135 1285 2190 Sanitatem
1318 2133 1610 2203 requiram.
1648 2129 1837 2186 'Unam
1884 2128 2027 2183 enim
2056 2129 2153 2182 im-

574 2227 929 2298 pendentium
960 2224 1223 2280 malorum
1245 2221 1669 2278 consolationem
1702 2219 2007 2284 inveniam;
2026 2218 2153 2271 dum

576 2319 772 2372 videro
794 2316 1031 2385 judicent
1058 2329 1075 2368 :
1114 2314 1241 2369 dum
1268 2325 1718 2382 praeoccupavero
1765 2319 1975 2380 tempus
2001 2307 2156 2378 puni-

586 2411 773 2468 tionis.
801 2408 1122 2465 Emulabor
1152 2405 1341 2461 Bahab
1385 2404 1726 2459 meretricem
1762 2403 1782 2434 ⁸
1818 2419 1833 2457 :
1862 2415 2157 2472 persequar

585 2502 832 2559 mulieris
857 2501 1000 2557 illius
1045 2511 1228 2553 mores
1258 2496 1547 2552 studiosos.
1585 2492 1729 2548 Nihil
1772 2494 1969 2564 quippe
2015 2491 2157 2547 Deus

585 2609 615 2649 a
652 2595 811 2651 nobis
839 2593 983 2649 aliud
1012 2590 1264 2662 requirit,
1286 2603 1447 2659 quam
1481 2588 1832 2642 mutationem
1873 2583 2152 2655 propositi.

659 2684 741 2740 Vl.
780 2683 914 2740 Cum
944 2688 1057 2740 haec
1090 2683 1176 2754 pie
1204 2680 1533 2751 dispexisset
1556 2718 1573 2745 ,
1624 2678 1970 2747 animumque
1988 2678 2064 2733 ad
2094 2677 2156 2733 li-

584 2778 707 2835 deui
735 2775 1078 2831 inuasisset:
1141 2773 1551 2843 superingressa
1578 2780 1667 2826 est
1695 2770 1784 2825 ubi
1829 2770 2158 2826 accubuerat

584 2867 763 2932 Jesus,
794 2875 1068 2935 assumpta
1101 2867 1157 2919 in
1183 2863 1527 2918 occasionem
1553 2861 1822 2917 libertatis
1860 2860 2025 2931 priori
2050 2860 2154 2915 im-

582 2959 861 3030 pudentia.
903 2957 969 3012 Et
999 2955 1073 3011 illi
1127 2953 1343 3024 quidem
1375 2952 1508 3007 nihil
1559 2951 1833 3021 loquitur,
1887 2967 2009 3007 nam
2048 2944 2154 3006 non

586 3050 852 3105 audebat:
880 3054 1104 3102 noverat
1155 3044 1323 3110 enim,
1380 3058 1487 3098 non
1534 3055 1670 3112 opus
1699 3056 1819 3097 esse
1847 3056 2154 3097 sermonum

589 3139 910 3208 inspectanti
940 3135 1319 3206 cogitationes.
1378 3133 1515 3202 Quid
1562 3133 1705 3187 enim
1760 3133 1941 3188 omnia
1965 3132 2153 3188 scienti

588 3237 801 3301 poterat
832 3228 1052 3284 dicere?
1076 3227 1228 3294 Quod
1257 3226 1612 3296 peccaverat?
1647 3225 1801 3293 Quod
1832 3224 1995 3279 multa
2029 3238 2153 3294 per—

2254 2038 2521 2109 παρόντος
2573 2039 2692 2092 ἐστὶ
2749 2037 3068 2111 βαρύτερος.
3116 2040 3301 2095 Πάντα
3354 2042 3590 2113 παρήσω
3638 2041 3706 2096 τὰ
3739 2042 3836 2097 τοῦ

2255 2129 2530 2202 σώματος.
2566 2131 2641 2184 Τὸ
2683 2131 2742 2184 δὲ
2782 2131 2884 2201 τῆς
2916 2131 3099 2201 ψυχῆς
3131 2132 3450 2204 ὲπιζητήσω
3487 2135 3645 2205 ἴαμα.
3690 2136 3837 2189 Μίαν

2254 2221 2366 2292 γὰρ
2397 2222 2614 2293 εὑρήσω
2637 2220 2792 2276 λύσιν
2819 2221 2927 2274 τῶν
2956 2222 3352 2295 ἐπηρτημένων
3379 2224 3587 2289 κακῶν,
3612 2224 3711 2278 ἐὰν
3743 2226 3839 2279 τὸν

2254 2312 2514 2383 δικαστὴν
2546 2312 2641 2366 ἴδω
2663 2354 2677 2378 ,
2705 2313 2801 2368 ἐὰν
2844 2312 3101 2385 προλάὸω
3130 2314 3226 2384 τῆς
3270 2313 3545 2378 κολάσεως
3586 2314 3679 2368 τὸν
3717 2333 3841 2369 και-

2256 2405 2371 2476 ρόν.
2396 2406 2725 2476 Μιμήσομαι
2760 2405 2930 2458 Ῥαὰὸ
2949 2406 3047 2476 τὴν
3074 2405 3301 2477 πόρνην,
3331 2406 3429 2476 τῆς
3455 2407 3713 2475 γυναικὸς
3742 2409 3837 2462 τὸν

2257 2494 2512 2566 ἐνάρετον
2545 2494 2856 2565 μεταδιὼξω
2899 2496 3100 2567 τρόπον
3124 2512 3137 2528 ·
3171 2497 3325 2550 οὐδὲν
3358 2496 3466 2569 γὰρ
3516 2497 3644 2577 παρ’
3677 2497 3836 2569 ἡμῶν

2255 2586 2385 2640 ἄλλο
2416 2587 2660 2657 βούλεται
2687 2587 2839 2653 Θεὸς,
2866 2588 2899 2659 ἢ
2930 2588 3154 2659 γνώμης
3183 2589 3484 2660 ἐναλλαγήν
3514 2589 3651 2660 (68).

2329 2676 2608 2748 ς’.Ταῦτα
2640 2681 2878 2745 εὐσεϐῶς
2894 2681 3297 2753 διασκεψαμένη
3332 2682 3463 2753 (69),
3484 2683 3579 2736 καὶ
3605 2683 3704 2754 τὴν
3720 2684 3837 2738 διά-

2255 2786 2403 2826 νοιαν
2433 2771 2568 2842 πρὸς
2598 2771 2780 2825 πίστιν
2813 2772 3172 2842 ὲπαλείψασα,
3206 2774 3586 2844 ἐπεισέρχεται
3614 2777 3694 2846 τῷ
3729 2777 3835 2847 Ἰηα

2257 2859 2353 2914 σοῦ
2389 2862 2523 2916 ὅπου
2548 2861 2816 2926 ἀνέκειτο,
2844 2862 2941 2933 τὴν
2971 2864 3242 2935 προτέραν
3281 2865 3553 2920 ἀναίδειαν
3583 2867 3664 2929 είς
3696 2867 3833 2919 ύπο-

2257 2951 2406 3006 Θεσιν
2442 2952 2754 3023 παρρησίας
2793 2951 3055 3007 λαϐοῦσα.
3091 2953 3202 3007 Καὶ
3245 2954 3393 3024 λέγει
3439 2954 3539 3025 μὲν
3564 2955 3715 3026 αὐτῷ
3742 2955 3836 3009 οῦ-

2254 3042 2343 3098 δέν
2366 3059 2380 3075 ⁸
2412 3044 2475 3098 ού
2506 3043 2615 3115 γὰρ
2651 3044 2884 3115 ἐτόλμα·
2922 3044 3039 3115 ᾔδει
3065 3046 3175 3117 γὰρ
3221 3046 3295 3111 ὡς
3340 3049 3369 3100 ὁ
3417 3046 3524 3101 τῶν
3557 3047 3834 3117 λογισμῶν

2257 3133 2449 3204 ἔφορος
2496 3134 2558 3186 οὐ
2612 3134 2783 3188 δεῖται
2837 3133 3026 3202 λόγων.
3088 3135 3152 3188 Τί
3203 3136 3311 3207 γὰρ
3362 3139 3536 3190 εἰπεῖν
3586 3133 3699 3207 εἶχε
3753 3137 3833 3208 τῷ

2257 3223 2435 3278 πάντα
2457 3225 2653 3291 cibost;
2678 3226 2801 3279 ’Ότι
2827 3226 3107 3299 ἥμαρτεν;
3140 3225 3263 3282 ὀτι
3295 3228 3503 3282 πολλῶν
3532 3228 3714 3282 κακῶν
3742 3228 3835 3299 ἐρ-

589 3330 826 3391 petrarat
887 3320 1069 3375 mala?
1127 3318 1278 3385 Quod
1309 3317 1589 3387 depericns
1623 3357 1638 3383 ,
1697 3324 1753 3372 et
1821 3316 2152 3387 deperitione

2256 3316 2428 3385 γὰτης
2462 3316 2714 3385 γέγονεν;
2740 3317 2865 3371 Ὅτι
2893 3318 3077 3389 ἐρῶσα
3110 3320 3204 3373 καὶ
3230 3321 3481 3390 ἐρωμένη
3508 3319 3605 3391 τὴν
3632 3319 3836 3391 πάνδη-

588 3421 789 3479 amata,
821 3409 1003 3481 populi
1032 3410 1193 3464 totius
1221 3408 1545 3477 voluptatem
1576 3407 1824 3463 foverat?
1859 3408 2023 3462 Erant
2042 3408 2155 3463 haec

587 3506 701 3558 Deo
738 3514 884 3568 nota,
922 3516 1026 3556 non
1058 3509 1261 3555 tantum
1298 3515 1421 3555 cum
1466 3501 1675 3564 ﬁerent,
1732 3498 1823 3553 sed
1856 3508 1910 3552 et
1948 3513 2068 3553 cum
2099 3500 2153 3553 in

584 3594 797 3651 occulto
835 3593 997 3647 animi
1048 3592 1292 3647 conclavi
1346 3591 1699 3646 nudarentur.
1759 3588 1947 3645 Sciens
1975 3591 2155 3660 itaque

586 3687 733 3756 quod
766 3691 960 3740 cuncta
999 3689 1204 3746 nosset,
1234 3696 1337 3736 nec
1365 3695 1489 3737 eum
1539 3681 1829 3749 quidquam
1864 3687 2047 3749 posset
2073 3679 2154 3732 la-

587 3790 741 3833 tere:
772 3776 1007 3844 linguam
1038 3774 1254 3844 quidem
1284 3772 1432 3829 velut
1456 3772 1665 3828 foribus
1695 3772 1891 3837 munit,
1920 3771 2157 3840 loquitur

584 3882 715 3922 vero
744 3865 1017 3937 lacrymis.
1044 3863 1224 3929 Stans,
1250 3864 1417 3927 enim,
1452 3862 1644 3931 inquit,
1673 3877 1819 3930 secus
1844 3860 1995 3925 pedes
2015 3859 2152 3929 ejus,

586 3962 739 4029 ﬂens,
800 3959 945 4027 capit
994 3958 1166 4027 rigare
1209 3955 1456 4025 lacrymis
1491 3954 1644 4020 pedes
1675 3953 1813 4021 ejus.
1864 3950 2149 4019 (laterum,

588 4065 900 4121 quanquam
947 4064 1053 4104 non
1115 4047 1437 4117 loquebatur
1476 4043 1693 4111 lingua;
1741 4051 1794 4097 at
1819 4042 2152 4098 ineuarrabi~

586 4141 711 4196 liter
742 4138 763 4171 '
812 4149 1069 4209 mutoque
1117 4136 1278 4192 modo
1323 4131 1645 4202 loquebatur
1698 4130 2022 4199 gemitibus;
2057 4147 2154 4188 cor

586 4233 882 4290 contritum
938 4230 1238 4291 inﬂectens,
1270 4233 1615 4295 peccatorum
1669 4223 2006 4293 triumphans
2049 4241 2151 4279 nu-

587 4339 852 4384 merosam
888 4320 1321 4383 multitudinem;
1358 4318 1589 4372 absonas
1636 4325 1928 4387 turpesque
1950 4319 2155 4388 cogita-

580 4420 782 4485 tiones,
810 4413 1172 4471 exsecrandas
1199 4410 1544 4481 cupiditates,
1605 4410 1847 4465 actiones
1873 4411 2151 4481 profanas,

584 4508 853 4578 colloquia
894 4505 1077 4574 iniqua
1103 4504 1407 4558 traducens.
1434 4500 1650 4556 Nullum
1676 4501 1940 4571 siquidem
1973 4512 2154 4570 patra-

2259 3425 2358 3479 μον
2403 3409 2595 3483 ήδονήν
2630 3409 3002 3480 ὲθεράπευσε;
3053 3409 3239 3463 Ταῦτα
3278 3411 3399 3480 Θεῷ
3439 3412 3574 3481 δῆλα
3617 3407 3715 3482 ἦν,
3766 3412 3832 3465 οὐ

2255 3500 2606 3571 πραττόμενα
2641 3501 2822 3570 μόνον,
2852 3499 2988 3552 ἀλλὰ
3014 3501 3189 3555 καὶέν
3205 3501 3284 3571 τῷ
3312 3503 3504 3572 ἀφάνῳ
3528 3504 3627 3573 τῆς
3652 3503 3834 3573 ψυχῆς

2258 3587 2624 3661 βουλευτηρίῳ
2650 3588 3021 3660 γυμνούμενα.
3050 3590 3236 3643 Εἰδυῖα
3258 3587 3351 3645 οὖν
3379 3580 3456 3655 ὡς
3489 3592 3668 3645 πάντα
3697 3589 3831 3659 οἶδε,

2256 3681 2351 3734 καὶ
2394 3680 2574 3734 λαϐεῖν
2628 3680 2790 3733 αὐτὸν
2846 3679 3070 3735 δύναται
3120 3682 3272 3735 οὐδὲν
3294 3723 3313 3748 ,
3362 3682 3517 3755 θυροῖ
3574 3685 3674 3754 μὲν
3731 3686 3833 3754 τὴν

2254 3770 2506 3838 γλῶσσαν
2525 3808 2540 3834 ,
2570 3769 2719 3823 λαλεῖ
2748 3769 2804 3825 δὲ
2845 3773 2957 3836 τοῖς
2987 3772 3238 3843 δάκρυσι.
3268 3772 3473 3829 Στᾶσα
3499 3774 3629 3846 γὰρ,
3660 3776 3794 3847 φησὶ
3813 3814 3831 3840 ,

2254 3863 2414 3931 παρὰ
2438 3862 2585 3928 τοὺς
2614 3863 2806 3931 πόδας
2843 3864 2951 3918 τοῦ
2992 3865 3230 3933 Ἰησοῦ,
3275 3868 3573 3921 κλαίουσα
3608 3866 3834 3935 ἤρξατο

2248 3952 2496 4023 ,ϐρέχειν
2525 3954 2667 4020 τοὺς
2697 3954 2888 4021 πόδας
2927 3955 3113 4010 αὐτοῦ
3151 3956 3279 4020 τοῖς
3314 3955 3627 4024 δάκρυσιν.
3693 3956 3833 4011 Ἀλλ’

2254 4048 2306 4098 εί
2344 4047 2437 4100 καὶ
2466 4047 2542 4116 μὴ
2564 4048 2630 4117 τῇ
2667 4044 2889 4118 γλώσσῃ
2919 4045 3119 4110 ἐλάλει,
3170 4045 3305 4100 ἀλλὰ
3344 4049 3670 4117 στεναγμοῖς
3701 4048 3835 4101 ἀλα-

2255 4136 2437 4207 λήτοις
2476 4138 2589 4209 (70)
2620 4137 2949 4207 ἐφθέγγετο,
2991 4138 3084 4192 τὸν
3115 4137 3451 4209 συντριμμὸν
3482 4138 3581 4208 τῆς
3604 4139 3834 4207 καρδίας

2252 4227 2652 4299 ὲκκάμπτουσα
2672 4267 2688 4293 ,
2723 4228 2784 4282 τὸ
2818 4228 3022 4299 πλῆθος
3055 4229 3161 4283 τῶν
3206 4227 3492 4300 ἁμαρτιῶν
3529 4227 3832 4300 θριαμὸεύο

2252 4337 2422 4375 ουσαο
2475 4320 2602 4384 τοὺς
2649 4320 2884 4382 ἀτόπους
2920 4319 3246 4390 λογισμοὺς,
3285 4320 3385 4384 τὰς
3426 4322 3642 4388 ἐναγεῖς
3676 4321 3830 4375 ἐνθυ-

2257 4414 2488 4483 μήσεις,
2554 4411 2653 4474 τὰς
2704 4409 2966 4483 βεϐήλους
3021 4410 3269 4482 πράξεις,
3325 4411 3423 4476 τὰς
3483 4412 3829 4484 παρανόμους

2253 4502 2467 4572 ὁμιλίας
2494 4501 2918 4574 ὲκπομπεύουσα
2937 4519 2951 4532 ·
2975 4488 3127 4556 οῦδὲν
3150 4503 3258 4574 γὰρ
3275 4499 3345 4575 ἦν
3367 4504 3475 4558 τῶν
3506 4504 3831 4575 πεπραγμέ-

588 4606 672 4654 rat
702 4597 927 4661 malum,
956 4591 1101 4664 quod
1127 4608 1232 4648 non
1281 4592 1538 4663 lacrymis
1577 4593 1694 4647 dire
1746 4591 2148 4649 lamentaretur.

2254 4614 2360 4652 νων
2397 4597 2533 4667 αὐτῇ
2573 4595 2781 4661 κακῶν,
2819 4594 2850 4648 ὃ
2887 4595 2961 4668 μὴ
2981 4594 3241 4668 δάκρυσιν
3266 4595 3640 4668 ὲξετραγῴδει.
3675 4597 3829 4669 ᾝδα

590 4687 807 4744 Sciebat
828 4687 970 4741 enim
1005 4699 1124 4753 qum
1148 4684 1520 4743 conﬁteretur.
1572 4682 1825 4738 oblivioni
1856 4686 2151 4741 tradenda:

588 4780 717 4834 Dixi
732 4780 897 4845 enim,
924 4779 1115 4848 inquit,
1140 4775 1418 4846 Proferam
1442 4775 1510 4829 ad
1518 4790 1713 4829 versum
1736 4790 1816 4829 me
1842 4775 2153 4844 injustitiam

591 4885 758 4922 meum
786 4871 1044 4924 Domino:
1079 4878 1129 4924 et
1177 4879 1235 4921 tu
1290 4866 1535 4921 remisisti
1596 4866 1914 4935 impietatem
1953 4868 2150 4935 peccati

586 4962 692 5016 mei
711 4960 777 5019 ιθ.
824 4958 946 5016 Nec
973 4962 1052 5016 sic
1112 4969 1318 5014 tantum
1368 4955 1803 5012 inenarrabiliter
1830 4957 2150 5026 loquebatur

661 5100 684 5132 '
705 5097 967 5164 105.",1.
1040 5099 1062 5130 ⁸
1092 5097 1246 5152 Rom.
1274 5110 1390 5160 vtu,
1417 5092 1502 5148 26.
1580 5093 1626 5125 ‘°
1654 5091 1798 5148 Psal.
1839 5109 1990 5158 aut,
2026 5094 2078 5149 5.

656 5231 767 5302 (68)
800 5233 879 5286 ’Ἡ
892 5227 1124 5301 γνώμης
1146 5225 1509 5302 ἐναλλαγήν,
1534 5224 1608 5278 lla
1639 5240 1705 5280 ex
1726 5225 2030 5302 vi_nomiui_s
2061 5242 2149 5281 εο-

586 5295 679 5357 nat
702 5295 761 5355 τὸ
799 5295 1156 5372 μετανοίαίοι
1184 5300 1325 5372 quod
1357 5295 1881 5372 multisnostratibns
1898 5295 2145 5372 crebrum

586 5382 688 5436 est,
714 5364 1083 5439 lteiipiscentia
1108 5382 1126 5420 :
1151 5364 1307 5439 cujus
1330 5376 1506 5439 tamen
1540 5366 1656 5420 loco
1686 5366 1882 5439 ubique
1904 5364 2033 5439 fere
2046 5365 2146 5418 Pa-

591 5431 763 5493 ttihus
785 5431 886 5506 est,
919 5431 1254 5493 Pmuitentia.
1284 5435 1455 5490 Allinc
1482 5436 1725 5502 estquod
1752 5431 1946 5506 Paulus
1968 5431 2139 5503 (Rom.

585 5518 642 5565 et
669 5508 809 5579 Gal.)
832 5505 1086 5579 praedicat
1108 5508 1173 5562 de
1200 5507 1329 5579 lide,
1349 5506 1620 5579 velut_una
1651 5505 1777 5579 sine
1804 5505 2054 5579 operibus
2076 5506 2140 5556 ad

2255 4688 2364 4760 γὰρ
2398 4690 2482 4742 ὅτι
2517 4681 2591 4741 ὧν
2633 4687 2931 4758 ὡμολόγει,
2977 4687 3077 4759 τὴν
3131 4687 3438 4757 ἀμνηστίαν
3487 4686 3823 4758 ἐλάμϐανεν

2247 4777 2405 4834 Εἴπα
2429 4780 2558 4852 γὰρ,
2582 4780 2767 4851 φησὶν,
2804 4779 3213 4849 Ἐξαγορεύσω
3238 4779 3363 4833 κατ’
3388 4779 3533 4849 ἐμοῦ
3558 4779 3674 4848 τὴν
3696 4781 3828 4834 ἀνο-

2248 4873 2398 4942 μίαν
2421 4891 2538 4941 μου
2560 4871 2641 4937 τῷ
2661 4873 2877 4941 Κυρίῳ,
2904 4872 3001 4925 καὶ
3030 4872 3113 4926 σὺ
3141 4871 3383 4941 ἀφῆκας
3411 4872 3528 4941 τὴν
3546 4872 3827 4926 ἀσέϐειαν

2255 4959 2362 5028 τῆς
2412 4960 2657 5029 καρδίας
2694 4978 2833 5029 μου.
2865 4961 2974 5014 Καὶ
3013 4962 3075 5013 οὐ
3111 4961 3269 5031 μόνον
3308 4960 3585 5031 ἀλαλήτως
3634 4961 3826 5030 ὲφθέγυ

2254 5229 2524 5283 rissimum
2556 5228 2679 5280 vitae
2706 5242 2874 5300 genus
2898 5229 3146 5300 arripuit,
3169 5230 3429 5300 vixitque.

2322 5300 2432 5370 (69)
2456 5299 2743 5370 Διασκεψ.
2774 5297 2913 5370 Edit.
2936 5298 3125 5370 Menti.
3153 5297 3405 5370 ἐπισκεψ.

2321 5367 2436 5439 (ῖο)
2462 5367 2832 5432 Ἀλαλήτοις.
2857 5367 3008 5420 Velut
3024 5369 3254 5434 passive,
3275 5367 3425 5435 juxta
3441 5368 3582 5439 quod
3596 5368 3819 5437 exponi-

2250 5447 2335 5489 tur
2359 5438 2512 5493 llotn.
2549 5452 2663 5495 vm,
2689 5438 2777 5499 26,
2802 5452 2909 5505 quo
2931 5446 2984 5490 et
3001 5439 3209 5491 videtur
3231 5438 3818 5506 alludere:quanquam

2248 5518 2428 5572 posset
2469 5508 2643 5560 active
2660 5507 2818 5564 sumi.
2857 5517 2911 5559 ut
2942 5520 3087 5562 esset
3134 5508 3275 5562 velut
3295 5519 3434 5563 mnta
3451 5526 3512 5562 ac
3535 5511 3646 5561 sine
3672 5524 3806 5565 voce:

587 5572 847 5636 salutem'
875 5577 1100 5632 sulliciat
1137 5577 1342 5647 :quasi
1379 5573 1841 5647 nimirum_radix_,
1872 5572 1937 5625 ad
1988 5589 2149 5639 quant
2245 5592 2351 5647 quo
2390 5578 2553 5647 etiam
2589 5578 2745 5629 modo
2792 5575 2929 5647 forte
2961 5580 3135 5645 aptius
3152 5581 3406 5632 essentin
3440 5578 3679 5645 sequenti
3717 5592 3821 5631 εει.

588 5649 634 5705 si
653 5656 729 5701 est
757 5647 1013 5715 perlecta,
1038 5643 1266 5702 debeant
1294 5646 1379 5701 illa
1408 5644 1661 5713 consequi
1692 5658 1788 5711 pro
1813 5643 1927 5696 loco
1941 5651 1993 5695 ct
2016 5652 2150 5695 tem-

586 5734 739 5788 pore.
776 5716 866 5770 Sic
903 5727 1049 5788 certe
1083 5728 1268 5771 nostra
1311 5716 1604 5788 peccatrix,
1635 5729 1738 5788 non
1781 5722 1996 5788 tantum
2030 5727 2147 5763 mu-

586 5868 643 5913 et
667 5851 828 5927 pedes
854 5851 1151 5910 dominicos
1182 5856 1442 5925 obsequio
1478 5856 1606 5909 fovit
1637 5872 1650 5908 :
1687 5856 2007 5922 tamlcmque
2041 5851 2142 5905 du-

2246 5645 2406 5714 μόνον
2437 5645 2718 5715 ἁλαλήτως
2760 5646 3082 5714 ἐφθέγγετο,
3114 5650 3201 5702 ubi
3247 5658 3420 5702 tamen
3457 5650 3525 5700 ob
3553 5660 3819 5701 consecu-

2245 5726 2440 5767 tionem
2491 5716 2776 5770 locutionis
2812 5718 3157 5779 reddidinms,
3211 5717 3657 5782 inenarrabiliter,
3724 5717 3818 5768 nd-

588 5782 722 5841 iavit
754 5786 1120 5864 propositum;
1154 5782 1334 5864 verum
1382 5787 1541 5864 etiam
1568 5783 1819 5864 adhibuit
1853 5782 2142 5864 lacrymas,
2234 5783 2419 5864 juncta
2477 5787 2769 5852 particula,
2823 5785 2911 5839 Sic
2955 5801 2973 5838 :

2243 5864 2469 5908 ιιοιιοιιι.

3038 5788 3106 5842 ad
3148 5787 3438 5856 quatndatn
3485 5786 3812 5843 determina-
