4118 6458
567 493 638 549 79
1522 477 1578 534 S.
1621 473 2071 533 AMPHILOCIIII
2110 469 2494 530 ICONIENSIS
2535 467 2839 525 EPISCOI’I
3764 468 3842 527 30

569 618 694 670 tem,
729 603 1010 660 scabellum
1037 600 1227 672 pedum
1263 614 1496 654 meorum
1526 599 1592 652 η.
1629 595 1902 651 Laudetur
1957 593 2140 662 itaque

2262 607 2347 650 μοι
2374 590 2608 657 θρόνος,
2644 587 2683 656 ἠ
2718 586 2786 639 δὲ
2813 583 2913 654 γῆ,
2940 582 3276 640 ὑποπόδιον
3315 581 3434 638 τῶν
3461 584 3666 641 ποδῶν
3693 604 3833 657 μου.

573 696 791 758 mulier,
828 693 975 748 velut
1001 708 1119 762 qua:
1152 691 1316 746 totius
1369 699 1528 745 terra:
1559 687 1786 759 gloriam
1815 683 2140 754 susceperit;

574 791 722 844 velut
749 801 881 857 qua:
907 783 1305 853 sitamplexata
1363 779 1743 835 immaculatos
1777 775 1959 847 pedes,
1993 774 2147 846 cujus

573 879 854 949 pulverem
874 874 1079 942 lingent
1099 867 1796 942 genteseognationesque,
1825 863 1976 932 juxta
2003 861 2146 930 quod

575 971 779 1024 dictum
813 963 1040 1021 estt-Et
1098 961 1298 1016 inimici
1328 959 1443 1030 ejus
1471 968 1664 1012 terram
1697 956 1890 1025 lingent
1915 954 1981 1007 ".
2014 953 2146 1006 Am-

581 1061 735 1129 plexa
773 1065 858 1113 est
918 1057 1266 1111 intemeratas
1289 1051 1510 1123 pedes:
1562 1047 1763 1104 Christi
1798 1059 1992 1113 corpus
2026 1057 2146 1097 cum

576 1152 782 1206 Joanne
836 1149 1035 1219 partita
1102 1156 1206 1202 est.
1259 1143 1350 1199 llle
1403 1141 1653 1211 equidem
1710 1137 1954 1193 recubuit
1985 1149 2147 1206 supra

577 1253 763 1312 pectus
798 1240 863 1306 ‘9,
891 1247 951 1294 ut
980 1237 1101 1292 inde
1151 1248 1513 1306 expressurus
1547 1231 1780 1286 divinam
1806 1227 2145 1284 doctrinam:

578 1345 635 1388 at
663 1335 764 1390 ista
794 1332 957 1402 pedes
988 1330 1145 1384 unxit
1197 1327 1503 1398 gradientes
1547 1323 1714 1378 nostri
1745 1335 1929 1376 causa.
1980 1319 2147 1374 Porro

578 1427 849 1482 Christus-
870 1423 962 1494 qui
992 1437 1097 1476 non
1131 1419 1350 1488 iudicat
1399 1423 1700 1487 peccatum,
1755 1412 1849 1466 sed
1877 1409 2149 1478 paeniten-

583 1518 946 1574 tiam-laudat:
980 1514 1070 1584 qui
1108 1511 1380 1583 praeterita
1439 1523 1544 1562 non
1603 1504 1788 1576 punit,
1831 1502 1923 1557 sed
1958 1499 2153 1570 probat

581 1611 786 1676 futura,
827 1607 1038 1661 traditis
1069 1602 1322 1659 oblivioni
1380 1598 1534 1653 malis
1563 1597 1678 1665 ejus
1717 1595 2006 1666 prioribus,
2037 1609 2153 1646 mu-

581 1705 698 1759 lieri
731 1703 989 1757 honorem
1022 1697 1203 1761 habet,
1237 1704 1292 1747 et
1319 1692 1502 1746 laudat
1548 1688 1948 1758 paenitentiam.
1985 1683 2152 1740 Justi-

583 1795 707 1850 licat
731 1793 1019 1862 lacrymas,
1044 1797 1096 1842 et
1146 1785 1479 1856 propositum
1515 1789 1763 1836 coronat.

2264 678 2605 735 Ἐπαινέσθω
2642 677 2822 731 τοίνυν
2853 677 2886 746 ὴ
2920 675 3078 746 γυνὴ,
3121 677 3197 739 ὠς
3231 674 3359 745 ὅλης
3387 675 3487 745 τῆς
3508 677 3611 747 γῆς
3635 677 3732 748 τὴν
3761 697 3843 734 τι-

2255 772 2364 846 μὴν
2401 769 2778 842 ὑποδεξαμένη
2795 786 2811 802 ο
2839 770 2914 834 ὼς
2946 768 3200 840 ἁψαμένη
3226 768 3404 822 ποδῶν
3431 769 3739 841 ἀχράντων,
3766 763 3842 827 ὧν

2251 863 2342 916 τὸν
2373 861 2501 934 χοῦν
2535 860 2662 932 ἔθνη
2696 861 2790 915 καὶ
2814 859 3042 932 πατριαὶ
3080 859 3305 924 λίξουσι,
3343 859 3486 914 κατά
3517 861 3580 914 τὸ
3616 862 3843 932 είρημέ-

2253 969 2372 1008 νον·
2405 952 2519 1007 Kal
2561 956 2616 1006 oi
2645 952 2846 1022 ἐχθροὶ
2890 951 3076 1006 αὑτοῦ
3100 951 3252 1020 χοῦν
3289 950 3594 1016 λίξουσιν.
3627 952 3845 1023 Ἥψατο

2254 1045 2432 1099 ποδῶν
2482 1044 2802 1116 ἀχράντων·
2875 1043 3171 1115 ἐμερίσατο
3228 1043 3368 1115 πρὸς
3443 1043 3698 1115 Ἰωάννην
3745 1042 3842 1098 τοῦ

2253 1133 2490 1206 Χριστοῦ
2529 1133 2591 1186 τὸ
2622 1133 2802 1206 σῶμα.
2840 1133 2899 1186 '0
2925 1133 3022 1202 μὲν
3054 1133 3165 1203 γὰρ
3193 1133 3288 1185 ἐπὶ
3322 1132 3556 1204 στήθους
3586 1134 3840 1188 ἀνέπεσε·

2255 1225 2406 1280 θείαν
2420 1227 2530 1298 γάρ
2557 1224 2784 1280 αὑτόθεν
2802 1223 2994 1296 ἔμελλε
3023 1223 3373 1278 διδασκαλίαν
3398 1225 3840 1296 ἀπομάσσεσθαιο

2254 1320 2289 1390 ή
2323 1317 2380 1371 δὲ
2419 1319 2549 1380 τοὺς
2588 1317 2729 1389 ὑπὲρ
2761 1316 2917 1388 ἡμῶν
2961 1315 3274 1387 βαδίζοντας
3319 1317 3485 1380 πόδας
3518 1317 3841 1387 ὑπήλειφεν.

2268 1409 2408 1462 Ἀλλ’
2451 1412 2478 1462 ό
2529 1410 2766 1480 Χριστὸς
2817 1409 2934 1479 μὲν,
2971 1410 3098 1478 ὁμὴ
3147 1408 3245 1479 τὴν
3292 1409 3568 1480 ἁμαρτίαν
3617 1408 3840 1480 κρίνων,

2257 1501 2394 1555 ἀλλά
2436 1500 2536 1574 τὴν
2571 1501 2860 1572 μετάνοιαν
2897 1501 3136 1554 ἐπαινῶν
3158 1516 3169 1528 ·
3203 1503 3231 1553 ό
3270 1501 3344 1572 μὴ
3392 1501 3460 1554 τὰ
3503 1501 3844 1573 παρελθόντα

2257 1596 2520 1664 κολάζων,
2576 1596 2714 1649 ἀλλά
2751 1595 2820 1648 τὰ
2855 1595 3119 1666 μέλλοντα
3165 1595 3510 1666 δοκιμάζων,
3563 1596 3843 1667 ἀμνηστίᾳ

2259 1687 2544 1761 παρελθὼν
2572 1687 2642 1741 τὰ
2672 1687 3014 1759 προλαϐόντα
3049 1687 3219 1757 αὑτῆς
3247 1686 3416 1751 κακά,
3449 1689 3586 1758 τιμᾷ
3611 1687 3711 1757 τὴν
3741 1704 3842 1756 γυ-

2258 1782 2440 1847 ναῖκα,
2483 1779 2576 1832 καὶ
2615 1779 2830 1831 ἐπαινεῖ
2877 1777 2974 1850 τὴν
3023 1777 3348 1848 μετάνοιανο
3400 1777 3598 1830 δικαιοῖ
3637 1777 3705 1831 τά
3747 1777 3844 1830 δά-

2257 1889 2422 1944 κρυα,
2456 1873 2551 1925 καὶ
2582 1873 2837 1939 στεφανοῖ
2863 1871 2960 1939 τὴν
2996 1868 3274 1941 πρόθεσιν.

651 1967 786 2022 Vill.
825 1965 1029 2020 Videtis
1060 1972 1243 2018 autem
1273 1960 1584 2017 Pharisaaus
1613 1956 1952 2022 miraculum,
1977 1953 2157 2009 animo

2330 1963 2494 2018 Η’.“Ο
2527 1982 2591 2034 γε
2614 1965 2904 2035 Φαρισαῖος
2933 1961 3074 2032 όρῶν
3091 1962 3152 2013 τὸ
3185 1961 3370 2032 θαῦμα
3388 2000 3402 2024 ,
3425 1960 3723 2031 πλήττεται
3745 1959 3844 2031 τὴν

579 2051 950 2130 obstupescit:
985 2057 1229 2124 ictusque
1262 2051 1486 2117 invidia,
1509 2049 1748 2104 mulieris
1773 2047 2152 2117 penitentiam

582 2169 686 2210 non
717 2147 1137 2214 admittit..Quin
1163 2159 1458 2214 vero,.quae
1481 2142 1560 2198 sic
1594 2141 1880 2195 Dominum
1921 2140 2156 2194 honora-

581 2257 755 2311 νει-ιιι,
788 2241 1114 2299 contumelia
1131 2253 1239 2294 ceu
1280 2238 1334 2292 in
1369 2236 1560 2291 faciem
1589 2235 1784 2290 cadit:
1819 2232 2159 2304 ejusque-cui

583 2336 960 2391 delatus—esset
987 2331 1178 2392 bonos,
1243 2327 1548 2397 ignorantia
1581 2325 1786 2382 calculo
1817 2325 2038 2392 tributa,
2073 2325 2158 2380 di-

585 2421 1081 2496 gnitatemmiuuit.
1120 2420 1321 2474 Videas
1379 2419 1542 2482 enim,
1591 2418 1804 2486 inquit,
1851 2414 2159 2470 l’haristeus

525 2579 532 2586 ,
583 2521 676 2590 qui
711 2526 971 2572 vocaverat
1003 2529 1153 2578 eum,
1190 2513 1263 2566 ait
1318 2513 1459 2565 intra
1504 2524 1599 2565 se:
1639 2509 1764 2576 llic,
1799 2510 1845 2562 si
1872 2517 2000 2562 esset
2044 2523 2163 2576 pro-

585 2611 760 2678 pheta,
804 2607 961 2662 sciret
1014 2605 1190 2674 utique
1223 2618 1341 2672 quia
1381 2613 1428 2656 et
1465 2601 1651 2670 qualis
1699 2608 1774 2654 est
1822 2600 2010 2652 mulier
2043 2613 2162 2669 quae

588 2702 751 2770 tangit
782 2714 900 2752 eum
927 2711 948 2751 :
972 2697 1097 2766 quia
1125 2695 1394 2764 peccatrix
1421 2702 1515 2747 est.
1537 2690 1589 2746 0
1610 2689 1772 2746 stulte
1795 2700 1849 2745 et
1878 2689 2158 2759 insipiens,

587 2802 917 2862 prorsusque
947 2785 1256 2842 Pharisaei
1284 2785 1419 2839 Dum
1448 2783 1550 2836 ista
1575 2781 1734 2845 dicis,
1783 2795 1890 2834 non
1923 2780 2161 2834 mulieris

588 2882 774 2949 arguis
805 2893 1028 2956 mores;
1059 2879 1151 2932 sed
1180 2886 1328 2930 tuum
1368 2877 1484 2945 ipse
1511 2873 1750 2928 animum
1786 2871 2159 2942 reprehendis,

589 2975 680 3042 qui
709 2973 885 3036 dicas,
917 2970 1128 3025 nescire
1164 2969 1313 3023 illum
1357 2981 1602 3037 quaenam
1638 2973 1783 3021 esset
1813 2964 2026 3018 mulier.
2045 2962 2157 3018 Non

589 3079 717 3136 ergo
744 3071 802 3117 ut
836 3063 1002 3117 Deum
1043 3062 1134 3132 qui
1154 3068 1337 3114 nosset
1367 3057 1830 3134 omnia,vocando
1861 3055 2156 3112 honorasti.

591 3154 712 3210 Non
753 3153 917 3224 igitur
945 3152 1130 3222 pudet,
1153 3165 1186 3205 ο
1211 3149 1495 3220 magniﬁce
1520 3147 1881 3203 calumniator
1919 3155 1973 3201 et
2004 3161 2162 3218 syco-

580 3249 813 3318 phanta,
845 3245 988 3316 quod
1015 3245 1231 3315 quidem
1287 3253 1344 3296 ut
1367 3241 1532 3296 Deum
1577 3255 1755 3305 voces,
1787 3249 1840 3294 et
1875 3240 1966 3310 qui
1999 3242 2159 3294 bene-

590 3338 771 3392 dicere
804 3337 1008 3405 possit:
1034 3333 1338 3404 proclames
1369 3347 1498 3388 vero
1524 3342 1580 3388 ut
1610 3333 1882 3386 hominem
1911 3347 1974 3386 ac
2014 3332 2160 3387 velut

595 3441 744 3492 eum,
775 3427 861 3495 qui
903 3425 1034 3481 nihil
1063 3425 1327 3494 sciatprze
1359 3423 1532 3479 nobis.
1578 3423 1700 3489 llic,
1737 3423 1932 3494 inquit,
1962 3423 2006 3476 si
2029 3431 2160 3476 esset

590 3521 866 3588 prop/tcta.
905 3517 949 3573 Ο
977 3532 1136 3587 quam
1168 3527 1220 3573 te
1260 3517 1469 3583 melior,
1533 3516 1822 3582 Pharisacc,
1854 3516 2043 3571 mulier
2074 3516 2162 3570 illa

592 3611 645 3663 in
696 3607 977 3672 Sichimis,
1032 3621 1150 3674 qua
1195 3606 1512 3678 prophetam
1570 3605 1836 3669 nesciens,
1893 3621 1955 3661 ex
1989 3606 2162 3675 primo

591 3699 772 3754 statim
806 3697 922 3753 visu
959 3697 1202 3752 confessa
1234 3704 1316 3752 est
1339 3695 1694 3752 Salvatorem!
1741 3697 1960 3752 Domine
1993 3697 2160 3762 enim,

592 3789 784 3858 inquit,
815 3789 962 3843 video
986 3789 1108 3858 quia
1129 3789 1377 3859 proylzeta
1433 3807 1486 3844 es
1535 3800 1589 3844 tu
1621 3790 1683 3842 ".
1721 3789 1892 3854 Quam
1944 3799 2072 3839 vero
2109 3793 2162 3838 et

593 3884 708 3938 hac
758 3884 1055 3951 peccatrix,
1115 3898 1224 3954 pra:
1281 3893 1329 3938 te
1378 3883 1537 3952 digna
1570 3866 2162 3948 adnniratione,'cujus

594 3973 988 4042 quidemvides
1025 3982 1328 4041 peccatum,
1362 3970 1456 4024 sed
1493 3969 1866 4039 [tacititentiam
1909 3986 2014 4026 non
2045 3985 2164 4028 eer-

596 4063 698 4117 uis!
731 4063 869 4130 Quin
895 4063 1325 4125 etcondemnas,
1353 4076 1516 4130 quam
1540 4061 1701 4127 judex
1743 4059 2007 4130 justiticat
2040 4081 2053 4116 :
2081 4078 2163 4118 re-

591 4156 986 4226 prehendisque
1012 4165 1065 4211 et
1093 4157 1407 4224 vituperas,
1467 4167 1626 4222 quam
1673 4154 1814 4210 Deus
1860 4156 2164 4226 suscipiens

591 4239 846 4302 vorenat:
880 4247 1022 4316 quod
1056 4247 1228 4301 visum
1265 4245 1406 4314 apud
1435 4255 1485 4299 te
1514 4243 1681 4299 Deum
1711 4247 1764 4300 in
1793 4245 1964 4301 forma
1989 4247 2165 4302 horni-

593 4338 676 4391 nis
703 4341 1132 4400 recumbentem,
1169 4337 1411 4405 agnovit,
1438 4336 1594 4404 eique
1630 4337 1900 4391 honorem
1933 4336 2118 4392 habuit
2147 4356 2160 4392 :

590 4433 752 4492 atque
793 4425 986 4476 animae
1013 4423 1234 4476 retectis
1256 4423 1586 4489 uulneribus,
1635 4427 2084 4493 misericordiam,
2111 4439 2165 4484 et

593 4515 883 4569 anterioris
913 4515 1035 4569 vitae
1063 4518 1474 4572 commissorum
1521 4519 1955 4576 obliterationem
1986 4522 2162 4593 petiit.

2257 2054 2518 2118 διάνοιαν,
2554 2055 2653 2108 καὶ
2677 2054 2855 2124 φθόνῳ
2889 2053 3232 2124 βαλλόμενος,
3268 2052 3328 2104 οὑ
3356 2051 3720 2123 παραδέχεται
3746 2051 3844 2120 τῆς

2262 2146 2519 2215 γυναικὸς
2549 2146 2648 2218 τὴν
2687 2145 2995 2216 μετάνοιαν.
3045 2144 3205 2196 Ἀλλὰ
3247 2143 3340 2196 καὶ
3379 2143 3478 2213 τὴν
3507 2142 3652 2196 οὕτω
3685 2143 3846 2212 τιμή-

2260 2257 2430 2293 σασαν
2465 2238 2556 2292 τὸν
2589 2238 2818 2308 Κύριον,
2857 2236 3207 2308 ἐπιρραπίζει
3241 2239 3304 2306 τῇ
3336 2235 3603 2304 λοιδορίᾳ*
3629 2234 3721 2286 καὶ
3749 2232 3844 2286 τοῦ

2259 2330 2582 2402 τιμηθέντος
2628 2329 2840 2381 ἐλαττοῖ
2872 2329 2932 2381 τὸ
2955 2328 3179 2398 ἀξίωμα
3199 2366 3215 2392 ,
3243 2327 3464 2395 ἄγνοιαν
3500 2323 3650 2395 αὐτῷ
3677 2342 3847 2377 κατα-

2266 2419 2654 2490 ψηφιζόμενος.
2698 2419 2858 2472 Ἰδὼν
2889 2418 3019 2487 γὰρ,
3048 2419 3234 2489 φησὶν,
3267 2421 3298 2471 ό
3323 2415 3643 2486 Φαρισαῖος
3669 2419 3702 2469 ό
3739 2431 3848 2468 κα-

2259 2511 2449 2576 λέσας
2471 2510 2676 2575 αὐτόν,
2691 2506 2861 2563 εἶπεν
2883 2510 2952 2562 ἐν
2975 2509 3185 2572 ἐαυτιῖν
3217 2504 3426 2574 Οὗτος,
3441 2511 3490 2562 εί
3511 2504 3590 2579 ἦν
3617 2504 3848 2575 προφή-

2261 2622 2390 2672 της,
2421 2603 2695 2682 ’ἔγνωκεν
2717 2603 2798 2657 ἂν
2825 2603 2916 2668 τίς
2952 2603 3050 2655 καὶ
3098 2601 3338 2669 ποταπὴ
3386 2603 3425 2669 ἠ
3466 2599 3644 2670 γυνὴ,
3676 2599 3715 2666 ἢ
3754 2615 3849 2664 τις

2261 2697 2506 2751 ἅπτεται
2558 2695 2768 2760 αὐτοῦ,
2812 2695 2901 2748 ὅτι
2955 2695 3306 2765 ἁμαρτωλός
3337 2695 3528 2748 ἐστιν.
3566 2689 3638 2746 Ὦ
3671 2693 3845 2764 ἄφρον

2261 2791 2355 2844 καὶ
2384 2790 2634 2855 ἀσύνετε,
2667 2790 2762 2842 καὶ
2786 2789 2854 2842 τά
2883 2789 2981 2842 ὃλα
3007 2789 3301 2860 Φαρισαῖεῑ
3327 2787 3514 2842 Ταῦτα
3556 2785 3750 2854 λέγων,
3783 2785 3845 2839 οὐ

2263 2881 2361 2952 τῆς
2393 2881 2650 2950 γυναικὸς
2677 2879 2973 2950 διελέγχεις
2999 2879 3091 2933 τὸν
3129 2879 3328 2950 τρόπον
3348 2895 3362 2909 ·
3403 2876 3540 2931 ἀλλὰ
3570 2877 3667 2948 τῆς
3698 2876 3845 2940 ίδίας

2260 2976 2586 3045 κατηγορεῖς
2635 2971 3043 3043 προαιρέσεως,
3080 2972 3294 3039 ἀγνοεῖν
3329 2969 3492 3024 αὑτὸν
3525 2968 3732 3037 λέγων,
3761 2969 3849 3032 τίς

2262 3081 2391 3118 ποτε
2432 3064 2678 3135 ὑπῆρχεν
2719 3065 2752 3134 ἡ
2795 3063 2954 3133 γυνή.
2988 3061 3198 3115 Οὐκοῦν
3247 3061 3342 3130 οὑχ
3393 3060 3469 3123 ὡς
3503 3059 3636 3112 Θεὸν
3669 3057 3848 3112 πάντα

2260 3152 2596 3221 γινώσκοντα
2614 3155 2680 3224 τῇ
2707 3151 2897 3222 κλήσει
2925 3151 3192 3222 ἐτίμησας
3211 3167 3225 3183 ο
3254 3150 3353 3202 οὐκ
3375 3149 3498 3219 αἰδῇ
3523 3144 3638 3214 οὖν,
3655 3141 3850 3218 ὦλαμ-

2264 3244 2367 3314 πρὲ
2397 3245 2667 3315 κατήγορε
2701 3244 2794 3296 καὶ
2828 3244 3160 3312 συκοφάντα,
3201 3243 3284 3296 ὅτι
3322 3227 3508 3304 καλεῖς
3551 3239 3650 3312 μὲν
3681 3239 3846 3294 αὑτὸν

2261 3335 2337 3397 ὡς
2363 3335 2495 3389 Θεὸν
2524 3336 2618 3388 καὶ
2641 3335 2933 3407 εὐλογῆσαι
2952 3335 3270 3404 δυνάμενον,
3301 3332 3574 3404 καταὸοᾷς
3598 3333 3654 3386 δὲ
3681 3332 3847 3386 αὑτοῦ

2263 3425 2338 3490 ὡς
2366 3425 2673 3498 ἀνθρώπου,
2708 3427 2803 3478 καὶ
2831 3425 2995 3495 μηδὲν
3031 3425 3172 3494 ὑπὲρ
3194 3426 3341 3494 ἡμᾶς
3379 3424 3602 3487 εἰδότος.
3632 3420 3844 3490 Οὗτος.

2261 3518 2426 3589 φησὶν
2445 3559 2460 3583 ,
2489 3520 2540 3571 ει
2579 3513 2659 3586 ἦν
2691 3515 3022 3583 προφήτης.
3054 3515 3165 3569 Καὶ
3198 3516 3362 3570 πόσον
3394 3532 3488 3568 σου
3519 3514 3773 3585 βελτίων,
3793 3514 3850 3568 ὦ

2261 3612 2537 3680 Φαρισαῖε,
2582 3610 2614 3677 ἡ
2655 3609 2712 3658 ἐν
2749 3606 3012 3676 Σικήμοις
3052 3605 3212 3675 γυνὴ,
3251 3608 3290 3677 ἡ
3338 3604 3412 3677 μὴ
3455 3607 3741 3678 προφήτην
3771 3608 3846 3659 εξ·-

2260 3699 2402 3762 δυῖα,
2439 3699 2532 3751 καὶ
2564 3698 2628 3750 ὲκ
2669 3694 2892 3767 πρώτης
2935 3695 3110 3765 ὅψεως
3153 3697 3245 3750 τὸν
3292 3697 3524 3768 Σωτῆρα
3565 3697 3844 3769 ὁμολογή-

2265 3793 2421 3845 σασαί
2460 3790 2655 3858 Κύριε,
2705 3788 2833 3860 γάρ,
2865 3790 3031 3859 φησὶ,
3076 3786 3268 3856 θεωρῶ
3306 3789 3395 3842 ὅτι
3443 3790 3753 3858 προφήτης
3792 3783 3852 3840 εἷ

2263 3885 2365 3936 σύ.
2413 3884 2583 3936 Πόσον
2614 3882 2672 3936 δέ
2715 3901 2808 3936 σου
2839 3881 3259 3952 θαυμαστοτέρα
3289 3882 3383 3935 καὶ
3421 3881 3561 3952 αὕτη
3603 3883 3636 3952 ἡ
3669 3881 3845 3952 ἀμαρ-

2262 3971 2451 4038 τωλὸς,
2485 3967 2554 4044 ἦς
2597 3971 2694 4043 τὴν
2729 3972 2824 4042 μὲν
2855 3972 3129 4044 ἁμαρτίαν
3157 3971 3310 4044 ὁρᾷς,
3342 3970 3439 4042 τὴν
3467 3971 3525 4024 δὲ
3556 3971 3843 4040 μετάνοιαν

2261 4066 2320 4117 οὑ
2354 4064 2604 4134 βλέπειςί
2646 4064 2804 4117 Ἀλλά
2844 4065 2938 4117 καὶ
2979 4064 3347 4134 κατακρίνεις.
3382 4063 3449 4133 ἠν
3482 4064 3510 4116 ό
3537 4063 3731 4133 κριτὴς
3761 4061 3842 4115 δι-

2261 4161 2437 4211 καιοῖο
2471 4159 2564 4212 καὶ
2601 4157 2792 4230 μέμφῃ
2821 4157 2914 4210 καὶ
2951 4157 3160 4227 ψέγεις,
3197 4157 3265 4227 ἣν
3312 4155 3492 4220 όΘεὸς
3508 4153 3842 4226 ἀποδεξάμε-

2262 4265 2350 4311 νος
2397 4251 2678 4317 στεφανοῖο
2716 4249 2797 4301 ὃτι
2835 4247 3018 4300 ἰδοῦσα
3053 4248 3204 4320 παρὰ
3240 4249 3323 4300 σοὶ
3367 4247 3499 4301 Θεὸν
3533 4249 3590 4300 ἐν
3634 4245 3842 4318 ἀνθρώ-

2263 4355 2364 4392 που
2398 4341 2576 4409 μορφῇ
2622 4338 3044 4408 κατακείμενον,
3075 4337 3291 4404 ἐπέγνω
3330 4338 3422 4389 καὶ
3457 4337 3684 4406 ἐτίμησε
3705 4355 3718 4368 ·
3745 4337 3841 4390 καὶ

2263 4433 2329 4487 τὰ
2366 4431 2467 4500 τῆς
2512 4431 2690 4501 ψυχῆς
2729 4430 3086 4500 ἐκκαλύψασα
3125 4429 3451 4501 τραύματα,
3489 4427 3636 4481 ἔλεον
3671 4427 3840 4499 ᾔτησε

2264 4523 2359 4575 καὶ⁷
2387 4521 2495 4575 τῶν
2531 4521 2877 4591 βεϐιωμένων
2909 4522 3008 4592 τὴν
3047 4519 3374 4590 ἀμνηστίαν.
3410 4518 3481 4570 Σὺ
3513 4517 3570 4570 δὲ
3606 4520 3842 4588 τιμήσας

593 4606 672 4659 Tu
700 4614 876 4667 autem
911 4604 1000 4674 qui
1061 4607 1338 4662 honorasti
1405 4610 1668 4672 vocando,
1722 4612 2045 4666 contumelia
2083 4613 2157 4665 in-

2263 4615 2328 4683 τῇ
2385 4612 2598 4682 κλήσει,
2645 4612 2931 4683 ἀτιμάζεις
2981 4615 3046 4683 τῇ
3097 4608 3353 4679 λοιδορίᾳ,
3409 4607 3609 4676 λέγων·
3647 4611 3722 4662 El
3766 4603 3846 4677 ἦν

592 4698 848 4761 honoras,
904 4695 1124 4751 dicens:
1167 4695 1224 4751 Si
1275 4710 1403 4753 esset
1461 4701 1733 4769 propheta,
1791 4701 1942 4753 sciret
1979 4706 2163 4771 utique

591 4803 708 4857 qua’
737 4798 783 4842 et
813 4788 986 4859 qualis
1042 4799 1115 4843 est
1176 4790 1362 4844 mulier
1410 4807 1526 4860 qua:
1570 4794 1737 4862 tangit
1783 4808 1920 4846 eum.
1971 4792 2158 4847 Miser!

594 4889 877 4948 propterea
943 4883 1066 4951 quia
1116 4897 1222 4937 non
1277 4883 1454 4953 arguit
1505 4893 1591 4939 tua
1653 4883 1814 4945 mala.
1845 4884 2163 4955 ignorantia:

592 4971 860 5026 damnas?
893 4968 1184 5043 Propterea
1217 4975 1342 5043 quia
1367 4983 1566 5030 tectum
1597 4985 1744 5030 tuum
1770 4975 2014 5045 pluribus
2035 4990 2157 5043 grav

593 5074 774 5119 ratum
811 5065 964 5122 malis
989 5067 1174 5131 subiit,
1205 5069 1481 5123 scientiam
1515 5068 1744 5123 adimis?
1796 5066 1871 5120 lta
1900 5082 1986 5130 ne,
2019 5069 2161 5135 quod

590 5157 868 5228 rogaveris
902 5168 958 5212 ut
981 5158 1207 5213 intraret
1230 5160 1327 5215 sub
1359 5169 1553 5214 tectum
1581 5166 1757 5223 tuum,
1782 5168 1841 5212 ut
1863 5169 2038 5212 tecum
2067 5171 2161 5211 ac—

591 5251 886 5317 cumberet,
903 5250 1163 5305 uteduliis
1185 5251 1288 5306 tuis
1307 5251 1560 5321 adjicerct
1574 5265 1814 5312 manum,
1831 5264 1928 5304 nec
1945 5258 2162 5317 rogatus

590 5341 860 5408 abnuerit,
887 5358 1060 5397 .unum
1097 5343 1325 5413 aliquem
1351 5345 1417 5397 de
1454 5342 1634 5396 multis
1677 5337 2158 5396 arbitraris?Num

592 5446 719 5486 Vero
746 5433 935 5502 dignus
967 5447 1110 5499 eras,
1149 5443 1205 5486 ut
1231 5433 1464 5502 hospitio
1521 5432 1683 5486 Deum
1733 5432 2032 5501 cxciperes,
2067 5437 2160 5484 aut

592 5524 639 5574 ei
672 5538 888 5590 parares
917 5539 1183 5590 mensam,
1235 5525 1326 5595 qui
1376 5539 1614 5579 mensam
1667 5524 1874 5593 paravit
1901 5524 1952 5578 in
1975 5523 2160 5577 deser-

594 5623 647 5664 to
678 5612 762 5664 ὀἳ
807 5612 1010 5669 .Verum
1055 5633 1176 5672 cum
1234 5617 1566 5687 propensiori
1627 5617 1678 5672 in
1737 5617 1982 5671 homines
2015 5624 2161 5670 esset

591 5701 805 5768 alie-ctu,
848 5722 952 5760 non
983 5708 1303 5764 detrectavit
1337 5718 1395 5762 ut
1429 5724 1458 5763 a
1490 5711 1603 5766 suis
1658 5710 1772 5782 ipse
1824 5708 2036 5764 famulis
2067 5722 2160 5778 po-

663 5879 707 5912 "
740 5878 1008 5952 lsa.t.xvt,
1063 5887 1112 5939 l.

1194 5887 1232 5917 ”
1263 5885 1402 5944 Psal.
1434 5903 1583 5960 uxr,
1619 5887 1669 5942 9.
1751 5890 1792 5920 '9
1821 5888 1973 5942 Joan.
2018 5901 2134 5947 xm,
2165 5887 2254 5942 '23.

2271 4702 2601 4772 προφήτης.
2631 4704 2962 4772 ἐγίνωσκεν
2990 4703 3065 4756 ἂν
3085 4704 3175 4769 τίς
3206 4703 3304 4757 καὶ
3331 4702 3569 4770 ποταπὴ
3597 4703 3635 4771 ἠ
3664 4700 3842 4771 γυνὴ,

2273 4795 2312 4861 ἢ
2344 4813 2432 4860 τις
2474 4793 2723 4849 ἅπτεται
2772 4795 2979 4850 αὑτοῦ.
3036 4796 3250 4848 "Allius!
3300 4795 3487 4865 ἐπειδὴ
3536 4795 3604 4847 τά
3651 4794 3718 4847 σὰ
3748 4794 3845 4848 οὑκ

2273 4885 2464 4958 ἣλεγξε
2512 4886 2678 4952 κακά,
2720 4887 2941 4954 ἄγνοιαν
2975 4887 3138 4940 αὑτοῦ
3187 4887 3569 4958 καταφηφίζῃς
3629 4888 3846 4960 Ἐπειδὴ

2271 4981 2370 5048 τὴν
2391 4980 2604 5044 πολλοῖς
2629 4983 2816 5044 κακοῖς
2839 4981 3042 5050 βεϐαρη
3051 4980 3216 5050 μένην
3241 4999 3334 5034 σου
3364 4981 3561 5049 στέγην
3588 4981 3842 5053 ὑπῆλθεν,

2273 5075 2518 5144 ἀναιρεῖς
2570 5073 2733 5126 αὑτοῦ
2777 5072 2874 5142 τὴν
2913 5073 3140 5140 γνῶσιν;
3195 5072 3332 5124 Ἀλλ’
3373 5073 3559 5140 ἐπειδὴ
3608 5074 3846 5144 ἠξίωσας

2270 5162 2429 5215 αὑτὸν
2460 5161 2558 5232 τὴν
2591 5161 2688 5232 σὴν
2734 5161 2985 5214 ὑπελθεῖν
3027 5161 3262 5232 στέγην,
3311 5163 3664 5236 ἀνακλιθῆναι
3712 5163 3844 5235 μετά

2270 5251 2387 5316 σοῦ,
2431 5252 2526 5305 καὶ
2560 5253 2715 5321 χεῖρα
2749 5250 3059 5304 ἐπιϐάλλειν
3102 5253 3212 5315 τοῖς
3262 5253 3524 5325 ἐδέσμασί
3564 5271 3689 5318 σου,
3749 5257 3842 5307 ἐπ-

2268 5340 2454 5395 ένευσε
2485 5342 2578 5394 καὶ
2592 5342 2691 5393 οὑκ
2711 5339 3041 5411 ἀπηξίωσεν,
3069 5341 3164 5394 ’ένα
3201 5344 3363 5397 αὑτὸν
3387 5345 3493 5398 τῶν
3525 5344 3733 5398 πολὶῶν
3758 5361 3842 5397 νο-

2271 5433 2481 5504 μίζεις
2525 5432 2705 5496 ’Λξιος
2737 5432 2793 5484 δὲ
2825 5429 2967 5502 ἦσθα
2995 5433 3346 5506 ξενοδοχῆσαι
3378 5438 3531 5501 Θεὸν,
3574 5437 3606 5506 ἢ
3639 5437 3842 5507 τράπεθ

2269 5525 2367 5588 ζαν
2397 5525 2705 5597 παραϐῆναι
2736 5525 2812 5597 τῷ
2847 5525 3186 5596 ἐτοιμάζοντι
3220 5529 3494 5601 τράπεζαν
3535 5530 3591 5580 ἐν
3620 5529 3839 5599 ἐρήμῳς

2282 5616 2440 5668 Ἀλλά
2467 5615 2846 5685 φιλάνθρωπος
2877 5615 2972 5682 ὢν,
2997 5619 3057 5671 οὑ
3089 5623 3443 5691 παρῃτήσατο
3469 5617 3561 5670 καὶ
3591 5620 3723 5690 παρ’
3748 5617 3841 5671 αὑο

2269 5706 2378 5760 τῶν
2405 5707 2512 5760 τῶν
2543 5707 2768 5761 οίκετῶν
2812 5707 2961 5778 πόμα
3007 5709 3099 5762 καὶ
3143 5708 3310 5761 σιτίον
3356 5707 3739 5774 ὑποδέξασθαι.
3777 5707 3840 5762 Tt

2338 5887 2538 5943 “Joan
2615 5903 2666 5941 Iv
2699 5929 2711 5952 ,
2768 5888 2852 5942 19.
2933 5891 2978 5920 ὀ
3039 5887 3207 5942 Exod.
3247 5887 3472 5955 “1,15.
