4118 6452
543 456 613 513 83
1539 456 1599 512 S.
1640 454 2088 512 AMPIIILOCHII
2127 451 2510 510 lCONlENSIS
2546 451 2856 510 EPiSCOPl
3083 459 3102 491 ⁴
3743 449 3817 509 84

541 576 612 631 tis
635 574 771 631 male
802 574 990 630 habuit
1012 575 1274 630 femineus
1302 591 1465 631 sexus
1494 593 1507 629 :
1539 591 1607 631 ne
1638 575 1762 644 quis
1784 576 2070 646 prohibeat
2097 616 2112 640 ,

2247 581 2481 645 lpwmv;
2515 570 2817 642 Αύτάρκως
2850 569 3026 640 ἔκαμε
3076 568 3136 622 τὸ
3186 569 3296 623 τῶν
3332 567 3608 637 γυναικῶν
3633 569 3813 638 γένος·

541 684 650 735 quo
693 671 872 723 minus
909 667 1071 721 salva:
1117 668 1245 722 ﬁant
1281 688 1293 723 :
1329 684 1396 723 uc
1445 668 1568 738 quis
1618 668 1689 722 illi
1735 666 1992 723 molestus
2031 664 2121 733 sit,

540 776 661 828 qua:
704 757 877 814 fessos
908 770 1127 830 propter
1161 760 1329 829 ipsam
1373 760 1440 814 ab
1487 758 1684 813 itinere
1723 773 1889 829 super
1925 769 2122 813 terram

540 853 702 921 pedes
759 850 907 904 lavit.
969 848 1110 903 Nam
1157 866 1357 917 semper
1400 864 1650 918 pauperes
1705 849 1904 902 habetis
1952 849 2149 902 uobis--

542 960 660 997 cum
689 944 755 998 ".
786 944 959 999 Etiam
997 959 1116 999 cum
1159 943 1482 1013 pauperibus
1509 958 1599 997 me
1625 943 1873 1011 accipite.
1900 942 2124 1012 PrOpter

544 1051 641 1091 vos
671 1038 836 1098 enim,
862 1051 1003 1103 deum
1028 1035 1181 1091 dives
1210 1049 1406 1099 essem,
1448 1035 1623 1089 factus
1654 1050 1772 1089 sum
1808 1050 2030 1104 pauper,
2069 1044 2128 1088 ut
2174 1060 2177 1063 -

546 1142 641 1183 vos
671 1142 787 1181 mea
821 1136 1146 1197 paupertate
1170 1127 1476 1181 ditaremini
1506 1125 1572 1180 ".
1612 1125 1694 1180 Me
1723 1127 2003 1191 occiditis,
2035 1142 2129 1183 ne-

546 1231 654 1286 que
687 1233 886 1272 accuso
924 1235 939 1273 :
981 1232 1067 1272 nte
1102 1216 1187 1270 illa
1221 1216 1512 1286 sepultura:
1550 1215 1746 1281 tradit,
1794 1223 1849 1269 et
1881 1231 2128 1269 murmu-

548 1309 718 1364 ratis?
765 1308 977 1364 Mittens
1006 1310 1142 1364 enim
1171 1311 1282 1363 licet:
1311 1318 1633 1378 unguenlum
1655 1308 1708 1360 in
1728 1323 1913 1374 corpus
1936 1323 2126 1371 meum,

545 1402 617 1454 ad
652 1400 1003 1470 sepeliendum
1039 1415 1119 1454 me
1154 1400 1276 1468 fecit
1306 1400 1372 1456 ³⁷.
1409 1399 1524 1455 Non
1557 1401 1784 1469 pudore,
1814 1396 1949 1453 Juda
1973 1439 1988 1462 ,
2018 1397 2131 1452 suf—

548 1491 810 1557 funderis,
855 1493 996 1563 quod
1051 1494 1198 1557 haec,
1253 1507 1376 1546 cum
1416 1492 1485 1546 sit
1537 1490 1836 1561 peccatrix,
1893 1504 1978 1544 me
2027 1506 2129 1542 un-

548 1588 764 1654 guentis
798 1585 1059 1649 honoret;
1097 1592 1149 1636 tu
1200 1597 1351 1647 vero,
1405 1581 1497 1650 qui
1538 1582 1615 1636 sis
1657 1580 1953 1649 apostolus,
2006 1595 2133 1633 ven-

2234 664 2423 736 μηδεὶς
2474 662 2657 718 αὐτῶν
2704 662 2805 734 τὴν
2854 660 3130 735 σωτηρίαν
3181 659 3524 732 ὲμποδιζέτω
3548 676 3562 691 °
3629 662 3819 735 μηδεὶς

2232 754 2483 810 κοπούτω
2519 753 2618 825 τὴν
2643 753 2915 808 λούσασαν
2964 753 3121 825 μύρῳ
3160 754 3289 816 τοὺς
3320 752 3488 816 πόδας
3512 742 3640 818 τοῦς
3679 754 3819 827 ὑπὲρ

2231 847 2402 917 αὐτῆς
2433 845 2755 916 βαδίσαντας
2803 846 2897 898 ἐπὶ
2924 846 3022 916 τῆς
3047 846 3171 916 γῆς.
3217 843 3359 909 Τοὺς
3400 846 3677 914 πτωχοὺς
3707 845 3821 916 τὰρ

2231 938 2488 993 πάντοτε
2513 938 2683 1007 ἔχετε
2707 939 2836 1007 μεθ’
2860 936 3111 992 ἑαυτῶν.
3146 936 3357 991 Λάϐετε
3391 939 3537 1009 κάμὲ
3565 940 3657 992 καὶ
3684 939 3823 1009 μετά

2234 1028 2486 1100 πτωχῶν.
2519 1028 2597 1081 Δι’
2631 1029 2776 1097 ὑμᾶς
2807 1026 2917 1098 γάρ
2957 1026 3279 1098 ὲπτώχευσα
3316 1027 3571 1092 πλούσιος
3601 1026 3699 1091 ὢν,
3736 1028 3822 1082 ἵνα

2234 1120 2393 1190 ὑμεῖς
2425 1122 2489 1191 τῇ
2527 1121 2634 1191 ἐμῇ
2681 1119 2923 1191 πτωχείᾳ
2969 1119 3333 1191 πλουτήσητε.
3377 1120 3680 1191 Ἀναιρεῖτέ
3730 1138 3820 1192 με,

2234 1210 2330 1265 καὶ
2370 1211 2470 1264 οὐκ
2513 1209 2765 1279 ἐγκαλῶο
2819 1211 3135 1281 ὲνταφιάζει
3172 1228 3240 1282 με
3270 1210 3430 1283 αῦτη,
3480 1213 3575 1265 καὶ
3620 1212 3824 1281 γογγύ-

2235 1302 2359 1367 ζετε
2382 1322 2398 1371 ;
2427 1303 2718 1358 Βαλοῦσα
2741 1304 2850 1374 γὰρ
2873 1304 3029 1373 αὕτη
3054 1303 3121 1357 τὸ
3143 1307 3341 1374 μύρον
3359 1305 3459 1358 ἐπὶ
3489 1304 3597 1358 τοῦ
3628 1305 3824 1374 σώμα-

2234 1397 2340 1462 τός
2359 1413 2501 1465 μου,
2545 1396 2697 1465 πρὸς
2724 1378 2792 1450 τὸ
2825 1395 3182 1465 ἐνταφιάσαι
3210 1414 3288 1465 με
3325 1397 3680 1463 πεποίηκεν.
3709 1398 3825 1451 υύκ

2237 1487 2360 1558 αἰδῇ
2404 1483 2521 1551 οὖν,
2571 1487 2765 1551 Ἰούδα,
2807 1487 2889 1540 ὅτι
2926 1486 3062 1558 αὕτη
3102 1487 3222 1557 μὲν,
3272 1487 3595 1559 ἁμαρτωλὸς
3648 1483 3820 1554 οὖσα,

2242 1579 2432 1651 μύροις
2484 1597 2551 1650 με
2591 1581 2728 1651 τιμᾷ
2754 1598 2767 1610 -
2819 1580 2883 1633 σὺ
2925 1578 3018 1644 δὲ,
3059 1578 3357 1642 ἀπόστολος
3381 1577 3479 1645 ὢν,
3514 1579 3714 1652 πράσει
3757 1597 3825 1651 με

550 1675 752 1730 ditione
784 1674 1010 1743 injurius
1056 1674 1157 1728 lis?
1205 1674 1272 1727 Et
1315 1673 1511 1727 mulier
1549 1673 1788 1742 quidem,
1832 1682 1986 1741 parat
2013 1686 2134 1741 quae

2247 1670 2626 1744 καθυϐρίζειςς
2676 1672 2788 1727 Καὶ
2821 1673 2854 1744 ὴ
2894 1672 2994 1743 μὲν
3038 1671 3175 1744 γυνὴ
3203 1674 3272 1725 τὰ
3303 1673 3441 1745 πρὸς
3484 1672 3654 1742 τάφον
3685 1676 3826 1727 ἐτοι-

549 1772 797 1835 spectant
858 1764 926 1818 ad
980 1763 1351 1830 sepulturam;
1403 1762 1703 1830 discipulus
1748 1770 1929 1815 autem
1972 1760 2131 1815 morti

2247 1762 2427 1836 μάζει,
2450 1766 2479 1817 ὁ
2500 1765 2556 1818 δὲ
2586 1763 2836 1836 μαθητὴς
2856 1763 2933 1834 τῷ
2958 1762 3173 1835 θανάτῳ
3194 1764 3584 1836 παραδίδωσιν.
3622 1765 3829 1837 Ἀμαρ-

551 1856 738 1909 tradit.
784 1853 1067 1908 Peccutrix
1102 1865 1189 1908 est
1212 1855 1439 1921 mulier,
1477 1854 1603 1908 novi
1637 1873 1651 1909 :
1681 1861 1960 1919 caeterum,
2003 1852 2136 1906 nihil

2247 1853 2412 1917 τωλὸς
2444 1854 2592 1906 ἐστιν
2624 1855 2658 1925 ἡ
2689 1852 2848 1923 γυνὴ,
2877 1850 3022 1907 οἶδα·
3080 1853 3197 1907 ἀλλ’
3242 1854 3397 1907 οὐδὲν
3431 1851 3545 1925 εἷχέ
3599 1872 3689 1925 μοι
3722 1872 3827 1926 χασο

549 1946 653 2000 fuit
700 1955 895 2015 praeter
950 1943 1317 2014 lacrymarum
1378 1945 1609 2007 fontem,
1668 1945 1811 2012 quod
1864 1943 2133 1997 donaret:

2247 1946 2517 2018 ρίσασθαι,
2551 1946 2585 2015 ἢ
2612 1936 2795 2017 πηγὴν
2821 1945 3074 2017 δακρύων
3094 1963 3109 1977 ’
3146 1949 3296 2017 πηγῇ
3326 1946 3423 2018 τὴν
3452 1946 3634 2018 πηγὴν
3662 1946 3828 2017 εὐμε-

551 2034 754 2090 fontem
778 2033 929 2090 fonte
959 2035 1283 2091 benevolum
1304 2034 1533 2089 faciens.
1566 2034 1671 2089 Sed
1694 2045 1752 2088 et
1780 2045 2133 2104 unguentum,

2247 2037 2478 2102 νίζουσα.
2540 2038 2699 2092 Ἀλλά
2761 2038 2854 2091 καὶ
2901 2038 3250 2109 δοκιμάζεις,
3302 2040 3487 2103 άθλιε,
3516 2040 3589 2094 τὸλ
3628 2040 3823 2112 μύρον,

549 2127 763 2193 infelix,
819 2129 1049 2198 probas;
1116 2129 1210 2199 qui
1254 2128 1408 2183 dicas
1462 2135 1829 2182 trecentorum
1884 2127 2136 2181 denario-

2247 2131 2564 2217 τριακοσίων
2623 2130 2897 2203 δηναρίων
2953 2131 3162 2200 λέγων’
3223 2130 3537 2202 δοκιμάζεις
3594 2132 3671 2201 δὲ,
3731 2132 3830 2205 οὐχ

551 2235 671 2274 rum
694 2221 780 2275 ἐς
818 2222 1013 2292 probas
1044 2231 1246 2286 autem,
1275 2235 1380 2275 non
1426 2229 1485 2272 ut
1523 2220 1706 2277 laudes
1756 2218 1898 2273 illius
1927 2219 2138 2290 magni-

2247 2226 2329 2279 ίνα
2370 2223 2546 2294 αὐτῆς
2600 2224 2700 2294 τὴν
2756 2223 3161 2295 μεγαλοψυχίαν
3208 2224 3542 2297 ἐπαινέσῃς·
3575 2225 3659 2277 ὅτι
3708 2224 3830 2279 ὅλον

556 2311 856 2375 “centiam,
910 2327 1030 2381 qum
1090 2322 1262 2367 totum
1312 2313 1457 2381 quod
1506 2311 1781 2379 peccando
1827 2311 2140 2365 divitiarum

2247 2317 2332 2370 τὸν
2365 2317 2432 2369 ὲκ
2469 2314 2658 2369 κακῶν
2700 2314 3035 2387 συναχθέντα
3080 2315 3309 2369 πλοῦτον
3343 2315 3422 2380 εἰς
3454 2316 3621 2386 τιμὴν
3654 2315 3829 2387 μύρου

559 2401 876 2470 collegerat,
897 2402 951 2456 iu
985 2403 1244 2472 unguenti
1272 2403 1505 2472 pretium
1535 2402 1886 2470 insutupserit
1912 2418 1926 2455 :
1952 2403 2047 2457 sed
2087 2411 2145 2456 ut

2247 2406 2648 2462 κατανάλωσεν·
2675 2405 2789 2459 ἀλλ’
2818 2405 2907 2460 ἵνα
2933 2404 3220 2475 γογγύζων
3244 2404 3445 2479 δείξῃς,
3472 2405 3547 2469 ὡς
3570 2405 3832 2477 άπεύκτῳ

562 2493 954 2547 murmurando
980 2497 1255 2559 ostendas,
1286 2495 1338 2547 iu
1371 2508 1532 2563 quam
1567 2493 1744 2548 dirum
1775 2494 1996 2557 malum.
2029 2503 2144 2548 tau-

2247 2497 2581 2568 περιέπεσας
2640 2497 2820 2569 κακῷ,
2875 2499 3131 2552 τοσοῦτον
3191 2497 3513 2568 ζημιωθείς.
3575 2496 3715 2551 Ἀλλ’
3768 2497 3831 2550 ού

562 2594 677 2638 tum
709 2582 893 2637 damni
921 2598 1140 2653 passus,
1196 2584 1477 2640 incideris.
1530 2585 1730 2639 Verum
1782 2584 1917 2638 nihil
1965 2584 2142 2653 magni

2250 2590 2392 2662 μέγα
2417 2591 2465 2643 εί
2489 2591 2818 2661 τριακοσίων
2843 2590 3116 2663 δηναρίων
3157 2591 3412 2663 στέρησιν
3437 2591 3830 2661 δυσχεραίνεις,

563 2675 747 2741 fuerit,
783 2677 925 2743 quod
971 2677 1197 2731 moleste
1230 2676 1375 2731 feras
1405 2678 1635 2732 amissos
1668 2686 1946 2733 trecentos
1975 2678 2144 2731 deua-

561 2769 688 2831 rios,
721 2783 842 2822 cum
878 2770 1115 2839 acceptis
1162 2771 1380 2840 triginta
1415 2785 1502 2825 me
1532 2772 1815 2825 Dominum
1852 2782 2000 2824 tuum
2032 2780 2143 2825 tra-

559 2859 781 2916 dideris.
816 2860 958 2925 Quid
990 2860 1157 2927 enim,
1188 2862 1385 2928 inquit,
1417 2862 1578 2915 vultis
1615 2862 1742 2913 mihi
1771 2862 1920 2927 dare,
1970 2872 2017 2915 et
2053 2879 2145 2931 ego

560 2967 675 3004 eum
701 2951 844 3005 vobis
873 2951 1085 3005 tradam
1118 2952 1204 3004 ”?
1232 2951 1428 3005 Miser!
1464 2952 1668 3006 Servus
1697 2953 1982 3007 Dominum
2010 2968 2145 3007 veu-

560 3040 680 3094 dit?
709 3039 960 3095 lnversus
990 3051 1073 3096 est
1109 3042 1265 3096 ordo.
1321 3041 1391 3095 Et
1422 3042 1641 3110 quidem
1684 3056 1784 3112 ego
1827 3045 2044 3114 proprio
2096 3050 2148 3098 Ie

562 3129 825 3199 sanguine
849 3145 881 3185 a
904 3142 1130 3202 peccato
1172 3134 1381 3187 redimo
1416 3151 1431 3187 :
1471 3141 1526 3187 tu
1556 3142 1736 3188 autem
1775 3135 1841 3188 ad
1878 3136 1992 3190 lucc
2016 3150 2147 3189 ven-

563 3222 672 3287 dis,
716 3222 935 3295 triginta
987 3224 1202 3280 cbolis?
1260 3224 1529 3283 Praeterea
1575 3240 1724 3291 vero,
1768 3226 1930 3282 homo
1976 3227 2144 3281 Deum

565 3314 789 3370 vendit?
852 3318 1049 3372 Demus
1100 3332 1233 3373 vero
1287 3319 1430 3387 quod
1460 3319 1703 3373 vendat:
1739 3319 1863 3388 quis
1902 3317 2149 3388 emptor?

565 3406 763 3474 Quanti
799 3422 927 3462 vero
956 3409 1078 3478 quis
1102 3410 1266 3463 Deum
1299 3409 1525 3465 emerit?
1574 3409 1718 3476 Quid
1761 3421 1941 3465 autem
1983 3410 2150 3465 etiam

567 3514 685 3555 rem
710 3499 844 3554 facis
867 3499 990 3555 vilis
1016 3501 1213 3571 pretii?
1242 3502 1333 3557 Sic
1363 3515 1451 3567 ue,
1478 3502 1699 3570 triginta
1725 3502 1852 3571 quis
1877 3502 2152 3571 argenteis

568 3592 736 3647 Deum
770 3591 823 3646 in
855 3591 1029 3647 forma
1069 3593 1329 3656 humana,
1370 3602 1427 3647 ut
1455 3608 1704 3658 servum,
1741 3602 1798 3647 ut
1839 3593 2146 3659 barbarum,

568 3684 791 3739 vendit?
836 3684 1042 3739 Saltem
1081 3685 1384 3751 disceruas,
1418 3687 1606 3757 quanti
1635 3685 1805 3741 Deum
1837 3685 2150 3739 inhabitan-

571 3788 714 3842 tem;
745 3777 931 3846 quanti
963 3776 1233 3832 hominem
1271 3778 1364 3849 qui
1394 3786 1572 3848 paret,
1614 3778 1770 3834 facis.
1820 3775 1961 3839 Quid
1997 3773 2149 3836 mihi,

570 3868 767 3937 inquit,
794 3867 950 3922 uultis
983 3869 1155 3926 dare?
1201 3867 1285 3925 Tu
1320 3871 1447 3939 quid
1474 3871 1557 3924 vis
1587 3864 1875 3937 accipere?
1914 3863 2046 3917 Nam
2077 3862 2152 3917 illi

568 3959 703 4013 nihil
743 3958 942 4015 habent
995 3961 1144 4026 dare,
1209 3962 1352 4030 quod
1409 3962 1571 4029 digne
1625 3958 1734 4011 Deo
1790 3954 2149 4023 responderit.

553 4050 641 4104 νιίι
676 4052 1055 4107 constituerunt
1108 4054 1212 4119 illi,
1262 4051 1459 4121 inquit,
1495 4047 1715 4117 triginta
1765 4055 2041 4117 argenteos
2081 4047 2147 4101 ³⁸.

570 4143 653 4197 Au
683 4144 805 4213 quis
850 4147 1118 4201 medicum
1168 4143 1339 4213 gratis
1387 4132 1673 4197 curantem
1712 4140 1936 4211 triginta
1976 4140 2152 4196 obolis

570 4235 793 4291 vendit?
835 4236 1124 4300 Medicum,
1180 4235 1422 4305 inquam,
1470 4234 1560 4302 qui
1596 4235 1758 4291 caecis
1805 4236 1898 4289 dat
1928 4237 2149 4290 visum:

571 4325 663 4394 qui
713 4325 783 4380 ad
826 4339 1046 4381 cursum
1082 4324 1307 4379 claudos
1361 4324 1565 4395 erigit?
1619 4322 1745 4379 Haec
1787 4325 1932 4389 dico,
1986 4334 2046 4379 ut
2099 4331 2155 4378 te

2246 2683 2382 2736 ὅπου
2427 2698 2492 2751 γε
2537 2681 2835 2755 τριάκοντα
2877 2682 3080 2746 λαϐὼν,
3114 2680 3313 2734 ἀπέδου
3368 2699 3433 2752 με
3464 2680 3554 2736 τὸν
3604 2682 3831 2752 Κύριον.

2251 2775 2314 2829 Τί
2347 2774 2477 2848 γὰρ,
2508 2775 2662 2846 φησι,
2704 2772 2907 2830 θέλετέ
2944 2793 3046 2845 μοι
3072 2774 3310 2839 δοῦναι,
3349 2772 3510 2839 κάγὼ
3537 2773 3682 2842 ὑμῖν
3719 2787 3834 2826 πα-

2242 2863 2500 2932 ραδώσω
2537 2867 2744 2919 αὐτόν.
2800 2863 3018 2918 Ἀθλιεὶ
3071 2863 3266 2927 Δοῦλος
3312 2861 3589 2932 Δεσπότην
3629 2858 3832 2924 πωλεῖ;

2262 2956 2716 3028 Ἀντέτραπταιὴ
2750 2954 2924 3020 τάξιςο
2961 2955 3055 3009 καὶ
3082 2954 3192 3024 ἐγὼ
3222 2954 3319 3026 μὲν
3350 2954 3411 3008 σὲ
3435 2954 3533 3024 τῆς
3561 2952 3836 3024 ἁμαρτίας

2248 3045 2326 3117 τῷ
2377 3047 2563 3118 οἰκείῳ
2600 3045 2848 3117 ὠνοῦμαι
2899 3047 3128 3117 αἵματι,
3182 3047 3252 3100 σὺ
3303 3044 3361 3100 δὲ
3424 3045 3492 3115 μὲ
3538 3043 3837 3116 τριάκοντα

2250 3139 2599 3210 ὲπεμπωλεῖς
2650 3138 2894 3206 ὀϐολῶνς
2946 3135 3079 3192 Εἶτα
3122 3139 3180 3191 δὲ
3207 3135 3319 3208 (76)
3366 3135 3652 3207 ἄνθρωπος
3701 3133 3836 3187 Θεὸν

2253 3230 2452 3296 πωλεῖ;
2482 3229 2726 3284 Δεδόσθω
2769 3230 2866 3297 δὲ,
2915 3230 2996 3284 ὅτι
3044 3231 3244 3284 πωλεῖ·
3293 3229 3376 3293 τίς
3419 3229 3448 3280 ὁ
3485 3224 3833 3297 ὠνούμενοςς

2253 3322 2420 3376 πόσου
2445 3323 2502 3377 δέ
2528 3341 2612 3388 τις
2640 3318 2903 3396 ἀγοράσει
2930 3322 3063 3378 Θεόν
3093 3342 3106 3387 ;
3144 3322 3198 3376 τί
3224 3321 3281 3374 δὲ
3311 3321 3405 3373 καὶ
3437 3318 3636 3372 εὔωνον
3662 3319 3838 3380 ποιεῖς

2250 3414 2312 3469 τὸ
2340 3417 2604 3487 πρᾶγμα;
2645 3415 2941 3488 τριάκοντά
2981 3430 3067 3475 τις
3107 3411 3387 3482 ἀργυρίων
3424 3409 3557 3462 Θεὸν
3584 3408 3754 3463 πωλεῖ
3780 3410 3838 3462 ὲν

2229 3506 2542 3580 ’ἀνθρώπου
2590 3509 2794 3577 μορφῇ,
2841 3504 2917 3566 ὡς
2964 3503 3203 3572 οἰκέτην,
3246 3501 3322 3565 ὡς
3364 3500 3672 3572 βάρδαρον;
3734 3498 3837 3554 κᾶν

2252 3600 2548 3671 διάκρινον,
2579 3597 2746 3649 πόσου
2784 3595 2884 3665 μὲν
2915 3595 3007 3649 τὸν
3035 3592 3348 3648 ἐνοικοῦντα
3372 3593 3526 3658 Θεὸν,
3562 3593 3732 3647 πόσου
3778 3592 3836 3647 δὲ

2251 3690 2345 3743 τὸν
2373 3688 2698 3759 φαινόμενον
2716 3686 3001 3759 ἄνθρωπον
3018 3704 3031 3718 ·
3064 3687 3125 3740 Τί
3142 3704 3268 3756 μοι,
3295 3686 3450 3759 φησὶ,
3476 3686 3679 3743 θέλετε
3708 3685 3839 3739 δοῦ·

2252 3781 2474 3843 ναι;Σὺ
2511 3779 2564 3833 τί
2596 3777 2771 3843 θέλεις
2799 3776 2985 3832 λαϐεῖν
3014 3793 3029 3808 ο
3066 3780 3265 3832 ἐκεῖνοι
3309 3779 3419 3853 γὰρ
3465 3780 3616 3833 οὐδὲν
3654 3777 3838 3849 ἔχουσι

2251 3870 2434 3927 δοῦναι
2464 3872 2716 3939 ἀντάξιον
2761 3870 2918 3925 Θεοῦ.
2967 3871 3079 3926 Καὶ
3121 3870 3401 3939 ἔστησαν
3436 3869 3630 3936 αὐτῷ,
3680 3868 3836 3939 φησι,

2253 3964 2575 4034 τριάκοντα
2603 3965 2870 4034 ἀργύρια.
2915 3962 3222 4034 Τριάκοντα
3251 3962 3454 4016 ὀϐολῶν
3492 3960 3723 4032 ἀμισθόν
3752 3976 3838 4026 τις

2256 4055 2441 4129 ἰατρὸν
2487 4055 2690 4122 πωλεῖς
2727 4053 2910 4124 ἰατρὸν
2938 4053 3174 4124 τυφλοὺς
3202 4049 3556 4123 ὁμματοῦντα
3575 4094 3589 4118 ,
3627 4049 3840 4121 χωλοὺς

2253 4146 2391 4219 πρὸς
2416 4146 2615 4218 δρόμον
2655 4146 2957 4218 ἐγείροντα.
2989 4140 3176 4199 Ταῦτα
3213 4144 3377 4214 λέγω,
3438 4144 3525 4199 ἵνα
3568 4161 3662 4198 σου
3704 4160 3838 4197 κατ-

2248 4241 2445 4311 ηχήσω
2464 4239 2561 4312 τὴν
2586 4238 2848 4305 διάνοιαν,
2875 4240 2956 4292 ὅτι
2984 4240 3187 4301 κόπους
3218 4237 3475 4310 παρέχεις
3493 4238 3559 4307 τῇ
3589 4234 3836 4304 γυναικί’

2254 4331 2335 4386 ὅτι
2366 4331 2457 4387 τὸν
2502 4334 2561 4385 ὲν
2607 4334 2824 4403 νεκροῖς
2851 4329 3158 4401 ἐλεύθερον,
3192 4329 3287 4382 καὶ
3327 4327 3435 4399 πρὸ
3476 4325 3572 4379 τοῦ
3604 4325 3839 4379 θανάτου

512 4492 527 4513 κ
569 4417 841 4482 erudiam,
875 4418 967 4486 qui
994 4415 1253 4471 molestus
1307 4410 1646 4482 es’mulieri,
1700 4419 1845 4488 quod
1898 4432 2021 4472 eum
2061 4417 2145 4485 qui

2254 4424 2330 4487 ὼς
2360 4423 2553 4495 νεκρὸν
2579 4423 2841 4494 ἐτίμησεν
2865 4438 2878 4451 ·
2912 4421 3108 4476 ὅτιδιά
3138 4419 3234 4474 τοῦ
3280 4420 3477 4491 μύρου,
3508 4418 3607 4488 τῆς
3638 4417 3838 4487 ταφῆς,

571 4523 658 4568 est
689 4514 832 4566 inter
862 4517 1105 4566 mortuos
1135 4510 1273 4566 liber
1289 4511 1358 4575 ⁸⁸,
1379 4513 1546 4567 etiam
1575 4522 1701 4568 ante
1728 4521 1981 4576 mortem,
2007 4510 2145 4566 velut

2255 4519 2349 4571 καὶ
2376 4517 2479 4588 τῆς
2513 4517 2861 4581 ἀναστάσεως
2882 4515 3001 4587 ’τὴν
3032 4515 3192 4588 χάριν
3224 4513 3638 4585 προεσήμανεν.
3680 4510 3843 4564 Ἀλλά

575 4613 873 4668 mortuum,
902 4602 1107 4658 honore
1139 4602 1415 4671 aﬂ‘ecerit;
1456 4605 1600 4675 quod
1631 4605 1942 4675 sepultura‘,
1977 4619 2145 4659 resur-

2257 4610 2322 4663 σὺ
2372 4609 2470 4680 μὲν
2525 4609 2736 4684 καρπὸν
2780 4608 2882 4679 τῆς
2929 4607 3220 4681 προδοσίας
3264 4606 3357 4659 τὸν
3414 4607 3623 4676 σχοῖνον
3668 4603 3840 4671 ἕξεις·

573 4694 941 4764 rectionisque
970 4692 1198 4763 gratiam
1226 4706 1499 4766 unguento
1526 4695 1990 4765 praenuntiaverit.
2037 4694 2153 4749 Ωιι-

498 4770 505 4777 ’
581 4801 779 4851 terum,
806 4786 900 4844 tibi
931 4786 1148 4857 quidem
1202 4787 1529 4857 proditionis
1558 4787 1791 4850 fructus,
1822 4785 1985 4843 restis
2005 4799 2157 4838 tuan.

580 4877 716 4932 serit
751 4877 795 4909 ³²
829 4895 843 4932 ι
876 4878 1032 4933 istius
1076 4887 1258 4933 autem
1311 4877 1595 4944 memoria,
1648 4879 1944 4946 ubicunque
1991 4875 2156 4942 fuerit

578 4954 1310 5041 pra'dicalum'Evangelium
1345 4970 1414 5036 ³³,
1448 4969 1768 5025 indelicieus
1795 4971 1921 5024 erit.
1960 4966 2107 5022 Dixlt
2138 4985 2153 5020 :

580 5070 769 5139 sicque
808 5068 1009 5124 factum
1048 5069 1230 5126 fuerit.
1264 5067 1398 5123 Nam
1447 5068 1684 5124 cessavit
1711 5066 1891 5120 Aaron
1923 5072 1976 5117 et
2003 5061 2158 5117 Elea-

583 5162 695 5219 ιητὶ
742 5170 1070 5230 unguentum
1098 5202 1114 5227 ,
1148 5175 1427 5230 cornuque
1457 5159 1619 5215 desiit
1648 5177 1661 5213 :
1694 5168 1749 5211 at
1780 5155 1941 5226 hujus
1980 5155 2163 5208 alaba—

584 5267 776 5319 strum,
818 5254 918 5310 toti
954 5268 1069 5308 aevo
1106 5262 1475 5320 coextentum,
1517 5251 1855 5311 inexhausta:
1882 5245 2163 5302 memoriae

587 5347 934 5414 l‘rugrantiam
970 5346 1153 5402 habet.

663 5435 726 5491 Χ.
776 5437 845 5492 Ει
884 5440 955 5494 ita
986 5437 1202 5509 quidem
1231 5435 1462 5502 Judam;
1507 5440 1932 5489 murmurantem
1980 5436 2159 5483 autem

587 5527 921 5586 Pharisteum
959 5531 1063 5587 hoc
1093 5539 1252 5601 pacto
1280 5530 1532 5586 Christus
1556 5526 1752 5583 affatus
1795 5532 1879 5581 est
1907 5543 1921 5581 :
1954 5520 2159 5590 Simon,

2257 4700 2462 4772 ταύτης
2473 4700 2529 4754 δὲ
2546 4703 2580 4773 ἡ
2601 4701 2809 4773 μνήμη,
2822 4701 2975 4755 ὅπου
2993 4700 3071 4754 ἂν
3088 4697 3364 4768 κηρυχθῇ
3372 4698 3438 4753 τὸ
3452 4694 3841 4767 Edam-ator,

2261 4792 2643 4858 ἀνεξάλειπτός
2670 4793 2838 4846 ἐστιν.
2875 4787 3011 4846 Eine
3031 4832 3046 4858 ,
3073 4791 3169 4846 καὶ
3199 4791 3416 4861 ἐγένετο
3456 4789 3616 4861 ἔργον
3651 4786 3842 4849 οὕτως.

2263 4885 2387 4939 Ὅτι
2417 4882 2478 4938 τὸ
2506 4883 2601 4938 τοῦ
2646 4882 2879 4956 Ἀαρὼν,
2910 4885 2972 4939 τὸ
3000 4883 3094 4938 τοῦ
3138 4882 3402 4954 Ἐλεάζαρ
3432 4881 3709 4934 πέπαυται
3743 4877 3845 4949 μύ-

2265 4991 2375 5045 ρον,
2405 4976 2500 5029 και
2531 4975 2593 5028 τὸ
2629 4976 2795 5047 κέρας
2825 4976 3061 5047 ἤργησε.
3118 4973 3192 5027 Τὸ
3222 4973 3280 5026 δὲ
3324 4969 3668 5042 ἀλάϐαστρον
3708 4966 3843 5023 ταύ-

2260 5085 2363 5140 της
2420 5069 2585 5123 παντὶ
2612 5069 2689 5140 τῷ
2714 5068 2872 5122 αἰῶνι
2896 5066 3393 5131 συνεπεκτείνεται,
3421 5063 3695 5119 άκένωτον
3723 5062 3843 5133 ἔχον

2261 5159 2361 5230 τῆς
2392 5161 2613 5231 μνήμης
2638 5159 2738 5230 τὴν
2764 5158 3012 5213 εὐωδίαν.

3583 5352 3619 5377 υ

2344 5421 2397 5477 l'.
2439 5422 2596 5477 Ἀλλά
2634 5423 2767 5495 πρὸς
2812 5422 2909 5494 μὲν
2928 5423 3018 5477 τὸν
3052 5421 3249 5477 Ἰούδαν
3269 5422 3444 5487 οὕτω,
3495 5420 3629 5492 πρὸς
3673 5416 3729 5471 δὲ
3754 5414 3845 5481 τὸν

2269 5518 2561 5588 Φαρισαῖον
2585 5515 2924 5585 γογγύζοντα
2950 5515 3185 5588 Χριστὸς
3217 5514 3390 5578 οὕτως
3418 5512 3590 5579 ἔλεγε*
3627 5506 3846 5576 Σίμωνι

661 5706 707 5736 ’⁸
736 5704 924 5760 Matth.
948 5710 1189 5772 xxvt,li.
1269 5710 1314 5740 ”
1344 5708 1385 5761 Il
1412 5708 1537 5761 Cor.
1571 5723 1688 5767 vm,
1715 5705 1770 5760 9.
1845 5706 1890 5738 ’⁷
1927 5704 2117 5759 Matth.

2247 5721 2306 5760 ει.
2344 5698 2447 5772 12:
2507 5699 2553 5731 "
2575 5699 2736 5753 Marc.
2764 5697 2947 5759 x1v,5.
3023 5699 3068 5731 ²⁹
3094 5694 3282 5751 Matth.
3311 5706 3458 5757 xxvi,
3480 5687 3565 5744 15.
3645 5685 3691 5721 ³⁸
3718 5684 3847 5743 ihid.

593 5773 637 5809 "
689 5776 829 5830 Psal.
879 5769 1116 5844 Lxxxvn,
1167 5781 1220 5833 6.
1295 5780 1338 5809 ³³
1366 5779 1556 5832 Matth.
1586 5793 1753 5840 xvvn,
1917 5776 1960 5807 ³³
1992 5775 2178 5831 Matth.
2207 5787 2354 5833 xxvi,
2385 5769 2467 5825 15.

690 5895 777 5969 Tb)
804 5892 947 5951 Εἶτα
985 5896 1066 5950 δέ.
1099 5895 1284 5953 Montl.
1320 5897 1367 5949 εἰ
1393 5896 1467 5951 δέ.
