4118 6492
316 432 382 486 85
1325 439 1583 500 ORATIO
1623 443 1689 499 IN
1729 444 2093 500 MULIEREM
2132 447 2637 505 I’ECCATRICEM.
3504 452 3579 512 86

316 544 427 635 ἔχω
456 546 568 598 σοί
594 564 647 600 τι
673 551 884 605 εἰπεῖν.
914 556 977 608 Ὢ
1002 555 1222 626 χάριτος
1241 556 1472 625 ἁφάτουῑ
1511 558 1575 610 Ὢ
1604 560 1901 631 φιλανθρω-

2004 562 2168 619 habeo
2197 565 2291 618 tibi
2318 565 2520 634 aliquid
2566 566 2758 619 dicere.
2795 556 2840 620 Ο
2874 564 3200 622 inell‘abilem
3230 566 3491 635 gratiam!
3530 568 3577 626 0

312 632 436 696 πίας
476 636 772 706 ἀρῤήτουί
826 640 959 706 Θεὸς
990 645 1084 698 καὶ
1127 645 1412 716 ἄνθρωπος
1449 648 1901 718 κοινολογοῦνται,

312 727 400 780 καὶ
449 726 762 799 προτίθησι
813 733 1103 806 πρόϐλημα
1129 775 1145 799 ,
1192 736 1396 791 κανόνα
1448 737 1861 811 φιλανθρωπίας
1885 781 1902 807 ,

308 814 514 870 ἐκλύων
561 819 742 873 αὐτοῦ
790 823 900 894 τὴν
931 825 1214 897 πονηρίαν.
1253 827 1467 896 Σίμων,
1517 828 1662 900 γὰρ,
1716 830 1903 902 φησὶν,

308 908 421 977 ἔχω
445 913 561 965 σοί
591 931 659 966 τι
687 916 900 970 είπιτεῒν⁸
932 919 960 971 ὃ
991 920 1182 991 μηδενὶ
1207 922 1316 976 τῶν
1352 921 1598 976 παλαιῶν
1628 919 1807 990 εἶπον,
1841 926 1903 978 οὐ

311 1006 665 1077 τατριάρχῃ,
696 1008 757 1061 οὐ
784 1012 1058 1083 προφήτῃ,
1082 1014 1146 1066 οὐ
1167 1013 1451 1088 νομοθέτῃ.
1486 1015 1620 1068 Τότε
1650 1017 1750 1086 μὲν
1772 1016 1900 1087 γὰρ,

304 1094 633 1166 ὀφθαλμὸν
646 1098 784 1153 ἀντὶ
805 1101 1130 1171 ὀφθαλμοῦ,
1145 1104 1245 1159 καὶ
1265 1105 1485 1160 ὀδόντα
1504 1108 1640 1161 ἀντὶ
1659 1108 1906 1176 ὀδόντος

302 1187 556 1259 ἐζήτουν,
588 1191 664 1245 τὸ
690 1190 899 1246 δίκαιον
920 1193 1198 1248 ἀπαιτῶν·
1229 1196 1343 1249 ἀλλ’
1375 1196 1561 1269 ἐπειδὴ
1585 1199 1643 1251 οὺ
1675 1197 1903 1252 δύνασθε

301 1279 483 1348 φέρειν
532 1282 604 1336 τὸ
663 1282 890 1350 δίκαιον,
933 1284 1095 1356 χάριν
1132 1287 1439 1356 ἀντεισάγω
1484 1287 1563 1359 τῷ
1594 1289 1774 1360 νόμῳ,
1809 1292 1904 1345 καὶ

300 1369 575 1441 ἁλάλητόν
630 1390 717 1426 σοι
762 1377 1059 1446 μυστήριον
1102 1377 1233 1450 ἐρῶ.
1303 1377 1368 1434 '0
1405 1379 1473 1433 δέ
1491 1396 1682 1449 φησν
1732 1380 1903 1435 Διδά-

297 1467 512 1527 σκαλε,
545 1465 718 1523 εἰπέ.
750 1468 866 1521 Δύο
908 1471 1327 1539 χρεωφειλέτου
1354 1471 1530 1541 ἦσαν
1572 1472 1664 1527 ἐνὶ
1707 1472 1899 1542 ἀνδρί.

301 1552 443 1622 Ὅρα
475 1555 637 1609 Θεοῦ
685 1556 899 1626 σοφίαν.
948 1559 1260 1633 Ἀποσιωπᾷ
1287 1561 1385 1634 τὴν
1414 1566 1648 1632 γυναῖκα
1667 1604 1681 1628 ,
1714 1564 1799 1617 ἵνα
1827 1563 1904 1635 μὴ

295 1649 678 1721 κακουργήσῃ
727 1649 856 1719 περὶ
904 1650 1003 1720 τὴν
1055 1652 1367 1723 ἀπόκρισιν,
1443 1655 1505 1707 Ὁ
1568 1650 1675 1721 εἷς,
1714 1656 1901 1725 φησὶν,

295 1735 515 1804 ὤφειλε
542 1738 810 1807 δηνάρια
845 1744 1239 1797 πεντακόσιαο
1269 1747 1303 1799 ό
1328 1745 1397 1798 δὲ
1427 1744 1648 1815 ἕτερος,
1686 1746 1904 1814 πεντή-

295 1841 495 1879 κοντα.
533 1828 784 1900 Φοϐερὸς
822 1830 915 1883 τοῦ
945 1831 1278 1903 διηγήματος
1308 1816 1337 1887 δ
1372 1835 1593 1905 τρόπος.
1629 1836 1901 1907 Γραμμαο

2006 654 2436 723 ὶιιθχριίςιὺίιοιη
2508 655 2932 712 humanitatem!
2995 654 3348 713 Communem
3430 659 3574 715 Deus

2005 760 2127 797 cum
2180 745 2398 800 homine
2446 760 2751 802 sermonem
2803 746 2996 800 miscet
3034 764 3047 800 :
3083 746 3466 817 problemaque
3520 760 3577 805 ct

2017 831 2395 899 quaestionem,
2427 834 2668 902 regulam
2690 834 3043 889 humanitatis
3074 850 3403 904 proponens,
3434 838 3575 892 illius

2006 921 2270 975 malitiam
2303 922 2569 978 dissolvit.
2616 922 2804 980 Simon
2855 923 3018 987 enim,
3046 924 3242 995 inquit,
3274 926 3440 982 liabeo
3478 928 3574 983 tibi

2003 1013 2205 1083 aliquid
2242 1014 2449 1079 dicere;
2500 1016 2640 1085 quod
2680 1016 2810 1071 nulli
2846 1026 3088 1073 veterum
3133 1018 3244 1074 dixi
3280 1039 3294 1075 :
3333 1037 3438 1077 non
3484 1038 3578 1092 pa-

2007 1101 2302 1166 triarchae,
2356 1118 2462 1158 non
2528 1105 2836 1174 prophetia,
2902 1121 3007 1161 non
3061 1106 3375 1177 legislatori.
3428 1110 3577 1167 Tunc

2004 1192 2243 1260 quidem,
2279 1195 2584 1264 quaerebam
2631 1195 2838 1250 oculum
2880 1214 2976 1265 pro
3017 1197 3188 1266 oculo,
3224 1201 3426 1256 dentem
3475 1222 3568 1272 pro

2003 1282 2152 1338 dente
2200 1283 2247 1315 "
2276 1301 2290 1336 :
2319 1286 2459 1352 quod
2508 1284 2716 1349 justum
2764 1296 2883 1356 est,
2940 1288 3182 1358 exigens.
3244 1290 3378 1356 Quia
3431 1308 3563 1348 vero

2005 1387 2108 1426 non
2140 1375 2368 1441 potestis
2396 1376 2539 1432 ferre
2566 1377 2709 1446 quod
2736 1387 2822 1433 est
2850 1377 3092 1445 justum;
3134 1379 3254 1435 loco
3286 1380 3419 1451 legis
3450 1399 3573 1453 gra-

2007 1464 2135 1517 tiam
2192 1465 2422 1531 induco,
2497 1468 2700 1538 tibique
2763 1470 3125 1525 inenarrabile
3178 1484 3572 1529 sacramentum

2004 1554 2143 1610 dico.
2177 1559 2242 1609 At
2276 1556 2362 1609 ille
2395 1558 2468 1609 ait
2495 1574 2514 1611 :
2545 1557 2816 1627 Magister,
2845 1561 2950 1616 dic.
2989 1560 3104 1615 Duo
3143 1571 3294 1618 erant
3320 1563 3574 1619 debitores

2004 1647 2243 1702 obstricti
2276 1649 2370 1702 uni
2392 1650 2519 1703 viro.
2562 1648 2698 1704 Vide
2731 1652 2822 1705 Dei
2847 1653 3193 1720 sapientiam.
3220 1653 3427 1709 Reticet
3459 1670 3575 1710 mu-

2004 1735 2213 1803 lierem,
2252 1746 2311 1792 ut
2342 1754 2409 1794 ne
2458 1740 2527 1794 ad
2562 1740 2971 1808 responsionem
3016 1743 3235 1798 subdole
3268 1742 3567 1799 cavilletur.

2005 1825 2175 1893 Unus,
2213 1830 2406 1899 inquit,
2432 1831 2646 1885 debebat
2689 1831 2936 1885 denarios
2979 1833 3306 1901 quingentos,
3349 1844 3400 1889 et
3437 1835 3575 1889 alius

293 1917 432 1969 τεῖόν
476 1920 649 1973 ἐστιν
691 1923 719 1974 ὁ
764 1922 1029 1994 ἡμέτερος
1072 1923 1208 1993 βίος,
1251 1924 1498 1994 ἀοράτως
1537 1926 1764 1996 γράφων
1808 1929 1901 1981 καὶ

2003 1919 2409 1989 quinquaginta.
2472 1920 2755 1976 Terribilis
2817 1921 3148 1976 narrationis
3197 1923 3422 1990 species.
3485 1925 3578 1981 Eat

292 2005 642 2079 λογισμοὺς,
674 2013 769 2065 καὶ
795 2013 1049 2082 πράξεις,
1077 2014 1173 2066 καὶ
1194 2012 1494 2082 ὀφθαλμῶν
1525 2014 1902 2083 ρεμϐασμοὺς,

290 2104 381 2156 καὶ
418 2105 628 2177 ψυχῆς
656 2108 963 2178 κινήματα·
1001 2106 1140 2159 ἀλλὰ
1175 2106 1293 2158 λύει
1324 2106 1414 2157 τὸν
1451 2106 1616 2171 φόϐον
1646 2108 1675 2157 ὁ
1721 2106 1908 2175 φιλάνο

2005 2006 2214 2063 libellus
2274 2011 2504 2063 humana
2566 2012 2696 2075 vita,
2727 2011 3099 2080 inaSpectabili
3139 2012 3348 2066 ratione
3405 2022 3579 2067 etco-

2005 2097 2205 2163 gitatus
2263 2109 2318 2153 et
2377 2101 2620 2156 actiones
2654 2114 2709 2157 et
2765 2103 3046 2156 oculorum
3096 2117 3264 2171 vagos
3293 2102 3430 2156 ictus
3460 2117 3579 2157 mo-

285 2192 518 2263 θρωπος
546 2198 862 2267 δανειστὴς,
902 2198 931 2248 ὁ
958 2196 1027 2249 τὰ
1054 2196 1397 2266 χειρόγραφα
1430 2195 1776 2266 διαρρήσσων
1807 2196 1901 2267 τῆς

2011 2196 2203 2256 Iusque
2221 2190 2380 2243 animi
2412 2192 2775 2259 perscribens.
2804 2191 2973 2246 Solvit
3008 2193 3357 2248 nihilominus
3378 2202 3595 2246 metum.

282 2284 593 2357 ἁμαρτίας
611 2305 627 2320 ο
658 2289 751 2343 καὶ
783 2288 845 2341 οὐ
891 2288 1050 2359 μόνον
1080 2288 1447 2359 διαρῤήσσων,
1474 2286 1612 2340 ἀλλὰ
1638 2288 1732 2340 καὶ
1757 2288 1904 2343 λεαί-

274 2394 387 2431 νων
422 2378 562 2448 (77)
617 2381 730 2441 τοῖς
764 2378 921 2431 ’ὕδασι
963 2379 1057 2433 τοῦ
1088 2378 1492 2448 βαπτίσματος,
1532 2377 1617 2430 ἵνα
1649 2377 1725 2449 μὴ
1759 2378 1902 2448 ἴχνος

2005 2279 2269 2347 benignus
2294 2282 2552 2346 creditor,
2585 2283 2652 2346 is,
2682 2282 2928 2351 inquam,
2961 2283 3049 2351 qui
3089 2283 3372 2352 disrumpit
3401 2282 3579 2336 chiro-

2002 2370 2209 2437 grapha
2239 2371 2445 2439 peccati
2483 2390 2498 2426 :
2529 2388 2629 2427 nec
2659 2373 2946 2443 disrumpit
2970 2372 3164 2439 solum,
3196 2386 3382 2426 verum
3417 2372 3576 2427 etiam

1998 2458 2140 2514 delet
2181 2462 2355 2528 aquisr
2384 2462 2662 2531 baptismi,
2707 2471 2763 2517 ut
2814 2479 2883 2518 ne
2916 2462 3166 2518 elementi
3220 2471 3312 2516 aut
3358 2462 3577 2532 syllaba:

2001 2561 2279 2619 superstes
2312 2554 2628 2622 vestigium,
2662 2554 2925 2608 malorum
2960 2555 3357 2623 praeteritorum
3386 2568 3576 2608 monu-

2002 2648 2240 2694 mentum
2286 2641 2397 2696 ﬁat.
2453 2641 2589 2696 Non
2638 2644 2949 2696 habentibus
3011 2658 3162 2711 ergo,
3214 2644 3408 2713 inquit,
3468 2643 3574 2698 illis

2000 2730 2136 2783 unde
2168 2731 2460 2795 redderent,
2507 2732 2719 2786 donavit
2748 2732 3005 2800 utrisque.
3053 2729 3302 2785 Vidistin‘
3343 2733 3576 2787 credito-

2000 2834 2112 2872 rem
2153 2821 2486 2875 humanum?
2514 2820 2583 2877 Ut
2603 2821 2821 2890 quidem
2849 2820 3142 2885 fenerctur,
3174 2819 3268 2874 sed
3298 2834 3405 2874 non
3437 2822 3569 2876 reci.

2002 2911 2156 2979 piat?
2185 2909 2254 2965 Ut
2275 2912 2439 2966 etiam
2471 2927 2596 2981 erga
2632 2913 2871 2982 ingratos
2909 2925 3013 2964 non
3052 2918 3279 2978 torpeat,
3322 2912 3416 2965 sed
3470 2911 3565 2965 ha-

274 2464 594 2537 στοιχείου
636 2464 965 2536 ἢσυλλαϐῆς
1003 2467 1317 2536 ὑπομεῖναν,
1346 2464 1644 2535 ὑπόμνημα
1673 2464 1899 2535 γένηται

268 2555 404 2607 τῶν
445 2557 873 2627 παρῳχηκότων
901 2557 1104 2610 κακῶν.
1140 2555 1236 2624 Μὴ
1266 2555 1529 2625 ἐχόντων
1559 2550 1674 2618 οὖν,
1706 2556 1895 2625 φησιν,

275 2642 509 2697 αὐτῶν
570 2644 927 2710 ἀποδοῦναι,
981 2645 1333 2715 ἀμφοτέροις
1357 2646 1697 2715 ἐχαρίσατο.
1744 2642 1898 2711 Εἶδες

278 2732 696 2804 φιλάνθρωπον
734 2734 1048 2806 δανειστήν;
1080 2736 1204 2799 Πῶς
1230 2735 1461 2799 δανείζει
1493 2737 1610 2807 μὲν,
1639 2738 1738 2790 οὐκ
1762 2737 1899 2790 ἀπο-

279 2822 581 2893 λαμϐάνει
627 2823 720 2889 δέ;
773 2824 898 2888 Πῶς
935 2825 993 2879 δὲ
1041 2825 1527 2897 ἀγνωμονούμενος
1569 2828 1631 2885 οὐ
1674 2828 1852 2898 ναρκᾷ
1880 2844 1894 2859 ⁶

286 2913 404 2965 ἀλλ’
432 2915 700 2984 ἧπλωται
734 2916 897 2970 αὐτοῦ
921 2919 1036 2981 τοῖς
1070 2917 1311 2971 αἰτοῦσιν
1342 2919 1376 2987 ἡ
1408 2918 1528 2988 χείρ
1555 2934 1569 2982 ;
1597 2918 1693 2987 Μὴ
1722 2919 1897 2988 ἐχόν-

287 3018 449 3066 των,
510 3006 705 3073 φησὶν,
758 3005 1124 3071 ἀποδοῦναι,
1172 3007 1524 3075 ἀμφοτέροις
1553 3008 1894 3077 ἐχαρίσατο.

2000 3002 2124 3056 beat
2158 3001 2475 3072 rogantibus
2507 3011 2748 3071 apertam
2785 3001 3043 3055 manum?
3084 2999 3206 3054 Non
3239 3001 3583 3065 habentibus,

302 3093 527 3164 Ἀφῆκε
561 3095 636 3166 μὴ
663 3096 893 3166 ἐχόντων
919 3098 1031 3168 (78)
1054 3115 1067 3129 ’
1092 3099 1215 3170 οὐχὶ
1251 3100 1326 3172 μὴ
1360 3100 1639 3157 θελόντων.
1666 3104 1897 3176 Ἕτερον

1998 3091 2190 3162 inquit,
2224 3093 2361 3146 unde
2393 3093 2684 3157 redderent,
2714 3095 2952 3162 utrisque
2985 3090 3219 3146 donavit.
3266 3092 3476 3149 Dimisit
3506 3092 3573 3146 iis

291 3183 404 3254 γὰρ
451 3183 540 3255 μὴ
593 3184 758 3255 ἔχειν,
789 3187 883 3240 καὶ
916 3187 1102 3258 ἓτερον
1146 3189 1221 3260 μὴ
1253 3188 1447 3245 θέλειν.
1478 3186 1601 3245 Οἷόν
1633 3211 1691 3246 τι
1720 3194 1892 3263 λέγω’

1999 3182 2087 3249 qui
2122 3196 2227 3236 non
2266 3181 2570 3237 haberent:
2607 3196 2715 3236 non
2775 3183 2868 3249 ita,
2923 3181 3017 3251 qui
3063 3181 3283 3236 nollent.
3325 3181 3458 3235 Nam
3489 3190 3574 3236 est

2000 3270 2140 3291 _l_'a-cl
2178 3286 2276 3291 “-4.
2318 3271 2512 3291 l...l.-_-
2603 3280 2646 3291 ,ι
2703 3270 2844 3291 Αιξηι
2883 3271 3016 3291 __ll_
3105 3271 3164 3291 l1.
3223 3281 3343 3291 ...ιΔ
3386 3289 3395 3291 Α
3433 3269 3569 3291 Μ21-21

295 3274 430 3337 θεὸς
486 3274 650 3327 οὐδὲν
695 3278 823 3347 παρ’
871 3278 1027 3347 ἡμῶν
1076 3279 1247 3350 ζητεῖ,
1288 3280 1325 3351 ἢ
1373 3283 1679 3352 μετάνοιαν.
1727 3285 1892 3339 Ὅθεν

1998 3270 2140 3326 aliud
2176 3286 2281 3327 non
2317 3271 2537 3338 habere,
2596 3280 2652 3325 et
2701 3270 2846 3326 aliud
2881 3271 3042 3326 nolle.
3105 3271 3172 3327 Ut
3222 3281 3351 3340 puta
3384 3289 3397 3323 :
3431 3269 3573 3323 Nihil

300 3361 565 3431 βούλεται
625 3366 774 3434 ἡμᾶς
842 3367 929 3419 ἀεὶ
976 3368 1208 3438 χαίρειν,
1252 3372 1347 3423 καὶ
1412 3376 1769 3444 προστρέχειν
1820 3379 1889 3448 τῇ

1998 3359 2136 3414 Deus
2189 3374 2218 3413 a
2269 3358 2445 3425 nobis,
2497 3367 2694 3425 praeter
2746 3359 3115 3428 paenitentiam
3161 3359 3348 3429 exigit.
3392 3357 3571 3424 Quare

305 3453 595 3526 μετανοίᾳ.
664 3455 790 3509 Ἐὰν
854 3458 953 3527 μὲν
1004 3458 1265 3515 θελόντων
1313 3458 1473 3533 ήμῶν
1528 3466 1891 3533 μετανοῆσαι,

1998 3450 2107 3503 vult
2130 3457 2187 3503 ut
2212 3464 2425 3518 semper
2454 3452 2799 3520 gaudeamus,
2846 3460 2901 3505 et
2952 3464 3237 3506 curramus
3286 3451 3350 3503 ad
3402 3448 3571 3518 poeni-

302 3542 363 3594 τὺ
416 3543 627 3614 πλῆθος
683 3545 796 3600 τῶν
863 3549 1148 3620 ἁμαρτιῶν
1206 3553 1394 3613 ἄτονον
1448 3553 1547 3625 τὴν
1607 3554 1896 3624 μετάνοιαν

1999 3537 2240 3589 tentiam.
2275 3536 2334 3591 Si
2370 3553 2524 3607 ergo,
2554 3540 2679 3593 dum
2708 3539 2953 3594 volumus
2980 3539 3350 3609 paenitentiam
3383 3553 3565 3608 agere,

308 3631 471 3700 ἡμῶν
525 3635 708 3708 δείξῃ·
766 3638 828 3692 οὐ
878 3640 1029 3711 παρὰ
1072 3641 1136 3694 τὸ
1176 3643 1252 3713 μὴ
1291 3644 1486 3710 θέλειν,
1550 3645 1686 3699 ἀλλὰ
1741 3646 1893 3718 παρὰ

1998 3633 2345 3693 peccatorum
2409 3627 2597 3693 ingens
2652 3642 2909 3682 numerus
2950 3628 3153 3681 viribus
3201 3627 3473 3680 inﬁrmam
3514 3635 3570 3678 et

307 3720 375 3773 τὸ
409 3722 487 3793 μὴ
525 3724 688 3795 ἔχειν,
719 3729 821 3781 οὐκ
859 3730 1145 3801 ἑκτίνομεν
1176 3712 1249 3786 τδί
1266 3734 1445 3804 χρέος.
1490 3734 1590 3788 Διὰ
1618 3735 1778 3790 τοῦτο
1802 3712 1895 3792 οὖν

1998 3712 2323 3769 inelIicacem
2390 3716 2762 3782 pmnitentiam
2821 3718 3046 3782 iecerit;
3126 3733 3232 3772 non
3305 3714 3563 3771 solvimus

309 3808 600 3883 λέγει,Μὴ
625 3815 885 3884 ἐχόντων
907 3819 1137 3891 αὐτῶν·
1164 3821 1254 3875 ἵνα
1275 3803 1423 3894 δείξῃ
1441 3824 1521 3876 ὅτι
1552 3823 1673 3878 ἰδὼν
1699 3826 1896 3890 αὐτοὺς

1998 3804 2257 3869 debitum,
2289 3817 2395 3858 non
2433 3803 2562 3872 quia
2588 3803 2851 3891 nolimus,
2872 3807 2964 3860 sed
2989 3809 3113 3875 quia
3146 3820 3251 3859 non
3279 3806 3557 3859 habemus.

310 3878 692 3974 βουλομένους.
711 3909 806 3977 μὲν
833 3909 923 3963 διὰ
948 3886 1249 3980 ’μετανοίας
1287 3878 1578 3969 ἀποδοῦναι
1613 3915 1673 3969 τὸ
1702 3878 1893 3987 χρέος,

1998 3894 2286 3964 Propterea
2339 3895 2503 3965 igitur
2564 3893 2712 3957 dicit,
2772 3878 2895 3947 Non
2953 3895 3257 3948 habentibus
3315 3893 3469 3949 illis:
3503 3905 3562 3953 ut

316 3989 389 4062 μὴ
414 3992 750 4067 δυναμένους
788 3998 846 4052 δὲ
871 3999 960 4052 διὰ
996 3999 1059 4057 τὸ
1097 4000 1301 4066 πλῆθος
1338 4001 1447 4057 τῶν
1483 3984 1787 4077 ἁμαρτιῶν,
1818 4008 1895 4073 ὼς

1998 3987 2267 4052 ostendat,
2296 3987 2439 4056 quod
2477 3985 2684 4049 videns,
2720 3984 2856 4041 velle
2888 3985 3121 4042 debitum
3167 4001 3262 4058 per
3298 3989 3568 4059 paeniten-

314 4083 716 4157 φιλάνθρωπος,
743 4091 930 4154 αὐτοῖς
956 4091 1324 4163 συνεχώρησε,
1349 4094 1450 4147 οὐκ
1473 4095 1581 4149 ἀπὸ
1608 4097 1885 4167 πράξεως,

1998 4079 2123 4133 tiam
2177 4079 2420 4147 reddere,
2477 4092 2577 4134 nec
2634 4087 2975 4149 peccatorum
3035 4079 3375 4136 multitudine
3416 4082 3566 4136 velut

318 4172 424 4227 ἀλλ’
449 4178 557 4233 ἀπὸ
600 4181 976 4253 προαιρέσεως
1013 4183 1378 4254 ἐλευθερῶσαι
1426 4186 1528 4254 τῆς
1570 4187 1791 4260 ὀφειλῆς
1832 4190 1892 4245 τὸ

1998 4170 2237 4237 obrutos,
2266 4184 2459 4242 posse;
2509 4171 2842 4226 concesserit
2892 4169 3007 4241 ipse
3049 4176 3106 4224 ut
3140 4171 3471 4239 misericors,
3508 4184 3567 4227 ut

320 4261 596 4338 ὗπόχρεον.
630 4270 729 4339 Μὴ
756 4271 1023 4339 ἐχόντων
1059 4267 1153 4327 οὖν
1192 4271 1390 4330 αὐτῶν
1422 4275 1783 4332 ἀποδοῦναι’
1816 4277 1891 4352 μὴ

1998 4261 2061 4315 ab
2092 4262 2250 4332 huius
2277 4276 2337 4318 se
2359 4263 2525 4320 debiti
2558 4270 2735 4329 reatu,
2763 4275 2869 4317 non
2894 4260 2962 4317 ab
2994 4260 3229 4325 actione,
3263 4262 3358 4315 sed
3381 4275 3412 4315 a
3442 4277 3566 4331 pro-

326 4360 599 4426 μαστίξας,
633 4361 710 4433 μὴ
743 4362 1005 4434 ὑϐρίσας,
1044 4364 1122 4437 μὴ
1145 4365 1514 4439 στρεϐλώσας,
1537 4367 1891 4440 ἀμφοτέροις

1998 4352 2169 4420 posito
2203 4353 2372 4407 animi
2406 4354 2728 4409 eximerent.
2780 4352 2905 4406 Non
2940 4352 3246 4407 habentibus
3288 4366 3420 4420 ergo
3456 4352 3563 4407 illis

321 4442 653 4515 ἐχαρίσατο,
1934 4467 1939 4472 ·
1992 4442 2131 4495 unde
2167 4443 2439 4499 redderent
2475 4457 2495 4497 :
2528 4458 2635 4499 non
2666 4442 2899 4513 ﬂagellis
2923 4443 3199 4512 adhibitis,
3240 4457 3347 4498 non
3375 4452 3567 4499 contu-

1922 4563 1967 4618 Β
1996 4533 2210 4588 meliam
2243 4534 2513 4605 irrogans,
2539 4550 2648 4591 non
2682 4534 2976 4600 subiiciens
3008 4535 3312 4604 tormentis,
3353 4534 3588 4589 donaviL

1994 4625 2244 4695 utrisque.

386 4706 482 4761 IA'.
494 4711 592 4778 Τίς
602 4706 721 4766 οὖν
729 4710 918 4765 αὐτὸν
927 4711 1150 4782 ὀφείλει
1161 4712 1352 4767 πλέον
1361 4712 1668 4783 ἀγαπῆσαι
1685 4730 1705 4779 ;
1720 4714 1890 4769 Ἀπο-

2062 4714 2132 4771 XI
2201 4715 2332 4783 Quis
2376 4735 2497 4789 ergo
2527 4719 2645 4789 plus
2693 4734 2810 4773 eum
2841 4718 2989 4773 debet
3018 4720 3280 4789 diligere?
3330 4716 3565 4786 Respona

329 4800 526 4868 κριθείς
569 4800 645 4855 δὲ
676 4804 711 4856 ό
752 4802 949 4871 Σίμων
979 4798 1179 4857 εἶπεν
1221 4803 1279 4856 Ὺ
1277 4802 1665 4873 πολαμόάνω,
1714 4804 1805 4858 ὅτι
1840 4797 1890 4871 ᾦ

1998 4808 2118 4861 dens
2149 4806 2332 4863 Simon
2354 4810 2488 4863 dixit
2515 4822 2534 4861 :
2565 4808 2796 4864 AE'stimo
2825 4810 2950 4880 quia
2976 4810 3020 4861 is
3058 4809 3144 4861 cui
3180 4807 3297 4877 plus
3326 4806 3558 4863 donavit.

330 4883 387 4937 τὸ
412 4892 619 4948 πλεῖον
644 4891 992 4961 ἐχαρίσατο.
1024 4892 1201 4946 Βλέπε
1225 4893 1321 4946 τοῦ
1359 4894 1654 4966 Φαρισαίου
1694 4896 1755 4949 τὸ
1781 4896 1888 4949 δει-

1998 4897 2129 4952 Vide
2157 4897 2418 4955 Pharisaei
2466 4899 2680 4970 genium
2708 4909 2875 4968 atque
2908 4897 3207 4955 solertiam.
3250 4897 3318 4955 Ut
3358 4897 3470 4969 jam
3502 4913 3561 4952 se

334 4974 425 5033 νόν.
475 4982 561 5047 Ὠς
605 4978 749 5037 οἶδεν
800 4983 992 5039 ἑαυτὸν
1031 4983 1110 5054 τῷ
1152 4983 1295 5055 λόγῳ
1334 4985 1436 5056 ήδη
1485 4985 1586 5057 τῆς
1631 4985 1887 5057 ἀληθείας

1998 4986 2123 5041 vidit
2170 5001 2421 5044 sermone
2460 4988 2702 5044 veritatis
2767 4987 3068 5051 exclusum,
3120 4987 3249 5042 illud
3299 4986 3555 5049 Enimn,

334 5064 750 5148 ἀποκλειόμενον,
776 5074 839 5129 τδ
861 5074 1530 5146 ’Υπολαμϐάνωτέθεικε,
1554 5076 1886 5148 φοϐούμενος

1998 5079 2171 5149 posuit
2191 5093 2209 5144 ;
2234 5078 2439 5135 veritus
2459 5079 2586 5134 dare
2604 5077 2902 5135 absolutam
2938 5076 3362 5145 responsionem.
3391 5074 3574 5129 Porro.

394 5220 435 5253 ⁸⁸
458 5224 627 5285 Exod.
660 5245 774 5295 xxi,
804 5228 896 5284 24.

341 5461 355 5475 .
396 5397 499 5475 (Π)
537 5406 827 5461 Λεαίνων.
886 5405 1077 5462 Montl.
1140 5398 1432 5461 λαϐαίνων.
1464 5406 1619 5462 Unde
1666 5406 1877 5462 Boisius

342 5474 532 5546 {unctis
583 5476 773 5546 Savilii
821 5475 1125 5546 legendum,
1164 5477 1387 5545 putabat
1446 5475 1725 5546 ἀφανίζων
1794 5476 1878 5532 vel

694 5530 1032 5616 lpsefa‘utem
1078 5530 1534 5609 Moittfauconiuti,
1580 5530 1735 5616 quid,
1794 5530 1881 5601 ili-

344 5613 460 5669 ειυιι,
475 5613 516 5664 si
544 5615 792 5667 dicamus
831 5615 969 5668 hanc
995 5629 1181 5670 vocem
1228 5616 1390 5670 medii
1431 5616 1529 5669 aevi
1576 5613 1610 5669 a
1635 5614 1880 5671 Gracqu

345 5682 647 5750 ﬂiurpatam,
705 5698 773 5736 ex
798 5682 990 5739 Latino
1019 5685 1186 5738 verbo
1225 5685 1339 5739 lavo
1384 5684 1601 5750 iactam,
1635 5686 1759 5739 inde
1788 5685 1884 5739 λαο

348 5734 1881 5824 alia,inaniinanis?attinenscitatas

348 5819 684 5882 coltjecturam
736 5822 887 5878 elidit
936 5824 1260 5893 exemplaris
1293 5819 1669 5883 Combeiisiani
1712 5825 1883 5895 proba

1975 5477 2150 5531 locum
2170 5477 2377 5529 (Ioloss.
2415 5491 2479 5538 ιι,
2507 5476 2596 5533 14.

2050 5545 2165 5619 (78)
2201 5545 2420 5619 ’Asoﬁxs
2436 5545 2523 5619 μὴ
2554 5548 2646 5619 ἐι.
2682 5550 2892 5605 Dimisit
2921 5550 2988 5603 iis
3021 5549 3112 5618 qui
3146 5567 3250 5605 non
3271 5552 3552 5618 haberent;

1979 5631 2083 5669 non
2107 5617 2204 5681 ita,
2221 5617 2312 5692 qui
2336 5618 2552 5669 nollent.
2569 5617 3066 5692 Accedentelibero
3086 5634 3355 5692 consensu
3377 5617 3557 5692 prom-

1976 5695 2182 5754 ptaque
2223 5685 2506 5761 voluntate
2545 5686 2946 5761 satisfaciendi,
3006 5705 3126 5761 quae
3172 5691 3280 5746 Deo
3328 5685 3555 5761 accepta

1979 5763 2067 5832 est
2095 5756 2389 5832 secundum
2414 5757 2557 5822 quod
2579 5756 3049 5832 babet,_nunqn_am_
3088 5760 3162 5832 illi
3191 5776 3412 5832 pauper,
3438 5756 3553 5817 mo-

1991 5825 2060 5881 do
2090 5836 2148 5879 se
2184 5823 2405 5879 divitem
2429 5838 2641 5896 semper
2678 5827 2828 5895 velit,
2870 5823 2929 5884 ui
2951 5828 3049 5900 ipsi
3085 5823 3270 5887 doubt.

1976 5407 2155 5481 lectio.
2179 5405 2296 5481 __Hi_c
2324 5420 2453 5462 vero
2476 5407 2797 5481 respexisse:
2814 5409 3026 5465 videtur
3048 5421 3269 5467 sanctus
3288 5411 3452 5469 Pater
3487 5420 3565 5481 ad
3670 5432 3685 5439 ν
