4118 6406
444 2576 451 2583 -
521 2547 618 2601 tibi
671 2548 738 2602 ".

506 408 576 464 ετ
1300 370 1307 373 ’
1503 407 1563 464 s.
1607 406 2060 465 AMPlllLOCllll
2093 407 2483 464 [CONIENSIS
2523 407 2839 466 EPISCOPI
3709 418 3782 478 33

507 526 767 584 Dominus
806 541 910 580 non
962 535 1044 581 est
1084 535 1357 582 scrutatus
1408 536 1641 581 mentem
1675 542 1688 580 :
1722 528 1816 593 sed
1862 542 2085 598 respon-

2198 527 2401 580 τελείαν
2437 526 2540 598 τὴν
2577 521 3115 600 ἁπόκρισινδοῦναι.
3156 528 3214 583 '0
3243 529 3297 583 δὲ
3331 528 3556 604 Κύριος,
3587 534 3649 589 οὐ
3678 538 3784 610 τὴν

505 643 622 681 sum
653 625 890 693 rapiens,
933 622 1009 675 ait
1044 622 1116 675 illi
1153 638 1165 672 :
1200 620 1358 675 Recte
1390 620 1668 689 judicasti.
1706 619 2081 673 Ettonrersus

2190 619 2415 692 γνώμην
2439 618 2603 675 αὐτοῦ
2627 619 2907 691 ἐξήτασεν,
2935 620 3070 675 ἀλλὰ
3081 621 3181 691 τὴν
3191 621 3482 694 ἀπόκρισιν
3502 626 3779 698 ἁρπάσας,
3864 679 3881 689 ,

507 718 576 770 ad
607 717 894 780 mulierem,
938 714 1069 767 dixit
1116 711 1364 768 Simoni:
1410 711 1558 766 Vides
1602 712 1740 765 lianc
1776 711 2084 765 mulierem?

2198 715 2336 781 λέγει
2364 712 2534 783 αὐτῷ’
2580 712 2786 781 Ὀρθῶς
2805 714 3150 781 ἀπεκρίθης.
3176 715 3288 767 Καὶ
3323 717 3612 786 στραφεὶς
3629 721 3781 789 πρὸς

508 812 862 881 peccatricem
913 810 1092 875 illam,
1158 810 1250 863 tibi
1303 809 1516 878 quidem
1579 809 1937 877 desperatam,
1989 806 2082 862 sed

511 902 639 957 mihi
670 901 864 955 laetam
894 900 1142 955 salvam?
1187 898 1390 954 Intraui
1434 900 1487 953 in
1518 899 1729 952 domum
1766 907 1931 951 luam.
1968 897 2084 952 Tua

509 994 653 1048 enim
711 995 899 1048 domus
933 1002 1036 1057 est,
1069 1008 1173 1045 non
1221 1007 1373 1053 mea;
1420 1006 1541 1060 quae
1572 1000 1654 1045 est
1694 990 1845 1059 plena
1890 998 2085 1045 contu-

514 1086 691 1140 melia.
735 1086 938 1154 Aquam
984 1086 1197 1154 pedibus
1249 1085 1375 1137 meis
1418 1102 1522 1138 non
1576 1083 2086 1153 dedisti:pedibns,

513 1178 759 1245 inquam,
819 1176 894 1229 tui
944 1191 1104 1230 causa
1161 1176 1378 1245 pulvere
1448 1177 1788 1245 conspersis;
1863 1168 2088 1243 pedibus

515 1267 697 1321 labore
730 1264 986 1336 fatigatis,
1020 1276 1073 1321 ut
1109 1282 1202 1321 eos
1224 1267 1313 1336 qui
1344 1266 1592 1320 laborant
1624 1274 1677 1320 et
1703 1274 1827 1320 sunt
1850 1264 2086 1329 onerati,

518 1358 791 1413 laboribus
848 1369 901 1412 et
962 1358 1208 1412 molestia
1267 1359 1553 1413 liberarem
1610 1356 1679 1411 ³³.
1736 1352 2085 1410 Dimidiatum

521 1452 781 1504 honorem
820 1448 1059 1502 obtulisti
1089 1467 1103 1501 :
1130 1449 1217 1516 qui
1255 1449 1533 1517 superiora
1569 1446 1783 1516 quidem
1809 1446 1883 1500 sis
1918 1446 2090 1500 admi-

522 1553 696 1602 ratus,
727 1541 980 1594 inferiora
1019 1551 1198 1595 autem
1232 1557 1335 1595 non
1365 1541 1582 1595 foveris.
1638 1540 1706 1593 At
1759 1549 1813 1592 tu
1847 1540 2085 1609 quidem,

518 1648 709 1701 aquam
737 1631 954 1700 pedibus
986 1631 1112 1684 meis
1144 1646 1245 1682 non
1276 1630 1502 1695 dedisti;
1542 1630 1654 1683 haec
1693 1637 1871 1683 autem
1911 1628 2090 1699 lacry-

482 1710 724 1774 'marum
755 1722 927 1773 latntes
956 1720 1024 1773 ab
1058 1718 1226 1772 oculis
1277 1718 1515 1783 mittens,
1557 1719 1761 1787 peccati
1795 1718 1877 1772 sui
1910 1734 2092 1771 macu-

516 1811 621 1863 lam
662 1810 939 1865 abstersit.
992 1808 1122 1861 dlilii
1166 1819 1221 1861 tu
1250 1807 1486 1862 osculum
1528 1824 1627 1861 non
1660 1807 1889 1872 dedisti;
1930 1818 2091 1875 atque

2191 806 2308 874 τήν
2369 807 2647 876 γυναῖκα,
2694 805 2775 871 τῷ
2811 806 3031 875 Σίμωνι
3086 805 3233 875 ἔφη’
3268 808 3523 876 Βλέπεις
3555 812 3783 881 ταύτην

2191 899 2308 966 τὴν
2335 897 2591 967 γυναῖκα
2633 897 2731 968 τὴν
2764 897 3120 969 ἁμαρτωλόν;
3172 897 3272 969 τὴν
3311 899 3400 953 σοὶ
3433 900 3533 970 μὲν
3571 903 3783 975 ἀπηγο-
3862 964 3871 968 ⁸

2195 989 2486 1060 ρευμένην,
2526 987 2650 1059 ἐμοὶ
2695 987 2752 1040 δὲ
2797 986 3147 1058 σωζομένην;
3186 987 3496 1057 Εἰσῆλθον
3541 992 3632 1058 εἰς
3674 993 3783 1047 τὸν

2193 1078 2363 1135 οἶκόν
2403 1094 2542 1134 σου.
2585 1080 2685 1143 Σὸς
2713 1078 2822 1150 γὰρ
2854 1081 2882 1132 ὁ
2923 1075 3075 1143 οἶκος
3098 1121 3110 1143 ,
3139 1081 3235 1134 καὶ
3269 1081 3369 1134 οὐκ
3412 1083 3579 1152 ἐμόςσ
3616 1084 3646 1136 ὁ
3668 1084 3781 1138 λοι-

2193 1174 2378 1245 δορίας
2403 1172 2620 1243 μεστός,
2651 1171 2837 1239 ’Ὺδωρ
2855 1172 2954 1225 ἐπὶ
2984 1171 3129 1237 τοὺς
3153 1171 3340 1235 πόδας
3356 1190 3477 1242 μου
3508 1177 3617 1231 οὐκ
3648 1175 3784 1230 ἐδω-

2195 1283 2308 1332 κας
2331 1282 2345 1297 ο
2389 1264 2575 1330 πόδας,
2608 1264 2736 1327 τοὺς
2769 1263 2858 1317 διὰ
2902 1263 2961 1317 σὲ
2995 1263 3374 1327 κονισθένταςο
3408 1266 3535 1329 τοὺς
3562 1267 3653 1320 τὸν
3691 1267 3783 1322 xtl-

2197 1375 2299 1413 πον
2328 1358 2748 1427 ὑπομείναντας,
2797 1357 2887 1411 ἵνα
2931 1356 3117 1412 κόπων
3165 1359 3292 1422 τοὺς
3333 1358 3645 1425 κοπιῶντας
3688 1362 3783 1415 καὶ

2195 1449 2665 1524 πεφορτισμένους
2686 1445 3057 1519 ἐλευθερώσω.
3096 1447 3187 1512 Ἐξ
3210 1449 3471 1518 ἡμισείας
3495 1450 3594 1521 τὴν
3614 1451 3781 1521 τιμὴν

2198 1544 2599 1617 προσήνεγκας,
2632 1541 2701 1594 τὰ
2741 1541 2839 1611 μὲν
2875 1540 3081 1595 ἄνωθεν
3123 1540 3434 1612 θαυμάσας,
3476 1539 3545 1594 τὰ
3584 1541 3642 1594 δὲ
3681 1538 3782 1595 κά-

2195 1634 2368 1688 τωθεν
2410 1633 2485 1703 μὴ
2526 1629 2871 1704 θεραπεύσας
2896 1630 3028 1701 (79).
3079 1629 3240 1683 Ἀλλὰ
3268 1634 3332 1685 σὺ
3376 1630 3474 1702 μὲν
3502 1630 3663 1700 ὕδωρ
3691 1633 3783 1698 εὶς

2196 1725 2338 1791 τοὺς
2383 1723 2573 1790 πόδας
2595 1741 2716 1792 μου
2746 1725 2858 1778 οὐκ
2894 1722 3150 1788 ἔδωκαςο
3199 1721 3340 1793 αὕτη
3377 1721 3435 1775 δὲ
3472 1723 3654 1794 πηγὰς
3682 1723 3781 1777 δαη

2198 1816 2382 1888 κρύων
2405 1816 2469 1868 ὲκ
2491 1814 2599 1869 τῶν
2623 1813 2907 1885 βλεφάρων
2931 1814 3152 1881 ἀφεῖσα,
3177 1813 3277 1884 τῆς
3305 1813 3583 1885 ἁμαρτίας
3612 1813 3785 1885 αὐτῆς

463 1895 471 1902 ’
516 1904 721 1957 utinam
752 1918 852 1956 nec
885 1901 1075 1965 Judas,
1100 1901 1189 1970 qui
1220 1900 1404 1955 osculo
1434 1900 1788 1971 proditionem
1818 1901 2048 1968 patravit
2075 1918 2088 1952 :

2198 1910 2287 1963 τὸν
2317 1908 2488 1980 ῥύπον
2516 1905 2821 1978 ἀπέσμηξε.
2867 1906 2950 1961 Σύ
2975 1923 3078 1976 μοι
3109 1907 3347 1976 φίλημα
3375 1908 3488 1961 οὐκ
3514 1906 3745 1974 ἔδωκας
3766 1924 3781 1939 ·

517 1995 646 2050 Ηατ
676 2006 849 2049 autem
901 2005 965 2048 ea:
1010 2010 1111 2063 quo
1157 1994 1395 2059 intravit,
1450 2008 1551 2046 nou
1592 1993 1808 2045 cessavit
1862 1991 2092 2045 osculari

514 2091 666 2157 pedes
690 2086 1079 2141 meos.—-—0(eo
1104 2097 1261 2154 caput
1307 2102 1476 2139 meum
1506 2102 1609 2139 non
1639 2085 1838 2139 unxisti
1856 2101 1874 2147 ,'
1905 2084 2094 2139 Oleum

515 2180 658 2233 enim
686 2179 976 2247 peccatoris
1009 2179 1425 2247 uon'impinguet
1457 2186 1612 2244 caput
1640 2193 1811 2231 meum
1852 2176 1919 2229 ³⁸.
1950 2176 2096 2240 Quo-

516 2271 677 2325 modo
735 2270 878 2323 enim
938 2278 1151 2337 poterat
1213 2268 1376 2335 capiti
1419 2267 1620 2321 habere
1666 2267 1952 2333 honorem,
2003 2268 2093 2336 qui

519 2366 682 2435 pedes
732 2362 1079 2430 neglexerat?
1124 2358 1255 2413 Ilwc
1305 2371 1479 2412 autem
1533 2360 1689 2413 etiam
1740 2360 1892 2428 pedes
1946 2362 2095 2415 unxit

522 2464 808 2524 unguento.
830 2451 1102 2507 -0leum
1136 2455 1300 2517 enim,
1339 2452 1532 2522 inquit,
1564 2468 1874 2525 eracuaium
1913 2468 2099 2507 nomen

797 2547 1124 2601 Evacuatuzn
1184 2557 1237 2602 et
1287 2547 1643 2611 exhaustum;
1690 2561 1795 2600 non
1846 2543 2092 2599 effusum.

519 2637 653 2693 Nam
685 2638 805 2707 quia
842 2654 933 2690 vos
962 2637 1364 2717 Juilaici’animi
1409 2646 1665 2713 supputre
1704 2646 1841 2701 erat,
1898 2638 2099 2692 idcirco

519 2746 583 2788 cx
613 2730 923 2785 alabastrite
946 2740 1126 2784 vestra
1162 2731 1214 2784 in
1253 2732 1416 2799 pedes
1453 2745 1600 2785 meos
1633 2730 1737 2784 fuit
1777 2741 2099 2786 evacuatum

522 2829 875 2893 unguentum,
931 2834 989 2877 ut
1034 2838 1130 2891 per
1180 2839 1265 2876 me
1310 2822 1605 2891 fragrantia
1655 2822 1843 2892 gratia:
1881 2823 2100 2877 deriVa-

524 2916 741 2970 returin
773 2924 982 2983 gentes.
1020 2913 1245 2982 Propter
1276 2915 1414 2982 quod
1445 2913 1561 2966 dico
1587 2913 1679 2965 tibi
1706 2925 1724 2965 .'
1750 2911 2102 2969 Remittumur

520 3007 568 3063 ei
604 3017 817 3072 peccata
872 3006 1038 3058 multa
1069 3021 1088 3060 :
1118 3007 1260 3076 quod
1318 3016 1370 3059 tu
1421 3007 1664 3075 quidem,
1714 3007 1903 3060 eodem
1961 3015 2101 3061 tecto

519 3110 854 3166 susceptum,
908 3113 1080 3168 neque
1123 3098 1310 3153 osculo
1352 3098 1725 3159 lionoraveris,
1774 3112 1948 3168 neque
1999 3114 2100 3153 nn-

526 3198 726 3258 guento
755 3189 958 3244 foveris
992 3212 1004 3244 ;
1038 3191 1152 3244 haec
1181 3199 1385 3257 autem,
1424 3190 1606 3245 multis
1635 3191 1752 3261 ejus
1780 3191 1938 3245 malis
1962 3191 2099 3246 obli-

521 3282 668 3337 νὶοηί
720 3282 964 3345 traditis,
1020 3282 1370 3337 honoraverit
1401 3297 1415 3334 :
1450 3283 1595 3336 velut
1646 3283 1843 3354 duplici
1887 3293 2097 3339 cratere
2124 3261 2170 3324 θ

525 3383 843 3443 temperato,
880 3388 947 3429 ex
976 3373 1229 3446 lacrymis
1263 3384 1318 3430 et
1344 3374 1651 3442 unguentis.

592 3664 708 3719 XII.
748 3662 968 3718 Beatam
1021 3664 1183 3733 igitur
1228 3663 1480 3719 ferninam
1539 3667 1923 3734 prmdicemus,
1983 3681 2104 3736 qua:

524 3756 663 3813 mala
705 3755 830 3810 Eva:
853 3756 1103 3824 obtegit:
1140 3761 1493 3823 peccatricem
1532 3759 1704 3823 illam,
1738 3760 1880 3813 illam
1919 3771 2095 3809 mere«

524 3850 733 3911 tricem,
772 3847 930 3903 illam
987 3849 1249 3904 bonorum
1304 3851 1747 3913 coneiliatricem,
1808 3848 1895 3900 cui
1932 3845 2096 3912 judex

524 3939 639 4005 ipse
694 3939 988 3995 advocatus
1057 3939 1156 3995 fuit
1188 3957 1202 3994 ;
1236 3955 1357 4009 quae
1411 3939 1668 4008 laerymis
1723 3935 1852 3989 vicit
1908 3934 2097 4003 judicii

523 4027 746 4084 luctum.
774 4028 1042 4100 Quotquot
1063 4032 1290 4092 adestis,
1318 4044 1438 4097 quae
1475 4028 1705 4082 audistis
1736 4026 2095 4090 minulatnini;

522 4129 686 4187 atque
750 4122 1048 4176 meretricis
1089 4137 1194 4176 non
1247 4119 1580 4187 voluptatem
1635 4118 1947 4186 imitamini,
2005 4121 2098 4175 sed

523 4213 838 4268 iamentum.
923 4212 1186 4280 Voluptas
1250 4211 1466 4279 quidem
1528 4225 1724 4280 parens
1778 4212 1997 4267 lamenti
2046 4222 2102 4269 et

520 4302 696 4359 luctus
735 4304 873 4368 fuit;
908 4303 1083 4358 luctus
1113 4311 1291 4356 autem
1322 4300 1479 4355 malis
1525 4301 1730 4357 exitum
1768 4304 2098 4361 conciliavit.

521 4397 729 4466 Corpus
758 4397 942 4464 itaque
965 4402 1205 4449 vestrum
1237 4408 1341 4448 non
1369 4408 1508 4463 aqua
1537 4393 1762 4462 abluite,
1795 4396 1890 4451 sed
1922 4396 2103 4469 lacry-

520 4491 659 4561 mis;
695 4489 938 4544 membra
969 4487 1180 4556 ungite,
1213 4502 1319 4543 non
1350 4488 1660 4559 unguentis,
1697 4493 1790 4546 sed
1827 4491 2100 4550 castitate.

590 4696 636 4728 ευ
674 4693 861 4748 Matth.
919 4708 994 4759 XI,
1032 4690 1120 4746 ξε.
1200 4692 1246 4724 to
1279 4692 1418 4750 Psal.
1455 4708 1583 4761 cu,
1614 4653 1667 4749 δ.

2196 2003 2272 2066 ὡς
2317 2001 2428 2055 εἴθε
2471 2002 2545 2073 μή
2590 2018 2649 2054 τε
2702 2000 2935 2064 Ἰούδας,
2974 2002 3002 2053 ό
3049 2000 3317 2072 φιλήματι
3357 2001 3456 2072 τὴν
3493 2001 3785 2073 προδοσίαν

2196 2093 2590 2166 ἐργασάμενος.
2628 2090 2794 2159 Αὕτη
2837 2089 2906 2144 δὲ
2939 2092 3038 2160 ἀφ’
3091 2086 3162 2162 ἧς
3203 2090 3497 2160 εἰσῆλθεν
3520 2092 3662 2163 (80),
3713 2095 3786 2147 οὐ

2196 2185 2459 2240 διέλειπε
2506 2182 2922 2253 καταφιλῆσαι
2960 2199 3080 2252 μου
3125 2181 3265 2249 τοὺς
3299 2182 3511 2249 πόδας.
3571 2184 3784 2250 Ἐλαῖῳ

2199 2274 2316 2344 τὴν
2361 2274 2636 2344 κεφαλήν
2693 2291 2812 2343 μου
2865 2274 2977 2327 οὐκ
3026 2271 3322 2340 ἤλειψας·
3378 2274 3628 2327 Ἔλαιον
3674 2272 3785 2346 γὰρ

2198 2363 2549 2438 ἀμαρτωλοῦ
2586 2367 2673 2437 μὴ
2706 2364 3013 2422 durari-cito)
3039 2363 3157 2434 τὴν
3185 2364 3461 2435 κεφαλήν
3484 2383 3622 2435 μου.
3659 2365 3787 2430 Πῶς

2198 2462 2307 2534 γὰρ
2337 2460 2445 2531 (8|)
2484 2456 2595 2530 εἶχε
2640 2460 2739 2531 τήν
2784 2458 3027 2529 κεφαλὴν
3071 2460 3320 2529 τιμῆσαι,
3359 2460 3387 2511 ὁ
3430 2457 3604 2511 ποδῶν
3649 2458 3788 2528 ἀμε-

2199 2553 2400 2625 λήσας;
2441 2551 2602 2619 Αὕτη
2644 2551 2713 2604 δὲ
2765 2550 2866 2605 καὶ
2906 2549 3050 2615 τοὺς
3093 2550 3284 2616 πόδας
3338 2549 3558 2619 ἢλειψε
3593 2550 3784 2618 μύρῳ.

2200 2644 2407 2711 Μύρων
2434 2641 2562 2714 γὰρ,
2600 2642 2784 2713 φησιν,
2819 2638 3157 2696 ἐκκενωθὲν
3190 2639 3377 2709 ὄνομά
3421 2654 3542 2693 σοι.
3590 2640 3785 2693 Ἐκκε-

2202 2734 2389 2801 νωθὲν,
2441 2736 2541 2788 οὐκ
2593 2734 2840 2805 ἐκχυθέν.
2908 2732 3131 2804 Ἐπειδὴ
3179 2731 3289 2803 γὰρ
3341 2730 3403 2784 τὸ
3454 2729 3648 2794 σκεῦος
3686 2731 3787 2800 τῆς

2215 2826 2513 2897 Ἰουδαϊκῆς
2540 2824 2768 2896 γνώμης
2802 2823 3110 2893 ὑπόσαθρον
3142 2818 3232 2893 ἦν,
3260 2821 3349 2875 διὰ
3388 2821 3546 2875 τοῦτο
3592 2823 3656 2875 ἐκ
3684 2821 3786 2890 τῆς

2201 2916 2694 2990 ἀλαϐαστροθήκης
2726 2915 2913 2987 ὑμῶν,
2945 2917 3003 2967 ὲν
3036 2917 3148 2978 τοῖς
3180 2912 3311 2967 ποσί
3343 2930 3443 2984 μου
3481 2909 3783 2980 ἐξεκενὼοη

2201 3010 2262 3063 τὸ
2290 3008 2460 3081 μύρον
2484 3026 2499 3042 ο
2538 3009 2625 3062 ἵνα.
2652 3007 2719 3060 δι’
2749 3006 2882 3078 ἐμοῦ
2920 3008 2999 3070 εἰς
3030 3005 3098 3059 τὰ
3132 3004 3258 3077 ἔθνη
3294 3003 3655 3076 μετοχετεύθη
3683 3005 3787 3071 τῆς

2202 3099 2431 3163 εὐωδίας
2472 3101 2504 3171 ἡ
2539 3100 2717 3170 χάρις.
2757 3094 2839 3153 Οὗ
2878 3097 3056 3169 χάριν
3080 3096 3237 3167 ,λέγω
3281 3111 3381 3151 σοι
3406 3113 3420 3126 ο
3463 3096 3788 3164 Ἀφέωνται

2202 3191 2395 3260 αὐτῆς
2423 3193 2483 3244 αἱ
2512 3190 2789 3259 ἁμαρτίαι
2823 3193 2881 3245 al
2918 3189 3146 3244 πολλαί
3164 3204 3177 3219 ·
3211 3189 3294 3242 ὅτι
3325 3188 3389 3242 σὺ
3421 3186 3520 3259 μὲν
3549 3186 3783 3258 ὀμορῥό⁶

2202 3281 2322 3354 φιόν
2378 3300 2445 3353 με
2480 3281 2771 3354 δεξάμενος
2795 3323 2810 3346 ,
2850 3282 2971 3337 οὐδὲ
3008 3283 3275 3354 φιλήματι
3316 3281 3616 3351 ἐτίμησας,
3664 3278 3790 3332 οὐδὲ

2201 3374 2503 3447 ἀλείμματί
2536 3392 2603 3445 με
2649 3374 3059 3445 ἐθεράπευσας,
3091 3372 3234 3441 αὕτη
3264 3371 3321 3423 δὲ
3364 3369 3573 3422 πολλῶν
3601 3368 3788 3423 κακῶν

2202 3467 2509 3540 ἀμνηστίαν
2553 3466 2827 3528 λαϐοῦσα,
2876 3462 3105 3534 ἐτίμησέ
3154 3479 3255 3532 με,
3291 3461 3356 3513 ὲκ
3400 3458 3652 3533 δακρύων
3690 3460 3790 3514 καὶ

2205 3560 2414 3632 μύρων,
2454 3557 2617 3612 οἱονεὶ
2660 3555 2835 3626 δύερυῆ
2874 3552 3248 3625 κερασαμὲνη.

2273 3669 2377 3743 ΙΒξ,
2415 3668 2829 3740 Μακαρίσωμεν
2870 3663 2964 3722 οὖν
2984 3668 3084 3740 τὴν
3105 3667 3413 3741 ἄνθρωπον,
3434 3668 3534 3741 τὴν
3547 3667 3617 3723 τὰ
3645 3667 3791 3732 Εὔας

2195 3759 2515 3829 καλύψασαν
2542 3759 2717 3824 κακὰ,
2748 3759 2849 3830 τὴν
2883 3759 3228 3831 ἁμαρτωλὸν,
3274 3759 3374 3830 τὴν
3417 3762 3646 3831 πόρνην,
3686 3758 3788 3828 τὴν

2197 3849 2454 3922 πρόξενον
2492 3848 2601 3903 τῶν
2648 3849 2890 3919 ἀγαθῶν.
2918 3849 3016 3922 τὴν
3058 3850 3221 3905 αὐτὸν
3274 3850 3367 3904 τὸν
3419 3851 3613 3921 κριτὴν
3663 3866 3788 3901 συνυ

2197 3944 2396 4014 ήγορον
2458 3943 2781 4013 ἐσχηκυῖαν,
2853 3943 2953 4010 τὴν
3035 3942 3266 4015 δάκρυσι
3338 3943 3641 4012 νικήσασαν
3695 3941 3788 3994 τὸν

2195 4033 2295 4104 τῆς
2351 4032 2587 4103 κρίσεως
2635 4033 2892 4104 ὀδυρμόν.
2948 4033 3102 4086 Ὅσοι
3169 4032 3430 4104 πάρεστε,
3499 4029 3785 4102 ζηλώσατε

2197 4123 2342 4197 ἆπερ
2395 4123 2668 4195 ἠκούσατε
2695 4143 2709 4156 ·
2755 4126 2851 4180 καὶ
2887 4126 2990 4197 τῆς
3037 4125 3243 4199 πόρνης
3293 4126 3368 4197 μὴ
3420 4124 3520 4197 τὴν
3563 4124 3779 4196 ἡδονὴν,

2197 4217 2335 4272 ἀλλὰ
2390 4218 2482 4272 τὸν
2533 4217 2730 4291 θρῆνον
2784 4218 3116 4290 μιμήσασθε.
3186 4220 3251 4272 Ἥ
3298 4218 3461 4289 ἡδονὴ
3519 4218 3620 4289 μὲν
3672 4217 3785 4288 γὰρ

2153 4330 2159 4339 ι
2198 4309 2289 4365 τὸν
2351 4308 2549 4382 θρῆνον
2595 4308 2921 4379 ἐγέννησεν·
2966 4309 2996 4361 ό
3043 4309 3241 4380 θρῆνος
3286 4308 3376 4370 δὲ,
3428 4308 3537 4362 τῶν
3591 4308 3782 4362 κακῶν

2199 4398 2297 4470 τὴν
2317 4399 2473 4454 λύσιν
2504 4398 2861 4471 προεξενησε.
2889 4400 3132 4453 Λούσατε
3161 4395 3254 4453 οὖν
3284 4399 3438 4470 ὑμῶν
3472 4400 3546 4470 μὴ
3574 4398 3790 4462 ὕδασιν,

2201 4491 2336 4547 ἀλλὰ
2365 4491 2596 4566 δάκρυσι
2642 4491 2705 4548 τό
2739 4493 2932 4566 σῶμα·
2974 4492 3233 4564 ἀλείψατε
3281 4493 3357 4565 μὴ
3405 4492 3630 4565 μύροις,
3672 4493 3788 4547 ἀλλ’

1744 4694 1787 4726 ³⁷
1812 4692 1971 4748 Cant.
2006 4704 2041 4755 t,
2080 4693 2136 4749 Ξ.
2206 4662 2213 4667 Ι

597 4875 709 4946 (79)
743 4875 818 4929 Τὰ
838 4874 956 4946 μὲν
999 4875 1230 4930 ἄνωθεν
1276 4874 1612 4945 θαυμάσαςο
1638 4875 1712 4929 τὰ
1741 4873 1810 4928 δὲ
1837 4873 2097 4928 κάτωθεν

2211 4889 2316 4942 que
2343 4872 2486 4946 velut
2513 4871 2801 4943 propheta,
2827 4870 2989 4946 prius
3015 4884 3177 4946 quam
3211 4882 3269 4946 se
3291 4868 3413 4924 cibo
3440 4866 3781 4946 corruptibili

517 4944 614 5017 μὴ
636 4944 1032 5014 θεραπεύσας.
1054 4945 1158 5012 Qui
1188 4944 1457 5017 superiora
1469 4949 1679 5012 quidem
1695 4946 1768 5000 sis
1785 4947 2101 5010 admiratus,

524 5016 781 5087 inferiora
808 5023 984 5088 autem
1030 5033 1131 5088 non
1160 5017 1370 5088 foveris.
1406 5016 1508 5088 Qui
1539 5027 1597 5071 ut
1628 5018 1944 5088 prophetam
1977 5017 2101 5087 qui—

524 5085 645 5142 dem
672 5097 724 5140 et
754 5086 1051 5156 sapientem
1090 5085 1387 5141 honoriﬁce
1412 5085 1691 5155 e’xeeperis
1729 5085 2005 5156 convivio,
2043 5094 2099 5139 et

527 5161 753 5212 honeste
784 5155 1071 5211 habueris:
1098 5157 1259 5223 pedes
1283 5167 1461 5221 autem
1493 5173 1640 5210 Illetls
1667 5168 1721 5210 et
1752 5155 1937 5210 inﬁma
1970 5170 2094 5209 cor-

526 5228 690 5289 poris,
738 5244 842 5281 non
903 5226 1165 5294 obsequio
1196 5225 1424 5292 foveris;
1489 5226 1621 5281 nihil
1668 5227 1812 5280 enim
1847 5226 1991 5280 aliud
2034 5225 2104 5279 τὰ

432 5340 443 5347 .
524 5295 750 5361 ἄνωθεν,
784 5297 879 5350 καὶ
911 5295 1156 5349 κάτωθεν
1189 5297 1290 5349 hoc
1323 5296 1438 5351 loco
1461 5297 1745 5351 voluerint.

599 5367 708 5431 (80)
775 5366 902 5436 Ἀφ’
955 5361 1033 5436 ἧς
1087 5363 1397 5436 εἰσῆλθεν.
1439 5365 1649 5420 Habent
1704 5365 1863 5421 modo
1913 5363 2099 5421 Grmca

526 5437 806 5507 εἰσῆλθον·
842 5434 1113 5506 quomodo
1156 5434 1442 5507 Jansenius
1487 5447 1637 5502 putat
1693 5437 1998 5507 legendum,
2053 5445 2105 5489 et

527 5509 602 5558 ait
634 5506 833 5560 habere
858 5508 1055 5559 inultos
1091 5506 1343 5573 antiquos
1366 5509 1600 5573 codices,
1635 5506 1805 5572 prima
1835 5522 2103 5575 persona:

528 5576 611 5630 lia:
627 5594 727 5645 quo
761 5578 973 5629 intrari.
1002 5576 1202 5629 Sensus
1236 5587 1413 5629 tamen
1446 5578 1818 5631 incommodus
1855 5586 1966 5641 est;
2001 5592 2104 5631 non

525 5647 668 5698 enim
702 5654 808 5695 tam
845 5647 1036 5697 festiue
1065 5648 1274 5699 videtur
1334 5647 1528 5699 mulier
1563 5647 1651 5700 illa
1698 5655 1882 5700 st'cuta
1923 5647 2100 5700 Domi-

530 5730 678 5787 nuto,
712 5724 769 5767 ut
796 5716 987 5787 _stalim
1024 5725 1185 5787 atque
1234 5719 1508 5783 ingressus
1542 5728 1648 5778 est,
1702 5719 1937 5787 potuerit
1989 5714 2104 5783 ejus

530 5785 691 5852 pedes
722 5784 941 5838 abluere
962 5827 977 5845 ,
1024 5786 1399 5853 tnaxintequia
1434 5803 1538 5843 non
1564 5784 1732 5841 abluit
1756 5788 1855 5841 nisi
1887 5803 2103 5841 recutit-

528 5857 735 5915 bentis-
769 5864 849 5911 est
874 5866 1051 5910 autem
1079 5855 1386 5924 verisimile,
1421 5868 1476 5913 ut
1513 5859 1786 5927 ingressus
1818 5867 2102 5926 exceptus-

2209 4937 2536 5014 paseendum
2561 4937 2980 5014 cdrnposruisset,
3014 4937 3198 4995 multis
3233 4939 3554 5014 ipse_verbis
3576 5007 3588 5014 .
3612 4937 3791 4992 sacris

2205 5007 2699 5081 cmlestiqueepulo
2714 5013 2979 5082 hospitem
3001 5026 3157 5066 suum
3183 5009 3409 5082 paverit.
3429 5007 3617 5063 Fuerit
3645 5023 3777 5078 ergo

2199 5078 2534 5149 credibilius,
2550 5078 2898 5150 interpretem
2918 5091 3162 5136 nostrum
3177 5078 3558 5150 correctiorem
3575 5088 3789 5150 nactum

2198 5148 2728 5222 codicem,etqnalis
2754 5151 3136 5222 Ampliiloc‘bio
3167 5149 3290 5211 fuit,
3324 5148 3559 5222 inquem
3583 5149 3645 5202 τὸ
3678 5149 3791 5222 εἰσ-

2199 5224 2366 5294 ῆλθον
2398 5225 2518 5279 loco
2546 5219 2641 5275 τόὖ
2663 5220 2914 5293 εἰσῆλθεν
2930 5220 3073 5277 facili
3101 5220 3503 5294 permutatione
3537 5234 3602 5294 ac
3653 5219 3788 5294 mala

2202 5286 2438 5349 lectione
2470 5286 2799 5357 irrepserit':
2839 5307 3001 5359 quam
3044 5286 3346 5344 ut‘Latinus
3387 5290 3587 5359 aliquis
3615 5286 3784 5359 alien-

2209 5381 2303 5419 sus
2336 5365 2462 5419 dicti
2487 5362 2819 5424 diliicultate,
2852 5356 2936 5425 τὸ,
2972 5358 3201 5421 Intraui,
3240 5356 3508 5414 mutatum
3562 5356 3786 5412 voluerit

2211 5436 2266 5490 in
2292 5435 2527 5494 intrarit,
2566 5448 2733 5501 quare
2762 5431 3119 5501 illudmerito
3152 5429 3378 5501 Syxtina
3425 5434 3785 5501 retinuerunt.
3824 5438 3834 5447 ‘

2286 5504 2398 5577 (81)
2421 5502 2556 5577 Πῶς
2577 5496 2709 5572 γάρ,
2735 5518 2790 5577 κ.
2826 5517 2878 5556 τ.
2902 5500 2966 5577 λ.-
2985 5496 3258 5566 Quomodo
3285 5508 3485 5577 poterat
3513 5496 3791 5577 capiti-lto:-

2212 5564 2391 5629 norem
2418 5564 2627 5642 habere,
2646 5564 2777 5642 'qui,
2806 5582 2916 5625 etc.
2941 5564 3112 5625 Acnte
3143 5564 3481 5642 perstringit,
3509 5575 3564 5620 et
3590 5564 3792 5620 indicat

2208 5646 2261 5699 in
2295 5646 2520 5712 pedibus
2563 5639 2688 5697 Jesu
2741 5651 2954 5710 spretos
2994 5656 3262 5712 pauperes
3290 5639 3354 5712 _'et_
3377 5639 3607 5712 fratres,
3655 5650 3793 5712 quos

2200 5706 2308 5783 qui
2344 5714 2573 5781 spernit,
2627 5706 2788 5781 capiti
2830 5712 2955 5766 Jesu
2991 5706 3216 5783 ejusque
3236 5706 3541 5783 _d__ivi_nitali,
3573 5707 3676 5783 etsi
3716 5706 3791 5783 ita

2209 5775 2525 5846 arbitretur,
2562 5775 2825 5837 honorem
2851 5798 2960 5837 non
2988 5775 3197 5836 tribuit.
3230 5778 3320 5834 Sic
3342 5775 3583 5833 Joannes
3610 5777 3679 5834 de
3704 5776 3785 5833 di-

2206 5854 2645 5923 lectionearguit.
