  <div class='ocr_page' id='page_1' title='image "/cluster/home/n/w/nwhite01/storage/ocr_20150623/39/mdp.39015010572892/050.png"; bbox 0 0 4118 6468; ppageno 0'>
   <div class='ocr_carea' id='block_1_1' title="bbox 304 440 3590 514">
    <p class='ocr_par' dir='ltr' id='par_1_1' title="bbox 304 440 3590 514">
     <span class='ocr_line' id='line_1_1' title="bbox 304 440 3590 514; baseline 0.009 -32"><span class='ocrx_word' id='word_1_1' title='bbox 304 443 372 499; x_wconf 72' lang='lat'><strong>39</strong></span> <span class='ocrx_word' id='word_1_2' title='bbox 1362 440 1627 499; x_wconf 68' lang='lat' dir='ltr'><strong>ORATIO</strong></span> <span class='ocrx_word' id='word_1_3' title='bbox 1667 443 1731 497; x_wconf 84' lang='lat' dir='ltr'><strong>lN</strong></span> <span class='ocrx_word' id='word_1_4' title='bbox 1773 443 1937 499; x_wconf 62' lang='lat' dir='ltr'><strong>DIE}!</strong></span> <span class='ocrx_word' id='word_1_5' title='bbox 1980 445 2271 503; x_wconf 77' lang='lat' dir='ltr'><strong>SABBA&#39;I‘I</strong></span> <span class='ocrx_word' id='word_1_6' title='bbox 2317 440 2587 506; x_wconf 72' lang='lat' dir='ltr'><strong>SANC’II.</strong></span> <span class='ocrx_word' id='word_1_7' title='bbox 3518 454 3590 514; x_wconf 85' lang='lat'><strong>90</strong></span> 
     </span>
    </p>
   </div>
   <div class='ocr_carea' id='block_1_2' title="bbox 306 546 1909 631">
    <p class='ocr_par' dir='ltr' id='par_1_2' title="bbox 306 550 1909 625">
     <span class='ocr_line' id='line_1_2' title="bbox 306 550 1909 625; baseline 0.002 -20"><span class='ocrx_word' id='word_1_8' title='bbox 306 551 505 623; x_wconf 75' lang='grc' dir='ltr'>ἁγνείᾳ</span> <span class='ocrx_word' id='word_1_9' title='bbox 534 551 616 606; x_wconf 75' lang='grc' dir='ltr'>τὰ</span> <span class='ocrx_word' id='word_1_10' title='bbox 639 551 800 624; x_wconf 80' lang='grc' dir='ltr'>μέλη.</span> <span class='ocrx_word' id='word_1_11' title='bbox 838 550 1164 606; x_wconf 79' lang='grc' dir='ltr'><strong>Ἐνδύσασθε</strong></span> <span class='ocrx_word' id='word_1_12' title='bbox 1192 552 1253 605; x_wconf 76' lang='grc' dir='ltr'><strong>οὐ</strong></span> <span class='ocrx_word' id='word_1_13' title='bbox 1276 552 1345 606; x_wconf 84' lang='grc' dir='ltr'>τὰ</span> <span class='ocrx_word' id='word_1_14' title='bbox 1374 553 1562 624; x_wconf 82' lang='grc' dir='ltr'>Σηρῶν</span> <span class='ocrx_word' id='word_1_15' title='bbox 1593 554 1909 625; x_wconf 83' lang='grc' dir='ltr'>ὑφάσματα,</span> 
     </span>
    </p>
   </div>
   <div class='ocr_carea' id='block_1_3' title="bbox 2019 546 3591 631">
    <p class='ocr_par' dir='ltr' id='par_1_3' title="bbox 2019 546 3591 631">
     <span class='ocr_line' id='line_1_3' title="bbox 2019 546 3591 631; baseline 0.003 -19"><span class='ocrx_word' id='word_1_16' title='bbox 2019 557 2323 622; x_wconf 88' lang='lat' dir='ltr'><strong>lnduimini,</strong></span> <span class='ocrx_word' id='word_1_17' title='bbox 2374 575 2478 613; x_wconf 88' lang='lat' dir='ltr'><strong>non</strong></span> <span class='ocrx_word' id='word_1_18' title='bbox 2546 568 2723 613; x_wconf 86' lang='lat' dir='ltr'><strong>vestes</strong></span> <span class='ocrx_word' id='word_1_19' title='bbox 2770 546 2994 627; x_wconf 86' lang='lat' dir='ltr'><strong>sericas,</strong></span> <span class='ocrx_word' id='word_1_20' title='bbox 3046 560 3139 616; x_wconf 88' lang='lat' dir='ltr'><strong>sed</strong></span> <span class='ocrx_word' id='word_1_21' title='bbox 3188 562 3591 631; x_wconf 82' lang='lat' dir='ltr'><strong>incorruptiblle</strong></span> 
     </span>
    </p>
   </div>
   <div class='ocr_carea' id='block_1_4' title="bbox 307 644 1913 719">
    <p class='ocr_par' dir='ltr' id='par_1_4' title="bbox 307 644 1913 719">
     <span class='ocr_line' id='line_1_4' title="bbox 307 644 1913 719; baseline 0.001 -21"><span class='ocrx_word' id='word_1_22' title='bbox 307 644 442 699; x_wconf 69' lang='lat' dir='ltr'><strong>am</strong></span> <span class='ocrx_word' id='word_1_23' title='bbox 471 644 541 697; x_wconf 82' lang='grc' dir='ltr'><strong>τὸ</strong></span> <span class='ocrx_word' id='word_1_24' title='bbox 566 645 853 715; x_wconf 78' lang='grc' dir='ltr'>ἄφθαρτον</span> <span class='ocrx_word' id='word_1_25' title='bbox 885 645 984 715; x_wconf 85' lang='grc' dir='ltr'>τῆς</span> <span class='ocrx_word' id='word_1_26' title='bbox 1023 645 1379 716; x_wconf 82' lang='grc' dir='ltr'>σωφροσύνης</span> <span class='ocrx_word' id='word_1_27' title='bbox 1421 646 1659 715; x_wconf 86' lang='grc' dir='ltr'>ἱμάτιον,</span> <span class='ocrx_word' id='word_1_28' title='bbox 1692 647 1781 702; x_wconf 82' lang='grc' dir='ltr'><strong>ἵνα</strong></span> <span class='ocrx_word' id='word_1_29' title='bbox 1812 649 1913 719; x_wconf 82' lang='grc' dir='ltr'>τῆς</span> 
     </span>
    </p>
   </div>
   <div class='ocr_carea' id='block_1_5' title="bbox 308 735 1913 809">
    <p class='ocr_par' dir='ltr' id='par_1_5' title="bbox 308 735 1913 809">
     <span class='ocr_line' id='line_1_5' title="bbox 308 735 1913 809; baseline 0 -19"><span class='ocrx_word' id='word_1_30' title='bbox 308 736 481 805; x_wconf 75' lang='grc' dir='ltr'>αὐτῆς</span> <span class='ocrx_word' id='word_1_31' title='bbox 505 736 725 807; x_wconf 82' lang='grc' dir='ltr'>τύχητε</span> <span class='ocrx_word' id='word_1_32' title='bbox 754 735 913 806; x_wconf 83' lang='grc' dir='ltr'><strong>δόξης</strong></span> <span class='ocrx_word' id='word_1_33' title='bbox 933 754 948 766; x_wconf 90' lang='grc'><strong>·</strong></span> <span class='ocrx_word' id='word_1_34' title='bbox 972 735 1128 801; x_wconf 82' lang='grc' dir='ltr'>δόξαν</span> <span class='ocrx_word' id='word_1_35' title='bbox 1168 736 1586 806; x_wconf 78' lang='grc' dir='ltr'><strong>ἀναπέμποντες</strong></span> <span class='ocrx_word' id='word_1_36' title='bbox 1611 738 1690 809; x_wconf 83' lang='grc' dir='ltr'>τῷ</span> <span class='ocrx_word' id='word_1_37' title='bbox 1732 737 1913 809; x_wconf 85' lang='grc' dir='ltr'><strong>Ἀμνῷ</strong></span> 
     </span>
    </p>
   </div>
   <div class='ocr_carea' id='block_1_6' title="bbox 304 818 1911 900">
    <p class='ocr_par' dir='ltr' id='par_1_6' title="bbox 304 818 1911 900">
     <span class='ocr_line' id='line_1_6' title="bbox 304 818 1911 900; baseline 0.004 -23"><span class='ocrx_word' id='word_1_38' title='bbox 304 828 393 881; x_wconf 79' lang='grc' dir='ltr'><strong>τοῦ</strong></span> <span class='ocrx_word' id='word_1_39' title='bbox 422 826 575 879; x_wconf 77' lang='grc' dir='ltr'>Θεοῦ</span> <span class='ocrx_word' id='word_1_40' title='bbox 604 865 625 890; x_wconf 92' lang='grc'><strong>,</strong></span> <span class='ocrx_word' id='word_1_41' title='bbox 656 827 734 898; x_wconf 83' lang='grc' dir='ltr'>τῷ</span> <span class='ocrx_word' id='word_1_42' title='bbox 766 827 974 898; x_wconf 76' lang='grc' dir='ltr'>αἴροντι</span> <span class='ocrx_word' id='word_1_43' title='bbox 1005 827 1102 898; x_wconf 84' lang='grc' dir='ltr'>τὴν</span> <span class='ocrx_word' id='word_1_44' title='bbox 1148 828 1425 899; x_wconf 78' lang='grc' dir='ltr'><strong>ἁμαρτίαν</strong></span> <span class='ocrx_word' id='word_1_45' title='bbox 1459 818 1552 881; x_wconf 74' lang='grc' dir='ltr'>τοῦ</span> <span class='ocrx_word' id='word_1_46' title='bbox 1587 829 1792 900; x_wconf 84' lang='grc' dir='ltr'><strong>κόσμου</strong></span> <span class='ocrx_word' id='word_1_47' title='bbox 1813 846 1826 859; x_wconf 73' lang='grc'><strong><em>⁸</em></strong></span> <span class='ocrx_word' id='word_1_48' title='bbox 1867 821 1911 897; x_wconf 81' lang='grc' dir='ltr'><strong>ᾧ</strong></span> 
     </span>
    </p>
   </div>
   <div class='ocr_carea' id='block_1_7' title="bbox 304 911 1912 991">
    <p class='ocr_par' dir='ltr' id='par_1_7' title="bbox 304 911 1912 991">
     <span class='ocr_line' id='line_1_7' title="bbox 304 911 1912 991; baseline 0.002 -22"><span class='ocrx_word' id='word_1_49' title='bbox 304 919 336 987; x_wconf 84' lang='grc' dir='ltr'><strong>ή</strong></span> <span class='ocrx_word' id='word_1_50' title='bbox 366 916 501 982; x_wconf 80' lang='grc' dir='ltr'>δόξα</span> <span class='ocrx_word' id='word_1_51' title='bbox 525 957 543 981; x_wconf 87' lang='grc'><strong>,</strong></span> <span class='ocrx_word' id='word_1_52' title='bbox 587 918 693 970; x_wconf 74' lang='grc' dir='ltr'><strong>καὶ</strong></span> <span class='ocrx_word' id='word_1_53' title='bbox 741 920 773 989; x_wconf 90' lang='grc' dir='ltr'><strong>ή</strong></span> <span class='ocrx_word' id='word_1_54' title='bbox 808 911 998 989; x_wconf 78' lang='grc' dir='ltr'>τιμὴ,’</span> <span class='ocrx_word' id='word_1_55' title='bbox 1028 920 1124 971; x_wconf 72' lang='grc' dir='ltr'>καὶ</span> <span class='ocrx_word' id='word_1_56' title='bbox 1165 921 1197 989; x_wconf 85' lang='grc' dir='ltr'><strong>ή</strong></span> <span class='ocrx_word' id='word_1_57' title='bbox 1242 919 1645 991; x_wconf 84' lang='grc' dir='ltr'>προσκύνησις,</span> <span class='ocrx_word' id='word_1_58' title='bbox 1700 921 1797 973; x_wconf 79' lang='grc' dir='ltr'><strong>σὺν</strong></span> <span class='ocrx_word' id='word_1_59' title='bbox 1833 919 1912 991; x_wconf 84' lang='grc' dir='ltr'><strong>τῷ</strong></span> 
     </span>
    </p>
   </div>
   <div class='ocr_carea' id='block_1_8' title="bbox 306 1009 1911 1082">
    <p class='ocr_par' dir='ltr' id='par_1_8' title="bbox 306 1009 1911 1082">
     <span class='ocr_line' id='line_1_8' title="bbox 306 1009 1911 1082; baseline 0.003 -20"><span class='ocrx_word' id='word_1_60' title='bbox 306 1009 481 1080; x_wconf 80' lang='grc' dir='ltr'>Πατρὶ</span> <span class='ocrx_word' id='word_1_61' title='bbox 517 1011 636 1062; x_wconf 82' lang='grc' dir='ltr'><strong>καὶ</strong></span> <span class='ocrx_word' id='word_1_62' title='bbox 664 1010 743 1080; x_wconf 81' lang='grc' dir='ltr'>τῷ</span> <span class='ocrx_word' id='word_1_63' title='bbox 773 1010 915 1080; x_wconf 82' lang='grc' dir='ltr'>ἁγίῳ</span> <span class='ocrx_word' id='word_1_64' title='bbox 940 1010 1241 1082; x_wconf 87' lang='grc' dir='ltr'>Πνεύματι,</span> <span class='ocrx_word' id='word_1_65' title='bbox 1277 1011 1373 1065; x_wconf 80' lang='grc' dir='ltr'>νῦν</span> <span class='ocrx_word' id='word_1_66' title='bbox 1419 1013 1515 1065; x_wconf 76' lang='grc' dir='ltr'>καὶ</span> <span class='ocrx_word' id='word_1_67' title='bbox 1542 1012 1664 1079; x_wconf 79' lang='grc' dir='ltr'>ἀεὶ,</span> <span class='ocrx_word' id='word_1_68' title='bbox 1699 1014 1795 1067; x_wconf 81' lang='grc' dir='ltr'><strong>καὶ</strong></span> <span class='ocrx_word' id='word_1_69' title='bbox 1828 1015 1911 1078; x_wconf 86' lang='grc' dir='ltr'><strong>εἰς</strong></span> 
     </span>
    </p>
   </div>
   <div class='ocr_carea' id='block_1_9' title="bbox 300 1098 1329 1172">
    <p class='ocr_par' dir='ltr' id='par_1_9' title="bbox 300 1098 1329 1172">
     <span class='ocr_line' id='line_1_9' title="bbox 300 1098 1329 1172; baseline 0 -19"><span class='ocrx_word' id='word_1_70' title='bbox 300 1101 424 1163; x_wconf 74' lang='grc' dir='ltr'>τοὺς</span> <span class='ocrx_word' id='word_1_71' title='bbox 453 1098 688 1163; x_wconf 92' lang='grc' dir='ltr'>αἰῶνας</span> <span class='ocrx_word' id='word_1_72' title='bbox 712 1099 821 1153; x_wconf 85' lang='grc' dir='ltr'><strong>τῶν</strong></span> <span class='ocrx_word' id='word_1_73' title='bbox 853 1099 1061 1155; x_wconf 73' lang='grc' dir='ltr'>αἰώνων</span> <span class='ocrx_word' id='word_1_74' title='bbox 1082 1118 1097 1131; x_wconf 89' lang='grc'><strong>·</strong></span> <span class='ocrx_word' id='word_1_75' title='bbox 1138 1102 1329 1172; x_wconf 72' lang='grc' dir='ltr'>Ἀμήν.</span> 
     </span>
    </p>
   </div>
   <div class='ocr_carea' id='block_1_10' title="bbox 953 1194 1296 1247">
    <p class='ocr_par' dir='ltr' id='par_1_10' title="bbox 953 1194 1296 1247">
     <span class='ocr_line' id='line_1_10' title="bbox 953 1194 1296 1247; baseline -0.003 0"><span class='ocrx_word' id='word_1_76' title='bbox 953 1194 1173 1247; x_wconf 87' lang='grc' dir='ltr'><strong>ΛΟΓΟΣ</strong></span> <span class='ocrx_word' id='word_1_77' title='bbox 1222 1195 1296 1246; x_wconf 85' lang='grc' dir='ltr'><strong>Ε’.</strong></span> 
     </span>
    </p>
   </div>
   <div class='ocr_carea' id='block_1_11' title="bbox 401 1286 1797 1358">
    <p class='ocr_par' dir='ltr' id='par_1_11' title="bbox 401 1286 1797 1358">
     <span class='ocr_line' id='line_1_11' title="bbox 401 1286 1797 1358; baseline -0.001 -16"><span class='ocrx_word' id='word_1_78' title='bbox 401 1290 520 1354; x_wconf 81' lang='grc' dir='ltr'>Εἰς</span> <span class='ocrx_word' id='word_1_79' title='bbox 556 1288 693 1356; x_wconf 76' lang='grc' dir='ltr'>τήν</span> <span class='ocrx_word' id='word_1_80' title='bbox 724 1287 956 1357; x_wconf 75' lang='grc' dir='ltr'>ἡμέραν</span> <span class='ocrx_word' id='word_1_81' title='bbox 985 1286 1093 1340; x_wconf 84' lang='grc' dir='ltr'>τοῦ</span> <span class='ocrx_word' id='word_1_82' title='bbox 1122 1287 1295 1355; x_wconf 79' lang='grc' dir='ltr'>ἁγίου</span> <span class='ocrx_word' id='word_1_83' title='bbox 1324 1286 1631 1341; x_wconf 79' lang='grc' dir='ltr'>Σαϐϐάτου</span> <span class='ocrx_word' id='word_1_84' title='bbox 1660 1287 1797 1358; x_wconf 68' lang='lat'><strong>(82).</strong></span> 
     </span>
    </p>
   </div>
   <div class='ocr_carea' id='block_1_12' title="bbox 348 1375 1910 1454">
    <p class='ocr_par' dir='ltr' id='par_1_12' title="bbox 348 1375 1910 1454">
     <span class='ocr_line' id='line_1_12' title="bbox 348 1375 1910 1454; baseline 0.002 -25"><span class='ocrx_word' id='word_1_85' title='bbox 348 1375 432 1431; x_wconf 80' lang='lat' dir='ltr'><strong>A’.</strong></span> <span class='ocrx_word' id='word_1_86' title='bbox 475 1378 825 1447; x_wconf 86' lang='grc' dir='ltr'>Ἐπιτάφιον</span> <span class='ocrx_word' id='word_1_87' title='bbox 850 1376 1043 1454; x_wconf 77' lang='grc' dir='ltr'>ἑορτὴν</span> <span class='ocrx_word' id='word_1_88' title='bbox 1073 1375 1168 1429; x_wconf 84' lang='grc' dir='ltr'>τοῦ</span> <span class='ocrx_word' id='word_1_89' title='bbox 1198 1377 1452 1449; x_wconf 83' lang='grc' dir='ltr'><strong>Σωτῆρος</strong></span> <span class='ocrx_word' id='word_1_90' title='bbox 1472 1377 1628 1448; x_wconf 86' lang='grc' dir='ltr'>ἡμῶν</span> <span class='ocrx_word' id='word_1_91' title='bbox 1650 1379 1910 1451; x_wconf 79' lang='grc' dir='ltr'>ἑορτάζο-</span> 
     </span>
    </p>
   </div>
   <div class='ocr_carea' id='block_1_13' title="bbox 301 1470 1906 1543">
    <p class='ocr_par' dir='ltr' id='par_1_13' title="bbox 301 1470 1906 1543">
     <span class='ocr_line' id='line_1_13' title="bbox 301 1470 1906 1543; baseline 0.002 -20"><span class='ocrx_word' id='word_1_92' title='bbox 301 1487 398 1540; x_wconf 78' lang='grc' dir='ltr'><strong>μεν</strong></span> <span class='ocrx_word' id='word_1_93' title='bbox 422 1471 719 1543; x_wconf 78' lang='grc' dir='ltr'><strong>σήμερον.</strong></span> <span class='ocrx_word' id='word_1_94' title='bbox 755 1472 866 1525; x_wconf 72' lang='grc' dir='ltr'>Καὶ</span> <span class='ocrx_word' id='word_1_95' title='bbox 884 1472 913 1523; x_wconf 92' lang='lat'><strong>6</strong></span> <span class='ocrx_word' id='word_1_96' title='bbox 938 1470 1232 1542; x_wconf 72' lang='grc' dir='ltr'>μὲν,παρά</span> <span class='ocrx_word' id='word_1_97' title='bbox 1261 1473 1371 1534; x_wconf 85' lang='grc' dir='ltr'>τοῖς</span> <span class='ocrx_word' id='word_1_98' title='bbox 1402 1474 1616 1541; x_wconf 79' lang='grc' dir='ltr'>νεκροῖς</span> <span class='ocrx_word' id='word_1_99' title='bbox 1643 1471 1792 1525; x_wconf 85' lang='grc' dir='ltr'>κάτω</span> <span class='ocrx_word' id='word_1_100' title='bbox 1812 1475 1906 1529; x_wconf 82' lang='grc' dir='ltr'>τοῦ</span> 
     </span>
    </p>
   </div>
   <div class='ocr_carea' id='block_1_14' title="bbox 298 1560 1910 1636">
    <p class='ocr_par' dir='ltr' id='par_1_14' title="bbox 298 1560 1910 1636">
     <span class='ocr_line' id='line_1_14' title="bbox 298 1560 1910 1636; baseline 0.003 -23"><span class='ocrx_word' id='word_1_101' title='bbox 298 1560 544 1615; x_wconf 83' lang='grc' dir='ltr'>θανάτου</span> <span class='ocrx_word' id='word_1_102' title='bbox 584 1563 664 1616; x_wconf 73' lang='grc' dir='ltr'>τὰ</span> <span class='ocrx_word' id='word_1_103' title='bbox 689 1563 865 1634; x_wconf 88' lang='grc' dir='ltr'>δεσμά</span> <span class='ocrx_word' id='word_1_104' title='bbox 891 1562 1141 1628; x_wconf 84' lang='grc' dir='ltr'><strong>διαλύων,</strong></span> <span class='ocrx_word' id='word_1_105' title='bbox 1172 1563 1266 1616; x_wconf 74' lang='grc' dir='ltr'><strong>καὶ</strong></span> <span class='ocrx_word' id='word_1_106' title='bbox 1288 1563 1465 1633; x_wconf 86' lang='grc' dir='ltr'>φωτὸς</span> <span class='ocrx_word' id='word_1_107' title='bbox 1486 1563 1578 1618; x_wconf 88' lang='grc' dir='ltr'><strong>τὸν</strong></span> <span class='ocrx_word' id='word_1_108' title='bbox 1607 1563 1740 1636; x_wconf 75' lang='grc' dir='ltr'>ᾅδην</span> <span class='ocrx_word' id='word_1_109' title='bbox 1773 1564 1910 1635; x_wconf 83' lang='grc' dir='ltr'>πλη-</span> 
     </span>
    </p>
   </div>
   <div class='ocr_carea' id='block_1_15' title="bbox 298 1651 1906 1727">
    <p class='ocr_par' dir='ltr' id='par_1_15' title="bbox 298 1651 1906 1727">
     <span class='ocr_line' id='line_1_15' title="bbox 298 1651 1906 1727; baseline 0.002 -23"><span class='ocrx_word' id='word_1_110' title='bbox 298 1651 429 1720; x_wconf 84' lang='grc' dir='ltr'>ρῶν,</span> <span class='ocrx_word' id='word_1_111' title='bbox 482 1654 597 1706; x_wconf 75' lang='grc' dir='ltr'><strong>καὶ</strong></span> <span class='ocrx_word' id='word_1_112' title='bbox 634 1652 950 1722; x_wconf 79' lang='grc' dir='ltr'>ἀφυπνίζων</span> <span class='ocrx_word' id='word_1_113' title='bbox 982 1655 1110 1717; x_wconf 74' lang='grc' dir='ltr'>τοὺς</span> <span class='ocrx_word' id='word_1_114' title='bbox 1149 1654 1584 1725; x_wconf 81' lang='grc' dir='ltr'>κεκοιμημένους</span> <span class='ocrx_word' id='word_1_115' title='bbox 1609 1672 1621 1683; x_wconf 91' lang='grc'><strong>·</strong></span> <span class='ocrx_word' id='word_1_116' title='bbox 1655 1658 1819 1727; x_wconf 81' lang='grc' dir='ltr'><strong>ἡμεῖς</strong></span> <span class='ocrx_word' id='word_1_117' title='bbox 1851 1656 1906 1708; x_wconf 83' lang='grc' dir='ltr'>δὲ</span> 
     </span>
    </p>
   </div>
   <div class='ocr_carea' id='block_1_16' title="bbox 296 1743 1903 1818">
    <p class='ocr_par' dir='ltr' id='par_1_16' title="bbox 296 1743 1903 1818">
     <span class='ocr_line' id='line_1_16' title="bbox 296 1743 1903 1818; baseline 0.004 -23"><span class='ocrx_word' id='word_1_118' title='bbox 296 1743 627 1816; x_wconf 83' lang='grc' dir='ltr'>χορεύομεν</span> <span class='ocrx_word' id='word_1_119' title='bbox 657 1746 798 1817; x_wconf 82' lang='grc' dir='ltr'>ὑπὲρ</span> <span class='ocrx_word' id='word_1_120' title='bbox 824 1745 953 1816; x_wconf 83' lang='grc' dir='ltr'>γῆν,</span> <span class='ocrx_word' id='word_1_121' title='bbox 991 1745 1089 1817; x_wconf 83' lang='grc' dir='ltr'>τὴν</span> <span class='ocrx_word' id='word_1_122' title='bbox 1131 1746 1428 1801; x_wconf 83' lang='grc' dir='ltr'>ἀνάστασιν</span> <span class='ocrx_word' id='word_1_123' title='bbox 1475 1746 1903 1818; x_wconf 77' lang='grc' dir='ltr'>φανταζόμενοι,</span> 
     </span>
    </p>
   </div>
   <div class='ocr_carea' id='block_1_17' title="bbox 297 1835 1906 1911">
    <p class='ocr_par' dir='ltr' id='par_1_17' title="bbox 297 1835 1906 1911">
     <span class='ocr_line' id='line_1_17' title="bbox 297 1835 1906 1911; baseline 0.004 -25"><span class='ocrx_word' id='word_1_124' title='bbox 297 1835 390 1887; x_wconf 70' lang='grc' dir='ltr'><strong>καὶ</strong></span> <span class='ocrx_word' id='word_1_125' title='bbox 424 1837 495 1889; x_wconf 81' lang='grc' dir='ltr'><strong>οὐ</strong></span> <span class='ocrx_word' id='word_1_126' title='bbox 551 1835 880 1907; x_wconf 78' lang='grc' dir='ltr'>δεδοίκαμεν</span> <span class='ocrx_word' id='word_1_127' title='bbox 922 1839 1022 1908; x_wconf 84' lang='grc' dir='ltr'>τὴν</span> <span class='ocrx_word' id='word_1_128' title='bbox 1071 1838 1298 1911; x_wconf 84' lang='grc' dir='ltr'>φθορὰν,</span> <span class='ocrx_word' id='word_1_129' title='bbox 1356 1839 1431 1910; x_wconf 82' lang='grc' dir='ltr'>μὴ</span> <span class='ocrx_word' id='word_1_130' title='bbox 1472 1839 1778 1910; x_wconf 80' lang='grc' dir='ltr'>κατισχύσῃ</span> <span class='ocrx_word' id='word_1_131' title='bbox 1809 1841 1906 1909; x_wconf 83' lang='grc' dir='ltr'>τῆς</span> 
     </span>
    </p>
   </div>
   <div class='ocr_carea' id='block_1_18' title="bbox 2020 650 3595 722">
    <p class='ocr_par' dir='ltr' id='par_1_18' title="bbox 2020 650 3595 722">
     <span class='ocr_line' id='line_1_18' title="bbox 2020 650 3595 722; baseline 0.004 -21"><span class='ocrx_word' id='word_1_132' title='bbox 2020 650 2384 716; x_wconf 69' lang='lat' dir='ltr'><strong>temperantia:</strong></span> <span class='ocrx_word' id='word_1_133' title='bbox 2419 650 2812 713; x_wconf 72' lang='lat' dir='ltr'><strong>indumentum,</strong></span> <span class='ocrx_word' id='word_1_134' title='bbox 2851 661 2908 703; x_wconf 92' lang='lat' dir='ltr'><strong>ut</strong></span> <span class='ocrx_word' id='word_1_135' title='bbox 2940 666 3123 719; x_wconf 90' lang='lat' dir='ltr'><strong>parem</strong></span> <span class='ocrx_word' id='word_1_136' title='bbox 3153 652 3376 722; x_wconf 78' lang='lat' dir='ltr'><strong>gloriam</strong></span> <span class='ocrx_word' id='word_1_137' title='bbox 3403 668 3595 708; x_wconf 77' lang='lat' dir='ltr'><strong>conse-</strong></span> 
     </span>
    </p>
   </div>
   <div class='ocr_carea' id='block_1_19' title="bbox 2017 724 3588 812">
    <p class='ocr_par' dir='ltr' id='par_1_19' title="bbox 2017 724 3588 812">
     <span class='ocr_line' id='line_1_19' title="bbox 2017 724 3588 812; baseline 0.004 -23"><span class='ocrx_word' id='word_1_138' title='bbox 2017 739 2278 807; x_wconf 88' lang='lat' dir='ltr'><strong>quamini,</strong></span> <span class='ocrx_word' id='word_1_139' title='bbox 2324 738 2547 809; x_wconf 79' lang='lat' dir='ltr'><strong>gloriam</strong></span> <span class='ocrx_word' id='word_1_140' title='bbox 2601 724 2983 800; x_wconf 83' lang='lat' dir='ltr'><strong>submittcntes</strong></span> <span class='ocrx_word' id='word_1_141' title='bbox 3027 742 3180 812; x_wconf 85' lang='lat' dir='ltr'><strong>Agno</strong></span> <span class='ocrx_word' id='word_1_142' title='bbox 3235 743 3310 796; x_wconf 92' lang='lat' dir='ltr'><strong>illi</strong></span> <span class='ocrx_word' id='word_1_143' title='bbox 3350 743 3464 809; x_wconf 87' lang='lat' dir='ltr'><strong>Dei,</strong></span> <span class='ocrx_word' id='word_1_144' title='bbox 3499 743 3588 812; x_wconf 87' lang='lat' dir='ltr'><strong>qui</strong></span> 
     </span>
    </p>
   </div>
   <div class='ocr_carea' id='block_1_20' title="bbox 2020 829 3593 902">
    <p class='ocr_par' dir='ltr' id='par_1_20' title="bbox 2020 829 3593 902">
     <span class='ocr_line' id='line_1_20' title="bbox 2020 829 3593 902; baseline 0.003 -20"><span class='ocrx_word' id='word_1_145' title='bbox 2020 829 2152 882; x_wconf 80' lang='lat' dir='ltr'><strong>tollit</strong></span> <span class='ocrx_word' id='word_1_146' title='bbox 2176 840 2454 898; x_wconf 88' lang='lat' dir='ltr'><strong>peccatum</strong></span> <span class='ocrx_word' id='word_1_147' title='bbox 2488 832 2669 885; x_wconf 89' lang='lat' dir='ltr'><strong>mundi</strong></span> <span class='ocrx_word' id='word_1_148' title='bbox 2693 831 2740 863; x_wconf 81' lang='grc'><strong>³⁸</strong></span> <span class='ocrx_word' id='word_1_149' title='bbox 2760 848 2774 884; x_wconf 91' lang='lat'><strong>:</strong></span> <span class='ocrx_word' id='word_1_150' title='bbox 2798 832 2882 885; x_wconf 88' lang='lat' dir='ltr'><strong>cui</strong></span> <span class='ocrx_word' id='word_1_151' title='bbox 2898 831 3065 898; x_wconf 76' lang='lat' dir='ltr'><strong>gloria</strong></span> <span class='ocrx_word' id='word_1_152' title='bbox 3081 834 3361 902; x_wconf 85' lang='lat' dir='ltr'><strong>honorque</strong></span> <span class='ocrx_word' id='word_1_153' title='bbox 3379 844 3435 889; x_wconf 88' lang='lat' dir='ltr'><strong>et</strong></span> <span class='ocrx_word' id='word_1_154' title='bbox 3462 833 3593 888; x_wconf 84' lang='lat' dir='ltr'><strong>ado-</strong></span> 
     </span>
    </p>
   </div>
   <div class='ocr_carea' id='block_1_21' title="bbox 2018 915 3589 994">
    <p class='ocr_par' dir='ltr' id='par_1_21' title="bbox 2018 915 3589 994">
     <span class='ocr_line' id='line_1_21' title="bbox 2018 915 3589 994; baseline 0.004 -24"><span class='ocrx_word' id='word_1_155' title='bbox 2018 919 2181 981; x_wconf 84' lang='lat' dir='ltr'><strong>ratio,</strong></span> <span class='ocrx_word' id='word_1_156' title='bbox 2213 933 2334 971; x_wconf 91' lang='lat' dir='ltr'><strong>cum</strong></span> <span class='ocrx_word' id='word_1_157' title='bbox 2356 917 2518 973; x_wconf 82' lang='lat' dir='ltr'><strong>Patre</strong></span> <span class='ocrx_word' id='word_1_158' title='bbox 2545 929 2599 973; x_wconf 90' lang='lat' dir='ltr'><strong>et</strong></span> <span class='ocrx_word' id='word_1_159' title='bbox 2624 919 2830 988; x_wconf 91' lang='lat' dir='ltr'><strong>Spiritu</strong></span> <span class='ocrx_word' id='word_1_160' title='bbox 2860 915 3069 988; x_wconf 73' lang='lat' dir='ltr'><strong>sa&#39;ncto,</strong></span> <span class='ocrx_word' id='word_1_161' title='bbox 3098 937 3243 977; x_wconf 87' lang='lat' dir='ltr'><strong>nunc</strong></span> <span class='ocrx_word' id='word_1_162' title='bbox 3275 932 3330 977; x_wconf 93' lang='lat' dir='ltr'><strong>et</strong></span> <span class='ocrx_word' id='word_1_163' title='bbox 3358 938 3589 994; x_wconf 84' lang='lat' dir='ltr'><strong>semper,</strong></span> 
     </span>
    </p>
   </div>
   <div class='ocr_carea' id='block_1_22' title="bbox 2016 1010 2985 1069">
    <p class='ocr_par' dir='ltr' id='par_1_22' title="bbox 2016 1010 2985 1069">
     <span class='ocr_line' id='line_1_22' title="bbox 2016 1010 2985 1069; baseline 0.006 -6"><span class='ocrx_word' id='word_1_164' title='bbox 2016 1017 2071 1063; x_wconf 85' lang='lat' dir='ltr'><strong>et</strong></span> <span class='ocrx_word' id='word_1_165' title='bbox 2103 1011 2156 1064; x_wconf 91' lang='lat' dir='ltr'><strong>iu</strong></span> <span class='ocrx_word' id='word_1_166' title='bbox 2187 1010 2381 1064; x_wconf 64' lang='lat' dir='ltr'><strong>saecula</strong></span> <span class='ocrx_word' id='word_1_167' title='bbox 2417 1010 2762 1066; x_wconf 66' lang='lat' dir='ltr'><strong>saeculorum.</strong></span> <span class='ocrx_word' id='word_1_168' title='bbox 2789 1015 2985 1069; x_wconf 81' lang='lat' dir='ltr'><strong>Amen.</strong></span> 
     </span>
    </p>
   </div>
   <div class='ocr_carea' id='block_1_23' title="bbox 2620 1190 2987 1247">
    <p class='ocr_par' dir='ltr' id='par_1_23' title="bbox 2620 1190 2987 1247">
     <span class='ocr_line' id='line_1_23' title="bbox 2620 1190 2987 1247; baseline 0.003 -1"><span class='ocrx_word' id='word_1_169' title='bbox 2620 1190 2875 1247; x_wconf 76' lang='lat' dir='ltr'><strong>ORATIO</strong></span> <span class='ocrx_word' id='word_1_170' title='bbox 2923 1191 2987 1247; x_wconf 82' lang='lat' dir='ltr'><strong>V.</strong></span> 
     </span>
    </p>
   </div>
   <div class='ocr_carea' id='block_1_24' title="bbox 2437 1281 3165 1338">
    <p class='ocr_par' dir='ltr' id='par_1_24' title="bbox 2437 1281 3165 1338">
     <span class='ocr_line' id='line_1_24' title="bbox 2437 1281 3165 1338; baseline 0.001 -1"><span class='ocrx_word' id='word_1_171' title='bbox 2437 1281 2507 1337; x_wconf 79' lang='lat' dir='ltr'><strong>In</strong></span> <span class='ocrx_word' id='word_1_172' title='bbox 2553 1283 2691 1337; x_wconf 80' lang='lat' dir='ltr'><strong>diem</strong></span> <span class='ocrx_word' id='word_1_173' title='bbox 2725 1284 2941 1338; x_wconf 82' lang='lat' dir='ltr'><strong>Sabbatt’</strong></span> <span class='ocrx_word' id='word_1_174' title='bbox 2978 1286 3165 1338; x_wconf 74' lang='lat' dir='ltr'><strong>sancti.</strong></span> 
     </span>
    </p>
   </div>
   <div class='ocr_carea' id='block_1_25' title="bbox 2086 1372 3711 1444">
    <p class='ocr_par' dir='ltr' id='par_1_25' title="bbox 2086 1372 3711 1444">
     <span class='ocr_line' id='line_1_25' title="bbox 2086 1372 3711 1444; baseline 0.001 -18"><span class='ocrx_word' id='word_1_175' title='bbox 2086 1375 2131 1428; x_wconf 90' lang='lat'><strong>1.</strong></span> <span class='ocrx_word' id='word_1_176' title='bbox 2205 1372 2516 1444; x_wconf 87' lang='lat' dir='ltr'><strong>Sepulcrale</strong></span> <span class='ocrx_word' id='word_1_177' title='bbox 2572 1376 2767 1432; x_wconf 85' lang='lat' dir='ltr'><strong>festum</strong></span> <span class='ocrx_word' id='word_1_178' title='bbox 2824 1376 3134 1433; x_wconf 87' lang='lat' dir='ltr'><strong>Servatoris</strong></span> <span class='ocrx_word' id='word_1_179' title='bbox 3193 1375 3363 1431; x_wconf 85' lang='lat' dir='ltr'><strong>nostri</strong></span> <span class='ocrx_word' id='word_1_180' title='bbox 3428 1374 3590 1429; x_wconf 86' lang='lat' dir='ltr'><strong>hodie</strong></span> <span class='ocrx_word' id='word_1_181' title='bbox 3690 1429 3711 1443; x_wconf 62' lang='grc'><strong>,</strong></span> 
     </span>
    </p>
   </div>
   <div class='ocr_carea' id='block_1_26' title="bbox 2017 1462 3588 1537">
    <p class='ocr_par' dir='ltr' id='par_1_26' title="bbox 2017 1462 3588 1537">
     <span class='ocr_line' id='line_1_26' title="bbox 2017 1462 3588 1537; baseline 0.004 -23"><span class='ocrx_word' id='word_1_182' title='bbox 2017 1462 2449 1532; x_wconf 88' lang='lat' dir='ltr'><strong>frequentamus.</strong></span> <span class='ocrx_word' id='word_1_183' title='bbox 2487 1466 2554 1520; x_wconf 90' lang='lat' dir='ltr'><strong>Et</strong></span> <span class='ocrx_word' id='word_1_184' title='bbox 2579 1467 2693 1535; x_wconf 89' lang='lat' dir='ltr'><strong>ipse</strong></span> <span class='ocrx_word' id='word_1_185' title='bbox 2724 1468 2938 1537; x_wconf 85' lang='lat' dir='ltr'><strong>quidem</strong></span> <span class='ocrx_word' id='word_1_186' title='bbox 2974 1469 3114 1536; x_wconf 87' lang='lat' dir='ltr'><strong>apud</strong></span> <span class='ocrx_word' id='word_1_187' title='bbox 3155 1468 3355 1522; x_wconf 87' lang='lat' dir='ltr'><strong>inferos</strong></span> <span class='ocrx_word' id='word_1_188' title='bbox 3398 1467 3588 1521; x_wconf 84' lang='lat' dir='ltr'><strong>mortis</strong></span> 
     </span>
    </p>
   </div>
   <div class='ocr_carea' id='block_1_27' title="bbox 2016 1552 3581 1629">
    <p class='ocr_par' dir='ltr' id='par_1_27' title="bbox 2016 1552 3581 1629">
     <span class='ocr_line' id='line_1_27' title="bbox 2016 1552 3581 1629; baseline 0.004 -24"><span class='ocrx_word' id='word_1_189' title='bbox 2016 1552 2229 1608; x_wconf 88' lang='lat' dir='ltr'><strong>vincula</strong></span> <span class='ocrx_word' id='word_1_190' title='bbox 2267 1554 2533 1619; x_wconf 84' lang='lat' dir='ltr'><strong>dissolvit,</strong></span> <span class='ocrx_word' id='word_1_191' title='bbox 2560 1556 2678 1611; x_wconf 89' lang='lat' dir='ltr'><strong>luce</strong></span> <span class='ocrx_word' id='word_1_192' title='bbox 2711 1574 2805 1612; x_wconf 89' lang='lat' dir='ltr'><strong>sua</strong></span> <span class='ocrx_word' id='word_1_193' title='bbox 2834 1559 3102 1614; x_wconf 90' lang='lat' dir='ltr'><strong>infernum</strong></span> <span class='ocrx_word' id='word_1_194' title='bbox 3133 1560 3335 1629; x_wconf 77' lang='lat' dir='ltr'><strong>implet,</strong></span> <span class='ocrx_word' id='word_1_195' title='bbox 3370 1569 3422 1613; x_wconf 91' lang='lat' dir='ltr'><strong>et</strong></span> <span class='ocrx_word' id='word_1_196' title='bbox 3455 1560 3581 1614; x_wconf 83' lang='lat' dir='ltr'><strong>dor-</strong></span> 
     </span>
    </p>
   </div>
   <div class='ocr_carea' id='block_1_28' title="bbox 2016 1645 3589 1712">
    <p class='ocr_par' dir='ltr' id='par_1_28' title="bbox 2016 1645 3589 1712">
     <span class='ocr_line' id='line_1_28' title="bbox 2016 1645 3589 1712; baseline 0.003 -13"><span class='ocrx_word' id='word_1_197' title='bbox 2016 1645 2245 1700; x_wconf 91' lang='lat' dir='ltr'><strong>mientes</strong></span> <span class='ocrx_word' id='word_1_198' title='bbox 2285 1661 2316 1699; x_wconf 88' lang='lat' dir='ltr'><strong>a</strong></span> <span class='ocrx_word' id='word_1_199' title='bbox 2348 1660 2542 1700; x_wconf 86' lang='lat' dir='ltr'><strong>somno</strong></span> <span class='ocrx_word' id='word_1_200' title='bbox 2568 1647 2803 1712; x_wconf 83' lang='lat' dir='ltr'><strong>excitat;</strong></span> <span class='ocrx_word' id='word_1_201' title='bbox 2840 1663 2939 1704; x_wconf 91' lang='lat' dir='ltr'><strong>nos</strong></span> <span class='ocrx_word' id='word_1_202' title='bbox 2966 1665 3090 1704; x_wconf 81' lang='lat' dir='ltr'><strong>vero</strong></span> <span class='ocrx_word' id='word_1_203' title='bbox 3116 1650 3222 1705; x_wconf 72' lang='lat' dir='ltr'><strong>lani</strong></span> <span class='ocrx_word' id='word_1_204' title='bbox 3252 1650 3589 1705; x_wconf 86' lang='lat' dir='ltr'><strong>exsultamus</strong></span> 
     </span>
    </p>
   </div>
   <div class='ocr_carea' id='block_1_29' title="bbox 2014 1738 3589 1809">
    <p class='ocr_par' dir='ltr' id='par_1_29' title="bbox 2014 1738 3589 1809">
     <span class='ocr_line' id='line_1_29' title="bbox 2014 1738 3589 1809; baseline -0.001 -17"><span class='ocrx_word' id='word_1_205' title='bbox 2014 1752 2176 1806; x_wconf 91' lang='lat' dir='ltr'><strong>super</strong></span> <span class='ocrx_word' id='word_1_206' title='bbox 2217 1747 2451 1806; x_wconf 89' lang='lat' dir='ltr'><strong>terram,</strong></span> <span class='ocrx_word' id='word_1_207' title='bbox 2494 1738 2955 1794; x_wconf 76' lang='lat' dir='ltr'><strong>resurrectionem</strong></span> <span class='ocrx_word' id='word_1_208' title='bbox 2990 1741 3160 1807; x_wconf 85' lang='lat' dir='ltr'><strong>ipsius</strong></span> <span class='ocrx_word' id='word_1_209' title='bbox 3189 1741 3345 1795; x_wconf 90' lang='lat' dir='ltr'><strong>nobis</strong></span> <span class='ocrx_word' id='word_1_210' title='bbox 3378 1739 3589 1809; x_wconf 83' lang='lat' dir='ltr'><strong>cogita-</strong></span> 
     </span>
    </p>
   </div>
   <div class='ocr_carea' id='block_1_30' title="bbox 2017 1829 3588 1899">
    <p class='ocr_par' dir='ltr' id='par_1_30' title="bbox 2017 1829 3588 1899">
     <span class='ocr_line' id='line_1_30' title="bbox 2017 1829 3588 1899; baseline 0.001 -17"><span class='ocrx_word' id='word_1_211' title='bbox 2017 1830 2164 1883; x_wconf 90' lang='lat' dir='ltr'><strong>tione</strong></span> <span class='ocrx_word' id='word_1_212' title='bbox 2215 1832 2284 1884; x_wconf 90' lang='lat' dir='ltr'><strong>oh</strong></span> <span class='ocrx_word' id='word_1_213' title='bbox 2334 1829 2523 1885; x_wconf 91' lang='lat' dir='ltr'><strong>oculos</strong></span> <span class='ocrx_word' id='word_1_214' title='bbox 2576 1839 2899 1898; x_wconf 87' lang='lat' dir='ltr'><strong>statuentes,</strong></span> <span class='ocrx_word' id='word_1_215' title='bbox 2961 1845 3139 1899; x_wconf 90' lang='lat' dir='ltr'><strong>neque</strong></span> <span class='ocrx_word' id='word_1_216' title='bbox 3191 1832 3588 1899; x_wconf 67' lang='lat' dir='ltr'><strong>Corruptiouem</strong></span> 
     </span>
    </p>
   </div>
   <div class='ocr_carea' id='block_1_31' title="bbox 298 1918 1909 2000">
    <p class='ocr_par' dir='ltr' id='par_1_31' title="bbox 298 1926 1905 2000">
     <span class='ocr_line' id='line_1_31' title="bbox 298 1926 1905 2000; baseline 0.002 -22"><span class='ocrx_word' id='word_1_217' title='bbox 298 1926 656 1997; x_wconf 76' lang='grc' dir='ltr'>ἀφθαρσίας.</span> <span class='ocrx_word' id='word_1_218' title='bbox 698 1931 779 1982; x_wconf 83' lang='grc' dir='ltr'><strong>Οὐ</strong></span> <span class='ocrx_word' id='word_1_219' title='bbox 811 1928 1028 1994; x_wconf 82' lang='grc' dir='ltr'><strong>δώσεις</strong></span> <span class='ocrx_word' id='word_1_220' title='bbox 1070 1929 1200 2000; x_wconf 85' lang='grc' dir='ltr'>γὰρ,</span> <span class='ocrx_word' id='word_1_221' title='bbox 1250 1930 1406 2000; x_wconf 77' lang='grc' dir='ltr'>φησὶ,</span> <span class='ocrx_word' id='word_1_222' title='bbox 1450 1929 1559 1982; x_wconf 84' lang='grc' dir='ltr'><strong>τὸν</strong></span> <span class='ocrx_word' id='word_1_223' title='bbox 1585 1930 1759 1983; x_wconf 81' lang='grc' dir='ltr'>ὅσιόν</span> <span class='ocrx_word' id='word_1_224' title='bbox 1789 1944 1905 1982; x_wconf 83' lang='grc' dir='ltr'><strong>σου</strong></span> 
     </span>
    </p>
   </div>
   <div class='ocr_carea' id='block_1_32' title="bbox 2019 1918 3592 2000">
    <p class='ocr_par' dir='ltr' id='par_1_32' title="bbox 2019 1918 3592 1991">
     <span class='ocr_line' id='line_1_32' title="bbox 2019 1918 3592 1991; baseline 0.001 -20"><span class='ocrx_word' id='word_1_225' title='bbox 2019 1934 2113 1981; x_wconf 79' lang='lat' dir='ltr'><strong>,am</strong></span> <span class='ocrx_word' id='word_1_226' title='bbox 2149 1921 2474 1986; x_wconf 86' lang='lat' dir='ltr'><strong>metuimus;</strong></span> <span class='ocrx_word' id='word_1_227' title='bbox 2514 1918 2580 1974; x_wconf 87' lang='lat' dir='ltr'><strong>ne</strong></span> <span class='ocrx_word' id='word_1_228' title='bbox 2610 1936 2697 1985; x_wconf 90' lang='lat' dir='ltr'><strong>ea,</strong></span> <span class='ocrx_word' id='word_1_229' title='bbox 2736 1936 2902 1991; x_wconf 87' lang='lat' dir='ltr'><strong>quam</strong></span> <span class='ocrx_word' id='word_1_230' title='bbox 2936 1920 3441 1990; x_wconf 80' lang='lat' dir='ltr'><strong>incorruptibilitas,</strong></span> <span class='ocrx_word' id='word_1_231' title='bbox 3472 1921 3592 1988; x_wconf 87' lang='lat' dir='ltr'><strong>plus</strong></span> 
     </span>
    </p>
   </div>
   <div class='ocr_carea' id='block_1_33' title="bbox 297 2007 1909 2091">
    <p class='ocr_par' dir='ltr' id='par_1_33' title="bbox 297 2019 1909 2090">
     <span class='ocr_line' id='line_1_33' title="bbox 297 2019 1909 2090; baseline 0 -18"><span class='ocrx_word' id='word_1_232' title='bbox 297 2019 455 2073; x_wconf 73' lang='grc' dir='ltr'>ἰδεῖν</span> <span class='ocrx_word' id='word_1_233' title='bbox 514 2020 885 2090; x_wconf 71' lang='grc' dir='ltr'>διαφθοράν.</span> <span class='ocrx_word' id='word_1_234' title='bbox 934 2023 1048 2073; x_wconf 75' lang='grc' dir='ltr'><strong>Καὶ</strong></span> <span class='ocrx_word' id='word_1_235' title='bbox 1095 2022 1227 2080; x_wconf 81' lang='grc' dir='ltr'>ῐσως</span> <span class='ocrx_word' id='word_1_236' title='bbox 1272 2020 1430 2089; x_wconf 79' lang='grc' dir='ltr'>ήμῶν</span> <span class='ocrx_word' id='word_1_237' title='bbox 1459 2021 1559 2089; x_wconf 85' lang='grc' dir='ltr'><strong>τὴν</strong></span> <span class='ocrx_word' id='word_1_238' title='bbox 1591 2019 1909 2087; x_wconf 75' lang='grc' dir='ltr'>φιλοσοφίαν</span> 
     </span>
    </p>
   </div>
   <div class='ocr_carea' id='block_1_34' title="bbox 2019 2007 3592 2091">
    <p class='ocr_par' dir='ltr' id='par_1_34' title="bbox 2019 2007 3592 2089">
     <span class='ocr_line' id='line_1_34' title="bbox 2019 2007 3592 2089; baseline 0.001 -30"><span class='ocrx_word' id='word_1_239' title='bbox 2019 2007 2201 2089; x_wconf 81' lang='lat' dir='ltr'><strong>possit.</strong></span> <span class='ocrx_word' id='word_1_240' title='bbox 2249 2007 2372 2060; x_wconf 85' lang='lat' dir='ltr'><strong>Non</strong></span> <span class='ocrx_word' id='word_1_241' title='bbox 2404 2010 2556 2062; x_wconf 76' lang='lat' dir='ltr'><strong>dabis</strong></span> <span class='ocrx_word' id='word_1_242' title='bbox 2591 2010 2759 2074; x_wconf 88' lang='lat' dir='ltr'><strong>enim,</strong></span> <span class='ocrx_word' id='word_1_243' title='bbox 2793 2011 2969 2078; x_wconf 88' lang='lat' dir='ltr'><strong>inquit</strong></span> <span class='ocrx_word' id='word_1_244' title='bbox 3006 2008 3311 2079; x_wconf 82' lang='lat' dir='ltr'><strong>Scriptura,</strong></span> <span class='ocrx_word' id='word_1_245' title='bbox 3355 2018 3592 2062; x_wconf 78' lang='lat' dir='ltr'><strong>sanctum</strong></span> 
     </span>
    </p>
   </div>
   <div class='ocr_carea' id='block_1_35' title="bbox 294 2097 1909 2179">
    <p class='ocr_par' dir='ltr' id='par_1_35' title="bbox 294 2108 1909 2179">
     <span class='ocr_line' id='line_1_35' title="bbox 294 2108 1909 2179; baseline -0.001 -16"><span class='ocrx_word' id='word_1_246' title='bbox 294 2112 552 2178; x_wconf 78' lang='grc' dir='ltr'>γελῶσιν</span> <span class='ocrx_word' id='word_1_247' title='bbox 605 2113 850 2166; x_wconf 83' lang='grc' dir='ltr'>Ἰουδαῖοι</span> <span class='ocrx_word' id='word_1_248' title='bbox 878 2114 976 2164; x_wconf 74' lang='grc' dir='ltr'>καὶ</span> <span class='ocrx_word' id='word_1_249' title='bbox 1016 2110 1280 2178; x_wconf 84' lang='grc' dir='ltr'>Ἕλληνες</span> <span class='ocrx_word' id='word_1_250' title='bbox 1304 2124 1319 2138; x_wconf 87' lang='grc'><strong>·</strong></span> <span class='ocrx_word' id='word_1_251' title='bbox 1351 2110 1400 2160; x_wconf 84' lang='grc' dir='ltr'><strong>οἰ</strong></span> <span class='ocrx_word' id='word_1_252' title='bbox 1435 2108 1531 2178; x_wconf 73' lang='grc' dir='ltr'><strong>μὲν</strong></span> <span class='ocrx_word' id='word_1_253' title='bbox 1560 2108 1749 2179; x_wconf 72' lang='grc' dir='ltr'>ἓτερον</span> <span class='ocrx_word' id='word_1_254' title='bbox 1777 2110 1909 2179; x_wconf 87' lang='grc' dir='ltr'>Χρι-</span> 
     </span>
    </p>
   </div>
   <div class='ocr_carea' id='block_1_36' title="bbox 2019 2097 3592 2179">
    <p class='ocr_par' dir='ltr' id='par_1_36' title="bbox 2019 2097 3592 2168">
     <span class='ocr_line' id='line_1_36' title="bbox 2019 2097 3592 2168; baseline 0.004 -21"><span class='ocrx_word' id='word_1_255' title='bbox 2019 2105 2163 2147; x_wconf 81' lang='lat' dir='ltr'><strong>tuum</strong></span> <span class='ocrx_word' id='word_1_256' title='bbox 2200 2097 2371 2149; x_wconf 79' lang='lat' dir='ltr'><strong>videre</strong></span> <span class='ocrx_word' id='word_1_257' title='bbox 2416 2101 2803 2165; x_wconf 80' lang='lat' dir='ltr'><strong>corruptionem</strong></span> <span class='ocrx_word' id='word_1_258' title='bbox 2850 2101 2917 2154; x_wconf 75' lang='grc'><strong>³⁸.</strong></span> <span class='ocrx_word' id='word_1_259' title='bbox 2964 2099 3032 2154; x_wconf 87' lang='grc' dir='ltr'>Ει</span> <span class='ocrx_word' id='word_1_260' title='bbox 3066 2099 3315 2155; x_wconf 73' lang='lat' dir='ltr'><strong>fortassis</strong></span> <span class='ocrx_word' id='word_1_261' title='bbox 3351 2100 3592 2168; x_wconf 77' lang='lat' dir='ltr'><strong>philoso-</strong></span> 
     </span>
    </p>
   </div>
   <div class='ocr_carea' id='block_1_37' title="bbox 291 2184 1909 2274">
    <p class='ocr_par' dir='ltr' id='par_1_37' title="bbox 291 2198 1909 2274">
     <span class='ocr_line' id='line_1_37' title="bbox 291 2198 1909 2274; baseline -0.002 -20"><span class='ocrx_word' id='word_1_262' title='bbox 291 2202 425 2255; x_wconf 74' lang='grc' dir='ltr'>στὸν</span> <span class='ocrx_word' id='word_1_263' title='bbox 479 2204 957 2274; x_wconf 84' lang='grc' dir='ltr'>προσδεχόμενοι,</span> <span class='ocrx_word' id='word_1_264' title='bbox 996 2202 1044 2254; x_wconf 85' lang='grc' dir='ltr'>οἱ</span> <span class='ocrx_word' id='word_1_265' title='bbox 1091 2200 1148 2253; x_wconf 80' lang='grc' dir='ltr'><strong>δὲ</strong></span> <span class='ocrx_word' id='word_1_266' title='bbox 1193 2198 1388 2267; x_wconf 82' lang='grc' dir='ltr'>τάφοις</span> <span class='ocrx_word' id='word_1_267' title='bbox 1431 2198 1909 2261; x_wconf 82' lang='grc' dir='ltr'>ἐναποκλείσαντες</span> 
     </span>
    </p>
   </div>
   <div class='ocr_carea' id='block_1_38' title="bbox 2019 2184 3591 2274">
    <p class='ocr_par' dir='ltr' id='par_1_38' title="bbox 2019 2184 3591 2256">
     <span class='ocr_line' id='line_1_38' title="bbox 2019 2184 3591 2256; baseline 0.004 -18"><span class='ocrx_word' id='word_1_268' title='bbox 2019 2184 2198 2253; x_wconf 86' lang='lat' dir='ltr'><strong>phiam</strong></span> <span class='ocrx_word' id='word_1_269' title='bbox 2238 2188 2378 2241; x_wconf 89' lang='lat' dir='ltr'><strong>hanc</strong></span> <span class='ocrx_word' id='word_1_270' title='bbox 2421 2197 2664 2244; x_wconf 86' lang='lat' dir='ltr'><strong>nostram</strong></span> <span class='ocrx_word' id='word_1_271' title='bbox 2706 2190 2876 2246; x_wconf 61' lang='lat' dir='ltr'><strong>Judaei</strong></span> <span class='ocrx_word' id='word_1_272' title='bbox 2918 2199 2973 2246; x_wconf 82' lang='lat' dir='ltr'><strong>e‘t</strong></span> <span class='ocrx_word' id='word_1_273' title='bbox 3008 2190 3180 2246; x_wconf 65' lang='lat' dir='ltr'><strong>Graeci</strong></span> <span class='ocrx_word' id='word_1_274' title='bbox 3214 2192 3470 2256; x_wconf 89' lang='lat' dir='ltr'><strong>irrident;</strong></span> <span class='ocrx_word' id='word_1_275' title='bbox 3520 2192 3591 2245; x_wconf 87' lang='lat' dir='ltr'><strong>illi</strong></span> 
     </span>
    </p>
   </div>
   <div class='ocr_carea' id='block_1_39' title="bbox 285 2277 1909 2363">
    <p class='ocr_par' dir='ltr' id='par_1_39' title="bbox 285 2285 1909 2363">
     <span class='ocr_line' id='line_1_39' title="bbox 285 2285 1909 2363; baseline -0.002 -17"><span class='ocrx_word' id='word_1_276' title='bbox 285 2296 495 2348; x_wconf 81' lang='grc' dir='ltr'>αὐτῶν</span> <span class='ocrx_word' id='word_1_277' title='bbox 545 2295 654 2359; x_wconf 82' lang='grc' dir='ltr'>τὰς</span> <span class='ocrx_word' id='word_1_278' title='bbox 700 2295 944 2359; x_wconf 72' lang='grc' dir='ltr'>ἐλπίδας,</span> <span class='ocrx_word' id='word_1_279' title='bbox 998 2292 1127 2363; x_wconf 69' lang='grc' dir='ltr'>περὶ</span> <span class='ocrx_word' id='word_1_280' title='bbox 1170 2285 1246 2345; x_wconf 83' lang='grc' dir='ltr'>ὧν</span> <span class='ocrx_word' id='word_1_281' title='bbox 1287 2290 1510 2353; x_wconf 87' lang='grc' dir='ltr'>εἰκότως</span> <span class='ocrx_word' id='word_1_282' title='bbox 1555 2292 1583 2343; x_wconf 99' lang='lat'><strong>6</strong></span> <span class='ocrx_word' id='word_1_283' title='bbox 1630 2292 1909 2361; x_wconf 79' lang='grc' dir='ltr'>προφήτης</span> 
     </span>
    </p>
   </div>
   <div class='ocr_carea' id='block_1_40' title="bbox 2019 2277 3594 2363">
    <p class='ocr_par' dir='ltr' id='par_1_40' title="bbox 2019 2277 3594 2352">
     <span class='ocr_line' id='line_1_40' title="bbox 2019 2277 3594 2352; baseline 0.005 -26"><span class='ocrx_word' id='word_1_284' title='bbox 2019 2277 2228 2345; x_wconf 82' lang='lat' dir='ltr'><strong>quidem</strong></span> <span class='ocrx_word' id='word_1_285' title='bbox 2292 2279 2456 2333; x_wconf 90' lang='lat' dir='ltr'><strong>alium</strong></span> <span class='ocrx_word' id='word_1_286' title='bbox 2518 2280 2795 2335; x_wconf 87' lang='lat' dir='ltr'><strong>Christum</strong></span> <span class='ocrx_word' id='word_1_287' title='bbox 2856 2291 3233 2352; x_wconf 73' lang='lat' dir='ltr'><strong>exSpectantes</strong></span> <span class='ocrx_word' id='word_1_288' title='bbox 3283 2299 3299 2337; x_wconf 89' lang='lat'><strong>:</strong></span> <span class='ocrx_word' id='word_1_289' title='bbox 3355 2283 3409 2337; x_wconf 89' lang='lat' dir='ltr'><strong>hi</strong></span> <span class='ocrx_word' id='word_1_290' title='bbox 3468 2298 3594 2337; x_wconf 85' lang='lat' dir='ltr'><strong>vero</strong></span> 
     </span>
    </p>
   </div>
   <div class='ocr_carea' id='block_1_41' title="bbox 278 2369 1909 2454">
    <p class='ocr_par' dir='ltr' id='par_1_41' title="bbox 278 2379 1909 2454">
     <span class='ocr_line' id='line_1_41' title="bbox 278 2379 1909 2454; baseline -0.004 -17"><span class='ocrx_word' id='word_1_291' title='bbox 278 2385 518 2454; x_wconf 77' lang='grc' dir='ltr'>φησίν·</span> <span class='ocrx_word' id='word_1_292' title='bbox 585 2386 650 2436; x_wconf 84' lang='grc' dir='ltr'><strong>οι</strong></span> <span class='ocrx_word' id='word_1_293' title='bbox 704 2382 878 2450; x_wconf 68' lang='grc' dir='ltr'>τάφοι</span> <span class='ocrx_word' id='word_1_294' title='bbox 923 2381 1120 2436; x_wconf 78' lang='grc' dir='ltr'>αὐτῶν</span> <span class='ocrx_word' id='word_1_295' title='bbox 1177 2379 1356 2435; x_wconf 81' lang='grc' dir='ltr'>οἰκίαι</span> <span class='ocrx_word' id='word_1_296' title='bbox 1405 2379 1607 2433; x_wconf 81' lang='grc' dir='ltr'>αὐτῶν</span> <span class='ocrx_word' id='word_1_297' title='bbox 1653 2383 1743 2446; x_wconf 83' lang='grc' dir='ltr'><strong>εἰς</strong></span> <span class='ocrx_word' id='word_1_298' title='bbox 1803 2380 1909 2433; x_wconf 82' lang='grc' dir='ltr'><strong>τὸν</strong></span> 
     </span>
    </p>
   </div>
   <div class='ocr_carea' id='block_1_42' title="bbox 2019 2369 3592 2454">
    <p class='ocr_par' dir='ltr' id='par_1_42' title="bbox 2019 2369 3592 2444">
     <span class='ocr_line' id='line_1_42' title="bbox 2019 2369 3592 2444; baseline 0.004 -22"><span class='ocrx_word' id='word_1_299' title='bbox 2019 2369 2272 2437; x_wconf 74' lang='lat' dir='ltr'><strong>sepulcris</strong></span> <span class='ocrx_word' id='word_1_300' title='bbox 2299 2385 2421 2439; x_wconf 87' lang='lat' dir='ltr'><strong>spes</strong></span> <span class='ocrx_word' id='word_1_301' title='bbox 2451 2387 2578 2429; x_wconf 85' lang='lat' dir='ltr'><strong>suas</strong></span> <span class='ocrx_word' id='word_1_302' title='bbox 2617 2373 2980 2441; x_wconf 85' lang='lat' dir='ltr'><strong>includentes,</strong></span> <span class='ocrx_word' id='word_1_303' title='bbox 3022 2374 3087 2429; x_wconf 88' lang='lat' dir='ltr'><strong>de</strong></span> <span class='ocrx_word' id='word_1_304' title='bbox 3117 2375 3315 2444; x_wconf 86' lang='lat' dir='ltr'><strong>quibus</strong></span> <span class='ocrx_word' id='word_1_305' title='bbox 3350 2375 3592 2443; x_wconf 78' lang='lat' dir='ltr'><strong>apposite</strong></span> 
     </span>
    </p>
   </div>
   <div class='ocr_carea' id='block_1_43' title="bbox 277 2459 1909 2544">
    <p class='ocr_par' dir='ltr' id='par_1_43' title="bbox 277 2470 1907 2544">
     <span class='ocr_line' id='line_1_43' title="bbox 277 2470 1907 2544; baseline -0.004 -15"><span class='ocrx_word' id='word_1_306' title='bbox 277 2476 528 2529; x_wconf 84' lang='grc' dir='ltr'>αἰῶνα.</span> <span class='ocrx_word' id='word_1_307' title='bbox 577 2473 714 2526; x_wconf 78' lang='grc' dir='ltr'>Ἀλλ’</span> <span class='ocrx_word' id='word_1_308' title='bbox 736 2476 784 2526; x_wconf 80' lang='grc' dir='ltr'><strong>οἰ</strong></span> <span class='ocrx_word' id='word_1_309' title='bbox 808 2474 906 2544; x_wconf 87' lang='grc' dir='ltr'>μὲν</span> <span class='ocrx_word' id='word_1_310' title='bbox 929 2473 1192 2542; x_wconf 83' lang='grc' dir='ltr'>γελῶντες</span> <span class='ocrx_word' id='word_1_311' title='bbox 1214 2472 1529 2539; x_wconf 83' lang='grc' dir='ltr'>στενάξουσι</span> <span class='ocrx_word' id='word_1_312' title='bbox 1559 2470 1907 2540; x_wconf 78' lang='grc' dir='ltr'>(στενάξουσι</span> 
     </span>
    </p>
   </div>
   <div class='ocr_carea' id='block_1_44' title="bbox 2019 2459 3590 2544">
    <p class='ocr_par' dir='ltr' id='par_1_44' title="bbox 2019 2459 3590 2535">
     <span class='ocr_line' id='line_1_44' title="bbox 2019 2459 3590 2535; baseline 0.006 -25"><span class='ocrx_word' id='word_1_313' title='bbox 2019 2459 2265 2524; x_wconf 76' lang='lat' dir='ltr'><strong>propheta</strong></span> <span class='ocrx_word' id='word_1_314' title='bbox 2315 2462 2390 2513; x_wconf 87' lang='lat' dir='ltr'><strong>ait</strong></span> <span class='ocrx_word' id='word_1_315' title='bbox 2437 2478 2451 2515; x_wconf 90' lang='lat'><strong>:</strong></span> <span class='ocrx_word' id='word_1_316' title='bbox 2490 2461 2746 2531; x_wconf 84' lang='lat' dir='ltr'><strong>Sepulcra</strong></span> <span class='ocrx_word' id='word_1_317' title='bbox 2783 2481 2984 2532; x_wconf 73' lang='lat' dir='ltr'><strong>eartrm,</strong></span> <span class='ocrx_word' id='word_1_318' title='bbox 3034 2467 3218 2520; x_wconf 78' lang='lat' dir='ltr'><strong>domus</strong></span> <span class='ocrx_word' id='word_1_319' title='bbox 3262 2467 3494 2535; x_wconf 74' lang='lat' dir='ltr'><strong>ipsorum</strong></span> <span class='ocrx_word' id='word_1_320' title='bbox 3535 2468 3590 2519; x_wconf 81' lang='lat' dir='ltr'><strong>in</strong></span> 
     </span>
    </p>
   </div>
   <div class='ocr_carea' id='block_1_45' title="bbox 278 2551 1909 2633">
    <p class='ocr_par' dir='ltr' id='par_1_45' title="bbox 278 2561 1908 2633">
     <span class='ocr_line' id='line_1_45' title="bbox 278 2561 1908 2633; baseline -0.001 -18"><span class='ocrx_word' id='word_1_321' title='bbox 278 2563 420 2632; x_wconf 77' lang='grc' dir='ltr'><strong>γὰρ</strong></span> <span class='ocrx_word' id='word_1_322' title='bbox 454 2561 722 2633; x_wconf 80' lang='grc' dir='ltr'>ὕστερον,</span> <span class='ocrx_word' id='word_1_323' title='bbox 748 2561 995 2629; x_wconf 78' lang='grc' dir='ltr'>ὁρῶντες</span> <span class='ocrx_word' id='word_1_324' title='bbox 1027 2565 1112 2627; x_wconf 80' lang='grc' dir='ltr'><strong>εἰς</strong></span> <span class='ocrx_word' id='word_1_325' title='bbox 1138 2562 1211 2615; x_wconf 82' lang='grc' dir='ltr'><strong>ὃν</strong></span> <span class='ocrx_word' id='word_1_326' title='bbox 1228 2561 1634 2630; x_wconf 75' lang='grc' dir='ltr'>ἐξηκόντισαν</span> <span class='ocrx_word' id='word_1_327' title='bbox 1663 2561 1759 2628; x_wconf 70' lang='grc' dir='ltr'>καὶ</span> <span class='ocrx_word' id='word_1_328' title='bbox 1818 2563 1908 2614; x_wconf 82' lang='grc' dir='ltr'>ὲν-</span> 
     </span>
    </p>
   </div>
   <div class='ocr_carea' id='block_1_46' title="bbox 2019 2551 3588 2633">
    <p class='ocr_par' dir='ltr' id='par_1_46' title="bbox 2019 2551 3588 2629">
     <span class='ocr_line' id='line_1_46' title="bbox 2019 2551 3588 2629; baseline 0.006 -26"><span class='ocrx_word' id='word_1_329' title='bbox 2019 2551 2258 2604; x_wconf 72' lang='lat' dir='ltr'><strong>sa’culum</strong></span> <span class='ocrx_word' id='word_1_330' title='bbox 2304 2551 2374 2609; x_wconf 78' lang='grc'><strong>⁸⁸.</strong></span> <span class='ocrx_word' id='word_1_331' title='bbox 2416 2553 2683 2609; x_wconf 73' lang='lat' dir='ltr'><strong>Caeterum</strong></span> <span class='ocrx_word' id='word_1_332' title='bbox 2740 2556 2830 2610; x_wconf 88' lang='lat' dir='ltr'><strong>isti</strong></span> <span class='ocrx_word' id='word_1_333' title='bbox 2885 2574 3028 2612; x_wconf 92' lang='lat' dir='ltr'><strong>nunc</strong></span> <span class='ocrx_word' id='word_1_334' title='bbox 3080 2560 3436 2624; x_wconf 88' lang='lat' dir='ltr'><strong>eorrideutes,</strong></span> <span class='ocrx_word' id='word_1_335' title='bbox 3491 2573 3588 2629; x_wconf 76' lang='lat' dir='ltr'><strong>ge—</strong></span> 
     </span>
    </p>
   </div>
   <div class='ocr_carea' id='block_1_47' title="bbox 284 2642 1909 2725">
    <p class='ocr_par' dir='ltr' id='par_1_47' title="bbox 284 2653 1908 2725">
     <span class='ocr_line' id='line_1_47' title="bbox 284 2653 1908 2725; baseline -0.001 -18"><span class='ocrx_word' id='word_1_336' title='bbox 284 2655 562 2724; x_wconf 78' lang='grc' dir='ltr'>ύόρισαν</span> <span class='ocrx_word' id='word_1_337' title='bbox 591 2654 649 2723; x_wconf 84' lang='grc'><strong>)·</strong></span> <span class='ocrx_word' id='word_1_338' title='bbox 702 2655 862 2724; x_wconf 78' lang='grc' dir='ltr'>ἡμεῖς</span> <span class='ocrx_word' id='word_1_339' title='bbox 919 2653 975 2706; x_wconf 81' lang='grc' dir='ltr'>δὲ</span> <span class='ocrx_word' id='word_1_340' title='bbox 1028 2654 1389 2725; x_wconf 79' lang='grc' dir='ltr'>δακρύοντες,</span> <span class='ocrx_word' id='word_1_341' title='bbox 1437 2653 1682 2723; x_wconf 78' lang='grc' dir='ltr'>ἡδονῇτὺ</span> <span class='ocrx_word' id='word_1_342' title='bbox 1738 2653 1908 2717; x_wconf 86' lang='grc' dir='ltr'>πάθος</span> 
     </span>
    </p>
   </div>
   <div class='ocr_carea' id='block_1_48' title="bbox 2019 2642 3588 2725">
    <p class='ocr_par' dir='ltr' id='par_1_48' title="bbox 2019 2642 3588 2718">
     <span class='ocr_line' id='line_1_48' title="bbox 2019 2642 3588 2718; baseline 0.006 -25"><span class='ocrx_word' id='word_1_343' title='bbox 2019 2652 2159 2694; x_wconf 88' lang='lat' dir='ltr'><strong>ment</strong></span> <span class='ocrx_word' id='word_1_344' title='bbox 2210 2642 2498 2711; x_wconf 84' lang='lat' dir='ltr'><strong>aliquando</strong></span> <span class='ocrx_word' id='word_1_345' title='bbox 2535 2643 2825 2716; x_wconf 78' lang='lat' dir='ltr'><strong>(gentem,</strong></span> <span class='ocrx_word' id='word_1_346' title='bbox 2863 2649 3082 2715; x_wconf 85' lang='lat' dir='ltr'><strong>inquam</strong></span> <span class='ocrx_word' id='word_1_347' title='bbox 3107 2688 3123 2712; x_wconf 92' lang='lat'><strong>,</strong></span> <span class='ocrx_word' id='word_1_348' title='bbox 3179 2651 3501 2718; x_wconf 84' lang='lat' dir='ltr'><strong>aspicientes</strong></span> <span class='ocrx_word' id='word_1_349' title='bbox 3536 2650 3588 2702; x_wconf 89' lang='lat' dir='ltr'><strong>in</strong></span> 
     </span>
    </p>
   </div>
   <div class='ocr_carea' id='block_1_49' title="bbox 289 2733 1909 2817">
    <p class='ocr_par' dir='ltr' id='par_1_49' title="bbox 289 2742 1908 2817">
     <span class='ocr_line' id='line_1_49' title="bbox 289 2742 1908 2817; baseline -0.002 -17"><span class='ocrx_word' id='word_1_350' title='bbox 289 2763 357 2800; x_wconf 84' lang='grc' dir='ltr'><strong>κε</strong></span> <span class='ocrx_word' id='word_1_351' title='bbox 369 2745 673 2817; x_wconf 86' lang='grc' dir='ltr'>ράσωμεν.</span> <span class='ocrx_word' id='word_1_352' title='bbox 746 2742 1032 2813; x_wconf 86' lang='grc' dir='ltr'>Ἦρπασεν</span> <span class='ocrx_word' id='word_1_353' title='bbox 1101 2746 1129 2796; x_wconf 93' lang='lat'><strong>6</strong></span> <span class='ocrx_word' id='word_1_354' title='bbox 1187 2743 1416 2806; x_wconf 82' lang='grc' dir='ltr'>θάνατος</span> <span class='ocrx_word' id='word_1_355' title='bbox 1481 2743 1572 2796; x_wconf 83' lang='grc' dir='ltr'><strong>τὸν</strong></span> <span class='ocrx_word' id='word_1_356' title='bbox 1627 2743 1908 2815; x_wconf 80' lang='grc' dir='ltr'>Δεσπότην</span> 
     </span>
    </p>
   </div>
   <div class='ocr_carea' id='block_1_50' title="bbox 2019 2733 3591 2817">
    <p class='ocr_par' dir='ltr' id='par_1_50' title="bbox 2019 2733 3591 2809">
     <span class='ocr_line' id='line_1_50' title="bbox 2019 2733 3591 2809; baseline 0.007 -26"><span class='ocrx_word' id='word_1_357' title='bbox 2019 2746 2165 2800; x_wconf 83' lang='lat' dir='ltr'><strong>quem</strong></span> <span class='ocrx_word' id='word_1_358' title='bbox 2217 2733 2555 2789; x_wconf 82' lang='lat' dir='ltr'><strong>confixerunt</strong></span> <span class='ocrx_word' id='word_1_359' title='bbox 2610 2734 2676 2803; x_wconf 78' lang='lat'><strong>“,</strong></span> <span class='ocrx_word' id='word_1_360' title='bbox 2733 2746 2788 2791; x_wconf 91' lang='lat' dir='ltr'><strong>et</strong></span> <span class='ocrx_word' id='word_1_361' title='bbox 2840 2738 3048 2805; x_wconf 84' lang='lat' dir='ltr'><strong>iniuriis</strong></span> <span class='ocrx_word' id='word_1_362' title='bbox 3082 2739 3443 2809; x_wconf 75' lang='lat' dir='ltr'><strong>affecerunt);</strong></span> <span class='ocrx_word' id='word_1_363' title='bbox 3494 2755 3591 2794; x_wconf 86' lang='lat' dir='ltr'><strong>nos</strong></span> 
     </span>
    </p>
   </div>
   <div class='ocr_carea' id='block_1_51' title="bbox 296 2832 1905 2906">
    <p class='ocr_par' dir='ltr' id='par_1_51' title="bbox 296 2832 1905 2906">
     <span class='ocr_line' id='line_1_51' title="bbox 296 2832 1905 2906; baseline -0.001 -17"><span class='ocrx_word' id='word_1_364' title='bbox 296 2834 596 2906; x_wconf 81' lang='grc' dir='ltr'>Χριστόν;</span> <span class='ocrx_word' id='word_1_365' title='bbox 641 2834 754 2888; x_wconf 88' lang='grc' dir='ltr'>ἀλλ’</span> <span class='ocrx_word' id='word_1_366' title='bbox 795 2835 854 2887; x_wconf 76' lang='grc' dir='ltr'><strong>οὐ</strong></span> <span class='ocrx_word' id='word_1_367' title='bbox 899 2833 1119 2898; x_wconf 77' lang='grc' dir='ltr'>καθέξει</span> <span class='ocrx_word' id='word_1_368' title='bbox 1172 2837 1305 2905; x_wconf 76' lang='grc' dir='ltr'>παρ’</span> <span class='ocrx_word' id='word_1_369' title='bbox 1361 2832 1541 2904; x_wconf 80' lang='grc' dir='ltr'>ἑαυτῷ</span> <span class='ocrx_word' id='word_1_370' title='bbox 1598 2833 1694 2905; x_wconf 81' lang='grc' dir='ltr'>τὴν</span> <span class='ocrx_word' id='word_1_371' title='bbox 1738 2832 1905 2904; x_wconf 82' lang='grc' dir='ltr'>ζωήν.</span> 
     </span>
    </p>
   </div>
   <div class='ocr_carea' id='block_1_52' title="bbox 299 2925 1907 2997">
    <p class='ocr_par' dir='ltr' id='par_1_52' title="bbox 299 2925 1907 2997">
     <span class='ocr_line' id='line_1_52' title="bbox 299 2925 1907 2997; baseline 0.001 -18"><span class='ocrx_word' id='word_1_372' title='bbox 299 2926 611 2992; x_wconf 83' lang='grc' dir='ltr'>Κατὲπιε;</span> <span class='ocrx_word' id='word_1_373' title='bbox 666 2926 924 2987; x_wconf 73' lang='grc' dir='ltr'>κατέπιεν</span> <span class='ocrx_word' id='word_1_374' title='bbox 979 2927 1293 2997; x_wconf 88' lang='grc' dir='ltr'>ἀγνοήσας,</span> <span class='ocrx_word' id='word_1_375' title='bbox 1353 2926 1467 2979; x_wconf 85' lang='grc' dir='ltr'>ἀλλ’</span> <span class='ocrx_word' id='word_1_376' title='bbox 1520 2926 1746 2997; x_wconf 79' lang='grc' dir='ltr'>ὲξέμεσε</span> <span class='ocrx_word' id='word_1_377' title='bbox 1794 2925 1907 2996; x_wconf 83' lang='grc'><strong>(85)</strong></span> 
     </span>
    </p>
   </div>
   <div class='ocr_carea' id='block_1_53' title="bbox 305 3014 1904 3095">
    <p class='ocr_par' dir='ltr' id='par_1_53' title="bbox 305 3014 1904 3095">
     <span class='ocr_line' id='line_1_53' title="bbox 305 3014 1904 3095; baseline -0.001 -26"><span class='ocrx_word' id='word_1_378' title='bbox 305 3016 562 3079; x_wconf 73' lang='grc' dir='ltr'>πολλοὺς</span> <span class='ocrx_word' id='word_1_379' title='bbox 594 3018 687 3069; x_wconf 73' lang='grc' dir='ltr'><strong>σὺν</strong></span> <span class='ocrx_word' id='word_1_380' title='bbox 714 3016 879 3087; x_wconf 79' lang='grc' dir='ltr'>αὐτῷ.</span> <span class='ocrx_word' id='word_1_381' title='bbox 932 3016 1107 3069; x_wconf 81' lang='grc' dir='ltr'>Ἑκὼν</span> <span class='ocrx_word' id='word_1_382' title='bbox 1136 3016 1432 3086; x_wconf 79' lang='grc' dir='ltr'>κατέχεται</span> <span class='ocrx_word' id='word_1_383' title='bbox 1459 3015 1575 3095; x_wconf 73' lang='grc' dir='ltr'>νύν,</span> <span class='ocrx_word' id='word_1_384' title='bbox 1604 3016 1741 3095; x_wconf 79' lang='grc' dir='ltr'><strong>μετά</strong></span> <span class='ocrx_word' id='word_1_385' title='bbox 1770 3014 1904 3068; x_wconf 88' lang='grc' dir='ltr'>ταύ-</span> 
     </span>
    </p>
   </div>
   <div class='ocr_carea' id='block_1_54' title="bbox 301 3090 1908 3178">
    <p class='ocr_par' dir='ltr' id='par_1_54' title="bbox 301 3090 1908 3178">
     <span class='ocr_line' id='line_1_54' title="bbox 301 3090 1908 3178; baseline -0.002 -18"><span class='ocrx_word' id='word_1_386' title='bbox 301 3123 412 3178; x_wconf 86' lang='grc' dir='ltr'><strong>την</strong></span> <span class='ocrx_word' id='word_1_387' title='bbox 448 3108 564 3178; x_wconf 85' lang='grc' dir='ltr'><strong>τὴν</strong></span> <span class='ocrx_word' id='word_1_388' title='bbox 590 3108 800 3178; x_wconf 78' lang='grc' dir='ltr'>ἡμέραν</span> <span class='ocrx_word' id='word_1_389' title='bbox 825 3106 1125 3170; x_wconf 77' lang='grc' dir='ltr'>σκυλεύσας</span> <span class='ocrx_word' id='word_1_390' title='bbox 1149 3107 1241 3160; x_wconf 76' lang='grc' dir='ltr'>τὸν</span> <span class='ocrx_word' id='word_1_391' title='bbox 1272 3106 1405 3177; x_wconf 73' lang='grc' dir='ltr'>ᾅδην</span> <span class='ocrx_word' id='word_1_392' title='bbox 1434 3090 1734 3159; x_wconf 78' lang='grc' dir='ltr'>ἀνίσταται.</span> <span class='ocrx_word' id='word_1_393' title='bbox 1765 3103 1908 3167; x_wconf 84' lang='grc' dir='ltr'>Χθὲς</span> 
     </span>
    </p>
   </div>
   <div class='ocr_carea' id='block_1_55' title="bbox 306 3188 1899 3265">
    <p class='ocr_par' dir='ltr' id='par_1_55' title="bbox 306 3188 1899 3265">
     <span class='ocr_line' id='line_1_55' title="bbox 306 3188 1899 3265; baseline 0.001 -21"><span class='ocrx_word' id='word_1_394' title='bbox 306 3193 463 3263; x_wconf 80' lang='grc' dir='ltr'>ὲμαύ</span> <span class='ocrx_word' id='word_1_395' title='bbox 474 3209 625 3263; x_wconf 84' lang='grc' dir='ltr'>ρωσε</span> <span class='ocrx_word' id='word_1_396' title='bbox 653 3194 743 3245; x_wconf 77' lang='grc' dir='ltr'><strong>τὸν</strong></span> <span class='ocrx_word' id='word_1_397' title='bbox 768 3193 917 3263; x_wconf 77' lang='grc' dir='ltr'>ἥλιον</span> <span class='ocrx_word' id='word_1_398' title='bbox 947 3194 1299 3265; x_wconf 74' lang='grc' dir='ltr'>σταυρωθεὶς,</span> <span class='ocrx_word' id='word_1_399' title='bbox 1327 3194 1423 3248; x_wconf 74' lang='grc' dir='ltr'><strong>καὶ</strong></span> <span class='ocrx_word' id='word_1_400' title='bbox 1452 3188 1725 3265; x_wconf 78' lang='grc' dir='ltr'>μεσούσης</span> <span class='ocrx_word' id='word_1_401' title='bbox 1757 3193 1899 3265; x_wconf 84' lang='grc' dir='ltr'><strong>ήμέ-</strong></span> 
     </span>
    </p>
   </div>
   <div class='ocr_carea' id='block_1_56' title="bbox 2010 2824 3590 2898">
    <p class='ocr_par' dir='ltr' id='par_1_56' title="bbox 2010 2824 3590 2898">
     <span class='ocr_line' id='line_1_56' title="bbox 2010 2824 3590 2898; baseline 0.006 -24"><span class='ocrx_word' id='word_1_402' title='bbox 2010 2836 2139 2877; x_wconf 83' lang='lat' dir='ltr'><strong>vero</strong></span> <span class='ocrx_word' id='word_1_403' title='bbox 2164 2824 2554 2894; x_wconf 88' lang='lat' dir='ltr'><strong>lacrymantes,</strong></span> <span class='ocrx_word' id='word_1_404' title='bbox 2593 2828 2896 2896; x_wconf 86' lang='lat' dir='ltr'><strong>passionem</strong></span> <span class='ocrx_word' id='word_1_405' title='bbox 2936 2829 3079 2883; x_wconf 88' lang='lat' dir='ltr'><strong>hanc</strong></span> <span class='ocrx_word' id='word_1_406' title='bbox 3104 2830 3286 2883; x_wconf 64' lang='lat' dir='ltr'><strong>laetitia</strong></span> <span class='ocrx_word' id='word_1_407' title='bbox 3320 2839 3590 2898; x_wconf 89' lang='lat' dir='ltr'><strong>tempera-</strong></span> 
     </span>
    </p>
   </div>
   <div class='ocr_carea' id='block_1_57' title="bbox 2010 2913 3590 2984">
    <p class='ocr_par' dir='ltr' id='par_1_57' title="bbox 2010 2913 3590 2984">
     <span class='ocr_line' id='line_1_57' title="bbox 2010 2913 3590 2984; baseline 0.004 -18"><span class='ocrx_word' id='word_1_408' title='bbox 2010 2913 2208 2970; x_wconf 87' lang='lat' dir='ltr'><strong>bimus.</strong></span> <span class='ocrx_word' id='word_1_409' title='bbox 2234 2914 2431 2983; x_wconf 82' lang='lat' dir='ltr'><strong>Rapuit</strong></span> <span class='ocrx_word' id='word_1_410' title='bbox 2468 2932 2617 2971; x_wconf 82' lang='lat' dir='ltr'><strong>mors</strong></span> <span class='ocrx_word' id='word_1_411' title='bbox 2661 2919 2948 2973; x_wconf 89' lang='lat' dir='ltr'><strong>Dominum</strong></span> <span class='ocrx_word' id='word_1_412' title='bbox 2989 2931 3236 2975; x_wconf 90' lang='lat' dir='ltr'><strong>nostrum</strong></span> <span class='ocrx_word' id='word_1_413' title='bbox 3277 2920 3590 2984; x_wconf 81' lang='lat' dir='ltr'><strong>Christum;</strong></span> 
     </span>
    </p>
   </div>
   <div class='ocr_carea' id='block_1_58' title="bbox 2008 2994 3589 3081">
    <p class='ocr_par' dir='ltr' id='par_1_58' title="bbox 2008 2994 3589 3081">
     <span class='ocr_line' id='line_1_58' title="bbox 2008 2994 3589 3081; baseline 0.004 -22"><span class='ocrx_word' id='word_1_414' title='bbox 2008 3005 2101 3060; x_wconf 84' lang='lat' dir='ltr'><strong>sed</strong></span> <span class='ocrx_word' id='word_1_415' title='bbox 2128 3021 2233 3059; x_wconf 91' lang='lat' dir='ltr'><strong>non</strong></span> <span class='ocrx_word' id='word_1_416' title='bbox 2279 3008 2530 3063; x_wconf 84' lang='lat' dir='ltr'><strong>retinebit</strong></span> <span class='ocrx_word' id='word_1_417' title='bbox 2574 3012 2716 3079; x_wconf 89' lang='lat' dir='ltr'><strong>apud</strong></span> <span class='ocrx_word' id='word_1_418' title='bbox 2748 3026 2808 3065; x_wconf 90' lang='lat' dir='ltr'><strong>se</strong></span> <span class='ocrx_word' id='word_1_419' title='bbox 2833 3012 3019 3066; x_wconf 89' lang='lat' dir='ltr'><strong>vitam.</strong></span> <span class='ocrx_word' id='word_1_420' title='bbox 3073 2994 3363 3067; x_wconf 77' lang='lat' dir='ltr'><strong>Devoravit</strong></span> <span class='ocrx_word' id='word_1_421' title='bbox 3417 3011 3589 3081; x_wconf 89' lang='lat' dir='ltr'><strong>ipsum</strong></span> 
     </span>
    </p>
   </div>
   <div class='ocr_carea' id='block_1_59' title="bbox 2009 3096 3592 3173">
    <p class='ocr_par' dir='ltr' id='par_1_59' title="bbox 2009 3096 3592 3173">
     <span class='ocr_line' id='line_1_59' title="bbox 2009 3096 3592 3173; baseline 0.005 -24"><span class='ocrx_word' id='word_1_422' title='bbox 2009 3096 2205 3162; x_wconf 88' lang='lat' dir='ltr'><strong>inscia,</strong></span> <span class='ocrx_word' id='word_1_423' title='bbox 2238 3099 2333 3153; x_wconf 89' lang='lat' dir='ltr'><strong>sed</strong></span> <span class='ocrx_word' id='word_1_424' title='bbox 2353 3110 2596 3155; x_wconf 75' lang='lat' dir='ltr'><strong>evomuit</strong></span> <span class='ocrx_word' id='word_1_425' title='bbox 2632 3101 2830 3157; x_wconf 89' lang='lat' dir='ltr'><strong>multos</strong></span> <span class='ocrx_word' id='word_1_426' title='bbox 2856 3118 2978 3157; x_wconf 92' lang='lat' dir='ltr'><strong>cum</strong></span> <span class='ocrx_word' id='word_1_427' title='bbox 3012 3102 3148 3173; x_wconf 89' lang='lat' dir='ltr'><strong>ipso.</strong></span> <span class='ocrx_word' id='word_1_428' title='bbox 3205 3103 3405 3159; x_wconf 77' lang='lat' dir='ltr'><strong>Volens</strong></span> <span class='ocrx_word' id='word_1_429' title='bbox 3449 3120 3592 3158; x_wconf 89' lang='lat' dir='ltr'><strong>nunc</strong></span> 
     </span>
    </p>
   </div>
   <div class='ocr_carea' id='block_1_60' title="bbox 2010 3189 3587 3265">
    <p class='ocr_par' dir='ltr' id='par_1_60' title="bbox 2010 3189 3587 3265">
     <span class='ocr_line' id='line_1_60' title="bbox 2010 3189 3587 3265; baseline 0.004 -23"><span class='ocrx_word' id='word_1_430' title='bbox 2010 3189 2280 3244; x_wconf 86' lang='lat' dir='ltr'><strong>detinetur</strong></span> <span class='ocrx_word' id='word_1_431' title='bbox 2309 3206 2322 3244; x_wconf 90' lang='lat'><strong>:</strong></span> <span class='ocrx_word' id='word_1_432' title='bbox 2359 3192 2453 3247; x_wconf 89' lang='lat' dir='ltr'><strong>sed</strong></span> <span class='ocrx_word' id='word_1_433' title='bbox 2487 3194 2726 3248; x_wconf 90' lang='lat' dir='ltr'><strong>crastino</strong></span> <span class='ocrx_word' id='word_1_434' title='bbox 2748 3195 2856 3262; x_wconf 87' lang='lat' dir='ltr'><strong>die,</strong></span> <span class='ocrx_word' id='word_1_435' title='bbox 2893 3194 3122 3265; x_wconf 89' lang='lat' dir='ltr'><strong>spoliato</strong></span> <span class='ocrx_word' id='word_1_436' title='bbox 3148 3195 3587 3264; x_wconf 86' lang='lat' dir='ltr'><strong>inferno,resur-</strong></span> 
     </span>
    </p>
   </div>
   <div class='ocr_carea' id='block_1_61' title="bbox 310 3264 1909 3357">
    <p class='ocr_par' dir='ltr' id='par_1_61' title="bbox 310 3264 1903 3357">
     <span class='ocr_line' id='line_1_61' title="bbox 310 3264 1903 3357; baseline 0 -20"><span class='ocrx_word' id='word_1_437' title='bbox 310 3299 419 3357; x_wconf 85' lang='grc' dir='ltr'><strong>ρας</strong></span> <span class='ocrx_word' id='word_1_438' title='bbox 452 3283 753 3353; x_wconf 75' lang='grc' dir='ltr'>ἐπεισῆλθε</span> <span class='ocrx_word' id='word_1_439' title='bbox 786 3284 881 3350; x_wconf 76' lang='grc' dir='ltr'><strong>νύξ</strong></span> <span class='ocrx_word' id='word_1_440' title='bbox 902 3301 916 3315; x_wconf 90' lang='grc'><strong>·</strong></span> <span class='ocrx_word' id='word_1_441' title='bbox 950 3264 1191 3357; x_wconf 82' lang='grc' dir='ltr'>σήμερον</span> <span class='ocrx_word' id='word_1_442' title='bbox 1222 3289 1250 3339; x_wconf 95' lang='lat'><strong>6</strong></span> <span class='ocrx_word' id='word_1_443' title='bbox 1276 3264 1903 3357; x_wconf 48' lang='grc' dir='ltr'>θάνατος’παραλύεται,</span> 
     </span>
    </p>
   </div>
   <div class='ocr_carea' id='block_1_62' title="bbox 2019 3264 3592 3357">
    <p class='ocr_par' dir='ltr' id='par_1_62' title="bbox 2019 3278 3592 3354">
     <span class='ocr_line' id='line_1_62' title="bbox 2019 3278 3592 3354; baseline 0.006 -22"><span class='ocrx_word' id='word_1_444' title='bbox 2019 3287 2121 3348; x_wconf 81' lang='lat' dir='ltr'><strong>get.</strong></span> <span class='ocrx_word' id='word_1_445' title='bbox 2160 3278 2288 3335; x_wconf 85' lang='lat' dir='ltr'><strong>Heri</strong></span> <span class='ocrx_word' id='word_1_446' title='bbox 2314 3286 2611 3338; x_wconf 87' lang='lat' dir='ltr'><strong>crncitixus</strong></span> <span class='ocrx_word' id='word_1_447' title='bbox 2638 3285 2806 3340; x_wconf 91' lang='lat' dir='ltr'><strong>solem</strong></span> <span class='ocrx_word' id='word_1_448' title='bbox 2840 3287 3173 3354; x_wconf 82' lang='lat' dir='ltr'><strong>obscuravit,</strong></span> <span class='ocrx_word' id='word_1_449' title='bbox 3226 3297 3280 3342; x_wconf 90' lang='lat' dir='ltr'><strong>et</strong></span> <span class='ocrx_word' id='word_1_450' title='bbox 3306 3289 3393 3342; x_wconf 87' lang='lat' dir='ltr'><strong>die</strong></span> <span class='ocrx_word' id='word_1_451' title='bbox 3416 3288 3592 3341; x_wconf 87' lang='lat' dir='ltr'><strong>adlmc</strong></span> 
     </span>
    </p>
   </div>
   <div class='ocr_carea' id='block_1_63' title="bbox 311 3372 1906 3447">
    <p class='ocr_par' dir='ltr' id='par_1_63' title="bbox 311 3372 1906 3447">
     <span class='ocr_line' id='line_1_63' title="bbox 311 3372 1906 3447; baseline -0.001 -20"><span class='ocrx_word' id='word_1_452' title='bbox 311 3372 474 3440; x_wconf 76' lang='grc' dir='ltr'>ξένον</span> <span class='ocrx_word' id='word_1_453' title='bbox 506 3374 705 3447; x_wconf 78' lang='grc' dir='ltr'>νεκρὸν</span> <span class='ocrx_word' id='word_1_454' title='bbox 745 3374 1121 3445; x_wconf 80' lang='grc' dir='ltr'>εἰσδεξάμενος</span> <span class='ocrx_word' id='word_1_455' title='bbox 1145 3390 1160 3405; x_wconf 78' lang='grc'><strong><em>⁸</em></strong></span> <span class='ocrx_word' id='word_1_456' title='bbox 1189 3375 1313 3447; x_wconf 87' lang='grc' dir='ltr'>χθὲς</span> <span class='ocrx_word' id='word_1_457' title='bbox 1342 3375 1638 3445; x_wconf 77' lang='grc' dir='ltr'>ἐπένθησεν</span> <span class='ocrx_word' id='word_1_458' title='bbox 1669 3376 1703 3445; x_wconf 84' lang='grc' dir='ltr'>ὴ</span> <span class='ocrx_word' id='word_1_459' title='bbox 1731 3375 1906 3438; x_wconf 84' lang='grc' dir='ltr'>κτίσις</span> 
     </span>
    </p>
   </div>
   <div class='ocr_carea' id='block_1_64' title="bbox 314 3463 1912 3538">
    <p class='ocr_par' dir='ltr' id='par_1_64' title="bbox 314 3463 1912 3538">
     <span class='ocr_line' id='line_1_64' title="bbox 314 3463 1912 3538; baseline -0.001 -21"><span class='ocrx_word' id='word_1_460' title='bbox 314 3467 416 3536; x_wconf 84' lang='grc' dir='ltr'>τὴν</span> <span class='ocrx_word' id='word_1_461' title='bbox 446 3465 567 3518; x_wconf 85' lang='grc' dir='ltr'><strong>τῶν</strong></span> <span class='ocrx_word' id='word_1_462' title='bbox 615 3465 882 3520; x_wconf 86' lang='grc' dir='ltr'>’ῐουδαίων</span> <span class='ocrx_word' id='word_1_463' title='bbox 925 3466 1121 3537; x_wconf 87' lang='grc' dir='ltr'>μανίαν</span> <span class='ocrx_word' id='word_1_464' title='bbox 1146 3466 1353 3538; x_wconf 84' lang='grc' dir='ltr'>ὁρῶσα,</span> <span class='ocrx_word' id='word_1_465' title='bbox 1382 3465 1479 3519; x_wconf 78' lang='grc' dir='ltr'><strong>καὶ</strong></span> <span class='ocrx_word' id='word_1_466' title='bbox 1510 3465 1701 3533; x_wconf 79' lang='grc' dir='ltr'>στολὴν</span> <span class='ocrx_word' id='word_1_467' title='bbox 1726 3463 1912 3516; x_wconf 84' lang='grc' dir='ltr'>πενθι-</span> 
     </span>
    </p>
   </div>
   <div class='ocr_carea' id='block_1_65' title="bbox 316 3554 1912 3629">
    <p class='ocr_par' dir='ltr' id='par_1_65' title="bbox 316 3554 1912 3629">
     <span class='ocr_line' id='line_1_65' title="bbox 316 3554 1912 3629; baseline 0.001 -23"><span class='ocrx_word' id='word_1_468' title='bbox 316 3554 423 3624; x_wconf 78' lang='grc' dir='ltr'>κὴν</span> <span class='ocrx_word' id='word_1_469' title='bbox 454 3556 520 3609; x_wconf 77' lang='grc' dir='ltr'><strong>τὸ</strong></span> <span class='ocrx_word' id='word_1_470' title='bbox 561 3557 751 3620; x_wconf 86' lang='grc' dir='ltr'>σκότος</span> <span class='ocrx_word' id='word_1_471' title='bbox 776 3557 1092 3611; x_wconf 71' lang='grc' dir='ltr'>ἐνεδύσατοα</span> <span class='ocrx_word' id='word_1_472' title='bbox 1124 3559 1365 3629; x_wconf 83' lang='grc' dir='ltr'>σήμερον</span> <span class='ocrx_word' id='word_1_473' title='bbox 1396 3555 1525 3619; x_wconf 84' lang='grc' dir='ltr'>λαὸς</span> <span class='ocrx_word' id='word_1_474' title='bbox 1552 3556 1581 3608; x_wconf 90' lang='lat'><strong>6</strong></span> <span class='ocrx_word' id='word_1_475' title='bbox 1604 3554 1912 3625; x_wconf 86' lang='grc' dir='ltr'>καθήμενος</span> 
     </span>
    </p>
   </div>
   <div class='ocr_carea' id='block_1_66' title="bbox 323 3642 1912 3717">
    <p class='ocr_par' dir='ltr' id='par_1_66' title="bbox 323 3642 1912 3717">
     <span class='ocr_line' id='line_1_66' title="bbox 323 3642 1912 3717; baseline 0.001 -24"><span class='ocrx_word' id='word_1_476' title='bbox 323 3643 385 3694; x_wconf 81' lang='grc' dir='ltr'><strong>ὲν</strong></span> <span class='ocrx_word' id='word_1_477' title='bbox 445 3644 628 3697; x_wconf 77' lang='grc' dir='ltr'>σκότει</span> <span class='ocrx_word' id='word_1_478' title='bbox 686 3645 804 3715; x_wconf 85' lang='grc' dir='ltr'><strong>φῶς</strong></span> <span class='ocrx_word' id='word_1_479' title='bbox 846 3642 954 3700; x_wconf 81' lang='grc' dir='ltr'>εϊδε</span> <span class='ocrx_word' id='word_1_480' title='bbox 999 3648 1160 3717; x_wconf 81' lang='grc' dir='ltr'>μέγα.</span> <span class='ocrx_word' id='word_1_481' title='bbox 1203 3646 1346 3708; x_wconf 82' lang='grc' dir='ltr'>Χθὲς</span> <span class='ocrx_word' id='word_1_482' title='bbox 1374 3644 1597 3716; x_wconf 78' lang='grc' dir='ltr'>ἐδονήθη</span> <span class='ocrx_word' id='word_1_483' title='bbox 1629 3647 1661 3715; x_wconf 82' lang='grc' dir='ltr'>ἡ</span> <span class='ocrx_word' id='word_1_484' title='bbox 1695 3645 1786 3715; x_wconf 83' lang='grc' dir='ltr'><strong>γῆ,</strong></span> <span class='ocrx_word' id='word_1_485' title='bbox 1817 3644 1912 3696; x_wconf 76' lang='grc' dir='ltr'><strong>καὶ</strong></span> 
     </span>
    </p>
   </div>
   <div class='ocr_carea' id='block_1_67' title="bbox 326 3734 1912 3806">
    <p class='ocr_par' dir='ltr' id='par_1_67' title="bbox 326 3734 1912 3806">
     <span class='ocr_line' id='line_1_67' title="bbox 326 3734 1912 3806; baseline 0.001 -20"><span class='ocrx_word' id='word_1_486' title='bbox 326 3735 465 3804; x_wconf 75' lang='grc' dir='ltr'>περὶ</span> <span class='ocrx_word' id='word_1_487' title='bbox 504 3736 680 3805; x_wconf 80' lang='grc' dir='ltr'>φυγῆς</span> <span class='ocrx_word' id='word_1_488' title='bbox 706 3735 1019 3791; x_wconf 72' lang='grc' dir='ltr'>ἐϐουλεύετο</span> <span class='ocrx_word' id='word_1_489' title='bbox 1038 3779 1053 3804; x_wconf 88' lang='grc'><strong>,</strong></span> <span class='ocrx_word' id='word_1_490' title='bbox 1084 3737 1181 3791; x_wconf 74' lang='grc' dir='ltr'><strong>καὶ</strong></span> <span class='ocrx_word' id='word_1_491' title='bbox 1219 3737 1503 3806; x_wconf 79' lang='grc' dir='ltr'>διαστῆναι</span> <span class='ocrx_word' id='word_1_492' title='bbox 1532 3739 1645 3798; x_wconf 84' lang='grc' dir='ltr'>τοῖς</span> <span class='ocrx_word' id='word_1_493' title='bbox 1672 3734 1912 3788; x_wconf 79' lang='grc' dir='ltr'>ἐνοικοῦ-</span> 
     </span>
    </p>
   </div>
   <div class='ocr_carea' id='block_1_68' title="bbox 327 3825 1911 3899">
    <p class='ocr_par' dir='ltr' id='par_1_68' title="bbox 327 3825 1911 3899">
     <span class='ocr_line' id='line_1_68' title="bbox 327 3825 1911 3899; baseline 0 -21"><span class='ocrx_word' id='word_1_494' title='bbox 327 3843 419 3878; x_wconf 91' lang='grc' dir='ltr'><strong>σιν</strong></span> <span class='ocrx_word' id='word_1_495' title='bbox 451 3827 688 3897; x_wconf 80' lang='grc' dir='ltr'>ὴπείλει,</span> <span class='ocrx_word' id='word_1_496' title='bbox 719 3829 810 3881; x_wconf 74' lang='grc' dir='ltr'><strong>καὶ</strong></span> <span class='ocrx_word' id='word_1_497' title='bbox 839 3828 909 3882; x_wconf 77' lang='grc' dir='ltr'>τὰ</span> <span class='ocrx_word' id='word_1_498' title='bbox 952 3829 1049 3898; x_wconf 83' lang='grc' dir='ltr'><strong>μὲν</strong></span> <span class='ocrx_word' id='word_1_499' title='bbox 1075 3827 1177 3899; x_wconf 75' lang='grc' dir='ltr'>ὅρη</span> <span class='ocrx_word' id='word_1_500' title='bbox 1206 3827 1518 3891; x_wconf 78' lang='grc' dir='ltr'>ἐκόπτοντο,</span> <span class='ocrx_word' id='word_1_501' title='bbox 1549 3825 1826 3895; x_wconf 79' lang='grc' dir='ltr'>ἐσχίζοντο</span> <span class='ocrx_word' id='word_1_502' title='bbox 1853 3825 1911 3879; x_wconf 85' lang='grc' dir='ltr'><strong>δὲ</strong></span> 
     </span>
    </p>
   </div>
   <div class='ocr_carea' id='block_1_69' title="bbox 323 3914 1907 3991">
    <p class='ocr_par' dir='ltr' id='par_1_69' title="bbox 323 3914 1907 3991">
     <span class='ocr_line' id='line_1_69' title="bbox 323 3914 1907 3991; baseline 0 -22"><span class='ocrx_word' id='word_1_503' title='bbox 323 3918 381 3970; x_wconf 87' lang='grc' dir='ltr'><strong>αἰ</strong></span> <span class='ocrx_word' id='word_1_504' title='bbox 411 3918 647 3991; x_wconf 81' lang='grc' dir='ltr'>πέτραι,</span> <span class='ocrx_word' id='word_1_505' title='bbox 680 3918 884 3990; x_wconf 82' lang='grc' dir='ltr'>γυμνὸς</span> <span class='ocrx_word' id='word_1_506' title='bbox 917 3919 975 3972; x_wconf 84' lang='grc' dir='ltr'>δὲ</span> <span class='ocrx_word' id='word_1_507' title='bbox 1000 3914 1071 3989; x_wconf 82' lang='grc' dir='ltr'>ἦν</span> <span class='ocrx_word' id='word_1_508' title='bbox 1099 3918 1128 3970; x_wconf 98' lang='lat'><strong>6</strong></span> <span class='ocrx_word' id='word_1_509' title='bbox 1168 3917 1314 3981; x_wconf 83' lang='grc' dir='ltr'>ναὸς,</span> <span class='ocrx_word' id='word_1_510' title='bbox 1357 3916 1606 3988; x_wconf 85' lang='grc' dir='ltr'>καθάπερ</span> <span class='ocrx_word' id='word_1_511' title='bbox 1639 3917 1907 3987; x_wconf 78' lang='grc' dir='ltr'>ἔμπνους,</span> 
     </span>
    </p>
   </div>
   <div class='ocr_carea' id='block_1_70' title="bbox 324 4001 1913 4081">
    <p class='ocr_par' dir='ltr' id='par_1_70' title="bbox 324 4001 1913 4081">
     <span class='ocr_line' id='line_1_70' title="bbox 324 4001 1913 4081; baseline -0.001 -22"><span class='ocrx_word' id='word_1_512' title='bbox 324 4009 388 4059; x_wconf 74' lang='grc' dir='ltr'><strong>τὸ</strong></span> <span class='ocrx_word' id='word_1_513' title='bbox 421 4009 639 4079; x_wconf 82' lang='grc' dir='ltr'>ἱμάτιον</span> <span class='ocrx_word' id='word_1_514' title='bbox 667 4009 988 4081; x_wconf 69' lang='grc' dir='ltr'>διαρρήξας.</span> <span class='ocrx_word' id='word_1_515' title='bbox 1018 4008 1088 4061; x_wconf 84' lang='grc' dir='ltr'>δι’</span> <span class='ocrx_word' id='word_1_516' title='bbox 1129 4001 1205 4062; x_wconf 82' lang='grc' dir='ltr'>ὧν</span> <span class='ocrx_word' id='word_1_517' title='bbox 1235 4006 1404 4060; x_wconf 76' lang='grc' dir='ltr'>ἔπαθε</span> <span class='ocrx_word' id='word_1_518' title='bbox 1434 4006 1648 4070; x_wconf 85' lang='grc' dir='ltr'>δεικνὺς</span> <span class='ocrx_word' id='word_1_519' title='bbox 1685 4006 1761 4069; x_wconf 85' lang='grc' dir='ltr'>ὡς</span> <span class='ocrx_word' id='word_1_520' title='bbox 1792 4006 1913 4058; x_wconf 76' lang='grc' dir='ltr'><strong>ἐϐε-</strong></span> 
     </span>
    </p>
   </div>
   <div class='ocr_carea' id='block_1_71' title="bbox 328 4095 1909 4170">
    <p class='ocr_par' dir='ltr' id='par_1_71' title="bbox 328 4095 1909 4170">
     <span class='ocr_line' id='line_1_71' title="bbox 328 4095 1909 4170; baseline 0 -22"><span class='ocrx_word' id='word_1_521' title='bbox 328 4096 544 4170; x_wconf 80' lang='grc' dir='ltr'>ϐηλὼθη</span> <span class='ocrx_word' id='word_1_522' title='bbox 572 4099 644 4152; x_wconf 83' lang='grc' dir='ltr'>τὰ</span> <span class='ocrx_word' id='word_1_523' title='bbox 672 4099 827 4168; x_wconf 80' lang='grc' dir='ltr'>ἆγια.</span> <span class='ocrx_word' id='word_1_524' title='bbox 858 4099 939 4152; x_wconf 87' lang='grc' dir='ltr'><strong>Τά</strong></span> <span class='ocrx_word' id='word_1_525' title='bbox 975 4098 1158 4168; x_wconf 63' lang='grc' dir='ltr'>ἀψυχα</span> <span class='ocrx_word' id='word_1_526' title='bbox 1195 4096 1289 4151; x_wconf 78' lang='grc' dir='ltr'><strong>τοῦ</strong></span> <span class='ocrx_word' id='word_1_527' title='bbox 1320 4096 1664 4167; x_wconf 84' lang='grc' dir='ltr'>τολμήματος</span> <span class='ocrx_word' id='word_1_528' title='bbox 1691 4095 1909 4166; x_wconf 84' lang='grc' dir='ltr'>ᾔσθετο,</span> 
     </span>
    </p>
   </div>
   <div class='ocr_carea' id='block_1_72' title="bbox 330 4184 1906 4261">
    <p class='ocr_par' dir='ltr' id='par_1_72' title="bbox 330 4184 1906 4261">
     <span class='ocr_line' id='line_1_72' title="bbox 330 4184 1906 4261; baseline -0.001 -19"><span class='ocrx_word' id='word_1_529' title='bbox 330 4188 378 4240; x_wconf 77' lang='grc' dir='ltr'>οἱ</span> <span class='ocrx_word' id='word_1_530' title='bbox 419 4189 475 4242; x_wconf 77' lang='grc' dir='ltr'>δὲ</span> <span class='ocrx_word' id='word_1_531' title='bbox 518 4190 699 4244; x_wconf 81' lang='grc' dir='ltr'>ταῦτα</span> <span class='ocrx_word' id='word_1_532' title='bbox 756 4190 1066 4261; x_wconf 75' lang='grc' dir='ltr'>τολμῶντες</span> <span class='ocrx_word' id='word_1_533' title='bbox 1116 4189 1477 4259; x_wconf 86' lang='grc' dir='ltr'>ἀναισθήτους</span> <span class='ocrx_word' id='word_1_534' title='bbox 1525 4184 1668 4258; x_wconf 81' lang='grc' dir='ltr'>εἶχον</span> <span class='ocrx_word' id='word_1_535' title='bbox 1711 4187 1906 4258; x_wconf 78' lang='grc' dir='ltr'>ψυχάς.</span> 
     </span>
    </p>
   </div>
   <div class='ocr_carea' id='block_1_73' title="bbox 343 4278 1912 4353">
    <p class='ocr_par' dir='ltr' id='par_1_73' title="bbox 343 4278 1912 4353">
     <span class='ocr_line' id='line_1_73' title="bbox 343 4278 1912 4353; baseline -0.001 -21"><span class='ocrx_word' id='word_1_536' title='bbox 343 4278 670 4350; x_wconf 82' lang='grc' dir='ltr'>Ἦγανάκτει</span> <span class='ocrx_word' id='word_1_537' title='bbox 699 4283 769 4337; x_wconf 77' lang='grc' dir='ltr'>τὰ</span> <span class='ocrx_word' id='word_1_538' title='bbox 797 4285 1036 4353; x_wconf 85' lang='grc' dir='ltr'>στοιχεῖα</span> <span class='ocrx_word' id='word_1_539' title='bbox 1056 4322 1070 4345; x_wconf 90' lang='grc'><strong>,</strong></span> <span class='ocrx_word' id='word_1_540' title='bbox 1108 4282 1199 4334; x_wconf 83' lang='grc' dir='ltr'><strong>καὶ</strong></span> <span class='ocrx_word' id='word_1_541' title='bbox 1226 4279 1425 4352; x_wconf 79' lang='grc' dir='ltr'>μικροῦ</span> <span class='ocrx_word' id='word_1_542' title='bbox 1459 4281 1560 4350; x_wconf 83' lang='grc' dir='ltr'><strong>τὴν</strong></span> <span class='ocrx_word' id='word_1_543' title='bbox 1599 4278 1750 4343; x_wconf 83' lang='grc' dir='ltr'>τάξιν</span> <span class='ocrx_word' id='word_1_544' title='bbox 1807 4281 1912 4332; x_wconf 48' lang='grc' dir='ltr'>ἀπ’·</span> 
     </span>
    </p>
   </div>
   <div class='ocr_carea' id='block_1_74' title="bbox 336 4368 1910 4444">
    <p class='ocr_par' dir='ltr' id='par_1_74' title="bbox 336 4368 1910 4444">
     <span class='ocr_line' id='line_1_74' title="bbox 336 4368 1910 4444; baseline 0.001 -23"><span class='ocrx_word' id='word_1_545' title='bbox 336 4368 503 4438; x_wconf 72' lang='grc' dir='ltr'>ἔλιπε,</span> <span class='ocrx_word' id='word_1_546' title='bbox 523 4376 624 4428; x_wconf 75' lang='grc' dir='ltr'>καὶ</span> <span class='ocrx_word' id='word_1_547' title='bbox 640 4374 907 4444; x_wconf 84' lang='grc' dir='ltr'>σύγχυσιν</span> <span class='ocrx_word' id='word_1_548' title='bbox 934 4374 1228 4443; x_wconf 78' lang='grc' dir='ltr'>εἰργάσατο</span> <span class='ocrx_word' id='word_1_549' title='bbox 1254 4372 1345 4425; x_wconf 76' lang='grc' dir='ltr'>τοῦ</span> <span class='ocrx_word' id='word_1_550' title='bbox 1372 4371 1594 4435; x_wconf 84' lang='grc' dir='ltr'>παντὸς,</span> <span class='ocrx_word' id='word_1_551' title='bbox 1628 4372 1676 4423; x_wconf 91' lang='grc' dir='ltr'><strong>εἰ</strong></span> <span class='ocrx_word' id='word_1_552' title='bbox 1710 4370 1785 4441; x_wconf 81' lang='grc' dir='ltr'>μὴ</span> <span class='ocrx_word' id='word_1_553' title='bbox 1814 4368 1910 4423; x_wconf 77' lang='grc' dir='ltr'>τοῦ</span> 
     </span>
    </p>
   </div>
   <div class='ocr_carea' id='block_1_75' title="bbox 333 4461 1913 4538">
    <p class='ocr_par' dir='ltr' id='par_1_75' title="bbox 333 4461 1913 4538">
     <span class='ocr_line' id='line_1_75' title="bbox 333 4461 1913 4538; baseline 0.001 -25"><span class='ocrx_word' id='word_1_554' title='bbox 333 4464 675 4538; x_wconf 80' lang='grc' dir='ltr'>Δημιουργοῢ</span> <span class='ocrx_word' id='word_1_555' title='bbox 720 4468 819 4535; x_wconf 80' lang='grc' dir='ltr'>τῆς</span> <span class='ocrx_word' id='word_1_556' title='bbox 866 4465 1170 4537; x_wconf 86' lang='grc' dir='ltr'>βουλήσεως</span> <span class='ocrx_word' id='word_1_557' title='bbox 1216 4463 1446 4534; x_wconf 76' lang='grc' dir='ltr'>ᾔσθετο,</span> <span class='ocrx_word' id='word_1_558' title='bbox 1501 4464 1584 4516; x_wconf 85' lang='grc' dir='ltr'><strong>ὅτι</strong></span> <span class='ocrx_word' id='word_1_559' title='bbox 1640 4461 1715 4532; x_wconf 82' lang='grc' dir='ltr'>μὴ</span> <span class='ocrx_word' id='word_1_560' title='bbox 1765 4461 1913 4515; x_wconf 85' lang='grc' dir='ltr'>ἄκων</span> 
     </span>
    </p>
   </div>
   <div class='ocr_carea' id='block_1_76' title="bbox 339 4554 608 4627">
    <p class='ocr_par' dir='ltr' id='par_1_76' title="bbox 339 4554 608 4627">
     <span class='ocr_line' id='line_1_76' title="bbox 339 4554 608 4627; baseline 0.004 -14"><span class='ocrx_word' id='word_1_561' title='bbox 339 4554 608 4627; x_wconf 76' lang='grc' dir='ltr'>ὖῦρίζετο.</span> 
     </span>
    </p>
   </div>
   <div class='ocr_carea' id='block_1_77' title="bbox 2014 3372 3590 3443">
    <p class='ocr_par' dir='ltr' id='par_1_77' title="bbox 2014 3372 3590 3443">
     <span class='ocr_line' id='line_1_77' title="bbox 2014 3372 3590 3443; baseline 0.003 -19"><span class='ocrx_word' id='word_1_562' title='bbox 2014 3372 2188 3425; x_wconf 88' lang='lat' dir='ltr'><strong>media</strong></span> <span class='ocrx_word' id='word_1_563' title='bbox 2229 3387 2332 3427; x_wconf 89' lang='lat' dir='ltr'><strong>nox</strong></span> <span class='ocrx_word' id='word_1_564' title='bbox 2364 3375 2643 3443; x_wconf 90' lang='lat' dir='ltr'><strong>incubuit;</strong></span> <span class='ocrx_word' id='word_1_565' title='bbox 2680 3377 2845 3432; x_wconf 88' lang='lat' dir='ltr'><strong>hodie</strong></span> <span class='ocrx_word' id='word_1_566' title='bbox 2866 3392 3012 3433; x_wconf 89' lang='lat' dir='ltr'><strong>mors</strong></span> <span class='ocrx_word' id='word_1_567' title='bbox 3040 3378 3146 3432; x_wconf 88' lang='lat' dir='ltr'><strong>vim</strong></span> <span class='ocrx_word' id='word_1_568' title='bbox 3182 3393 3333 3432; x_wconf 88' lang='lat' dir='ltr'><strong>suam</strong></span> <span class='ocrx_word' id='word_1_569' title='bbox 3367 3378 3590 3441; x_wconf 88' lang='lat' dir='ltr'><strong>amittit,</strong></span> 
     </span>
    </p>
   </div>
   <div class='ocr_carea' id='block_1_78' title="bbox 2019 3466 3589 3539">
    <p class='ocr_par' dir='ltr' id='par_1_78' title="bbox 2019 3466 3589 3539">
     <span class='ocr_line' id='line_1_78' title="bbox 2019 3466 3589 3539; baseline 0.004 -25"><span class='ocrx_word' id='word_1_570' title='bbox 2019 3476 2216 3516; x_wconf 90' lang='lat' dir='ltr'><strong>novum</strong></span> <span class='ocrx_word' id='word_1_571' title='bbox 2257 3466 2543 3533; x_wconf 88' lang='lat' dir='ltr'><strong>quemdam</strong></span> <span class='ocrx_word' id='word_1_572' title='bbox 2586 3477 2860 3523; x_wconf 88' lang='lat' dir='ltr'><strong>mortuum</strong></span> <span class='ocrx_word' id='word_1_573' title='bbox 2905 3470 2958 3522; x_wconf 89' lang='lat' dir='ltr'><strong>in</strong></span> <span class='ocrx_word' id='word_1_574' title='bbox 2992 3484 3051 3523; x_wconf 90' lang='lat' dir='ltr'><strong>se</strong></span> <span class='ocrx_word' id='word_1_575' title='bbox 3103 3470 3426 3539; x_wconf 86' lang='lat' dir='ltr'><strong>suscipiens.</strong></span> <span class='ocrx_word' id='word_1_576' title='bbox 3465 3468 3589 3524; x_wconf 81' lang='lat' dir='ltr'><strong>Heri</strong></span> 
     </span>
    </p>
   </div>
   <div class='ocr_carea' id='block_1_79' title="bbox 2019 3550 3595 3625">
    <p class='ocr_par' dir='ltr' id='par_1_79' title="bbox 2019 3550 3595 3625">
     <span class='ocr_line' id='line_1_79' title="bbox 2019 3550 3595 3625; baseline 0.008 -25"><span class='ocrx_word' id='word_1_577' title='bbox 2019 3562 2198 3604; x_wconf 88' lang='lat' dir='ltr'><strong>rerum</strong></span> <span class='ocrx_word' id='word_1_578' title='bbox 2241 3550 2441 3607; x_wconf 80' lang='lat' dir='ltr'><strong>fabrica</strong></span> <span class='ocrx_word' id='word_1_579' title='bbox 2479 3555 2636 3623; x_wconf 82' lang='lat' dir='ltr'><strong>luxit,</strong></span> <span class='ocrx_word' id='word_1_580' title='bbox 2674 3556 2983 3613; x_wconf 68' lang='lat' dir='ltr'><strong>Judaeorum</strong></span> <span class='ocrx_word' id='word_1_581' title='bbox 3018 3557 3254 3614; x_wconf 89' lang='lat' dir='ltr'><strong>furorem</strong></span> <span class='ocrx_word' id='word_1_582' title='bbox 3289 3560 3498 3625; x_wconf 84' lang='lat' dir='ltr'><strong>videns,</strong></span> <span class='ocrx_word' id='word_1_583' title='bbox 3539 3569 3595 3613; x_wconf 89' lang='lat' dir='ltr'><strong>et</strong></span> 
     </span>
    </p>
   </div>
   <div class='ocr_carea' id='block_1_80' title="bbox 2021 3640 3595 3705">
    <p class='ocr_par' dir='ltr' id='par_1_80' title="bbox 2021 3640 3595 3705">
     <span class='ocr_line' id='line_1_80' title="bbox 2021 3640 3595 3705; baseline 0.007 -13"><span class='ocrx_word' id='word_1_584' title='bbox 2021 3640 2293 3695; x_wconf 60' lang='lat' dir='ltr'><strong>inaestitiaz</strong></span> <span class='ocrx_word' id='word_1_585' title='bbox 2330 3646 2713 3701; x_wconf 76' lang='lat' dir='ltr'><strong>vestimentum</strong></span> <span class='ocrx_word' id='word_1_586' title='bbox 2742 3649 2845 3703; x_wconf 87' lang='lat' dir='ltr'><strong>sibi</strong></span> <span class='ocrx_word' id='word_1_587' title='bbox 2897 3651 3149 3705; x_wconf 84' lang='lat' dir='ltr'><strong>tenebras</strong></span> <span class='ocrx_word' id='word_1_588' title='bbox 3182 3649 3356 3703; x_wconf 89' lang='lat' dir='ltr'><strong>induit</strong></span> <span class='ocrx_word' id='word_1_589' title='bbox 3385 3665 3400 3703; x_wconf 91' lang='lat'><strong>:</strong></span> <span class='ocrx_word' id='word_1_590' title='bbox 3435 3650 3595 3703; x_wconf 86' lang='lat' dir='ltr'><strong>hodie</strong></span> 
     </span>
    </p>
   </div>
   <div class='ocr_carea' id='block_1_81' title="bbox 2018 3730 3590 3807">
    <p class='ocr_par' dir='ltr' id='par_1_81' title="bbox 2018 3730 3590 3807">
     <span class='ocr_line' id='line_1_81' title="bbox 2018 3730 3590 3807; baseline 0.008 -25"><span class='ocrx_word' id='word_1_591' title='bbox 2018 3730 2247 3801; x_wconf 87' lang='lat' dir='ltr'><strong>populus</strong></span> <span class='ocrx_word' id='word_1_592' title='bbox 2274 3731 2329 3785; x_wconf 90' lang='lat' dir='ltr'><strong>in</strong></span> <span class='ocrx_word' id='word_1_593' title='bbox 2362 3735 2601 3789; x_wconf 82' lang='lat' dir='ltr'><strong>tenebris</strong></span> <span class='ocrx_word' id='word_1_594' title='bbox 2623 3737 2818 3793; x_wconf 87' lang='lat' dir='ltr'><strong>sedens</strong></span> <span class='ocrx_word' id='word_1_595' title='bbox 2865 3742 3000 3793; x_wconf 89' lang='lat' dir='ltr'><strong>vidit</strong></span> <span class='ocrx_word' id='word_1_596' title='bbox 3032 3741 3210 3794; x_wconf 85' lang='lat' dir='ltr'><strong>lucem</strong></span> <span class='ocrx_word' id='word_1_597' title='bbox 3239 3755 3486 3807; x_wconf 77' lang='lat' dir='ltr'><strong>magnam</strong></span> <span class='ocrx_word' id='word_1_598' title='bbox 3522 3739 3590 3794; x_wconf 75' lang='lat'><strong>“.</strong></span> 
     </span>
    </p>
   </div>
   <div class='ocr_carea' id='block_1_82' title="bbox 2018 3822 3592 3899">
    <p class='ocr_par' dir='ltr' id='par_1_82' title="bbox 2018 3822 3592 3899">
     <span class='ocr_line' id='line_1_82' title="bbox 2018 3822 3592 3899; baseline 0.004 -22"><span class='ocrx_word' id='word_1_599' title='bbox 2018 3822 2145 3877; x_wconf 90' lang='lat' dir='ltr'><strong>lleri</strong></span> <span class='ocrx_word' id='word_1_600' title='bbox 2174 3833 2315 3876; x_wconf 89' lang='lat' dir='ltr'><strong>terra</strong></span> <span class='ocrx_word' id='word_1_601' title='bbox 2341 3834 2636 3886; x_wconf 88' lang='lat' dir='ltr'><strong>commota,</strong></span> <span class='ocrx_word' id='word_1_602' title='bbox 2669 3827 2816 3881; x_wconf 74' lang='lat' dir='ltr'><strong>velut</strong></span> <span class='ocrx_word' id='word_1_603' title='bbox 2849 3830 2915 3883; x_wconf 90' lang='lat' dir='ltr'><strong>de</strong></span> <span class='ocrx_word' id='word_1_604' title='bbox 2946 3827 3071 3899; x_wconf 79' lang='lat' dir='ltr'><strong>fuga</strong></span> <span class='ocrx_word' id='word_1_605' title='bbox 3115 3829 3398 3884; x_wconf 85' lang='lat' dir='ltr'><strong>consilium</strong></span> <span class='ocrx_word' id='word_1_606' title='bbox 3438 3830 3592 3897; x_wconf 92' lang='lat' dir='ltr'><strong>iniit;</strong></span> 
     </span>
    </p>
   </div>
   <div class='ocr_carea' id='block_1_83' title="bbox 2019 3916 3596 3977">
    <p class='ocr_par' dir='ltr' id='par_1_83' title="bbox 2019 3916 3596 3977">
     <span class='ocr_line' id='line_1_83' title="bbox 2019 3916 3596 3977; baseline 0.005 -8"><span class='ocrx_word' id='word_1_607' title='bbox 2019 3916 2304 3972; x_wconf 89' lang='lat' dir='ltr'><strong>dehiscere</strong></span> <span class='ocrx_word' id='word_1_608' title='bbox 2338 3917 2772 3974; x_wconf 87' lang='lat' dir='ltr'><strong>inhabitantibus</strong></span> <span class='ocrx_word' id='word_1_609' title='bbox 2816 3921 3189 3977; x_wconf 88' lang='lat' dir='ltr'><strong>comminata:</strong></span> <span class='ocrx_word' id='word_1_610' title='bbox 3247 3932 3457 3977; x_wconf 89' lang='lat' dir='ltr'><strong>montes</strong></span> <span class='ocrx_word' id='word_1_611' title='bbox 3499 3923 3596 3977; x_wconf 85' lang='lat' dir='ltr'><strong>ah-</strong></span> 
     </span>
    </p>
   </div>
   <div class='ocr_carea' id='block_1_84' title="bbox 2019 4008 3593 4084">
    <p class='ocr_par' dir='ltr' id='par_1_84' title="bbox 2019 4008 3593 4084">
     <span class='ocr_line' id='line_1_84' title="bbox 2019 4008 3593 4084; baseline 0.004 -23"><span class='ocrx_word' id='word_1_612' title='bbox 2019 4008 2200 4073; x_wconf 86' lang='lat' dir='ltr'><strong>scl’ssi,</strong></span> <span class='ocrx_word' id='word_1_613' title='bbox 2237 4018 2402 4077; x_wconf 74' lang='lat' dir='ltr'><strong>petrze</strong></span> <span class='ocrx_word' id='word_1_614' title='bbox 2430 4010 2634 4075; x_wconf 70' lang='lat' dir='ltr'><strong>scissae,</strong></span> <span class='ocrx_word' id='word_1_615' title='bbox 2679 4011 2878 4066; x_wconf 89' lang='lat' dir='ltr'><strong>nudum</strong></span> <span class='ocrx_word' id='word_1_616' title='bbox 2925 4012 3179 4081; x_wconf 89' lang='lat' dir='ltr'><strong>templum</strong></span> <span class='ocrx_word' id='word_1_617' title='bbox 3214 4025 3593 4084; x_wconf 90' lang='lat' dir='ltr'><strong>conspectum,</strong></span> 
     </span>
    </p>
   </div>
   <div class='ocr_carea' id='block_1_85' title="bbox 2018 4102 3592 4179">
    <p class='ocr_par' dir='ltr' id='par_1_85' title="bbox 2018 4102 3592 4179">
     <span class='ocr_line' id='line_1_85' title="bbox 2018 4102 3592 4179; baseline 0.007 -27"><span class='ocrx_word' id='word_1_618' title='bbox 2018 4102 2159 4170; x_wconf 90' lang='lat' dir='ltr'><strong>quod</strong></span> <span class='ocrx_word' id='word_1_619' title='bbox 2219 4103 2441 4169; x_wconf 86' lang='lat' dir='ltr'><strong>perinde</strong></span> <span class='ocrx_word' id='word_1_620' title='bbox 2486 4118 2549 4156; x_wconf 90' lang='lat' dir='ltr'><strong>ac</strong></span> <span class='ocrx_word' id='word_1_621' title='bbox 2584 4103 2627 4157; x_wconf 88' lang='lat' dir='ltr'><strong>si</strong></span> <span class='ocrx_word' id='word_1_622' title='bbox 2675 4104 2853 4157; x_wconf 88' lang='lat' dir='ltr'><strong>vivum</strong></span> <span class='ocrx_word' id='word_1_623' title='bbox 2897 4112 3062 4169; x_wconf 85' lang='lat' dir='ltr'><strong>esset,</strong></span> <span class='ocrx_word' id='word_1_624' title='bbox 3097 4117 3306 4162; x_wconf 77' lang='lat' dir='ltr'><strong>vestem</strong></span> <span class='ocrx_word' id='word_1_625' title='bbox 3340 4109 3541 4179; x_wconf 91' lang='lat' dir='ltr'><strong>dirupit</strong></span> <span class='ocrx_word' id='word_1_626' title='bbox 3577 4127 3592 4164; x_wconf 89' lang='lat'><strong>:</strong></span> 
     </span>
    </p>
   </div>
   <div class='ocr_carea' id='block_1_86' title="bbox 2018 4194 3594 4262">
    <p class='ocr_par' dir='ltr' id='par_1_86' title="bbox 2018 4194 3594 4262">
     <span class='ocr_line' id='line_1_86' title="bbox 2018 4194 3594 4262; baseline 0.008 -18"><span class='ocrx_word' id='word_1_627' title='bbox 2018 4206 2114 4262; x_wconf 87' lang='lat' dir='ltr'><strong>per</strong></span> <span class='ocrx_word' id='word_1_628' title='bbox 2161 4207 2222 4245; x_wconf 88' lang='lat' dir='ltr'><strong>ea</strong></span> <span class='ocrx_word' id='word_1_629' title='bbox 2259 4208 2378 4262; x_wconf 75' lang='lat' dir='ltr'><strong>quze</strong></span> <span class='ocrx_word' id='word_1_630' title='bbox 2410 4194 2513 4248; x_wconf 90' lang='lat' dir='ltr'><strong>sibi</strong></span> <span class='ocrx_word' id='word_1_631' title='bbox 2550 4195 2910 4260; x_wconf 87' lang='lat' dir='ltr'><strong>accidebant,</strong></span> <span class='ocrx_word' id='word_1_632' title='bbox 2962 4210 3118 4250; x_wconf 81' lang='lat' dir='ltr'><strong>sacra</strong></span> <span class='ocrx_word' id='word_1_633' title='bbox 3176 4206 3432 4253; x_wconf 89' lang='lat' dir='ltr'><strong>temerata</strong></span> <span class='ocrx_word' id='word_1_634' title='bbox 3472 4216 3594 4255; x_wconf 85' lang='lat' dir='ltr'><strong>esse</strong></span> 
     </span>
    </p>
   </div>
   <div class='ocr_carea' id='block_1_87' title="bbox 2019 4284 3595 4359">
    <p class='ocr_par' dir='ltr' id='par_1_87' title="bbox 2019 4284 3595 4359">
     <span class='ocr_line' id='line_1_87' title="bbox 2019 4284 3595 4359; baseline 0.005 -23"><span class='ocrx_word' id='word_1_635' title='bbox 2019 4286 2370 4338; x_wconf 87' lang='lat' dir='ltr'><strong>contendens.</strong></span> <span class='ocrx_word' id='word_1_636' title='bbox 2421 4284 2486 4338; x_wconf 87' lang='lat' dir='ltr'><strong>Et</strong></span> <span class='ocrx_word' id='word_1_637' title='bbox 2541 4286 2734 4340; x_wconf 71' lang='lat' dir='ltr'><strong>animae</strong></span> <span class='ocrx_word' id='word_1_638' title='bbox 2792 4288 3011 4357; x_wconf 88' lang='lat' dir='ltr'><strong>quidem</strong></span> <span class='ocrx_word' id='word_1_639' title='bbox 3068 4288 3295 4359; x_wconf 70' lang='lat' dir='ltr'><strong>vitaeque</strong></span> <span class='ocrx_word' id='word_1_640' title='bbox 3356 4292 3595 4359; x_wconf 79' lang='lat' dir='ltr'><strong>expertia</strong></span> 
     </span>
    </p>
   </div>
   <div class='ocr_carea' id='block_1_88' title="bbox 2022 4372 3598 4447">
    <p class='ocr_par' dir='ltr' id='par_1_88' title="bbox 2022 4372 3598 4447">
     <span class='ocr_line' id='line_1_88' title="bbox 2022 4372 3598 4447; baseline 0.005 -20"><span class='ocrx_word' id='word_1_641' title='bbox 2022 4382 2226 4427; x_wconf 86' lang='lat' dir='ltr'><strong>tantum</strong></span> <span class='ocrx_word' id='word_1_642' title='bbox 2276 4372 2487 4430; x_wconf 84' lang='lat' dir='ltr'><strong>facinus</strong></span> <span class='ocrx_word' id='word_1_643' title='bbox 2513 4386 2809 4431; x_wconf 86' lang='lat' dir='ltr'><strong>senserunt</strong></span> <span class='ocrx_word' id='word_1_644' title='bbox 2842 4399 2855 4432; x_wconf 87' lang='lat'><strong>:</strong></span> <span class='ocrx_word' id='word_1_645' title='bbox 2892 4388 2948 4433; x_wconf 87' lang='lat' dir='ltr'><strong>at</strong></span> <span class='ocrx_word' id='word_1_646' title='bbox 2988 4380 3076 4447; x_wconf 84' lang='lat' dir='ltr'><strong>qui</strong></span> <span class='ocrx_word' id='word_1_647' title='bbox 3114 4379 3167 4434; x_wconf 79' lang='lat' dir='ltr'><strong>id</strong></span> <span class='ocrx_word' id='word_1_648' title='bbox 3196 4379 3345 4442; x_wconf 81' lang='lat' dir='ltr'><strong>ausi,</strong></span> <span class='ocrx_word' id='word_1_649' title='bbox 3389 4381 3598 4435; x_wconf 86' lang='lat' dir='ltr'><strong>animas</strong></span> 
     </span>
    </p>
   </div>
   <div class='ocr_carea' id='block_1_89' title="bbox 2019 4463 3596 4534">
    <p class='ocr_par' dir='ltr' id='par_1_89' title="bbox 2019 4463 3596 4534">
     <span class='ocr_line' id='line_1_89' title="bbox 2019 4463 3596 4534; baseline 0.004 -19"><span class='ocrx_word' id='word_1_650' title='bbox 2019 4463 2164 4515; x_wconf 91' lang='lat' dir='ltr'><strong>omni</strong></span> <span class='ocrx_word' id='word_1_651' title='bbox 2192 4478 2354 4517; x_wconf 89' lang='lat' dir='ltr'><strong>sensu</strong></span> <span class='ocrx_word' id='word_1_652' title='bbox 2389 4476 2638 4521; x_wconf 87' lang='lat' dir='ltr'><strong>carentes</strong></span> <span class='ocrx_word' id='word_1_653' title='bbox 2667 4467 2989 4525; x_wconf 88' lang='lat' dir='ltr'><strong>habuerunt.</strong></span> <span class='ocrx_word' id='word_1_654' title='bbox 3017 4468 3276 4525; x_wconf 89' lang='lat' dir='ltr'><strong>Dolebaut</strong></span> <span class='ocrx_word' id='word_1_655' title='bbox 3309 4469 3596 4534; x_wconf 87' lang='lat' dir='ltr'><strong>elementa,</strong></span> 
     </span>
    </p>
   </div>
   <div class='ocr_carea' id='block_1_90' title="bbox 2021 4555 3598 4632">
    <p class='ocr_par' dir='ltr' id='par_1_90' title="bbox 2021 4555 3598 4632">
     <span class='ocr_line' id='line_1_90' title="bbox 2021 4555 3598 4632; baseline 0.004 -26"><span class='ocrx_word' id='word_1_656' title='bbox 2021 4561 2075 4607; x_wconf 86' lang='lat' dir='ltr'><strong>et</strong></span> <span class='ocrx_word' id='word_1_657' title='bbox 2095 4568 2287 4624; x_wconf 83' lang='lat' dir='ltr'><strong>parum</strong></span> <span class='ocrx_word' id='word_1_658' title='bbox 2319 4555 2527 4621; x_wconf 82' lang='lat' dir='ltr'><strong>aberat,</strong></span> <span class='ocrx_word' id='word_1_659' title='bbox 2556 4558 2705 4627; x_wconf 89' lang='lat' dir='ltr'><strong>quin,</strong></span> <span class='ocrx_word' id='word_1_660' title='bbox 2743 4558 2986 4614; x_wconf 82' lang='lat' dir='ltr'><strong>ordinem</strong></span> <span class='ocrx_word' id='word_1_661' title='bbox 3015 4563 3413 4632; x_wconf 84' lang='lat' dir='ltr'><strong>stationemque</strong></span> <span class='ocrx_word' id='word_1_662' title='bbox 3445 4561 3598 4615; x_wconf 88' lang='lat' dir='ltr'><strong>dese-</strong></span> 
     </span>
    </p>
   </div>
   <div class='ocr_carea' id='block_1_91' title="bbox 344 4644 3594 4721">
    <p class='ocr_par' dir='ltr' id='par_1_91' title="bbox 344 4644 3594 4721">
     <span class='ocr_line' id='line_1_91' title="bbox 344 4644 3594 4721; baseline 0.002 -23"><span class='ocrx_word' id='word_1_663' title='bbox 344 4652 528 4718; x_wconf 83' lang='lat' dir='ltr'><strong>rentia,</strong></span> <span class='ocrx_word' id='word_1_664' title='bbox 564 4650 947 4707; x_wconf 87' lang='lat' dir='ltr'><strong>confusionem</strong></span> <span class='ocrx_word' id='word_1_665' title='bbox 975 4645 1579 4712; x_wconf 87' lang='lat' dir='ltr'><strong>inducerentuuiversi,</strong></span> <span class='ocrx_word' id='word_1_666' title='bbox 1635 4644 1738 4700; x_wconf 83' lang='lat' dir='ltr'><strong>nisi</strong></span> <span class='ocrx_word' id='word_1_667' title='bbox 1793 4645 2124 4700; x_wconf 84' lang='lat' dir='ltr'><strong>voluntatem</strong></span> <span class='ocrx_word' id='word_1_668' title='bbox 2164 4645 2486 4701; x_wconf 86' lang='lat' dir='ltr'><strong>&#39;conditoris</strong></span> <span class='ocrx_word' id='word_1_669' title='bbox 2547 4650 2938 4718; x_wconf 88' lang='lat' dir='ltr'><strong>percepissent,</strong></span> <span class='ocrx_word' id='word_1_670' title='bbox 2986 4653 3234 4708; x_wconf 81' lang='lat' dir='ltr'><strong>videlicet</strong></span> <span class='ocrx_word' id='word_1_671' title='bbox 3283 4652 3458 4721; x_wconf 91' lang='lat' dir='ltr'><strong>ipsum</strong></span> <span class='ocrx_word' id='word_1_672' title='bbox 3488 4667 3594 4709; x_wconf 89' lang='lat' dir='ltr'><strong>non</strong></span> 
     </span>
    </p>
   </div>
   <div class='ocr_carea' id='block_1_92' title="bbox 341 4734 722 4813">
    <p class='ocr_par' dir='ltr' id='par_1_92' title="bbox 341 4734 722 4813">
     <span class='ocr_line' id='line_1_92' title="bbox 341 4734 722 4813; baseline 0.013 -21"><span class='ocrx_word' id='word_1_673' title='bbox 341 4734 552 4797; x_wconf 78' lang='lat' dir='ltr'><strong>invitum</strong></span> <span class='ocrx_word' id='word_1_674' title='bbox 587 4744 722 4813; x_wconf 91' lang='lat' dir='ltr'><strong>pati.</strong></span> 
     </span>
    </p>
   </div>
   <div class='ocr_carea' id='block_1_93' title="bbox 403 4829 1909 4910">
    <p class='ocr_par' dir='ltr' id='par_1_93' title="bbox 403 4832 1909 4910">
     <span class='ocr_line' id='line_1_93' title="bbox 403 4832 1909 4910; baseline -0.005 -17"><span class='ocrx_word' id='word_1_675' title='bbox 403 4836 546 4893; x_wconf 86' lang='grc' dir='ltr'><strong>Β¹.Ὧ</strong></span> <span class='ocrx_word' id='word_1_676' title='bbox 558 4838 768 4893; x_wconf 86' lang='grc' dir='ltr'>καινῶν</span> <span class='ocrx_word' id='word_1_677' title='bbox 795 4839 887 4893; x_wconf 82' lang='grc' dir='ltr'><strong>καὶ</strong></span> <span class='ocrx_word' id='word_1_678' title='bbox 899 4837 1220 4910; x_wconf 78' lang='grc' dir='ltr'>παραδόξων</span> <span class='ocrx_word' id='word_1_679' title='bbox 1246 4834 1590 4908; x_wconf 82' lang='grc' dir='ltr'>πραγμάτων</span> <span class='ocrx_word' id='word_1_680' title='bbox 1609 4836 1621 4888; x_wconf 91' lang='lat'><strong>!</strong></span> <span class='ocrx_word' id='word_1_681' title='bbox 1638 4832 1791 4905; x_wconf 85' lang='grc' dir='ltr'>Ξύλῳ</span> <span class='ocrx_word' id='word_1_682' title='bbox 1810 4833 1909 4887; x_wconf 84' lang='grc' dir='ltr'>τεί-</span> 
     </span>
    </p>
   </div>
   <div class='ocr_carea' id='block_1_94' title="bbox 2019 4829 3600 4910">
    <p class='ocr_par' dir='ltr' id='par_1_94' title="bbox 2094 4829 3600 4905">
     <span class='ocr_line' id='line_1_94' title="bbox 2094 4829 3600 4905; baseline 0.002 -21"><span class='ocrx_word' id='word_1_683' title='bbox 2094 4831 2161 4884; x_wconf 77' lang='lat' dir='ltr'><strong>il.</strong></span> <span class='ocrx_word' id='word_1_684' title='bbox 2210 4829 2255 4887; x_wconf 90' lang='grc' dir='ltr'><strong>Ο</strong></span> <span class='ocrx_word' id='word_1_685' title='bbox 2294 4846 2381 4886; x_wconf 87' lang='lat' dir='ltr'><strong>res</strong></span> <span class='ocrx_word' id='word_1_686' title='bbox 2413 4846 2581 4886; x_wconf 84' lang='lat' dir='ltr'><strong>novas</strong></span> <span class='ocrx_word' id='word_1_687' title='bbox 2616 4841 2779 4902; x_wconf 86' lang='lat' dir='ltr'><strong>atque</strong></span> <span class='ocrx_word' id='word_1_688' title='bbox 2825 4833 3158 4902; x_wconf 81' lang='lat' dir='ltr'><strong>inopinatas!</strong></span> <span class='ocrx_word' id='word_1_689' title='bbox 3198 4832 3369 4905; x_wconf 79' lang='lat' dir='ltr'><strong>Ligno</strong></span> <span class='ocrx_word' id='word_1_690' title='bbox 3412 4845 3600 4891; x_wconf 85' lang='lat' dir='ltr'><strong>exten-</strong></span> 
     </span>
    </p>
   </div>
   <div class='ocr_carea' id='block_1_95' title="bbox 344 4925 1913 5001">
    <p class='ocr_par' dir='ltr' id='par_1_95' title="bbox 344 4925 1913 5001">
     <span class='ocr_line' id='line_1_95' title="bbox 344 4925 1913 5001; baseline 0.001 -24"><span class='ocrx_word' id='word_1_691' title='bbox 344 4939 474 4982; x_wconf 81' lang='grc' dir='ltr'>νεται</span> <span class='ocrx_word' id='word_1_692' title='bbox 509 4934 539 4985; x_wconf 87' lang='grc' dir='ltr'>ὁ</span> <span class='ocrx_word' id='word_1_693' title='bbox 581 4930 731 5001; x_wconf 81' lang='grc' dir='ltr'>λόγῳ</span> <span class='ocrx_word' id='word_1_694' title='bbox 765 4930 951 4993; x_wconf 87' lang='grc' dir='ltr'>τείνας</span> <span class='ocrx_word' id='word_1_695' title='bbox 975 4930 1067 4983; x_wconf 81' lang='grc' dir='ltr'><strong>τὸν</strong></span> <span class='ocrx_word' id='word_1_696' title='bbox 1093 4928 1353 4999; x_wconf 78' lang='grc' dir='ltr'>οὐρανόν·</span> <span class='ocrx_word' id='word_1_697' title='bbox 1383 4928 1479 4982; x_wconf 70' lang='grc' dir='ltr'>καὶ</span> <span class='ocrx_word' id='word_1_698' title='bbox 1502 4925 1720 4997; x_wconf 82' lang='grc' dir='ltr'>δεσμοῖς</span> <span class='ocrx_word' id='word_1_699' title='bbox 1755 4942 1913 4997; x_wconf 88' lang='grc' dir='ltr'>περι-</span> 
     </span>
    </p>
   </div>
   <div class='ocr_carea' id='block_1_96' title="bbox 345 5016 1914 5095">
    <p class='ocr_par' dir='ltr' id='par_1_96' title="bbox 345 5016 1914 5095">
     <span class='ocr_line' id='line_1_96' title="bbox 345 5016 1914 5095; baseline -0.001 -22"><span class='ocrx_word' id='word_1_700' title='bbox 345 5016 605 5090; x_wconf 71' lang='grc' dir='ltr'>ϐάλλεται,</span> <span class='ocrx_word' id='word_1_701' title='bbox 632 5026 661 5077; x_wconf 88' lang='lat'><strong>6</strong></span> <span class='ocrx_word' id='word_1_702' title='bbox 690 5024 860 5094; x_wconf 85' lang='grc' dir='ltr'>δήσας</span> <span class='ocrx_word' id='word_1_703' title='bbox 888 5022 1102 5094; x_wconf 75' lang='grc' dir='ltr'>ψάμμῳ</span> <span class='ocrx_word' id='word_1_704' title='bbox 1152 5023 1250 5095; x_wconf 83' lang='grc' dir='ltr'>τὴν</span> <span class='ocrx_word' id='word_1_705' title='bbox 1280 5022 1588 5076; x_wconf 75' lang='grc' dir='ltr'>θάλασσαν’</span> <span class='ocrx_word' id='word_1_706' title='bbox 1636 5017 1914 5082; x_wconf 78' lang='grc' dir='ltr'>ποτίζεται</span> 
     </span>
    </p>
   </div>
   <div class='ocr_carea' id='block_1_97' title="bbox 346 5112 1915 5187">
    <p class='ocr_par' dir='ltr' id='par_1_97' title="bbox 346 5112 1915 5187">
     <span class='ocr_line' id='line_1_97' title="bbox 346 5112 1915 5187; baseline -0.004 -17"><span class='ocrx_word' id='word_1_707' title='bbox 346 5113 507 5183; x_wconf 74' lang='grc' dir='ltr'>χολὴν,</span> <span class='ocrx_word' id='word_1_708' title='bbox 549 5119 581 5171; x_wconf 92' lang='lat'><strong>6</strong></span> <span class='ocrx_word' id='word_1_709' title='bbox 606 5116 707 5180; x_wconf 80' lang='grc' dir='ltr'>τὰς</span> <span class='ocrx_word' id='word_1_710' title='bbox 740 5115 925 5187; x_wconf 77' lang='grc' dir='ltr'>πηγὰς</span> <span class='ocrx_word' id='word_1_711' title='bbox 962 5115 1178 5186; x_wconf 81' lang='grc' dir='ltr'>μέλιτος</span> <span class='ocrx_word' id='word_1_712' title='bbox 1223 5113 1628 5187; x_wconf 69' lang='grc' dir='ltr'>χαρισάμενος-ο</span> <span class='ocrx_word' id='word_1_713' title='bbox 1668 5112 1763 5166; x_wconf 72' lang='grc' dir='ltr'><strong>καὶ</strong></span> <span class='ocrx_word' id='word_1_714' title='bbox 1791 5128 1915 5164; x_wconf 81' lang='grc' dir='ltr'>στε-</span> 
     </span>
    </p>
   </div>
   <div class='ocr_carea' id='block_1_98' title="bbox 349 5201 1914 5276">
    <p class='ocr_par' dir='ltr' id='par_1_98' title="bbox 349 5201 1914 5276">
     <span class='ocr_line' id='line_1_98' title="bbox 349 5201 1914 5276; baseline -0.001 -22"><span class='ocrx_word' id='word_1_715' title='bbox 349 5206 596 5266; x_wconf 76' lang='grc' dir='ltr'>φανοῠται</span> <span class='ocrx_word' id='word_1_716' title='bbox 649 5205 917 5269; x_wconf 87' lang='grc' dir='ltr'>ἀκάνθαις</span> <span class='ocrx_word' id='word_1_717' title='bbox 941 5246 957 5272; x_wconf 88' lang='grc'><strong>,</strong></span> <span class='ocrx_word' id='word_1_718' title='bbox 1010 5207 1038 5259; x_wconf 87' lang='lat'><strong>6</strong></span> <span class='ocrx_word' id='word_1_719' title='bbox 1086 5206 1186 5276; x_wconf 83' lang='grc' dir='ltr'>τὴν</span> <span class='ocrx_word' id='word_1_720' title='bbox 1241 5208 1347 5275; x_wconf 82' lang='grc' dir='ltr'>γῆν</span> <span class='ocrx_word' id='word_1_721' title='bbox 1401 5201 1754 5272; x_wconf 84' lang='grc' dir='ltr'>στεφανώσας</span> <span class='ocrx_word' id='word_1_722' title='bbox 1801 5202 1914 5263; x_wconf 86' lang='grc' dir='ltr'>τοῖς</span> 
     </span>
    </p>
   </div>
   <div class='ocr_carea' id='block_1_99' title="bbox 351 5291 1912 5369">
    <p class='ocr_par' dir='ltr' id='par_1_99' title="bbox 351 5291 1912 5369">
     <span class='ocr_line' id='line_1_99' title="bbox 351 5291 1912 5369; baseline -0.002 -21"><span class='ocrx_word' id='word_1_723' title='bbox 351 5291 513 5353; x_wconf 71' lang='grc' dir='ltr'>ἄνθεσι</span> <span class='ocrx_word' id='word_1_724' title='bbox 538 5316 554 5330; x_wconf 66' lang='grc' dir='ltr'><strong>θ</strong></span> <span class='ocrx_word' id='word_1_725' title='bbox 602 5297 699 5351; x_wconf 78' lang='grc' dir='ltr'><strong>καὶ</strong></span> <span class='ocrx_word' id='word_1_726' title='bbox 745 5295 1006 5352; x_wconf 84' lang='grc' dir='ltr'>τύπτεται</span> <span class='ocrx_word' id='word_1_727' title='bbox 1056 5296 1157 5369; x_wconf 85' lang='grc' dir='ltr'>μὲν</span> <span class='ocrx_word' id='word_1_728' title='bbox 1206 5295 1438 5367; x_wconf 80' lang='grc' dir='ltr'>καλάμῳ</span> <span class='ocrx_word' id='word_1_729' title='bbox 1482 5293 1583 5366; x_wconf 76' lang='grc' dir='ltr'>τὴν</span> <span class='ocrx_word' id='word_1_730' title='bbox 1642 5293 1912 5364; x_wconf 82' lang='grc' dir='ltr'>κεφαλὴν,</span> 
     </span>
    </p>
   </div>
   <div class='ocr_carea' id='block_1_100' title="bbox 2022 4923 3600 4993">
    <p class='ocr_par' dir='ltr' id='par_1_100' title="bbox 2022 4923 3600 4993">
     <span class='ocr_line' id='line_1_100' title="bbox 2022 4923 3600 4993; baseline 0.001 -16"><span class='ocrx_word' id='word_1_731' title='bbox 2022 4923 2189 4990; x_wconf 89' lang='lat' dir='ltr'><strong>ditur,</strong></span> <span class='ocrx_word' id='word_1_732' title='bbox 2224 4925 2314 4993; x_wconf 90' lang='lat' dir='ltr'><strong>qui</strong></span> <span class='ocrx_word' id='word_1_733' title='bbox 2346 4925 2512 4979; x_wconf 89' lang='lat' dir='ltr'><strong>verbo</strong></span> <span class='ocrx_word' id='word_1_734' title='bbox 2532 4925 2727 4979; x_wconf 65' lang='lat' dir='ltr'><strong>coelum</strong></span> <span class='ocrx_word' id='word_1_735' title='bbox 2754 4926 3084 4992; x_wconf 84' lang='lat' dir='ltr'><strong>tetenderat;</strong></span> <span class='ocrx_word' id='word_1_736' title='bbox 3110 4927 3337 4983; x_wconf 89' lang='lat' dir='ltr'><strong>vinculis</strong></span> <span class='ocrx_word' id='word_1_737' title='bbox 3366 4927 3600 4984; x_wconf 87' lang='lat' dir='ltr'><strong>circum-</strong></span> 
     </span>
    </p>
   </div>
   <div class='ocr_carea' id='block_1_101' title="bbox 2020 5014 3596 5089">
    <p class='ocr_par' dir='ltr' id='par_1_101' title="bbox 2020 5014 3596 5089">
     <span class='ocr_line' id='line_1_101' title="bbox 2020 5014 3596 5089; baseline 0 -19"><span class='ocrx_word' id='word_1_738' title='bbox 2020 5014 2205 5079; x_wconf 89' lang='lat' dir='ltr'><strong>datur,</strong></span> <span class='ocrx_word' id='word_1_739' title='bbox 2254 5015 2344 5083; x_wconf 79' lang='grc' dir='ltr'>ιιιιί</span> <span class='ocrx_word' id='word_1_740' title='bbox 2391 5032 2541 5072; x_wconf 89' lang='lat' dir='ltr'><strong>mare</strong></span> <span class='ocrx_word' id='word_1_741' title='bbox 2593 5020 2775 5075; x_wconf 87' lang='lat' dir='ltr'><strong>arenis</strong></span> <span class='ocrx_word' id='word_1_742' title='bbox 2824 5018 3174 5087; x_wconf 81' lang='lat' dir='ltr'><strong>alligaverat;</strong></span> <span class='ocrx_word' id='word_1_743' title='bbox 3206 5020 3329 5075; x_wconf 85' lang='lat' dir='ltr'><strong>felle</strong></span> <span class='ocrx_word' id='word_1_744' title='bbox 3362 5027 3596 5089; x_wconf 86' lang='lat' dir='ltr'><strong>potatur,</strong></span> 
     </span>
    </p>
   </div>
   <div class='ocr_carea' id='block_1_102' title="bbox 2021 5106 3595 5181">
    <p class='ocr_par' dir='ltr' id='par_1_102' title="bbox 2021 5106 3595 5181">
     <span class='ocr_line' id='line_1_102' title="bbox 2021 5106 3595 5181; baseline 0.003 -22"><span class='ocrx_word' id='word_1_745' title='bbox 2021 5106 2112 5176; x_wconf 87' lang='lat' dir='ltr'><strong>qui</strong></span> <span class='ocrx_word' id='word_1_746' title='bbox 2144 5107 2318 5163; x_wconf 90' lang='lat' dir='ltr'><strong>mellis</strong></span> <span class='ocrx_word' id='word_1_747' title='bbox 2350 5106 2531 5165; x_wconf 89' lang='lat' dir='ltr'><strong>fontes</strong></span> <span class='ocrx_word' id='word_1_748' title='bbox 2567 5110 2743 5166; x_wconf 89' lang='lat' dir='ltr'><strong>fuerat</strong></span> <span class='ocrx_word' id='word_1_749' title='bbox 2783 5111 3034 5180; x_wconf 81' lang='lat' dir='ltr'><strong>largitus;</strong></span> <span class='ocrx_word' id='word_1_750' title='bbox 3085 5112 3257 5181; x_wconf 87' lang='lat' dir='ltr'><strong>spinis</strong></span> <span class='ocrx_word' id='word_1_751' title='bbox 3286 5121 3595 5176; x_wconf 88' lang='lat' dir='ltr'><strong>coronatur,</strong></span> 
     </span>
    </p>
   </div>
   <div class='ocr_carea' id='block_1_103' title="bbox 2020 5203 3600 5274">
    <p class='ocr_par' dir='ltr' id='par_1_103' title="bbox 2020 5203 3600 5274">
     <span class='ocr_line' id='line_1_103' title="bbox 2020 5203 3600 5274; baseline -0.001 -18"><span class='ocrx_word' id='word_1_752' title='bbox 2020 5204 2113 5274; x_wconf 89' lang='lat' dir='ltr'><strong>qui</strong></span> <span class='ocrx_word' id='word_1_753' title='bbox 2168 5211 2368 5259; x_wconf 91' lang='lat' dir='ltr'><strong>terram</strong></span> <span class='ocrx_word' id='word_1_754' title='bbox 2431 5205 2656 5262; x_wconf 81' lang='lat' dir='ltr'><strong>floribus</strong></span> <span class='ocrx_word' id='word_1_755' title='bbox 2722 5212 3112 5272; x_wconf 80' lang='lat' dir='ltr'><strong>coronaverat;</strong></span> <span class='ocrx_word' id='word_1_756' title='bbox 3169 5203 3379 5260; x_wconf 85' lang='lat' dir='ltr'><strong>calamo</strong></span> <span class='ocrx_word' id='word_1_757' title='bbox 3439 5214 3600 5274; x_wconf 84' lang='lat' dir='ltr'><strong>caput</strong></span> 
     </span>
    </p>
   </div>
   <div class='ocr_carea' id='block_1_104' title="bbox 2023 5294 3595 5369">
    <p class='ocr_par' dir='ltr' id='par_1_104' title="bbox 2023 5294 3595 5369">
     <span class='ocr_line' id='line_1_104' title="bbox 2023 5294 3595 5369; baseline -0.003 -20"><span class='ocrx_word' id='word_1_758' title='bbox 2023 5295 2362 5361; x_wconf 82' lang='lat' dir='ltr'><strong>verberatur,</strong></span> <span class='ocrx_word' id='word_1_759' title='bbox 2396 5298 2487 5367; x_wconf 88' lang='lat' dir='ltr'><strong>qui</strong></span> <span class='ocrx_word' id='word_1_760' title='bbox 2528 5296 2818 5369; x_wconf 68' lang='lat' dir='ltr'><strong>Egyptum</strong></span> <span class='ocrx_word' id='word_1_761' title='bbox 2865 5298 2992 5353; x_wconf 92' lang='lat' dir='ltr'><strong>olim</strong></span> <span class='ocrx_word' id='word_1_762' title='bbox 3048 5297 3231 5351; x_wconf 90' lang='lat' dir='ltr'><strong>decem</strong></span> <span class='ocrx_word' id='word_1_763' title='bbox 3271 5294 3440 5364; x_wconf 77' lang='lat' dir='ltr'><strong>plagis</strong></span> <span class='ocrx_word' id='word_1_764' title='bbox 3473 5309 3595 5364; x_wconf 81' lang='lat' dir='ltr'><strong>per—</strong></span> 
     </span>
    </p>
   </div>
   <div class='ocr_carea' id='block_1_105' title="bbox 412 5448 1909 5518">
    <p class='ocr_par' dir='ltr' id='par_1_105' title="bbox 412 5449 1887 5511">
     <span class='ocr_line' id='line_1_105' title="bbox 412 5449 1887 5511; baseline -0.003 -3"><span class='ocrx_word' id='word_1_765' title='bbox 412 5452 628 5511; x_wconf 78' lang='lat' dir='ltr'><strong>“loan.</strong></span> <span class='ocrx_word' id='word_1_766' title='bbox 661 5472 708 5511; x_wconf 86' lang='grc' dir='ltr'><strong>ι.</strong></span> <span class='ocrx_word' id='word_1_767' title='bbox 734 5456 826 5511; x_wconf 72' lang='lat'><strong>29.</strong></span> <span class='ocrx_word' id='word_1_768' title='bbox 901 5455 945 5490; x_wconf 79' lang='lat'><strong>”</strong></span> <span class='ocrx_word' id='word_1_769' title='bbox 977 5453 1122 5511; x_wconf 86' lang='lat' dir='ltr'><strong>Psal.</strong></span> <span class='ocrx_word' id='word_1_770' title='bbox 1152 5470 1247 5511; x_wconf 71' lang='lat' dir='ltr'><strong>xv.</strong></span> <span class='ocrx_word' id='word_1_771' title='bbox 1276 5453 1362 5508; x_wconf 87' lang='lat' dir='ltr'><strong>l0.</strong></span> <span class='ocrx_word' id='word_1_772' title='bbox 1434 5451 1480 5485; x_wconf 73' lang='grc'><strong>⁸⁸</strong></span> <span class='ocrx_word' id='word_1_773' title='bbox 1516 5449 1658 5507; x_wconf 84' lang='lat' dir='ltr'><strong>Psal.</strong></span> <span class='ocrx_word' id='word_1_774' title='bbox 1699 5464 1887 5504; x_wconf 76' lang='lat' dir='ltr'><strong>xum.</strong></span> 
     </span>
    </p>
   </div>
   <div class='ocr_carea' id='block_1_106' title="bbox 2019 5448 2996 5518">
    <p class='ocr_par' dir='ltr' id='par_1_106' title="bbox 2085 5448 2996 5518">
     <span class='ocr_line' id='line_1_106' title="bbox 2085 5448 2996 5518; baseline 0.004 -14"><span class='ocrx_word' id='word_1_775' title='bbox 2085 5448 2126 5481; x_wconf 68' lang='grc' dir='ltr'>δ’</span> <span class='ocrx_word' id='word_1_776' title='bbox 2148 5450 2310 5506; x_wconf 82' lang='lat' dir='ltr'><strong>Zach.</strong></span> <span class='ocrx_word' id='word_1_777' title='bbox 2344 5467 2444 5518; x_wconf 84' lang='lat' dir='ltr'><strong>xu,</strong></span> <span class='ocrx_word' id='word_1_778' title='bbox 2478 5451 2563 5507; x_wconf 78' lang='grc'><strong>10.</strong></span> <span class='ocrx_word' id='word_1_779' title='bbox 2641 5452 2688 5486; x_wconf 77' lang='grc'><strong>⁸⁸</strong></span> <span class='ocrx_word' id='word_1_780' title='bbox 2711 5453 2908 5516; x_wconf 84' lang='lat' dir='ltr'><strong>lsa.tx.</strong></span> <span class='ocrx_word' id='word_1_781' title='bbox 2938 5452 2996 5508; x_wconf 76' lang='grc'>2.</span> 
     </span>
    </p>
   </div>
   <div class='ocr_carea' id='block_1_107' title="bbox 408 5571 1905 5649">
    <p class='ocr_par' dir='ltr' id='par_1_107' title="bbox 408 5571 1905 5649">
     <span class='ocr_line' id='line_1_107' title="bbox 408 5571 1905 5649; baseline -0.008 -13"><span class='ocrx_word' id='word_1_782' title='bbox 408 5574 505 5649; x_wconf 62' lang='lat'><strong>(8})</strong></span> <span class='ocrx_word' id='word_1_783' title='bbox 536 5580 941 5649; x_wconf 83' lang='lat' dir='ltr'><strong>Exscripsimus</strong></span> <span class='ocrx_word' id='word_1_784' title='bbox 966 5578 1166 5634; x_wconf 90' lang='lat' dir='ltr'><strong>editam</strong></span> <span class='ocrx_word' id='word_1_785' title='bbox 1191 5574 1581 5649; x_wconf 70' lang='lat' dir='ltr'><strong>a_Pantiuo_ex</strong></span> <span class='ocrx_word' id='word_1_786' title='bbox 1616 5571 1905 5649; x_wconf 82' lang='lat' dir='ltr'><strong>bibliothe-</strong></span> 
     </span>
    </p>
   </div>
   <div class='ocr_carea' id='block_1_108' title="bbox 354 5642 1903 5713">
    <p class='ocr_par' dir='ltr' id='par_1_108' title="bbox 354 5642 1903 5713">
     <span class='ocr_line' id='line_1_108' title="bbox 354 5642 1903 5713; baseline -0.003 -12"><span class='ocrx_word' id='word_1_787' title='bbox 354 5642 681 5713; x_wconf 33' lang='lat' dir='ltr'><strong>ca’Thuana,</strong></span> <span class='ocrx_word' id='word_1_788' title='bbox 732 5642 790 5704; x_wconf 82' lang='lat' dir='ltr'><strong>ut</strong></span> <span class='ocrx_word' id='word_1_789' title='bbox 840 5658 927 5704; x_wconf 92' lang='lat' dir='ltr'><strong>est</strong></span> <span class='ocrx_word' id='word_1_790' title='bbox 978 5659 1092 5703; x_wconf 92' lang='lat' dir='ltr'><strong>tota</strong></span> <span class='ocrx_word' id='word_1_791' title='bbox 1143 5647 1329 5700; x_wconf 88' lang='lat' dir='ltr'><strong>usibus</strong></span> <span class='ocrx_word' id='word_1_792' title='bbox 1382 5643 1609 5712; x_wconf 88' lang='lat' dir='ltr'><strong>publicis</strong></span> <span class='ocrx_word' id='word_1_793' title='bbox 1668 5642 1903 5697; x_wconf 88' lang='lat' dir='ltr'><strong>devota:</strong></span> 
     </span>
    </p>
   </div>
   <div class='ocr_carea' id='block_1_109' title="bbox 357 5714 1906 5789">
    <p class='ocr_par' dir='ltr' id='par_1_109' title="bbox 357 5714 1906 5789">
     <span class='ocr_line' id='line_1_109' title="bbox 357 5714 1906 5789; baseline -0.003 -20"><span class='ocrx_word' id='word_1_794' title='bbox 357 5718 582 5789; x_wconf 80' lang='lat' dir='ltr'><strong>nactique</strong></span> <span class='ocrx_word' id='word_1_795' title='bbox 602 5718 829 5788; x_wconf 82' lang='lat' dir='ltr'><strong>Regium</strong></span> <span class='ocrx_word' id='word_1_796' title='bbox 852 5720 1117 5779; x_wconf 83' lang='lat' dir='ltr'><strong>codicem,</strong></span> <span class='ocrx_word' id='word_1_797' title='bbox 1161 5716 1291 5770; x_wconf 92' lang='lat' dir='ltr'><strong>nihil</strong></span> <span class='ocrx_word' id='word_1_798' title='bbox 1322 5729 1473 5789; x_wconf 62' lang='lat' dir='ltr'><strong>paene</strong></span> <span class='ocrx_word' id='word_1_799' title='bbox 1501 5714 1772 5789; x_wconf 64' lang='lat' dir='ltr'><strong>diversum</strong></span> <span class='ocrx_word' id='word_1_800' title='bbox 1813 5724 1906 5789; x_wconf 75' lang='lat' dir='ltr'><strong>aut</strong></span> 
     </span>
    </p>
   </div>
   <div class='ocr_carea' id='block_1_110' title="bbox 359 5783 1905 5855">
    <p class='ocr_par' dir='ltr' id='par_1_110' title="bbox 359 5783 1905 5855">
     <span class='ocr_line' id='line_1_110' title="bbox 359 5783 1905 5855; baseline -0.001 -19"><span class='ocrx_word' id='word_1_801' title='bbox 359 5783 621 5855; x_wconf 64' lang='lat' dir='ltr'><strong>mutat&#39;um,</strong></span> <span class='ocrx_word' id='word_1_802' title='bbox 666 5783 857 5844; x_wconf 56' lang='lat' dir='ltr'><strong>e&#39;xaeta</strong></span> <span class='ocrx_word' id='word_1_803' title='bbox 911 5789 1200 5843; x_wconf 87' lang='lat' dir='ltr'><strong>collatione</strong></span> <span class='ocrx_word' id='word_1_804' title='bbox 1263 5783 1520 5841; x_wconf 84' lang='lat' dir='ltr'><strong>occurrit.</strong></span> <span class='ocrx_word' id='word_1_805' title='bbox 1586 5783 1681 5838; x_wconf 86' lang='lat' dir='ltr'><strong>Est</strong></span> <span class='ocrx_word' id='word_1_806' title='bbox 1731 5783 1905 5835; x_wconf 88' lang='lat' dir='ltr'><strong>oratio</strong></span> 
     </span>
    </p>
   </div>
   <div class='ocr_carea' id='block_1_111' title="bbox 359 5855 1903 5930">
    <p class='ocr_par' dir='ltr' id='par_1_111' title="bbox 359 5855 1903 5930">
     <span class='ocr_line' id='line_1_111' title="bbox 359 5855 1903 5930; baseline -0.01 -12"><span class='ocrx_word' id='word_1_807' title='bbox 359 5862 448 5918; x_wconf 70' lang='lat' dir='ltr'><strong>quo</strong></span> <span class='ocrx_word' id='word_1_808' title='bbox 469 5858 697 5930; x_wconf 83' lang='lat' dir='ltr'><strong>brevior,</strong></span> <span class='ocrx_word' id='word_1_809' title='bbox 733 5875 798 5916; x_wconf 88' lang='lat' dir='ltr'><strong>eo</strong></span> <span class='ocrx_word' id='word_1_810' title='bbox 827 5858 1041 5926; x_wconf 86' lang='lat' dir='ltr'><strong>cultior,</strong></span> <span class='ocrx_word' id='word_1_811' title='bbox 1063 5872 1187 5915; x_wconf 84' lang='lat' dir='ltr'><strong>vere</strong></span> <span class='ocrx_word' id='word_1_812' title='bbox 1221 5855 1617 5913; x_wconf 84' lang='lat' dir='ltr'><strong>nobilissimum</strong></span> <span class='ocrx_word' id='word_1_813' title='bbox 1649 5866 1903 5908; x_wconf 85' lang='lat' dir='ltr'><strong>consum-</strong></span> 
     </span>
    </p>
   </div>
   <div class='ocr_carea' id='block_1_112' title="bbox 2014 5569 3593 5642">
    <p class='ocr_par' dir='ltr' id='par_1_112' title="bbox 2014 5569 3593 5642">
     <span class='ocr_line' id='line_1_112' title="bbox 2014 5569 3593 5642; baseline -0.002 -17"><span class='ocrx_word' id='word_1_814' title='bbox 2014 5572 2294 5627; x_wconf 82' lang='lat' dir='ltr'><strong>matissimt</strong></span> <span class='ocrx_word' id='word_1_815' title='bbox 2329 5574 2526 5642; x_wconf 82' lang='lat' dir='ltr'><strong>Ingenii</strong></span> <span class='ocrx_word' id='word_1_816' title='bbox 2562 5580 2992 5628; x_wconf 90' lang='lat' dir='ltr'><strong>monumentum.</strong></span> <span class='ocrx_word' id='word_1_817' title='bbox 3037 5569 3248 5623; x_wconf 86' lang='lat' dir='ltr'><strong>Paulini</strong></span> <span class='ocrx_word' id='word_1_818' title='bbox 3276 5569 3593 5642; x_wconf 72' lang='lat' dir='ltr'><strong>versionem</strong></span> 
     </span>
    </p>
   </div>
   <div class='ocr_carea' id='block_1_113' title="bbox 2014 5640 3596 5708">
    <p class='ocr_par' dir='ltr' id='par_1_113' title="bbox 2014 5640 3596 5708">
     <span class='ocr_line' id='line_1_113' title="bbox 2014 5640 3596 5708; baseline -0.001 -14"><span class='ocrx_word' id='word_1_819' title='bbox 2014 5651 2072 5694; x_wconf 92' lang='lat' dir='ltr'><strong>ut</strong></span> <span class='ocrx_word' id='word_1_820' title='bbox 2099 5640 2476 5698; x_wconf 68' lang='lat' dir='ltr'><strong>suisnumeris</strong></span> <span class='ocrx_word' id='word_1_821' title='bbox 2513 5641 2839 5707; x_wconf 88' lang='lat' dir='ltr'><strong>absolutam,</strong></span> <span class='ocrx_word' id='word_1_822' title='bbox 2873 5642 2958 5694; x_wconf 87' lang='lat' dir='ltr'><strong>vix</strong></span> <span class='ocrx_word' id='word_1_823' title='bbox 2990 5656 3098 5698; x_wconf 88' lang='lat' dir='ltr'><strong>uno</strong></span> <span class='ocrx_word' id='word_1_824' title='bbox 3131 5640 3596 5708; x_wconf 65' lang='lat' dir='ltr'><strong>autalionmvulo,</strong></span> 
     </span>
    </p>
   </div>
   <div class='ocr_carea' id='block_1_114' title="bbox 2012 5713 2355 5765">
    <p class='ocr_par' dir='ltr' id='par_1_114' title="bbox 2012 5713 2355 5765">
     <span class='ocr_line' id='line_1_114' title="bbox 2012 5713 2355 5765; baseline -0.003 0"><span class='ocrx_word' id='word_1_825' title='bbox 2012 5713 2355 5765; x_wconf 84' lang='lat' dir='ltr'><strong>retinuimus.</strong></span> 
     </span>
    </p>
   </div>
   <div class='ocr_carea' id='block_1_115' title="bbox 2084 5779 2956 5854">
    <p class='ocr_par' dir='ltr' id='par_1_115' title="bbox 2084 5779 2956 5854">
     <span class='ocr_line' id='line_1_115' title="bbox 2084 5779 2956 5854; baseline 0.005 -19"><span class='ocrx_word' id='word_1_826' title='bbox 2084 5780 2195 5853; x_wconf 73' lang='lat'><strong>(85)</strong></span> <span class='ocrx_word' id='word_1_827' title='bbox 2237 5780 2536 5850; x_wconf 73' lang='grc' dir='ltr'>Ἐξέμεσε.</span> <span class='ocrx_word' id='word_1_828' title='bbox 2566 5779 2664 5837; x_wconf 86' lang='lat' dir='ltr'><strong>Ms.</strong></span> <span class='ocrx_word' id='word_1_829' title='bbox 2690 5781 2956 5854; x_wconf 78' lang='grc' dir='ltr'>ὲξεμὲσει.</span> 
     </span>
    </p>
   </div>
  </div>
