4118 6470
500 431 561 486 91
1483 430 1541 484 S.
1581 422 2021 485 AMPHILOt’ZHII
2060 422 2096 476 ll

2196 421 2442 477 ΠΕΝΞῶ
2482 420 2791 478 ΕΡΞΞΕΟΡΙ
3678 426 3763 484 92

499 552 788 607 euaserat,
849 553 1119 613 caputque
1164 541 1464 597 Pharaonis
1526 543 1686 596 undis
1749 549 2069 610 operuerat;

2196 562 2200 584 ι
2243 535 2490 600 πατάξας
2528 535 2626 607 τὴν
2666 537 2939 605 Αἴγυπτον
2989 538 3112 599 ταῖς
3156 537 3287 592 δέκα
3331 538 3601 611 πληγαῖς,
3655 546 3762 600 καὶ

500 637 819 707 cunspnitur
850 636 965 702 ejus
992 636 1192 701 vultus,
1224 650 1383 704 quem
1412 634 1690 689 cherubim
1723 633 1920 688 intueri
1962 646 2066 685 non

503 730 792 784 sustinent.
844 728 1024 796 Atque
1056 728 1170 780 haec
1211 726 1335 780 talia
1378 741 1500 781 cum
1541 732 1839 794 pateretur,
1886 739 1981 792 pro
2016 738 2073 778 se

502 820 951 888 cruciﬁgentibus
1025 817 1488 885 cornprecabatur,
1573 816 1758 891 dicens
1813 833 1825 867 :
1891 813 2072 881 Pater,

503 913 708 966 dimitte
735 911 878 975 illis;
908 926 1010 963 non
1038 909 1173 963 enim
1204 909 1372 961 sciunt
1403 907 1529 977 quid
1554 907 1757 973 faciqu
1789 905 1855 961 ⁸³.
1907 904 2072 959 Boni-

507 1013 617 1057 tate
655 1002 913 1056 malitiam
943 1000 1127 1053 vincit.
1167 998 1537 1054 Defensionem
1568 997 1803 1052 instituit
1828 995 2077 1052 Chrisms

506 1108 605 1161 pro
660 1091 862 1146 Christi
915 1091 1242 1157 homicidis,
1294 1090 1522 1143 salutem
1590 1102 1777 1141 eorum
1835 1088 2077 1141 studiose

508 1195 752 1254 captans.
789 1184 948 1238 Diluit
980 1185 1205 1250 crimen,
1235 1182 1592 1252 ignorantiam
1644 1189 1914 1235 causatus.
1960 1178 2075 1232 Non

513 1277 710 1332 acerbe
758 1277 883 1341 fert,
956 1275 1188 1337 vesaniae
1249 1275 1485 1343 ipsorum
1547 1272 1846 1339 ludibrium.
1884 1268 2075 1322 factus.

514 1367 732 1421 Tolerat
784 1367 1176 1432 temulentiam,
1229 1378 1437 1433 suaque
1485 1364 1536 1417 in
1589 1360 2076 1431 genushumannm

510 1456 890 1525 propensione,
915 1456 1133 1510 eosdem
1160 1454 1225 1507 ad
1255 1449 1673 1520 resipiscendum
1724 1455 1898 1500 vocat.
1938 1444 2079 1511 Quid

512 1548 785 1616 pluribus?
802 1546 957 1601 Nullo
977 1563 1007 1602 e
1034 1546 1273 1601 bonitate
1302 1544 1467 1612 ipsius
1494 1541 1673 1595 fructu
1698 1546 1973 1609 percepto,
1993 1551 2079 1591 se-

513 1640 696 1709 pulcro
714 1639 1010 1702 includunt,
1029 1652 1186 1707 quem
1205 1634 1347 1689 nulla
1372 1648 1549 1687 rerum
1572 1630 1944 1686 universarum
1963 1641 2083 1697 quae

509 1732 801 1793 exsistunt,
826 1729 880 1782 in
907 1743 963 1783 se
980 1727 1256 1782 continere
1279 1732 1459 1793 queat.
1477 1722 1760 1792 Signacula
1782 1728 2079 1790 apponunt,

516 1832 757 1878 nostram
798 1819 1169 1874 liberationem
1208 1816 1680 1871 custodientesmt
1712 1810 2078 1868 resurrectio-

2173 628 2273 700 τὴν
2336 627 2575 697 κεφαλὴν
2632 627 2725 680 τοῦ
2788 625 2987 698 Φαραὼ
3047 626 3294 697 καλύψας
3364 633 3478 694 τοῖς
3541 631 3758 690 ὕδασιν.

2188 709 2520 791 Ἐμπτύεται
2542 719 2603 771 τὸ
2638 718 2929 790 πρόσωπον
2954 718 2983 772 ὃ
3015 718 3142 772 ίδείν
3172 719 3234 771 οὐ
3259 719 3416 791 φέρει
3445 720 3517 776 τὰ
3546 724 3760 795 Χερου-

2176 812 2294 882 ϐίμ.
2322 811 2505 864 Ταῦτα
2532 811 2588 863 δὲ
2616 810 2859 880 πάσχων,
2887 810 3024 881 ὑπὲρ
3061 809 3170 863 τῶν
3195 812 3572 881 σταυρούντων
3586 832 3758 887 προσ.

2174 901 2396 972 ηύχετο,
2443 901 2651 968 λέγων·
2704 899 2925 968 Πάτερ,
2969 898 3121 969 ἄφες
3147 900 3374 976 αὐτοῖς,
3406 904 3478 957 οὐ
3518 903 3629 973 γὰρ
3665 906 3758 959 οτ-

2176 991 2320 1044 δασι
2372 991 2430 1043 τί
2468 987 2775 1043 ποιοῦσιν.
2839 988 3160 1060 Ἀγαοότητι
3203 990 3304 1061 τὴν
3351 992 3551 1046 κακίαν
3601 996 3753 1065 νικᾷ.

2189 1083 2562 1151 Ἀπολογείται
2590 1081 2728 1152 ὑπὲρ
2767 1078 2877 1134 τῶν
2904 1079 3322 1151 χριστοκτόνων,
3357 1082 3438 1145 είς
3479 1083 3758 1156 σωτηρίαν

2178 1177 2376 1239 αὐτοὺς
2424 1174 2742 1244 σαγινεύων.
2778 1172 2910 1227 Λύει
2953 1174 3016 1227 τὸ
3056 1173 3309 1246 ἔγκλημα
3331 1215 3348 1238 ,
3391 1175 3491 1247 τὴν
3531 1176 3758 1244 ἄγνοιαν

2179 1257 2526 1336 αί·ιιιί›μενος.¹
2574 1265 2649 1318 Οὐ
2682 1263 3012 1334 ,χαλεπαίνει
3053 1265 3152 1335 τῆς
3195 1265 3418 1320 ἐκείνων
3464 1267 3758 1339 παροινίας

2180 1356 2462 1427 γινόμενος
2504 1355 2776 1424 παίγνιον.
2812 1356 3040 1427 Δέχεται
3077 1356 3177 1429 τὴν
3220 1357 3414 1429 μέθην,
3441 1360 3535 1412 καὶ
3560 1360 3756 1429 φιλανο

2183 1448 2400 1522 θρωπίᾳ
2462 1449 2616 1503 καλεῖ
2662 1449 2799 1522 πρὸς
2849 1449 3156 1520 μετάνοιαν.
3215 1450 3280 1503 Τί
3324 1450 3405 1504 δεῖ
3461 1451 3640 1520 λέγειν
3684 1453 3759 1507 τὰ

2187 1542 2356 1598 πλείω
2380 1561 2394 1611 ;
2413 1543 2578 1597 Οὐδὲν
2599 1544 2697 1614 τῆς
2709 1542 3045 1615 ἀγαθότητος
3058 1542 3429 1614 ἀπωνάμενοι,
3449 1544 3758 1613 ὲγκλείουσι
3855 1596 3858 1598 ν

2180 1634 2339 1706 τάφῳ
2384 1633 2444 1688 ὃν
2489 1635 2643 1689 οὐδὲν
2686 1633 2793 1690 τῶν
2839 1634 3008 1689 ὄντων
3051 1637 3219 1706 χωρεῖ
3242 1652 3254 1666 ·
3313 1637 3411 1690 καὶ
3465 1636 3759 1711 σήμανθρα

2184 1725 2547 1790 ἐπιτιθέασιν,
2583 1725 2741 1797 ήμῶν
2786 1726 2885 1798 τὴν
2930 1725 3620 1799 σωτηρίανφυλάττοντες·
3660 1729 3762 1785 καὶ

2189 1816 2422 1883 δεδιότες
2467 1818 2566 1889 τὴν
2607 1818 2923 1881 ἀνάστασιν,
2975 1817 3313 1892 στρατιώτας
3362 1818 3608 1891 φύλακας
3663 1823 3762 1891 ἑφ-

512 1929 633 1970 nem
674 1921 972 1969 metuentes
1007 1912 1075 1966 ad
1109 1908 1416 1980 sepulcrum
1448 1906 1644 1962 milites
1696 1906 1948 1960 custodes
1970 1911 2083 1956 sta—

2196 1905 2381 1960 ιστῶσι
2415 1906 2493 1978 τῷ
2523 1885 2798 1978 μνήματι.
2854 1907 2949 1971 Τίς
3004 1885 3114 1971 εἶδε
3163 1885 3386 1980 νεκρὸν.
3423 1885 3761 1981 φυλαττόμε-

514 2014 693 2060 tuunt.
748 2004 883 2070 Quis
933 2016 1170 2071 unquam
1217 2001 1352 2054 vidit
1402 2008 1668 2052 mortuum
1717 1992 2086 2050 custoditum?

514 2100 622 2152 Aut
656 2096 863 2166 potius,
912 2094 1034 2164 quis
1079 2093 1211 2147 vidit
1255 2100 1525 2146 mortuum
1572 2088 1711 2142 bello
1750 2084 2086 2156 impetitum?

515 2188 639 2257 quis
671 2188 878 2241 audivit
916 2187 1042 2239 vitae
1085 2184 1288 2238 exitum
1328 2181 1560 2247 cuipiam
1599 2178 1897 2240 inductum,
1921 2186 1977 2230 et
2016 2175 2086 2229 ti-

517 2295 670 2334 more
719 2286 975 2332 auctores
1023 2273 1383 2329 efﬁcientem?
1429 2272 1551 2340 quis
1603 2285 1708 2324 non
1757 2269 1824 2322 de
1872 2268 2088 2321 inimico

516 2368 778 2420 sollicitus
810 2379 931 2420 esse
965 2364 1145 2421 desiit,
1172 2371 1452 2430 postquam
1487 2359 1722 2412 animam
1764 2355 1930 2424 ipsius
1957 2356 2089 2410 abs-

525 2460 696 2518 tulit?
741 2460 864 2528 quis
903 2473 1010 2512 non
1077 2456 1415 2510 inimicitiam
1460 2452 1729 2515 dissolvit,
1776 2461 1950 2505 morte
2001 2450 2093 2504 ad-

528 2551 753 2606 versarii
806 2548 1081 2606 satiatus?
1126 2547 1263 2612 Quid
1309 2559 1465 2613 quem
1500 2547 1566 2598 de
1599 2543 1775 2597 medie
1806 2540 2091 2606 sustulisti,

521 2642 698 2696 adhuc
741 2642 950 2704 horres,
984 2637 1203 2693 Judme?
1234 2636 1363 2706 quid
1394 2634 1588 2689 metuis
1618 2648 1778 2703 quem
1810 2631 2095 2688 occidisti?

521 2732 649 2802 quid
701 2731 960 2786 formidas
989 2746 1019 2784 e
1047 2730 1182 2784 vivis
1236 2727 1544 2798 egressum?
1589 2727 1717 2796 quid
1763 2727 1918 2779 times
1962 2738 2093 2778 ene-

521 2823 703 2878 ctum?
750 2823 879 2892 quid
911 2831 965 2878 te
1000 2821 1298 2877 discruciat
1326 2834 1484 2888 quem
1512 2817 1871 2872 cruciﬁxisti?
1911 2815 2096 2871 Caedes

524 2918 637 2985 ipsa
663 2916 755 2970 tibi
789 2914 1137 2970 securitatem
1167 2911 1453 2979 promittit.
1500 2909 1647 2963 Bono
1677 2910 1855 2962 animo
1875 2917 2011 2962 esto.
2039 2905 2096 2960 Si

524 3007 698 3060 nudus
728 3006 910 3069 homo,
948 3004 1039 3070 qui
1070 3013 1312 3056 mortuus
1341 3011 1443 3064 est,
1483 3017 1587 3054 non
1618 3000 1805 3069 utique
1837 2999 2094 3068 resurgit;

524 3095 569 3148 si
620 3094 795 3148 nudus
841 3103 1024 3154 nomo,
1067 3100 1212 3145 recte
1240 3090 1291 3143 iu
1327 3103 1544 3144 crucem
1588 3088 1777 3157 egisti;
1830 3087 1873 3142 si
1923 3087 2097 3140 nudus

528 3184 708 3247 homo,
754 3197 859 3236 non
904 3196 1088 3235 verum
1131 3189 1300 3234 restat
1337 3178 1478 3247 quod
1523 3179 1661 3232 dixit
1690 3199 1703 3232 :
1731 3176 1926 3232 Soluite
1973 3187 2099 3230 tem-

526 3272 670 3341 plum
712 3273 832 3337 hoc,
865 3279 913 3326 et
944 3271 999 3325 in
1042 3272 1208 3324 tribus
1254 3270 1434 3322 diebus
1477 3268 1715 3323 excitabo
1761 3268 1893 3321 illud
1920 3267 1987 3324 “.
2039 3266 2098 3321 Si

531 3366 704 3423 nudus
730 3364 911 3430 homo,
943 3372 1118 3417 morte
1139 3362 1451 3427 detinetur;
1478 3360 1521 3414 si
1556 3360 1731 3414 nudus
1763 3358 1945 3423 homo,
1971 3359 2098 3427 quid

528 3454 838 3523 sepulcrum
886 3452 1217 3523 consignas?
1260 3453 1525 3521 Exspecta
1569 3451 1709 3505 diem
1760 3449 2000 3513 tertimu,
2047 3458 2101 3504 ct

536 3543 746 3598 videbis
780 3543 1003 3598 insania:
1033 3553 1134 3596 tua:
1173 3541 1616 3598 confutationem.
1669 3541 1859 3595 Desine
1899 3539 2101 3595 frustra

533 3632 797 3698 laborare,
832 3642 883 3687 et
913 3630 1119 3687 videbis
1150 3645 1328 3685 rerum
1367 3640 1637 3684 eventum.
1679 3629 1874 3685 Desine
1911 3638 2098 3685 contra

533 3724 814 3779 veritatem
854 3722 1050 3778 furere.
1091 3721 1285 3778 Desine
1336 3722 1444 3776 Deo
1492 3721 1685 3776 bellum
1719 3720 1934 3784 inferre,
1966 3719 2103 3772 infe-

534 3829 767 3884 rensque
807 3822 859 3869 te
896 3814 1070 3884 ipsum
1110 3812 1418 3869 vulnerare.
1456 3814 1652 3868 Desine
1689 3808 2106 3873 solemjustitiae

536 3905 750 3975 injuriis
781 3903 1017 3970 allicere,
1049 3905 1370 3960 existimans
1415 3913 1467 3957 te
1517 3903 1633 3969 ejus
1681 3900 1857 3952 radios
1902 3898 2107 3949 exstin-

535 4010 723 4066 guere.
754 3995 971 4060 Desine,
1000 3996 1255 4064 inquam;
1296 4007 1398 4046 nec
1439 3992 1642 4045 fontem
1672 3988 1796 4040 vitae
1829 3985 2108 4040 obstruere

538 4085 855 4141 contendas.
890 4084 1082 4139 Desine
1109 4082 1394 4154 prmlectos
1424 4080 1674 4149 fatigare.
1714 4076 1907 4132 Desine
1936 4075 2002 4131 de
2022 4092 2109 4131 cu-

537 4177 709 4233 stodia
745 4176 905 4231 verba
947 4174 1171 4230 facere.’
1202 4171 1395 4228 Desine
1446 4167 1784 4223 mendacium
1838 4167 1933 4221 tibi
1960 4182 2109 4222 com-

539 4268 802 4332 mercari,
842 4275 899 4322 et
935 4274 1174 4320 armatos
1215 4275 1581 4317 commovere.
1621 4258 1697 4313 Ne
1729 4258 1929 4314 frustra
1969 4258 2110 4313 nita-

539 4360 612 4414 ris
653 4374 721 4413 ne
771 4356 836 4411 ad
883 4355 1214 4424 impietatem
1262 4352 1563 4422 impensam
1612 4350 1799 4416 facias,
1827 4365 1893 4406 ue
1922 4360 2109 4406 contra

540 4452 706 4506 Deum
740 4449 833 4503 tibi
876 4434 1158 4500 victoriam
1216 4444 1408 4514 fingas.
1463 4440 1544 4498 Ne
1597 4443 1883 4509 militibus,
1915 4454 1975 4498 ut
2004 4442 2109 4497 alia

2187 2014 2309 2063 vav;
2348 1999 2549 2068 μᾶλλον
2593 1999 2650 2052 δὲ
2692 1998 2774 2063 τίς
2816 1994 2922 2052 εἶδε
2953 2000 3146 2070 νεκρὸν
3192 2000 3630 2072 πολεμούμενον;
3674 2001 3761 2067 τίς

2186 2089 2386 2160 ἤκουσε
2448 2090 2706 2160 τελευτὴν
2768 2090 3252 2162 ἀμφιϐαλλομένην
3298 2092 3433 2163 (84),
3490 2093 3584 2147 καὶ
3643 2092 3764 2158 δέος

2186 2182 2522 2252 ἐμποιοῦσαν
2566 2186 2680 2246 τοῖς
2724 2183 3156 2254 ὲργασαμένοις;
3204 2184 3286 2247 τίς
3335 2185 3436 2237 οὐκ
3483 2184 3764 2237 ἐπαύσατο

2189 2273 2326 2343 πρὸς
2373 2272 2567 2344 ἐχθρὸν
2615 2274 2716 2344 τὴν
2744 2273 2922 2345 ψυχὴν
2954 2275 3349 2347 ἀφειλὰμενοςς
3402 2278 3487 2341 τίς
3538 2278 3600 2330 οὐ
3633 2295 3766 2332 κατ-

2192 2361 2381 2414 έλυσεν
2408 2362 2609 2434 ἔχθραν
2625 2364 2913 2438 ἀρκεσθεὶς
2950 2365 3165 2437 Θανάτῳ
3192 2366 3285 2421 τοῦ
3321 2367 3649 2438 δυσμενοῦς;
3696 2370 3765 2424 Τί

2190 2452 2249 2506 ὃν
2275 2452 2555 2525 ἀνήλωσας
2588 2453 2817 2525 δειλειᾷς
2836 2495 2851 2520 ,
2879 2449 2925 2508 ὦ
2970 2457 3224 2523 Ἰουδαῖε;
3265 2458 3319 2511 τί
3350 2459 3488 2530 φοϐῇ
3531 2460 3590 2514 δν
3653 2462 3764 2515 ἁπ-

2193 2543 2470 2610 έκτεινας;
2509 2544 2732 2615 τρέμεις
2751 2545 2842 2598 τὸν
2888 2547 3265 2617 μεταστάντας
3304 2548 3355 2601 τί
3392 2548 3635 2612 δέδοικας
3670 2549 3764 2603 τὸν

2193 2636 2575 2707 ἀναιρεθέντα;
2604 2637 2656 2689 τί
2680 2638 2738 2689 ὃν
2764 2639 3116 2715 ἐσταύρωσας
3132 2640 3409 2711 διγωνιᾷςς
3443 2641 3629 2711 Ἔχεις
3654 2642 3778 2695 ἀπὸ

2194 2725 2293 2796 τῆς
2322 2727 2536 2796 σφαγῆς
2566 2728 2885 2798 ἀσφάλειαν.
2928 2730 3151 2802 Θάρρει.
3196 2732 3259 2784 Εί
3290 2731 3443 2800 ψιλὸς
3479 2731 3765 2803 ἄνθρωπος

2196 2815 2224 2867 ὁ
2272 2816 2566 2885 τεθνηκὼς,
2615 2819 2714 2872 οὐκ
2757 2820 3071 2874 ἀνίσταταιο
3131 2823 3180 2874 εί
3234 2821 3388 2890 ψιλὸς
3428 2821 3762 2893 ἄνθρωπος,

2197 2908 2378 2970 καλῶς
2414 2907 2622 2981 ἔπηξας
2647 2910 2738 2964 τὸν
2769 2912 2999 2982 σταυρόν
3019 2928 3035 2944 ⁸
3081 2915 3129 2966 εί
3156 2912 3308 2983 ψιλὸς
3332 2914 3637 2986 ἄνθρωπος,
3663 2914 3767 2967 οὐκ

2197 2999 2468 3070 ἀληθεύει,
2498 3002 2734 3056 Λύσατε
2760 3002 2869 3055 τὸν
2898 3003 3050 3057 ναὸν
3079 3005 3314 3070 τοῦτον,
3349 3006 3543 3073 εἰπὼν,
3575 3007 3676 3061 καί
3699 3007 3769 3060 ἐν

2197 3091 2391 3158 τρισίν
2405 3091 2648 3161 ἡμέραις
2691 3094 2872 3163 ἐγερῶ
2906 3098 3112 3150 αὐτόν.
3149 3098 3212 3150 Ei
3255 3098 3408 3167 ψιλὸς
3449 3099 3775 3170 ἄνθρωπος,

2199 3179 2277 3250 τῷ
2318 3179 2531 3251 θανάτῳ
2584 3185 2904 3253 κατέχεταιο
2955 3187 3005 3238 εί
3035 3185 3189 3256 ψιλὸς
3233 3187 3548 3260 ἄνθρωπος,
3581 3186 3635 3239 τί
3676 3187 3768 3240 τὸν

2199 3272 2367 3341 τάφον
2398 3272 2752 3345 σφραγίζεις,
2806 3277 3034 3348 ἀνόητε;
3075 3279 3397 3350 Περίμεινον
3438 3279 3537 3349 τὴν
3578 3278 3769 3351 τρίτην

2201 3363 2435 3436 ἡμέραν,
2466 3367 2560 3420 καὶ
2589 3366 2708 3437 ὕψει
2756 3367 2856 3437 τῆς
2897 3367 3124 3421 σεαυτοῦ
3167 3370 3365 3439 μανίας
3401 3369 3494 3423 τὸν
3525 3368 3764 3440 ἔλεγχον.

2201 3455 2417 3510 Παῦσαι
2442 3457 2962 3529 περιεργαζόμενος,
2990 3458 3084 3511 καὶ
3109 3457 3277 3530 Θεάσῃ
3300 3459 3407 3513 τῶν
3435 3460 3783 3530 πραγμάτων·

2199 3546 2298 3618 τὴν
2315 3546 2559 3601 ἔκϐασιν.
2587 3546 2799 3600 Παῦσαι
2818 3544 3023 3599 λύττων
3048 3546 3190 3600 κατὰ
3212 3549 3310 3618 τῆς
3334 3547 3607 3619 ἀληθείας.
3632 3549 3773 3604 Παῦ-

2204 3652 2295 3688 σαι
2325 3635 2444 3705 Θεῷ
2476 3632 2751 3703 πολεμῶν,
2781 3636 2877 3688 καὶ
2918 3635 2996 3707 τῷ
3026 3636 3281 3707 πολεμεῖν
3318 3640 3773 3711 κατατιτρώσκων

2205 3722 2421 3774 σαυτόν.
2458 3721 2675 3775 Παῦσαι
2695 3722 2787 3776 τὸν
2812 3723 2964 3795 ἣλιον
3017 3726 3117 3797 τῆς
3143 3726 3490 3800 δικαιοσύνης
3517 3728 3771 3802 ὑϐρίζων,

2203 3813 2298 3866 καὶ
2326 3812 2561 3883 νομίζων
2590 3813 2690 3878 τὰς
2725 3815 2951 3879 ἀκτῖνας
2983 3817 3192 3870 ἐκείνου
3221 3819 3518 3875 σϐεννύειν.
3563 3820 3772 3876 Παῦσαι
3814 3882 3823 3885 _

2203 3903 2303 3970 τὴν
2331 3904 2513 3976 πηγὴν
2538 3904 2637 3975 τῆς
2666 3904 2812 3977 ζωῆς
2840 3908 3159 3979 προσχῶσαι
3185 3911 3526 3981 φιλονεικῶν.
3560 3912 3773 3967 Παῦσαι

2205 3994 2462 4066 ἄρχουσιν
2505 3996 2759 4066 ἐνοχλῶν,
2792 3999 2888 4053 καὶ
2936 4002 3065 4073 περὶ
3108 4003 3350 4074 φρουρᾶς
3376 4002 3770 4074 διαλεγόμενος.

2206 4084 2418 4140 Παῦσαι
2445 4085 2509 4138 τὸ
2537 4085 2728 4156 ψεῦδος
2759 4087 3094 4159 ὠνούμενος,
3131 4092 3228 4145 καὶ
3272 4092 3398 4155 τοὺς
3434 4091 3658 4157 ὁπλίτας
3693 4109 3776 4148 κιο

2213 4172 2338 4226 νῶν.
2370 4174 2462 4245 Μὴ
2511 4175 2694 4248 κάμῃς
2741 4176 2975 4247 ἀνόνητα
2998 4194 3013 4209 ο
3052 4177 3127 4249 μὴ
3158 4181 3238 4242 είς
3274 4178 3528 4234 ἀσέϐειαν
3572 4179 3775 4235 rivalib—

2209 4282 2309 4338 σῃς
2336 4267 2407 4321 τὰ
2437 4267 2526 4332 σὰ,
2566 4270 2661 4323 καὶ
2694 4271 2837 4325 κατὰ
2864 4270 3001 4323 Θεοῦ
3033 4270 3300 4339 φαντάζου
3338 4272 3438 4340 τὴν
3475 4272 3651 4341 νίκην.
3685 4273 3772 4344 Μὴ
3845 4304 3848 4307 λ

2208 4354 2313 4427 δῷς
2356 4357 2547 4428 μισθὸν
2587 4357 2944 4428 στρατιώταις
2987 4358 3150 4431 ἕτερα
3195 4359 3311 4413 ἀνθ’
3356 4361 3556 4430 ἐτέρων
3585 4363 3773 4415 εἰπεῖν.

2210 4447 2303 4520 Μὴ
2330 4448 2736 4523 παρακοιμίσῃς
2768 4449 2860 4503 τὸν
2901 4449 3055 4521 ὄχλον
3098 4451 3178 4522 τῷ
3226 4452 3467 4523 μνήματι
3523 4452 3615 4524 Μὴ
3646 4452 3777 4524 θαρο

538 4557 634 4611 pro
676 4539 801 4593 aliis
851 4534 1107 4599 referant,
1154 4535 1460 4589 mercedem
1518 4534 1742 4589 tribuas.
1787 4531 1866 4590 Ne
1897 4535 2096 4589 turbam

2215 4539 2387 4609 ρήσῃς
2418 4541 2531 4603 τοῖς
2567 4539 2774 4602 ὅπλοις.
2800 4539 3029 4603 Ὀπλοις
3057 4541 3351 4604 ἀνάστασις
3383 4543 3445 4595 οὐ
3478 4541 3775 4596 κωλύεταιο

538 4637 605 4692 ad
638 4633 945 4705 sepulcrum
980 4629 1248 4686 excubare
1286 4627 1477 4685 facias.
1531 4629 1612 4685 Ne
1642 4630 1695 4686 iu
1722 4631 1888 4685 armis
1917 4630 2023 4686 tuis
2044 4631 2111 4686 fl-

540 4727 753 4783 duciam
791 4723 1014 4779 habeas.
1057 4720 1239 4775 Armis
1278 4721 1604 4777 resurrectio
1636 4736 1740 4776 non
1771 4721 2111 4790 prohibetur,

542 4835 648 4874 non
696 4815 993 4887 impeditur
1037 4812 1352 4885 signaculis,
1383 4827 1489 4868 non
1518 4820 1803 4868 coercetur
1825 4812 2111 4877 militibus,

543 4921 651 4963 non
701 4905 993 4976 surripitur
1044 4902 1312 4973 pecuniis,
1362 4904 1458 4959 sed
1512 4903 1618 4958 ﬁde
1661 4904 1959 4959 obtinetur.
1992 4903 2110 4959 Non

465 5062 471 5068 ,
545 4996 726 5052 vidisti
776 4994 1043 5049 Lazarum
1091 5007 1264 5064 nuper
1312 5002 1538 5049 mortem
1596 4993 1770 5047 instar
1802 4994 1978 5049 somni
2017 5008 2112 5048 ex-

544 5087 882 5147 cutientem?
916 5084 1029 5140 Non
1060 5085 1240 5140 vidisti
1275 5083 1546 5154 quomodo
1589 5099 1710 5138 cum
1755 5082 1936 5138 fasciis
1983 5083 2113 5154 ipsis

547 5180 914 5252 gradiebatur,
936 5191 1150 5243 vocem,
1187 5174 1317 5229 Veni
1342 5174 1487 5244 [oras
1514 5173 1584 5241 ",
1607 5172 1765 5228 simul
1791 5172 2115 5229 audivisset?

549 5271 663 5325 Non
695 5270 877 5325 vidisti
909 5267 1182 5336 quomodo
1209 5274 1455 5320 mortuus
1485 5263 1727 5319 vocantis
1754 5263 1968 5333 iussum
1997 5263 2115 5320 fue-

551 5365 873 5427 ritsecutus,
912 5358 1249 5415 vinculorum
1282 5372 1420 5412 nexu
1461 5355 1682 5411 minime
1731 5355 1903 5426 ipsum
1958 5356 2110 5411 cohi-

549 5455 753 5510 bcnte?
803 5453 919 5509 Non
964 5446 1153 5507 vidisti
1196 5449 1470 5520 quomodo
1515 5456 1694 5504 morte
1735 5446 1848 5517 jam
1881 5446 2115 5503 solutum

622 5634 667 5665 ⁸³
691 5632 819 5688 Luc.
844 5649 999 5700 unt,
1028 5637 1118 5693 34.
1214 5634 1258 5669 ⁸³
1288 5631 1445 5690 Joan.
1477 5649 1536 5700 tt,
1566 5633 1676 5693 '19.
1718 5635 1765 5670 “
1800 5633 1957 5689 Joan.
1990 5645 2064 5697 XI,
2097 5602 2193 5685 45..

628 5811 736 5879 184)
764 5808 921 5865 Forte
950 5807 1213 5879 ἀναμφιε.

2205 4630 2307 4688 οὐκ
2335 4626 2687 4700 ὲμποδίζεται
2712 4632 2834 4694 ταῖς
2861 4630 3174 4705 σφραγίσιν,
3206 4631 3307 4685 οὐκ
3332 4631 3575 4704 εἴργεται
3616 4650 3778 4705 στρα-

2205 4720 2460 4785 τιώταις,
2504 4721 2564 4773 οὐ
2593 4721 2887 4775 κλέπτεται
2927 4724 3222 4795 χρήμασιν,
3262 4724 3399 4781 ἀλλὰ
3436 4726 3637 4780 πίστει.
3687 4726 3777 4799 Μὴ

2205 4812 2307 4865 οὐκ
2351 4807 2490 4875 εἶδες
2535 4811 2629 4866 τὸν
2673 4811 2924 4885 Λάζαρον
2972 4813 3137 4869 πάλιν
3184 4816 3437 4889 καθάπερ
3482 4817 3646 4872 ὕπνον
3692 4817 3778 4872 τὸν

2210 4902 2440 4956 θάνατον
2469 4903 2937 4974 ἀποσεισάμενον;
2972 4902 3126 4971 Εἶδες
3166 4906 3283 4971 πῶς
3323 4910 3420 4963 σὺν
3467 4910 3658 4974 αὐταῖς
3689 4928 3755 4981 κη

2222 4994 2364 5064 ρίαις
2387 4992 2628 5060 ἐϐάδιζε,
2678 4995 2739 5048 τὸ
2771 4996 2953 5065 Δεῦρο
3004 4998 3283 5064 ἀκούσας;
3318 4988 3467 5063 Εἶδες
3502 5001 3618 5065 πῶς
3660 5002 3777 5073 ἡκορ

2217 5088 2446 5160 λούθησε
2475 5088 2552 5160 τῷ
2581 5090 2961 5162 προστάγματι
2988 5092 3017 5144 ὁ
3038 5093 3252 5163 νεκρὸς,
3281 5094 3376 5146 καὶ
3399 5096 3428 5147 ὁ
3455 5094 3655 5165 δεσμὸς
3689 5096 3781 5150 οὐκ

2210 5178 2515 5251 ὲκώλυσεν;
2554 5175 2711 5244 Εἶδες
2736 5180 2854 5245 πιῖις
2884 5182 3126 5254 ἥρμοσεν
3161 5185 3195 5254 η
3230 5183 3382 5253 φωνὴ
3423 5183 3500 5256 τῷ
3539 5185 3633 5240 τὸν
3675 5186 3775 5240 δια-

2210 5269 2442 5325 λυθέντα
2491 5269 2741 5343 θανάτῳ¹;
2806 5272 2864 5327 '0
2916 5274 3100 5327 ἐκεῖνα
3144 5272 3429 5344 δυνηθεὶς,
3482 5276 3576 5329 καὶ
3617 5274 3781 5329 ταῦτα

2211 5359 2500 5431 δυνήσεται
2523 5377 2536 5391 ’
2591 5363 2620 5414 ὁ
2648 5361 2739 5417 τὸν
2787 5362 2973 5417 δοῦλον
3015 5364 3326 5437 ἀναστήσας
3349 5406 3364 5430 ,
3399 5365 3563 5429 αὐτὸς
3609 5362 3785 5433 πολλῷ

2217 5449 2416 5520 μᾶλλον
2450 5450 2745 5523 ἓγείρεται.
2790 5453 2849 5507 '0
2874 5454 3216 5525 ζωογονήσας
3237 5455 3339 5510 τὸν·
3359 5453 3660 5526 σεσηπότα,
3685 5450 3779 5509 οὒκ
