4118 6490
443 490 517 567 οδ

1411 475 1468 532 S.
1510 470 1956 529 AMPIIlLOCllll
1998 461 2384 526 lCONlENSIS
2423 456 2734 517 EPISCOPI

3633 452 3706 511 96

447 608 582 663 siam
607 603 747 674 passi
776 614 962 657 sumus
988 597 1150 653 etiam
1189 595 1331 649 illius
1366 608 1495 647 voce
1528 606 1750 655 carere;
1798 589 1892 644 sed
1925 587 2018 670 ba-_

2138 583 2288 656 τέρας
2334 580 2672 653 βραχύτητος
2718 573 2966 646 παριδεῖν
3003 572 3328 644 γράμματα.
3382 570 3457 627 Οὐ
3495 570 3596 643 μέν
3623 589 3709 628 τοι

450 697 641 752 bentes
688 693 885 747 librum
934 688 1136 755 ipsius,
1187 698 1349 753 quem
1396 682 1463 737 de
1513 683 1614 735 boc
1672 678 2018 749 peculiariter

451 794 771 856 argumento
805 780 1129 840 elaboravit,
1173 776 1347 845 ipsum
1398 773 1602 843 pariter
1642 771 1925 826 nobiscum
1970 768 2023 822 in

447 877 653 945 seripto
679 872 987 942 loquentem
1020 866 1351 921 obtinemus.

2124 675 2223 747 τὴν
2263 672 2424 743 ἁγίαν
2463 669 2617 742 ὑμῶν
2668 666 2996 738 Ἐκκλησίαν
3029 665 3258 736 ἄμοιρον
3306 664 3409 718 καὶ
3427 663 3530 735 τῆς
3564 662 3713 719 ἐκεί-

2126 784 2221 821 νου
2281 762 2467 836 φωνῆς
2508 760 2885 834 περιείδομεν’
2932 756 3048 810 ἀλλ’
3094 756 3333 827 ἔχοντες
3365 756 3533 810 αὐτοῦ
3583 755 3709 825 σύγ-

2128 874 2364 931 γραμμα
2415 854 2545 925 περὶ
2574 851 2781 922 ταύτης
2812 846 2923 920 (89)
2980 847 3161 910 ίδικῶς
3206 845 3356 916 αὐτῷ
3388 846 3488 916 τῆς
3517 845 3713 899 ὑποθέ-

2024 988 2027 995 .
2131 938 2269 1010 σεως
2322 943 2720 1014 πεπονημένον,
2775 941 3030 994 κάκεῖνον
3081 936 3171 992 διὰ
3233 936 3328 991 τοῦ
3384 937 3714 1008 γράμματος

526 1139 807 1206 Quodnam
850 1135 1011 1204 igitur
1050 1142 1132 1207 est
1166 1133 1232 1186 ad
1260 1128 1742 1198 interrogationem
1794 1138 2020 1194 respon-

452 1228 609 1284 sum?
646 1227 903 1280 Sanctum
949 1222 1235 1278 concilium
1272 1219 1616 1275 Nicmnorum
1652 1218 1895 1281 Patrum,
1932 1228 2029 1284 pro

453 1335 583 1377 vere
629 1318 895 1373 catholico
935 1325 990 1370 et
1036 1314 1333 1385 apostolico
1380 1312 1613 1367 concilio
1665 1308 2027 1379 agnoscimus,

453 1409 726 1478 iidemque
767 1421 909 1469 eam,
964 1418 1084 1475 quae
1135 1414 1263 1457 tunc
1306 1400 1565 1463 temporis
1601 1398 1847 1467 exposita
1871 1396 1971 1450 fuit
1999 1410 2029 1449 a

456 1499 707 1554 Patribus
761 1508 1044 1552 servamus
1098 1494 1400 1556 immotam,
1455 1500 1619 1559 atque
1655 1498 1713 1542 ut
1755 1488 1807 1541 in
1840 1502 2033 1557 perpe—

456 1601 604 1646 tuum
668 1598 884 1643 maneat
943 1585 1256 1642 inconvulsa
1310 1591 1647 1652 exoptamus.
1703 1581 1874 1636 Porro
1927 1579 2034 1635 fuit

456 1693 582 1738 tunc
616 1680 870 1735 Patribus
900 1678 1289 1741 necessarium,
1316 1689 1577 1730 enarrare
1606 1673 1777 1729 fusius
1807 1673 1872 1727 de
1901 1671 2036 1729 Uni-

455 1772 620 1842 geniti
672 1772 956 1842 dogmate;
1005 1767 1444 1838 quandoquidem
1504 1766 1619 1821 Arii
1667 1765 1918 1822 haeresim
1970 1779 2035 1820 ea

442 1873 786 1935 sempestate
827 1878 1019 1918 recens
1054 1871 1302 1917 exortam
1338 1860 1661 1915 exscindere
1701 1859 2031 1922 nitebantur,

2128 1039 2325 1111 ἔχομεν
2358 1038 2489 1108 ἡμῖν
2525 1032 3032 1106 συμφθεγγόμενον.

2198 1129 2296 1193 Τίς
2324 1124 2416 1182 οὖν
2442 1130 2475 1198 ἡ
2509 1126 2645 1198 πρὸς
2673 1125 2772 1196 τὴν
2799 1122 2993 1176 πεῦσιν
3035 1122 3360 1193 άπόκρισις;
3406 1119 3518 1191 Τὴν
3552 1120 3713 1189 ἁγίαν

2132 1220 2348 1276 σύνοδον
2380 1217 2490 1272 τῶν
2510 1216 2770 1288 Πατέρων
2802 1213 2912 1269 τῶν
2942 1215 3001 1267 ἐν
3034 1212 3262 1285 Νικαίᾳ,
3294 1211 3514 1266 σύνοδον
3541 1211 3713 1274 ὅντως

2129 1311 2428 1382 καθολικὴν
2456 1309 2551 1363 καὶ
2586 1304 2951 1375 ἀποστολικὴν
2998 1301 3358 1376 γνωρίζομεν,
3390 1303 3487 1356 καὶ
3529 1302 3713 1356 πίστιν

2129 1403 2227 1475 τὴν
2259 1400 2571 1456 ἐκτεθεῖσαν
2601 1397 2707 1452 ὑπὸ
2729 1395 2840 1451 τῶν
2864 1396 3133 1466 Πατέρων
3158 1392 3480 1465 τηνικαῦτα,
3512 1391 3715 1463 φυλάτ-

2131 1511 2294 1567 τομεν
2324 1492 2578 1564 ἀκίνητον
2600 1488 2746 1562 (90),
2801 1488 2898 1541 καὶ⁵
2945 1486 3084 1559 πρὸς
3116 1486 3177 1539 τὺ
3225 1486 3474 1556 διηνεκὲς
3530 1484 3713 1539 ἀσπά-

2135 1601 2332 1656 ρακτον
2362 1582 2540 1654 μένειν
2571 1578 2798 1650 εὔχομαι
2827 1576 2960 1649 (91).
2994 1577 3190 1646 Γέγονε
3221 1576 3279 1629 δὲ
3306 1575 3427 1629 τότε
3450 1578 3564 1640 τοῖς
3602 1577 3717 1629 Πασ-

2131 1676 2325 1749 τράσιν
2355 1671 2797 1742 ἀναγκαιότερον,
2823 1663 3155 1740 πλατύτερον
3183 1664 3555 1738 ἐξηγήσασθαι
3586 1667 3717 1736 περὶ

2133 1769 2234 1840 τῆς
2267 1766 2425 1838 δόξης
2448 1767 2543 1819 τοῦ
2573 1760 2912 1832 Μονογενοῦς
2931 1776 2945 1790 ·
2984 1759 3325 1831 ἐπειδὴτότε
3354 1759 3550 1814 νεωστὶ
3583 1775 3718 1828 φυσα-

2141 1860 2311 1932 μένην
2345 1859 2445 1930 τὴν
2476 1857 2689 1930 αἵρεσιν
2722 1852 2818 1908 τοῦ
2876 1853 3089 1925 ’Δρείου
3149 1852 3237 1906 διὰ
3277 1850 3514 1922 σπουδῆς
3559 1852 3717 1923 ἔσχον

455 1954 627 2023 prima
648 1953 791 2007 illius
824 1953 1030 2007 semina
1075 1952 1259 2006 statim
1309 1949 1592 2016 abolendo,
1639 1958 1928 2019 antequam
1963 1949 2030 2003 ad

2141 1951 2391 2022 ἐκκόψαι,
2418 1949 2488 2004 τὰ
2513 1947 2708 2020 πρῶτα
2729 1946 2898 2017 αὐτῆς
2922 1944 3378 2017 προαναιροῦντες
3401 1943 3716 2016 σπέρματα,

457 2057 723 2098 summam
756 2044 1106 2113 asperitatem
1137 2040 1449 2111 perveniret
1482 2041 1637 2109 spina
1670 2059 1682 2094 :
1713 2054 1944 2108 cumque
1966 2053 2032 2095 eo

456 2141 700 2201 tempore
732 2134 798 2188 de
823 2134 1122 2204 quaestione
1152 2132 1297 2187 circa
1329 2130 1591 2201 Spiritum
1617 2137 1863 2185 sanctum
1889 2138 2034 2185 tace-

456 2234 635 2289 retur,
696 2223 817 2278 ideo
868 2223 1003 2278 nihil
1052 2222 1281 2293 amplius
1330 2222 1677 2278 addiderunt.
1722 2219 1919 2276 Verum
1968 2220 2035 2276 iis

454 2314 546 2384 qui
590 2314 885 2382 prudenter
913 2314 1159 2384 legerint,
1191 2313 1465 2369 suﬁiciens
1495 2312 1765 2367 videbitur
1789 2313 2032 2367 doctrina

456 2403 523 2457 de
546 2402 773 2472 Spiritu,
809 2417 929 2471 quae
950 2418 1011 2457 ea
1042 2404 1095 2456 in
1159 2402 1263 2457 ﬁde
1320 2403 1651 2458 continetur.
1716 2402 2035 2458 Docnerunt

456 2496 624 2560 enim,
675 2495 815 2549 sicut
858 2494 1007 2549 credi
1058 2495 1217 2551 debet
1270 2495 1323 2549 in
1379 2495 1594 2550 Patrem
1621 2504 1677 2550 et
1699 2495 1921 2560 Filium,
1961 2494 2036 2550 ita

458 2586 623 2641 etiam
679 2585 1009 2640 credendum
1067 2600 1188 2640 esse
1248 2585 1300 2639 in
1362 2583 1621 2655 Spiritum
1668 2599 1684 2638 :
1732 2601 1830 2641 nec
1876 2585 2036 2640 aliam

460 2677 773 2747 quampiam
822 2677 1140 2732 inducentes
1167 2677 1220 2731 in
1252 2677 1434 2733 divina
1472 2679 1741 2746 beataque
1766 2675 2038 2733 'l‘rinitate

463 2777 748 2836 naturam;
785 2783 960 2838 neque
989 2769 1282 2838 quidquam
1311 2770 1378 2824 de
1407 2769 1676 2823 Trinitate
1707 2779 2035 2833 resecantes,

465 2861 519 2915 in
551 2859 637 2914 illa
687 2859 812 2915 ﬁdei
856 2860 1215 2930 expositione,
1259 2860 1354 2916 sed
1387 2861 1513 2930 quia
1557 2875 1732 2929 nuper
1759 2860 2036 2916 Ecclesias

466 2958 756 3005 concutere
800 2963 1087 3020 aggressus
1142 2947 1393 3012 Satanas,
1450 2948 1671 3002 immisit
1716 2947 2037 3017 quibusdam

469 3041 862 3096 dubitationem
908 3042 976 3095 de
1032 3039 1261 3111 Spiritu,
1318 3055 1541 3096 necesse
1595 3049 1677 3096 est
1718 3050 1776 3094 nt
1810 3041 1876 3095 ad
1915 3040 2036 3095 ﬁdei

463 3130 665 3185 fontem
691 3146 1081 3197 recurramus;
1130 3147 1162 3186 ε
1194 3146 1302 3201 quo
1346 3146 1468 3186 cum
1506 3130 1696 3185 Nicaea:
1728 3132 2037 3202 congregati

465 3220 660 3275 Patres
690 3221 851 3276 etiam
883 3222 1217 3286 hausissent,
1256 3221 1379 3277 lidei
1411 3223 1824 3292 expositionem,
1851 3223 2036 3278 confe-

464 3323 679 3367 cerunr.
712 3312 971 3378 Quaenam
1025 3328 1154 3382 ergo
1200 3304 1286 3370 est
1329 3326 1529 3370 nostra
1577 3315 1697 3371 ﬁdei
1742 3296 2038 3386 perfectio?

466 3400 682 3459 Domini
743 3404 980 3470 traditio,
1026 3419 1212 3474 quam,
1242 3412 1527 3474 postquam
1579 3406 1965 3462 resurrexisset
2006 3422 2034 3461 a

468 3499 718 3565 mortuis,
764 3498 1041 3552 mandavit
1085 3499 1289 3555 sanctis
1353 3500 1465 3554 suis
1505 3500 1801 3570 discipulis,
1850 3501 2039 3572 praeci-

470 3588 656 3656 piens:
685 3586 911 3653 Euam,
936 3590 1114 3644 docete
1140 3606 1314 3645 omnes
1354 3601 1552 3660 gentes,
1601 3592 1921 3663 bnptizantes
1952 3611 2037 3648 eos

468 3681 521 3733 in
550 3681 759 3735 nomine
783 3679 990 3746 Patris,
1025 3689 1075 3735 et
1107 3679 1260 3748 Filii,
1295 3692 1342 3736 et
1369 3681 1597 3753 Spiritus
1624 3686 1793 3740 sancti
1820 3685 2041 3741 ".Con—

470 3779 580 3825 stat
609 3772 889 3840 accepisse
917 3787 1017 3826 nos
1047 3773 1381 3841 mandatam,
1415 3790 1521 3830 non
1550 3777 1723 3832 solum
1748 3779 1852 3833 boe
1881 3777 2040 3830 modo

479 3860 818 3931 baptizandi,
855 3878 1044 3918 verum
1076 3864 1235 3918 etiam
1266 3866 1381 3934 pari
1423 3869 1582 3922 modo
1614 3867 1859 3933 docendi.
1894 3866 2042 3920 Adeo

472 3961 532 4006 ut
566 3967 661 4021 per
689 3953 789 4008 boc
818 3954 1166 4023 princeptum,
1222 3963 1332 4009 tum
1372 3954 1595 4010 Sabellii
1649 3952 2043 4008 intercludatur

473 4042 714 4106 morbus,
751 4058 847 4111 per
879 4051 988 4099 tres
1027 4044 1345 4114 bypostascs
1390 4060 1524 4113 pure
1570 4043 1728 4098 nobis
1774 4042 2038 4111 traditas;

474 4138 587 4183 tum
635 4131 1015 4187 Anomocorum
1050 4135 1485 4200 Arianorumque
1523 4141 1580 4186 et
1632 4129 2045 4189 Pneumatoma-

473 4222 696 4293 chorum
722 4223 1040 4277 obturentur
1079 4239 1212 4288 ora;
1248 4221 1417 4275 tribus
1445 4221 1659 4290 quidem
1702 4225 1949 4292 personis
1980 4240 2045 4281 ac

474 4313 858 4383 hypostasibus
892 4314 1203 4380 declaratis,
1242 4328 1348 4367 una
1377 4328 1505 4368 vero
1535 4323 1731 4367 natura
1759 4322 1813 4369 et
1840 4314 2043 4370 divini-

477 4415 586 4460 tate
624 4405 892 4461 conl'essa.
944 4403 1306 4471 Quamobrem
1358 4413 1572 4474 oportet
1616 4420 1681 4461 eo
1734 4423 1833 4463 nos
1886 4408 2044 4464 modo

472 4497 773 4568 baptizare,
809 4510 915 4564 quo
948 4494 1126 4549 edocti
1153 4509 1360 4561 sumus,
1387 4506 1553 4565 atque
1578 4511 1649 4576 eo
1670 4499 1911 4565 credere,
1937 4514 2044 4569 quo

2135 2045 2265 2115 πρὶν
2311 2042 2510 2105 τελέως
2543 2037 2976 2111 ἐκτραχυνθῆναι
3026 2036 3124 2109 τὴν
3177 2036 3440 2091 ἄκανθαν.
3487 2038 3716 2108 Σεσιγη-

2139 2134 2301 2206 μένου
2323 2132 2380 2186 δὲ
2411 2129 2720 2204 τηνικαῦτα
2744 2128 2839 2183 τοῦ
2869 2127 3014 2182 κατὰ
3040 2128 3100 2181 τὸ
3128 2125 3356 2198 Πνεῦμα
3385 2125 3717 2199 ζητήματος,

2134 2229 2221 2283 διὰ
2268 2226 2426 2282 τοῦτο
2469 2224 2805 2295 πλατύτερον
2852 2222 2949 2294 μὲν
2990 2221 3142 2275 οὐδὲν
3191 2220 3563 2292 προσέθεσανο
3606 2223 3722 2284 τοῖς

2140 2320 2323 2392 μέντοι
2360 2334 2426 2387 γε
2478 2297 2719 2378 συνετῶς
2765 2310 3248 2382 ἀναγινώσκουσιν,
3294 2310 3577 2381 αὐτάρκης
3624 2310 3721 2362 καὶ

2136 2413 2170 2482 ἠ
2203 2410 2331 2481 περὶ
2362 2407 2457 2461 τοῦ
2500 2406 2820 2477 Πνεύματος
2846 2406 2903 2458 ἐν
2935 2403 3122 2477 ἐκείνῃ
3145 2405 3211 2474 τῇ
3258 2402 3439 2456 πίστει
3466 2401 3723 2455 διδασκα-

2137 2500 2250 2555 λία.
2305 2500 2519 2569 ’Ὠσπερ
2554 2496 2666 2568 (92)
2721 2498 2801 2560 είς
2848 2493 3069 2567 Πατέρα
3114 2495 3206 2548 καὶ
3246 2493 3375 2548 Υίὸν
3424 2492 3719 2555 πιστεύειν,

2138 2593 2280 2648 οὕτω
2327 2592 2421 2646 καὶ
2469 2591 2549 2655 είς
2591 2589 2654 2643 τὸ
2713 2586 2939 2659 Πνεῦμα
2993 2586 3270 2640 πιστεύειν
3319 2585 3717 2657 ἐδογμάτισανσ

2142 2685 2278 2757 μήτε
2309 2682 2501 2754 ἑτέραν
2548 2679 2672 2735 τινὰ
2709 2679 2872 2749 φύσιν
2919 2677 3305 2747 ἐπεισάγοντες
3345 2678 3413 2748 τῇ
3460 2675 3582 2748 θείᾳ
3627 2675 3729 2730 καὶ»

2143 2772 2388 2846 μακαρίᾳ
2417 2771 2609 2842 Τριάδι
2637 2787 2651 2802 ·
2686 2771 2824 2841 μήτε
2851 2786 2903 2822 τι
2932 2768 3042 2822 τῶν
3090 2769 3155 2820 ἐκ
3182 2770 3282 2839 τῆς
3315 2766 3547 2839 Τριάδος
3584 2767 3721 2821 ἀπο-

2137 2864 2443 2934 τέμνοντες,
2486 2864 2567 2926 είς
2612 2862 2713 2933 τὴν
2762 2861 2861 2932 τῆς
2914 2859 3152 2923 πίστεως
3198 2858 3432 2912 ἔκθεσιν.
3485 2858 3638 2912 Ἐπεὶ
3665 2857 3729 2911 δὲ

2140 2956 2451 3027 πρόσφατον
2501 2957 2530 3007 ό
2578 2954 2823 3017 Σατανᾶς
2861 2951 3200 3006 διασαλεύειν
3250 2951 3349 3015 τὰς
3394 2950 3724 3021 Ἐκκλησίας

2139 3046 2457 3118 ἐπιχειρῶν,
2487 3044 2710 3099 ἐνέϐαλέ
2744 3060 2857 3097 τισι
2900 3043 3030 3114 περὶ
3063 3042 3158 3096 τοῦ
3185 3042 3506 3113 Πνεύματος
3537 3042 3725 3096 διστα-

2138 3138 2312 3210 γμὸν,
2369 3139 2668 3207 ἀναγκαῖον
2720 3136 2813 3188 ἐπὶ
2869 3134 2969 3206 τὴν
3021 3134 3204 3207 πηγὴν
3250 3135 3571 3206 ἀνατρέχειν
3623 3133 3726 3204 τῆς

2142 3228 2401 3294 πίστεως,
2432 3228 2490 3294 ἐξ
2525 3221 2592 3299 ἦς
2631 3227 2727 3280 καὶ
2776 3228 2822 3279 oi
2855 3224 2995 3279 κατὰ
3027 3226 3266 3280 Νίκαιαν
3311 3225 3555 3298 Πατέρες
3592 3224 3725 3279 ἀνα·
3753 3242 3756 3245 λ

2141 3321 2458 3394 ρυσάμενοι,
2493 3319 2593 3392 τὴν
2624 3317 2839 3373 ἔκθεσιν
2879 3319 2977 3389 τῆς
3026 3317 3265 3382 πίστεως
3297 3316 3581 3387 ἐποίησαν.
3630 3313 3747 3378 Τίς·

2136 3411 2229 3468 οὖν
2253 3412 2412 3485 ἡμῶν
2443 3415 2476 3483 ἠ
2508 3411 2610 3482 τῆς
2641 3411 2879 3472 πίστεως
2921 3408 3228 3478 τελειότης;
3292 3408 3357 3460 Ἦ
3388 3408 3482 3461 τοῦ
3515 3407 3726 3478 Κυρίου

2144 3504 2466 3578 παράδοσις,
2509 3503 2575 3574 ἣν
2618 3501 2758 3573 μετὰ
2797 3500 2895 3569 τὴν
2940 3500 3004 3551 ἐκ
3046 3497 3257 3570 νεκρῶν
3285 3498 3581 3552 ἀνάστασιν
3615 3500 3730 3561 τοῖς

2142 3596 2320 3663 ἁγίοις
2344 3593 2512 3648 αὐτοῦ
2550 3591 2822 3662 μαθηταῖς
2848 3587 3172 3653 ἐνετείλατο,
3222 3589 3535 3662 προστάξας
3556 3605 3572 3621 ⁸
3607 3592 3725 3644 Ho-

2131 3687 2451 3756 ρευθέντες
2485 3682 2901 3754 μαθητεύσατε
2935 3680 3045 3753 (9'5)
3077 3681 3274 3736 πάντα
3300 3681 3373 3736 τὰ
3408 3681 3576 3753 ἔθνη,
3614 3684 3730 3748 ,ϐα-

2141 3777 2445 3842 πτίζοντες
2458 3774 2676 3841 αὐτοὺς
2695 3776 2784 3840 είς
2798 3774 2862 3829 τό
2880 3775 3068 3845 ὄνομα
3093 3774 3202 3830 τοῦ
3217 3777 3472 3845 Πατρός,
3502 3778 3601 3830 καί
3623 3775 3729 3830 τοῦ

2151 3870 2308 3935 Υἱοῦ,
2336 3869 2436 3923 καί
2469 3868 2575 3923 τοῦ
2614 3869 2789 3939 ἁγίου
2811 3870 3176 3938 Πνεύματος.
3201 3870 3370 3939 Δῆλον
3401 3870 3484 3923 ὅτι
3511 3867 3608 3941 τὴν
3641 3870 3730 3924 ἐντ-

2141 3960 2303 4034 τολὴν
2334 3959 2639 4032 ἐδεξάμεθα
2659 4003 2673 4027 ,
2718 3962 2780 4014 οὐ
2819 3961 2978 4032 μόνον
3010 3961 3090 4025 είς
3116 3960 3180 4014 τὸ
3211 3942 3492 4032 βαπτίζειν
3518 3958 3727 4027 οὕτως,

2144 4054 2281 4109 ἀλλὰ
2318 4054 2412 4108 καὶ
2458 4055 2539 4117 είς
2568 4053 2628 4107 τὸ
2675 4053 3003 4125 μαθητεύειν
3040 4052 3231 4118 οὕτως.
3276 4053 3363 4117 Ὠς
3403 4051 3490 4106 διὰ
3524 4051 3731 4124 ταύτης

2142 4146 2241 4217 τῆς
2289 4144 2541 4217 ἐντολῆς,
2577 4145 2672 4199 καὶ
2714 4144 2812 4217 τὴν
2856 4144 3144 4198 Σαϐελλίου
3183 4144 3336 4198 νόσον
3368 4143 3730 4215 ἀποκλεισθῇ-

2144 4257 2254 4305 ναι,
2283 4238 2394 4293 τῶν
2423 4238 2597 4310 τριῶν
2623 4238 2971 4293 ὑποστάσεων
3001 4237 3256 4308 καθαρῶς
3273 4239 3404 4308 ἡμῖν
3422 4235 3735 4308 παραδοθει-

2146 4332 2254 4387 σῶν
2273 4350 2287 4365 ο
2314 4332 2407 4387 καὶ
2433 4331 2542 4388 τῶν
2580 4314 2873 4401 Ἀνομοίων
2901 4328 3012 4401 (94)
3044 4329 3140 4384 καὶ
3163 4329 3271 4383 τῶν
3310 4328 3603 4399 ’Δρειανῶν
3636 4328 3733 4382 καὶ

2140 4423 2251 4478 τῶν
2266 4422 2750 4495 Πνευματομάχων
2767 4421 3119 4494 ἐμφραγῆναι
3131 4420 3243 4492 (95)
3259 4420 3327 4474 τὰ
3348 4419 3607 4491 στόματα·
3623 4417 3732 4473 τῶν

2144 4512 2451 4588 προσώπων
2491 4513 2722 4568 καὶτῶν
2757 4513 3110 4569 ὑποστάσεων
3151 4511 3321 4580 τριῶν
3359 4512 3729 4585 δηλουμένων,

476 4589 674 4643 inimus
699 4585 987 4656 baptizati,
1013 4598 1081 4639 eo
1111 4594 1289 4641 autem
1324 4587 1649 4657 gloriﬁcare,
1681 4604 1787 4659 quo
1810 4590 2038 4645 credidi-

2148 4585 2248 4676 τῆς
2279 4604 2336 4658 δὲ
2368 4604 2584 4673 φύσεως
2607 4605 2821 4676 καὶτῆς
2849 4604 3101 4676 θεότητος
3131 4606 3261 4675 μιᾶς
3281 4604 3731 4677 όμολογηθείσης.

477 4697 614 4736 mus.
664 4678 843 4733 Multis
877 4676 1144 4746 siquidem
1198 4689 1379 4735 mente
1423 4679 1699 4747 volutans,
1738 4690 1793 4736 et
1838 4681 1890 4736 in
1929 4696 2047 4736 om-

475 4789 571 4828 nes
609 4784 788 4843 partes
815 4772 1238 4842 cogitationibus
1271 4775 1541 4839 conversi,
1580 4775 1716 4829 nibil
1758 4791 2047 4846 possumus

476 4863 710 4916 medium
760 4863 1047 4918 advertere
1107 4862 1426 4919 Creatorem
1464 4864 1604 4919 inter
1634 4874 2045 4921 etcreaturam.

478 4952 743 5019 Quocirca
772 4953 867 5007 sia
894 4955 1179 5010 divinitate
1208 4954 1467 5024 Spiritum
1499 4954 1919 5024 sejunxerimus,
1948 4975 2049 5015 ne-

474 5045 720 5102 cessario
746 5045 896 5100 illum
921 5061 1043 5101 cum
1076 5046 1346 5103 creaturis
1380 5048 1641 5104 debemus
1669 5065 2048 5106 annumerare.

478 5140 630 5206 Quod
669 5139 715 5195 si
756 5137 875 5194 ausi
911 5137 1175 5197 fuerimus
1219 5150 1529 5196 creaturam
1564 5142 1780 5210 ‘dicere,
1812 5142 1903 5214 qui
1938 5142 2055 5200 ﬁeri

548 5296 593 5329 "
616 5298 801 5354 Matth.
828 5315 1020 5365 xxvnt,
1050 5299 1137 5356 l9.

560 5454 670 5524 (89)
698 5455 753 5509 ιιι
779 5466 884 5522 est,
914 5457 977 5511 de
992 5456 1197 5526 Spiritu
1221 5472 1420 5516 sancto.

552 5527 664 5595 (90)
685 5526 767 5579 Al.
808 5528 928 5581 add.
950 5545 1009 5581 τε
1041 5528 1135 5581 καὶ
1154 5529 1466 5587 ἀσάλευτον.

556 5530 767 5661 (90)Α1.
808 5530 928 5581 add.
950 5545 1009 5581 τε
1041 5530 1135 5581 καὶ
1154 5530 1466 5587 ἀσάλευτον.

556 5596 657 5674 (9]-
692 5596 1050 5674 ῌβχρμαιηῐθ
1052 5610 1173 5654 orte
1196 5602 1488 5674 εὐχόμεθα.

694 5667 777 5721 Al.
818 5668 915 5720 ins.
940 5668 1070 5739 γάρ.
1262 5666 1294 5673 ’⁷
1329 5666 1342 5674 ⁷
2058 5718 2070 5727 .

556 5736 665 5808 (95)
692 5736 1089 5817 Πορευθέντες
1111 5742 1547 5817 μαθητεύσατε.
1582 5743 1653 5817 lt_a
1681 5745 1831 5817 mulli
1848 5745 2052 5817 Matth.

486 5821 681 5877 xxvttt,
720 5808 803 5860 19.
829 5808 933 5860 Alii
980 5809 1254 5877 inserunt,
1283 5808 1396 5876 οὖν,
1434 5815 1544 5873 alii,
1572 5813 1686 5877 νῦν,
1721 5825 1779 5868 ιιι
1820 5816 2054 5869 ΙΙῑΙ;ιι-ἱιιε

487 5876 640 5935 initio
697 5879 817 5935 libri
874 5893 911 5933 ll
964 5876 1034 5932 De
1088 5875 1363 5948 Trinitnle,
1410 5892 1464 5938 ct
1504 5884 1568 5939 ad
1619 5875 1762 5940 l'sul.
1810 5901 1932 5951 εχιτ,
1997 5885 2049 5940 7.

2161 4698 2399 4770 Ἀνάγκη
2426 4697 2611 4751 τοίνυν
2636 4695 2810 4760 οὕτως
2841 4698 2988 4768 ἡμᾶς
3013 4695 3316 4768 βαπτίζειν,
3356 4698 3431 4763 ὡς
3457 4699 3738 4772 ἐδιδάχθη-

2152 4806 2272 4860 μεν·
2320 4789 2415 4842 καὶ
2464 4788 2607 4843 οὕτω
2671 4790 2973 4853 πιστεύειν,
3022 4789 3099 4855 ὡς
3136 4784 3588 4863 ἐϐαπτίσθημεν,
3643 4793 3737 4845 καὶ

2151 4879 2296 4934 οὕτω
2317 4879 2582 4947 δοξάζειν,
2614 4880 2691 4943 ὡς
2715 4881 3142 4952 ἐπιστεύσαμεν.
3168 4882 3348 4936 Πολλὰ
3370 4883 3482 4954 γὰρ
3514 4886 3577 4954 τῇ
3607 4883 3727 4937 δια-

2153 4971 2274 5043 νοίᾳ
2304 4971 2769 5043 περισκοποῦντες
2787 5010 2801 5035 ,
2832 4972 2927 5025 καὶ
2953 4972 3232 5042 πανταχοῦ
3269 4972 3600 5043 στραφέντες
3623 4978 3736 5040 τοῖς

2158 5060 2461 5133 λογισμοῖς,
2512 5061 2665 5116 οὐδὲν
2711 5062 3002 5131 ἐπινοῆσαι
3055 5061 3331 5131 δυνάμεθα
3387 5061 3592 5133 μεταξὺ
3638 5064 3734 5118 τοῦ

2161 5156 2395 5212 Κτίστου
2426 5155 2517 5210 καὶ
2550 5155 2650 5226 τῆς
2686 5154 2945 5219 κτίσεως·
2992 5153 3134 5208 ὥστε
3161 5155 3211 5207 εἰ
3255 5153 3353 5224 τῆς
3387 5154 3639 5231 θεότητος
3675 5157 3737 5210 τὸ

2169 5469 2369 5526 Ειιηιεε
2386 5487 2522 5526 nunc
2545 5471 2742 5526 docete.
3629 5493 3637 5501 ·

2230 5541 2345 5611 (94)
2388 5541 2734 5611 Ἀνομοίων.
2774 5539 3094 5596 Eunomiani
3137 5540 3209 5595 ita
3250 5542 3408 5611 vulgo
3446 5539 3573 5611 dicti
3609 5550 3738 5597 sunt

2158 5610 2469 5683 propterfcb
2487 5610 2762 5683 ἀνόμοιον,
2785 5620 2843 5667 et
2873 5610 3379 5683 Ἂνομοιουσιασταί
3411 5610 3623 5675 Basilio,
3665 5611 3737 5666 ob

2156 5679 2550 5751 άνομοιούσιον,
2564 5679 2667 5746 vel,
2679 5693 2736 5736 ut
2751 5681 2989 5750 loquitur
3002 5679 3264 5745 Severus,
3290 5681 3735 5742 Anomwousiant.

2158 5750 2211 5804 id
2242 5760 2346 5815 est,
2371 5750 2678 5805 dissimilem
2700 5751 3067 5807 substantiam.

2229 5818 2342 5890 (95)
2382 5819 2807 5889 Ἐμφραγῆναι.
2845 5822 2930 5878 Al.
2964 5819 3365 5891 ἀποφραγῆναι.
