4118 6486
357 433 422 490 97
1492 430 1908 489 SENTENTIA}
1949 435 2038 492 ET
2086 435 2476 492 EXCERPTA.
3551 439 3622 498 98

358 552 491 609 ιῖνεῦ
498 570 576 624 μα
590 552 1183 626 χωρίζομεν,ἀνάγκης
1200 552 1315 626 (9G)
1341 553 1481 625 μετά
1495 555 1603 608 τῶν
1619 558 1936 628 κτισμάτων
1969 566 1990 622 Α

2041 562 2257 630 poterit,
2314 572 2373 614 ut
2424 562 2474 615 in
2542 560 2811 631 baptismo
2864 562 3264 634 conjungatur?
3317 559 3399 616 Eo
3458 574 3621 632 pacto

355 642 481 700 αὐτὸ
512 646 904 716 καταριθμεῖν.
941 646 1004 698 Ei
1024 645 1082 697 δὲ
1110 644 1318 715 κτίσμα
1348 644 1714 716 τολμήσοιμεν
1747 648 1942 713 εἰπεῖν,

354 736 465 800 πῶς
499 736 740 792 δυνατὸν
769 739 828 791 ἐν
860 737 940 808 τῷ
981 736 1318 809 βαπτίσματι
1355 737 1642 808 μιχθῆναι;
1693 738 1804 810 Τὴν
1843 757 1943 793 πο-

352 827 566 882 λυθεΐαν
610 828 792 893 οὕτως
837 830 914 893 ὼς
947 830 1039 884 καὶ
1086 828 1184 899 τὴν
1229 827 1417 882 ἀθεῒαν
1466 828 1800 910 κακίζομεν’
1849 832 1944 885 καὶ

350 923 463 977 οὔτε
490 927 652 996 τρεῖς
682 924 861 996 ἀρχὰς
880 964 893 988 ,
927 923 1051 978 οὔτε
1079 926 1230 995 τρεῖς
1281 923 1459 987 θεοὺς,
1490 922 1614 976 οὔτε
1636 927 1786 995 τρεῖς
1824 925 1943 978 δια-

349 1015 544 1086 φόρους
570 1016 1033 1087 καταγγέλλομεν
1054 1015 1245 1084 φύσεις
1263 1030 1277 1045 ’
1309 1014 1446 1068 ἀλλά
1474 1016 1650 1087 ἀρχὴν
1671 1017 1781 1071 τῶν
1806 1017 1943 1071 ὅλων

346 1106 430 1159 τὸν
456 1106 698 1180 Πατέρα
740 1106 1124 1178 γινώσκοντες,
1171 1106 1295 1160 οὔτε
1322 1105 1448 1159 τινά
1472 1106 1581 1159 τῶν
1610 1107 1782 1179 τριῶν
1827 1109 1941 1179 (97)

346 1198 711 1253 ὑποστάσεων
762 1198 1085 1269 ἀθετοῦμεν,
1136 1199 1234 1253 καὶ
1281 1199 1344 1251 τὸ
1377 1198 1575 1269 σεμνὸν
1624 1198 1734 1254 τῶν
1770 1199 1939 1271 τριῶν

343 1291 380 1343 Γ
382 1290 598 1361 ραφῶν,
620 1291 725 1345 καὶ
744 1291 844 1354 τὰς
859 1290 942 1360 ἐφ’
962 1291 1197 1343 ἕκαστον
1221 1290 1528 1362 μαρτυρίας
1548 1291 1938 1361 προσάγοντες.

353 1381 488 1434 Ἀλλ’
526 1382 730 1454 ἐπειδὴ
763 1382 857 1435 καὶ
886 1381 1083 1452 μέτρον
1109 1381 1399 1453 ἐπιπολῆς
1427 1379 1691 1450 ἐκφεύγει
1722 1382 1784 1435 τὸ
1811 1382 1942 1454 περὶ

339 1472 544 1526 τούτων
579 1473 964 1542 λεπτολογεῖν,
999 1475 1096 1526 καὶ
1121 1473 1222 1543 τὴν
1262 1473 1534 1544 ὑμετέραν
1562 1472 1786 1545 ἀγάπην
1818 1475 1940 1526 ἐπι-

340 1564 661 1637 στεύσαμεν
691 1564 1126 1638 ἀρκεσθήσεσθαι
1154 1564 1233 1636 τῷ
1284 1565 1566 1637 κεφαλαίῳ
1605 1566 1707 1637 τῆς
1740 1564 1941 1636 ήμετέ-

341 1671 435 1725 ρας
481 1655 794 1721 ἐκθέσεως,
847 1655 942 1709 καὶ
996 1653 1063 1708 τά
1106 1654 1270 1709 λοιπά
1303 1656 1634 1728 προσθήσειν
1684 1655 1895 1710 οἴκοθεν
1921 1671 1937 1686 '

337 1747 514 1802 Δίδου
551 1748 704 1819 γὰρ,
747 1748 904 1819 φησὶ,
940 1747 1110 1818 σοφῷ
1129 1748 1431 1819 ἀφορμὴν,
1464 1749 1565 1804 καί
1593 1749 1939 1819 σοφώτερος

334 1839 541 1893 ἔσται·
587 1841 688 1893 καὶ
729 1828 903 1893 ταῦτα
945 1839 1310 1911 ἀποχρώντως
1352 1842 1689 1913 γεγραφέναι
1726 1842 1939 1908 νομίζο-

2046 654 2270 706 deorum
2321 652 2722 706 multitudinem
2766 654 3166 725 redarguimus,
3218 668 3324 707 una
3377 669 3498 709 cum
3528 667 3628 711 no-

2044 743 2259 812 gatione
2307 742 2607 797 divinitatis
2636 752 2735 801 ιρι
2768 758 2944 810 neque
2971 746 3071 798 tria
3112 744 3399 813 principia,
3446 759 3624 814 neque

2047 842 2154 887 tres
2179 835 2329 897 deos,
2360 849 2533 902 neque
2569 843 2677 889 tres
2700 835 2945 888 diversas
2972 835 3328 899 praedicamus
3355 844 3581 892 naturas
3604 851 3623 893 :

2043 925 2136 979 sed
2167 924 2383 980 Patrem
2408 942 2509 996 pro
2539 928 2914 981 universorum
2942 928 3207 997 principio
3238 938 3619 996 agnoscentes,

2044 1019 2242 1074 nullam
2264 1020 2426 1073 trium
2446 1020 2800 1090 hypostasum
2820 1020 3147 1084 inﬁciamur,
3168 1034 3447 1075 sacrarum
3477 1020 3625 1076 Serio

2047 1120 2332 1181 pturarum
2371 1112 2737 1181 maiestatem,
2781 1128 2845 1167 ac
2881 1113 3110 1182 singulis
3142 1114 3435 1183 probandis
3465 1113 3621 1168 testi-

2042 1200 2225 1254 monia
2270 1199 2627 1269 proferentes.
2673 1201 2781 1255 Sed
2819 1188 3086 1271 iquonia-m
3122 1202 3362 1272 epistola:
3402 1202 3620 1258 modum

2042 1301 2265 1364 superat
2313 1304 2565 1348 accurata
2609 1295 2676 1349 de
2722 1294 2840 1349 istis
2885 1294 3202 1365 disputatio,
3244 1295 3624 1365 credimusque

2043 1383 2365 1436 charitatem
2425 1393 2661 1439 vestram
2721 1393 3032 1441 contentam
3085 1388 3202 1441 fore
3266 1388 3624 1457 expositionis

2044 1484 2247 1527 nostra:
2291 1489 2500 1528 summa
2531 1515 2547 1540 ,
2595 1491 2659 1530 ac
2697 1477 2902 1547 reliqua
2951 1479 3015 1533 de
3055 1493 3114 1533 se
3166 1479 3508 1533 addituram:
3539 1477 3625 1532 Da

2042 1563 2226 1627 enim,
2284 1563 2492 1632 inquit,
2546 1567 2768 1634 sapienti
2827 1569 3186 1632 occasionem,
3235 1576 3287 1621 et
3334 1569 3624 1637 sapientior

2045 1656 2142 1709 erit
2167 1655 2215 1687 ⁸ο
2239 1669 2255 1708 :
2281 1655 2399 1709 [nec
2444 1654 2771 1710 suilicienter
2811 1659 3098 1726 scripsisse
3139 1674 3236 1713 nos
3265 1659 3620 1713 arbitramur.

2041 1748 2245 1816 Quibus
2294 1748 2430 1804 satis
2473 1758 2557 1803 est
2605 1747 2842 1818 adjicere
2893 1748 3109 1802 brevem
3165 1749 3621 1804 adhortationem.
3661 1818 3666 1822 η

2042 1845 2340 1899 Hortamur
2382 1859 2620 1914 namque
2650 1858 2764 1908 vos,
2800 1852 2857 1896 ut
2888 1844 3157 1897 maneatis
3190 1846 3337 1912 pacis
3376 1845 3494 1909 lilii,
3517 1862 3625 1916 quo

337 1947 453 2000 μεν.
510 1926 620 1995 Οἷς
672 1933 837 2003 ἀρκεῖ
890 1930 1151 2002 βραχεῖαν
1206 1912 1523 2001 προσθεῖναι
1571 1912 1990 2003 παράκλησιν.1

2045 1931 2400 1999 apostolicum
2424 1912 2738 1986 mandatum
2765 1930 3066 2000 impleatis,
3098 1933 3396 1996 unanimes,
3448 1934 3502 1985 id
3534 1912 3627 2001 vip-

332 2022 788 2093 Παρακαλοῦμεν
815 2021 925 2092 γὰρ
969 2022 1151 2093 μένειν
1197 2022 1344 2090 ὑμᾶς
1370 2023 1520 2083 υἱοὺς
1553 2023 1779 2091 εἰρήνης
1799 2038 1813 2050 ·
1853 2020 1944 2073 ἵνα

328 2113 680 2186 πληρώσητε
709 2114 809 2184 τὴν
836 2111 1205 2179 ἀποστολικὴν
1252 2108 1499 2178 ἐντολὴν,
1522 2110 1855 2178 σύμψυχοι,
1881 2109 1947 2163 τὸ

323 2203 394 2257 ἐν
419 2204 850 2273 φρονοῦντες,
883 2198 1111 2253 καὶτῶν
1136 2197 1480 2268 παθημάτων
1508 2197 1618 2250 τῶν
1652 2197 1792 2269 ὑπὲρ
1816 2200 1950 2270 Χρι-

322 2295 461 2347 στοῦ
494 2292 996 2362 κεκοινωνηκότες.
1023 2288 1118 2360 Μὴ
1141 2287 1275 2341 δῶτε
1310 2285 1388 2357 τῷ
1418 2286 1647 2358 πονηρῷ
1672 2286 1945 2353 διαζεῦξαι

315 2385 391 2438 τὰ
449 2384 658 2446 καλῶς
720 2382 1075 2453 συνημμένα,
1132 2380 1267 2451 μήτε
1316 2381 1426 2441 τοῖς
1474 2377 1662 2441 λύκοις
1715 2379 1944 2441 ἑαυτοὺς

314 2476 790 2543 εὐοιλωτοτέρους
824 2476 1079 2546 ποιήσητε
1108 2476 1173 2543 τῇ
1218 2471 1550 2542 διχοστασίᾳ,
1582 2471 1683 2533 τὰς
1712 2470 1939 2523 ἐκείνων

316 2564 704 2637 βεϐαιοῦντες
764 2566 946 2637 εὐχάς.
1016 2565 1324 2636 Ἐμάθομεν
1373 2563 1480 2634 γὰρ
1527 2564 1691 2626 ὅσους
1743 2562 1940 2625 ἄθλους

315 2658 483 2729 ὑπὲρ
524 2656 634 2727 τῆς
659 2657 964 2729 ὀρθοδοξίας
998 2656 1289 2726 ὑπέστητε.
1324 2655 1436 2718 Τάς
1463 2649 1557 2708 οὖν
1581 2654 1813 2718 ἀπειλὰς
1842 2656 1938 2708 καὶ

320 2750 428 2813 τὰς
461 2748 722 2818 ἀνάγκας
756 2750 855 2813 τὰς
893 2747 1047 2820 παρά
1078 2748 1190 2801 τῶν
1230 2745 1567 2800 ὑπεναντίων
1598 2747 1938 2817 νικήσαντες,

330 2829 560 2913 μηδένα
594 2840 727 2894 δῶτε
765 2840 1048 2895 διαστάσει
1081 2840 1275 2907 καιρόν
1296 2856 1313 2870 ο
1348 2840 1559 2910 μήποτε
1589 2838 1729 2891 κατὰ
1764 2837 1939 2909 βραχὺ

329 2930 818 3002 παρεισρυόμενον
845 2932 1023 3000 μῖσος,
1050 2928 1146 2982 ἐὰν
1174 2930 1275 2999 σχῇ
1299 2927 1486 2991 τόπον,
1514 2926 1785 2997 μεγάλους
1811 2926 1940 2996 ὑμῖν

333 3024 635 3095 κρημνοὺς
674 3022 956 3094 ὑποθήσει.
1004 3018 1169 3074 Ἀλλά
1215 3021 1310 3073 καὶ
1347 3020 1407 3072 ἐν
1449 3021 1573 3081 ταῖς
1609 3018 1940 3087 δοξολογίαις

331 3116 397 3167 τὸ
413 3115 656 3186 Πνεῦμα
676 3117 853 3187 Πατρὶ
875 3115 969 3168 καὶ
994 3114 1110 3184 Υἱῷ
1136 3109 1620 3185 (98)συνδοξάζειν,
1634 3112 1729 3165 καὶ
1740 3111 1940 3165 ειδέναι

334 3206 531 3271 τοῦτο,
567 3207 651 3259 ὃτι
675 3206 726 3258 οί
754 3205 851 3276 τήν
875 3203 1265 3276 ἀσυγχώρητον
1286 3203 1581 3274 ἁμαρτίαν,
1606 3203 1697 3258 διὰ
1721 3203 1824 3273 τῆς
1858 3205 1939 3267 είς

329 3296 401 3348 τὺ
428 3295 670 3366 Πνεῦμα
704 3294 1049 3366 βλασφημίας
1095 3294 1589 3367 ἐξαμαρτάνοντες,
1634 3295 1757 3365 είκῆ
1791 3311 1941 3365 παρ-

340 3385 632 3440 αιτοῦνται
688 3386 790 3457 τὴν
846 3386 982 3458 πρὸς
1034 3387 1162 3450 τοὺς
1220 3385 1529 3457 Ἀρειανοὺς
1609 3384 1921 3438 κοινωνίαν.

342 3480 505 3535 Μετὰ
544 3480 655 3553 γᾲρ
700 3480 927 3534 ἐκείνων
974 3480 1494 3553 κατακριθήσονται.
1544 3476 1832 3547 Εὐχόμεθα
1879 3477 1937 3530 δὲ

346 3572 496 3640 ὑμᾶς
522 3572 772 3644 ἄτμητον
796 3572 858 3626 τὸ
891 3571 1054 3643 σῶμα
1073 3576 1173 3645 τῆς
1213 3571 1546 3640 Ἐκκλησίας
1576 3567 1940 3639 ἀφιλονείκως

353 3661 700 3727 φυλάξαντας
727 3704 743 3729 ,
776 3663 1072 3736 είρηνικῶς
1103 3663 1205 3732 μὲν
1247 3663 1306 3715 ἐν
1349 3660 1428 3731 τῷ
1468 3659 1564 3715 νῦν
1624 3657 1784 3713 αίῶνι
1846 3657 1940 3711 τὸν

351 3749 675 3824 λειπόμενον
701 3755 905 3824 διάγειν
931 3754 1143 3827 χρόνον,
1187 3753 1413 3819 ἐνδόξως
1439 3752 1498 3805 δὲ
1531 3752 1589 3805 ἐν
1609 3750 1796 3822 ἡμέρᾳ
1830 3748 1936 3821 τῆς

352 3841 597 3913 κρίσεως
643 3846 987 3919 παραστῆναι
1028 3845 1108 3917 τῷ
1162 3844 1257 3898 τοῦ
1309 3841 1548 3917 Χριστοῦ
1599 3841 1828 3913 βήματι.

407 3954 459 3988 ³⁸
484 3955 648 4014 Prov.
684 3974 761 4025 ιι,
796 3960 851 4016 9.
928 3960 973 3993 ⁵¹
1014 3958 1252 4030 Philipp.
1299 3957 1434 4024 11,2.
1508 3956 1555 3989 ⁸²
1587 3953 1776 4010 Matth.
1812 3968 1914 4021 xu,
1948 3953 2033 4016 5i.

423 4047 537 4121 (96)
582 4050 900 4121 Ἀνάγκης.
939 4049 1023 4121 ΑΙ·
1053 4049 1290 4121 ἀνάγκη·

400 4117 537 4189 (97)
577 4117 779 4189 Τριῶίθ.
814 4117 977 4177 Ferte
993 4119 1173 4174 θείων.

367 4254 474 4271 ἣ

2046 2030 2197 2080 psum
2248 2016 2623 2082 sentientes",
2673 2027 2727 2071 et
2772 2017 3240 2072 communicantes
3286 2018 3628 2086 passionibus

2048 2116 2148 2171 pro
2194 2102 2434 2158 Christo.
2482 2104 2663 2160 Nolite
2714 2107 2845 2161 illud
2879 2107 3011 2161 dare
3045 2107 3209 2170 malo,
3251 2117 3311 2161 ut
3353 2108 3629 2179 disjuugat

2053 2210 2174 2264 quae
2194 2196 2422 2266 pulchfe
2443 2212 2687 2253 connexa
2719 2208 2865 2267 sunt,
2895 2214 3071 2269 neque
3095 2214 3193 2253 vos
3214 2199 3354 2269 lupis
3380 2198 3630 2257 efﬁciatis

2049 2297 2207 2357 captu
2234 2288 2512 2344 faciliores
2538 2306 2635 2360 per
2659 2290 3076 2356 dissensionem,
3103 2288 3316 2347 illorum
3347 2302 3470 2349 vota
3497 2308 3622 2350 eon-

2044 2380 2330 2435 ﬁrmando.
2380 2382 2675 2437 Didicimus
2722 2385 2924 2452 quippe
2970 2393 3171 2453 quanta
3199 2386 3498 2440 certamina
3526 2401 3625 2455 pro

2042 2482 2191 2527 recta
2221 2475 2325 2528 {ide
2353 2475 2741 2530 sustinueritis.
2774 2477 3042 2542 Quocirca
3074 2477 3238 2531 minis
3261 2487 3315 2531 et
3342 2478 3625 2543 aerumnis,

2043 2579 2161 2632 qua:
2206 2580 2303 2634 per
2350 2568 2693 2621 adversarios
2736 2568 3164 2633 intentabantur,
3214 2570 3461 2634 devictis,
3504 2569 3624 2623 nul-

2043 2653 2150 2708 lam
2194 2657 2431 2724 prmbete
2471 2658 2700 2711 dissidio
2754 2660 3138 2712 occasionem:
3174 2673 3242 2713 ne
3270 2660 3410 2715 forte
3440 2661 3628 2728 paula-

2046 2747 2141 2800 tim
2191 2747 2438 2817 illapsum
2489 2749 2709 2814 odium,
2766 2748 2812 2801 si
2865 2749 3039 2803 locum
3084 2750 3383 2813 invenerit,
3423 2765 3616 2820 magna

2043 2836 2196 2891 vobis
2222 2844 2489 2907 supponat
2522 2836 2844 2907 praecipitia.
2868 2837 2971 2892 Sed
3004 2848 3059 2891 et
3084 2846 3298 2907 oportet
3327 2840 3378 2893 in
3411 2841 3627 2895 doxoloo

2043 2930 2147 3000 giis
2186 2929 2450 2999 Spiritum
2493 2946 2600 2984 una
2648 2945 2772 2985 cum
2823 2930 2987 2984 Patre
3020 2939 3076 2986 et
3113 2930 3251 2986 Filio
3292 2932 3623 3001 gloriﬁcare,

2043 3032 2205 3092 atque
2233 3023 2336 3077 hoc
2365 3022 2689 3092 intelligere,
2717 3022 2859 3091 quod
2887 3022 2923 3075 ii
2955 3022 3045 3091 qui
3077 3023 3455 3077 irremissihile
3486 3036 3619 3091 pec-

2041 3123 2242 3179 catum,
2277 3128 2373 3183 per
2401 3115 2791 3185 blasphemiam
2823 3116 2875 3169 in
2908 3114 3171 3185 Spiritum
3220 3117 3518 3171 admittunt
3544 3116 3621 3182 ⁸⁹,

1968 3205 2246 3300 Cfrustra
2313 3207 2601 3293 repudiant
2671 3206 3111 3261 communionem
3174 3223 3294 3261 cum
3362 3207 3617 3271 Arianis,

2045 3297 2427 3367 quia.scilicet
2472 3313 2594 3353 cum
2647 3297 2716 3352 iis
2762 3298 3288 3354 condemnabuntur.
3327 3297 3622 3353 Preeamur

2049 3395 2235 3441 autem
2271 3396 2327 3441 et
2356 3396 2625 3456 optamus,
2678 3397 2735 3442 ut
2778 3402 2877 3444 vos
2917 3404 3115 3457 corpus
3160 3388 3421 3443 Ecclesiae
3481 3388 3626 3441 indi-

2042 3477 2216 3531 visum
2259 3477 2395 3530 citra
2443 3479 2845 3533 contentionem
2887 3488 3185 3545 servantes,
3237 3477 3464 3547 paciﬁce
3492 3475 3619 3545 qui-

2038 3564 2157 3618 dem
2185 3569 2237 3620 in
2261 3552 2509 3637 praesenti
2538 3571 2734 3625 saeculo
2760 3571 3022 3640 reliquum
3055 3572 3180 3625 vitae
3211 3581 3420 3638 tempus
3443 3578 3626 3622 trans-

2042 3653 2226 3725 igatis,
2254 3656 2495 3724 gloriose
2521 3674 2651 3715 vero
2712 3661 2767 3715 in
2801 3662 2889 3717 die
2919 3662 3110 3731 judicii
3151 3659 3422 3715 assistatis
3452 3657 3623 3713 tribu-

2038 3745 2148 3800 nali
2184 3744 2413 3801 Christi.

2116 4048 2230 4121 (98)
2258 4048 2343 4105 Al.
2373 4049 2478 4105 ins.
2507 4051 2636 4123 χρή.

1468 4358 1605 4417 ΤΟΥ
1631 4356 1724 4410 ΕΝ
1756 4355 1978 4409 ΑΓΙΟΙΣ
1999 4352 2272 4407 ΠΑΤΡΟΣ
2305 4354 2503 4407 ΗΜΩΝ

603 4485 1610 4609 ΑΜΦΙΛΟΧΙΟΥ
1699 4481 2627 4600 ΕΠΙΣΚΟΠΟΥ
2709 4481 3378 4599 ΙΚΟΝΙΟΥ

1402 4668 1787 4757 ΡΗΣΕΙΣ
1841 4659 2043 4751 ΚΑΙ
2093 4664 2603 4752 ΕΚΛΟΓΑΙ
2621 4730 2641 4749 .

1099 4941 1219 5053 S.
1305 4940 1435 5052 P.
1530 4939 1673 5051 N.
1771 4930 2896 5050 AMPHILOCHII

1727 5112 2040 5172 EPISCOPI
2075 5110 2281 5169 ICONII

1130 5248 1344 5340 SEN
1366 5247 1854 5337 TENTUE
1927 5244 2081 5333 ET
2149 5242 2457 5335 EXCE
2479 5241 2816 5335 RPTA.

1190 5609 1346 5678 Apud
1377 5605 1749 5662 Theodorilum
1784 5602 1918 5658 Dial.
1945 5619 2030 5668 ιιι,
2064 5602 2202 5675 Opp.
2251 5615 2376 5661 tom.
2412 5604 2505 5671 1V,
2539 5622 2657 5675 pag.
2689 5604 2813 5659 166.

372 5700 477 5759 Τοῦ
506 5701 682 5767 ιίγίου
742 5700 1134 5773 ἈμφιλοχίουΑ
1156 5700 1498 5773 ἐπισκόπου
1543 5698 1797 5755 Ἰκονίου
1878 5695 1949 5749 ἐκ
1984 5702 1990 5756 1

2060 5696 2244 5755 Sancti
2305 5697 2658 5770 Amphilochii
2708 5698 2937 5773 episﬁopi
3002 5695 3208 5767 Iconii,
3261 5713 3325 5753 ea:
3389 5702 3626 5753 oratione

820 5772 929 5827 τοῦ
955 5771 1093 5844 Περὶ
1123 5771 1257 5826 Υίοῦ
1286 5772 1491 5840 λόγου.

428 5863 617 5920 Εἰπὼν
637 5865 748 5938 γάρ
778 5867 806 5920 ὀ
832 5864 1037 5936 Πέτρος
1059 5864 1163 5931 ὅτι,
1184 5863 1291 5918 Καὶ
1321 5860 1541 5933 Κύριον
1564 5861 1664 5918 καί
1686 5861 1946 5932 Χριστὸν

2714 5771 2789 5825 De
2812 5768 2968 5825 Filio.

2125 5861 2263 5919 Cum
2320 5860 2545 5919 dixisset
2576 5860 2800 5932 Petrus,
2833 5860 2902 5916 Et
2944 5861 3225 5917 Dominum
3275 5868 3323 5913 et
3357 5857 3626 5913 Christum
