4048 6488
503 442 569 496 99
1451 428 1509 483 S.
1549 425 1993 482 AMPIIILOCllil
2036 421 2417 479 lCOMiiNSlS
2457 420 2762 478 EPlSCOPl
3643 424 3742 478 100
3821 382 3828 386 -

503 563 619 601 eum
655 545 774 613 fecit
819 542 958 596 Deus
985 542 1030 599 l”
1067 558 1082 596 :
1124 537 1403 604 subiunxit
1428 575 1443 601 ,
1473 535 1628 590 Ilum:
1656 535 1839 590 Iesum
1867 576 1883 600 ,
1917 552 2068 604 quem
2099 539 2119 596 ί

2192 534 2359 588 uocor
2390 533 2683 600 ἐποίησεν
2727 535 2760 587 ό
2803 532 2983 596 θεὸς,
3033 532 3316 602 ἐπήγαγεο
3377 531 3598 587 Τοῦτον
3639 536 3749 589 τὸν

503 653 589 690 vos
620 634 978 702 cruciﬁxistis,
1015 633 1149 684 hunc
1176 628 1316 682 Deus
1346 628 1616 680 suscitavit
1650 642 1714 680 ea:
1752 628 1972 678 mortuis
1997 625 2069 683 ⁸³.

2192 625 2426 692 Ἰησοῦν
2447 664 2460 687 .
2493 625 2565 678 ὂν
2600 623 2768 693 ὑμεῖς
2794 622 3212 691 ἐσταιφώοτιτε
3232 664 3246 687 ,
3288 625 3505 678 τοῦτον
3534 629 3568 680 ό
3601 628 3747 692 Θεὸς

505 727 713 780 Mortua
741 733 916 777 autem
958 731 1080 785 est,
1137 737 1240 774 non
1281 718 1572 783 divinitas,
1609 718 1701 772 sed
1738 717 1918 770 homo.
1971 715 2070 781 Qui

2192 715 2412 784 ἤγειρεν
2457 716 2527 768 ἐκ
2554 713 2805 782 νεκρῶν.
2852 714 3158 784 Ἐνεκρώθη
3188 715 3280 778 δὲ,
3322 715 3420 786 οὐχ
3456 718 3490 786 ἡ
3525 717 3745 788 θεότης,

506 833 640 870 vero
672 818 842 884 ipsum
881 815 1199 874 suscitavit.
1246 810 1476 865 Verbum
1521 818 1636 874 est,
1665 809 1758 862 Dei
1787 809 1993 874 virtus;
2031 810 2075 863 is

2192 807 2286 860 ιλλ⁹
2324 809 2352 859 ὁ
2381 806 2690 877 ἄνθρωπος.
2731 807 2842 858 Καὶ
2869 807 2897 858 6
2927 807 3148 876 ἐγείρας
3186 808 3348 862 αὑτὸν
3369 849 3384 872 ,
3417 809 3564 862 ἐστὶν
3592 811 3621 863 6
3645 810 3749 863 A6-

505 911 596 978 qui
627 911 759 963 dixit
790 910 842 963 in
881 908 1206 977 Evangelia:
1258 905 1452 960 Solvite
1491 906 1736 972 templum
1769 907 1866 958 hoc
1888 945 1902 967 ,
1945 903 2072 956 etin

506 1000 674 1052 tribus
708 1000 890 1052 diebus
917 997 1151 1052 excitabo
1181 997 1313 1049 illud
1342 997 1409 1049 ⁸³.
1448 995 1629 1062 Quare
1668 1011 1788 1049 cum
1832 994 2028 1048 dicitur
2055 1011 2068 1048 :

506 1089 575 1142 Et
607 1089 887 1143 Dominum
913 1107 1028 1143 eum
1057 1099 1102 1142 et
1123 1088 1388 1141 Christum
1414 1088 1536 1151 fecit
1569 1087 1704 1140 Deus
1726 1127 1740 1152 ,
1777 1089 1866 1155 qui
1903 1100 2076 1140 morte

507 1179 733 1235 affectus
762 1191 864 1243 est,
894 1191 946 1235 et
971 1195 998 1233 a
1041 1180 1268 1234 mortuis
1296 1181 1596 1234 resurrexit
1621 1196 1635 1246 ;
1670 1193 1890 1234 carnem
1919 1178 2070 1243 dicit,

508 1281 564 1327 et
602 1289 705 1327 non
736 1275 1073 1327 divinitatem
1109 1272 1254 1326 Filii.

2084 1471 2159 1529 II.

2175 916 2300 968 γος,
2350 900 2383 968 ἡ
2415 898 2646 969 δύναμις
2674 898 2765 952 τοῦ
2811 898 2946 951 Θεοῦ
2970 938 2985 963 ,
3024 901 3051 951 6
3085 899 3254 952 εἰπὼν
3283 901 3340 953 ὲν
3377 899 3454 970 τῷ
3498 901 3749 970 Εὑαγγεο

2175 991 2303 1062 λίῳ·
2343 993 2580 1047 Λύσατε
2607 991 2716 1045 τὸν
2746 992 2898 1046 ναὸν
2925 991 3158 1056 τοῦτον,
3191 992 3290 1045 καὶ
3321 992 3390 1044 ἐν
3404 993 3748 1062 τρισὶνήμέ-

2167 1101 2304 1150 pan;
2330 1082 2509 1153 ἐγερῶ
2534 1085 2740 1138 αὐτόν.
2774 1085 2938 1137 Ὥστε
2969 1084 3063 1138 ἐὰν
3091 1083 3350 1154 λέγηται,
3391 1085 3502 1137 Καὶ
3530 1085 3750 1152 Κύριον

2175 1174 2365 1227 αὑτὸν
2392 1174 2490 1227 καί
2534 1174 2793 1242 Χριστὸν
2821 1174 3110 1242 ἐποίησεν
3137 1178 3169 1228 ό
3213 1174 3386 1240 Θεὸς,
3418 1173 3509 1226 τὸν
3541 1189 3750 1243 νεκρω-

2181 1262 2362 1329 θέντα,
2397 1265 2492 1318 καὶ
2522 1268 2586 1318 ἐκ
2617 1265 2828 1335 νεκρῶν
2857 1265 3194 1329 ἀναστάντα,
3229 1264 3328 1335 τὴν
3361 1262 3540 1333 σάρκα
3566 1261 3746 1330 λέγει,

2181 1357 2277 1410 καὶ
2304 1357 2364 1410 οὐ
2393 1357 2492 1429 τὴν
2527 1356 2756 1426 θεότητα
2784 1357 2877 1410 τοῦ
2906 1355 3058 1412 Υἱοῦ.

1571 1579 1576 1584 ’
1634 1569 1786 1636 Apud
1820 1558 2054 1624 eumdem
2093 1571 2482 1638 Tlteedorilum,
2517 1573 2650 1626 ibid.

710 1664 960 1733 Ejusdem
991 1679 1055 1716 ex
1079 1663 1312 1716 oratione
1339 1663 1601 1717 adversus
1630 1663 1882 1717 Arianos.

582 1756 657 1809 Ae
680 1771 746 1808 ne
773 1755 923 1822 longa
954 1763 1076 1807 utar
1105 1754 1354 1807 oratione
1377 1791 1393 1818 ,
1423 1755 1610 1820 paucis
1635 1762 1687 1805 te
1714 1767 1863 1820 rogo,
1894 1753 2084 1807 luere—

515 1849 634 1900 tice.
659 1847 759 1911 Qui
781 1861 848 1899 ex
874 1846 980 1899 Deo
1001 1854 1084 1898 est
1112 1855 1238 1898 ante
1265 1844 1458 1898 smcnla
1489 1843 1724 1914 gellillls,
1749 1859 1939 1912 passus
1972 1853 2078 1909 est,

513 1955 578 1992 an
612 1940 701 2008 qui
733 1953 798 1992 ex
830 1939 993 1992 David
1019 1938 1069 1991 in
1102 1937 1412 1991 novissimis
1444 1937 1776 2006 temporibus
1813 1946 1968 1990 natus
1997 1945 2078 1990 est

512 2027 705 2081 JCSlla?
756 2027 814 2081 Si
869 2041 997 2097 ergo
1045 2027 1302 2081 divinitas
1346 2041 1501 2095 passa
1542 2036 1645 2094 est,
1685 2026 2075 2095 blasphemiam

513 2120 692 2172 dixisti
725 2135 742 2173 :
771 2119 850 2173 sin
889 2120 1048 2173 homo
1076 2157 1092 2184 ,
1142 2129 1200 2171 nt
1241 2118 1440 2173 veritas
1489 2121 1649 2173 habet
1739 2132 1837 2173 cur
1876 2118 2079 2173 homini

515 2212 818 2279 passionem
850 2227 955 2266 non
992 2211 1264 2265 aseribis?

2310 1665 2420 1720 Τοῦ
2457 1665 2664 1728 αὐτοῦ,
2695 1664 2763 1717 ἐκ
2794 1665 2900 1718 τοῦ
2930 1662 3072 1718 κατά
3110 1661 3401 1732 Ἀρειανῶν
3426 1662 3633 1732 λόγου.

2255 1757 2367 1809 Καὶ
2399 1756 2483 1808 ἵνα
2516 1755 2591 1826 μὴ
2621 1755 2830 1826 μακρὸν
2860 1755 2995 1824 (98“)
3026 1753 3293 1806 ἀποτείνω
3321 1751 3596 1820 τὸνλόγον,
3625 1769 3752 1804 συν-

2183 1847 2366 1918 τόμως
2394 1846 2584 1918 ἐρωτῶ
2615 1864 2703 1912 σε,
2741 1845 3008 1917 αἱρετικέ.
3051 1845 3110 1897 ’0
3136 1846 3201 1897 ὲκ
3226 1843 3320 1896 τοῦ
3350 1841 3485 1896 Θεοῦ
3514 1843 3618 1914 πρὸ
3640 1831 3750 1894 τῶν

2185 1937 2397 1991 αἰώνων
2435 1937 2720 2006 γεννηθεὶς
2747 1936 2969 1999 ἔπαθεν,
3000 1935 3033 2006 ἦ
3055 1937 3083 1988 6
3112 1937 3176 1988 ὲκ
3199 1933 3294 1987 τοῦ
3320 1933 3485 1988 Δαϐὶδ
3509 1935 3568 1987 ὲν
3597 1933 3753 1986 ὑστέ-

2187 2046 2302 2100 ροις
2346 2032 2556 2100 καιροῖς
2604 2030 2813 2100 τεχθεὶς
2869 2029 3109 2100 ’1ησοῠς;
3160 2029 3225 2081 Εἰ
3278 2027 3376 2097 μὲν
3421 2022 3514 2080 οὖν
3561 2026 3752 2094 θεότης

2185 2121 2414 2184 ἔπαθεν,
2449 2117 2608 2184 εἶπας
2637 2122 2698 2174 τὸ
2731 2121 3071 2192 βλάσφημον·
3115 2121 3163 2172 εἰ
3191 2120 3249 2172 δὲ
3277 2120 3306 2171 6
3334 2119 3650 2191 ἄνθρωπος,
3677 2116 3754 2179 ώς

2187 2208 2298 2278 ἔχει
2331 2211 2364 2278 ἡ
2394 2208 2650 2280 ἀλήθεια,
2692 2210 2836 2273 τίνος
2866 2206 2959 2262 οὖν
2994 2209 3180 2262 ἕνεκεν
3213 2209 3287 2279 μὴ
3318 2209 3650 2279 προσάπτεις
3675 2205 3755 2276 τῷ

2188 2299 2458 2369 ἀνθρώπῳ
2483 2301 2542 2353 τὸ
2571 2299 2742 2363 πάθος
2766 2317 2780 2364 ;

2077 2414 2180 2472 III.

516 2513 669 2582 A’pud
700 2511 958 2583 Cyrillum
995 2512 1143 2568 Alex.
1195 2513 1284 2566 lib.
1320 2511 1398 2566 Dc
1427 2521 1571 2568 recta
1606 2513 1731 2575 ﬁde,
1767 2513 1900 2579 Opp.
1931 2522 2056 2584 torm.
2085 2512 2146 2570 V.
2181 2524 2318 2580 part.
2350 2515 2419 2577 ll,
2466 2515 2559 2567 sub
2593 2515 2687 2581 ﬁn.
2721 2531 2840 2584 pag.
2876 2513 2942 2568 50
3005 2523 3050 2566 et
3101 2512 3289 2565 concil.
3340 2509 3532 2579 Epltes.
3567 2518 3701 2575 part.
3735 2504 3754 2557 1

1673 2595 1798 2636 tom.
1843 2584 1931 2646 lll,
1961 2583 2252 2637 Concilior.
2282 2601 2334 2649 p.
2373 2601 2442 2636 m.
2477 2585 2600 2637 683.

520 2672 866 2741 Amphilochii
896 2673 1123 2738 episcopi
1165 2671 1336 2728 Iconii
1363 2689 1428 2726 ea:
1459 2672 1592 2725 libro
1620 2673 1696 2727 De
1730 2673 2081 2740 generatione

901 2743 1110 2797 Domini
1141 2744 1438 2798 secundum
1463 2757 1704 2796 carnem.

587 2834 802 2890 Veritas
835 2835 1052 2903 cognita
1099 2843 1217 2900 est,
1248 2835 1420 2902 gratia
1450 2833 1617 2896 venit,
1667 2833 1778 2886 vita
1810 2842 2083 2901 apparuit,

519 2928 610 2982 Dei
660 2924 918 2990 Verbum,
979 2924 1180 2992 Deique
1225 2923 1395 2977 Filius
1429 2934 1650 2992 propter
1692 2937 1791 2977 nos
1828 2924 2084 2978 incarna-

520 3027 606 3070 tus
640 3024 759 3080 cst,
790 3029 896 3082 quo
936 3012 1188 3066 nimirum
1235 3013 1492 3067 mortales
1526 3015 1592 3068 ad
1628 3013 1794 3067 vitam
1828 3024 2086 3069 mternam

2201 2675 2590 2745 Ἀιιετιλοχίου
2609 2676 2943 2728 ἐπισκόπου
2983 2673 3253 2734 Ἰκονίου,
3283 2672 3349 2724 ἐκ
3376 2670 3481 2724 τοῦ
3507 2665 3754 2739 Περὶτῆς

2626 2744 2766 2798 κατὰ
2801 2745 2977 2816 σάρκα
3010 2745 3335 2813 γεννήσεως.

2273 2837 2340 2889 Ἢ
2395 2836 2625 2906 ἀλήθεια
2662 2834 2942 2904 ἐγνώσθη,
2974 2837 3006 2905 ἡ
3036 2835 3216 2904 χάρις.
3244 2829 3375 2905 ἦλθε
3396 2871 3410 2894 ,
3443 2831 3537 2884 καὶ
3569 2831 3602 2899 ἡ
3645 2827 3758 2898 ζωὴ

2193 2927 2401 2997 ἒφάνη·
2436 2930 2464 2980 6
2490 2927 2585 2980 τοῦ
2623 2927 2758 2980 Θεοῦ
2789 2927 2917 2990 Υἱὸς
2955 2926 3052 2991 ὢν,
3081 2929 3110 2979 6
3139 2927 3203 2978 ὲκ
3236 2923 3368 2978 Θεοῦ
3401 2925 3591 2992 Λόγος,
3623 2923 3760 2992 σὰρξ

2196 3019 2414 3087 ἐγένετο
2441 3020 2508 3071 δι’
2544 3020 2712 3089 ἡμᾶς,
2747 3018 2836 3071 ἵνα
2863 3017 3088 3088 θνητοὺς
3116 3018 3194 3079 εἰς
3221 3015 3362 3086 ζωὴν
3394 3014 3608 3069 αἰώνιον
3634 3014 3761 3066 ἁνα-

521 3113 800 3156 revocaret
820 3108 874 3154 et
907 3116 937 3154 a
968 3102 1196 3156 mortuis
1221 3102 1506 3155 excitaret.
1549 3101 1936 3156 Universorum
1971 3102 2089 3169 opi-
2118 3127 2119 3136 ι

2196 3111 2390 3182 στήσῃ,
2421 3111 2515 3164 καὶ
2545 3112 2611 3162 ὲκ
2635 3108 2745 3161 τῶν
2775 3108 2983 3177 νεκρῶν
3017 3107 3274 3180 ἀνεγείρῃ
3293 3122 3308 3137 ⁸
3335 3110 3364 3160 6
3395 3106 3625 3176 ποιητὴς
3653 3103 3761 3156 τῶν

521 3193 636 3256 fex,
664 3193 756 3262 qui
781 3201 905 3246 ante
927 3207 1140 3246 omnem
1165 3202 1473 3247 creaturam
1503 3203 1608 3248 tam
1639 3193 1903 3248 visibilem
1930 3208 2088 3262 quam

523 3284 874 3349 invisibilem,
909 3285 1009 3338 soli
1035 3283 1180 3338 Patri
1213 3293 1269 3338 et
1301 3283 1531 3355 Spiritui
1571 3293 1762 3340 saneto
1791 3284 2090 3340 coexsiste-

523 3377 617 3432 bat
671 3376 1029 3444 immortalis;
1090 3392 1219 3434 ecce
1270 3377 1316 3433 is
1362 3385 1513 3433 extra
1574 3377 1740 3433 ullum
1785 3387 2088 3446 peccatum,

525 3463 795 3535 uitamque
821 3465 1118 3536 eujuspiam
1143 3466 1376 3522 hominis
1407 3477 1502 3528 aut
1527 3467 1628 3523 viri
1663 3482 1906 3538 operam,
1934 3466 2090 3522 hodie

524 3553 680 3608 nobis
711 3569 773 3608 ex
806 3555 1027 3626 Virgine
1055 3557 1321 3611 nascitur.
1636 3552 1646 3560 ’

2194 3199 2354 3262 ὅλων,
2380 3201 2407 3251 6
2437 3198 2543 3269 πρὸ
2569 3197 2751 3266 πάσης
2783 3196 3013 3259 κτίσεως
3042 3195 3251 3266 ὁρατῶν
3283 3212 3343 3248 τε
3371 3196 3463 3248 καὶ
3492 3193 3759 3264 ἀοράτων,

2201 3289 2348 3360 μόνῳ
2396 3288 2575 3359 ΙΙατρὶ
2613 3288 2707 3341 καὶ
2740 3286 3017 3358 Πνεύματι
3062 3287 3421 3357 συνυπάρχων
3473 3284 3757 3346 ἀθάνατος,

2197 3381 2436 3450 σήμερον
2471 3379 2580 3432 ἰδοὺ
2612 3381 2676 3432 ὲκ
2701 3377 2977 3448 Παρθένου
3009 3376 3362 3446 γεννώμενος,
3396 3375 3562 3445 χωρὶς
3582 3375 3760 3444 πάσης

2195 3468 2491 3541 ἁμαρτίας,
2529 3468 2657 3524 ἄνευ
2693 3467 3002 3536 ἀνθρώπου,
3037 3467 3155 3536 ἦτοι
3186 3465 3396 3536 ἀνδρός.

1121 3672 1206 3726 Ex
1243 3675 1462 3728 concilio
1499 3674 1760 3753 Ephesiae
1784 3687 1927 3746 part.
1960 3675 2028 3739 11,
2055 3680 2160 3726 act.
2191 3670 2243 3734 1,
2271 3679 2394 3722 tom.
2428 3665 2494 3722 111
2523 3664 2816 3722 Concilior.
2852 3662 3155 3736 pagJOGﬁ.

1105 3785 1236 3840 Item
1261 3802 1325 3839 ea:
1373 3789 1596 3844 concilio
1634 3788 1880 3844 Chalced.
1911 3797 2050 3858 part.
2080 3785 2119 3839 ll

2192 3794 2286 3837 art.
2313 3781 2357 3848 I,
2394 3790 2525 3836 tom.
2553 3777 2620 3835 IV
2649 3777 2861 3834 Concil.
2893 3795 3013 3848 pag.
3037 3777 3197 3832 1145.

882 3895 1229 3965 ΑηῳΙιὶιοεΙιὶἱ
1268 3900 1494 3969 episcOpi
1531 3899 1725 3954 Iconii.

594 3984 859 4051 Quoniam
887 3987 1026 4039 enim
1065 3989 1203 4042 idem
1232 3989 1342 4042 Rex
1381 3998 1439 4042 et
1466 3988 1606 4041 Deus
1632 3997 1738 4053 est,
1775 3996 1831 4042 et
1857 3997 2088 4044 mortem

524 4077 594 4129 ob
626 4076 893 4144 passionis
927 4076 1380 4146 dispensationem
1423 4077 1682 4148 gustavit,
1717 4094 1940 4134 munera
1975 4095 2094 4150 my-

526 4167 815 4221 steriorum
868 4179 994 4224 sunt
1040 4171 1263 4224 indicia.
1305 4168 1548 4224 Oll‘erunt
1593 4171 1734 4240 magi
1776 4187 1965 4226 aurum
2002 4187 2094 4228 εο-

525 4271 848 4329 guosccntes
894 4261 1069 4330 ipsum
1115 4277 1235 4316 esse
1267 4275 1488 4331 regem;
1523 4260 1760 4317 oﬂerunt
1803 4261 1958 4327 thus,
1993 4278 2094 4320 no-

526 4360 651 4405 runt
668 4352 812 4406 enim
836 4367 895 4405 se
919 4351 1028 4405 Deo
1053 4350 1282 4419 oll‘errc;
1313 4352 1856 4424 oli'eruntmyrrbam,
1879 4363 2097 4423 propter

526 4449 752 4497 mortem
785 4441 838 4495 in
872 4441 1131 4512 mysterio
1156 4443 1443 4511 passionis.

2455 3892 2840 3965 Ἆμφιλοχίου
2866 3892 3206 3946 ἐπισκόπου
3249 3889 3520 3944 Ἰκονίου.

2279 3985 2496 4054 Ἐπειδὴ
2516 3984 2627 4054 γάρ
2647 3985 2676 4035 ὁ
2697 3984 2858 4046 αὐτὸς
2882 3983 3137 4052 βασιλεὺς
3163 3981 3256 4034 καὶ
3275 3979 3429 4044 Θεὸς,
3451 3979 3544 4032 καὶ
3563 3978 3764 4049 νεκρὼ-

2199 4096 2336 4141 σεως
2364 4077 2454 4130 διὰ
2482 4076 2582 4146 τὴν
2609 4075 2702 4128 τοῦ
2733 4075 2938 4138 πάθους
2967 4074 3278 4144 οἰκονομίαν
3306 4072 3662 4142 γευσάμενος,
3695 4071 3760 4124 τά

2196 4169 2344 4242 δῶρα
2364 4167 2472 4221 τῶν
2502 4167 2818 4239 μυστηρίων
2839 4167 2986 4220 ἐστὶν
3016 4153 3333 4235 αῗνίγματα.
3356 4163 3762 4234 Προσφέρουσιν

2198 4261 2249 4312 οἱ
2298 4261 2461 4330 μάγοι
2487 4259 2733 4330 χρυσίον,
2763 4255 3121 4328 γνωρίζοντες
3149 4256 3310 4310 αὐτὸν
3346 4250 3484 4308 εἶναι
3521 4253 3762 4325 βασιλέα.

2200 4351 2581 4422 Προσφέρουσι
2610 4349 2826 4402 λίϐανον
2845 4365 2858 4378 °
2893 4347 3012 4417 Θεῷ
3037 4348 3145 4418 γὰρ
3175 4347 3322 4400 ἴσασι
3347 4347 3763 4418 προσφέροντες.

2201 4443 2577 4514 Προσφέρουσι
2607 4441 2874 4512 σμύρναν,
2908 4440 2997 4493 διὰ
3024 4441 3120 4511 τὴν
3153 4442 3210 4493 ὲν
3239 4438 3318 4510 τῷ
3355 4438 3636 4510 μυστηρίῳ
3672 4437 3764 4490 τοῦ

2199 4535 2405 4600 πάθους
2433 4535 2720 4606 νέκρωσιν.

1361 4635 1440 4691 Ex
1467 4638 1655 4694 consil.
1694 4638 1941 4695 Cltalred.
1967 4651 2105 4710 part.
2142 4639 2206 4706 ll,
2233 4652 2336 4696 act.
2379 4643 2405 4697 1
2453 4653 2579 4696 tam.
2605 4640 2697 4706 1V,
2729 4658 2782 4711 ρ.
2819 4641 2977 4695 1145.

1085 4725 1114 4780 1
1121 4735 1221 4779 tem
1256 4744 1320 4780 ea:
1340 4729 1537 4785 eodem.

596 4816 710 4872 Nisi
753 4817 897 4872 cnim
943 4816 1034 4872 ille
1081 4825 1241 4871 natus
1293 4818 1482 4873 fuisset
1520 4822 1813 4874 secundum
1860 4835 2102 4886 carnem,

544 4923 653 4963 non
692 4910 1053 4964 renascereris
1085 4919 1139 4964 tu
1172 4910 1542 4979 spiritualiter.
1587 4911 1699 4966 Nisi
1741 4912 1828 4967 ille
1858 4912 2105 4980 dignatus

529 4999 721 5054 fuisset
743 4999 970 5053 formam
1005 5001 1148 5055 servi
1179 5002 1495 5069 suscipere,
1533 5016 1870 5073 nequaquam
1905 5013 1960 5057 tu
1988 5004 2101 5075 glo-

530 5092 663 5146 riam
686 5091 990 5160 adoptionis
1023 5091 1261 5148 lucratus
1290 5108 1458 5148 esses.
1495 5092 1784 5162 Propterea
1814 5096 1958 5150 enim
1987 5109 2102 5152 coe-

530 5181 678 5237 lestis
721 5184 776 5237 in
826 5195 1023 5239 terram
1070 5185 1370 5240 descendit.
1420 5193 1479 5238 ut
1519 5193 1572 5238 tu
1603 5185 1690 5254 qui
1727 5185 1778 5239 in
1829 5195 1969 5240 terra
2000 5203 2099 5254 es,

600 5328 646 5359 ⁸³
673 5329 790 5384 Act.
823 5345 901 5395 ιι,
934 5327 1025 5383 26.
1101 5327 1148 5359 ⁸⁸
1189 5327 1315 5382 ibid.
1349 5326 1439 5383 52.
1519 5329 1564 5360 ⁸⁵
1592 5325 1743 5382 Joan.
1773 5343 1831 5391 ll,
1885 5327 1972 5383 19.

604 5460 739 5532 (98‘)
766 5463 874 5533 Kal
911 5464 1012 5516 ἵνα
1045 5462 1131 5533 μὴ
1161 5478 1340 5531 paup.
1385 5460 1755 5515 Recitatbunc
1796 5459 1968 5533 locum
1996 5459 2098 5513 Fa-

534 5529 737 5584 Cundus
764 5529 1276 5588 llermianensis‘lib.
1309 5547 1390 5595 x1,
1414 5547 1528 5599 cap.
1562 5533 1613 5592 ὅ,
1649 5544 1767 5599 pag.
1800 5529 1919 5591 761,
1949 5544 2100 5582 eum-

535 5615 637 5666 que
668 5601 736 5651 ita
768 5601 1025 5654 redditum
1056 5603 1219 5656 refert
1245 5622 1257 5657 :
1291 5601 1355 5655 Et
1386 5613 1439 5655 ut
1468 5617 1570 5653 non
1593 5603 1800 5666 longum
1823 5601 2099 5652 extendam

534 5684 843 5741 sermonem.
874 5672 1086 5724 breviter
1120 5683 1167 5725 te
1199 5674 1423 5741 requiro.
1458 5671 1560 5736 Qui
1607 5681 1764 5741 natus
1800 5678 1872 5741 est
1907 5685 1969 5721 ea:
1996 5669 2099 5741 Deo

536 5747 656 5789 ante
686 5739 898 5810 sajrula,
931 5754 1112 5804 passus
1146 5757 1240 5804 est,
1264 5739 1339 5794 an
1366 5742 1454 5810 qui
1484 5757 1546 5793 ea:
1598 5739 1765 5792 David
1808 5739 1862 5791 in
1884 5740 2100 5810 ultimis

539 5808 851 5876 temporibus
879 5819 1149 5877 generatus
1181 5829 1252 5864 es:
1293 5808 1485 5865 les-us?
1515 5809 1572 5863 Si
1615 5811 1817 5872 quidem
1858 5809 2100 5863 divinitas

2127 4743 2176 4800 D

2691 4733 2932 4801 Ὁμοίως
2957 4731 3064 4786 τοῦ
3088 4731 3295 4786 αὑτοῦ.

2277 4821 2339 4873 Εἰ
2371 4822 2445 4892 μὴ
2473 4820 2579 4893 γὰρ
2613 4822 2818 4884 ἐκεῖνος
2844 4818 3107 4891 ἐγεννήθη
3142 4817 3438 4891 σαρκικῶς,
3469 4819 3570 4870 οὐκ
3600 4818 3664 4871 ἂν
3703 4819 3766 4871 σὺ

2203 4915 2568 4986 ἁνεγεννήθης
2589 4914 2995 4986 πνευματικῶς.
3023 4915 3085 4966 Εἰ
3107 4915 3162 4966 δὲ
3186 4913 3260 4984 μὴ
3288 4916 3493 4976 ἐκεῖνος
3515 4914 3769 4983 ἠνέσχετο

2202 5007 2303 5077 τῆς
2339 5006 2434 5060 τοῦ
2464 5007 2649 5060 δούλου
2701 5007 2955 5078 μορφῆς,
2994 5006 3094 5058 οὐκ
3127 5005 3191 5058 ἂν
3226 5006 3290 5057 σὺ
3340 5005 3437 5075 τὴν
3472 5005 3627 5070 δόξαν
3671 5005 3770 5075 τῆς

2202 5099 2474 5161 υἱοθεσίας
2509 5099 2826 5169 ὲκέρδανας.
2859 5099 2956 5150 Διὰ
2998 5097 3155 5150 τοῦτο
3193 5097 3301 5167 γὰρ
3347 5097 3440 5148 ἐπὶ
3480 5096 3582 5166 τῆς
3615 5095 3717 5166 γῆς
3742 5099 3769 5149 ὁ

2204 5190 2556 5260 ἐπουράνιος,
2589 5191 2674 5242 ἵνα
2704 5192 2767 5244 σὺ
2799 5192 2827 5241 6
2860 5189 2954 5242 ἐπὶ
2985 5190 3088 5258 γῆς
3128 5191 3206 5251 εἰς
3244 5187 3468 5257 οὐρανὸν
3509 5187 3764 5257 άναχθῇς.

2197 5477 2352 5529 passa
2377 5471 2473 5522 est,
2501 5461 2683 5514 dixisti
2713 5460 3089 5529 blasphemiam
3119 5475 3138 5513 :
3175 5461 3220 5514 si
3247 5471 3418 5514 autem
3446 5461 3617 5522 homo,
3638 5462 3767 5512 sicut

2197 5531 2388 5583 veritas
2413 5531 2585 5592 liabet,
2609 5547 2771 5598 quare
2804 5548 2905 5583 non
2939 5533 3172 5599 applicas
3216 5531 3412 5599 homini
3453 5529 3767 5599 passionem,

2198 5609 2287 5652 aut
2312 5598 3296 5674 humiliarion__cousuisiverba72_llaec
3332 5598 3635 5674 Facundos.
3671 5598 3770 5674 Po-_

2200 5680 2396 5722 strcma
2451 5672 2628 5724 omisit
2665 5669 3041 5727 Theodoritus.
3097 5671 3301 5727 Videsis
3355 5681 3474 5737 qua:
3524 5665 3662 5722 infra
3707 5672 3769 5726 ad

2201 5739 2413 5808 Fragm.
2445 5755 2497 5793 χι
2529 5743 2875 5799 adnotantur.
2902 5740 2908 5747 ’
