  <div class='ocr_page' id='page_1' title='image "/cluster/home/n/w/nwhite01/storage/ocr_20150623/39/mdp.39015010572892/056.png"; bbox 0 0 4118 6486; ppageno 0'>
   <div class='ocr_carea' id='block_1_1' title="bbox 311 456 419 512">
    <p class='ocr_par' dir='ltr' id='par_1_1' title="bbox 311 456 419 512">
     <span class='ocr_line' id='line_1_1' title="bbox 311 456 419 512; baseline 0 0"><span class='ocrx_word' id='word_1_1' title='bbox 311 456 419 512; x_wconf 75' lang='grc'><strong>101</strong></span> 
     </span>
    </p>
   </div>
   <div class='ocr_carea' id='block_1_2' title="bbox 1485 453 2455 512">
    <p class='ocr_par' dir='ltr' id='par_1_2' title="bbox 1485 453 2455 512">
     <span class='ocr_line' id='line_1_2' title="bbox 1485 453 2455 512; baseline 0 -3"><span class='ocrx_word' id='word_1_2' title='bbox 1485 453 1898 511; x_wconf 76' lang='lat' dir='ltr'><strong>SENTENTUE</strong></span> <span class='ocrx_word' id='word_1_3' title='bbox 1940 456 2028 511; x_wconf 83' lang='grc' dir='ltr'><strong>ΕΤ</strong></span> <span class='ocrx_word' id='word_1_4' title='bbox 2066 457 2455 512; x_wconf 71' lang='lat' dir='ltr'><strong>EXCERPTA.</strong></span> 
     </span>
    </p>
   </div>
   <div class='ocr_carea' id='block_1_3' title="bbox 3493 461 3593 516">
    <p class='ocr_par' dir='ltr' id='par_1_3' title="bbox 3493 461 3593 516">
     <span class='ocr_line' id='line_1_3' title="bbox 3493 461 3593 516; baseline 0.02 -2"><span class='ocrx_word' id='word_1_5' title='bbox 3493 461 3593 516; x_wconf 64' lang='lat' dir='ltr'><strong>tua</strong></span> 
     </span>
    </p>
   </div>
   <div class='ocr_carea' id='block_1_4' title="bbox 311 568 1913 639">
    <p class='ocr_par' dir='ltr' id='par_1_4' title="bbox 311 568 1913 639">
     <span class='ocr_line' id='line_1_4' title="bbox 311 568 1913 639; baseline -0.002 -13"><span class='ocrx_word' id='word_1_6' title='bbox 311 575 423 627; x_wconf 73' lang='grc' dir='ltr'><strong>Διά</strong></span> <span class='ocrx_word' id='word_1_7' title='bbox 447 573 613 626; x_wconf 80' lang='grc' dir='ltr'>τοῦτο</span> <span class='ocrx_word' id='word_1_8' title='bbox 635 571 872 634; x_wconf 78' lang='grc' dir='ltr'>Χριστὸς</span> <span class='ocrx_word' id='word_1_9' title='bbox 890 569 1084 624; x_wconf 81' lang='grc' dir='ltr'>ἑαυτὸν</span> <span class='ocrx_word' id='word_1_10' title='bbox 1105 568 1394 633; x_wconf 81' lang='grc' dir='ltr'>ἐκένωσεν,</span> <span class='ocrx_word' id='word_1_11' title='bbox 1423 569 1510 622; x_wconf 82' lang='grc' dir='ltr'><strong>ἵνα</strong></span> <span class='ocrx_word' id='word_1_12' title='bbox 1533 571 1696 639; x_wconf 79' lang='grc' dir='ltr'>ἡμεῖς</span> <span class='ocrx_word' id='word_1_13' title='bbox 1717 571 1913 634; x_wconf 86' lang='grc' dir='ltr'>πάντες</span> 
     </span>
    </p>
   </div>
   <div class='ocr_carea' id='block_1_5' title="bbox 2019 568 3592 639">
    <p class='ocr_par' dir='ltr' id='par_1_5' title="bbox 2022 568 3592 637">
     <span class='ocr_line' id='line_1_5' title="bbox 2022 568 3592 637; baseline 0.001 -12"><span class='ocrx_word' id='word_1_14' title='bbox 2022 572 2075 626; x_wconf 91' lang='lat' dir='ltr'><strong>in</strong></span> <span class='ocrx_word' id='word_1_15' title='bbox 2111 570 2308 626; x_wconf 58' lang='lat' dir='ltr'><strong>caelum</strong></span> <span class='ocrx_word' id='word_1_16' title='bbox 2334 569 2633 624; x_wconf 73' lang='lat' dir='ltr'><strong>extollaris.</strong></span> <span class='ocrx_word' id='word_1_17' title='bbox 2677 568 2802 622; x_wconf 73' lang='lat' dir='ltr'><strong>ideo</strong></span> <span class='ocrx_word' id='word_1_18' title='bbox 2831 568 3078 622; x_wconf 85' lang='lat' dir='ltr'><strong>Christus</strong></span> <span class='ocrx_word' id='word_1_19' title='bbox 3120 579 3464 637; x_wconf 80' lang='lat' dir='ltr'><strong>semetipsum</strong></span> <span class='ocrx_word' id='word_1_20' title='bbox 3494 587 3592 626; x_wconf 75' lang='lat' dir='ltr'><strong>ex-</strong></span> 
     </span>
    </p>
   </div>
   <div class='ocr_carea' id='block_1_6' title="bbox 313 659 1918 732">
    <p class='ocr_par' dir='ltr' id='par_1_6' title="bbox 313 659 1918 732">
     <span class='ocr_line' id='line_1_6' title="bbox 313 659 1918 732; baseline -0.002 -14"><span class='ocrx_word' id='word_1_21' title='bbox 313 670 388 718; x_wconf 76' lang='grc' dir='ltr'>ὲκ</span> <span class='ocrx_word' id='word_1_22' title='bbox 414 664 513 717; x_wconf 82' lang='grc' dir='ltr'>τοῦ</span> <span class='ocrx_word' id='word_1_23' title='bbox 546 661 920 732; x_wconf 82' lang='grc' dir='ltr'><strong>πληρώματος</strong></span> <span class='ocrx_word' id='word_1_24' title='bbox 947 662 1112 715; x_wconf 80' lang='grc' dir='ltr'>αὐτου</span> <span class='ocrx_word' id='word_1_25' title='bbox 1137 659 1414 730; x_wconf 78' lang='grc' dir='ltr'>λάϐωμεν.</span> <span class='ocrx_word' id='word_1_26' title='bbox 1457 661 1699 713; x_wconf 88' lang='grc' dir='ltr'>Ἐκείνου</span> <span class='ocrx_word' id='word_1_27' title='bbox 1733 660 1918 716; x_wconf 83' lang='grc' dir='ltr'>θανόν-</span> 
     </span>
    </p>
   </div>
   <div class='ocr_carea' id='block_1_7' title="bbox 313 747 1918 819">
    <p class='ocr_par' dir='ltr' id='par_1_7' title="bbox 313 747 1918 819">
     <span class='ocr_line' id='line_1_7' title="bbox 313 747 1918 819; baseline -0.001 -15"><span class='ocrx_word' id='word_1_28' title='bbox 313 770 416 814; x_wconf 83' lang='grc' dir='ltr'><strong>τος</strong></span> <span class='ocrx_word' id='word_1_29' title='bbox 463 751 665 819; x_wconf 83' lang='grc' dir='ltr'>γὲγονέ</span> <span class='ocrx_word' id='word_1_30' title='bbox 714 767 799 802; x_wconf 93' lang='grc' dir='ltr'><strong>σοι</strong></span> <span class='ocrx_word' id='word_1_31' title='bbox 841 747 1137 803; x_wconf 78' lang='grc' dir='ltr'>ἀθανασία.</span> <span class='ocrx_word' id='word_1_32' title='bbox 1193 748 1268 800; x_wconf 86' lang='grc' dir='ltr'>Τὸ</span> <span class='ocrx_word' id='word_1_33' title='bbox 1297 747 1393 800; x_wconf 83' lang='grc' dir='ltr'>τοῦ</span> <span class='ocrx_word' id='word_1_34' title='bbox 1431 748 1702 802; x_wconf 82' lang='grc' dir='ltr'>Δεσπότου</span> <span class='ocrx_word' id='word_1_35' title='bbox 1747 749 1918 814; x_wconf 81' lang='grc' dir='ltr'>πάθος</span> 
     </span>
    </p>
   </div>
   <div class='ocr_carea' id='block_1_8' title="bbox 313 839 1917 912">
    <p class='ocr_par' dir='ltr' id='par_1_8' title="bbox 313 839 1917 912">
     <span class='ocr_line' id='line_1_8' title="bbox 313 839 1917 912; baseline 0 -17"><span class='ocrx_word' id='word_1_36' title='bbox 313 844 520 912; x_wconf 79' lang='grc' dir='ltr'>γέγονε</span> <span class='ocrx_word' id='word_1_37' title='bbox 572 840 670 895; x_wconf 81' lang='grc' dir='ltr'><strong>τοῦ</strong></span> <span class='ocrx_word' id='word_1_38' title='bbox 716 840 909 894; x_wconf 85' lang='grc' dir='ltr'>δούλου</span> <span class='ocrx_word' id='word_1_39' title='bbox 965 839 1190 910; x_wconf 79' lang='grc' dir='ltr'>ὕψωμα.</span> <span class='ocrx_word' id='word_1_40' title='bbox 1231 839 1306 892; x_wconf 85' lang='grc' dir='ltr'><strong>Σὺ</strong></span> <span class='ocrx_word' id='word_1_41' title='bbox 1349 839 1407 892; x_wconf 82' lang='grc' dir='ltr'>δὲ</span> <span class='ocrx_word' id='word_1_42' title='bbox 1458 839 1559 910; x_wconf 80' lang='grc' dir='ltr'><strong>τὴν</strong></span> <span class='ocrx_word' id='word_1_43' title='bbox 1595 841 1917 912; x_wconf 80' lang='grc' dir='ltr'>εὐεργεσίαν</span> 
     </span>
    </p>
   </div>
   <div class='ocr_carea' id='block_1_9' title="bbox 311 929 1284 1005">
    <p class='ocr_par' dir='ltr' id='par_1_9' title="bbox 311 929 1284 1005">
     <span class='ocr_line' id='line_1_9' title="bbox 311 929 1284 1005; baseline -0.003 -18"><span class='ocrx_word' id='word_1_44' title='bbox 311 934 628 1005; x_wconf 77' lang='grc' dir='ltr'>λαμϐάνεις</span> <span class='ocrx_word' id='word_1_45' title='bbox 668 931 1022 1004; x_wconf 79' lang='grc' dir='ltr'><strong>βλασφημίας</strong></span> <span class='ocrx_word' id='word_1_46' title='bbox 1050 929 1284 1000; x_wconf 78' lang='grc' dir='ltr'>ἐφόδιον.</span> 
     </span>
    </p>
   </div>
   <div class='ocr_carea' id='block_1_10' title="bbox 2024 658 3598 734">
    <p class='ocr_par' dir='ltr' id='par_1_10' title="bbox 2024 658 3598 734">
     <span class='ocr_line' id='line_1_10' title="bbox 2024 658 3598 734; baseline -0.004 -17"><span class='ocrx_word' id='word_1_47' title='bbox 2024 663 2280 725; x_wconf 87' lang='lat' dir='ltr'><strong>inanivit,</strong></span> <span class='ocrx_word' id='word_1_48' title='bbox 2320 671 2379 714; x_wconf 93' lang='lat' dir='ltr'><strong>ut</strong></span> <span class='ocrx_word' id='word_1_49' title='bbox 2411 677 2508 714; x_wconf 93' lang='lat' dir='ltr'><strong>nos</strong></span> <span class='ocrx_word' id='word_1_50' title='bbox 2527 676 2714 714; x_wconf 89' lang='lat' dir='ltr'><strong>omnes</strong></span> <span class='ocrx_word' id='word_1_51' title='bbox 2736 662 2802 713; x_wconf 92' lang='lat' dir='ltr'><strong>de</strong></span> <span class='ocrx_word' id='word_1_52' title='bbox 2833 661 3163 728; x_wconf 83' lang='lat' dir='ltr'><strong>plenitudine</strong></span> <span class='ocrx_word' id='word_1_53' title='bbox 3189 658 3303 726; x_wconf 78' lang='lat' dir='ltr'><strong>ejus</strong></span> <span class='ocrx_word' id='word_1_54' title='bbox 3328 663 3598 734; x_wconf 69' lang='lat' dir='ltr'><strong>accipere.-</strong></span> 
     </span>
    </p>
   </div>
   <div class='ocr_carea' id='block_1_11' title="bbox 2022 751 3597 820">
    <p class='ocr_par' dir='ltr' id='par_1_11' title="bbox 2022 751 3597 820">
     <span class='ocr_line' id='line_1_11' title="bbox 2022 751 3597 820; baseline 0.001 -14"><span class='ocrx_word' id='word_1_55' title='bbox 2022 769 2163 806; x_wconf 91' lang='lat' dir='ltr'><strong>mus.</strong></span> <span class='ocrx_word' id='word_1_56' title='bbox 2198 752 2344 806; x_wconf 86' lang='lat' dir='ltr'><strong>illius</strong></span> <span class='ocrx_word' id='word_1_57' title='bbox 2375 768 2520 806; x_wconf 90' lang='lat' dir='ltr'><strong>mors</strong></span> <span class='ocrx_word' id='word_1_58' title='bbox 2554 751 2695 804; x_wconf 81' lang='lat' dir='ltr'><strong>facta</strong></span> <span class='ocrx_word' id='word_1_59' title='bbox 2731 760 2814 805; x_wconf 92' lang='lat' dir='ltr'><strong>est</strong></span> <span class='ocrx_word' id='word_1_60' title='bbox 2849 751 2941 804; x_wconf 89' lang='lat' dir='ltr'><strong>tibi</strong></span> <span class='ocrx_word' id='word_1_61' title='bbox 2984 751 3381 814; x_wconf 82' lang='lat' dir='ltr'><strong>immortalitas,</strong></span> <span class='ocrx_word' id='word_1_62' title='bbox 3418 753 3597 820; x_wconf 77' lang='lat' dir='ltr'><strong>passio</strong></span> 
     </span>
    </p>
   </div>
   <div class='ocr_carea' id='block_1_12' title="bbox 2022 841 3595 900">
    <p class='ocr_par' dir='ltr' id='par_1_12' title="bbox 2022 841 3595 900">
     <span class='ocr_line' id='line_1_12' title="bbox 2022 841 3595 900; baseline 0.003 -4"><span class='ocrx_word' id='word_1_63' title='bbox 2022 842 2232 897; x_wconf 85' lang='lat' dir='ltr'><strong>Domini</strong></span> <span class='ocrx_word' id='word_1_64' title='bbox 2261 842 2402 896; x_wconf 82' lang='lat' dir='ltr'><strong>facta</strong></span> <span class='ocrx_word' id='word_1_65' title='bbox 2439 853 2523 896; x_wconf 90' lang='lat' dir='ltr'><strong>est</strong></span> <span class='ocrx_word' id='word_1_66' title='bbox 2557 857 2716 896; x_wconf 87' lang='lat' dir='ltr'><strong>servo</strong></span> <span class='ocrx_word' id='word_1_67' title='bbox 2748 842 3026 896; x_wconf 76' lang='lat' dir='ltr'><strong>exultatio.</strong></span> <span class='ocrx_word' id='word_1_68' title='bbox 3067 841 3147 895; x_wconf 92' lang='lat' dir='ltr'><strong>Tu</strong></span> <span class='ocrx_word' id='word_1_69' title='bbox 3179 854 3360 898; x_wconf 90' lang='lat' dir='ltr'><strong>autem</strong></span> <span class='ocrx_word' id='word_1_70' title='bbox 3392 845 3595 900; x_wconf 88' lang='lat' dir='ltr'><strong>beneﬁ-</strong></span> 
     </span>
    </p>
   </div>
   <div class='ocr_carea' id='block_1_13' title="bbox 2022 932 3214 1003">
    <p class='ocr_par' dir='ltr' id='par_1_13' title="bbox 2022 932 3214 1003">
     <span class='ocr_line' id='line_1_13' title="bbox 2022 932 3214 1003; baseline 0.001 -16"><span class='ocrx_word' id='word_1_71' title='bbox 2022 935 2164 997; x_wconf 82' lang='lat' dir='ltr'><strong>cium</strong></span> <span class='ocrx_word' id='word_1_72' title='bbox 2195 935 2361 988; x_wconf 85' lang='lat' dir='ltr'><strong>vertis</strong></span> <span class='ocrx_word' id='word_1_73' title='bbox 2381 934 2433 988; x_wconf 92' lang='lat' dir='ltr'><strong>in</strong></span> <span class='ocrx_word' id='word_1_74' title='bbox 2461 935 2800 989; x_wconf 81' lang='lat' dir='ltr'><strong>occasionem</strong></span> <span class='ocrx_word' id='word_1_75' title='bbox 2842 932 3214 1003; x_wconf 70' lang='lat' dir='ltr'><strong>blasphemias.</strong></span> 
     </span>
    </p>
   </div>
   <div class='ocr_carea' id='block_1_14' title="bbox 1919 1044 2021 1104">
    <p class='ocr_par' dir='ltr' id='par_1_14' title="bbox 1919 1044 2021 1104">
     <span class='ocr_line' id='line_1_14' title="bbox 1919 1044 2021 1104; baseline 0 -1"><span class='ocrx_word' id='word_1_76' title='bbox 1919 1044 2021 1104; x_wconf 85' lang='lat' dir='ltr'><strong>IV.</strong></span> 
     </span>
    </p>
   </div>
   <div class='ocr_carea' id='block_1_15' title="bbox 1423 1140 2540 1214">
    <p class='ocr_par' dir='ltr' id='par_1_15' title="bbox 1423 1140 2540 1214">
     <span class='ocr_line' id='line_1_15' title="bbox 1423 1140 2540 1214; baseline 0.003 -20"><span class='ocrx_word' id='word_1_77' title='bbox 1423 1140 1504 1194; x_wconf 77' lang='lat' dir='ltr'><strong>Ea:</strong></span> <span class='ocrx_word' id='word_1_78' title='bbox 1527 1140 1821 1196; x_wconf 82' lang='lat' dir='ltr'><strong>Elemetttis</strong></span> <span class='ocrx_word' id='word_1_79' title='bbox 1842 1142 2157 1197; x_wconf 78' lang='lat' dir='ltr'><strong>Damasceni</strong></span> <span class='ocrx_word' id='word_1_80' title='bbox 2195 1142 2540 1214; x_wconf 75' lang='lat' dir='ltr'><strong>Rupefucald.</strong></span> 
     </span>
    </p>
   </div>
   <div class='ocr_carea' id='block_1_16' title="bbox 315 1235 1913 1310">
    <p class='ocr_par' dir='ltr' id='par_1_16' title="bbox 315 1235 1913 1310">
     <span class='ocr_line' id='line_1_16' title="bbox 315 1235 1913 1310; baseline -0.004 -14"><span class='ocrx_word' id='word_1_81' title='bbox 315 1239 442 1296; x_wconf 81' lang='grc' dir='ltr'><strong>Τοῦ</strong></span> <span class='ocrx_word' id='word_1_82' title='bbox 459 1238 769 1310; x_wconf 78' lang='grc' dir='ltr'>μακαρίου</span> <span class='ocrx_word' id='word_1_83' title='bbox 799 1237 1192 1310; x_wconf 56' lang='grc' dir='ltr'>Ἀμφιλοχίοιζ</span> <span class='ocrx_word' id='word_1_84' title='bbox 1241 1235 1316 1310; x_wconf 50' lang='grc' dir='ltr'>ἐκ</span> <span class='ocrx_word' id='word_1_85' title='bbox 1331 1236 1460 1310; x_wconf 48' lang='lat' dir='ltr'><strong>rei},</strong></span> <span class='ocrx_word' id='word_1_86' title='bbox 1478 1238 1576 1310; x_wconf 62' lang='lat' dir='ltr'><strong>sic</strong></span> <span class='ocrx_word' id='word_1_87' title='bbox 1597 1235 1686 1302; x_wconf 82' lang='grc' dir='ltr'><strong>τὸ,</strong></span> <span class='ocrx_word' id='word_1_88' title='bbox 1710 1236 1913 1308; x_wconf 80' lang='grc' dir='ltr'>Κύριος</span> 
     </span>
    </p>
   </div>
   <div class='ocr_carea' id='block_1_17' title="bbox 697 1305 1606 1377">
    <p class='ocr_par' dir='ltr' id='par_1_17' title="bbox 697 1305 1606 1377">
     <span class='ocr_line' id='line_1_17' title="bbox 697 1305 1606 1377; baseline 0 -17"><span class='ocrx_word' id='word_1_89' title='bbox 697 1307 881 1362; x_wconf 71' lang='grc' dir='ltr'>ἔκτισε</span> <span class='ocrx_word' id='word_1_90' title='bbox 915 1305 982 1377; x_wconf 86' lang='grc' dir='ltr'><strong>με</strong></span> <span class='ocrx_word' id='word_1_91' title='bbox 1002 1321 1014 1334; x_wconf 90' lang='grc'>·</span> <span class='ocrx_word' id='word_1_92' title='bbox 1049 1306 1231 1375; x_wconf 74' lang='grc' dir='ltr'>ἀρχὴ,</span> <span class='ocrx_word' id='word_1_93' title='bbox 1268 1307 1327 1358; x_wconf 86' lang='lat'><strong>&#39;0</strong></span> <span class='ocrx_word' id='word_1_94' title='bbox 1357 1305 1398 1358; x_wconf 84' lang='grc' dir='ltr'>δ’</span> <span class='ocrx_word' id='word_1_95' title='bbox 1432 1306 1606 1374; x_wconf 85' lang='grc' dir='ltr'>λόγος.</span> 
     </span>
    </p>
   </div>
   <div class='ocr_carea' id='block_1_18' title="bbox 387 1395 1917 1471">
    <p class='ocr_par' dir='ltr' id='par_1_18' title="bbox 387 1395 1917 1471">
     <span class='ocr_line' id='line_1_18' title="bbox 387 1395 1917 1471; baseline -0.002 -19"><span class='ocrx_word' id='word_1_96' title='bbox 387 1399 472 1453; x_wconf 78' lang='grc' dir='ltr'>Τὸ</span> <span class='ocrx_word' id='word_1_97' title='bbox 502 1400 736 1471; x_wconf 85' lang='grc' dir='ltr'>ἄχρονον</span> <span class='ocrx_word' id='word_1_98' title='bbox 779 1399 1062 1452; x_wconf 82' lang='grc' dir='ltr'>ᾶκτιστον·</span> <span class='ocrx_word' id='word_1_99' title='bbox 1090 1396 1153 1448; x_wconf 86' lang='grc' dir='ltr'>τὸ</span> <span class='ocrx_word' id='word_1_100' title='bbox 1185 1395 1241 1449; x_wconf 88' lang='grc' dir='ltr'><strong>δὲ</strong></span> <span class='ocrx_word' id='word_1_101' title='bbox 1272 1396 1527 1449; x_wconf 81' lang='grc' dir='ltr'>ἄκτιστον</span> <span class='ocrx_word' id='word_1_102' title='bbox 1555 1399 1819 1467; x_wconf 84' lang='grc' dir='ltr'>ἄναρχον·</span> <span class='ocrx_word' id='word_1_103' title='bbox 1853 1397 1917 1450; x_wconf 78' lang='grc' dir='ltr'><strong>τὸ</strong></span> 
     </span>
    </p>
   </div>
   <div class='ocr_carea' id='block_1_19' title="bbox 307 1487 1916 1564">
    <p class='ocr_par' dir='ltr' id='par_1_19' title="bbox 307 1487 1916 1564">
     <span class='ocr_line' id='line_1_19' title="bbox 307 1487 1916 1564; baseline -0.002 -18"><span class='ocrx_word' id='word_1_104' title='bbox 307 1493 368 1546; x_wconf 79' lang='grc' dir='ltr'>δὲ</span> <span class='ocrx_word' id='word_1_105' title='bbox 402 1493 652 1564; x_wconf 82' lang='grc' dir='ltr'>ἄναρχον</span> <span class='ocrx_word' id='word_1_106' title='bbox 691 1491 862 1545; x_wconf 78' lang='grc' dir='ltr'>ἀΐδιον</span> <span class='ocrx_word' id='word_1_107' title='bbox 883 1507 897 1520; x_wconf 91' lang='grc'><strong>·</strong></span> <span class='ocrx_word' id='word_1_108' title='bbox 932 1489 1098 1552; x_wconf 80' lang='grc' dir='ltr'>ἀΐδιος</span> <span class='ocrx_word' id='word_1_109' title='bbox 1123 1489 1181 1541; x_wconf 86' lang='grc' dir='ltr'>δὲ</span> <span class='ocrx_word' id='word_1_110' title='bbox 1226 1487 1383 1559; x_wconf 85' lang='grc' dir='ltr'>μόνος</span> <span class='ocrx_word' id='word_1_111' title='bbox 1410 1490 1438 1541; x_wconf 86' lang='grc' dir='ltr'>ὁ</span> <span class='ocrx_word' id='word_1_112' title='bbox 1465 1488 1617 1552; x_wconf 86' lang='grc' dir='ltr'>Θεός.</span> <span class='ocrx_word' id='word_1_113' title='bbox 1653 1489 1762 1542; x_wconf 78' lang='grc' dir='ltr'><strong>Καὶ</strong></span> <span class='ocrx_word' id='word_1_114' title='bbox 1785 1488 1916 1557; x_wconf 73' lang='grc' dir='ltr'>μεθ’</span> 
     </span>
    </p>
   </div>
   <div class='ocr_carea' id='block_1_20' title="bbox 306 1578 1921 1654">
    <p class='ocr_par' dir='ltr' id='par_1_20' title="bbox 306 1578 1921 1654">
     <span class='ocr_line' id='line_1_20' title="bbox 306 1578 1921 1654; baseline -0.006 -15"><span class='ocrx_word' id='word_1_115' title='bbox 306 1585 532 1653; x_wconf 78' lang='grc' dir='ltr'>ἓτερα’</span> <span class='ocrx_word' id='word_1_116' title='bbox 572 1579 643 1636; x_wconf 82' lang='grc' dir='ltr'><strong><em>Ὦ</em></strong></span> <span class='ocrx_word' id='word_1_117' title='bbox 673 1581 845 1654; x_wconf 82' lang='grc' dir='ltr'>Τριὰς</span> <span class='ocrx_word' id='word_1_118' title='bbox 874 1582 986 1653; x_wconf 87' lang='grc'><strong>(99)</strong></span> <span class='ocrx_word' id='word_1_119' title='bbox 1019 1580 1154 1649; x_wconf 81' lang='grc' dir='ltr'>ἁγία</span> <span class='ocrx_word' id='word_1_120' title='bbox 1189 1581 1247 1633; x_wconf 83' lang='grc' dir='ltr'>ὲν</span> <span class='ocrx_word' id='word_1_121' title='bbox 1287 1578 1370 1632; x_wconf 71' lang='grc' dir='ltr'><strong>ἐνὶ</strong></span> <span class='ocrx_word' id='word_1_122' title='bbox 1403 1579 1628 1649; x_wconf 79' lang='grc' dir='ltr'>ὀνόματι</span> <span class='ocrx_word' id='word_1_123' title='bbox 1663 1579 1921 1651; x_wconf 83' lang='grc' dir='ltr'>ἀριθμου-</span> 
     </span>
    </p>
   </div>
   <div class='ocr_carea' id='block_1_21' title="bbox 311 1669 1914 1745">
    <p class='ocr_par' dir='ltr' id='par_1_21' title="bbox 311 1669 1914 1745">
     <span class='ocr_line' id='line_1_21' title="bbox 311 1669 1914 1745; baseline -0.004 -18"><span class='ocrx_word' id='word_1_124' title='bbox 311 1675 489 1745; x_wconf 78' lang='grc' dir='ltr'>μένη·</span> <span class='ocrx_word' id='word_1_125' title='bbox 533 1673 597 1726; x_wconf 75' lang='grc' dir='ltr'><strong>οὐ</strong></span> <span class='ocrx_word' id='word_1_126' title='bbox 638 1672 747 1744; x_wconf 84' lang='grc' dir='ltr'>γὰρ</span> <span class='ocrx_word' id='word_1_127' title='bbox 785 1671 1004 1740; x_wconf 81' lang='grc' dir='ltr'>λέγεται</span> <span class='ocrx_word' id='word_1_128' title='bbox 1049 1669 1217 1740; x_wconf 84' lang='grc' dir='ltr'>μονὰς</span> <span class='ocrx_word' id='word_1_129' title='bbox 1260 1670 1354 1722; x_wconf 71' lang='grc' dir='ltr'>καὶ</span> <span class='ocrx_word' id='word_1_130' title='bbox 1390 1669 1548 1734; x_wconf 82' lang='grc' dir='ltr'>δυὰς,</span> <span class='ocrx_word' id='word_1_131' title='bbox 1581 1670 1702 1722; x_wconf 76' lang='grc' dir='ltr'>οὐδὲ</span> <span class='ocrx_word' id='word_1_132' title='bbox 1748 1669 1914 1740; x_wconf 82' lang='grc' dir='ltr'>μονὰς</span> 
     </span>
    </p>
   </div>
   <div class='ocr_carea' id='block_1_22' title="bbox 310 1761 1915 1835">
    <p class='ocr_par' dir='ltr' id='par_1_22' title="bbox 310 1761 1915 1835">
     <span class='ocr_line' id='line_1_22' title="bbox 310 1761 1915 1835; baseline -0.001 -17"><span class='ocrx_word' id='word_1_133' title='bbox 310 1766 417 1818; x_wconf 73' lang='grc' dir='ltr'>καὶ</span> <span class='ocrx_word' id='word_1_134' title='bbox 473 1763 681 1835; x_wconf 74' lang='grc' dir='ltr'>μονάςο</span> <span class='ocrx_word' id='word_1_135' title='bbox 717 1763 853 1817; x_wconf 83' lang='grc' dir='ltr'>ἀλλὰ</span> <span class='ocrx_word' id='word_1_136' title='bbox 903 1761 1073 1833; x_wconf 84' lang='grc' dir='ltr'>Τριὰς</span> <span class='ocrx_word' id='word_1_137' title='bbox 1119 1761 1179 1814; x_wconf 82' lang='grc' dir='ltr'>ὲν</span> <span class='ocrx_word' id='word_1_138' title='bbox 1220 1761 1459 1825; x_wconf 81' lang='grc' dir='ltr'>Μονὰδι,</span> <span class='ocrx_word' id='word_1_139' title='bbox 1499 1761 1593 1814; x_wconf 74' lang='grc' dir='ltr'><strong>καὶ</strong></span> <span class='ocrx_word' id='word_1_140' title='bbox 1633 1762 1816 1825; x_wconf 85' lang='grc' dir='ltr'>Μονὰς</span> <span class='ocrx_word' id='word_1_141' title='bbox 1857 1763 1915 1816; x_wconf 79' lang='grc' dir='ltr'>ὲν</span> 
     </span>
    </p>
   </div>
   <div class='ocr_carea' id='block_1_23' title="bbox 2015 1236 3646 1307">
    <p class='ocr_par' dir='ltr' id='par_1_23' title="bbox 2015 1236 3646 1307">
     <span class='ocr_line' id='line_1_23' title="bbox 2015 1236 3646 1307; baseline 0.009 -17"><span class='ocrx_word' id='word_1_142' title='bbox 2015 1236 2164 1291; x_wconf 85' lang='lat' dir='ltr'><strong>Beati</strong></span> <span class='ocrx_word' id='word_1_143' title='bbox 2206 1238 2556 1304; x_wconf 78' lang='lat' dir='ltr'><strong>Ampliilocliii</strong></span> <span class='ocrx_word' id='word_1_144' title='bbox 2579 1280 2594 1303; x_wconf 92' lang='lat'><strong>,</strong></span> <span class='ocrx_word' id='word_1_145' title='bbox 2639 1256 2704 1293; x_wconf 78' lang='lat' dir='ltr'><strong>ea:</strong></span> <span class='ocrx_word' id='word_1_146' title='bbox 2739 1251 2970 1295; x_wconf 78' lang='lat' dir='ltr'><strong>tractatu</strong></span> <span class='ocrx_word' id='word_1_147' title='bbox 3021 1244 3074 1297; x_wconf 84' lang='lat' dir='ltr'><strong>in</strong></span> <span class='ocrx_word' id='word_1_148' title='bbox 3122 1244 3287 1307; x_wconf 80' lang='lat' dir='ltr'><strong>illud,</strong></span> <span class='ocrx_word' id='word_1_149' title='bbox 3339 1245 3594 1305; x_wconf 81' lang='lat' dir='ltr'><strong>Dominus</strong></span> <span class='ocrx_word' id='word_1_150' title='bbox 3638 1241 3646 1256; x_wconf 83' lang='grc'><em>’</em></span> 
     </span>
    </p>
   </div>
   <div class='ocr_carea' id='block_1_24' title="bbox 2237 1309 3329 1378">
    <p class='ocr_par' dir='ltr' id='par_1_24' title="bbox 2237 1309 3329 1378">
     <span class='ocr_line' id='line_1_24' title="bbox 2237 1309 3329 1378; baseline 0.005 -17"><span class='ocrx_word' id='word_1_151' title='bbox 2237 1309 2443 1362; x_wconf 86' lang='lat' dir='ltr'><strong>creavit</strong></span> <span class='ocrx_word' id='word_1_152' title='bbox 2471 1325 2556 1362; x_wconf 87' lang='lat' dir='ltr'><strong>me</strong></span> <span class='ocrx_word' id='word_1_153' title='bbox 2586 1309 2654 1363; x_wconf 81' lang='grc'>⁸⁸.</span> <span class='ocrx_word' id='word_1_154' title='bbox 2677 1309 2868 1377; x_wconf 82' lang='lat' dir='ltr'><strong>Incipit</strong></span> <span class='ocrx_word' id='word_1_155' title='bbox 2899 1325 2919 1364; x_wconf 89' lang='lat'><strong><em>:</em></strong></span> <span class='ocrx_word' id='word_1_156' title='bbox 2951 1313 3153 1378; x_wconf 86' lang='lat' dir='ltr'><strong>Quarta</strong></span> <span class='ocrx_word' id='word_1_157' title='bbox 3173 1316 3329 1368; x_wconf 89' lang='lat' dir='ltr'><strong>ratio.</strong></span> 
     </span>
    </p>
   </div>
   <div class='ocr_carea' id='block_1_25' title="bbox 2087 1395 3591 1469">
    <p class='ocr_par' dir='ltr' id='par_1_25' title="bbox 2087 1395 3591 1469">
     <span class='ocr_line' id='line_1_25' title="bbox 2087 1395 3591 1469; baseline 0.005 -19"><span class='ocrx_word' id='word_1_158' title='bbox 2087 1395 2240 1464; x_wconf 86' lang='lat' dir='ltr'><strong>Quod</strong></span> <span class='ocrx_word' id='word_1_159' title='bbox 2269 1398 2387 1453; x_wconf 79' lang='lat' dir='ltr'><strong>sine</strong></span> <span class='ocrx_word' id='word_1_160' title='bbox 2427 1407 2667 1468; x_wconf 89' lang='lat' dir='ltr'><strong>tempore</strong></span> <span class='ocrx_word' id='word_1_161' title='bbox 2712 1413 2766 1456; x_wconf 93' lang='lat' dir='ltr'><strong>et</strong></span> <span class='ocrx_word' id='word_1_162' title='bbox 2793 1403 2860 1456; x_wconf 88' lang='lat' dir='ltr'><strong>ab</strong></span> <span class='ocrx_word' id='word_1_163' title='bbox 2885 1415 3089 1457; x_wconf 65' lang='lat' dir='ltr'><strong>aeterno</strong></span> <span class='ocrx_word' id='word_1_164' title='bbox 3121 1414 3244 1469; x_wconf 91' lang='lat' dir='ltr'><strong>est,</strong></span> <span class='ocrx_word' id='word_1_165' title='bbox 3285 1405 3591 1459; x_wconf 89' lang='lat' dir='ltr'><strong>increatum</strong></span> 
     </span>
    </p>
   </div>
   <div class='ocr_carea' id='block_1_26' title="bbox 2017 1489 3648 1562">
    <p class='ocr_par' dir='ltr' id='par_1_26' title="bbox 2017 1489 3648 1562">
     <span class='ocr_line' id='line_1_26' title="bbox 2017 1489 3648 1562; baseline 0.004 -20"><span class='ocrx_word' id='word_1_166' title='bbox 2017 1498 2137 1553; x_wconf 90' lang='lat' dir='ltr'><strong>est;</strong></span> <span class='ocrx_word' id='word_1_167' title='bbox 2169 1489 2310 1557; x_wconf 92' lang='lat' dir='ltr'><strong>quod</strong></span> <span class='ocrx_word' id='word_1_168' title='bbox 2337 1499 2515 1544; x_wconf 87' lang='lat' dir='ltr'><strong>autem</strong></span> <span class='ocrx_word' id='word_1_169' title='bbox 2541 1501 2624 1545; x_wconf 91' lang='lat' dir='ltr'><strong>est</strong></span> <span class='ocrx_word' id='word_1_170' title='bbox 2652 1491 2973 1562; x_wconf 91' lang='lat' dir='ltr'><strong>increatum,</strong></span> <span class='ocrx_word' id='word_1_171' title='bbox 3001 1496 3165 1548; x_wconf 91' lang='lat' dir='ltr'><strong>etiam</strong></span> <span class='ocrx_word' id='word_1_172' title='bbox 3190 1505 3274 1550; x_wconf 89' lang='lat' dir='ltr'><strong>est</strong></span> <span class='ocrx_word' id='word_1_173' title='bbox 3300 1504 3590 1562; x_wconf 85' lang='lat' dir='ltr'><strong>a-ternum;</strong></span> <span class='ocrx_word' id='word_1_174' title='bbox 3635 1520 3648 1532; x_wconf 72' lang='grc' dir='ltr'>-ι</span> 
     </span>
    </p>
   </div>
   <div class='ocr_carea' id='block_1_27' title="bbox 2019 1577 3597 1653">
    <p class='ocr_par' dir='ltr' id='par_1_27' title="bbox 2019 1577 3597 1653">
     <span class='ocr_line' id='line_1_27' title="bbox 2019 1577 3597 1653; baseline 0.006 -22"><span class='ocrx_word' id='word_1_175' title='bbox 2019 1577 2163 1634; x_wconf 90' lang='lat' dir='ltr'><strong>Deus</strong></span> <span class='ocrx_word' id='word_1_176' title='bbox 2195 1590 2376 1634; x_wconf 90' lang='lat' dir='ltr'><strong>autem</strong></span> <span class='ocrx_word' id='word_1_177' title='bbox 2400 1581 2547 1635; x_wconf 89' lang='lat' dir='ltr'><strong>solus</strong></span> <span class='ocrx_word' id='word_1_178' title='bbox 2574 1591 2810 1640; x_wconf 70' lang='lat' dir='ltr'><strong>aeternus</strong></span> <span class='ocrx_word' id='word_1_179' title='bbox 2838 1596 2944 1642; x_wconf 88' lang='lat' dir='ltr'><strong>est.</strong></span> <span class='ocrx_word' id='word_1_180' title='bbox 2980 1586 3050 1638; x_wconf 85' lang='lat' dir='ltr'><strong>Et</strong></span> <span class='ocrx_word' id='word_1_181' title='bbox 3083 1595 3198 1653; x_wconf 78' lang='lat' dir='ltr'><strong>post</strong></span> <span class='ocrx_word' id='word_1_182' title='bbox 3222 1587 3332 1640; x_wconf 90' lang='lat' dir='ltr'><strong>alia</strong></span> <span class='ocrx_word' id='word_1_183' title='bbox 3360 1602 3380 1640; x_wconf 90' lang='lat'><strong><em>:</em></strong></span> <span class='ocrx_word' id='word_1_184' title='bbox 3409 1587 3452 1642; x_wconf 93' lang='grc' dir='ltr'>Ο</span> <span class='ocrx_word' id='word_1_185' title='bbox 3481 1587 3597 1641; x_wconf 88' lang='lat' dir='ltr'><strong>Tri-</strong></span> 
     </span>
    </p>
   </div>
   <div class='ocr_carea' id='block_1_28' title="bbox 2021 1670 3594 1744">
    <p class='ocr_par' dir='ltr' id='par_1_28' title="bbox 2021 1670 3594 1744">
     <span class='ocr_line' id='line_1_28' title="bbox 2021 1670 3594 1744; baseline 0.004 -18"><span class='ocrx_word' id='word_1_186' title='bbox 2021 1670 2163 1726; x_wconf 84' lang='lat' dir='ltr'><strong>nitas</strong></span> <span class='ocrx_word' id='word_1_187' title='bbox 2195 1671 2250 1724; x_wconf 90' lang='lat' dir='ltr'><strong>in</strong></span> <span class='ocrx_word' id='word_1_188' title='bbox 2287 1685 2393 1724; x_wconf 91' lang='lat' dir='ltr'><strong>uno</strong></span> <span class='ocrx_word' id='word_1_189' title='bbox 2439 1674 2711 1727; x_wconf 88' lang='lat' dir='ltr'><strong>accensila</strong></span> <span class='ocrx_word' id='word_1_190' title='bbox 2753 1677 2987 1730; x_wconf 88' lang='lat' dir='ltr'><strong>nomine.</strong></span> <span class='ocrx_word' id='word_1_191' title='bbox 3038 1675 3173 1730; x_wconf 76' lang='lat' dir='ltr'><strong>Nam</strong></span> <span class='ocrx_word' id='word_1_192' title='bbox 3221 1693 3327 1732; x_wconf 90' lang='lat' dir='ltr'><strong>non</strong></span> <span class='ocrx_word' id='word_1_193' title='bbox 3376 1678 3594 1744; x_wconf 88' lang='lat' dir='ltr'><strong>dicitur,</strong></span> 
     </span>
    </p>
   </div>
   <div class='ocr_carea' id='block_1_29' title="bbox 2021 1762 3594 1836">
    <p class='ocr_par' dir='ltr' id='par_1_29' title="bbox 2021 1762 3594 1836">
     <span class='ocr_line' id='line_1_29' title="bbox 2021 1762 3594 1836; baseline 0.004 -18"><span class='ocrx_word' id='word_1_194' title='bbox 2021 1765 2202 1818; x_wconf 88' lang='lat' dir='ltr'><strong>unitas</strong></span> <span class='ocrx_word' id='word_1_195' title='bbox 2229 1773 2285 1820; x_wconf 88' lang='lat' dir='ltr'><strong>et</strong></span> <span class='ocrx_word' id='word_1_196' title='bbox 2307 1762 2581 1830; x_wconf 88' lang='lat' dir='ltr'><strong>binarius;</strong></span> <span class='ocrx_word' id='word_1_197' title='bbox 2618 1780 2790 1834; x_wconf 88' lang='lat' dir='ltr'><strong>neque</strong></span> <span class='ocrx_word' id='word_1_198' title='bbox 2817 1768 2993 1822; x_wconf 88' lang='lat' dir='ltr'><strong>unitas</strong></span> <span class='ocrx_word' id='word_1_199' title='bbox 3023 1778 3076 1821; x_wconf 93' lang='lat' dir='ltr'><strong>et</strong></span> <span class='ocrx_word' id='word_1_200' title='bbox 3100 1769 3308 1836; x_wconf 90' lang='lat' dir='ltr'><strong>unitas;</strong></span> <span class='ocrx_word' id='word_1_201' title='bbox 3345 1773 3438 1824; x_wconf 85' lang='lat' dir='ltr'><strong>sed</strong></span> <span class='ocrx_word' id='word_1_202' title='bbox 3470 1769 3594 1824; x_wconf 83' lang='lat' dir='ltr'><strong>Tri-</strong></span> 
     </span>
    </p>
   </div>
   <div class='ocr_carea' id='block_1_30' title="bbox 313 1845 1913 1926">
    <p class='ocr_par' dir='ltr' id='par_1_30' title="bbox 313 1845 1913 1926">
     <span class='ocr_line' id='line_1_30' title="bbox 313 1845 1913 1926; baseline 0.026 -21"><span class='ocrx_word' id='word_1_203' title='bbox 313 1854 524 1926; x_wconf 76' lang='grc' dir='ltr'>Τριὰδι</span> <span class='ocrx_word' id='word_1_204' title='bbox 548 1870 564 1885; x_wconf 90' lang='grc'><strong>·</strong></span> <span class='ocrx_word' id='word_1_205' title='bbox 595 1852 884 1924; x_wconf 80' lang='grc' dir='ltr'>μονοειδῶς</span> <span class='ocrx_word' id='word_1_206' title='bbox 913 1852 987 1924; x_wconf 74' lang='grc'><strong>(1)</strong></span> <span class='ocrx_word' id='word_1_207' title='bbox 1023 1850 1381 1922; x_wconf 66' lang='grc' dir='ltr'><strong>μονωνύμως·</strong></span> <span class='ocrx_word' id='word_1_208' title='bbox 1414 1845 1511 1914; x_wconf 61' lang='grc' dir='ltr'><strong>Εἷς</strong></span> <span class='ocrx_word' id='word_1_209' title='bbox 1538 1850 1691 1915; x_wconf 64' lang='grc' dir='ltr'><strong>θεδςν</strong></span> <span class='ocrx_word' id='word_1_210' title='bbox 1724 1852 1913 1924; x_wconf 67' lang='grc' dir='ltr'>Πατὴρ</span> 
     </span>
    </p>
   </div>
   <div class='ocr_carea' id='block_1_31' title="bbox 2019 1845 3596 1926">
    <p class='ocr_par' dir='ltr' id='par_1_31' title="bbox 2019 1852 3596 1924">
     <span class='ocr_line' id='line_1_31' title="bbox 2019 1852 3596 1924; baseline 0.004 -16"><span class='ocrx_word' id='word_1_211' title='bbox 2019 1854 2162 1909; x_wconf 88' lang='lat' dir='ltr'><strong>nitas</strong></span> <span class='ocrx_word' id='word_1_212' title='bbox 2186 1855 2244 1908; x_wconf 92' lang='lat' dir='ltr'><strong>in</strong></span> <span class='ocrx_word' id='word_1_213' title='bbox 2285 1852 2540 1921; x_wconf 88' lang='lat' dir='ltr'><strong>Unitate;</strong></span> <span class='ocrx_word' id='word_1_214' title='bbox 2577 1866 2631 1910; x_wconf 89' lang='lat' dir='ltr'><strong>et</strong></span> <span class='ocrx_word' id='word_1_215' title='bbox 2669 1855 2860 1912; x_wconf 85' lang='lat' dir='ltr'><strong>Unitas</strong></span> <span class='ocrx_word' id='word_1_216' title='bbox 2895 1859 2947 1912; x_wconf 93' lang='lat' dir='ltr'><strong>in</strong></span> <span class='ocrx_word' id='word_1_217' title='bbox 2983 1857 3284 1924; x_wconf 85' lang='lat' dir='ltr'><strong>Trinitate;</strong></span> <span class='ocrx_word' id='word_1_218' title='bbox 3311 1862 3596 1915; x_wconf 80' lang='lat' dir='ltr'><strong>uniformi-</strong></span> 
     </span>
    </p>
   </div>
   <div class='ocr_carea' id='block_1_32' title="bbox 314 1942 1914 2016">
    <p class='ocr_par' dir='ltr' id='par_1_32' title="bbox 314 1942 1914 2016">
     <span class='ocr_line' id='line_1_32' title="bbox 314 1942 1914 2016; baseline 0.001 -20"><span class='ocrx_word' id='word_1_219' title='bbox 314 1947 381 1997; x_wconf 83' lang='grc' dir='ltr'><strong>ἐν</strong></span> <span class='ocrx_word' id='word_1_220' title='bbox 418 1945 562 2015; x_wconf 82' lang='grc' dir='ltr'><strong>Υἱῷ,</strong></span> <span class='ocrx_word' id='word_1_221' title='bbox 594 1945 722 2008; x_wconf 80' lang='grc' dir='ltr'>Υἱὸς</span> <span class='ocrx_word' id='word_1_222' title='bbox 753 1945 812 1998; x_wconf 81' lang='grc' dir='ltr'><strong>ἐν</strong></span> <span class='ocrx_word' id='word_1_223' title='bbox 837 1945 1014 2016; x_wconf 71' lang='grc' dir='ltr'>Πατρὶ</span> <span class='ocrx_word' id='word_1_224' title='bbox 1037 1945 1134 1997; x_wconf 82' lang='grc' dir='ltr'><strong>σὺν</strong></span> <span class='ocrx_word' id='word_1_225' title='bbox 1156 1944 1298 2013; x_wconf 86' lang='grc' dir='ltr'>ἁγίῳ</span> <span class='ocrx_word' id='word_1_226' title='bbox 1319 1942 1708 2015; x_wconf 61' lang='grc' dir='ltr'>Πνεύματιβ).</span> <span class='ocrx_word' id='word_1_227' title='bbox 1726 1943 1914 2015; x_wconf 80' lang='grc' dir='ltr'>Ἡμεῖς</span> 
     </span>
    </p>
   </div>
   <div class='ocr_carea' id='block_1_33' title="bbox 315 2033 1908 2107">
    <p class='ocr_par' dir='ltr' id='par_1_33' title="bbox 315 2033 1908 2107">
     <span class='ocr_line' id='line_1_33' title="bbox 315 2033 1908 2107; baseline 0.003 -21"><span class='ocrx_word' id='word_1_228' title='bbox 315 2035 554 2105; x_wconf 70' lang='grc' dir='ltr'>οἴδαμεν</span> <span class='ocrx_word' id='word_1_229' title='bbox 584 2036 834 2107; x_wconf 74' lang='grc' dir='ltr'>Πατέρα,</span> <span class='ocrx_word' id='word_1_230' title='bbox 850 2035 1095 2107; x_wconf 79' lang='grc' dir='ltr'>Πατέρα·</span> <span class='ocrx_word' id='word_1_231' title='bbox 1121 2035 1272 2099; x_wconf 83' lang='grc' dir='ltr'>Υἱὺν,</span> <span class='ocrx_word' id='word_1_232' title='bbox 1299 2033 1449 2087; x_wconf 82' lang='grc' dir='ltr'>Υἰόν⁶</span> <span class='ocrx_word' id='word_1_233' title='bbox 1483 2036 1638 2102; x_wconf 82' lang='grc' dir='ltr'>ἆγιον</span> <span class='ocrx_word' id='word_1_234' title='bbox 1663 2034 1908 2106; x_wconf 81' lang='grc' dir='ltr'>Πνεῦμα,</span> 
     </span>
    </p>
   </div>
   <div class='ocr_carea' id='block_1_34' title="bbox 314 2125 1914 2198">
    <p class='ocr_par' dir='ltr' id='par_1_34' title="bbox 314 2125 1914 2198">
     <span class='ocr_line' id='line_1_34' title="bbox 314 2125 1914 2198; baseline 0 -18"><span class='ocrx_word' id='word_1_235' title='bbox 314 2126 486 2194; x_wconf 74' lang='grc' dir='ltr'>ἅγιον</span> <span class='ocrx_word' id='word_1_236' title='bbox 521 2125 785 2198; x_wconf 64' lang='grc' dir='ltr'>Πνεῦμαδ</span> <span class='ocrx_word' id='word_1_237' title='bbox 826 2126 1031 2196; x_wconf 79' lang='grc' dir='ltr'>Τριάδα</span> <span class='ocrx_word' id='word_1_238' title='bbox 1076 2125 1284 2196; x_wconf 83' lang='grc' dir='ltr'>ὲνότητι</span> <span class='ocrx_word' id='word_1_239' title='bbox 1305 2141 1317 2154; x_wconf 89' lang='grc'><strong>·</strong></span> <span class='ocrx_word' id='word_1_240' title='bbox 1351 2125 1450 2195; x_wconf 86' lang='grc' dir='ltr'><strong>μία</strong></span> <span class='ocrx_word' id='word_1_241' title='bbox 1479 2125 1591 2196; x_wconf 86' lang='grc' dir='ltr'>γάρ</span> <span class='ocrx_word' id='word_1_242' title='bbox 1619 2128 1766 2179; x_wconf 78' lang='grc' dir='ltr'>ἐστιν</span> <span class='ocrx_word' id='word_1_243' title='bbox 1799 2127 1914 2180; x_wconf 81' lang='grc' dir='ltr'>ἐνό-</span> 
     </span>
    </p>
   </div>
   <div class='ocr_carea' id='block_1_35' title="bbox 313 2215 1914 2288">
    <p class='ocr_par' dir='ltr' id='par_1_35' title="bbox 313 2215 1914 2288">
     <span class='ocr_line' id='line_1_35' title="bbox 313 2215 1914 2288; baseline 0.001 -20"><span class='ocrx_word' id='word_1_244' title='bbox 313 2235 427 2288; x_wconf 74' lang='grc' dir='ltr'><strong>της</strong></span> <span class='ocrx_word' id='word_1_245' title='bbox 467 2216 708 2288; x_wconf 79' lang='grc' dir='ltr'>Πατρός,</span> <span class='ocrx_word' id='word_1_246' title='bbox 759 2217 855 2269; x_wconf 72' lang='grc' dir='ltr'><strong>καὶ</strong></span> <span class='ocrx_word' id='word_1_247' title='bbox 891 2215 1050 2282; x_wconf 83' lang='grc' dir='ltr'>Υἱοῦ,</span> <span class='ocrx_word' id='word_1_248' title='bbox 1096 2216 1190 2269; x_wconf 82' lang='grc' dir='ltr'><strong>καὶ</strong></span> <span class='ocrx_word' id='word_1_249' title='bbox 1216 2215 1377 2283; x_wconf 86' lang='grc' dir='ltr'>ἁγίου</span> <span class='ocrx_word' id='word_1_250' title='bbox 1425 2215 1774 2285; x_wconf 81' lang='grc' dir='ltr'>Πνεύματος’</span> <span class='ocrx_word' id='word_1_251' title='bbox 1815 2218 1914 2287; x_wconf 88' lang='grc' dir='ltr'><strong>μία</strong></span> 
     </span>
    </p>
   </div>
   <div class='ocr_carea' id='block_1_36' title="bbox 311 2307 1913 2380">
    <p class='ocr_par' dir='ltr' id='par_1_36' title="bbox 311 2307 1913 2380">
     <span class='ocr_line' id='line_1_36' title="bbox 311 2307 1913 2380; baseline 0.001 -18"><span class='ocrx_word' id='word_1_252' title='bbox 311 2310 512 2377; x_wconf 73' lang='grc' dir='ltr'>οὐσία,</span> <span class='ocrx_word' id='word_1_253' title='bbox 550 2311 652 2380; x_wconf 92' lang='grc' dir='ltr'><strong>μία</strong></span> <span class='ocrx_word' id='word_1_254' title='bbox 688 2309 970 2380; x_wconf 83' lang='grc' dir='ltr'>κυριότης,</span> <span class='ocrx_word' id='word_1_255' title='bbox 1013 2307 1069 2361; x_wconf 74' lang='grc' dir='ltr'>ἓν</span> <span class='ocrx_word' id='word_1_256' title='bbox 1097 2308 1342 2380; x_wconf 85' lang='grc' dir='ltr'>θέλημα·</span> <span class='ocrx_word' id='word_1_257' title='bbox 1379 2307 1482 2378; x_wconf 87' lang='grc' dir='ltr'><strong>μία</strong></span> <span class='ocrx_word' id='word_1_258' title='bbox 1505 2307 1820 2378; x_wconf 82' lang='grc' dir='ltr'>Ἐκκλησία,</span> <span class='ocrx_word' id='word_1_259' title='bbox 1855 2309 1913 2364; x_wconf 83' lang='grc' dir='ltr'>ἒν</span> 
     </span>
    </p>
   </div>
   <div class='ocr_carea' id='block_1_37' title="bbox 306 2397 1024 2470">
    <p class='ocr_par' dir='ltr' id='par_1_37' title="bbox 306 2397 1024 2470">
     <span class='ocr_line' id='line_1_37' title="bbox 306 2397 1024 2470; baseline -0.006 -17"><span class='ocrx_word' id='word_1_260' title='bbox 306 2399 656 2470; x_wconf 68' lang='grc' dir='ltr'>βάπτισμα,</span> <span class='ocrx_word' id='word_1_261' title='bbox 692 2397 790 2469; x_wconf 88' lang='grc' dir='ltr'><strong>μία</strong></span> <span class='ocrx_word' id='word_1_262' title='bbox 819 2398 1024 2460; x_wconf 83' lang='grc' dir='ltr'>πίστις.</span> 
     </span>
    </p>
   </div>
   <div class='ocr_carea' id='block_1_38' title="bbox 2018 1947 3596 2015">
    <p class='ocr_par' dir='ltr' id='par_1_38' title="bbox 2018 1947 3596 2015">
     <span class='ocr_line' id='line_1_38' title="bbox 2018 1947 3596 2015; baseline 0.004 -15"><span class='ocrx_word' id='word_1_263' title='bbox 2018 1954 2120 2012; x_wconf 86' lang='lat' dir='ltr'><strong>ter,</strong></span> <span class='ocrx_word' id='word_1_264' title='bbox 2154 1961 2266 2001; x_wconf 91' lang='lat' dir='ltr'><strong>uno</strong></span> <span class='ocrx_word' id='word_1_265' title='bbox 2296 1948 2536 2002; x_wconf 91' lang='lat' dir='ltr'><strong>nomine.</strong></span> <span class='ocrx_word' id='word_1_266' title='bbox 2580 1947 2728 2003; x_wconf 90' lang='lat' dir='ltr'><strong>Unus</strong></span> <span class='ocrx_word' id='word_1_267' title='bbox 2753 1949 2893 2004; x_wconf 88' lang='lat' dir='ltr'><strong>Deus</strong></span> <span class='ocrx_word' id='word_1_268' title='bbox 2914 1991 2928 2014; x_wconf 94' lang='lat'><strong>,</strong></span> <span class='ocrx_word' id='word_1_269' title='bbox 2968 1949 3134 2004; x_wconf 86' lang='lat' dir='ltr'><strong>Pater</strong></span> <span class='ocrx_word' id='word_1_270' title='bbox 3164 1951 3220 2004; x_wconf 92' lang='lat' dir='ltr'><strong>in</strong></span> <span class='ocrx_word' id='word_1_271' title='bbox 3247 1950 3405 2015; x_wconf 89' lang='lat' dir='ltr'><strong>Filio,</strong></span> <span class='ocrx_word' id='word_1_272' title='bbox 3429 1953 3596 2010; x_wconf 81' lang='lat' dir='ltr'><strong>Filius</strong></span> 
     </span>
    </p>
   </div>
   <div class='ocr_carea' id='block_1_39' title="bbox 2018 2036 3606 2111">
    <p class='ocr_par' dir='ltr' id='par_1_39' title="bbox 2018 2036 3606 2111">
     <span class='ocr_line' id='line_1_39' title="bbox 2018 2036 3606 2111; baseline 0.003 -20"><span class='ocrx_word' id='word_1_273' title='bbox 2018 2037 2074 2091; x_wconf 89' lang='lat' dir='ltr'><strong>in</strong></span> <span class='ocrx_word' id='word_1_274' title='bbox 2112 2036 2275 2092; x_wconf 82' lang='lat' dir='ltr'><strong>Patre</strong></span> <span class='ocrx_word' id='word_1_275' title='bbox 2307 2052 2428 2091; x_wconf 93' lang='lat' dir='ltr'><strong>cum</strong></span> <span class='ocrx_word' id='word_1_276' title='bbox 2467 2049 2654 2094; x_wconf 88' lang='lat' dir='ltr'><strong>sancto</strong></span> <span class='ocrx_word' id='word_1_277' title='bbox 2687 2038 2912 2110; x_wconf 86' lang='lat' dir='ltr'><strong>Spiritu.</strong></span> <span class='ocrx_word' id='word_1_278' title='bbox 2939 2038 3154 2096; x_wconf 87' lang='lat' dir='ltr'><strong>Scimus</strong></span> <span class='ocrx_word' id='word_1_279' title='bbox 3178 2040 3317 2111; x_wconf 89' lang='lat' dir='ltr'><strong>ipsi,</strong></span> <span class='ocrx_word' id='word_1_280' title='bbox 3348 2041 3606 2110; x_wconf 83' lang='lat' dir='ltr'><strong>Patrem,&#39;</strong></span> 
     </span>
    </p>
   </div>
   <div class='ocr_carea' id='block_1_40' title="bbox 2017 2126 3599 2202">
    <p class='ocr_par' dir='ltr' id='par_1_40' title="bbox 2017 2126 3599 2202">
     <span class='ocr_line' id='line_1_40' title="bbox 2017 2126 3599 2202; baseline 0.004 -22"><span class='ocrx_word' id='word_1_281' title='bbox 2017 2127 2273 2191; x_wconf 83' lang='lat' dir='ltr'><strong>Patrem;</strong></span> <span class='ocrx_word' id='word_1_282' title='bbox 2313 2126 2533 2196; x_wconf 90' lang='lat' dir='ltr'><strong>Filium,</strong></span> <span class='ocrx_word' id='word_1_283' title='bbox 2565 2129 2794 2196; x_wconf 85' lang='lat' dir='ltr'><strong>Filium;</strong></span> <span class='ocrx_word' id='word_1_284' title='bbox 2821 2130 3081 2198; x_wconf 84' lang='lat' dir='ltr'><strong>Spiritum</strong></span> <span class='ocrx_word' id='word_1_285' title='bbox 3115 2142 3386 2196; x_wconf 89' lang='lat' dir='ltr'><strong>sanctum,</strong></span> <span class='ocrx_word' id='word_1_286' title='bbox 3422 2129 3599 2202; x_wconf 74' lang='lat' dir='ltr'><strong>Spir!-</strong></span> 
     </span>
    </p>
   </div>
   <div class='ocr_carea' id='block_1_41' title="bbox 2020 2220 3592 2278">
    <p class='ocr_par' dir='ltr' id='par_1_41' title="bbox 2020 2220 3592 2278">
     <span class='ocr_line' id='line_1_41' title="bbox 2020 2220 3592 2278; baseline 0.004 -7"><span class='ocrx_word' id='word_1_287' title='bbox 2020 2225 2132 2272; x_wconf 87' lang='lat' dir='ltr'><strong>tum</strong></span> <span class='ocrx_word' id='word_1_288' title='bbox 2178 2230 2420 2273; x_wconf 89' lang='lat' dir='ltr'><strong>sanctum</strong></span> <span class='ocrx_word' id='word_1_289' title='bbox 2458 2237 2472 2274; x_wconf 88' lang='lat'><strong>:</strong></span> <span class='ocrx_word' id='word_1_290' title='bbox 2509 2220 2824 2275; x_wconf 84' lang='lat' dir='ltr'><strong>Trinitatem</strong></span> <span class='ocrx_word' id='word_1_291' title='bbox 2869 2223 3092 2277; x_wconf 88' lang='lat' dir='ltr'><strong>unitate.</strong></span> <span class='ocrx_word' id='word_1_292' title='bbox 3144 2223 3263 2278; x_wconf 89' lang='lat' dir='ltr'><strong>Una</strong></span> <span class='ocrx_word' id='word_1_293' title='bbox 3309 2224 3454 2277; x_wconf 90' lang='lat' dir='ltr'><strong>enim</strong></span> <span class='ocrx_word' id='word_1_294' title='bbox 3507 2233 3592 2278; x_wconf 90' lang='lat' dir='ltr'><strong>est</strong></span> 
     </span>
    </p>
   </div>
   <div class='ocr_carea' id='block_1_42' title="bbox 2020 2307 3593 2380">
    <p class='ocr_par' dir='ltr' id='par_1_42' title="bbox 2020 2307 3593 2380">
     <span class='ocr_line' id='line_1_42' title="bbox 2020 2307 3593 2380; baseline 0.003 -18"><span class='ocrx_word' id='word_1_295' title='bbox 2020 2308 2198 2362; x_wconf 90' lang='lat' dir='ltr'><strong>unitas</strong></span> <span class='ocrx_word' id='word_1_296' title='bbox 2222 2307 2400 2363; x_wconf 88' lang='lat' dir='ltr'><strong>Patris</strong></span> <span class='ocrx_word' id='word_1_297' title='bbox 2427 2319 2483 2364; x_wconf 91' lang='lat' dir='ltr'><strong>et</strong></span> <span class='ocrx_word' id='word_1_298' title='bbox 2529 2309 2649 2363; x_wconf 88' lang='lat' dir='ltr'><strong>Filii</strong></span> <span class='ocrx_word' id='word_1_299' title='bbox 2684 2319 2738 2366; x_wconf 88' lang='lat' dir='ltr'><strong>et</strong></span> <span class='ocrx_word' id='word_1_300' title='bbox 2780 2309 3016 2380; x_wconf 89' lang='lat' dir='ltr'><strong>Spiritus</strong></span> <span class='ocrx_word' id='word_1_301' title='bbox 3057 2312 3272 2378; x_wconf 88' lang='lat' dir='ltr'><strong>sancti,</strong></span> <span class='ocrx_word' id='word_1_302' title='bbox 3315 2327 3418 2366; x_wconf 89' lang='lat' dir='ltr'><strong>una</strong></span> <span class='ocrx_word' id='word_1_303' title='bbox 3463 2314 3593 2367; x_wconf 87' lang='lat' dir='ltr'><strong>sub-</strong></span> 
     </span>
    </p>
   </div>
   <div class='ocr_carea' id='block_1_43' title="bbox 2018 2399 3590 2468">
    <p class='ocr_par' dir='ltr' id='par_1_43' title="bbox 2018 2399 3590 2468">
     <span class='ocr_line' id='line_1_43' title="bbox 2018 2399 3590 2468; baseline 0.006 -14"><span class='ocrx_word' id='word_1_304' title='bbox 2018 2401 2248 2466; x_wconf 75' lang='lat' dir='ltr'><strong>Stantia,</strong></span> <span class='ocrx_word' id='word_1_305' title='bbox 2277 2416 2380 2454; x_wconf 88' lang='lat' dir='ltr'><strong>una</strong></span> <span class='ocrx_word' id='word_1_306' title='bbox 2405 2401 2721 2468; x_wconf 89' lang='lat' dir='ltr'><strong>dominatio,</strong></span> <span class='ocrx_word' id='word_1_307' title='bbox 2751 2417 2858 2456; x_wconf 89' lang='lat' dir='ltr'><strong>una</strong></span> <span class='ocrx_word' id='word_1_308' title='bbox 2891 2402 3160 2462; x_wconf 82' lang='lat' dir='ltr'><strong>voluntas.</strong></span> <span class='ocrx_word' id='word_1_309' title='bbox 3187 2419 3292 2458; x_wconf 89' lang='lat' dir='ltr'><strong>una</strong></span> <span class='ocrx_word' id='word_1_310' title='bbox 3328 2399 3590 2464; x_wconf 66' lang='lat' dir='ltr'><strong>Ecclesia.</strong></span> 
     </span>
    </p>
   </div>
   <div class='ocr_carea' id='block_1_44' title="bbox 2015 2488 2832 2558">
    <p class='ocr_par' dir='ltr' id='par_1_44' title="bbox 2015 2488 2832 2558">
     <span class='ocr_line' id='line_1_44' title="bbox 2015 2488 2832 2558; baseline 0.005 -17"><span class='ocrx_word' id='word_1_311' title='bbox 2015 2503 2179 2542; x_wconf 86' lang='lat' dir='ltr'><strong>unum</strong></span> <span class='ocrx_word' id='word_1_312' title='bbox 2219 2489 2506 2558; x_wconf 88' lang='lat' dir='ltr'><strong>baptisma,</strong></span> <span class='ocrx_word' id='word_1_313' title='bbox 2535 2504 2641 2543; x_wconf 92' lang='lat' dir='ltr'><strong>una</strong></span> <span class='ocrx_word' id='word_1_314' title='bbox 2678 2488 2832 2546; x_wconf 93' lang='lat' dir='ltr'><strong>ﬁdes.</strong></span> 
     </span>
    </p>
   </div>
   <div class='ocr_carea' id='block_1_45' title="bbox 1207 2600 2716 2670">
    <p class='ocr_par' dir='ltr' id='par_1_45' title="bbox 1207 2600 2716 2670">
     <span class='ocr_line' id='line_1_45' title="bbox 1207 2600 2716 2670; baseline -0.002 -14"><span class='ocrx_word' id='word_1_315' title='bbox 1207 2601 1296 2658; x_wconf 73' lang='lat' dir='ltr'><strong>Ex</strong></span> <span class='ocrx_word' id='word_1_316' title='bbox 1323 2605 1497 2660; x_wconf 90' lang='lat' dir='ltr'><strong>sacris</strong></span> <span class='ocrx_word' id='word_1_317' title='bbox 1526 2603 1806 2662; x_wconf 84' lang='lat' dir='ltr'><strong>Parallelis</strong></span> <span class='ocrx_word' id='word_1_318' title='bbox 1836 2601 2167 2666; x_wconf 81' lang='lat' dir='ltr'><strong>Damasceni,</strong></span> <span class='ocrx_word' id='word_1_319' title='bbox 2198 2609 2324 2654; x_wconf 87' lang='lat' dir='ltr'><strong>tant.</strong></span> <span class='ocrx_word' id='word_1_320' title='bbox 2354 2600 2417 2664; x_wconf 89' lang='lat' dir='ltr'><strong>ll,</strong></span> <span class='ocrx_word' id='word_1_321' title='bbox 2446 2619 2568 2670; x_wconf 83' lang='lat' dir='ltr'><strong>pag.</strong></span> <span class='ocrx_word' id='word_1_322' title='bbox 2591 2600 2716 2655; x_wconf 72' lang='lat'><strong>299.</strong></span> 
     </span>
    </p>
   </div>
   <div class='ocr_carea' id='block_1_46' title="bbox 954 2721 1304 2776">
    <p class='ocr_par' dir='ltr' id='par_1_46' title="bbox 954 2721 1304 2776">
     <span class='ocr_line' id='line_1_46' title="bbox 954 2721 1304 2776; baseline 0.003 -1"><span class='ocrx_word' id='word_1_323' title='bbox 954 2721 1063 2775; x_wconf 86' lang='grc' dir='ltr'><strong>Τοῦ</strong></span> <span class='ocrx_word' id='word_1_324' title='bbox 1095 2721 1304 2776; x_wconf 84' lang='grc' dir='ltr'>αὑτοῦ.</span> 
     </span>
    </p>
   </div>
   <div class='ocr_carea' id='block_1_47' title="bbox 300 2811 1908 2884">
    <p class='ocr_par' dir='ltr' id='par_1_47' title="bbox 300 2811 1908 2884">
     <span class='ocr_line' id='line_1_47' title="bbox 300 2811 1908 2884; baseline 0 -18"><span class='ocrx_word' id='word_1_325' title='bbox 300 2817 306 2823; x_wconf 87' lang='grc'><em>”</em></span> <span class='ocrx_word' id='word_1_326' title='bbox 400 2813 525 2866; x_wconf 80' lang='grc' dir='ltr'>Μία</span> <span class='ocrx_word' id='word_1_327' title='bbox 548 2811 676 2877; x_wconf 81' lang='grc' dir='ltr'>δόξα</span> <span class='ocrx_word' id='word_1_328' title='bbox 703 2811 916 2882; x_wconf 84' lang='grc' dir='ltr'>Πατρὸς</span> <span class='ocrx_word' id='word_1_329' title='bbox 945 2813 1037 2864; x_wconf 72' lang='grc' dir='ltr'><strong>καὶ</strong></span> <span class='ocrx_word' id='word_1_330' title='bbox 1066 2811 1195 2865; x_wconf 85' lang='grc' dir='ltr'>Υίοῦ</span> <span class='ocrx_word' id='word_1_331' title='bbox 1239 2813 1334 2864; x_wconf 69' lang='grc' dir='ltr'><strong>καὶ</strong></span> <span class='ocrx_word' id='word_1_332' title='bbox 1375 2813 1531 2880; x_wconf 82' lang='grc' dir='ltr'>ἁγίου</span> <span class='ocrx_word' id='word_1_333' title='bbox 1568 2814 1908 2884; x_wconf 81' lang='grc' dir='ltr'>Πνεύματος.</span> 
     </span>
    </p>
   </div>
   <div class='ocr_carea' id='block_1_48' title="bbox 325 2897 1914 2971">
    <p class='ocr_par' dir='ltr' id='par_1_48' title="bbox 325 2897 1914 2971">
     <span class='ocr_line' id='line_1_48' title="bbox 325 2897 1914 2971; baseline 0.003 -19"><span class='ocrx_word' id='word_1_334' title='bbox 325 2898 463 2966; x_wconf 77' lang='grc' dir='ltr'><strong>Τὴν</strong></span> <span class='ocrx_word' id='word_1_335' title='bbox 497 2897 688 2962; x_wconf 77' lang='grc' dir='ltr'>δόξαν</span> <span class='ocrx_word' id='word_1_336' title='bbox 719 2900 826 2967; x_wconf 86' lang='grc' dir='ltr'>γάρ</span> <span class='ocrx_word' id='word_1_337' title='bbox 855 2916 1007 2968; x_wconf 85' lang='grc' dir='ltr'>μου,</span> <span class='ocrx_word' id='word_1_338' title='bbox 1057 2901 1252 2971; x_wconf 74' lang='grc' dir='ltr'>φησὶν,</span> <span class='ocrx_word' id='word_1_339' title='bbox 1287 2900 1464 2968; x_wconf 69' lang='grc' dir='ltr'><strong>ἑτέρῳ</strong></span> <span class='ocrx_word' id='word_1_340' title='bbox 1498 2903 1570 2954; x_wconf 84' lang='grc' dir='ltr'>οὺ</span> <span class='ocrx_word' id='word_1_341' title='bbox 1602 2901 1791 2956; x_wconf 82' lang='grc' dir='ltr'>δώσω.</span> <span class='ocrx_word' id='word_1_342' title='bbox 1839 2904 1914 2956; x_wconf 79' lang='grc' dir='ltr'><strong>Οὐ</strong></span> 
     </span>
    </p>
   </div>
   <div class='ocr_carea' id='block_1_49' title="bbox 320 2990 1916 3061">
    <p class='ocr_par' dir='ltr' id='par_1_49' title="bbox 320 2990 1916 3061">
     <span class='ocr_line' id='line_1_49' title="bbox 320 2990 1916 3061; baseline 0.004 -19"><span class='ocrx_word' id='word_1_343' title='bbox 320 2990 448 3060; x_wconf 78' lang='grc' dir='ltr'>γάρ</span> <span class='ocrx_word' id='word_1_344' title='bbox 483 2991 602 3041; x_wconf 81' lang='grc' dir='ltr'>ἐστι</span> <span class='ocrx_word' id='word_1_345' title='bbox 629 2990 883 3060; x_wconf 82' lang='grc' dir='ltr'>δεύτερος</span> <span class='ocrx_word' id='word_1_346' title='bbox 911 2990 1042 3054; x_wconf 78' lang='grc' dir='ltr'>Θεὸς</span> <span class='ocrx_word' id='word_1_347' title='bbox 1069 2994 1098 3044; x_wconf 90' lang='grc' dir='ltr'><strong>ὁ</strong></span> <span class='ocrx_word' id='word_1_348' title='bbox 1125 2993 1272 3056; x_wconf 77' lang='grc' dir='ltr'><strong>Υἱὸς,</strong></span> <span class='ocrx_word' id='word_1_349' title='bbox 1299 2992 1434 3046; x_wconf 81' lang='grc' dir='ltr'>ἀλλὰ</span> <span class='ocrx_word' id='word_1_350' title='bbox 1467 2995 1639 3061; x_wconf 87' lang='grc' dir='ltr'>Λόγος</span> <span class='ocrx_word' id='word_1_351' title='bbox 1677 2996 1770 3048; x_wconf 77' lang='grc' dir='ltr'><strong>τοῦ</strong></span> <span class='ocrx_word' id='word_1_352' title='bbox 1798 2996 1916 3059; x_wconf 73' lang='grc' dir='ltr'>ἐνὸς</span> 
     </span>
    </p>
   </div>
   <div class='ocr_carea' id='block_1_50' title="bbox 320 3083 1914 3159">
    <p class='ocr_par' dir='ltr' id='par_1_50' title="bbox 320 3083 1914 3159">
     <span class='ocr_line' id='line_1_50' title="bbox 320 3083 1914 3159; baseline 0.004 -25"><span class='ocrx_word' id='word_1_353' title='bbox 320 3083 431 3135; x_wconf 81' lang='grc' dir='ltr'>καὶ</span> <span class='ocrx_word' id='word_1_354' title='bbox 467 3083 632 3152; x_wconf 73' lang='grc' dir='ltr'>μόνον</span> <span class='ocrx_word' id='word_1_355' title='bbox 672 3083 808 3136; x_wconf 83' lang='grc' dir='ltr'>Θεοῦ</span> <span class='ocrx_word' id='word_1_356' title='bbox 831 3123 845 3147; x_wconf 91' lang='grc'><em>,</em></span> <span class='ocrx_word' id='word_1_357' title='bbox 883 3084 1302 3154; x_wconf 84' lang='grc' dir='ltr'>θεολογούμενος</span> <span class='ocrx_word' id='word_1_358' title='bbox 1337 3087 1396 3137; x_wconf 84' lang='grc' dir='ltr'>ὲν</span> <span class='ocrx_word' id='word_1_359' title='bbox 1448 3089 1657 3159; x_wconf 77' lang='grc' dir='ltr'>Πατρὶ,</span> <span class='ocrx_word' id='word_1_360' title='bbox 1699 3089 1775 3151; x_wconf 82' lang='grc' dir='ltr'>ὡς</span> <span class='ocrx_word' id='word_1_361' title='bbox 1821 3089 1914 3141; x_wconf 78' lang='grc' dir='ltr'><strong>καὶ</strong></span> 
     </span>
    </p>
   </div>
   <div class='ocr_carea' id='block_1_51' title="bbox 318 3173 1911 3246">
    <p class='ocr_par' dir='ltr' id='par_1_51' title="bbox 318 3173 1911 3246">
     <span class='ocr_line' id='line_1_51' title="bbox 318 3173 1911 3246; baseline 0.004 -21"><span class='ocrx_word' id='word_1_362' title='bbox 318 3175 529 3245; x_wconf 71' lang='grc' dir='ltr'>Πατὴρ</span> <span class='ocrx_word' id='word_1_363' title='bbox 549 3175 606 3226; x_wconf 86' lang='grc' dir='ltr'>ὲν</span> <span class='ocrx_word' id='word_1_364' title='bbox 636 3173 747 3244; x_wconf 79' lang='grc' dir='ltr'><strong>Υίῷ</strong></span> <span class='ocrx_word' id='word_1_365' title='bbox 770 3175 1118 3242; x_wconf 77' lang='grc' dir='ltr'>θεολογετται.</span> <span class='ocrx_word' id='word_1_366' title='bbox 1146 3175 1344 3239; x_wconf 81' lang='grc' dir='ltr'>Καθὼς</span> <span class='ocrx_word' id='word_1_367' title='bbox 1370 3178 1462 3229; x_wconf 74' lang='grc' dir='ltr'><strong>καὶ</strong></span> <span class='ocrx_word' id='word_1_368' title='bbox 1496 3178 1720 3241; x_wconf 78' lang='grc' dir='ltr'>Ἡσαΐας</span> <span class='ocrx_word' id='word_1_369' title='bbox 1743 3179 1911 3246; x_wconf 80' lang='grc' dir='ltr'><strong>λέγει,</strong></span> 
     </span>
    </p>
   </div>
   <div class='ocr_carea' id='block_1_52' title="bbox 319 3261 1913 3334">
    <p class='ocr_par' dir='ltr' id='par_1_52' title="bbox 319 3261 1913 3334">
     <span class='ocr_line' id='line_1_52' title="bbox 319 3261 1913 3334; baseline 0.004 -20"><span class='ocrx_word' id='word_1_370' title='bbox 319 3261 605 3330; x_wconf 80' lang='grc' dir='ltr'>θεολογῶν</span> <span class='ocrx_word' id='word_1_371' title='bbox 621 3263 742 3315; x_wconf 79' lang='grc' dir='ltr'>Υίὸν</span> <span class='ocrx_word' id='word_1_372' title='bbox 765 3265 860 3315; x_wconf 72' lang='grc' dir='ltr'><strong>σὺν</strong></span> <span class='ocrx_word' id='word_1_373' title='bbox 884 3265 1055 3334; x_wconf 86' lang='grc' dir='ltr'>Πατρί</span> <span class='ocrx_word' id='word_1_374' title='bbox 1076 3281 1088 3292; x_wconf 91' lang='grc'><strong>·</strong></span> <span class='ocrx_word' id='word_1_375' title='bbox 1113 3265 1627 3333; x_wconf 76' lang='grc' dir='ltr'>Προσκυνήσουσί</span> <span class='ocrx_word' id='word_1_376' title='bbox 1669 3283 1791 3331; x_wconf 79' lang='grc' dir='ltr'>σοι,</span> <span class='ocrx_word' id='word_1_377' title='bbox 1814 3269 1913 3320; x_wconf 78' lang='grc' dir='ltr'>καὶ</span> 
     </span>
    </p>
   </div>
   <div class='ocr_carea' id='block_1_53' title="bbox 319 3355 1915 3423">
    <p class='ocr_par' dir='ltr' id='par_1_53' title="bbox 319 3355 1915 3423">
     <span class='ocr_line' id='line_1_53' title="bbox 319 3355 1915 3423; baseline 0.003 -15"><span class='ocrx_word' id='word_1_378' title='bbox 319 3356 399 3408; x_wconf 77' lang='grc' dir='ltr'><strong>ἐν</strong></span> <span class='ocrx_word' id='word_1_379' title='bbox 459 3355 566 3408; x_wconf 70' lang='grc' dir='ltr'>σοι</span> <span class='ocrx_word' id='word_1_380' title='bbox 614 3355 1073 3422; x_wconf 77' lang='grc' dir='ltr'>προσεύξονται·</span> <span class='ocrx_word' id='word_1_381' title='bbox 1125 3358 1213 3410; x_wconf 80' lang='grc' dir='ltr'><strong>ὅτι</strong></span> <span class='ocrx_word' id='word_1_382' title='bbox 1269 3359 1341 3411; x_wconf 79' lang='grc' dir='ltr'><strong>ἐν</strong></span> <span class='ocrx_word' id='word_1_383' title='bbox 1392 3358 1492 3409; x_wconf 77' lang='grc' dir='ltr'>σοὶ</span> <span class='ocrx_word' id='word_1_384' title='bbox 1540 3361 1573 3410; x_wconf 83' lang='grc' dir='ltr'><strong>ό</strong></span> <span class='ocrx_word' id='word_1_385' title='bbox 1621 3359 1763 3423; x_wconf 73' lang='grc' dir='ltr'>Θεὸς</span> <span class='ocrx_word' id='word_1_386' title='bbox 1807 3361 1915 3414; x_wconf 81' lang='grc' dir='ltr'><strong>τοῦ</strong></span> 
     </span>
    </p>
   </div>
   <div class='ocr_carea' id='block_1_54' title="bbox 333 3444 1913 3517">
    <p class='ocr_par' dir='ltr' id='par_1_54' title="bbox 333 3444 1913 3517">
     <span class='ocr_line' id='line_1_54' title="bbox 333 3444 1913 3517; baseline 0.001 -19"><span class='ocrx_word' id='word_1_387' title='bbox 333 3444 628 3512; x_wconf 73' lang='grc' dir='ltr'>Ἰσραὴλ,</span> <span class='ocrx_word' id='word_1_388' title='bbox 664 3446 887 3514; x_wconf 80' lang='grc' dir='ltr'><strong>Σωτήρ.</strong></span> <span class='ocrx_word' id='word_1_389' title='bbox 927 3448 1452 3516; x_wconf 76' lang='grc' dir='ltr'>Αἱσχυνθήσονται</span> <span class='ocrx_word' id='word_1_390' title='bbox 1493 3448 1591 3499; x_wconf 77' lang='grc' dir='ltr'>καὶ</span> <span class='ocrx_word' id='word_1_391' title='bbox 1623 3449 1913 3517; x_wconf 75' lang='grc' dir='ltr'><strong>ἐντραπή-</strong></span> 
     </span>
    </p>
   </div>
   <div class='ocr_carea' id='block_1_55' title="bbox 319 3537 1914 3610">
    <p class='ocr_par' dir='ltr' id='par_1_55' title="bbox 319 3537 1914 3610">
     <span class='ocr_line' id='line_1_55' title="bbox 319 3537 1914 3610; baseline 0 -20"><span class='ocrx_word' id='word_1_392' title='bbox 319 3552 549 3591; x_wconf 80' lang='grc' dir='ltr'>σονται</span> <span class='ocrx_word' id='word_1_393' title='bbox 577 3537 803 3604; x_wconf 77' lang='grc' dir='ltr'><strong>πάντες</strong></span> <span class='ocrx_word' id='word_1_394' title='bbox 828 3540 877 3591; x_wconf 86' lang='grc' dir='ltr'>οἱ</span> <span class='ocrx_word' id='word_1_395' title='bbox 911 3541 1274 3609; x_wconf 82' lang='grc' dir='ltr'>ἀντικείμενοι</span> <span class='ocrx_word' id='word_1_396' title='bbox 1317 3537 1490 3608; x_wconf 79' lang='grc' dir='ltr'>αὐτῷ,</span> <span class='ocrx_word' id='word_1_397' title='bbox 1517 3540 1564 3590; x_wconf 81' lang='lat' dir='ltr'><strong>oi</strong></span> <span class='ocrx_word' id='word_1_398' title='bbox 1609 3539 1682 3610; x_wconf 75' lang='grc' dir='ltr'>μὴ</span> <span class='ocrx_word' id='word_1_399' title='bbox 1725 3539 1914 3608; x_wconf 85' lang='grc' dir='ltr'>ὁμολο-</span> 
     </span>
    </p>
   </div>
   <div class='ocr_carea' id='block_1_56' title="bbox 319 3626 1916 3700">
    <p class='ocr_par' dir='ltr' id='par_1_56' title="bbox 319 3626 1916 3700">
     <span class='ocr_line' id='line_1_56' title="bbox 319 3626 1916 3700; baseline -0.002 -20"><span class='ocrx_word' id='word_1_400' title='bbox 319 3627 560 3696; x_wconf 83' lang='grc' dir='ltr'>γοῦντες</span> <span class='ocrx_word' id='word_1_401' title='bbox 591 3628 740 3698; x_wconf 85' lang='grc' dir='ltr'>αὑτῷ</span> <span class='ocrx_word' id='word_1_402' title='bbox 758 3667 772 3690; x_wconf 91' lang='grc'><em>,</em></span> <span class='ocrx_word' id='word_1_403' title='bbox 808 3629 902 3681; x_wconf 68' lang='grc' dir='ltr'><strong>καὶ</strong></span> <span class='ocrx_word' id='word_1_404' title='bbox 930 3628 988 3680; x_wconf 83' lang='grc' dir='ltr'><strong>τὺ</strong></span> <span class='ocrx_word' id='word_1_405' title='bbox 1031 3629 1252 3700; x_wconf 81' lang='grc' dir='ltr'>Πνεῦμα</span> <span class='ocrx_word' id='word_1_406' title='bbox 1285 3629 1450 3682; x_wconf 79' lang='grc' dir='ltr'>αὑτοῦ</span> <span class='ocrx_word' id='word_1_407' title='bbox 1471 3668 1486 3693; x_wconf 86' lang='grc'><strong><em>,</em></strong></span> <span class='ocrx_word' id='word_1_408' title='bbox 1514 3628 1615 3698; x_wconf 83' lang='grc' dir='ltr'><strong>τῆς</strong></span> <span class='ocrx_word' id='word_1_409' title='bbox 1645 3628 1816 3697; x_wconf 82' lang='grc' dir='ltr'>αὐτῆς</span> <span class='ocrx_word' id='word_1_410' title='bbox 1840 3626 1916 3697; x_wconf 81' lang='grc' dir='ltr'><strong>τῷ</strong></span> 
     </span>
    </p>
   </div>
   <div class='ocr_carea' id='block_1_57' title="bbox 321 3717 1674 3793">
    <p class='ocr_par' dir='ltr' id='par_1_57' title="bbox 321 3717 1674 3793">
     <span class='ocr_line' id='line_1_57' title="bbox 321 3717 1674 3793; baseline 0.002 -22"><span class='ocrx_word' id='word_1_411' title='bbox 321 3717 454 3789; x_wconf 80' lang='grc' dir='ltr'>Υἱῴ</span> <span class='ocrx_word' id='word_1_412' title='bbox 482 3720 689 3786; x_wconf 81' lang='grc' dir='ltr'>οὐσίας,</span> <span class='ocrx_word' id='word_1_413' title='bbox 719 3720 814 3773; x_wconf 68' lang='grc' dir='ltr'><strong>κα)⁸</strong></span> <span class='ocrx_word' id='word_1_414' title='bbox 846 3720 982 3793; x_wconf 80' lang='grc' dir='ltr'><strong>πλὴν</strong></span> <span class='ocrx_word' id='word_1_415' title='bbox 1011 3721 1174 3774; x_wconf 75' lang='grc' dir='ltr'>αὑτοῦ</span> <span class='ocrx_word' id='word_1_416' title='bbox 1361 3719 1496 3776; x_wconf 76' lang='grc' dir='ltr'>εἶναι</span> <span class='ocrx_word' id='word_1_417' title='bbox 1523 3721 1674 3774; x_wconf 76' lang='grc' dir='ltr'>Θεὸν.</span> 
     </span>
    </p>
   </div>
   <div class='ocr_carea' id='block_1_58' title="bbox 398 3810 1911 3882">
    <p class='ocr_par' dir='ltr' id='par_1_58' title="bbox 398 3810 1911 3882">
     <span class='ocr_line' id='line_1_58' title="bbox 398 3810 1911 3882; baseline -0.001 -17"><span class='ocrx_word' id='word_1_418' title='bbox 398 3812 517 3865; x_wconf 73' lang='grc' dir='ltr'><strong>Οὐκ</strong></span> <span class='ocrx_word' id='word_1_419' title='bbox 551 3810 699 3864; x_wconf 78' lang='grc' dir='ltr'>ἐστιν</span> <span class='ocrx_word' id='word_1_420' title='bbox 731 3812 906 3864; x_wconf 73' lang='grc' dir='ltr'>οὕτωσ</span> <span class='ocrx_word' id='word_1_421' title='bbox 940 3812 1015 3882; x_wconf 80' lang='grc' dir='ltr'>μὴ</span> <span class='ocrx_word' id='word_1_422' title='bbox 1054 3812 1296 3878; x_wconf 79' lang='grc' dir='ltr'>γένοιτοί</span> <span class='ocrx_word' id='word_1_423' title='bbox 1328 3814 1440 3864; x_wconf 77' lang='grc' dir='ltr'><strong>Οὐκ</strong></span> <span class='ocrx_word' id='word_1_424' title='bbox 1476 3813 1591 3866; x_wconf 75' lang='grc' dir='ltr'>ἔστι</span> <span class='ocrx_word' id='word_1_425' title='bbox 1621 3811 1851 3882; x_wconf 79' lang='grc' dir='ltr'>γεννητὴ</span> <span class='ocrx_word' id='word_1_426' title='bbox 1878 3812 1911 3881; x_wconf 83' lang='grc' dir='ltr'>ἡ</span> 
     </span>
    </p>
   </div>
   <div class='ocr_carea' id='block_1_59' title="bbox 313 3903 1913 3975">
    <p class='ocr_par' dir='ltr' id='par_1_59' title="bbox 313 3903 1913 3975">
     <span class='ocr_line' id='line_1_59' title="bbox 313 3903 1913 3975; baseline -0.002 -16"><span class='ocrx_word' id='word_1_427' title='bbox 313 3905 536 3975; x_wconf 80' lang='grc' dir='ltr'>Τριὰς,</span> <span class='ocrx_word' id='word_1_428' title='bbox 595 3903 710 3956; x_wconf 74' lang='grc' dir='ltr'>ἀλλ’</span> <span class='ocrx_word' id='word_1_429' title='bbox 745 3903 946 3965; x_wconf 77' lang='grc' dir='ltr'>ἀΐδιος·</span> <span class='ocrx_word' id='word_1_430' title='bbox 980 3903 1075 3954; x_wconf 79' lang='grc' dir='ltr'><strong>καὶ</strong></span> <span class='ocrx_word' id='word_1_431' title='bbox 1122 3903 1219 3972; x_wconf 86' lang='grc' dir='ltr'><strong>μία</strong></span> <span class='ocrx_word' id='word_1_432' title='bbox 1257 3903 1444 3973; x_wconf 78' lang='grc' dir='ltr'>θεότης</span> <span class='ocrx_word' id='word_1_433' title='bbox 1470 3905 1526 3956; x_wconf 78' lang='grc' dir='ltr'><strong>ἐν</strong></span> <span class='ocrx_word' id='word_1_434' title='bbox 1565 3905 1783 3974; x_wconf 82' lang='grc' dir='ltr'>Τριάδι,</span> <span class='ocrx_word' id='word_1_435' title='bbox 1819 3904 1913 3956; x_wconf 77' lang='grc' dir='ltr'><strong>καὶ</strong></span> 
     </span>
    </p>
   </div>
   <div class='ocr_carea' id='block_1_60' title="bbox 315 3992 1913 4066">
    <p class='ocr_par' dir='ltr' id='par_1_60' title="bbox 315 3992 1913 4066">
     <span class='ocr_line' id='line_1_60' title="bbox 315 3992 1913 4066; baseline -0.001 -20"><span class='ocrx_word' id='word_1_436' title='bbox 315 3997 425 4066; x_wconf 79' lang='grc' dir='ltr'><strong>μία</strong></span> <span class='ocrx_word' id='word_1_437' title='bbox 459 3993 590 4057; x_wconf 82' lang='grc' dir='ltr'>δόξα</span> <span class='ocrx_word' id='word_1_438' title='bbox 617 3993 719 4064; x_wconf 79' lang='grc' dir='ltr'><strong>τῆς</strong></span> <span class='ocrx_word' id='word_1_439' title='bbox 752 3994 918 4060; x_wconf 85' lang='grc' dir='ltr'>ἁγίας</span> <span class='ocrx_word' id='word_1_440' title='bbox 961 3992 1210 4062; x_wconf 79' lang='grc' dir='ltr'>Τριάδος.</span> <span class='ocrx_word' id='word_1_441' title='bbox 1247 3993 1356 4044; x_wconf 77' lang='grc' dir='ltr'>Καὶ</span> <span class='ocrx_word' id='word_1_442' title='bbox 1399 3993 1603 4062; x_wconf 78' lang='grc' dir='ltr'>σχίζειν</span> <span class='ocrx_word' id='word_1_443' title='bbox 1633 3993 1802 4063; x_wconf 78' lang='grc' dir='ltr'>αὐτὴν</span> <span class='ocrx_word' id='word_1_444' title='bbox 1833 3994 1913 4056; x_wconf 87' lang='grc' dir='ltr'><strong>είς</strong></span> 
     </span>
    </p>
   </div>
   <div class='ocr_carea' id='block_1_61' title="bbox 310 4081 1914 4155">
    <p class='ocr_par' dir='ltr' id='par_1_61' title="bbox 310 4081 1914 4155">
     <span class='ocr_line' id='line_1_61' title="bbox 310 4081 1914 4155; baseline -0.001 -17"><span class='ocrx_word' id='word_1_445' title='bbox 310 4085 624 4155; x_wconf 73' lang='grc' dir='ltr'>διαφόρους</span> <span class='ocrx_word' id='word_1_446' title='bbox 657 4083 852 4152; x_wconf 68' lang='grc' dir='ltr'>φύσεις</span> <span class='ocrx_word' id='word_1_447' title='bbox 886 4081 1152 4150; x_wconf 56' lang='lat' dir='ltr'><strong>culpata;</strong></span> <span class='ocrx_word' id='word_1_448' title='bbox 1187 4083 1349 4153; x_wconf 81' lang='grc' dir='ltr'>Μόνῳ</span> <span class='ocrx_word' id='word_1_449' title='bbox 1377 4082 1494 4153; x_wconf 81' lang='grc' dir='ltr'>Θεῷ</span> <span class='ocrx_word' id='word_1_450' title='bbox 1533 4084 1789 4154; x_wconf 85' lang='grc' dir='ltr'>ἁρμόττει</span> <span class='ocrx_word' id='word_1_451' title='bbox 1827 4082 1914 4136; x_wconf 84' lang='grc' dir='ltr'><strong>λέ-</strong></span> 
     </span>
    </p>
   </div>
   <div class='ocr_carea' id='block_1_62' title="bbox 309 4172 1913 4245">
    <p class='ocr_par' dir='ltr' id='par_1_62' title="bbox 309 4172 1913 4245">
     <span class='ocr_line' id='line_1_62' title="bbox 309 4172 1913 4245; baseline -0.001 -17"><span class='ocrx_word' id='word_1_452' title='bbox 309 4193 442 4245; x_wconf 87' lang='grc' dir='ltr'>γειν</span> <span class='ocrx_word' id='word_1_453' title='bbox 487 4175 551 4228; x_wconf 77' lang='grc' dir='ltr'><strong>τὸ</strong></span> <span class='ocrx_word' id='word_1_454' title='bbox 591 4175 760 4245; x_wconf 77' lang='grc' dir='ltr'>ἐμόν.</span> <span class='ocrx_word' id='word_1_455' title='bbox 805 4173 984 4226; x_wconf 79' lang='grc' dir='ltr'>Αὑτοῦ</span> <span class='ocrx_word' id='word_1_456' title='bbox 1031 4173 1139 4244; x_wconf 83' lang='grc' dir='ltr'>γὰρ</span> <span class='ocrx_word' id='word_1_457' title='bbox 1183 4173 1344 4243; x_wconf 83' lang='grc' dir='ltr'>μόνου</span> <span class='ocrx_word' id='word_1_458' title='bbox 1386 4172 1553 4236; x_wconf 77' lang='grc' dir='ltr'>ὄντως</span> <span class='ocrx_word' id='word_1_459' title='bbox 1596 4174 1778 4243; x_wconf 79' lang='grc' dir='ltr'>κτῆμα</span> <span class='ocrx_word' id='word_1_460' title='bbox 1845 4172 1913 4226; x_wconf 77' lang='grc' dir='ltr'><strong>τὰ</strong></span> 
     </span>
    </p>
   </div>
   <div class='ocr_carea' id='block_1_63' title="bbox 307 4264 528 4320">
    <p class='ocr_par' dir='ltr' id='par_1_63' title="bbox 307 4264 528 4320">
     <span class='ocr_line' id='line_1_63' title="bbox 307 4264 528 4320; baseline 0.018 -4"><span class='ocrx_word' id='word_1_461' title='bbox 307 4264 528 4320; x_wconf 76' lang='grc' dir='ltr'>πάντα.</span> 
     </span>
    </p>
   </div>
   <div class='ocr_carea' id='block_1_64' title="bbox 2682 2714 2947 2783">
    <p class='ocr_par' dir='ltr' id='par_1_64' title="bbox 2682 2714 2947 2783">
     <span class='ocr_line' id='line_1_64' title="bbox 2682 2714 2947 2783; baseline 0.023 -17"><span class='ocrx_word' id='word_1_462' title='bbox 2682 2714 2947 2783; x_wconf 80' lang='lat' dir='ltr'><strong>Ejusdem.</strong></span> 
     </span>
    </p>
   </div>
   <div class='ocr_carea' id='block_1_65' title="bbox 2100 2805 3595 2876">
    <p class='ocr_par' dir='ltr' id='par_1_65' title="bbox 2100 2805 3595 2876">
     <span class='ocr_line' id='line_1_65' title="bbox 2100 2805 3595 2876; baseline -0.001 -13"><span class='ocrx_word' id='word_1_463' title='bbox 2100 2808 2212 2863; x_wconf 82' lang='lat' dir='ltr'><strong>Una</strong></span> <span class='ocrx_word' id='word_1_464' title='bbox 2246 2815 2332 2864; x_wconf 87' lang='lat' dir='ltr'><strong>est</strong></span> <span class='ocrx_word' id='word_1_465' title='bbox 2372 2805 2538 2876; x_wconf 76' lang='lat' dir='ltr'><strong>gloria</strong></span> <span class='ocrx_word' id='word_1_466' title='bbox 2566 2805 2745 2860; x_wconf 80' lang='lat' dir='ltr'><strong>Patris</strong></span> <span class='ocrx_word' id='word_1_467' title='bbox 2780 2816 2834 2860; x_wconf 92' lang='lat' dir='ltr'><strong>et</strong></span> <span class='ocrx_word' id='word_1_468' title='bbox 2872 2805 2994 2859; x_wconf 85' lang='lat' dir='ltr'><strong>Filii</strong></span> <span class='ocrx_word' id='word_1_469' title='bbox 3030 2815 3084 2860; x_wconf 85' lang='lat' dir='ltr'><strong>et</strong></span> <span class='ocrx_word' id='word_1_470' title='bbox 3125 2805 3361 2876; x_wconf 90' lang='lat' dir='ltr'><strong>Spiritus</strong></span> <span class='ocrx_word' id='word_1_471' title='bbox 3401 2809 3595 2862; x_wconf 71' lang='lat' dir='ltr'><strong>sancti.</strong></span> 
     </span>
    </p>
   </div>
   <div class='ocr_carea' id='block_1_66' title="bbox 2023 2897 3596 2968">
    <p class='ocr_par' dir='ltr' id='par_1_66' title="bbox 2023 2897 3596 2968">
     <span class='ocr_line' id='line_1_66' title="bbox 2023 2897 3596 2968; baseline 0 -16"><span class='ocrx_word' id='word_1_472' title='bbox 2023 2898 2260 2953; x_wconf 78' lang='lat' dir='ltr'><strong>Gloriam</strong></span> <span class='ocrx_word' id='word_1_473' title='bbox 2289 2899 2430 2952; x_wconf 88' lang='lat' dir='ltr'><strong>enim</strong></span> <span class='ocrx_word' id='word_1_474' title='bbox 2464 2915 2652 2964; x_wconf 85' lang='lat' dir='ltr'><strong>meam,</strong></span> <span class='ocrx_word' id='word_1_475' title='bbox 2683 2897 2887 2968; x_wconf 85' lang='lat' dir='ltr'><strong>inquit,</strong></span> <span class='ocrx_word' id='word_1_476' title='bbox 2913 2897 3064 2951; x_wconf 81' lang='lat' dir='ltr'><strong>alteri</strong></span> <span class='ocrx_word' id='word_1_477' title='bbox 3099 2914 3200 2951; x_wconf 87' lang='lat' dir='ltr'><strong>non</strong></span> <span class='ocrx_word' id='word_1_478' title='bbox 3231 2898 3364 2951; x_wconf 81' lang='lat' dir='ltr'><strong>dabo</strong></span> <span class='ocrx_word' id='word_1_479' title='bbox 3379 2897 3446 2950; x_wconf 85' lang='lat'><strong>&quot;.</strong></span> <span class='ocrx_word' id='word_1_480' title='bbox 3483 2897 3596 2952; x_wconf 80' lang='lat' dir='ltr'><strong>Non</strong></span> 
     </span>
    </p>
   </div>
   <div class='ocr_carea' id='block_1_67' title="bbox 2021 2987 3598 3054">
    <p class='ocr_par' dir='ltr' id='par_1_67' title="bbox 2021 2987 3598 3054">
     <span class='ocr_line' id='line_1_67' title="bbox 2021 2987 3598 3054; baseline 0.002 -11"><span class='ocrx_word' id='word_1_481' title='bbox 2021 2991 2164 3044; x_wconf 91' lang='lat' dir='ltr'><strong>enim</strong></span> <span class='ocrx_word' id='word_1_482' title='bbox 2198 2990 2463 3045; x_wconf 88' lang='lat' dir='ltr'><strong>secundus</strong></span> <span class='ocrx_word' id='word_1_483' title='bbox 2497 2991 2636 3043; x_wconf 85' lang='lat' dir='ltr'><strong>Deus</strong></span> <span class='ocrx_word' id='word_1_484' title='bbox 2672 2998 2755 3044; x_wconf 90' lang='lat' dir='ltr'><strong>est</strong></span> <span class='ocrx_word' id='word_1_485' title='bbox 2790 2988 2962 3043; x_wconf 87' lang='lat' dir='ltr'><strong>Filius</strong></span> <span class='ocrx_word' id='word_1_486' title='bbox 2985 3031 2999 3054; x_wconf 91' lang='lat'><strong>,</strong></span> <span class='ocrx_word' id='word_1_487' title='bbox 3033 2989 3128 3043; x_wconf 81' lang='lat' dir='ltr'><strong>sed</strong></span> <span class='ocrx_word' id='word_1_488' title='bbox 3173 2987 3403 3043; x_wconf 83' lang='lat' dir='ltr'><strong>Verbum</strong></span> <span class='ocrx_word' id='word_1_489' title='bbox 3436 2991 3598 3046; x_wconf 83' lang='lat' dir='ltr'><strong>unius</strong></span> 
     </span>
    </p>
   </div>
   <div class='ocr_carea' id='block_1_68' title="bbox 2022 3076 3594 3149">
    <p class='ocr_par' dir='ltr' id='par_1_68' title="bbox 2022 3076 3594 3149">
     <span class='ocr_line' id='line_1_68' title="bbox 2022 3076 3594 3149; baseline -0.001 -14"><span class='ocrx_word' id='word_1_490' title='bbox 2022 3089 2076 3135; x_wconf 90' lang='lat' dir='ltr'><strong>et</strong></span> <span class='ocrx_word' id='word_1_491' title='bbox 2105 3081 2273 3135; x_wconf 91' lang='lat' dir='ltr'><strong>solius</strong></span> <span class='ocrx_word' id='word_1_492' title='bbox 2319 3081 2444 3146; x_wconf 86' lang='lat' dir='ltr'><strong>Dei,</strong></span> <span class='ocrx_word' id='word_1_493' title='bbox 2495 3079 2587 3149; x_wconf 88' lang='lat' dir='ltr'><strong>qui</strong></span> <span class='ocrx_word' id='word_1_494' title='bbox 2631 3081 2682 3132; x_wconf 90' lang='lat' dir='ltr'><strong>in</strong></span> <span class='ocrx_word' id='word_1_495' title='bbox 2722 3079 2884 3134; x_wconf 84' lang='lat' dir='ltr'><strong>Patre</strong></span> <span class='ocrx_word' id='word_1_496' title='bbox 2918 3081 3058 3134; x_wconf 90' lang='lat' dir='ltr'><strong>Deus</strong></span> <span class='ocrx_word' id='word_1_497' title='bbox 3100 3076 3220 3134; x_wconf 84' lang='lat' dir='ltr'><strong>e&#39;sse</strong></span> <span class='ocrx_word' id='word_1_498' title='bbox 3250 3079 3594 3149; x_wconf 64' lang='lat' dir='ltr'><strong>prmdicatur,</strong></span> 
     </span>
    </p>
   </div>
   <div class='ocr_carea' id='block_1_69' title="bbox 2017 3171 3597 3244">
    <p class='ocr_par' dir='ltr' id='par_1_69' title="bbox 2017 3171 3597 3244">
     <span class='ocr_line' id='line_1_69' title="bbox 2017 3171 3597 3244; baseline 0.001 -17"><span class='ocrx_word' id='word_1_499' title='bbox 2017 3174 2471 3244; x_wconf 82' lang='lat' dir='ltr'><strong>quemadmodum</strong></span> <span class='ocrx_word' id='word_1_500' title='bbox 2505 3183 2562 3226; x_wconf 88' lang='lat' dir='ltr'><strong>et</strong></span> <span class='ocrx_word' id='word_1_501' title='bbox 2600 3171 2760 3226; x_wconf 84' lang='lat' dir='ltr'><strong>Pater</strong></span> <span class='ocrx_word' id='word_1_502' title='bbox 2784 3173 2834 3226; x_wconf 93' lang='lat' dir='ltr'><strong>in</strong></span> <span class='ocrx_word' id='word_1_503' title='bbox 2861 3172 3018 3227; x_wconf 88' lang='lat' dir='ltr'><strong>Filio.</strong></span> <span class='ocrx_word' id='word_1_504' title='bbox 3049 3173 3208 3227; x_wconf 80' lang='lat' dir='ltr'><strong>Velut</strong></span> <span class='ocrx_word' id='word_1_505' title='bbox 3238 3174 3401 3227; x_wconf 89' lang='lat' dir='ltr'><strong>etiam</strong></span> <span class='ocrx_word' id='word_1_506' title='bbox 3426 3174 3597 3230; x_wconf 86' lang='lat' dir='ltr'><strong>Isaias</strong></span> 
     </span>
    </p>
   </div>
   <div class='ocr_carea' id='block_1_70' title="bbox 2017 3264 3596 3340">
    <p class='ocr_par' dir='ltr' id='par_1_70' title="bbox 2017 3264 3596 3340">
     <span class='ocr_line' id='line_1_70' title="bbox 2017 3264 3596 3340; baseline -0.001 -21"><span class='ocrx_word' id='word_1_507' title='bbox 2017 3265 2092 3319; x_wconf 88' lang='lat' dir='ltr'><strong>ait</strong></span> <span class='ocrx_word' id='word_1_508' title='bbox 2124 3306 2138 3330; x_wconf 92' lang='lat'><strong>,</strong></span> <span class='ocrx_word' id='word_1_509' title='bbox 2169 3266 2297 3320; x_wconf 90' lang='lat' dir='ltr'><strong>dum</strong></span> <span class='ocrx_word' id='word_1_510' title='bbox 2327 3265 2520 3318; x_wconf 87' lang='lat' dir='ltr'><strong>Filium</strong></span> <span class='ocrx_word' id='word_1_511' title='bbox 2552 3280 2656 3317; x_wconf 88' lang='lat' dir='ltr'><strong>una</strong></span> <span class='ocrx_word' id='word_1_512' title='bbox 2696 3279 2816 3318; x_wconf 91' lang='lat' dir='ltr'><strong>cum</strong></span> <span class='ocrx_word' id='word_1_513' title='bbox 2851 3264 3011 3319; x_wconf 85' lang='lat' dir='ltr'><strong>Patre</strong></span> <span class='ocrx_word' id='word_1_514' title='bbox 3039 3266 3358 3333; x_wconf 89' lang='lat' dir='ltr'><strong>proﬁtetur:</strong></span> <span class='ocrx_word' id='word_1_515' title='bbox 3391 3266 3596 3340; x_wconf 75' lang='lat' dir='ltr'><strong>Adora-</strong></span> 
     </span>
    </p>
   </div>
   <div class='ocr_carea' id='block_1_71' title="bbox 2016 3355 3594 3425">
    <p class='ocr_par' dir='ltr' id='par_1_71' title="bbox 2016 3355 3594 3425">
     <span class='ocr_line' id='line_1_71' title="bbox 2016 3355 3594 3425; baseline -0.001 -16"><span class='ocrx_word' id='word_1_516' title='bbox 2016 3358 2138 3410; x_wconf 85' lang='lat' dir='ltr'><strong>bunt</strong></span> <span class='ocrx_word' id='word_1_517' title='bbox 2165 3367 2232 3420; x_wconf 81' lang='lat' dir='ltr'><strong>te,</strong></span> <span class='ocrx_word' id='word_1_518' title='bbox 2269 3367 2316 3410; x_wconf 83' lang='lat' dir='ltr'><strong>et</strong></span> <span class='ocrx_word' id='word_1_519' title='bbox 2344 3357 2396 3410; x_wconf 86' lang='lat' dir='ltr'><strong>in</strong></span> <span class='ocrx_word' id='word_1_520' title='bbox 2424 3367 2471 3410; x_wconf 83' lang='lat' dir='ltr'><strong>te</strong></span> <span class='ocrx_word' id='word_1_521' title='bbox 2497 3359 2718 3410; x_wconf 83' lang='lat' dir='ltr'><strong>orabunt</strong></span> <span class='ocrx_word' id='word_1_522' title='bbox 2747 3373 2764 3410; x_wconf 92' lang='lat'><em>:</em></span> <span class='ocrx_word' id='word_1_523' title='bbox 2799 3358 3046 3425; x_wconf 85' lang='lat' dir='ltr'><strong>quoniam</strong></span> <span class='ocrx_word' id='word_1_524' title='bbox 3071 3357 3125 3410; x_wconf 86' lang='lat' dir='ltr'><strong>in</strong></span> <span class='ocrx_word' id='word_1_525' title='bbox 3162 3367 3210 3410; x_wconf 89' lang='lat' dir='ltr'><strong>te</strong></span> <span class='ocrx_word' id='word_1_526' title='bbox 3240 3356 3376 3411; x_wconf 77' lang='lat' dir='ltr'><strong>Deus</strong></span> <span class='ocrx_word' id='word_1_527' title='bbox 3403 3355 3594 3417; x_wconf 67' lang='lat' dir='ltr'><strong>Israel,</strong></span> 
     </span>
    </p>
   </div>
   <div class='ocr_carea' id='block_1_72' title="bbox 2016 3445 3592 3515">
    <p class='ocr_par' dir='ltr' id='par_1_72' title="bbox 2016 3445 3592 3515">
     <span class='ocr_line' id='line_1_72' title="bbox 2016 3445 3592 3515; baseline 0.001 -15"><span class='ocrx_word' id='word_1_528' title='bbox 2016 3445 2279 3500; x_wconf 87' lang='lat' dir='ltr'><strong>Salvator.</strong></span> <span class='ocrx_word' id='word_1_529' title='bbox 2320 3447 2724 3515; x_wconf 75' lang='lat' dir='ltr'><strong>Confundentur</strong></span> <span class='ocrx_word' id='word_1_530' title='bbox 2761 3458 2807 3501; x_wconf 89' lang='lat' dir='ltr'><strong>et</strong></span> <span class='ocrx_word' id='word_1_531' title='bbox 2849 3448 3144 3502; x_wconf 73' lang='lat' dir='ltr'><strong>erubescant</strong></span> <span class='ocrx_word' id='word_1_532' title='bbox 3185 3465 3361 3501; x_wconf 82' lang='lat' dir='ltr'><strong>omnes</strong></span> <span class='ocrx_word' id='word_1_533' title='bbox 3395 3448 3462 3510; x_wconf 81' lang='grc'><strong>⁸⁸,</strong></span> <span class='ocrx_word' id='word_1_534' title='bbox 3503 3449 3592 3514; x_wconf 87' lang='lat' dir='ltr'><strong>qui</strong></span> 
     </span>
    </p>
   </div>
   <div class='ocr_carea' id='block_1_73' title="bbox 2016 3538 3594 3610">
    <p class='ocr_par' dir='ltr' id='par_1_73' title="bbox 2016 3538 3594 3610">
     <span class='ocr_line' id='line_1_73' title="bbox 2016 3538 3594 3610; baseline 0.003 -20"><span class='ocrx_word' id='word_1_535' title='bbox 2016 3538 2118 3601; x_wconf 88' lang='lat' dir='ltr'><strong>ipsi</strong></span> <span class='ocrx_word' id='word_1_536' title='bbox 2159 3540 2538 3603; x_wconf 80' lang='lat' dir='ltr'><strong>adversantur,</strong></span> <span class='ocrx_word' id='word_1_537' title='bbox 2576 3556 2675 3594; x_wconf 89' lang='lat' dir='ltr'><strong>nec</strong></span> <span class='ocrx_word' id='word_1_538' title='bbox 2708 3541 2881 3608; x_wconf 87' lang='lat' dir='ltr'><strong>ipsmn</strong></span> <span class='ocrx_word' id='word_1_539' title='bbox 2916 3542 3262 3607; x_wconf 89' lang='lat' dir='ltr'><strong>conﬁtentur,</strong></span> <span class='ocrx_word' id='word_1_540' title='bbox 3295 3555 3392 3594; x_wconf 89' lang='lat' dir='ltr'><strong>nec</strong></span> <span class='ocrx_word' id='word_1_541' title='bbox 3421 3540 3594 3610; x_wconf 81' lang='lat' dir='ltr'><strong>Spiri-</strong></span> 
     </span>
    </p>
   </div>
   <div class='ocr_carea' id='block_1_74' title="bbox 2025 3627 3598 3700">
    <p class='ocr_par' dir='ltr' id='par_1_74' title="bbox 2025 3627 3598 3700">
     <span class='ocr_line' id='line_1_74' title="bbox 2025 3627 3598 3700; baseline 0.005 -22"><span class='ocrx_word' id='word_1_542' title='bbox 2025 3635 2137 3679; x_wconf 91' lang='lat' dir='ltr'><strong>tum</strong></span> <span class='ocrx_word' id='word_1_543' title='bbox 2169 3627 2333 3694; x_wconf 89' lang='lat' dir='ltr'><strong>ipsius</strong></span> <span class='ocrx_word' id='word_1_544' title='bbox 2353 3628 2590 3694; x_wconf 84' lang='lat' dir='ltr'><strong>ejusdem</strong></span> <span class='ocrx_word' id='word_1_545' title='bbox 2620 3646 2681 3684; x_wconf 91' lang='lat' dir='ltr'><strong>ac</strong></span> <span class='ocrx_word' id='word_1_546' title='bbox 2707 3631 2874 3685; x_wconf 83' lang='lat' dir='ltr'><strong>Filius</strong></span> <span class='ocrx_word' id='word_1_547' title='bbox 2905 3633 3155 3686; x_wconf 74' lang='lat' dir='ltr'><strong>essentia:</strong></span> <span class='ocrx_word' id='word_1_548' title='bbox 3179 3646 3300 3687; x_wconf 89' lang='lat' dir='ltr'><strong>esse</strong></span> <span class='ocrx_word' id='word_1_549' title='bbox 3319 3672 3334 3697; x_wconf 96' lang='lat'><strong>,</strong></span> <span class='ocrx_word' id='word_1_550' title='bbox 3371 3646 3433 3684; x_wconf 88' lang='lat' dir='ltr'><strong>ac</strong></span> <span class='ocrx_word' id='word_1_551' title='bbox 3459 3647 3598 3700; x_wconf 74' lang='lat' dir='ltr'><strong>pra:-</strong></span> 
     </span>
    </p>
   </div>
   <div class='ocr_carea' id='block_1_75' title="bbox 2027 3716 2830 3778">
    <p class='ocr_par' dir='ltr' id='par_1_75' title="bbox 2027 3716 2830 3778">
     <span class='ocr_line' id='line_1_75' title="bbox 2027 3716 2830 3778; baseline 0.005 -10"><span class='ocrx_word' id='word_1_552' title='bbox 2027 3725 2107 3768; x_wconf 84' lang='lat' dir='ltr'><strong>ler</strong></span> <span class='ocrx_word' id='word_1_553' title='bbox 2130 3731 2273 3778; x_wconf 88' lang='lat' dir='ltr'><strong>eum,</strong></span> <span class='ocrx_word' id='word_1_554' title='bbox 2309 3716 2472 3768; x_wconf 88' lang='lat' dir='ltr'><strong>alium</strong></span> <span class='ocrx_word' id='word_1_555' title='bbox 2501 3717 2666 3770; x_wconf 90' lang='lat' dir='ltr'><strong>Deum</strong></span> <span class='ocrx_word' id='word_1_556' title='bbox 2693 3735 2830 3773; x_wconf 88' lang='lat' dir='ltr'><strong>esse.</strong></span> 
     </span>
    </p>
   </div>
   <div class='ocr_carea' id='block_1_76' title="bbox 2093 3805 3600 3876">
    <p class='ocr_par' dir='ltr' id='par_1_76' title="bbox 2093 3805 3600 3876">
     <span class='ocr_line' id='line_1_76' title="bbox 2093 3805 3600 3876; baseline 0.002 -16"><span class='ocrx_word' id='word_1_557' title='bbox 2093 3805 2441 3875; x_wconf 79' lang='lat' dir='ltr'><strong>Nequaquam</strong></span> <span class='ocrx_word' id='word_1_558' title='bbox 2468 3806 2537 3858; x_wconf 90' lang='lat' dir='ltr'><strong>ita</strong></span> <span class='ocrx_word' id='word_1_559' title='bbox 2566 3817 2650 3860; x_wconf 89' lang='lat' dir='ltr'><strong>est</strong></span> <span class='ocrx_word' id='word_1_560' title='bbox 2679 3821 2694 3859; x_wconf 91' lang='lat'><strong>:</strong></span> <span class='ocrx_word' id='word_1_561' title='bbox 2725 3809 2894 3862; x_wconf 87' lang='lat' dir='ltr'><strong>absit!</strong></span> <span class='ocrx_word' id='word_1_562' title='bbox 2927 3809 3036 3864; x_wconf 83' lang='lat' dir='ltr'><strong>Non</strong></span> <span class='ocrx_word' id='word_1_563' title='bbox 3065 3819 3150 3864; x_wconf 89' lang='lat' dir='ltr'><strong>est</strong></span> <span class='ocrx_word' id='word_1_564' title='bbox 3179 3817 3456 3876; x_wconf 86' lang='lat' dir='ltr'><strong>procreata</strong></span> <span class='ocrx_word' id='word_1_565' title='bbox 3485 3809 3600 3863; x_wconf 85' lang='lat' dir='ltr'><strong>Tri-</strong></span> 
     </span>
    </p>
   </div>
   <div class='ocr_carea' id='block_1_77' title="bbox 2022 3897 3588 3966">
    <p class='ocr_par' dir='ltr' id='par_1_77' title="bbox 2022 3897 3588 3966">
     <span class='ocr_line' id='line_1_77' title="bbox 2022 3897 3588 3966; baseline 0.001 -13"><span class='ocrx_word' id='word_1_566' title='bbox 2022 3900 2185 3964; x_wconf 89' lang='lat' dir='ltr'><strong>nitas,</strong></span> <span class='ocrx_word' id='word_1_567' title='bbox 2217 3899 2309 3953; x_wconf 89' lang='lat' dir='ltr'><strong>sed</strong></span> <span class='ocrx_word' id='word_1_568' title='bbox 2334 3897 2699 3966; x_wconf 90' lang='lat' dir='ltr'><strong>sempiterna;</strong></span> <span class='ocrx_word' id='word_1_569' title='bbox 2727 3908 2780 3951; x_wconf 89' lang='lat' dir='ltr'><strong>et</strong></span> <span class='ocrx_word' id='word_1_570' title='bbox 2806 3913 2908 3950; x_wconf 91' lang='lat' dir='ltr'><strong>una</strong></span> <span class='ocrx_word' id='word_1_571' title='bbox 2935 3909 3016 3953; x_wconf 90' lang='lat' dir='ltr'><strong>est</strong></span> <span class='ocrx_word' id='word_1_572' title='bbox 3042 3900 3094 3953; x_wconf 93' lang='lat' dir='ltr'><strong>in</strong></span> <span class='ocrx_word' id='word_1_573' title='bbox 3124 3899 3387 3953; x_wconf 84' lang='lat' dir='ltr'><strong>Trinitate</strong></span> <span class='ocrx_word' id='word_1_574' title='bbox 3413 3900 3588 3955; x_wconf 83' lang='lat' dir='ltr'><strong>deitas</strong></span> 
     </span>
    </p>
   </div>
   <div class='ocr_carea' id='block_1_78' title="bbox 2020 3987 3596 4059">
    <p class='ocr_par' dir='ltr' id='par_1_78' title="bbox 2020 3987 3596 4059">
     <span class='ocr_line' id='line_1_78' title="bbox 2020 3987 3596 4059; baseline 0 -13"><span class='ocrx_word' id='word_1_575' title='bbox 2020 3999 2074 4046; x_wconf 93' lang='lat' dir='ltr'><strong>et</strong></span> <span class='ocrx_word' id='word_1_576' title='bbox 2101 4009 2202 4046; x_wconf 86' lang='lat' dir='ltr'><strong>una</strong></span> <span class='ocrx_word' id='word_1_577' title='bbox 2249 4000 2454 4046; x_wconf 62' lang='lat' dir='ltr'><strong>sanctae</strong></span> <span class='ocrx_word' id='word_1_578' title='bbox 2478 3987 2764 4044; x_wconf 90' lang='lat' dir='ltr'><strong>Trinitatis</strong></span> <span class='ocrx_word' id='word_1_579' title='bbox 2803 3989 2991 4059; x_wconf 75' lang='lat' dir='ltr'><strong>gloria.</strong></span> <span class='ocrx_word' id='word_1_580' title='bbox 3032 3991 3097 4044; x_wconf 86' lang='lat' dir='ltr'><strong>Et</strong></span> <span class='ocrx_word' id='word_1_581' title='bbox 3132 4007 3228 4046; x_wconf 91' lang='lat' dir='ltr'><strong>vos</strong></span> <span class='ocrx_word' id='word_1_582' title='bbox 3255 4007 3320 4047; x_wconf 93' lang='lat' dir='ltr'><strong>eo</strong></span> <span class='ocrx_word' id='word_1_583' title='bbox 3355 3993 3596 4047; x_wconf 71' lang='lat' dir='ltr'><strong>audacia:</strong></span> 
     </span>
    </p>
   </div>
   <div class='ocr_carea' id='block_1_79' title="bbox 2019 4081 3598 4151">
    <p class='ocr_par' dir='ltr' id='par_1_79' title="bbox 2019 4081 3598 4151">
     <span class='ocr_line' id='line_1_79' title="bbox 2019 4081 3598 4151; baseline 0.003 -17"><span class='ocrx_word' id='word_1_584' title='bbox 2019 4082 2371 4151; x_wconf 90' lang='lat' dir='ltr'><strong>prorumpitis</strong></span> <span class='ocrx_word' id='word_1_585' title='bbox 2391 4122 2406 4146; x_wconf 93' lang='lat'><strong>,</strong></span> <span class='ocrx_word' id='word_1_586' title='bbox 2443 4093 2503 4137; x_wconf 91' lang='lat' dir='ltr'><strong>ut</strong></span> <span class='ocrx_word' id='word_1_587' title='bbox 2533 4098 2650 4138; x_wconf 88' lang='lat' dir='ltr'><strong>eam</strong></span> <span class='ocrx_word' id='word_1_588' title='bbox 2681 4082 2732 4136; x_wconf 92' lang='lat' dir='ltr'><strong>in</strong></span> <span class='ocrx_word' id='word_1_589' title='bbox 2765 4081 3009 4136; x_wconf 87' lang='lat' dir='ltr'><strong>diversas</strong></span> <span class='ocrx_word' id='word_1_590' title='bbox 3037 4091 3259 4138; x_wconf 87' lang='lat' dir='ltr'><strong>naturas</strong></span> <span class='ocrx_word' id='word_1_591' title='bbox 3290 4082 3598 4140; x_wconf 76' lang='lat' dir='ltr'><strong>scindatis?</strong></span> 
     </span>
    </p>
   </div>
   <div class='ocr_carea' id='block_1_80' title="bbox 2021 4172 3598 4240">
    <p class='ocr_par' dir='ltr' id='par_1_80' title="bbox 2021 4172 3598 4240">
     <span class='ocr_line' id='line_1_80' title="bbox 2021 4172 3598 4240; baseline -0.001 -11"><span class='ocrx_word' id='word_1_592' title='bbox 2021 4174 2124 4229; x_wconf 87' lang='lat' dir='ltr'><strong>Uni</strong></span> <span class='ocrx_word' id='word_1_593' title='bbox 2148 4174 2257 4228; x_wconf 88' lang='lat' dir='ltr'><strong>Deo</strong></span> <span class='ocrx_word' id='word_1_594' title='bbox 2284 4191 2453 4228; x_wconf 85' lang='lat' dir='ltr'><strong>meum</strong></span> <span class='ocrx_word' id='word_1_595' title='bbox 2482 4175 2662 4230; x_wconf 89' lang='lat' dir='ltr'><strong>dicere</strong></span> <span class='ocrx_word' id='word_1_596' title='bbox 2691 4173 2976 4240; x_wconf 88' lang='lat' dir='ltr'><strong>convenit;</strong></span> <span class='ocrx_word' id='word_1_597' title='bbox 3005 4188 3129 4228; x_wconf 89' lang='lat' dir='ltr'><strong>nam</strong></span> <span class='ocrx_word' id='word_1_598' title='bbox 3163 4172 3278 4240; x_wconf 86' lang='lat' dir='ltr'><strong>ipse</strong></span> <span class='ocrx_word' id='word_1_599' title='bbox 3306 4172 3450 4229; x_wconf 75' lang='lat' dir='ltr'><strong>solus</strong></span> <span class='ocrx_word' id='word_1_600' title='bbox 3479 4190 3598 4230; x_wconf 88' lang='lat' dir='ltr'><strong>om-</strong></span> 
     </span>
    </p>
   </div>
   <div class='ocr_carea' id='block_1_81' title="bbox 2020 4265 2544 4334">
    <p class='ocr_par' dir='ltr' id='par_1_81' title="bbox 2020 4265 2544 4334">
     <span class='ocr_line' id='line_1_81' title="bbox 2020 4265 2544 4334; baseline 0.002 -15"><span class='ocrx_word' id='word_1_601' title='bbox 2020 4266 2110 4320; x_wconf 84' lang='lat' dir='ltr'><strong>nia</strong></span> <span class='ocrx_word' id='word_1_602' title='bbox 2138 4279 2263 4319; x_wconf 84' lang='lat' dir='ltr'><strong>vere</strong></span> <span class='ocrx_word' id='word_1_603' title='bbox 2287 4265 2544 4334; x_wconf 85' lang='lat' dir='ltr'><strong>possidet.</strong></span> 
     </span>
    </p>
   </div>
   <div class='ocr_carea' id='block_1_82' title="bbox 1930 4380 2001 4441">
    <p class='ocr_par' dir='ltr' id='par_1_82' title="bbox 1930 4380 2001 4441">
     <span class='ocr_line' id='line_1_82' title="bbox 1930 4380 2001 4441; baseline -0.028 0"><span class='ocrx_word' id='word_1_604' title='bbox 1930 4380 2001 4441; x_wconf 85' lang='lat' dir='ltr'><strong>V.</strong></span> 
     </span>
    </p>
   </div>
   <div class='ocr_carea' id='block_1_83' title="bbox 1453 4478 2505 4550">
    <p class='ocr_par' dir='ltr' id='par_1_83' title="bbox 1453 4478 2505 4550">
     <span class='ocr_line' id='line_1_83' title="bbox 1453 4478 2505 4550; baseline 0.003 -18"><span class='ocrx_word' id='word_1_605' title='bbox 1453 4478 1538 4534; x_wconf 72' lang='lat' dir='ltr'><strong>Ex</strong></span> <span class='ocrx_word' id='word_1_606' title='bbox 1564 4480 1860 4536; x_wconf 87' lang='lat' dir='ltr'><strong>Elementis</strong></span> <span class='ocrx_word' id='word_1_607' title='bbox 1887 4480 2205 4535; x_wconf 77' lang='lat' dir='ltr'><strong>Damasceni</strong></span> <span class='ocrx_word' id='word_1_608' title='bbox 2247 4478 2505 4550; x_wconf 75' lang='lat' dir='ltr'><strong>Rupefuc.</strong></span> 
     </span>
    </p>
   </div>
   <div class='ocr_carea' id='block_1_84' title="bbox 2505 4595 3094 4666">
    <p class='ocr_par' dir='ltr' id='par_1_84' title="bbox 2505 4595 3094 4666">
     <span class='ocr_line' id='line_1_84' title="bbox 2505 4595 3094 4666; baseline 0.002 -16"><span class='ocrx_word' id='word_1_609' title='bbox 2505 4595 2762 4666; x_wconf 78' lang='lat' dir='ltr'><strong>Ejusdem</strong></span> <span class='ocrx_word' id='word_1_610' title='bbox 2795 4597 2846 4648; x_wconf 85' lang='lat' dir='ltr'><strong>in</strong></span> <span class='ocrx_word' id='word_1_611' title='bbox 2884 4595 3094 4651; x_wconf 87' lang='lat' dir='ltr'><strong>Isaiam.</strong></span> 
     </span>
    </p>
   </div>
   <div class='ocr_carea' id='block_1_85' title="bbox 2093 4685 3594 4756">
    <p class='ocr_par' dir='ltr' id='par_1_85' title="bbox 2093 4685 3594 4756">
     <span class='ocr_line' id='line_1_85' title="bbox 2093 4685 3594 4756; baseline -0.002 -14"><span class='ocrx_word' id='word_1_612' title='bbox 2093 4687 2193 4754; x_wconf 88' lang='lat' dir='ltr'><strong>Qui</strong></span> <span class='ocrx_word' id='word_1_613' title='bbox 2229 4697 2304 4742; x_wconf 78' lang='lat' dir='ltr'><strong>est</strong></span> <span class='ocrx_word' id='word_1_614' title='bbox 2336 4704 2492 4756; x_wconf 71' lang='lat' dir='ltr'><strong>super</strong></span> <span class='ocrx_word' id='word_1_615' title='bbox 2539 4687 2714 4740; x_wconf 86' lang='lat' dir='ltr'><strong>omnia</strong></span> <span class='ocrx_word' id='word_1_616' title='bbox 2746 4687 2893 4741; x_wconf 81' lang='lat' dir='ltr'><strong>Deus</strong></span> <span class='ocrx_word' id='word_1_617' title='bbox 2927 4687 2993 4752; x_wconf 76' lang='grc'><strong>⁸⁸,</strong></span> <span class='ocrx_word' id='word_1_618' title='bbox 3025 4702 3128 4742; x_wconf 92' lang='lat' dir='ltr'><strong>non</strong></span> <span class='ocrx_word' id='word_1_619' title='bbox 3172 4685 3491 4755; x_wconf 75' lang='lat' dir='ltr'><strong>dedignatur</strong></span> <span class='ocrx_word' id='word_1_620' title='bbox 3527 4687 3594 4740; x_wconf 89' lang='lat' dir='ltr'><strong>de</strong></span> 
     </span>
    </p>
   </div>
   <div class='ocr_carea' id='block_1_86' title="bbox 2017 4777 3589 4848">
    <p class='ocr_par' dir='ltr' id='par_1_86' title="bbox 2017 4777 3589 4848">
     <span class='ocr_line' id='line_1_86' title="bbox 2017 4777 3589 4848; baseline -0.003 -12"><span class='ocrx_word' id='word_1_621' title='bbox 2017 4782 2158 4836; x_wconf 72' lang='lat' dir='ltr'><strong>cmlo</strong></span> <span class='ocrx_word' id='word_1_622' title='bbox 2193 4781 2244 4834; x_wconf 93' lang='lat' dir='ltr'><strong>in</strong></span> <span class='ocrx_word' id='word_1_623' title='bbox 2293 4791 2489 4834; x_wconf 86' lang='lat' dir='ltr'><strong>terram</strong></span> <span class='ocrx_word' id='word_1_624' title='bbox 2523 4780 2798 4848; x_wconf 88' lang='lat' dir='ltr'><strong>aspicere;</strong></span> <span class='ocrx_word' id='word_1_625' title='bbox 2852 4794 3024 4848; x_wconf 87' lang='lat' dir='ltr'><strong>neque</strong></span> <span class='ocrx_word' id='word_1_626' title='bbox 3077 4779 3306 4832; x_wconf 85' lang='lat' dir='ltr'><strong>virtutes</strong></span> <span class='ocrx_word' id='word_1_627' title='bbox 3345 4777 3448 4830; x_wconf 74' lang='lat' dir='ltr'><strong>illa:</strong></span> <span class='ocrx_word' id='word_1_628' title='bbox 3491 4779 3589 4832; x_wconf 90' lang='lat' dir='ltr'><strong>ad-</strong></span> 
     </span>
    </p>
   </div>
   <div class='ocr_carea' id='block_1_87' title="bbox 2023 4868 3594 4941">
    <p class='ocr_par' dir='ltr' id='par_1_87' title="bbox 2023 4868 3594 4941">
     <span class='ocr_line' id='line_1_87' title="bbox 2023 4868 3594 4941; baseline -0.003 -15"><span class='ocrx_word' id='word_1_629' title='bbox 2023 4872 2430 4926; x_wconf 78' lang='lat' dir='ltr'><strong>ministratoria:</strong></span> <span class='ocrx_word' id='word_1_630' title='bbox 2476 4870 2796 4941; x_wconf 84' lang='lat' dir='ltr'><strong>obsequium</strong></span> <span class='ocrx_word' id='word_1_631' title='bbox 2828 4881 3031 4939; x_wconf 79' lang='lat' dir='ltr'><strong>negant</strong></span> <span class='ocrx_word' id='word_1_632' title='bbox 3064 4868 3131 4936; x_wconf 78' lang='grc' dir='ltr'><strong>⁸ο,</strong></span> <span class='ocrx_word' id='word_1_633' title='bbox 3159 4868 3226 4924; x_wconf 89' lang='lat' dir='ltr'><strong>ad</strong></span> <span class='ocrx_word' id='word_1_634' title='bbox 3267 4869 3594 4926; x_wconf 89' lang='lat' dir='ltr'><strong>beneﬁcium</strong></span> 
     </span>
    </p>
   </div>
   <div class='ocr_carea' id='block_1_88' title="bbox 2022 4961 2322 5016">
    <p class='ocr_par' dir='ltr' id='par_1_88' title="bbox 2022 4961 2322 5016">
     <span class='ocr_line' id='line_1_88' title="bbox 2022 4961 2322 5016; baseline -0.003 0"><span class='ocrx_word' id='word_1_635' title='bbox 2022 4961 2322 5016; x_wconf 88' lang='lat' dir='ltr'><strong>hominum.</strong></span> 
     </span>
    </p>
   </div>
   <div class='ocr_carea' id='block_1_89' title="bbox 697 4597 1988 4666">
    <p class='ocr_par' dir='ltr' id='par_1_89' title="bbox 697 4597 1988 4666">
     <span class='ocr_line' id='line_1_89' title="bbox 697 4597 1988 4666; baseline 0.001 -13"><span class='ocrx_word' id='word_1_636' title='bbox 697 4597 807 4654; x_wconf 86' lang='grc' dir='ltr'><strong>Τοῦ</strong></span> <span class='ocrx_word' id='word_1_637' title='bbox 837 4597 1022 4652; x_wconf 83' lang='grc' dir='ltr'>αὐτοῦ</span> <span class='ocrx_word' id='word_1_638' title='bbox 1060 4601 1140 4662; x_wconf 82' lang='grc' dir='ltr'>εἰς</span> <span class='ocrx_word' id='word_1_639' title='bbox 1173 4599 1265 4652; x_wconf 72' lang='grc' dir='ltr'><strong>τὸν</strong></span> <span class='ocrx_word' id='word_1_640' title='bbox 1309 4599 1557 4654; x_wconf 81' lang='grc' dir='ltr'>Ἡσαΐαν.</span> <span class='ocrx_word' id='word_1_641' title='bbox 1944 4613 1988 4666; x_wconf 86' lang='grc' dir='ltr'><strong>Ῑ)</strong></span> 
     </span>
    </p>
   </div>
   <div class='ocr_carea' id='block_1_90' title="bbox 393 4689 1913 4756">
    <p class='ocr_par' dir='ltr' id='par_1_90' title="bbox 393 4689 1913 4756">
     <span class='ocr_line' id='line_1_90' title="bbox 393 4689 1913 4756; baseline -0.003 -10"><span class='ocrx_word' id='word_1_642' title='bbox 393 4694 464 4746; x_wconf 88' lang='grc'><strong>’0</strong></span> <span class='ocrx_word' id='word_1_643' title='bbox 527 4690 630 4744; x_wconf 79' lang='grc' dir='ltr'><strong>ἐπὶ</strong></span> <span class='ocrx_word' id='word_1_644' title='bbox 658 4689 900 4744; x_wconf 80' lang='grc' dir='ltr'><em>πάντων</em></span> <span class='ocrx_word' id='word_1_645' title='bbox 923 4689 1063 4756; x_wconf 82' lang='grc' dir='ltr'>Θεὸς</span> <span class='ocrx_word' id='word_1_646' title='bbox 1100 4691 1199 4744; x_wconf 85' lang='grc' dir='ltr'><strong>οὐκ</strong></span> <span class='ocrx_word' id='word_1_647' title='bbox 1237 4691 1459 4756; x_wconf 79' lang='grc' dir='ltr'>ἀπαξιοῖ</span> <span class='ocrx_word' id='word_1_648' title='bbox 1493 4689 1810 4743; x_wconf 73' lang='grc' dir='ltr'>διακόπτειν</span> <span class='ocrx_word' id='word_1_649' title='bbox 1849 4690 1913 4742; x_wconf 80' lang='grc' dir='ltr'>ἐκ</span> 
     </span>
    </p>
   </div>
   <div class='ocr_carea' id='block_1_91' title="bbox 296 4781 1912 4854">
    <p class='ocr_par' dir='ltr' id='par_1_91' title="bbox 296 4781 1912 4854">
     <span class='ocr_line' id='line_1_91' title="bbox 296 4781 1912 4854; baseline -0.005 -14"><span class='ocrx_word' id='word_1_650' title='bbox 296 4786 405 4840; x_wconf 78' lang='grc' dir='ltr'>τοῦ</span> <span class='ocrx_word' id='word_1_651' title='bbox 451 4782 733 4854; x_wconf 70' lang='grc' dir='ltr'>οὐρανοῦ·</span> <span class='ocrx_word' id='word_1_652' title='bbox 788 4781 912 4834; x_wconf 77' lang='grc' dir='ltr'>οὐδὲ</span> <span class='ocrx_word' id='word_1_653' title='bbox 953 4782 1007 4833; x_wconf 90' lang='grc' dir='ltr'>αἱ</span> <span class='ocrx_word' id='word_1_654' title='bbox 1047 4781 1418 4852; x_wconf 78' lang='grc' dir='ltr'>λειτουργικαὶ</span> <span class='ocrx_word' id='word_1_655' title='bbox 1466 4781 1756 4852; x_wconf 74' lang='grc' dir='ltr'>δυνάμεις,</span> <span class='ocrx_word' id='word_1_656' title='bbox 1811 4781 1912 4853; x_wconf 79' lang='grc' dir='ltr'><strong>τὴν</strong></span> 
     </span>
    </p>
   </div>
   <div class='ocr_carea' id='block_1_92' title="bbox 296 4871 1914 4945">
    <p class='ocr_par' dir='ltr' id='par_1_92' title="bbox 296 4871 1914 4945">
     <span class='ocr_line' id='line_1_92' title="bbox 296 4871 1914 4945; baseline -0.005 -13"><span class='ocrx_word' id='word_1_657' title='bbox 296 4876 615 4932; x_wconf 75' lang='grc' dir='ltr'>διακονίαν</span> <span class='ocrx_word' id='word_1_658' title='bbox 668 4875 809 4944; x_wconf 80' lang='grc' dir='ltr'>ὑπὲρ</span> <span class='ocrx_word' id='word_1_659' title='bbox 843 4874 1161 4943; x_wconf 76' lang='grc' dir='ltr'>εὐεργεσίας</span> <span class='ocrx_word' id='word_1_660' title='bbox 1197 4873 1305 4926; x_wconf 82' lang='grc' dir='ltr'><strong>τῶν</strong></span> <span class='ocrx_word' id='word_1_661' title='bbox 1339 4871 1640 4945; x_wconf 80' lang='grc' dir='ltr'>ἀνθρώπων</span> <span class='ocrx_word' id='word_1_662' title='bbox 1684 4872 1914 4944; x_wconf 74' lang='grc' dir='ltr'>ἀρνοῦν-</span> 
     </span>
    </p>
   </div>
   <div class='ocr_carea' id='block_1_93' title="bbox 296 4985 428 5020">
    <p class='ocr_par' dir='ltr' id='par_1_93' title="bbox 296 4985 428 5020">
     <span class='ocr_line' id='line_1_93' title="bbox 296 4985 428 5020; baseline 0 0"><span class='ocrx_word' id='word_1_663' title='bbox 296 4985 428 5020; x_wconf 71' lang='grc' dir='ltr'>τοι.</span> 
     </span>
    </p>
   </div>
   <div class='ocr_carea' id='block_1_94' title="bbox 383 5131 3048 5206">
    <p class='ocr_par' dir='ltr' id='par_1_94' title="bbox 383 5131 3048 5206">
     <span class='ocr_line' id='line_1_94' title="bbox 383 5131 3048 5206; baseline -0.004 -12"><span class='ocrx_word' id='word_1_664' title='bbox 383 5141 434 5172; x_wconf 80' lang='grc'><strong>⁵⁸</strong></span> <span class='ocrx_word' id='word_1_665' title='bbox 456 5139 626 5194; x_wconf 83' lang='lat' dir='ltr'><strong>Prov.</strong></span> <span class='ocrx_word' id='word_1_666' title='bbox 667 5137 896 5204; x_wconf 56' lang='lat' dir='ltr'><strong>vmﬂﬂ.</strong></span> <span class='ocrx_word' id='word_1_667' title='bbox 972 5138 1015 5168; x_wconf 79' lang='grc'><strong>⁵⁷</strong></span> <span class='ocrx_word' id='word_1_668' title='bbox 1049 5135 1152 5192; x_wconf 92' lang='lat' dir='ltr'><strong>Isa.</strong></span> <span class='ocrx_word' id='word_1_669' title='bbox 1193 5154 1322 5206; x_wconf 66' lang='lat' dir='ltr'><strong>sui,</strong></span> <span class='ocrx_word' id='word_1_670' title='bbox 1347 5139 1400 5192; x_wconf 90' lang='lat'><strong>8.</strong></span> <span class='ocrx_word' id='word_1_671' title='bbox 1477 5139 1524 5170; x_wconf 74' lang='grc'><strong>⁸⁸</strong></span> <span class='ocrx_word' id='word_1_672' title='bbox 1549 5139 1654 5194; x_wconf 90' lang='lat' dir='ltr'><strong>lsa.</strong></span> <span class='ocrx_word' id='word_1_673' title='bbox 1685 5134 2013 5201; x_wconf 49' lang='lat' dir='ltr'><strong>amyli-lli.</strong></span> <span class='ocrx_word' id='word_1_674' title='bbox 2091 5132 2136 5162; x_wconf 76' lang='grc'><strong>⁵³</strong></span> <span class='ocrx_word' id='word_1_675' title='bbox 2167 5131 2322 5186; x_wconf 81' lang='lat' dir='ltr'><strong>Rom.</strong></span> <span class='ocrx_word' id='word_1_676' title='bbox 2355 5148 2438 5198; x_wconf 78' lang='lat' dir='ltr'><strong>Ix,</strong></span> <span class='ocrx_word' id='word_1_677' title='bbox 2477 5131 2528 5186; x_wconf 86' lang='lat'><strong>5.</strong></span> <span class='ocrx_word' id='word_1_678' title='bbox 2601 5133 2644 5164; x_wconf 76' lang='lat'><strong>°°</strong></span> <span class='ocrx_word' id='word_1_679' title='bbox 2669 5131 2832 5186; x_wconf 84' lang='lat' dir='ltr'><strong>Hebr.</strong></span> <span class='ocrx_word' id='word_1_680' title='bbox 2867 5145 2925 5195; x_wconf 85' lang='grc' dir='ltr'>ι,</span> <span class='ocrx_word' id='word_1_681' title='bbox 2966 5131 3048 5185; x_wconf 69' lang='lat' dir='ltr'><strong>ll.</strong></span> 
     </span>
    </p>
   </div>
   <div class='ocr_carea' id='block_1_95' title="bbox 2018 5300 3592 5380">
    <p class='ocr_par' dir='ltr' id='par_1_95' title="bbox 2018 5300 3592 5380">
     <span class='ocr_line' id='line_1_95' title="bbox 2018 5300 3592 5380; baseline -0.002 -16"><span class='ocrx_word' id='word_1_682' title='bbox 2018 5319 2106 5365; x_wconf 85' lang='lat' dir='ltr'><strong>tur</strong></span> <span class='ocrx_word' id='word_1_683' title='bbox 2131 5326 2144 5362; x_wconf 90' lang='lat'><strong>:</strong></span> <span class='ocrx_word' id='word_1_684' title='bbox 2184 5306 2466 5380; x_wconf 75' lang='grc' dir='ltr'>μονοειδῶς</span> <span class='ocrx_word' id='word_1_685' title='bbox 2491 5306 2825 5380; x_wconf 78' lang='grc' dir='ltr'>μονωνύμως</span> <span class='ocrx_word' id='word_1_686' title='bbox 2848 5300 2928 5368; x_wconf 73' lang='grc' dir='ltr'>εἷς</span> <span class='ocrx_word' id='word_1_687' title='bbox 2955 5306 3104 5369; x_wconf 89' lang='grc' dir='ltr'>Θεός.</span> <span class='ocrx_word' id='word_1_688' title='bbox 3133 5306 3271 5380; x_wconf 51' lang='lat' dir='ltr'><strong>Hac.</strong></span> <span class='ocrx_word' id='word_1_689' title='bbox 3297 5301 3446 5371; x_wconf 84' lang='lat' dir='ltr'><strong>Quod</strong></span> <span class='ocrx_word' id='word_1_690' title='bbox 3480 5324 3592 5361; x_wconf 85' lang='lat' dir='ltr'><strong>ma-</strong></span> 
     </span>
    </p>
   </div>
   <div class='ocr_carea' id='block_1_96' title="bbox 2017 5377 3589 5447">
    <p class='ocr_par' dir='ltr' id='par_1_96' title="bbox 2017 5377 3589 5447">
     <span class='ocr_line' id='line_1_96' title="bbox 2017 5377 3589 5447; baseline 0.001 -15"><span class='ocrx_word' id='word_1_691' title='bbox 2017 5381 2098 5447; x_wconf 74' lang='lat' dir='ltr'><strong>gis</strong></span> <span class='ocrx_word' id='word_1_692' title='bbox 2127 5377 2316 5447; x_wconf 80' lang='lat' dir='ltr'><strong>placet.</strong></span> <span class='ocrx_word' id='word_1_693' title='bbox 2357 5379 2526 5430; x_wconf 74' lang='lat' dir='ltr'><strong>Aliter</strong></span> <span class='ocrx_word' id='word_1_694' title='bbox 2581 5388 2758 5431; x_wconf 87' lang='lat' dir='ltr'><strong>tamen</strong></span> <span class='ocrx_word' id='word_1_695' title='bbox 2814 5377 3099 5445; x_wconf 83' lang='lat' dir='ltr'><strong>interpres,</strong></span> <span class='ocrx_word' id='word_1_696' title='bbox 3162 5377 3253 5444; x_wconf 88' lang='lat' dir='ltr'><strong>qui</strong></span> <span class='ocrx_word' id='word_1_697' title='bbox 3303 5387 3357 5430; x_wconf 91' lang='lat' dir='ltr'><strong>et</strong></span> <span class='ocrx_word' id='word_1_698' title='bbox 3411 5394 3589 5433; x_wconf 59' lang='grc' dir='ltr'>κοί-ειη</span> 
     </span>
    </p>
   </div>
   <div class='ocr_carea' id='block_1_97' title="bbox 2016 5449 2382 5502">
    <p class='ocr_par' dir='ltr' id='par_1_97' title="bbox 2016 5449 2382 5502">
     <span class='ocr_line' id='line_1_97' title="bbox 2016 5449 2382 5502; baseline -0.005 0"><span class='ocrx_word' id='word_1_699' title='bbox 2016 5450 2154 5502; x_wconf 69' lang='lat' dir='ltr'><strong>Dens</strong></span> <span class='ocrx_word' id='word_1_700' title='bbox 2181 5449 2382 5501; x_wconf 80' lang='lat' dir='ltr'><strong>omisit.</strong></span> 
     </span>
    </p>
   </div>
   <div class='ocr_carea' id='block_1_98' title="bbox 2087 5513 3588 5588">
    <p class='ocr_par' dir='ltr' id='par_1_98' title="bbox 2087 5513 3588 5588">
     <span class='ocr_line' id='line_1_98' title="bbox 2087 5513 3588 5588; baseline 0.001 -19"><span class='ocrx_word' id='word_1_701' title='bbox 2087 5519 2184 5588; x_wconf 14' lang='lat'><strong>(:2),</strong></span> <span class='ocrx_word' id='word_1_702' title='bbox 2203 5517 2326 5569; x_wconf 70' lang='grc' dir='ltr'><strong>Σὺν</strong></span> <span class='ocrx_word' id='word_1_703' title='bbox 2353 5516 2850 5588; x_wconf 13' lang='grc' dir='ltr'>ἀγίῳῃΠνεύματι.</span> <span class='ocrx_word' id='word_1_704' title='bbox 2889 5513 2984 5566; x_wconf 86' lang='lat' dir='ltr'><strong>llic</strong></span> <span class='ocrx_word' id='word_1_705' title='bbox 3009 5513 3205 5588; x_wconf 74' lang='lat' dir='ltr'><strong>desinit</strong></span> <span class='ocrx_word' id='word_1_706' title='bbox 3235 5514 3588 5588; x_wconf 39' lang='lat' dir='ltr'><strong>fragmentum</strong></span> 
     </span>
    </p>
   </div>
   <div class='ocr_carea' id='block_1_99' title="bbox 2016 5585 3590 5656">
    <p class='ocr_par' dir='ltr' id='par_1_99' title="bbox 2016 5585 3590 5656">
     <span class='ocr_line' id='line_1_99' title="bbox 2016 5585 3590 5656; baseline -0.003 -15"><span class='ocrx_word' id='word_1_707' title='bbox 2016 5585 2152 5656; x_wconf 84' lang='lat' dir='ltr'><strong>apud</strong></span> <span class='ocrx_word' id='word_1_708' title='bbox 2173 5587 2438 5648; x_wconf 81' lang='lat' dir='ltr'><strong>Damasc.,</strong></span> <span class='ocrx_word' id='word_1_709' title='bbox 2471 5587 2718 5656; x_wconf 75' lang='lat' dir='ltr'><strong>aliudque</strong></span> <span class='ocrx_word' id='word_1_710' title='bbox 2736 5587 3014 5651; x_wconf 68' lang='lat' dir='ltr'><strong>subjicutnr</strong></span> <span class='ocrx_word' id='word_1_711' title='bbox 3040 5585 3180 5656; x_wconf 83' lang='lat' dir='ltr'><strong>quod</strong></span> <span class='ocrx_word' id='word_1_712' title='bbox 3197 5587 3434 5650; x_wconf 82' lang='lat' dir='ltr'><strong>ejusdem</strong></span> <span class='ocrx_word' id='word_1_713' title='bbox 3461 5589 3590 5638; x_wconf 80' lang='lat' dir='ltr'><strong>Am-</strong></span> 
     </span>
    </p>
   </div>
   <div class='ocr_carea' id='block_1_100' title="bbox 2017 5653 3592 5727">
    <p class='ocr_par' dir='ltr' id='par_1_100' title="bbox 2017 5653 3592 5727">
     <span class='ocr_line' id='line_1_100' title="bbox 2017 5653 3592 5727; baseline -0.003 -17"><span class='ocrx_word' id='word_1_714' title='bbox 2017 5653 2272 5727; x_wconf 78' lang='lat' dir='ltr'><strong>pbilocltii</strong></span> <span class='ocrx_word' id='word_1_715' title='bbox 2299 5671 2524 5727; x_wconf 51' lang='lat' dir='ltr'><strong>esse,“</strong></span> <span class='ocrx_word' id='word_1_716' title='bbox 2567 5653 2916 5727; x_wconf 29' lang='lat' dir='ltr'><strong>l‘lnpel‘ui-ald.</strong></span> <span class='ocrx_word' id='word_1_717' title='bbox 2951 5655 3270 5727; x_wconf 76' lang='lat' dir='ltr'><strong>exemplaris</strong></span> <span class='ocrx_word' id='word_1_718' title='bbox 3295 5656 3592 5727; x_wconf 54' lang='lat' dir='ltr'><strong>insidi-iptio-</strong></span> 
     </span>
    </p>
   </div>
   <div class='ocr_carea' id='block_1_101' title="bbox 2019 5723 3588 5794">
    <p class='ocr_par' dir='ltr' id='par_1_101' title="bbox 2019 5723 3588 5794">
     <span class='ocr_line' id='line_1_101' title="bbox 2019 5723 3588 5794; baseline -0.005 -12"><span class='ocrx_word' id='word_1_719' title='bbox 2019 5723 2108 5790; x_wconf 71' lang='lat' dir='ltr'><strong>ite,</strong></span> <span class='ocrx_word' id='word_1_720' title='bbox 2142 5736 2293 5794; x_wconf 84' lang='lat' dir='ltr'><strong>putat</strong></span> <span class='ocrx_word' id='word_1_721' title='bbox 2325 5725 2394 5777; x_wconf 83' lang='lat' dir='ltr'><strong>cl.</strong></span> <span class='ocrx_word' id='word_1_722' title='bbox 2430 5723 2686 5789; x_wconf 85' lang='lat' dir='ltr'><strong>Lequieu.</strong></span> <span class='ocrx_word' id='word_1_723' title='bbox 2721 5725 2809 5775; x_wconf 87' lang='lat' dir='ltr'><strong>Sic</strong></span> <span class='ocrx_word' id='word_1_724' title='bbox 2835 5736 3010 5776; x_wconf 84' lang='lat' dir='ltr'><strong>autem</strong></span> <span class='ocrx_word' id='word_1_725' title='bbox 3048 5724 3231 5793; x_wconf 88' lang='lat' dir='ltr'><strong>incipit</strong></span> <span class='ocrx_word' id='word_1_726' title='bbox 3263 5744 3275 5777; x_wconf 92' lang='lat'>:</span> <span class='ocrx_word' id='word_1_727' title='bbox 3315 5723 3426 5778; x_wconf 86' lang='grc' dir='ltr'><strong>Μία</strong></span> <span class='ocrx_word' id='word_1_728' title='bbox 3442 5724 3588 5789; x_wconf 67' lang='grc' dir='ltr'>δόξα,</span> 
     </span>
    </p>
   </div>
   <div class='ocr_carea' id='block_1_102' title="bbox 2019 5793 3588 5869">
    <p class='ocr_par' dir='ltr' id='par_1_102' title="bbox 2019 5793 3588 5869">
     <span class='ocr_line' id='line_1_102' title="bbox 2019 5793 3588 5869; baseline -0.003 -20"><span class='ocrx_word' id='word_1_729' title='bbox 2019 5814 2073 5849; x_wconf 92' lang='grc' dir='ltr'><strong>κ.</strong></span> <span class='ocrx_word' id='word_1_730' title='bbox 2178 5795 2251 5857; x_wconf 88' lang='grc' dir='ltr'><strong>λ.,</strong></span> <span class='ocrx_word' id='word_1_731' title='bbox 2287 5805 2353 5869; x_wconf 82' lang='lat' dir='ltr'><strong>ut_</strong></span> <span class='ocrx_word' id='word_1_732' title='bbox 2374 5801 2653 5869; x_wconf 72' lang='lat' dir='ltr'><strong>propterea</strong></span> <span class='ocrx_word' id='word_1_733' title='bbox 2689 5793 2813 5847; x_wconf 86' lang='lat' dir='ltr'><strong>illud</strong></span> <span class='ocrx_word' id='word_1_734' title='bbox 2861 5794 3016 5848; x_wconf 84' lang='lat' dir='ltr'><strong>alteri</strong></span> <span class='ocrx_word' id='word_1_735' title='bbox 3057 5795 3452 5851; x_wconf 81' lang='lat' dir='ltr'><strong>Combelisiauo</strong></span> <span class='ocrx_word' id='word_1_736' title='bbox 3491 5797 3588 5847; x_wconf 83' lang='lat' dir='ltr'><strong>ad-</strong></span> 
     </span>
    </p>
   </div>
   <div class='ocr_carea' id='block_1_103' title="bbox 2019 5861 2715 5922">
    <p class='ocr_par' dir='ltr' id='par_1_103' title="bbox 2019 5861 2715 5922">
     <span class='ocr_line' id='line_1_103' title="bbox 2019 5861 2715 5922; baseline -0.014 0"><span class='ocrx_word' id='word_1_737' title='bbox 2019 5866 2248 5922; x_wconf 85' lang='lat' dir='ltr'><strong>dendum</strong></span> <span class='ocrx_word' id='word_1_738' title='bbox 2271 5861 2715 5919; x_wconf 76' lang='lat' dir='ltr'><strong>existimavimt&#39;s.</strong></span> 
     </span>
    </p>
   </div>
   <div class='ocr_carea' id='block_1_104' title="bbox 385 5309 1914 5385">
    <p class='ocr_par' dir='ltr' id='par_1_104' title="bbox 385 5309 1914 5385">
     <span class='ocr_line' id='line_1_104' title="bbox 385 5309 1914 5385; baseline -0.002 -16"><span class='ocrx_word' id='word_1_739' title='bbox 385 5316 512 5385; x_wconf 85' lang='grc'>(99)</span> <span class='ocrx_word' id='word_1_740' title='bbox 542 5309 622 5385; x_wconf 54' lang='grc' dir='ltr'><strong>ῘΩ</strong></span> <span class='ocrx_word' id='word_1_741' title='bbox 663 5313 939 5385; x_wconf 38' lang='grc' dir='ltr'>Τριὰςηκ.</span> <span class='ocrx_word' id='word_1_742' title='bbox 980 5331 1029 5366; x_wconf 80' lang='grc' dir='ltr'>τ.</span> <span class='ocrx_word' id='word_1_743' title='bbox 1058 5312 1106 5366; x_wconf 88' lang='grc' dir='ltr'>λ.</span> <span class='ocrx_word' id='word_1_744' title='bbox 1141 5311 1262 5385; x_wconf 63' lang='lat' dir='ltr'><strong>lia‘e</strong></span> <span class='ocrx_word' id='word_1_745' title='bbox 1283 5311 1409 5365; x_wconf 88' lang='lat' dir='ltr'><strong>item</strong></span> <span class='ocrx_word' id='word_1_746' title='bbox 1437 5325 1650 5385; x_wconf 70' lang='lat' dir='ltr'><strong>exstant</strong></span> <span class='ocrx_word' id='word_1_747' title='bbox 1672 5315 1724 5368; x_wconf 88' lang='lat' dir='ltr'><strong>itt</strong></span> <span class='ocrx_word' id='word_1_748' title='bbox 1757 5313 1914 5385; x_wconf 75' lang='lat' dir='ltr'><strong>editis</strong></span> 
     </span>
    </p>
   </div>
   <div class='ocr_carea' id='block_1_105' title="bbox 289 5382 1908 5452">
    <p class='ocr_par' dir='ltr' id='par_1_105' title="bbox 289 5382 1908 5452">
     <span class='ocr_line' id='line_1_105' title="bbox 289 5382 1908 5452; baseline -0.002 -12"><span class='ocrx_word' id='word_1_749' title='bbox 289 5382 498 5443; x_wconf 64' lang='lat' dir='ltr'><strong>sacris</strong></span> <span class='ocrx_word' id='word_1_750' title='bbox 536 5382 815 5436; x_wconf 75' lang='lat' dir='ltr'><strong>Parallelis</strong></span> <span class='ocrx_word' id='word_1_751' title='bbox 866 5382 1282 5445; x_wconf 82' lang='lat' dir='ltr'><strong>Damasceuicis,</strong></span> <span class='ocrx_word' id='word_1_752' title='bbox 1341 5393 1467 5436; x_wconf 84' lang='lat' dir='ltr'><strong>tum.</strong></span> <span class='ocrx_word' id='word_1_753' title='bbox 1515 5382 1575 5447; x_wconf 92' lang='lat' dir='ltr'><strong>II,</strong></span> <span class='ocrx_word' id='word_1_754' title='bbox 1622 5399 1741 5452; x_wconf 78' lang='lat' dir='ltr'><strong>pag.</strong></span> <span class='ocrx_word' id='word_1_755' title='bbox 1785 5383 1908 5448; x_wconf 74' lang='lat'><strong>9.99,</strong></span> 
     </span>
    </p>
   </div>
   <div class='ocr_carea' id='block_1_106' title="bbox 292 5452 1908 5512">
    <p class='ocr_par' dir='ltr' id='par_1_106' title="bbox 292 5452 1908 5512">
     <span class='ocr_line' id='line_1_106' title="bbox 292 5452 1908 5512; baseline -0.002 -5"><span class='ocrx_word' id='word_1_756' title='bbox 292 5460 406 5512; x_wconf 78' lang='lat' dir='ltr'><strong>ubi</strong></span> <span class='ocrx_word' id='word_1_757' title='bbox 459 5456 647 5508; x_wconf 86' lang='lat' dir='ltr'><strong>minus</strong></span> <span class='ocrx_word' id='word_1_758' title='bbox 685 5466 830 5507; x_wconf 73' lang='lat' dir='ltr'><strong>recte</strong></span> <span class='ocrx_word' id='word_1_759' title='bbox 875 5454 1215 5506; x_wconf 79' lang='lat' dir='ltr'><strong>doctissimus</strong></span> <span class='ocrx_word' id='word_1_760' title='bbox 1268 5452 1442 5503; x_wconf 81' lang='lat' dir='ltr'><strong>editor</strong></span> <span class='ocrx_word' id='word_1_761' title='bbox 1487 5455 1672 5506; x_wconf 78' lang='lat' dir='ltr'><strong>sei-ibit</strong></span> <span class='ocrx_word' id='word_1_762' title='bbox 1718 5456 1908 5507; x_wconf 76' lang='lat' dir='ltr'><strong>eadem</strong></span> 
     </span>
    </p>
   </div>
   <div class='ocr_carea' id='block_1_107' title="bbox 291 5520 1910 5594">
    <p class='ocr_par' dir='ltr' id='par_1_107' title="bbox 291 5520 1910 5594">
     <span class='ocr_line' id='line_1_107' title="bbox 291 5520 1910 5594; baseline -0.001 -17"><span class='ocrx_word' id='word_1_763' title='bbox 291 5528 420 5594; x_wconf 68' lang='lat' dir='ltr'><strong>legi</strong></span> <span class='ocrx_word' id='word_1_764' title='bbox 463 5525 610 5594; x_wconf 78' lang='lat' dir='ltr'><strong>apud</strong></span> <span class='ocrx_word' id='word_1_765' title='bbox 650 5521 1000 5594; x_wconf 80' lang='lat' dir='ltr'><strong>Epiphanium</strong></span> <span class='ocrx_word' id='word_1_766' title='bbox 1047 5520 1376 5594; x_wconf 15' lang='lat' dir='ltr'><strong>Anco_rat.i_§</strong></span> <span class='ocrx_word' id='word_1_767' title='bbox 1404 5538 1477 5594; x_wconf 12' lang='lat' dir='ltr'><strong>rx.</strong></span> <span class='ocrx_word' id='word_1_768' title='bbox 1502 5522 1786 5594; x_wconf 26' lang='lat' dir='ltr'><strong>Cit-ternm</strong></span> <span class='ocrx_word' id='word_1_769' title='bbox 1825 5523 1910 5574; x_wconf 86' lang='lat' dir='ltr'><strong>hic</strong></span> 
     </span>
    </p>
   </div>
   <div class='ocr_carea' id='block_1_108' title="bbox 287 5589 1910 5662">
    <p class='ocr_par' dir='ltr' id='par_1_108' title="bbox 287 5589 1910 5662">
     <span class='ocr_line' id='line_1_108' title="bbox 287 5589 1910 5662; baseline -0.002 -17"><span class='ocrx_word' id='word_1_770' title='bbox 287 5589 457 5662; x_wconf 55' lang='lat' dir='ltr'><strong>ap&#39;ud</strong></span> <span class='ocrx_word' id='word_1_771' title='bbox 495 5589 850 5646; x_wconf 13' lang='lat' dir='ltr'><strong>Damasie.’ita</strong></span> <span class='ocrx_word' id='word_1_772' title='bbox 882 5593 1102 5659; x_wconf 76' lang='lat' dir='ltr'><strong>legimus</strong></span> <span class='ocrx_word' id='word_1_773' title='bbox 1136 5609 1148 5641; x_wconf 86' lang='lat'><strong>:</strong></span> <span class='ocrx_word' id='word_1_774' title='bbox 1184 5589 1250 5641; x_wconf 80' lang='grc' dir='ltr'>Ὦ</span> <span class='ocrx_word' id='word_1_775' title='bbox 1279 5589 1626 5662; x_wconf 12' lang='grc' dir='ltr'>ᾼΤριὰςγὰγίαν</span> <span class='ocrx_word' id='word_1_776' title='bbox 1648 5592 1910 5662; x_wconf 73' lang='grc' dir='ltr'>ἀριθμου-</span> 
     </span>
    </p>
   </div>
   <div class='ocr_carea' id='block_1_109' title="bbox 286 5660 1910 5739">
    <p class='ocr_par' dir='ltr' id='par_1_109' title="bbox 286 5660 1910 5739">
     <span class='ocr_line' id='line_1_109' title="bbox 286 5660 1910 5739; baseline 0.002 -28"><span class='ocrx_word' id='word_1_777' title='bbox 286 5660 483 5739; x_wconf 68' lang='grc' dir='ltr'>μένη,</span> <span class='ocrx_word' id='word_1_778' title='bbox 520 5662 694 5731; x_wconf 73' lang='grc' dir='ltr'>Τριάς</span> <span class='ocrx_word' id='word_1_779' title='bbox 722 5663 776 5712; x_wconf 82' lang='grc' dir='ltr'>ὲν</span> <span class='ocrx_word' id='word_1_780' title='bbox 803 5662 880 5713; x_wconf 76' lang='grc' dir='ltr'>ἐνὶ</span> <span class='ocrx_word' id='word_1_781' title='bbox 913 5662 1151 5739; x_wconf 44' lang='grc' dir='ltr'>ὀνόματι.</span> <span class='ocrx_word' id='word_1_782' title='bbox 1175 5660 1572 5739; x_wconf 75' lang='grc' dir='ltr'>ᾀριθμουμένη.</span> <span class='ocrx_word' id='word_1_783' title='bbox 1603 5661 1646 5713; x_wconf 86' lang='lat'><em>0</em></span> <span class='ocrx_word' id='word_1_784' title='bbox 1680 5660 1910 5739; x_wconf 70' lang='lat' dir='ltr'><strong>&#39;l&#39;rinitas</strong></span> 
     </span>
    </p>
   </div>
   <div class='ocr_carea' id='block_1_110' title="bbox 280 5730 1912 5800">
    <p class='ocr_par' dir='ltr' id='par_1_110' title="bbox 280 5730 1912 5800">
     <span class='ocr_line' id='line_1_110' title="bbox 280 5730 1912 5800; baseline -0.004 -11"><span class='ocrx_word' id='word_1_785' title='bbox 280 5730 502 5792; x_wconf 55' lang='lat' dir='ltr'><strong>Saucia</strong></span> <span class='ocrx_word' id='word_1_786' title='bbox 546 5730 666 5800; x_wconf 70' lang='lat' dir='ltr'><strong>qua:</strong></span> <span class='ocrx_word' id='word_1_787' title='bbox 722 5732 1058 5796; x_wconf 81' lang='lat' dir='ltr'><strong>numeraris;</strong></span> <span class='ocrx_word' id='word_1_788' title='bbox 1109 5730 1338 5783; x_wconf 77' lang='lat' dir='ltr'><strong>Trinitas</strong></span> <span class='ocrx_word' id='word_1_789' title='bbox 1396 5747 1499 5782; x_wconf 85' lang='lat' dir='ltr'><strong>uno</strong></span> <span class='ocrx_word' id='word_1_790' title='bbox 1559 5733 1765 5784; x_wconf 79' lang='lat' dir='ltr'><strong>nomine</strong></span> <span class='ocrx_word' id='word_1_791' title='bbox 1813 5748 1912 5784; x_wconf 84' lang='lat' dir='ltr'><strong>nu-</strong></span> 
     </span>
    </p>
   </div>
   <div class='ocr_carea' id='block_1_111' title="bbox 281 5820 546 5859">
    <p class='ocr_par' dir='ltr' id='par_1_111' title="bbox 281 5820 546 5859">
     <span class='ocr_line' id='line_1_111' title="bbox 281 5820 546 5859; baseline -0.023 0"><span class='ocrx_word' id='word_1_792' title='bbox 281 5820 546 5859; x_wconf 63' lang='lat' dir='ltr'><strong>marum.</strong></span> 
     </span>
    </p>
   </div>
   <div class='ocr_carea' id='block_1_112' title="bbox 370 5867 1911 5947">
    <p class='ocr_par' dir='ltr' id='par_1_112' title="bbox 370 5867 1911 5947">
     <span class='ocr_line' id='line_1_112' title="bbox 370 5867 1911 5947; baseline -0.002 -20"><span class='ocrx_word' id='word_1_793' title='bbox 370 5879 458 5947; x_wconf 76' lang='grc' dir='ltr'><strong>(ι)</strong></span> <span class='ocrx_word' id='word_1_794' title='bbox 509 5875 666 5924; x_wconf 72' lang='lat' dir='ltr'><strong>Mor.</strong></span> <span class='ocrx_word' id='word_1_795' title='bbox 701 5869 758 5924; x_wconf 88' lang='lat' dir='ltr'><strong>In</strong></span> <span class='ocrx_word' id='word_1_796' title='bbox 792 5870 1210 5925; x_wconf 80' lang='lat' dir='ltr'><strong>edito‘Damasc.</strong></span> <span class='ocrx_word' id='word_1_797' title='bbox 1258 5867 1406 5924; x_wconf 88' lang='lat' dir='ltr'><strong>locus</strong></span> <span class='ocrx_word' id='word_1_798' title='bbox 1451 5870 1530 5925; x_wconf 90' lang='lat' dir='ltr'><strong>sic</strong></span> <span class='ocrx_word' id='word_1_799' title='bbox 1581 5870 1911 5940; x_wconf 81' lang='lat' dir='ltr'><strong>interpuugi-</strong></span> 
     </span>
    </p>
   </div>
  </div>
