4048 6484
1490 422 1549 476 8.
1589 412 2036 475 AMPHILOCBH
2073 406 2456 469 ICDNIENSIS
2491 397 2799 459 EPISCOPI

3688 385 3810 448 Ιοι

2122 549 2224 610 VI.

1181 684 1267 741 Ea:
1293 684 1595 740 collectione
1621 683 1931 739 Barlaliami
1956 698 2065 752 reg.
2096 680 2217 735 cod.
2253 692 2354 732 ms.
2389 670 2592 730 emend.
2625 687 2690 727 es:
2713 667 2831 724 cod.
2868 660 3162 721 Sirmondi.

546 804 906 873 Ampltilocliii
960 803 1183 872 episcopi
1234 804 1455 866 leonii,
1486 819 1552 857 ea:
1594 819 1830 857 sermone
1857 802 2115 873 primoyin

2234 789 2979 873 Ἀμφμοκιου.έεξισκδπρει
3015 775 3812 873 ἰκρνίτξτίιέὲξθῖίὲξιὶῖῆξ

615 871 780 938 illud,
826 879 895 929 Ue
932 871 1016 929 die
1058 871 1240 956 illa_et
1268 874 1401 929 hora
1433 875 1475 906 “
1515 892 1530 929 :
1560 873 1693 927 duos
1727 874 1865 927 enim
1898 873 1954 926 in
1980 871 2114 925 illud

619 958 874 999 tractatus
907 952 1215 1013 composuit.

617 1035 751 1091 Cum
789 1044 966 1088 autem
1015 1035 1181 1099 dicit,
1214 1034 1394 1100 Neque
1439 1031 1616 1087 Filius
1639 1075 1655 1101 ,
1685 1034 1787 1087 nisi
1834 1031 1996 1087 Pater
2026 1033 2071 1064 "
2101 1050 2116 1086 :

553 1142 657 1179 non
707 1125 827 1179 Filii
868 1126 1226 1194 ignorantiam
1256 1126 1573 1186 ementitur.
1602 1126 1697 1180 sed
1742 1126 1962 1194 exponit
1996 1139 2123 1178 cau-

548 1233 665 1271 sam
713 1216 951 1271 scientia:
987 1234 1000 1270 :
1051 1215 1192 1269 Nam
1236 1218 1360 1286 quia
1407 1217 1582 1270 omnia
1623 1232 1940 1284 quotcunque
1972 1215 2122 1269 habet

552 1307 733 1372 Pater,
765 1309 939 1377 palam
982 1307 1109 1361 Filii
1140 1318 1256 1361 sunt
1284 1309 1367 1374 ";
1405 1324 1579 1377 neque
1612 1308 1799 1373 Filius,
1832 1308 1934 1361 nisi
1965 1308 2125 1363 Patre

551 1400 817 1463 habente,
849 1415 1036 1453 eorum
1090 1400 1332 1453 notitiam
1389 1399 1634 1456 haberet.
1680 1400 1747 1453 AI
1794 1399 1918 1468 quia
1964 1397 2124 1453 Pater

556 1493 758 1546 habet:
810 1491 1113 1545 confessum
1146 1506 1275 1559 ergo
1321 1500 1402 1545 est
1453 1491 1656 1546 habere
1690 1492 1856 1545 etiam
1904 1490 2121 1546 Filium.

552 1582 876 1635 l’articulam
912 1583 1080 1644 enim,
1119 1582 1241 1648 nisi,
1269 1580 1550 1634 consuevit
1581 1580 1865 1650 Scriptura
1901 1596 2122 1650 ponere,

551 1672 872 1740 quandoque
906 1670 1120 1737 quidem
1173 1670 1458 1739 negative;
1504 1669 1809 1737 cujusmodi
1838 1681 1916 1725 est
1951 1670 2121 1724 illud:

555 1762 727 1815 Nemo
763 1763 859 1813 scit
885 1776 1001 1829 qua:
1050 1769 1170 1812 sunt
1207 1760 1432 1812 ltoutinis
1458 1799 1473 1822 ,
1506 1761 1609 1813 nisi
1643 1761 1858 1827 spiritus
1901 1760 2127 1813 ltotninis

550 1854 640 1924 qui
667 1865 739 1907 est
771 1858 821 1907 in
853 1856 963 1922 ipso
995 1867 1014 1904 :
1041 1853 1119 1907 ita
1157 1862 1205 1905 et
1243 1868 1359 1921 qum
1392 1852 1485 1905 Dei
1515 1862 1633 1905 sunt
1668 1868 1817 1905 nemo
1852 1851 2087 1922 cognorit
2108 1890 2124 1916 ,

552 1947 652 1999 nisi
689 1943 914 2010 Spiritus
951 1946 1041 2015 qui
1075 1952 1240 1998 estea:
1268 1944 1375 1998 Deo
1406 1943 1484 2009 “;
1520 1945 1845 2015 quandoque
1872 1959 1999 2000 vero
2035 1960 2129 2012 po-

554 2036 652 2098 nit,
696 2035 758 2087 ad
802 2050 986 2089 eorum
1018 2050 1133 2102 qua:
1179 2034 1357 2087 futura
1391 2034 1605 2103 quidem
1649 2034 2124 2103 exspectabantur,

2553 864 2647 917 καὶ
2679 861 2848 937 ᾧρας,
2884 858 3071 927 λόγου
3098 859 3167 937 α’.
3201 853 3317 905 Δύο
3344 850 3454 922 γὰρ
3484 850 3645 915 αὐτῷ
3668 850 3806 919 περὶ

2293 924 2511 991 iacio.)
2538 924 2895 998 πεποίὴνται
2923 924 3332 994 σιιντάγματα.

2294 1028 2462 1081 Ὅταν
2495 1023 2553 1077 δὲ
2579 1022 2729 1093 εῐπῃ,
2760 1016 2914 1073 Οὐδὲ
2940 1018 2972 1070 ὁ
2997 1013 3149 1078 Υἱὸς,
3181 1013 3235 1064 εὶ
3263 1008 3353 1080 μὴ
3382 1011 3414 1063 ὀ
3448 1005 3674 1075 Πατὴρ,
3705 1004 3811 1059 οὐκ

2224 1119 2450 1187 ἄγνοιαν
2474 1114 2570 1168 τοῦ
2597 1111 2729 1165 Υἱοῦ
2760 1105 3156 1177 καταψεύδεται
3176 1119 3191 1134 ⁸
3222 1101 3358 1156 ἀλλὰ
3377 1101 3475 1171 τὴν
3500 1098 3679 1154 αἰτίαν
3704 1097 3811 1167 τῆς

2229 1205 2483 1277 γνώσεως
2529 1201 2848 1275 ὲρμηνεύει.
2893 1194 3113 1266 Ἐπειδὴ
3145 1194 3255 1263 γὰρ
3288 1191 3466 1245 πάντα
3493 1189 3743 1277 ὃσαᾼέχει
3779 1190 3813 1240 ὁ

2225 1270 2441 1367 Πατὴρ,
2470 1270 2726 1346 τοῖι-Ῠὶοὒ
2755 1286 3036 1360 προδήλως
3066 1283 3224 1348 εἰσὶν,
3244 1280 3351 1367 οὐδέ
3376 1278 3442 1333 ἂν
3471 1279 3500 1331 6
3538 1270 3666 1338 1‘16;
3690 1270 3812 1346 εἶχε

2225 1388 2327 1460 τὴν
2365 1366 2571 1441 τούτων
2603 1382 2826 1454 γνῶσιν,
2853 1381 2902 1432 εἰ
2933 1377 3007 1449 μὴ
3034 1379 3062 1429 6
3090 1374 3280 1444 Πατῆρ
3314 1366 3427 1442 εἶχε
3449 1370 3549 1440 τὴν
3577 1366 3809 1460 γνῶοξιν.

2237 1478 2400 1532 Ἀλλὰ
2437 1476 2542 1548 μὴν
2576 1477 2605 1528 6
2632 1472 2824 1543 Πατὴρ
2858 1470 2992 1541 ἔχει,
3024 1470 3120 1521 καὶ
3150 1468 3178 1520 6
3225 1464 3357 1527 Υἱὸς
3402 1462 3582 1516 τοίνυν
3617 1459 3819 1532 ὁμολο-

2225 1572 2506 1643 γουμένως
2533 1569 2668 1641 ἔχει.
2700 1567 2775 1621 Τὸ
2795 1565 2905 1636 γὰρ
2930 1564 2982 1617 el
3007 1560 3116 1631 μὴ,
3152 1559 3282 1613 ποτὲ
3317 1558 3416 1628 μὲν
3447 1557 3540 1609 ἐπὶ
3564 1553 3658 1608 τοῦ
3687 1569 3818 1607 στε-

2234 1662 2458 1737 ρητικοῦ
2495 1663 2712 1716 τάττειν
2764 1656 2955 1711 εἴωθεν
3003 1657 3036 1725 ἡ
3070 1652 3297 1724 Γραφήο
3340 1650 3416 1712 ὡς
3462 1648 3558 1712 τὸ,
3597 1644 3817 1737 Οὐδεὶς

2227 1732 2348 1812 εἶδε
2393 1756 2467 1810 τὰ
2514 1755 2621 1808 τοῦ
2670 1749 2985 1819 ἀνθρώπου
3006 1788 3021 1813 ,
3071 1749 3123 1800 εὶ
3169 1745 3255 1815 μὴ
3309 1743 3376 1797 τὸ
3414 1739 3650 1810 πνεῦμα
3700 1732 3814 1792 τοῦ

2233 1847 2583 1916 ἀνθρώπου,
2613 1844 2678 1898 τὸ
2715 1842 2785 1897 ἑν
2828 1839 2990 1905 αὐτῷ
3013 1857 3025 1869 ’
3061 1838 3215 1892 οὕτω
3257 1836 3356 1889 καὶ
3411 1834 3483 1888 τὰ
3519 1831 3626 1887 τοῦ
3661 1829 3816 1884 Θεοῦ

2232 1941 2435 2006 οὐδεὶς
2478 1935 2641 1993 οἶδεν
2660 1976 2675 2000 ,
2704 1938 2757 1989 εί
2793 1934 2878 2004 μὴ
2907 1931 2974 1987 τὸ
3008 1930 3254 2000 Πνεῦμα
3285 1928 3350 1982 τὸ
3397 1928 3467 1981 ἐκ
3497 1924 3605 1979 τοῦ
3635 1922 3810 1978 θεοῦ·

2232 2032 2365 2086 ποτὲ
2412 2032 2469 2084 δὲ
2501 2030 2581 2095 τὸ,
2608 2031 2661 2083 εὶ
2681 2027 2790 2098 μὴ,
2821 2027 3022 2097 τίθησι,
3048 2025 3147 2094 τῆς
3182 2023 3291 2077 τῶν
3328 2018 3815 2093 προσδοκηθέντων

555 2141 894 2197 nequaquam
922 2133 1101 2180 tamen
1137 2136 1456 2192 evenerunt,
1491 2127 1751 2179 rationem
1780 2126 2126 2188 reddendam,

2236 2123 2354 2193 μὲν,
2393 2120 2589 2192 μηκέτι
2626 2119 2682 2172 δὲ
2715 2118 3022 2189 γενομένων
3047 2115 3226 2179 αἰτίας
3253 2114 3350 2185 τὴν
3378 2113 3636 2166 ἀπόδοσιν
3669 2128 3813 2181 παρ-

555 2228 615 2272 ιιι
640 2234 760 2273 cum
785 2220 856 2271 ait
886 2236 900 2272 :
947 2218 1066 2271 Nisi
1107 2218 1357 2271 Dominus
1390 2218 1623 2272 Sabaoth
1659 2217 1949 2286 reliquisset
1985 2218 2131 2271 nobis

2241 2211 2482 2265 ιστῶσα·
2525 2204 2671 2274 οἷον,
2706 2210 2834 2263 ὃταν
2885 2208 3054 2281 λέγῃ·
3099 2208 3168 2259 Ei
3193 2206 3279 2275 μὴ
3322 2206 3539 2272 Κύριος
3568 2200 3815 2256 Σαϐαὼθ

557 2325 752 2372 semen,
788 2312 920 2362 sicut
964 2307 1195 2363 Sodoma
1225 2300 1350 2373 fricti
1384 2324 1631 2372 essemus,
1655 2319 1701 2359 et
1742 2308 1876 2359 sicut
1911 2306 2133 2361 Gomor-

562 2401 655 2451 rlm
686 2399 876 2451 similes
927 2398 1204 2465 fuissemus
1239 2396 1305 2447 ⁸⁵.
1336 2397 1469 2462 Quia
1496 2397 1656 2465 igitur
1702 2396 1918 2465 reliquit
1977 2397 2132 2452 nobis

558 2504 776 2552 semen;
828 2487 1241 2555 hattdquaquattt
1286 2486 1411 2538 lacti
1454 2503 1640 2540 smnus
1681 2487 1823 2541 sicut
1862 2486 2129 2553 Sodoma,

561 2594 662 2634 nec
706 2594 833 2632 vero
875 2577 1189 2632 Gomorrha:
1235 2577 1439 2631 similes
1464 2578 1756 2631 evasimus.
1795 2578 1857 2630 Et
1892 2578 2126 2630 iterum:

565 2669 688 2726 Nisi
716 2672 838 2739 quia
868 2668 1122 2722 Dominus
1168 2668 1374 2735 adjuvit
1418 2683 1535 2731 me;
1578 2670 1734 2735 paulo
1772 2669 1943 2721 minus
1979 2667 2130 2720 habi-

561 2773 718 2816 tasset
750 2764 804 2816 in
830 2761 1034 2829 inferno
1067 2760 1243 2813 aninta
1280 2776 1393 2813 mea
1423 2759 1488 2811 ⁸⁸.
1522 2758 1964 2826 Quandoquidem
2003 2774 2132 2829 ergo

564 2866 649 2904 nte
673 2850 875 2918 adjuvit
896 2849 1538 2917 Dominus,‘nequaquam
1563 2849 1824 2902 habitavit
1846 2849 1899 2902 in
1924 2849 2133 2904 inferno

562 2942 743 2996 anima
775 2955 919 2993 mea.
952 2938 1060 2992 Nec
1090 2939 1217 2993 illud
1242 2938 1396 3006 longe
1425 2940 1611 2992 abest:
1654 2936 1775 2991 Nisi
1802 2940 1926 3008 quia
1955 2940 2136 2995 Domi-

562 3048 662 3086 nus
687 3038 799 3083 erat
828 3030 883 3081 in
914 3028 1060 3081 nobis
1086 3066 1101 3091 ,
1136 3045 1252 3081 cum
1289 3041 1618 3097 exsurgerent
1653 3030 1886 3083 homines
1921 3031 1975 3083 in
2006 3047 2130 3097 nos,

564 3124 701 3191 forte
731 3121 866 3174 rivos
918 3118 1253 3187 deglutissent
1291 3135 1382 3171 nos
1404 3118 1468 3171 ".
1514 3120 1646 3185 Quia
1681 3120 1842 3187 igitur
1880 3120 2136 3175 Dominus

562 3215 615 3268 in
655 3212 810 3268 nobis
834 3223 936 3276 est,
972 3210 1145 3279 palam
1180 3209 1271 3273 ιιι,
1313 3210 1452 3280 quod
1495 3226 1599 3264 non
1632 3210 1979 3279 deglutierinl
2013 3226 2129 3268 nos.

565 3305 658 3357 Sic
698 3306 878 3371 itaque
912 3304 1081 3365 etiam
1109 3301 1210 3356 hoc
1236 3301 1383 3367 loco,
1415 3300 1596 3371 Neque
1632 3300 1680 3354 F
1684 3302 1807 3355 ilius
1832 3306 1997 3369 novit,
2030 3305 2132 3358 nisi

570 3396 747 3449 Pater.
777 3395 909 3462 Quia
945 3411 1074 3466 ergo
1117 3395 1265 3449 novit
1301 3393 1480 3460 Pater,
1517 3392 1819 3448 confessum
1849 3403 1961 3460 est,
1992 3393 2133 3460 quiod

2232 2300 2625 2370 ἐγκατέλιπεν
2651 2300 2799 2370 ἡμῖν
2824 2294 3084 2383 σπέρμα,
3119 2299 3198 2365 ὡς
3228 2297 3459 2366 Σόδομα
3484 2295 3563 2349 ἂν
3597 2294 3812 2365 ἐγενή-

2235 2395 2451 2461 θημεν,
2505 2392 2600 2445 καὶ
2638 2392 2717 2457 ὡς
2754 2392 3030 2459 Γόμορῤα
3063 2389 3141 2443 ἂν
3172 2385 3565 2459 ὡμοιώθημεν.
3601 2385 3815 2441 Οὐκοῦν

2236 2485 2534 2557 ἐπειδήπερ
2568 2484 2926 2553 ἐγκατέλιπεν
2973 2486 3103 2554 ἡμῖν
3138 2483 3390 2553 σπέρμα,
3425 2480 3609 2535 οὐκέτι
3649 2478 3814 2547 γεγό-

2236 2593 2407 2646 ναμεν
2433 2575 2508 2639 ὡς
2546 2576 2775 2645 Σόδομα,
2810 2573 2933 2627 οὔτε
2985 2573 3089 2644 μὴν
3120 2573 3194 2636 ὡς
3230 2572 3484 2643 Γόμορρα
3523 2568 3814 2641 ὡμοιώθη-

2241 2683 2360 2738 μεν.
2402 2667 2512 2719 Καὶ
2548 2665 2736 2718 πάλιν·
2778 2666 2845 2718 El
2872 2664 2959 2734 μὴ
2995 2664 3085 2717 ὅτι
3116 2665 3332 2731 Κύριος
3363 2660 3660 2729 ἐϐοήθησέ
3685 2678 3810 2731 μοι,

2236 2758 2587 2829 παραϐραχὺ
2610 2756 2933 2827 παρῴκησε
2957 2755 3034 2822 τῷ
3054 2756 3168 2824 ᾅδῃ
3195 2759 3232 2825 ἠ
3253 2755 3422 2825 ψυχή
3437 2772 3577 2824 μου.
3600 2753 3813 2808 Οὐκοῦν
3883 2806 3897 2818 ,

2236 2851 2538 2922 ἐπειδήπερ
2563 2850 2832 2922 ἐδοήθησέ
2862 2866 2951 2920 μοι
2983 2851 3012 2902 6
3043 2848 3268 2919 Κύριος,
3291 2847 3478 2901 οὐκέτι
3507 2843 3812 2917 παριξικησε

2235 2940 2314 3012 τῷ
2342 2940 2441 3011 ᾅδῃ
2465 2944 2499 3011 ἡ
2530 2940 2675 3011 ψυχή
2712 2956 2833 3011 μου.
2857 2939 3243 3011 Παραπλησίον
3266 2939 3321 2992 δὲ
3346 2939 3570 3010 κᾴκεῖνο
3593 2956 3607 2970 ο
3634 2939 3701 2992 El
3723 2938 3811 3006 μὴ

2188 3074 2191 3075 ν
2237 3033 2325 3086 ὅτι
2370 3034 2586 3100 Κύριος
2627 3032 2697 3084 ἐν
2729 3031 2894 3100 ἡμῖν,
2927 3032 2997 3083 ἐν
3034 3029 3113 3095 τῷ
3143 3030 3557 3099 ἐπαναστῆναι
3585 3028 3812 3097 ἀνθρώυ

2238 3139 2391 3189 πους
2423 3124 2513 3192 ἐφ’
2556 3121 2717 3192 ἡμᾶς
2738 3162 2752 3186 ,
2785 3121 2901 3190 ἄρα
2952 3120 3170 3187 ζῶντας
3207 3121 3284 3175 ἂν
3315 3120 3600 3175 κατέπιον
3629 3119 3812 3190 ἡμᾶς.

2239 3212 2449 3266 Οὐκοῦν
2480 3212 2778 3283 ἐπειδήπερ
2807 3211 3010 3282 Κύριός
3041 3212 3190 3266 ἐστιν
3217 3214 3276 3266 ὲν
3308 3214 3462 3283 ἡμῖν.
3490 3210 3711 3282 εὖδηλον
3736 3212 3814 3275 ὡς

2244 3305 2342 3373 οὐχ
2385 3303 2461 3366 ὡς
2512 3302 2721 3368 ζῶντας
2768 3303 3027 3356 κατέπιον
3071 3304 3239 3374 ἡμᾶς.
3296 3302 3590 3358 Κάνταῦθα
3633 3302 3815 3356 τοίνυν

2239 3394 2430 3459 οὕτως,
2466 3393 2619 3447 Οὐδὲ
2661 3397 2692 3447 ό
2728 3392 2861 3459 Υἱὸς
2887 3390 3068 3458 οἶδεν,
3099 3396 3149 3447 εὶ
3169 3393 3255 3464 μὴ
3289 3398 3321 3449 ό
3351 3394 3574 3463 Πατήρ.
3603 3393 3815 3448 Οὐκοῦν

561 3499 618 3542 et
669 3487 856 3541 Filius.
905 3489 1049 3542 Dixit
1093 3502 1222 3557 ergo
1258 3503 1472 3543 causam
1519 3487 1799 3553 scientiae,
1849 3502 1952 3542 non
1998 3487 2131 3543 falso

2239 3487 2426 3557 ἐπειδὴ
2461 3482 2601 3539 οῐδεν
2641 3489 2668 3539 ὁ
2696 3486 2920 3557 Πατὴρ,
2965 3486 3409 3557 ὁμολογουμένως
3456 3487 3553 3539 καὶ
3594 3487 3623 3538 6
3660 3486 3812 3550 Υἱός.

563 3578 767 3634 aﬂiuxit
802 3580 1183 3650 ignorantiam.

2238 3580 2350 3649 Τὴν
2385 3573 2478 3631 οὖν
2521 3579 2702 3632 αἰτίαν
2732 3573 2851 3630 εἷπε
2882 3578 2984 3649 τῆς
3010 3577 3282 3647 γνώσεως,
3311 3579 3432 3650 οὐχὶ
3457 3579 3557 3650 τὴν
3591 3580 3814 3648 ἄγνοιαν

2238 3670 2630 3741 κατεψεύσατο.

2142 3827 2270 3887 VII.

1476 3955 1629 4022 Apud
1663 3951 2030 4007 Tlteodoritum
2059 3951 2198 4006 Dial.
2233 3968 2290 4008 tu
2314 3962 2441 4015 tom.
2475 3951 2562 4018 IV,
2588 3969 2707 4022 pag.
2752 3952 2871 4008 i66.

581 4061 829 4139 Ejusdem
851 4084 914 4122 ea:
943 4071 1179 4124 oratione
1209 4068 1265 4121 in
1284 4067 1417 4121 illud
1437 4066 1659 4139 :_Pater,
1683 4066 1729 4139 si
1755 4066 2009 4135 possibile
2037 4076 2140 4133 est,

959 4149 1198 4195 transeat
1221 4159 1249 4191 a
1285 4152 1372 4192 me
1393 4137 1531 4191 calix
1564 4137 1665 4190 iste
1689 4136 1754 4189 ⁸⁸.

640 4229 720 4283 Ne
762 4245 890 4301 ergo
931 4231 1206 4300 passiones
1258 4228 1439 4282 carnis
1483 4228 1535 4282 in
1572 4227 1808 4283 Verbum
1849 4230 2144 4299 impatibile

569 4323 889 4390 conjcceris.
938 4324 1079 4377 Deus
1145 4321 1288 4375 enim
1339 4335 1457 4374 sum
1509 4328 1561 4374 et
1606 4320 1809 4387 homo,
1856 4322 2140 4377 lneretice:

564 4417 740 4478 Dens,
782 4428 840 4467 ut
892 4423 1160 4466 testantur
1188 4412 1479 4478 miracula;
1525 4412 1726 4480 homo,
1766 4424 1825 4468 ut
1869 4413 2144 4470 declarant

563 4506 861 4573 passiones.
910 4505 1042 4559 Cum
1080 4520 1210 4575 ergo
1246 4506 1346 4560 sim
1386 4505 1529 4561 Deus
1564 4516 1619 4560 et
1663 4506 1824 4560 homo
1850 4546 1865 4570 ,
1904 4506 1991 4560 dic
2019 4508 2140 4576 quis

560 4610 752 4665 passus
774 4595 888 4650 est?
922 4595 978 4649 Si
1017 4595 1181 4649 Deum
1218 4610 1436 4664 passum
1471 4597 1695 4660 dixeris,
1725 4594 1893 4650 literis
1928 4596 2140 4651 locutus

563 4687 992 4755 blasphemiam;
1024 4686 1107 4738 sin
1145 4698 1323 4740 autem
1352 4702 1593 4751 carnem,
1627 4703 1724 4741 cur
1747 4688 1795 4741 ci
1830 4687 2136 4754 passionem

566 4791 670 4830 non
698 4778 924 4840 tribuis,
982 4779 1068 4831 cui
1130 4787 1327 4831 metum
1383 4779 1650 4832 ascribis?
1687 4778 1807 4832 Alio
1852 4778 1995 4833 enim
2043 4793 2138 4846 pa-

566 4866 752 4928 tiente,
780 4870 914 4923 alius
948 4885 1052 4923 non
1100 4870 1460 4938 pertimescit;
1492 4880 1541 4924 et
1582 4871 1705 4925 dum
1735 4870 1894 4926 homo
1927 4870 2140 4926 cruciti-

568 4955 733 5027 gitur,
774 4957 914 5021 Deus
952 4975 1055 5013 non
1092 4960 1461 5037 perturbatur.

2244 4068 2354 4121 Τοῦ
2384 4068 2629 4140 αὐτοῦ,
2649 4069 2717 4140 ἐκ
2744 4068 2850 4123 τοῦ
2892 4071 3080 4140 λόγου
3111 4069 3215 4125 τοῦ
3254 4072 3342 4137 εὶς
3367 4069 3467 4135 τὸ,
3499 4069 3560 4122 Εἰ
3587 4069 3839 4136 δυνατὸν,

2430 4138 2753 4210 παρελθέτω
2785 4141 2880 4192 ἀπ’
2912 4138 3050 4211 ἐμοῦ
3080 4141 3140 4194 τὸ
3169 4143 3428 4213 ποτήριον
3459 4140 3634 4194 τοῦτο.

2308 4231 2401 4302 Μὴ
2429 4233 2498 4285 τὰ
2524 4231 2672 4302 πάθη
2696 4227 2788 4286 οὖν
2810 4233 2910 4303 τῆς
2941 4233 3144 4303 σαρκὸς
3170 4231 3247 4302 τῷ
3277 4232 3483 4286 ἀπαθεῖ
3506 4233 3812 4306 προσρίψῃς

2238 4324 2425 4397 Λόγῳ·
2455 4326 2587 4389 Θεὸς
2613 4326 2722 4397 γάρ
2750 4328 2865 4396 εἰμι
2889 4327 2983 4380 καὶ
3012 4326 3316 4398 ἄνθρωπος,
3346 4328 3622 4399 αἱρετικέ·
3657 4328 3809 4393 Θεὸς,

2237 4417 2312 4481 ὡς
2336 4420 2599 4487 ἐγγυᾶται
2639 4418 2707 4471 τὰ
2742 4418 3032 4489 θαύματα’
3069 4420 3388 4492 ἄνθρωπος,
3428 4422 3504 4486 ὡς
3547 4423 3815 4494 μαρτυρεῖ

2237 4510 2307 4563 τὰ
2347 4510 2668 4581 παθήματα.
2720 4511 2872 4564 Ἐπεὶ
2909 4507 3001 4566 οὖν
3039 4512 3170 4581 Θεός
3210 4511 3285 4583 (5)
3328 4514 3445 4584 εἰμι
3484 4515 3577 4568 καὶ
3614 4513 3815 4585 ἄνθρω-

2240 4618 2359 4664 πος,
2390 4602 2533 4666 εἰπὲ,
2565 4603 2648 4666 τίς
2674 4606 2702 4656 6
2733 4601 2959 4668 παθών;
2993 4604 3057 4656 Εἰ
3091 4604 3118 4655 ὁ
3147 4604 3279 4669 Θεὸς
3312 4605 3533 4669 ἔπαθεν,
3567 4600 3730 4669 εἶπας
3753 4606 3813 4658 τὸ

2240 4691 2560 4765 βλάσφημον
2583 4712 2595 4725 ·
2626 4697 2674 4747 εἰ
2697 4695 2754 4747 δὲ
2777 4700 2809 4766 ἡ
2843 4695 2980 4768 σὰρξ
3006 4695 3352 4770 ἕπαθε,τίμὴ
3376 4699 3437 4752 τὺ
3459 4698 3628 4761 πάθος
3655 4714 3815 4769 προσ-

2239 4784 2451 4848 άπτεις,
2491 4778 2535 4852 ᾧ
2579 4786 2677 4857 τὴν
2707 4786 2908 4841 δειλίαν
2935 4788 3191 4857 ἐπάγεις;
3219 4789 3412 4844 ’Λλλου
3444 4789 3552 4863 γὰρ
3582 4789 3814 4859 πάσχον-

2239 4890 2330 4936 τος
2350 4916 2364 4940 ,
2396 4875 2554 4937 ἄλλος
2584 4877 2645 4928 οὺ
2679 4876 2850 4949 δειλιᾷ
2871 4893 2885 4906 ⁸
2920 4878 3014 4932 καὶ
3047 4878 3336 4951 ἀνθρώπου
3374 4878 3775 4949 σταυρουμένου
3795 4917 3808 4943 ,

2171 4955 2219 5012 Ι)
2244 4963 2376 5026 Θεὸς
2406 4964 2467 5016 οὐ
2498 4967 2843 5038 ταράττεται.

635 5183 677 5214 ⁸¹
717 5180 905 5237 Matth.
941 5198 1087 5243 xxav,
1123 5181 1234 5253 56._
1291 5182 1336 5212 ⁶²
1368 5181 1766 5253 Μοισιηιιιιῶἓ.
1826 5182 2065 5253 53.1mm.
2100 5200 2128 5237 Χ

2249 5184 2335 5239 15.
2414 5184 2461 5217 ⁸⁸
2487 5186 2503 5239 Ι
2529 5185 2655 5242 Cor.
2680 5204 2736 5253 ιι,
2767 5191 2852 5246 Η.
2883 5190 2928 5221 ⁶⁸
2957 5155 3115 5244 Rom.
3150 5204 3225 5250 ix,
3251 5188 3340 5244 ‘29.
3417 5195 3463 5227 σε
3488 5186 3629 5243 PSal.
3661 5202 3808 5251 καιι,

565 5249 653 5306 15.
726 5253 769 5283 ⁸⁷
808 5253 945 5307 Psal.
976 5266 1179 5317 cum,
1210 5251 1265 5305 2.
1343 5252 1386 5284 ⁸⁸
1421 5250 1607 5306 Matth.
1641 5269 1797 5319 sum,
1822 5252 1913 5307 56.

638 5403 714 5472 (5)
766 5405 924 5461 Ἐπεὶ
958 5401 1090 5468 οὗν,
1126 5423 1178 5459 κ.
1203 5423 1254 5462 τ.
1281 5404 1331 5459 λ.
1374 5404 1499 5458 llam
1537 5405 1663 5459 item
1693 5407 1883 5460 recitat
1920 5405 2134 5460 Facun-

567 5472 670 5546 dus
707 5476 794 5546 lib.
829 5492 905 5538 XI,
930 5493 1048 5546 cap.
1085 5478 1138 5540 5,
1175 5492 1293 5546 pag.
1334 5476 1459 5531 762.
1492 5476 1696 5542 Quibus
1736 5487 1911 5529 tamen
1946 5492 2011 5528 ex
2042 5493 2135 5530 ea—

568 5544 688 5614 dem
744 5543 1100 5611 Atiipliilocltii
1155 5543 1401 5601 oratione
1465 5547 1742 5614 sequentia
1798 5546 2131 5613 praemittit:

570 5608 823 5666 «Rursus
850 5608 1317 5747 ἐλιιιιιιιιιυρΙιίιιε)
1371 5618 1436 5669 dc
1488 5608 1555 5669 eo
1598 5616 1740 5683 quod
1773 5608 1972 5668 dictum
2028 5623 2131 5679 cst,

570 5678 749 5744 Pater,
778 5683 821 5734 si
891 5687 963 5734 eri
1007 5698 1191 5747 potest,
1248 5695 1477 5739 transeat
1512 5684 1657 5738 calix
1699 5682 1812 5747 iste,
1848 5683 2002 5747 cnjus
2034 5684 2131 5737 ini-

568 5678 749 5753 lfater,
778 5683 821 5734 si
850 5678 963 5753 fieri
997 5678 1191 5751 potest,
1248 5678 1477 5739 transeat
1512 5678 1657 5738 cali}:
1699 5682 1812 5749 iste,
1848 5683 2002 5753 cnjus
2034 5678 2137 5737 ini-

569 5749 701 5822 tium
737 5762 843 5815 est,
879 5750 1019 5822 Tunc
1073 5749 1205 5808 sicut
1262 5758 1408 5809 miles
1438 5755 1718 5822 legitimus,
1756 5756 1826 5807 ita
1864 5749 1996 5807 dicit
2032 5771 2045 5807 :
2076 5753 2138 5807 Si

565 5820 702 5873 enim
736 5833 932 5891 oportet
961 5820 1155 5877 Filium
1189 5827 1411 5879 Ιιοιιιειιιε
1459 5820 1499 5877 ti
1509 5825 1633 5888 adi;
1682 5824 1942 5894 quomodo
1981 5824 2137 5893 dicis,

2246 5427 2265 5458 ι
2295 5407 2352 5462 Si
2382 5408 2498 5474 fieri
2520 5416 2709 5474 potest,
2742 5417 2971 5461 transeat
3005 5411 3147 5463 calix
3168 5411 3301 5465 istc?
3326 5431 3345 5464 ι
3375 5411 3600 5467 Omnino
3637 5421 3807 5464 autem

2231 5481 2275 5532 si
2318 5480 2425 5547 pati
2459 5480 2689 5539 nolebas,
2721 5480 2848 5546 quid
2870 5479 3098 5541 dicebas,
3138 5500 3156 5532 ι
3187 5480 3436 5535 Transeat
3463 5483 3603 5536 calix:
3628 5481 3762 5534 istc?
3785 5499 3803 5530 ι

2236 5547 2358 5600 Non
2388 5564 2479 5615 ego
2512 5550 2598 5620 qui
2632 5549 2812 5620 calum
2843 5548 2962 5612 feci,
2992 5550 3082 5619 qui
3117 5552 3333 5620 fundavi
3362 5564 3575 5613 terram,
3611 5550 3700 5603 sed
3729 5566 3809 5603 se-

2234 5620 2461 5671 cundum
2494 5628 2543 5670 te
2565 5619 2719 5672 homo
2748 5619 2898 5683 dicit,
2949 5620 3217 5674 declinans
3273 5632 3509 5675 mortem.
3561 5620 3686 5675 Ilaec
3719 5635 3811 5674 au-

2237 5697 2365 5758 tem,
2396 5697 2449 5758 et
2478 5703 2815 5757 quaecunque
2866 5690 3080 5743 demunt
3124 5706 3189 5743 ex
3225 5690 3703 5758 Amphilochianis.
3727 5704 3812 5745 re-

2236 5757 2369 5811 citat
2403 5756 2687 5814 Facundos
2714 5759 2749 5813 Ι.
2787 5774 2835 5813 c.
2865 5760 3241 5828 prmtericrunt
3262 5756 3670 5815 Combeﬁsium.
