4108 6418
445 467 549 525 Hi

1410 454 1469 511 s.
1513 435 1955 509 AMPlllLOCllll
1997 442 2379 504 lCONlENSlS
2416 438 2729 498 EPISGOPI

3599 433 3710 492 H9.

2027 569 2156 628 XIV
2168 615 2180 627 .

1177 675 1328 744 Apud
1377 672 1692 727 Facundum
1727 668 2177 731 Hermianensem,
2209 664 2302 720 lib.
2342 678 2418 725 xl,
2461 677 2576 730 cap.
2604 660 2658 724 '5,
2683 673 2805 727 pag.
2833 654 2957 709 76L

521 777 579 835 In
603 774 839 848 quodam
880 770 1163 833 Sermone,
1199 768 1276 822 ait
1304 764 1614 831 Facundus,
1640 762 1794 832 cujus
1831 760 2032 829 princi-
2063 774 2099 826 Α
2136 756 2273 810 Deus
2302 763 2378 809 est
2412 753 2698 808 secundum
2738 763 2972 803 carnem.
3016 745 3137 816 Ipse
3170 745 3311 799 enim
3354 760 3471 800 eam
3503 746 3709 814 [ormn-

448 874 595 947 pium
637 875 750 935 est,
790 863 957 934 Aﬁ'er,
986 857 1167 915 'hodie
1215 858 1329 929 (10)
1378 856 1654 911 certativos
1701 853 2023 921 attingamus

449 939 751 1023 sermones;
793 955 1020 1023 loquens
1043 949 1110 1005 de
1131 946 1375 1016 e0“quod
1414 945 1616 1000 dictum
1639 951 1721 997 est
1743 964 1773 1010 ,-
1788 939 2024 995 Aseendo

450 1056 520 1107 ad
578 1049 794 1103 Patrem
847 1059 1018 1099 meum
1072 1051 1123 1096 et
1179 1040 1392 1093 Patrem
1453 1037 1713 1097 vestrum,
1766 1031 2026 1086 et-Deum

441 1154 623 1207 meum
662 1150 708 1194 et
751 1137 918 1192 Deum
965 1129 1285 1197 uestrum",
1324 1127 1632 1184 Communis
1676 1132 1785 1191 est,
1831 1123 2022 1193 inquit,

454 1234 646 1295 Pater;
681 1227 846 1282 Pater
870 1225 1034 1293 ipsius
1052 1220 1270 1291 quidem
1302 1224 1516 1287 prapter
1547 1215 2030 1277 na‘turam,noster

452 1334 627 1382 autem
665 1309 1554 1395 prapter'gratiam.‘Communiter
1582 1313 1760 1361 autem
1806 1312 1854 1358 et
1882 1302 2024 1357 Deus

453 1421 653 1474 dicitur
686 1415 799 1489 (ll)
830 1433 843 1468 ι
877 1411 967 1468 sed
998 1414 1175 1464 noster
1205 1403 1422 1477 quidem
1461 1400 1604 1454 Deus
1641 1405 1754 1461 est,
1800 1396 1925 1465 quia
1961 1407 2027 1448 ea:

455 1527 558 1566 non
599 1486 926 1565 exstantibus
977 1517 1071 1557 nos
1127 1506 1184 1553 ut
1222 1506 1463 1552 ‘essemus
1505 1486 1818 1560 [ecit:ejus
1847 1494 2025 1540 autem

2130 847 2200 901 uit
2228 846 2284 899 in
2328 843 2555 915 Virgine,
2587 843 2698 910 ipse
2726 856 2841 896 eam
2874 839 3023 893 unxit
3044 838 3097 892 in
3124 834 3365 891 Iordane
3388 878 3403 900 ,
3446 839 3558 907 ipse
3590 854 3702 891 eam

2131 937 2475 1006 prtedicavit,
2524 936 2633 1003 ipse
2680 948 2794 987 eam
2848 929 3165 1002 gloriﬁcavit
3194 929 3248 983 in
3284 928 3564 994 Passione,
3599 930 3707 997 ipse

2132 1044 2244 1084 eam
2299 1027 2569 1083 suscitavit
2624 1042 2656 1080 a
2713 1023 2973 1088 mortuis,
3026 1022 3083 1075 in
3136 1021 3272 1075 nube
3317 1036 3480 1075 uacua
3518 1022 3703 1083 euexit,

2132 1120 2348 1174 dextera
2402 1119 2524 1173 sede
2583 1118 2794 1187 dignam
2851 1114 3073 1183 faciens.
3132 1110 3264 1165 Haec
3325 1112 3465 1166 enim
3526 1112 3704 1165 omnia

2132 1210 2222 1280 qui
2283 1209 2515 1263 ascendit
2576 1207 2644 1260 ad
2712 1205 2924 1259 Patrem
2973 1208 3183 1256 sumens
3225 1201 3416 1268 habet,
3466 1217 3570 1255 non
3619 1200 3711 1270 qui

2132 1310 2206 1356 est
2249 1300 2307 1353 in
2347 1299 2533 1352 Patre.
2586 1296 2651 1351 Et
2694 1297 2878 1351 in‘ltoc
2921 1294 3036 1348 loco
3081 1301 3384 1358 accusetur,
3416 1292 3555 1363 quod
3608 1307 3710 1343 non

2132 1406 2250 1446 eum
2300 1391 2518 1460 quiest
2575 1389 2633 1441 in
2693 1386 2896 1454 Patre,
2973 1384 3103 1438 dicit
3161 1399 3274 1438 esse
3333 1383 3424 1454 qui
3463 1381 3711 1437 ascendit

2134 1487 2204 1540 ad
2237 1485 2475 1542 Patrem.

2028 1595 2179 1662 ’ΧΨ

1469 1701 1557 1758 Ea:
1584 1698 1888 1758 collectione
1925 1697 2237 1754 Βατιαήαωὶ
2286 1717 2398 1771 reg.
2433 1701 2549 1756 cod.
2588 1706 2689 1754 nis.

647 1810 728 1863 Ad
763 1806 1037 1862 Seleucum
1076 1798 1117 1855 Τ
1123 1796 1296 1869 rajani
1326 1794 1569 1867 prtetoris
1603 1802 1857 1862 nepotem.

520 1966 702 2026 Credo
729 1966 785 2020 in
824 1977 990 2019 unum
1020 1960 1189 2015 Deum
1211 1999 1227 2025 ,
1272 1956 1326 2011 in
1354 1954 1528 2009 tribus
1557 1948 1808 2023 personis
1845 1948 2033 2018 cogni-

454 2072 571 2119 tum
613 2079 626 2116 :
666 2057 1044 2113 universorum
1110 2063 1330 2106 causam
1384 2054 1439 2102 et
1478 2043 1724 2114 opiﬁcem
1776 2059 1789 2096 :
1828 2039 2035 2108 ingeni-

456 2161 570 2207 tttm
603 2167 618 2205 :
648 2139 1254 2216 incomprehensibilem
1299 2153 1313 2191 :
1349 2132 1672 2191 invisibilem
1715 2148 1732 2187 :
1774 2143 2036 2201 superan-

456 2253 564 2299 tem
588 2237 884 2310 cogitatum
923 2253 938 2289 :
979 2228 1510 2297 incircumscriptum
1544 2241 1561 2279 :
1600 2221 2030 2279 immutabilem:

457 2329 829 2390 inVar‘tabll'em
854 2323 1276 2387 :‘im‘mortalem,
1301 2317 1541 2391 passioni
1566 2330 1674 2371 non
1702 2314 2030 2370 obnoxium:

456 2422 780 2494 principium
819 2422 987 2473 unum
1019 2413 1225 2492 absque
1267 2407 1565 2481 principio;
1607 2420 1673 2461 ac
1695 2418 1795 2460 nec
1836 2403 1888 2457 in
1932 2402 2037 2456 alio

385 2503 389 2509 ’
461 2525 733 2585 quoquam
757 2505 1027 2581 passionis
1063 2501 1434 2573 susceptivum
1475 2499 1596 2553 dico
1625 2515 1638 2552 :
1670 2504 1753 2552 est
1775 2494 1916 2550 enim
1945 2506 2040 2549 na-

459 2617 588 2664 tura
618 2606 797 2662 divina
824 2614 1049 2675 prorsus
1079 2614 1108 2653 a
1139 2596 1393 2669 passione
1438 2591 1716 2649 immunis.
1760 2590 1933 2647 Unum
1964 2588 2039 2645 si-

461 2698 678 2771 quidem
710 2695 879 2752 Deum
917 2692 1037 2749 dico
1058 2730 1076 2759 ,
1117 2689 1208 2760 qui
1244 2696 1327 2743 est
1361 2701 1488 2742 vere
1516 2685 1697 2753 Deus,
1748 2682 2036 2755 gentilismi

463 2797 592 2850 deos
622 2788 818 2846 multos
864 2785 1093 2859 fugiens.
1131 2782 1287 2850 Quod
1335 2793 1462 2837 vero
1508 2793 1646 2834 unus
1685 2784 2040 2847 cognoscatur

462 2887 518 2940 in
548 2884 719 2938 tribus
744 2879 1018 2950 personis,
1047 2874 1313 2932 Judaismi
1346 2882 1431 2928 est
1452 2870 1688 2926 eversio.
1717 2867 1854 2923 Nam
1881 2867 2040 2923 Pater

462 2982 519 3035 in
563 2977 699 3033 Filio
728 2984 845 3041 est;
890 2981 948 3027 et
983 2969 1152 3025 Filius
1191 2967 1247 3021 in
1286 2964 1490 3021 Patre:
1523 2960 1784 3031 Spiritum
1826 2960 1957 3014 item
1985 2958 2039 3013 in

465 3072 603 3128 Filio
663 3078 717 3124 et
769 3067 935 3121 Patre
989 3060 1273 3117 conﬁteor.
1320 3056 1491 3112 Porro
1540 3052 1725 3109 Jesum
1768 3050 2040 3106 Christum

2252 1790 2407 1862 Πρὸς
2436 1792 2736 1846 Σέλευκον
2772 1790 2878 1844 τὸν
2902 1789 3156 1862 ἔκγονον
3192 1779 3475 1854 Τραϊανοῦ
3500 1776 3606 1836 ⁸ιθοῦ

2705 1859 3139 1930 στρατηλάτου.

2207 1951 2455 2005 Πιστεύω
2483 1950 2564 2015 εἰς
2585 1950 2681 2003 ἕνα
2704 1949 2838 2003 Θεὸν
2869 1951 2927 2004 ὲν
2950 1946 3096 2019 τρισὶ
3121 1943 3520 2017 γνωριζόμενον
3548 1956 3716 2014 προσ-

2136 2040 2335 2105 ώποις·
2369 2041 2540 2094 αἴτιον
2582 2041 2678 2094 καὶ
2706 2038 3035 2111 δημιουργὸν
3071 2037 3180 2090 τῶν
3210 2035 3487 2096 ἁπάντων,
3519 2031 3720 2103 ἀγένη-

2134 2153 2247 2201 τον,
2286 2134 2692 2207 ἀκατάληπτον,
2718 2133 2967 2203 ἀόρατον,
3003 2127 3376 2199 άνεπινόητον,
3411 2125 3718 2195 ἀπερίγρα-

2137 2245 2256 2298 φον,
2279 2228 2567 2300 ἄτρεπτον,
2596 2223 2972 2288 ἀναλλοίωτον,
2996 2220 3282 2284 ἀθάνατον,
3308 2215 3494 2286 ἀπαθῆ
3522 2230 3537 2245 '
3589 2215 3718 2286 μίαν

2138 2321 2313 2391 ἀρχὴν
2333 2319 2597 2390 ἄναρχον·
2627 2316 2750 2372 οὔτε
2781 2318 2840 2371 ὲν
2866 2315 3036 2387 ἑτέρῳ
3062 2314 3171 2368 τινὶ
3204 2311 3413 2373 πάθους
3447 2300 3597 2362 ἐἶναι
3631 2307 3721 2360 δε-

2140 2412 2330 2482 κτικὴν
2355 2409 2495 2480 φημί
2516 2426 2530 2440 ο
2560 2407 2734 2479 πάντη
2767 2408 2877 2479 γάρ
2894 2404 3109 2475 ἀπαθὴς
3138 2403 3389 2475 τυγχάνει
3415 2403 3447 2472 ἡ
3469 2400 3589 2454 θεία
3615 2398 3719 2469 φύ-

2142 2514 2245 2565 σις.
2275 2502 2541 2572 Ἔναιγὰρ
2556 2500 2687 2554 Θεὸν
2713 2499 2875 2568 λέγω,
2907 2499 2999 2552 τὸν
3019 2498 3187 2559 ὅντως
3214 2496 3343 2549 ὄντα
3369 2493 3503 2548 Θεὸν
3520 2534 3536 2559 ,
3568 2490 3722 2546 πολυ-

2141 2594 2292 2648 θεῖαν
2331 2591 2654 2665 ὲλληνισμοῦ
2698 2592 2934 2662 φεύγων.
2978 2592 3065 2644 Ἐν
3104 2589 3251 2661 τρισὶ
3302 2587 3360 2641 δὲ
3409 2583 3724 2665 προσῴποις

2138 2661 2503 2759 γνωρίζεσθαι
2542 2661 2632 2739 τὸν
2674 2661 2791 2751 ἕνα,
2819 2661 3171 2752 νἸουδαϊσμοῦ
3215 2681 3362 2732 ἐστιν
3417 2661 3718 2746 ἀνατροπὴ.

2140 2779 2331 2852 Πατὴρ
2363 2779 2474 2852 γὰρ
2496 2780 2553 2833 ὲν
2583 2776 2716 2850 Υἱῷ,
2757 2776 2854 2831 καὶ⁵
2884 2776 3011 2839 Υἱὸς
3044 2776 3100 2828 ὲν
3132 2771 3330 2843 Πατρὶ,
3366 2768 3461 2822 καὶ⁸
3496 2766 3722 2837 Πνεῦμα

2141 2873 2199 2927 ὲν
2256 2871 2371 2944 Υἱῷ
2408 2872 2505 2926 καὶ
2553 2870 2728 2940 Πατρὶ
2772 2865 3040 2940 ὁμολογῶ.
3078 2861 3378 2936 Προσκυνῶ
3419 2860 3478 2915 δὲ
3516 2858 3722 2930 Ἰησοῦν

2140 2963 2395 3036 Χριστὸν,
2434 2962 2700 3017 συναῖδιον
2724 2960 2805 3032 τῷ
2832 2959 3009 3030 Πατρὶ
3042 2956 3187 3012 κατὰ
3208 2954 3306 3028 τὴν
3336 2953 3596 3024 θεότηταο
3628 2950 3727 3003 ούκ

2141 3056 2350 3121 οὐσίας,
2388 3055 2487 3126 οὐχ
2533 3052 2820 3127 ὑπάρξεως
2858 3051 3080 3124 τρόπον,
3111 3049 3357 3120 νεότερον
3383 3044 3478 3099 τοῦ
3511 3041 3725 3113 Πατρὶς

467 3166 656 3229 adoro,
681 3157 831 3213 Patri
859 3152 1155 3211 secundum
1189 3148 1522 3205 divinitatem
1546 3152 1911 3208 coaeternum;
1944 3156 2040 3198 nec

2145 3148 2287 3202 κατὰ
2310 3147 2409 3218 τὴν
2433 3146 2683 3218 θεότητα.
2730 3144 2999 3208 Ὡσαύτως
3051 3143 3108 3197 δὲ
3150 3142 3245 3195 καὶ
3295 3138 3356 3193 τὸ
3403 3135 3629 3206 Πνεῦμα
3668 3133 3729 3186 τὸ

468 3252 818 3314 substantiae,
860 3259 958 3303 nec
990 3242 1322 3300 assistentim
1367 3239 1524 3293 modo
1556 3232 1827 3306 juniorem
1864 3235 2046 3299 Patre,

470 3344 611 3401 quod
651 3342 846 3398 attinet
895 3339 963 3392 ad
1012 3335 1289 3391 deitatem.
1324 3329 1590 3386 Simiiiter
1626 3336 1753 3382 Vero
1789 3334 1845 3381 et
1878 3324 2051 3395 Spiri-

496 3451 583 3491 um
620 3441 889 3488 sanctum.
937 3426 1200 3499 Equidem
1230 3420 1432 3477 Filium
1470 3418 1711 3491 genitum
1765 3416 1886 3472 dico
1933 3415 2051 3471 sine

462 3538 714 3596 sempore
750 3532 804 3578 et
835 3519 1139 3593 principio,
1195 3528 1409 3585 semper
1448 3511 1592 3567 Patri
1629 3525 1732 3581 qua
1774 3510 1916 3565 Deus
1944 3516 2045 3577 est,

469 3618 908 3675 coexsistentcm.
976 3611 1048 3665 At
1073 3608 1335 3679 Spiritum
1368 3615 1613 3660 sanctum
1644 3617 1709 3658 ex
1740 3601 1848 3657 Deo
1875 3611 1932 3657 et
1956 3598 2051 3654 Pa-

473 3721 553 3766 tre
600 3719 860 3764 mternum
890 3704 1267 3774 procedentem
1296 3698 1481 3756 credo.
1533 3696 1644 3753 Nec
1666 3696 1902 3766 Spiritus
1931 3707 2053 3763 pro-

469 3802 794 3865 cessionem,
835 3796 1242 3869 generationem
1275 3793 1396 3848 dico
1425 3811 1438 3847 :
1474 3805 1573 3846 nec
1600 3789 1721 3846 Filii
1752 3784 2053 3858 generatio-

470 3910 593 3950 nem
619 3934 634 3961 ,
667 3890 1065 3962 processionem
1103 3886 1245 3942 dico.
1280 3885 1415 3940 Cum
1455 3897 1616 3952 porro
1642 3879 1812 3934 series
1848 3873 2052 3930 oratio-

474 3984 559 4039 liis
614 3980 993 4054 postulaverit,
1040 3979 1160 4033 dico
1206 3991 1374 4030 unum
1432 3974 1634 4035 Deum,
1687 3982 1795 4022 non
1848 3980 2051 4036 negans

474 4077 822 4146 ltypostases,
872 4071 965 4128 sed
1011 4070 1101 4125 Dei
1153 4067 1372 4122 nomine
1400 4062 1712 4132 signiﬁcans
1737 4059 2053 4115 substantiae

473 4165 940 4222 communitatem.
983 4160 1120 4217 Cum
1172 4168 1351 4213 autem
1406 4156 1526 4209 dico
1569 4150 2052 4214 consubstantiale,

477 4274 581 4312 non
615 4257 769 4312 unius
790 4269 1056 4326 pet-sonte,
1100 4253 1193 4306 sed
1228 4250 1391 4303 trium
1426 4246 1549 4301 dico
1576 4244 2054 4300 consubstantiali-

476 4359 670 4416 tatem;
692 4348 878 4402 Patris
905 4344 1186 4408 nimirum,
1210 4340 1330 4395 Filii
1366 4348 1419 4394 et
1448 4338 1619 4393 sancti
1641 4336 1875 4406 Spiritus
1904 4355 1916 4390 :
1949 4351 2051 4390 una

473 4443 617 4496 enim
647 4453 872 4510 persona
904 4450 1008 4490 non
1048 4434 1245 4488 dicitur
1283 4430 1385 4486 sibi
1414 4426 1921 4492 consubstantialis;
1956 4426 2049 4482 sed

2149 3240 2322 3309 ἅγιον.
2351 3239 2456 3294 Τὸν
2485 3239 2584 3309 μὲν
2612 3237 2722 3310 γὰρ
2742 3237 2870 3290 Υῐὸν
2897 3236 3040 3308 φημὶ
3060 3230 3456 3305 γεγεννημένον
3484 3227 3729 3301 ἀχρὸνως

2150 3335 2246 3387 καὶ
2279 3332 2548 3404 ἀνάρχως,
2587 3332 2998 3403 συνυπάρχοντα
3021 3329 3110 3383 ἀεὶ
3132 3326 3211 3397 τῷ
3247 3326 3422 3397 Πατρὶ
3466 3324 3606 3377 κατὰ
3632 3321 3731 3389 τὴν

2151 3425 2398 3499 θεᾴτητα.
2432 3425 2506 3479 Τὸ
2551 3424 2610 3479 δὲ
2648 3422 2873 3493 Πνεῦμα
2909 3422 2971 3474 τὸ
3006 3420 3160 3489 ἅγιον
3193 3415 3625 3488 ἐκπορευόμενον
3668 3413 3734 3465 ὲκ

2148 3516 2243 3571 τοῦ
2269 3515 2405 3571 Θεοῦ
2434 3516 2529 3570 καὶ
2548 3514 2762 3584 Πατρὸς
2784 3511 2966 3574 ἀϊδίως
2996 3507 3257 3562 πιστεύω.
3287 3507 3399 3560 Καὶ
3437 3505 3537 3575 τὴν
3565 3506 3731 3558 ὲκπὸ-

2154 3626 2337 3681 ρευσιν
2393 3607 2486 3660 τοῦ
2528 3603 2866 3674 Πνεύματος,
2899 3601 2958 3655 ού
3004 3600 3148 3671 φημὶ
3177 3598 3455 3669 γέννησιν.
3485 3597 3596 3651 Καὶ
3632 3596 3734 3667 τὴν

2150 3701 2405 3771 γέννησιν
2430 3695 2525 3750 τοῦ
2556 3693 2706 3760 Υἱοῦ,
2728 3694 2789 3748 ού
2816 3694 2959 3763 λέγω
2985 3690 3330 3764 ὲκπόρευσιν.
3356 3689 3526 3743 Ὅταν
3550 3687 3606 3740 δὲ
3626 3686 3735 3739 τῶν

2151 3789 2458 3861 λεγομένων
2479 3790 2512 3858 ἡ
2543 3785 2833 3845 ἀκολουθία
2862 3785 3162 3856 ἀπαιτήσῃ,
3190 3781 3289 3835 ἕνα
3316 3780 3449 3835 Θεὸν
3476 3779 3639 3848 λέγω,
3671 3779 3732 3831 ού

2151 3882 2250 3946 τὰς
2279 3879 2605 3943 ὑποστάσεις
2628 3875 2989 3950 ἁρνούμενος’
3031 3874 3168 3929 ἀλλὰ
3204 3872 3283 3945 τῷ
3314 3870 3409 3926 τοῦ
3441 3868 3576 3923 Θεοῦ
3614 3868 3734 3922 ὀνό-

2157 3989 2307 4043 ματι,
2362 3969 2424 4023 τὸ
2469 3967 2647 4023 κοινὸν
2690 3968 2788 4036 τῆς
2820 3965 3009 4028 οὐσίας
3041 3962 3343 4035 σημαίνων.
3382 3961 3550 4013 Ὅταν
3581 3958 3640 4010 δὲ
3674 3955 3737 4010 τὸ

2153 4064 2433 4135 ὁμοούσιον
2482 4063 2646 4132 λέγω,
2676 4062 2775 4130 οὐχ
2812 4059 2931 4123 ἐνὸς
2981 4055 3274 4128 προσώπου
3322 4051 3733 4123 ὁμοουσιότητα,

2155 4155 2290 4209 ἀλλὰ
2321 4152 2509 4226 τριῶν,
2534 4152 2711 4224 φημί·
2744 4149 2977 4221 Πατρὸς,
3010 4147 3142 4202 Υἱοῦ
3172 4147 3265 4200 καὶ
3292 4145 3446 4214 ἁγίου
3481 4142 3734 4214 Πνεύμα-

2155 4265 2262 4310 τος·
2289 4247 2346 4301 ἒν
2378 4248 2485 4319 γὰρ
2511 4246 2801 4318 πρόσωπον
2833 4243 3114 4315 ὁμοούσιον
3159 4239 3336 4310 ἑαυτῷ
3378 4239 3440 4291 οὐ
3460 4236 3735 4310 λέγεταιο

2155 4335 2293 4389 ἀλλὰ
2354 4335 2558 4408 Πατὴρ,
2603 4335 2725 4398 Υἱὸς
2779 4335 2873 4389 καὶ
2917 4331 3161 4402 Πνεῦμα.
3211 4330 3274 4381 Ἡ
3323 4327 3379 4379 δὲ
3418 4325 3654 4406 διαφορὰ
3681 4327 3740 4379 ὲν

2157 4426 2484 4498 προσώποις,
2524 4428 2623 4480 ούκ
2682 4428 2740 4478 ὲν
2786 4428 2853 4496 τῇ
2885 4425 3070 4495 οὐσίᾳο
3105 4426 3167 4475 τὸ
3196 4419 3573 4493 γὰρ,,Πατὴρ,
3617 4418 3742 4481 Υἱὸς

648 4488 871 4510 ,νῇ---.η
906 4488 911 4489 ,
950 4488 962 4490 _
1908 4488 1917 4492 _

474 4533 659 4599 Pater,
688 4528 858 4586 Filius
891 4537 946 4581 et
975 4522 1236 4595 Spiritus.
1266 4522 1533 4579 Caeterum
1563 4518 1840 4576 distinctio
1884 4532 2040 4589 penes

2152 4488 2246 4573 καὶ
2291 4488 2512 4591 Πνεῦμα
2550 4518 2611 4572 τὸ
2641 4488 3058 4590 ἅγιον,“τρόπου
3102 4488 3390 4586 ὑπάρξεως
3418 4488 3581 4582 meo»
3621 4509 3744 4580 σχέ-

473 4635 736 4700 persqnas
768 4618 1084 4681 attenditur,
1133 4631 1238 4671 non
1284 4628 1451 4686 penes
1491 4612 1870 4668 subetantiam.
1924 4610 2047 4665 llmc

2155 4629 2292 4676 σεως
2328 4612 2585 4683 ὀνόματα,
2612 4610 2724 4665 ἀλλ’
2757 4611 2857 4665 οὐκ
2878 4609 3065 4673 ούσίας
3095 4606 3305 4671 ἁπλῶς.
3343 4602 3606 4676 Δηλώσει,
3632 4604 3659 4655 ὁ
3683 4601 3745 4654 τὸ

473 4691 643 4778 enim,
675 4713 855 4777 Pater,
888 4709 1061 4764 Filius
1084 4716 1138 4763 et
1173 4707 1406 4778 Spiritus
1427 4714 1667 4767 sanctus,
1696 4703 1908 4758 nomina
1927 4711 2040 4757 sunt

2147 4700 2241 4757 οὖν
2281 4698 2418 4757 εἶναι
2468 4704 2561 4755 τοῦ
2596 4703 2829 4773 Πατρὸς,
2879 4702 2960 4766 τὸ,
3004 4701 3169 4766 Θεός.
3205 4699 3279 4752 Τὸ
3307 4698 3364 4751 δὲ
3396 4694 3541 4758 τινὸς
3581 4689 3739 4754 εἶναι,

472 4805 615 4857 modi
657 4802 988 4858 exsistentim
1044 4811 1137 4854 seu
1176 4795 1541 4860 liabitudinis,
1575 4806 1679 4848 non
1734 4792 2040 4848 substantia

2147 4796 2237 4857 τὸ,
2292 4795 2345 4847 Ὁ
2377 4793 2614 4863 Πατήρ·
2649 4796 2743 4847 καὶ
2779 4793 2841 4846 τὸ
2872 4793 2929 4846 δὲ
2969 4793 3119 4856 τινὸς
3158 4788 3296 4845 εἶναι
3329 4788 3422 4843 τοῦ
3473 4785 3629 4850 Θεοῦ,
3660 4784 3743 4847 τὸ,

473 4894 741 4949 absolute.
776 4893 928 4959 Quod
975 4891 1139 4962 igitur
1169 4898 1253 4945 est
1288 4886 1464 4943 Patris
1511 4883 1810 4940 declarabit
1855 4899 2040 4939 nomen

2151 4886 2312 4951 Θεός.
2350 4885 2455 4939 Τοῦ
2487 4887 2542 4939 δὲ
2567 4886 2709 4950 τινὸς
2737 4881 2876 4940 εἶναι
2909 4886 3023 4950 τοῦ,
3062 4886 3215 4951 Υἱός.
3250 4881 3528 4945 Ὡσαύτως
3564 4880 3657 4932 καὶ
3685 4876 3745 4929 τὸ

476 4986 649 5051 Deus;
688 4984 830 5053 quod
876 4999 1005 5040 vero
1041 4994 1124 5039 est
1156 4980 1406 5050 alicujus,
1436 4992 1628 5033 nomen
1683 4976 1861 5031 Pater.
1918 4976 2040 5031 Esse

2150 4977 2374 5047 Πνεῦμα
2415 4978 2476 5030 τὸ
2509 4978 2682 5045 ἅγιον.
2711 4971 2811 5031 Ὧν
2853 4978 2909 5031 δὲ
2942 4977 3003 5031 τὸ
3031 4972 3167 5030 εἶναι
3204 4974 3422 5041 ταυτὸν,
3456 4971 3664 5033 τούτων
3711 4970 3745 5039 ἡ

476 5092 636 5145 pnrro
660 5076 886 5145 alienius
931 5075 1023 5131 Dei
1050 5116 1063 5136 ,
1091 5074 1237 5129 Deus
1265 5083 1343 5126 est
1376 5088 1389 5123 :
1428 5070 1570 5138 quod
1598 5082 1725 5123 vero
1756 5068 1842 5122 hic
1877 5066 2040 5121 alicu-

2149 5067 2307 5121 οὐσία
2350 5068 2468 5139 μία.
2509 5068 2695 5122 Ταῦτα
2733 5069 2831 5139 μὲν
2869 5068 2998 5141 περὶ
3042 5069 3143 5138 τῆς
3179 5066 3465 5139 ὁμοουσίου
3512 5062 3746 5145 Τρικὰδος

476 5122 886 5145 1”“·’ν-··“’“·.ι“·ν
931 5122 1063 5136 ---ι
1096 5122 1234 5129 μη-
1446 5122 1460 5138 .
1520 5122 1523 5123 ν
1642 5122 1647 5123 κ

440 5186 558 5265 ⁸μιει
604 5173 704 5235 sit,
749 5169 920 5224 Filius
950 5188 964 5223 :
993 5166 1244 5223 similiter
1292 5163 1457 5217 etiam
1514 5161 1748 5233 Spiritus
1796 5169 2038 5216 sanctus.

2150 5159 2290 5213 κατὰ
2315 5122 2412 5231 sip;
2441 5162 2578 5233 ἐμὴν
2600 5122 2826 5233 δύναμιν
2849 5122 3139 5233 εἰρείσθω...
3214 5122 3227 5139 .
3564 5122 3575 5136 .
3608 5122 3633 5163 μ’

477 5270 716 5329 Quorum
738 5275 920 5319 autem
950 5268 1034 5316 est
1053 5258 1195 5311 idem
1212 5270 1356 5319 esse,
1384 5256 1572 5309 horum
1607 5270 1709 5309 una
1738 5253 2038 5309 substantia
2081 5260 2182 5307 est.
2222 5253 2286 5307 Et
2329 5254 2441 5309 haec
2523 5256 2784 5311 hactenus
2824 5256 2890 5311 de
2936 5254 3383 5311 censubstantiali
3449 5234 3725 5319 Trinitat-e

474 5358 617 5425 quod
645 5370 885 5410 mearum
908 5361 1006 5408 ‘est
1042 5348 1259 5403 virium.
3702 5348 3734 5437 v\

3728 5446 3736 5487 i

548 5535 590 5562 ’δ’
622 5532 779 5585 Juan.
816 5547 909 5597 xx,
939 5518 1018 5583 l7.

3738 5516 3759 5591 ἰ

548 5678 848 5761 (Infit/Ter
892 5690 1063 5744 hodie.
1102 5688 1262 5761 Φέρε,
1304 5690 1563 5761 σήμερον,
1595 5694 1700 5761 etc.
1734 5678 2059 5761 V_ertcndnm
2166 5680 2537 5761 aliosexstnre
2573 5692 2687 5761 non
2716 5678 2965 5761 memini.
3000 5677 3262 5761 δωρειῶν.
3521 5740 3552 5761 η
3618 5743 3628 5752 _
3741 5670 3756 5746 ξ

478 5740 675 5822 fuerat],
709 5740 837 5833 A'ge,
874 5777 983 5816 non
1018 5740 1198 5833 ﬁliai.
1228 5740 1689 5833 Sed:.t'tijt_tsittodi
1750 5754 2059 5808 Graecorum
2237 5753 2351 5821 (ll)
2395 5749 2534 5802 Dens
2584 5750 2797 5802 dicitur.
2856 5749 3033 5802 Codex
3096 5749 3290 5800 Veron.
3331 5759 3393 5796 ex
3453 5740 3758 5809 coilntimtﬁ

480 5816 924 5888 versionibus'nti
953 5816 1123 5884 solea't
1153 5816 1602 5892 Facumlustum
1641 5826 1842 5877 monui.
1895 5824 2063 5891 Ilnjns
2168 5816 2554 5875 Blautltiniann
2599 5818 2785 5873 Venet.
2824 5821 2953 5871 edit.
2995 5819 3130 5870 Deus
3164 5816 3298 5869 Deus
3322 5831 3341 5879 ;
3366 5819 3477 5870 sed.

480 5812 924 5888 versionibus'nti
953 5812 1123 5884 solea't
1153 5812 1602 5892 Facumlusﬁum
1641 5826 1842 5877 monui.
1895 5824 2063 5891 Ilnjns
2168 5812 2554 5875 Blautltiniann
2599 5818 2785 5873 Venet.
2824 5821 2953 5871 edit.
2995 5819 3130 5870 Deus
3164 5816 3298 5869 Deus
3322 5831 3341 5879 ;
3366 5819 3477 5870 sed.

476 5921 641 5974 porro
706 5902 879 5968 Amph
909 5902 1167 5956 let-Itium:
1226 5897 1493 5953 orationis
1541 5897 1865 5949 mentionem
1923 5897 2060 5963 apud
3708 5812 3735 5941 ί

3712 5962 3723 5985 1
