4108 6498
326 359 407 411 121
1392 360 1647 416 ORATIO
1687 360 1751 416 lN
1791 360 2502 419 MESOPENTECOSTEN.

3455 365 3557 424 ιτα

317 471 563 535 ἐποίησα
610 468 683 523 ἐν
729 469 1040 537 Σαϐϐἀτ(;›;
1093 470 1192 539 Μὴ
1254 473 1486 540 κρίνετε
1543 478 1671 530 κατ’
1713 477 1876 546 ὄψιν,

1986 478 2152 549 Iytici,
2197 477 2410 533 Judaeos
2441 492 2507 531 ex
2550 477 2659 542 ipsa
2692 477 2806 546 lege
2858 477 2991 548 legis
3034 477 3449 548 trangressionis
3475 495 3563 531 ar-

316 564 459 616 ἀλλὰ
480 561 596 627 τὴν
620 560 862 614 δικαίαν
889 562 1092 627 κρίσιν
1126 562 1382 629 κρίνατε.
1415 565 1535 618 ’Ὁτι
1567 566 1625 618 δὲ
1660 566 1747 621 διὰ
1777 567 1874 637 τὴν

316 649 397 702 τοῦ
417 648 727 719 παραλύτου
745 648 1038 718 θεραπείαν
1054 652 1082 703 6
1097 650 1299 719 Κύριος
1315 653 1437 716 τοὺς
1454 653 1643 722 λόγους
1657 655 1876 720 τούτους

316 742 640 810 προσήκατο,
685 742 751 794 ὲκ
797 739 890 792 τοῦ
938 740 1103 811 νόμου
1138 741 1353 806 δεικνὺς
1398 746 1595 809 αὐτοὺς
1637 747 1874 817 παρανό·

317 841 456 893 μους,
490 824 641 892 λέγει
698 825 835 895 πρὸς
871 825 1088 889 αὐτοὺς,
1122 826 1304 892 καθὼς
1347 828 1569 898 ἤκουεςσ
1610 833 1681 884 Ei
1719 847 1879 899 στερι-

313 915 487 984 τρμὴν
521 916 819 985 λαμϐάνει
862 917 1168 987 ἅνθρωπος
1213 918 1284 970 ἐν
1330 920 1634 986 Σαϐϐάτῳ,
1679 923 1773 975 καὶ
1819 924 1877 975 ὲν

312 1007 566 1076 Σαϐϐάτῳ
610 1007 998 1077 περιτέμνεται
1047 1007 1272 1079 βρέφος,
1312 1010 1398 1062 ἵνα.
1440 1010 1514 1080 μὴ
1563 1011 1819 1084 ἀκυρῳθῇ
1850 1014 1880 1065 6

307 1099 645 1167 ὀκταήμερος
688 1098 870 1167 νόμος,
902 1098 1049 1168 νόμῳ
1082 1099 1244 1168 νόμον
1286 1100 1679 1169 ἀνατρέποντες
1722 1103 1879 1172 ὑμεῖς

307 1191 639 1259 ἀνατρέπετε
682 1188 772 1242 τὸν
813 1190 996 1259 νόμον,
1039 1191 1132 1243 καὶ
1173 1190 1301 1259 ἐμοὶ
1332 1190 1569 1259 χολᾶτε,
1612 1192 1701 1246 ὅτι
1733 1192 1880 1266 ᾇλον

304 1280 617 1348 ἄνθρωπον
657 1279 793 1348 ὑγιῆ
838 1280 1094 1348 ἐποίησα
1134 1281 1203 1334 ἐν
1243 1282 1536 1349 Σαϐϐάτῳ.
1573 1284 1671 1354 οὐχ
1722 1283 1878 1356 ἱδρώ-

304 1384 418 1431 σας,
466 1366 620 1421 ἀλλά
679 1368 1207 1439 θαυματουργήσαςι
1258 1369 1345 1422 Ἐν
1397 1370 1658 1445 Σαϐϐάτῳ
1691 1373 1751 1425 οὐ
1802 1373 1882 1427 δεῖ

301 1458 664 1526 ἐργάζεσθαι,
734 1458 871 1511 ἀλλὰ
933 1460 1140 1522 πάντας
1199 1461 1431 1531 άεργοὺς
1498 1459 1658 1518 εἶναι.
1722 1463 1879 1531 Τίνος

300 1550 473 1619 ἕνεκεν
509 1549 655 1620 παρ’
683 1549 829 1619 ὑμῖν,
865 1549 1126 1615 Ἰουδαῖοι,
1148 1552 1284 1621 γυνὴ
1315 1553 1371 1607 ἐν
1392 1552 1654 1627 Σαϐϐάτῳ
1681 1535 1877 1619 τίκτει,

299 1641 382 1707 καὶ
408 1642 551 1709 μαῖα
590 1639 919 1710 θορυϐεῖται,
953 1640 1047 1693 καὶ
1086 1642 1375 1714 σπάργανα
1406 1646 1742 1711 τινάσσεται,
1784 1647 1877 1714 καὶ

297 1730 449 1797 φύσις
484 1729 850 1801 καθαίρεται,
902 1733 995 1785 καὶ
1039 1731 1174 1804 θήλη
1230 1736 1366 1806 πρὸς
1410 1736 1878 1808 γαλακτοτροφίαν

1983 585 2172 638 gneus.
2202 569 2334 622 dicit
2361 568 2483 631 illis,
2515 569 2653 622 sicut
2682 568 2928 622 audivisti
2969 585 2983 626 :
3022 567 3079 627 Si
3117 570 3564 622 circumcisianem

1983 657 2169 722 accipit
2205 659 2357 710 homo
2396 659 2449 711 in
2495 656 2750 720 Sabbalo,
2785 667 2838 711 et
2874 658 2925 711 in
2964 658 3199 713 Sabbato
3230 661 3569 713 circumcidi--

1987 757 2072 801 tur
2130 746 2326 813 infans,
2374 761 2443 799 ne
2503 747 2590 807 lex
2628 747 2800 800 octavi
2833 748 2934 802 diei
2987 748 3318 817 antiquetur,
3354 765 3468 814 vos,
3495 751 3568 803 le—

1986 852 2103 907 gem
2135 852 2293 893 unam
2352 836 2527 889 altera
2582 835 2695 905 lege
2738 835 3135 902 subvertentes,
3177 847 3340 891 totam
3397 838 3564 907 legum
3632 845 3641 855 ’

1985 928 2317 994 subvertitis,
2357 938 2410 981 et
2458 929 2589 993 mihi
2624 928 2997 999 indignantini,
3031 928 3159 996 quia
3204 937 3368 981 totum
3396 932 3564 981 homi-

1987 1035 2101 1071 nem
2141 1018 2339 1089 salvum
2374 1017 2475 1086 [cci
2502 1020 2558 1071 in
2590 1016 2820 1083 Subbalo
2842 1057 2858 1083 ,
2895 1033 2997 1080 non
3031 1017 3304 1096 laborans,
3336 1020 3427 1072 sed
3460 1034 3571 1071 om-

1986 1112 2333 1182 nipotentiam
2360 1113 2646 1171 exercens!
2676 1111 2731 1165 In
2759 1112 2997 1185 Sabbatq
3037 1113 3247 1185 quidem
3278 1112 3406 1166 nulli
3443 1110 3568 1164 licet

1986 1204 2217 1272 operari,
2251 1204 2343 1258 sed
2390 1217 2581 1272 omnes
2638 1202 2842 1257 otiosos
2877 1217 2999 1259 esse
3057 1202 3370 1269 mandatum
3418 1211 3500 1254 est
3548 1219 3561 1252 :

1985 1308 2156 1362 quare
2189 1294 2372 1363 igitur,
2403 1295 2569 1362 etiam
2632 1293 2774 1347 inter
2820 1306 2936 1357 vos,
2971 1308 3003 1347 0
3044 1291 3233 1358 Judaei,
3266 1292 3458 1345 mulier
3510 1290 3562 1342 in

1987 1383 2222 1437 Sabbato
2259 1383 2417 1452 parit,
2445 1382 2706 1437 obstetrix
2749 1391 2961 1446 aestuat,
2997 1397 3309 1451 pannosque
3334 1381 3561 1445 excutit,

1985 1482 2278 1543 purgantur
2339 1473 2567 1537 viscera,
2633 1475 2699 1526 ad
2767 1472 3113 1528 luctationem
3174 1488 3423 1546 mamma:
3470 1487 3563 1538 pa-

1987 1558 2203 1611 rantur!
2244 1557 2389 1612 Parit
2443 1560 2494 1611 in
2523 1558 2757 1614 Sabbato
2807 1560 3019 1626 mulier,
3053 1560 3217 1614 vineit
3255 1572 3442 1613 natura
3498 1560 3567 1611 lc-

1991 1662 2137 1725 gem,
2170 1649 2309 1703 Deus
2341 1658 2521 1702 autem
2544 1649 2982 1717 omnipotentiam
3003 1665 3153 1711 suam
3175 1665 3428 1722 exercere
3458 1667 3561 1705 n0n

1985 1740 2188 1808 potest!
2228 1740 2320 1810 Dic
2355 1740 2524 1807 mihi;
2581 1740 2634 1792 in
2676 1738 2915 1793 Sabbato
2939 1741 3341 1804 circumciditur
3382 1741 3562 1809 Ιιοιιψ,

296 1821 714 1897 εὐτρεπίζετταη
750 1822 889 1893 Γυνὴ
929 1822 1132 1888 τίκτει,
1181 1825 1276 1878 καὶ
1315 1825 1474 1895 φύσις
1515 1828 1679 1896 νόμου
1723 1845 1875 1899 περι-

1986 1844 2043 1881 ne
2074 1828 2310 1883 solvatur
2347 1827 2454 1894 lex,
2494 1842 2699 1898 vosque
2724 1827 2852 1901 mihi
2898 1827 3266 1900 iudignamini,
3311 1830 3436 1897 quia
3487 1840 3565 1883 to-

296 1912 526 1979 γίνεται,
581 1913 674 1965 καὶ
711 1911 853 1976 ’Θεὸς
888 1913 949 1966 ού
1001 1913 1439 1985 θαυματουργεῖ;
1475 1915 1613 1969 Εἰπέ
1664 1934 1783 1986 μοι,
1819 1919 1878 1970 ὲν

295 2002 565 2075 Σαϐϐάτῳ
612 2003 1000 2075 περιτέμνεται
1044 2004 1360 2073 ἅνθρωπος,
1411 2007 1499 2059 ἵνα
1554 2007 1629 2076 μὴ
1682 2007 1815 2077 λυθῇ
1853 2011 1881 2060 6

292 2096 477 2165 νόμος,
508 2096 638 2166 ἐμοὶ
664 2096 857 2165 χολᾶτε
887 2096 970 2146 ὅτι
1003 2094 1125 2145 ὅλον
1166 2093 1450 2162 ἄνθρωπον
1481 2094 1612 2162 ὑγιῆ
1655 2096 1885 2166 ἐποίησα

1982 1927 2094 1971 tum
2127 1919 2398 1972 hominem
2436 1919 2644 1974 salvum
2697 1916 2799 1972 feci
2850 1916 2901 1970 in
2948 1913 3218 1981 Sabbato?
3264 1918 3438 1969 Nolite
3470 1918 3563 1984 ju-

1982 2009 2158 2061 dicare
2198 2009 2479 2060 secundum
2516 2008 2738 2075 faciem,
2789 2007 2879 2060 sed
2916 2006 3126 2074 justum
3172 2006 3436 2074 judicium
3472 2007 3569 2076 ju-

1985 2096 2176 2149 dicate.
2209 2096 2251 2147 Α
2279 2095 2430 2148 vobis
2462 2095 2694 2149 inimicis
2736 2093 2967 2163 iudicari
3000 2094 3260 2159 sustineo,
3294 2106 3352 2147 ut
3379 2098 3429 2147 in
3456 2111 3566 2164 quo

288 2187 341 2237 ὲν
391 2187 714 2256 Σαϐϐάτῳ;
764 2185 859 2254 Μὴ
907 2184 1142 2251 κρίνετε
1188 2183 1316 2235 κατ’
1360 2182 1520 2252 ὄψιν,
1569 2185 1729 2239 ἀλλὰ
1773 2188 1879 2256 τὴν

1986 2183 2185 2251 iudicio
2208 2184 2489 2253 judicatis,
2517 2185 2615 2255 ipsi
2645 2194 2829 2255 postea
2854 2185 3193 2253 judicemini.
3226 2186 3356 2255 Quis
3400 2187 3569 2240 solvit

283 2278 544 2331 δικαίαν
590 2276 793 2343 κρίσιν
845 2273 1108 2341 κρίνατε.
1160 2270 1536 2342 Καταδέχομαι
1589 2275 1678 2342 ὑφ’
1731 2275 1883 2346 ὑμῶν

278 2368 391 2421 τῶν
446 2366 672 2437 ἐχθρῶν
720 2362 1055 2426 δικάζεσθαι,
1100 2363 1273 2428 ὅπως,
1317 2365 1372 2415 ἐν
1486 2365 1712 2436 κρίματι
1758 2368 1878 2436 κρί..

274 2474 440 2519 νετε,
498 2452 851 2524 κριθήσεσθε.
901 2452 995 2516 Τίς
1032 2451 1143 2504 λύει
1173 2452 1233 2503 τὸ
1282 2453 1588 2527 Σάϐϐατον·
1637 2456 1795 2526 ὑμεῖς
1827 2458 1877 2515 οἱ

271 2549 342 2601 ὲν
388 2546 481 2616 τῷ
528 2545 784 2614 Σαϐϐάτῳ
822 2543 1254 2617 περιτέμνοντες,
1283 2543 1375 2613 καὶ
1405 2543 1551 2612 ξίφος
1577 2546 1875 2612 ὀξύνοντες,

272 2639 380 2699 καὶ
434 2637 619 2707 τομὴν
661 2636 984 2713 ἐπάγοντες,
1032 2637 1126 2690 κα)⁴
1174 2635 1333 2706 μέλος
1379 2636 1736 2713 χωρίζοντες,
1785 2638 1879 2703 καὶ

273 2729 373 2782 τδν
441 2726 614 2789 τόπον
665 2728 945 2797 αἱμάττειν
1006 2727 1555 2799 παρασκευάζοντες,
1609 2729 1641 2800 ἢ
1691 2728 1800 2798 ἐγὼ
1850 2731 1879 2790 6

278 2816 540 2890 εἰρηκὼς
561 2817 721 2888 λόγῳ,
756 2818 1042 2888 Ἐγερθεὶς
1069 2812 1219 2886 ἆρον
1243 2817 1352 2871 τὸν
1382 2817 1711 2886 κράϐϐίιτόν
1739 2836 1876 2887 σου,

281 2911 383 2971 καὶ
424 2910 625 2980 ὕπαγε
657 2912 742 2976 είς
766 2909 873 2979 τὸν
903 2907 1071 2965 οἶκόν
1107 2927 1223 2965 σου
1237 2929 1256 2976 ;
1285 2911 1347 2964 Ei
1392 2911 1466 2982 μὴ
1511 2912 1812 2984 ἐνήργησεν
1851 2914 1880 2968 6

283 3003 474 3071 λόγος,
522 3001 686 3066 ἔλυσα
725 2999 823 3067 οὖν⁴
865 3002 925 3069 τὸ
978 3002 1259 3074 Σάϐϐατον
1318 3003 1791 3077 ματαιολογήσας·
1829 3006 1880 3058 εί

282 3096 343 3149 δὲ
384 3094 709 3166 προέδραμε
749 3094 840 3147 τὸν
884 3094 1042 3162 λόγον
1086 3095 1148 3148 τὸ
1190 3095 1372 3166 ἔργον,
1409 3096 1460 3148 τί
1490 3095 1551 3148 τὸ
1603 3096 1879 3151 Σάϐϐατον

1986 2271 2276 2328 Sabbatum
2300 2313 2316 2339 ,
2361 2289 2474 2339 vos,
2535 2275 2624 2343 qui
2658 2276 2708 2328 in
2746 2275 2983 2330 Sabbato
3014 2275 3420 2343 circumciditis,
3451 2278 3566 2347 gla-

1982 2364 2125 2419 dium
2158 2375 2430 2428 acuentes,
2460 2367 2753 2421 sectionem
2802 2366 3090 2431 facientes,
3128 2368 3427 2422 membrum
3460 2371 3552 2422 ab-

1978 2455 2309 2529 scindeutes,
2353 2457 2631 2526 sanguinis
2678 2456 2994 2511 effusionem
3051 2470 3439 2526 provocantes;
3484 2458 3566 2513 vel

1985 2559 2108 2614 ego,
2141 2546 2231 2614 qui
2258 2561 2391 2601 voce
2423 2556 2630 2601 tantum
2655 2562 2804 2611 usus,
2824 2547 2931 2600 dixi
2969 2564 2982 2600 :
3015 2546 3160 2601 ’I'olle
3185 2549 3368 2602 lectum
3392 2562 3564 2616 tuum,

1979 2649 2023 2689 et
2059 2635 2264 2707 eadem
2293 2637 2504 2701 domum
2551 2636 2740 2690 tuam?
2797 2637 2853 2689 Si
2897 2651 3078 2691 sermo
3122 2636 3313 2691 effectu
3368 2642 3564 2703 caruit,

1981 2727 2113 2783 solvi
2170 2726 2484 2794 Sabbatum,
2548 2727 2963 2796 vaniloquentia:
3024 2742 3205 2781 reus:
3278 2728 3322 2782 si
3386 2741 3565 2783 autem

1981 2820 2144 2875 verbo
2192 2820 2541 2890 praecucurrit
2579 2834 2733 2889 opus,
2782 2820 2999 2888 utquid
3054 2819 3349 2889 Sabba‘tum
3409 2822 3563 2889 quasi

1985 2910 2244 2964 violatum
2271 2910 2615 2979 ulciscimini,
2644 2921 2697 2968 et
2716 2896 3033 2975 Creatorem
3048 2913 3342 2981 spernitis?
3375 2912 3564 2968 Nonne

1979 2998 2108 3054 satis
2136 2999 2287 3054 vobis
2322 2999 2421 3052 fuit
2456 3015 2552 3069 per
2601 3001 2821 3071 triginta
2884 3010 3008 3056 octo
3053 3016 3225 3057 annos
3265 3003 3447 3057 videre
3475 3019 3564 3071 pa-

1987 3089 2272 3159 ralytieum
2305 3090 2442 3145 lecto
2477 3089 2713 3158 anisum,
2753 3091 3035 3163 ipsumque
3088 3093 3283 3147 lectum
3334 3094 3565 3162 pondere

284 3164 593 3247 ἐκδικεῖτε,
628 3184 841 3236 καὶτὸν
885 3164 1236 3257 Δημιουργὸν-
1263 3184 1543 3251 ἀθετεῖτε;
1593 3187 1708 3240 Οὐκ
1754 3187 1879 3240 ὲκο-

1986 3180 2352 3247 Iaborautem,
2411 3182 2536 3238 dum
2584 3183 2860 3253 paralytici
2918 3199 3135 3252 corpus,
3170 3184 3421 3237 diurnum
3472 3200 3564 3236 uo-

289 3269 634 3351 pécO-q'ce,6)
674 3274 937 3328 Ἰουδαίων
971 3278 1174 3339 παῖδες,
1199 3275 1292 3328 ἐπὶ
1318 3276 1760 3346 τριακονταοκτὼ
1784 3277 1881 3348 ἔτη

288 3367 539 3438 ὁρῶντες
565 3364 658 3418 τὸν
701 3366 1004 3436 παράλυτον
1034 3369 1099 3438 τῇ
1140 3367 1296 3439 κλίνῃ
1323 3365 1764 3436 προσηλωμένον,
1790 3368 1883 3421 καὶ

289 3458 390 3529 τὴν
435 3457 632 3528 κλίνην
686 3456 1016 3527 κάμνουσαν,
1058 3459 1154 3512 καὶ
1196 3459 1289 3511 τὸν
1328 3456 1657 3527 παράλυτον,
1688 3456 1883 3526 νυχθὴ-

295 3563 468 3617 μερον
489 3547 728 3617 φορτίον,
764 3546 1162 3617 βαστάζουσαν;
1193 3549 1308 3601 Οὐκ
1331 3546 1783 3618 ἠγανακτήσατε;
1823 3546 1883 3597 οὐ

297 3634 746 3705 συνεπαθήσατες
778 3636 871 3688 καὶ
893 3636 978 3688 ἵνα
1005 3636 1131 3706 μίαν
1154 3635 1303 3706 ὥραν
1324 3637 1351 3687 6
1374 3635 1680 3706 παράλυτος
1701 3633 1885 3703 κλίνην

300 3726 578 3799 βαστάσῃ,
595 3729 689 3793 καὶ,
709 3728 808 3800 τὴν
825 3728 1170 3799 ἀντιμισθίαν
1192 3728 1470 3798 παράσχῃ,
1496 3728 1881 3795 ἀγανακτεῖτε;

299 3820 419 3886 υύκ
450 3818 561 3889 ἔδει
587 3819 676 3872 καὶ
710 3819 885 3889 τούτῳ
916 3819 1130 3889 βοῆσαι,
1161 3820 1497 3886 Ἕστρεψιις
1529 3819 1642 3885 τὴν
1667 3818 1886 3884 κλίνην

298 3925 417 3985 κρυ
443 3908 518 3961 ἐν
541 3907 615 3978 τῇ
642 3890 941 3982 άρῤωοντίᾳ
967 3924 1121 3985 μους
1152 3902 1304 3971 Οἶδα,
1336 3901 1380 3959 ὦ
1405 3909 1708 3979 Φαρισαῖοι,
1728 3905 1882 3979 ⁹τίνος

300 3999 461 4070 χάριν
490 4001 884 4068 ἀγανακτεῖτεο
908 4000 1007 4070 οὐχ
1040 4000 1121 4060 ὄτι
1154 3998 1495 4071 ἐθεραπεύθη
1517 4000 1544 4051 ὁ
1580 3998 1882 4070 παράλυτος

256 4133 264 4139 .
300 4091 643 4173 διαπρίεσθε,
671 4091 786 4146 ἀλλ’
815 4088 895 4168 ξτι
920 4093 1020 4146 οὐκ
1047 4090 1299 4169 ἰσχύσατε
1320 4091 1417 4167 τὴν
1440 4090 1625 4161 κλίνην
1651 4089 1879 4163 κρύψαν

301 4182 387 4248 διὰ
414 4183 600 4255 τοῦτο,
631 4183 730 4254 τὴν
760 4181 986 4254 γνώμην
1021 4180 1174 4252 ὑμῶν
1218 4182 1599 4259 ἐπιστάμενος,
1624 4179 1885 4245 ἐκέλευσα

306 4272 597 4342 βαστάζειν
627 4272 794 4349 αὐτὸν
828 4270 925 4343 τὴν
958 4271 1168 4343 κλίνην,
1214 4271 1318 4336 ἵνα,
1350 4270 1451 4325 κᾶν
1490 4271 1647 4341 ὑμεῖς
1680 4272 1884 4345 σιωπή,

307 4384 456 4436 σητε,
506 4368 543 4437 ἡ
596 4365 755 4435 κλίνη
804 4364 865 4418 τὸ
895 4363 1079 4434 θαῦμα
1133 4363 1328 4439 βοήσῃ.
1363 4362 1428 4416 Τί
1484 4361 1796 4428 διστάζετε,
1840 4356 1884 4415 ὦ

302 4458 617 4528 Φαρισαίου
676 4456 793 4507 Οὐκ
841 4454 988 4527 ἐστιν
1030 4455 1058 4506 6
1124 4454 1431 4528 παράλυτος
1488 4454 1880 4530 παρείσακτος,

300 4550 395 4602 οὐκ
432 4549 590 4602 ἔστιν
639 4545 1029 4616 ὀλιγοχρόνιος,
1075 4545 1369 4615 γνωρίζετε
1409 4543 1570 4598 αὐτὸν
1611 4544 1877 4607 ἅπαντες·

304 4636 742 4710 τριακονταοκτὼ
783 4635 877 4706 ἐτη
930 4638 998 4708 τῇ
1054 4635 1408 4707 κολυμϐήθρᾳ
1452 4637 1518 4706 τῇ
1579 4637 1709 4716 παρ’
1753 4636 1881 4706 ὑμῖν

307 4732 720 4801 παρεσίτευσεν.
773 4728 887 4789 Οὐκ
936 4727 1090 4798 ἔχετε
1152 4727 1350 4797 λέγειν,
1390 4726 1466 4790 ὡς
1520 4728 1615 4779 ἐπὶ
1656 4726 1753 4779 τοῦ
1813 4728 1878 4780 ὲκ

306 4824 526 4894 γενετῆς
572 4818 808 4889 τυφλοῦ,
844 4812 1011 4881 Οὗτός
1046 4819 1212 4882 ἐστιν,
1257 4820 1481 4890 Ὄμοιος
1523 4819 1671 4890 αύτῷ
1713 4821 1877 4886 ἐστιν,

307 4913 397 4967 οὐκ
439 4914 596 4967 ἔστιν
644 4905 818 4975 οὗτος.
878 4911 941 4962 Εἰ
988 4909 1062 4980 μὴ
1108 4910 1341 4979 ἥττησεν
1392 4910 1532 4979 ὑμᾶς
1583 4911 1611 4963 6
1653 4908 1877 4978 τυφλὸς,

311 5004 395 5057 καὶ
432 5004 630 5058 τοῦτον
675 5004 1015 5075 κρατήσατε,
1056 5003 1149 5054 καὶ
1209 5003 1289 5065 εἰς
1331 5001 1678 5073 δικαστήριον
1725 5001 1880 5054 ἑλκύ-

312 5111 462 5162 σατε,
520 5095 671 5158 ὅπως
718 5093 804 5148 διὰ
860 5092 1081 5145 πάντων
1126 5090 1390 5161 αἰσχύνης
1437 5090 1880 5163 πληρωθήσεσθε.

311 5186 397 5255 Μὴ
438 5186 679 5256 κρίνετε
712 5184 837 5239 κατ’
870 5184 1032 5252 ὄψιν,
1063 5183 1222 5237 ἀλλὰ
1270 5181 1381 5250 τὴν
1410 5180 1647 5236 δικαίαν
1685 5182 1885 5251 κρίσιν

313 5278 567 5344 κρίνατε.
1811 5278 1815 5283 ’

380 5477 508 5543 Καὶ,
552 5477 601 5529 εί
634 5476 810 5543 δοκεῖ,
857 5477 946 5530 διὰ
981 5469 1226 5547 βραχέων
1270 5476 1354 5527 ἐπ’
1399 5474 1565 5544 αὐτὴν
1599 5473 1692 5544 τὴν
1729 5489 1882 5543 περι-

318 5568 436 5640 οχὴν
473 5568 575 5622 τοῦ
624 5569 940 5642 παραλύτου
988 5568 1414 5638 ἁναδράμωμεν,
1451 5566 1536 5618 διὰ
1566 5565 1623 5617 τὸ
1665 5566 1754 5618 καὶ
1794 5564 1882 5616 τὸν

378 5766 419 5798 ’⁸
456 5767 597 5824 Psal.
630 5786 716 5837 XL,
748 5770 799 5824 4.
877 5770 920 5799 ’τ’
953 5768 1100 5822 Joan.
1142 5785 1213 5832 Ix,
1241 5768 1291 5834 8,
1325 5768 1376 5822 9.

1984 3285 2338 3346 cturumnque
2383 3291 2539 3343 onus,
2576 3276 2840 3343 sustinet?
2869 3274 2982 3330 lloc
3036 3275 3398 3343 spectaculum
3450 3274 3571 3327 nul-

1986 3365 2091 3420 lam
2119 3368 2270 3422 vobis
2296 3365 2735 3435 indignationem,
2761 3365 2960 3419 uullam
2990 3365 3417 3433 eompassionem
3450 3378 3565 3417 mo-

1984 3455 2061 3507 vit
2093 3473 2106 3509 :
2142 3470 2283 3509 nunc
2313 3464 2488 3520 autem
2536 3454 2887 3525 paralyticum
2922 3453 3003 3507 vel
3037 3469 3196 3507 unam
3247 3454 3435 3513 horam
3487 3453 3565 3507 le-

1986 3552 2129 3596 ctum
2158 3558 2314 3603 suum
2372 3544 2724 3615 bajulantem,
2762 3544 3094 3615 dignumque
3134 3545 3395 3599 beneficio
3429 3559 3564 3610 opus

1987 3641 2352 3701 praestantem,
2381 3650 2484 3688 non
2520 3635 2640 3689 siue
2694 3636 3057 3704 indignatione
3092 3638 3273 3691 videre
3330 3636 3562 3687 sustine-

1989 3721 2087 3776 tis?
2119 3718 2306 3775 Nonne
2332 3730 2385 3774 et
2423 3722 2511 3775 ille
2540 3723 2774 3778 clamare
2811 3726 2996 3780 debuit
3026 3744 3038 3778 :
3087 3724 3318 3780 Versasli
3344 3735 3563 3778 stratum

1986 3829 2158 3867 meum
2194 3812 2248 3865 in
2278 3810 2590 3879 inﬁrmitate
2625 3827 2736 3873 mea
2776 3813 2857 3866 ’3?
2896 3814 3154 3882 Equidem
3189 3814 3333 3877 novi,
3362 3830 3394 3867 ο
3427 3814 3563 3869 Plta--

1989 3904 2154 3967 risaei,
2195 3917 2353 3970 quam
2384 3902 2453 3956 ob
2485 3914 2703 3971 causam
2744 3900 3094 3972 indiguamini
3123 3920 3137 3958 :
3177 3920 3278 3958 non
3322 3906 3437 3959 ideo
3469 3924 3563 3957 au-

1987 3991 2322 4063 gustiamini,
2359 3992 2502 4061 quod
2538 4004 2759 4046 sanatus
2793 4002 2873 4047 est
2922 3991 3262 4069 paralyticus,
3291 3996 3384 4049 sed
3437 3996 3561 4065 quia

1986 4083 2179 4138 lectum
2232 4083 2351 4153 ejus
2421 4082 2695 4138 occultare
2753 4099 2858 4145 non
2930 4086 3182 4161 possibile
3227 4089 3375 4142 vobis
3433 4088 3562 4151 fuit;

1992 4183 2276 4245 propterea
2318 4189 2439 4244 ego,
2489 4175 2867 4244 cogitationem
2926 4184 3161 4229 vestram
3217 4179 3562 4246 perspiciens.

1998 4268 2073 4322 illi
2107 4267 2307 4321 lectum
2332 4282 2488 4321 suum
2521 4267 2710 4320 tollere
2740 4266 2987 4336 praecepi,
3017 4278 3095 4331 ut,
3126 4269 3286 4319 etiam
3317 4268 3466 4320 vobis
3491 4281 3566 4320 ta-

1989 4360 2255 4425 centibus,
2291 4358 2402 4428 ipse
2433 4358 2602 4413 lectus
2634 4358 2956 4413 miraculum
2986 4359 3363 4427 proclamaret.
3391 4358 3566 4423 Quare

1991 4450 2274 4517 dubitatis,
2313 4466 2345 4504 ο
2380 4449 2676 4515 Pharismi?
2710 4449 2823 4504 Non
2861 4449 3231 4505 fraudulenter
3270 4453 3371 4505 huc
3401 4451 3566 4503 addu-

1994 4552 2112 4597 ctus
2148 4550 2232 4598 est
2260 4542 2615 4616 paralyticus,
2650 4557 2756 4596 non
2790 4558 2979 4597 recens
3033 4542 3350 4608 infirmitas;
3398 4542 3567 4596 nouis

1985 4648 2106 4705 eum
2155 4647 2363 4700 omnes,
2390 4633 2604 4703 triginta
2633 4644 2757 4687 octo
2781 4632 2978 4688 abhinc
3008 4636 3186 4700 anuis,
3218 4650 3380 4703 prope
3402 4633 3563 4702 pisi-i-

1987 4738 2107 4778 nam
2136 4732 2370 4780 vestram
2399 4738 2464 4778 ex
2487 4733 2703 4796 erogata
2734 4725 2872 4793 stipe
2896 4726 3181 4779 viventem.
3241 4727 3309 4777 De
3336 4727 3432 4777 hoc
3462 4741 3563 4777 nun

1987 4816 2227 4885 potcSIis,
2248 4815 2459 4869 sicutde
2471 4829 2654 4869 caecos
2680 4815 2975 4877 nativitate,
3006 4815 3055 4866 in
3079 4815 3254 4867 varias
3276 4817 3564 4869 sententias

1987 4908 2154 4973 abire,
2180 4909 2417 4962 dicentes
2443 4925 2456 4961 :
2494 4907 2591 4962 llic
2609 4917 2709 4971 est,
2737 4908 2829 4961 Est
2858 4906 3049 4974 aliquis
3095 4905 3170 4961 illi
3205 4908 3414 4972 similis,
3443 4906 3561 4961 Νιιιι

1988 5011 2071 5052 est
2093 4999 2195 5053 .bic
2233 4999 2298 5052 θ’.
2331 4998 2480 5064 Quod
2510 5000 2610 5053 sia
2642 5015 2782 5054 (-zeco
2815 4999 2901 5053 illo
2934 5014 3037 5051 non
3071 5000 3207 5053 victa
3245 5003 3562 5055 estaudacia

1998 5100 2198 5154 vestra,
2232 5098 2286 5142 et
2317 5090 2457 5144 hunc
2490 5091 2842 5161 paralyticum
2876 5097 3068 5155 tenete,
3101 5090 3166 5143 ad
3197 5091 3426 5145 tribunal
3457 5101 3563 5142 tra-

1994 5179 2126 5244 hite,
2158 5188 2215 5232 ut
2244 5179 2293 5232 in
2331 5179 2578 5234 omnibus
2607 5182 2840 5234 abundet
2880 5180 3168 5249 ignominia
3202 5191 3400 5233 vestra.
3453 5177 3563 5234 Νο-

1989 5270 2079 5322 lite
2100 5270 2341 5338 judicare
2389 5272 2672 5325 secundum
2714 5272 2924 5341 faciem,
2955 5272 3045 5325 sed
3070 5271 3273 5340 justum
3297 5270 3559 5339 judinum

1979 5361 2239 5431 judicale.

2060 5472 2164 5529 Sed
2194 5476 2395 5544 paucis,
2442 5476 2485 5529 si
2515 5475 2706 5545 placet,
2741 5477 3015 5547 paralytici
3067 5477 3345 5535 historiam
3376 5487 3552 5533 retra-

1992 5574 2224 5635 ctemus,
2253 5567 2514 5638 siquidem
2558 5570 2669 5636 ipse
2698 5570 2953 5623 Dominus
2980 5569 3118 5622 illaut
3156 5571 3422 5626 meritoria:
3450 5582 3560 5624 tra-
