4048 6504
614 360 714 415 127

1568 353 1624 409 S.
1665 353 2107 431 AMPlllLOCllll
2149 351 2529 410 ICONIENSIS
2570 355 2881 415 EPISCOPI

3775 367 3907 423 1:18

605 444 667 529 ut
695 475 864 529 Deum
888 513 902 537 ,
948 473 1098 528 illum
1135 473 1344 535 scilicet
1393 488 1491 544 pro
1521 475 1901 544 potentissimo
1928 476 2187 548 peritissi-

2293 474 2498 547 ἰατρὸν,
2538 476 2662 546 οὐχί
2703 477 2759 529 δὲ
2795 476 3005 542 ἔνδοξον
3039 476 3194 542 Θεὸν,
3227 477 3475 548 βοώντων
3503 478 3612 534 τῶν
3643 483 3905 549 τυφλῶν,

609 580 805 635 tuoque
834 565 1048 619 medico
1092 564 1354 633 habentes
1376 606 1394 639 ,
1421 566 1615 620 nedum
1647 581 1746 634 pro
1779 566 1887 623 Deo
1909 566 2188 634 gloriosis-

606 657 779 722 Simo;
823 656 941 711 ideo
988 656 1346 717 clamantibus
1382 656 1521 721 illis,
1574 655 1822 725 Miserere
1869 657 2057 722 nostri,
2103 656 2185 725 [ili

608 745 802 810 David,
848 761 951 799 non
979 744 1127 798 dedit
1164 760 1481 814 responsum
1511 786 1527 811 ,
1572 756 1627 799 ut
1656 747 1775 800 fidei
1824 746 2035 813 illorum
2064 761 2189 816 pro-

612 836 828 891 ficiendi
868 838 1044 893 locum
1077 838 1249 894 daret.
1283 837 1574 897 Curatione
1603 839 1767 908 igitur
1804 838 2078 909 paulisper
2108 839 2188 894 di-

606 928 741 993 lata,
773 944 1042 985 caecorum
1075 929 1252 985 anima
1299 929 1604 993 illuminata
1636 939 1751 997 est;
1781 942 1836 985 et
1859 932 2021 999 paulo
2043 940 2183 1001 post,

607 1019 697 1075 ubi
731 1020 873 1085 illos,
904 1021 1260 1089 spiritualiter
1303 1020 1630 1079 illuminatos
1672 1022 1793 1078 ﬁdei
1824 1021 1995 1078 lucem
2027 1038 2186 1083 acce-

610 1112 755 1182 pisse
775 1113 925 1167 novit
968 1113 1249 1178 Dominus,
1286 1114 1755 1184 interrogaviteos
1802 1115 2031 1170 dicens:
2059 1113 2187 1181 Cre-

608 1205 738 1258 ditis
764 1206 889 1275 quia
920 1206 1233 1273 Itocpouum
1252 1206 1422 1269 facere
1440 1206 1496 1259 5?
1522 1204 1659 1272 Quid
1683 1206 2012 1275 respondent
2031 1206 2184 1274 caeci,

609 1311 837 1365 quorum
860 1296 971 1366 jam
1003 1297 1135 1353 ﬁdes
1152 1297 1491 1367 profecerat?
1520 1298 1718 1361 Etiam,
1748 1299 1967 1353 Domine
1994 1299 2035 1353 ⁸.
2065 1298 2184 1357 Jam

610 1403 718 1456 non
751 1387 954 1453 dicunt,
985 1386 1181 1453 Etiam,
1222 1388 1294 1441 illi
1333 1388 1520 1454 David,
1546 1388 1662 1451 sed,
1695 1388 1903 1454 Etiam,
1938 1386 2184 1442 Domine.

610 1476 689 1551 Ex
717 1478 1014 1532 curationis
1043 1478 1301 1533 dilatione
1323 1477 1683 1547 sapientiores
1705 1478 1854 1543 farti,
1889 1476 2186 1545 perfectam

608 1568 1002 1635 confessionem
1026 1569 1184 1624 edere
1210 1569 1484 1635 festinant,
1516 1570 1790 1623 dicentes:
1829 1568 2043 1635 Etiam,
2077 1567 2185 1620 Do-

609 1662 788 1723 mine;
820 1660 1090 1715 credimus
1133 1661 1260 1730 quia
1306 1661 1408 1714 hoc
1449 1669 1602 1732 potes
1635 1659 1834 1715 facere.
1878 1658 2029 1714 Tunc
2062 1659 2184 1712 ﬁdei

610 1751 824 1805 illorum
876 1750 1179 1820 profectum
1234 1751 1480 1808 indicans
1522 1751 1817 1817 Dominus,
1863 1751 2181 1819 respondit:

2309 563 2597 632 Ἐλέησον
2649 564 2842 636 ἡμᾶς,
2895 566 2989 621 υἱὲ
3044 566 3251 634 Δαϐίδ,
3300 569 3404 622 οὐκ
3455 568 3653 623 ἔδωκεν
3698 572 3907 636 αὐτοῖς

2293 652 2606 724 ἀπόκρισιν,
2643 655 2731 709 ἵνα
2776 654 2875 728 τὴν
2922 657 3105 711 πίστιν
3156 656 3335 710 αὐτῶν
3379 660 3651 730 προκόψαι
3705 680 3906 733 παραι-

2240 772 2249 777 -
2295 745 2556 819 σκευάσῃ.
2605 747 2696 800 Διὸ
2745 747 2843 819 τὴν
2902 748 3194 820 ὑπέρθεσιν
3227 750 3277 802 oi
3322 750 3516 821 τυφλοὶ
3570 752 3900 824 δεξάμενοι,

2293 838 2434 888 κατὰ
2464 836 2643 908 ψυχὴν
2670 840 3072 911 ἐφωτίσθησαν,
3110 840 3204 900 καὶ
3250 841 3368 911 μετῗ
3395 841 3595 911 ὀλίγον,
3629 843 3705 908 ὡς
3739 842 3903 898 εἶδεν

2292 927 2321 978 6
2372 926 2598 999 Κύριος,
2642 929 2723 983 ὅτι
2772 930 2915 984 κατὰ
2966 930 3144 1002 ψυχὴν
3194 932 3598 1004 ἐφωτίσθησαν,
3631 937 3726 990 καὶ
3763 938 3902 990 ἐδέ-

2294 1016 2453 1083 ξαντο
2482 1017 2572 1072 τὸν
2600 1020 2863 1090 φωστῆρα
2891 1022 2991 1092 τῆς
3025 1022 3283 1089 πίστεως,
3327 1025 3588 1097 ἐπηρώτα
3614 1028 3643 1080 6
3675 1029 3903 1100 Κύριος

2292 1107 2466 1176 λέγων
2522 1109 2738 1174 αὐτοῖς·
2796 1113 3151 1181 Πιστεύετε,
3219 1115 3311 1177 ὅτι
3377 1115 3635 1188 δύναμαι
3702 1120 3901 1175 τοῦτο

2292 1201 2545 1271 ποιῆσαι
2558 1219 2577 1268 ;
2616 1203 2683 1258 Τί
2723 1199 2819 1273 οὖν
2855 1207 2905 1258 οί
2951 1206 3164 1275 τυφλοὶ,
3214 1209 3637 1283 προκόψαντες,
3679 1214 3897 1283 φασίνς

2296 1291 2435 1359 Ναὶ,
2481 1294 2678 1364 Κύριε.
2713 1295 2910 1361 Οὐκέτι
2944 1292 3119 1365 εἷπον,
3171 1300 3312 1367 Ναὶ,
3348 1304 3431 1356 υἱὲ
3479 1305 3672 1359 Δαϐίδ·
3717 1307 3895 1374 ἀλλὰ,

2291 1385 2403 1448 Ναὶ
2427 1424 2442 1447 ,
2492 1388 2693 1458 Κύριε.
2758 1387 3218 1461 ’Υπεμνήσθησαν
3283 1394 3384 1464 τῆς
3448 1396 3746 1469 ἀναϐολῆς,
3797 1399 3898 1455 διδ

2294 1477 2550 1548 παραυτὰ
2592 1477 2694 1550 τὴν
2745 1482 3036 1552 ὁμολοῨίαν
3083 1484 3361 1538 ποιοῦνται
3408 1485 3689 1555 λέγοντεςθ
3730 1491 3889 1557 Ναὶ,

2294 1564 2489 1636 Κύριε,
2517 1566 2862 1638 πιστεύομεν,
2894 1571 2977 1627 ὅτι
3017 1569 3242 1624 δύνασαι
3278 1570 3439 1625 τοῦτο
3471 1574 3710 1644 ποιῆσαι.
3738 1571 3893 1635 Εἶτα.

2292 1657 2504 1720 δεικνὺς
2530 1659 2558 1710 6
2592 1658 2926 1730 Κύριος,,ὂτι
2968 1663 3035 1731 τῇ
3077 1660 3259 1715 πίστει
3288 1662 3623 1734 προέκοψαν,
3648 1665 3895 1737 ἀπεκρί-

2293 1767 2419 1802 νατο
2468 1748 2671 1818 λέγων*
2720 1752 2885 1807 Κατὰ
2934 1752 3050 1822 τὴν
3090 1754 3300 1808 πίστιν
3359 1754 3528 1824 ὑμῶν
3572 1757 3892 1825 γενηθήτω

608 1839 906 1895 Secundum
943 1840 1099 1909 ﬁdem
1128 1852 1349 1896 vestram
1392 1842 1486 1911 ﬁat
1520 1843 1658 1896 vobis
1690 1843 1745 1896 τε
1780 1843 2012 1897 iunuens
2041 1841 2186 1895 scili-

2294 1839 2452 1908 ὐμῖν,
2498 1840 2595 1907 ὡς,
2643 1843 2692 1894 εί
2729 1843 2805 1913 μὴ
2848 1843 3159 1915 προέκοψαν
3208 1848 3274 1916 τῇ
3329 1846 3541 1911 πίστει,
3576 1846 3636 1898 τὸ
3680 1847 3889 1915 βλέπον

558 1996 563 2001 _
607 1942 731 1999 cet,
764 1947 892 1999 eos,
942 1934 1043 1987 nisi
1090 1932 1193 1987 fide
1233 1932 1588 2003 profecissent
1616 1972 1631 1998 ,
1680 1948 1783 1987 nou
1822 1932 1985 1987 fuisse
2012 1935 2183 1988 visum

608 2035 1041 2092 recuperaturos.
1096 2022 1388 2093 Propterea
1436 2023 1693 2077 Dominus
1717 2064 1731 2088 ,
1765 2024 1891 2093 quia
1933 2040 2036 2079 nou
2066 2034 2174 2079 tam

607 2128 836 2184 corpore
860 2128 1020 2183 quam
1046 2113 1227 2167 anima
1248 2113 1556 2168 debilitatus
1573 2114 1787 2183 jacebat
1819 2114 2175 2183 paralyticus,

606 2216 829 2279 pr0pter
848 2214 1199 2276 peccatorum
1211 2207 1636 2273 corruptionem,
1669 2206 2025 2275 interrogwit
2052 2221 2179 2260 eum

608 2300 794 2354 dicens
819 2311 834 2351 :
864 2296 954 2351 Vis
975 2314 1135 2352 sanus
1157 2297 1274 2365 fieri
1297 2297 1318 2350 ?
1346 2297 1680 2366 Paralyticus
1704 2306 1905 2362 autem,
1934 2298 2189 2368 ignorans

608 2389 732 2465 quis
765 2405 898 2467 enm-
943 2389 1330 2457 alloqueretur,
1378 2388 1655 2457 respondit
1685 2370 1911 2449 Domino
1945 2391 2127 2445 dicens
2168 2408 2183 2445 :

2288 1930 2387 1981 οὐκ
2434 1930 2697 2001 ἐδέχοντο.
2751 1931 2848 1985 Διὰ
2899 1931 3059 1986 τοῦτο
3110 1934 3205 1987 καὶ
3278 1935 3513 1988 ἐνταῦθα
3558 1936 3587 1987 6
3632 1936 3883 2008 Κύριος,

2290 2020 2476 2091 ἐπειδὴ
2514 2023 2541 2074 6
2576 2022 2890 2091 παράλυτος
2938 2024 3138 2094 μᾶλλον
3185 2025 3434 2096 ψυχικῶς
3477 2023 3544 2097 ἦν
3592 2027 3887 2099 ἐξηρθρω-

2292 2112 2471 2181 μένος,
2509 2116 2575 2184 τῇ
2610 2115 2718 2167 τῶν
2766 2116 3182 2187 ἁμαρτημάτων
3222 2119 3575 2191 καταφθορᾷ,
3612 2120 3889 2192 ἐπηρώτα

2287 2205 2475 2259 τοῦτον
2518 2208 2546 2259 6
2578 2206 2780 2278 Κύριος
2813 2207 3027 2278 λέγων·
3081 2209 3286 2276 Θέλεις
3332 2210 3508 2280 ὑγιὴς
3561 2210 3889 2281 γενέσθαι;

2301 2295 2359 2347 Ὀ
2400 2295 2457 2348 δὲ
2503 2298 2831 2368 παράλυτος,
2865 2298 2939 2370 μὴ
2973 2299 3128 2364 εἰδὼς
3159 2300 3256 2364 ἔτι,
3288 2301 3371 2364 τίς
3424 2303 3570 2354 ἐστιν
3613 2303 3641 2354 ὁ
3671 2301 3883 2367 λαλῶν,

2290 2384 2626 2456 ἀπεκρίνατο
2679 2388 2816 2458 πρὸς
2863 2386 2955 2442 τὸν
3017 2389 3221 2461 Κύριον
3271 2389 3472 2458 λέγων’
3513 2390 3663 2443 Θέλω
3712 2391 3887 2462 ὑγιὴς

524 4774 527 4777 ’
615 4767 927 4835 angelorum
957 4776 1194 4830 creator,
1220 4766 1493 4821 descendi.
1523 4767 1809 4837 Responde
1834 4768 1997 4838 igitur
2032 4771 2190 4825 inter-

609 2466 748 2550 volo
810 2494 986 2549 sanus
1026 2480 1162 2534 lieri.
1229 2478 1376 2549 [Sed
1428 2480 1556 2549 quid
1613 2480 1751 2555 dixi,
1835 2480 1960 2534 Volo
1995 2480 2057 2557 ε’]
2089 2481 2179 2537 Be-

609 2589 678 2646 ne
749 2573 1051 2641 interregas
1119 2588 1243 2625 mnu
1285 2571 1485 2651 velim;
1517 2569 1626 2640 jam
1707 2574 1851 2643 enim
1914 2573 2050 2629 velle
2091 2577 2188 2628 de-

607 2665 765 2732 sino,
819 2663 1086 2734 siquidem
1140 2660 1252 2730 jam
1298 2663 1388 2717 diu
1432 2671 1518 2718 est
1556 2663 1700 2739 quod
1758 2663 1908 2729 volo,
1962 2674 2015 2721 et
2055 2665 2188 2718 nilnil

609 2770 727 2833 sum
763 2761 1119 2819 consecutus;
1174 2767 1345 2824 quare
1390 2753 1442 2808 id
1483 2752 1620 2807 velle
1660 2769 1997 2823 perseverem
2045 2754 2187 2822 quod

610 2862 715 2904 non
755 2845 1141 2917 appreltendo?
1180 2844 1312 2899 Volo
1361 2858 1527 2915 sanus
1576 2845 1728 2908 fieri;
1783 2846 1834 2898 in
1884 2845 2022 2899 lecto
2055 2861 2187 2899 cou-

609 2922 803 3016 senui,
864 2936 1114 3006 sepulcro
1178 2935 1389 3008 loquaci
1454 2935 1785 2999 assimilatas
1833 2952 1989 3000 sum,
2044 2952 2188 3001 mor-1

2288 2474 2572 2543 γενέσθαι·
2623 2476 2805 2540 καλῶς
2863 2478 3228 2552 ἐπηριῦτησας
3299 2478 3415 2553 [εί]
3474 2479 3642 2533 θέλω·
3690 2481 3888 2535 οὐκέτι

2289 2568 2398 2645 γὰρ
2447 2568 2617 2637 Θέλω·
2657 2568 2949 2627 πολλοστὸν
3000 2572 3112 2641 γὰρ
3160 2571 3425 2641 θελήσας,
3462 2571 3612 2624 οὐδὲν
3667 2572 3882 2642 ἤνυσα·

2286 2659 2339 2711 τί
2370 2659 2554 2727 λοιπὸν
2589 2659 2809 2725 θέλω,ὀ
2850 2662 2910 2715 οὐ
2963 2662 3261 2733 λαμϐἀνω;
3309 2663 3461 2716 Θέλω
3513 2663 3674 2735 ὑγιὴς
3721 2668 3888 2731 γενέ⁹

2291 2750 2437 2812 σθαι.
2485 2756 2839 2824 κατεγήρασα
2868 2755 2934 2824 τῇ
2984 2754 3160 2826 κλίνῃ,
3194 2755 3363 2823 τάφος
3396 2755 3515 2826 είμὶ
3559 2755 3885 2822 πολύλαλος,

2287 2843 2527 2915 τέθνηκα
2587 2844 2717 2909 ζῶν,
2757 2845 2911 2898 οὐδὲν
2954 2846 3270 2917 καινότερον
3328 2847 3619 2917 ὑπομένειν
3674 2846 3887 2918 μέλλω,

2288 2934 2449 3005 ὅρκον
2489 2934 2556 3004 μὲ
2590 2934 2791 2997 πάντες
2829 2933 3223 3005 λαμϐάνουσιν·
3259 2933 3555 3004 τριάκοντα
3595 2934 3688 2986 καὶ¹
3730 2931 3886 2986 ὀκτὼ

610 3040 738 3104 enus
785 3043 905 3083 sum
961 3028 1191 3092 vivens,
1240 3026 1374 3081 nihil
1411 3027 1541 3081 mihi
1592 3027 1744 3096 pejus
1794 3026 2039 3082 accidere
2093 3043 2187 3096 po-

2291 3024 2383 3097 ετη
2440 3024 2550 3097 ἔχω
2601 3026 2936 3096 παραμένων
2990 3028 3056 3096 τῇ
3109 3024 3497 3096 κολυμϐήθρᾳ,
3561 3025 3653 3078 καὶ
3703 3025 3887 3089 οὐδεὶς

612 3126 754 3185 test;
787 3118 967 3173 thema
989 3117 1279 3188 juramenti
1302 3118 1550 3171 omnibus
1581 3117 1752 3171 factus
1773 3134 1927 3184 sum;
1963 3119 2181 3188 triginta

2292 3114 2582 3184 συμπαθεῖ.
2658 3114 3039 3186 Πιπράσκεται
3094 3116 3155 3170 τὸ
3219 3114 3416 3188 δῶρον,
3477 3115 3889 3187 καπηλεύουσιν

612 3221 667 3278 et
689 3223 812 3266 oeto
836 3210 1092 3279 efﬂuxere
1112 3210 1239 3264 anni
1261 3253 1277 3277 ,
1304 3226 1365 3268 ex
1400 3205 1659 3285 quojliuic
1694 3210 1915 3282 piscina:
1940 3210 2151 3273 assideo
2170 3253 2185 3277 ,

2291 3204 2441 3274 αὑτῷ
2472 3204 2784 3276 Φαρισαίων
2820 3206 3039 3270 παῖδες·
3082 3200 3161 3269 εἷς
3211 3205 3289 3277 τῷ
3341 3205 3572 3277 ἐνιαυτῷ
3622 3205 3890 3277 καθαίρε-

608 3314 669 3359 et
715 3318 875 3358 nemo
918 3303 1261 3371 cowpatitur.
1311 3302 1571 3369 Ycuditur
1601 3302 1798 3367 donum
1849 3302 1979 3368 Dei,
2024 3319 2187 3374 nego-

2291 3313 2401 3359 ται,
2429 3297 2542 3360 καὶ,
2584 3297 2702 3369 δέον
2743 3298 2835 3353 τὸν
2865 3299 3080 3370 πρῶτον
3126 3298 3534 3371 προτιμᾶσθαι,
3574 3301 3603 3352 6
3636 3299 3890 3370 εὐπορώ-

610 3396 816 3453 tiantur
839 3394 967 3449 illud
986 3394 1236 3449 l’liariszn'
1262 3411 1275 3458 ;
1299 3410 1434 3466 unus
1461 3395 1689 3461 singulis
1706 3394 1863 3449 annis
1880 3407 2120 3460 sanatur,
2135 3404 2189 3449 et

611 3503 734 3557 cum
775 3488 981 3557 primus
1021 3488 1213 3556 ordine
1248 3488 1457 3544 αξιοι-ῖς
1490 3486 1729 3555 praeferri
1774 3486 2025 3551 deberet,
2056 3503 2189 3556 prac-

610 3579 783 3651 ferlur
812 3580 1051 3634 divitior.
1083 3580 1248 3635 Abest
1273 3596 1301 3633 a
1338 3580 1539 3649 piscina
1569 3579 1777 3645 justitia
1800 3621 1814 3643 ,
1847 3580 2057 3635 obtinet
2087 3580 2186 3633 iui-

611 3672 812 3741 quitas.
847 3670 982 3725 Num
995 3671 1137 3742 iusta
1158 3670 1444 3742 aliquando
1471 3672 1821 3740 superveniet
1848 3672 2191 3726 administra-

613 3763 724 3830 tio,
759 3774 818 3819 ut
877 3779 1014 3834 aqua
1054 3764 1265 3818 tandem
1312 3764 1716 3823 mercimonium
1775 3779 1896 3824 esse
1942 3765 2189 3829 desinat,

611 3861 666 3908 et
699 3855 948 3909 omnibus
989 3853 1283 3909 liberaliter
1309 3854 1578 3909 donetur?
1612 3854 1870 3908 Dominus
1911 3864 2094 3913 autem
2124 3856 2190 3909 ad

611 3944 967 4015 paralyticum
1020 3963 1033 3999 :
1084 3944 1365 4012 Quomodo
1415 3946 1575 4000 homo
1615 3945 1703 4001 uni
1757 3945 2044 4014 eidemque
2075 3945 2191 4001 loco

612 4033 803 4090 afﬁxus
849 4036 914 4090 de
959 4037 1044 4091 his
1070 4037 1336 4091 disserere
1360 4035 1575 4088 valeat?
1614 4034 1691 4095 Eu
1726 4050 1811 4090 me
1844 4045 1901 4089 ut
1934 4037 2191 4107 ignoran-

2290 3405 2447 3460 τερος
2483 3388 2661 3449 τοίνυν
2712 3392 3102 3463 προκρίνεται’
3157 3391 3380 3462 ἄκριτος
3429 3393 3462 3463 ἡ
3502 3391 3888 3463 κολυμϐήθρα,

2290 3481 2451 3536 ἄδικα
2479 3482 2550 3543 τὰ
2582 3483 2859 3552 παρόντα’
2892 3480 3001 3555 ἆρα
3035 3484 3189 3538 ἔσται
3241 3485 3517 3555 ἐπισκοπή
3560 3501 3642 3548 τις
3673 3483 3887 3551 δικαία,

2294 3575 2379 3628 ἵνα
2412 3576 2486 3646 μὴ
2518 3576 2581 3629 τὸ
2619 3574 2763 3647 ὕδωρ
2809 3576 3208 3649 καπηλεύηται,
3244 3576 3380 3629 ἀλλά
3423 3578 3587 3629 πᾶσιν
3635 3575 3891 3644 ἀφθόνως

2290 3667 2538 3733 δίδωται;
2581 3668 2638 3720 ’0
2670 3667 2728 3720 δὲ
2764 3667 2969 3737 Κύριος
3014 3668 3152 3739 πρὸς
3196 3668 3288 3721 τὸν
3331 3668 3674 3739 παράλυτονο
3710 3667 3777 3740 Τί
3822 3668 3891 3729 ἐν

2293 3761 2373 3822 ἐνὶ
2424 3760 2575 3830 τόπῳ
2632 3759 3032 3831 κατακείμενος
3076 3758 3422 3831 πελάζει-τῷ
3472 3757 3753 3830 λογι,σμῷ;
3794 3758 3892 3822 Ὠς

2292 3851 2572 3920 ἀγνοοῦντι
2605 3868 2696 3922 μοι
2736 3851 3002 3920 διαλέγει.
3038 3851 3152 3921 Τῆς
3195 3852 3892 3923 κολυμϐήθρᾳςδεσπόςω,

2293 3945 2389 3998 καὶ
2439 3944 2539 4000 οὐκ
2587 3941 2707 4018 οἶδα
2741 3944 2811 3999 τὰ
2861 3946 3163 4016 γινόμενα;
3216 3947 3430 4012 Ἔγνων
3474 3946 3574 4015 τὴν
3613 3943 3897 4002 Ἰουδαίων

2301 4038 2719 4108 πραγματείαν;
2762 4037 2863 4090 Διὰ
2892 4037 3064 4103 ,τοῦτο
3118 4036 3501 4107 παρεγενόμην
3556 4033 3897 4100 mundam.

613 4137 723 4187 tem
757 4125 1074 4196 alloquitur!
1114 4127 1329 4196 Egone,
1367 4124 1590 4194 piscina:
1643 4125 1902 4182 Dominus
1925 4163 1942 4192 ,
1974 4142 2093 4196 qua:
2125 4128 2192 4182 ad

612 4218 757 4274 illam
785 4226 1031 4287 spectant
1054 4216 1414 4272 nesciret-im?
1442 4216 1583 4270 Bene
1612 4217 1733 4270 novi
1762 4216 2067 4272 Judaeornm
2095 4235 2191 4274 ne-

611 4311 994 4384 gotiationem;
1030 4313 1379 4378 quamobrem
1417 4310 1536 4364 veni
1569 4310 1834 4379 piscinam
1886 4324 2190 4367 commuta-

612 4412 790 4475 turus.
818 4403 959 4461 Ecce
989 4418 1087 4471 ego
1134 4402 1277 4455 illaut
1328 4402 1553 4465 aboleo,
1593 4403 1801 4471 ipsique
1855 4404 2191 4474 baptismatis

614 4496 886 4550 lavacrum
937 4489 1226 4547 substitue.
1282 4494 1334 4549 In
1379 4493 1466 4547 illa
1519 4509 1659 4551 unus
1699 4498 1985 4563 quotannis
2031 4513 2187 4553 sana-

615 4597 736 4651 tur;
769 4586 822 4637 in
866 4586 967 4638 hoc
1000 4583 1268 4637 innumeri
1319 4584 1559 4652 quotidie
1589 4587 2082 4653 regenerabuntur;
2131 4591 2184 4644 in

613 4677 759 4734 illam
792 4673 1041 4744 angelum
1084 4674 1409 4729 descendere
1442 4675 1574 4744 iussi
1597 4716 1611 4739 ,
1645 4676 1701 4729 in
1757 4680 1856 4731 huc
1895 4692 1996 4747 ego
2030 4679 2143 4748 ipse
2169 4723 2183 4744 ,

2291 4131 2391 4202 τὴν
2434 4130 2843 4202 κολυμϐήθραν,
2873 4131 2969 4183 καὶ
3016 4131 3112 4183 νῦν
3162 4130 3365 4201 ταύτην
3414 4127 3595 4193 παύω,
3651 4128 3747 4181 καὶ
3785 4128 3898 4199 τὴν

2291 4220 2384 4274 τοῦ
2437 4221 2807 4293 βαπτίσματος
2853 4221 3075 4290 ὰνοίγω.
3118 4222 3209 4274 Ἐν
3258 4220 3432 4294 ταύτῃ
3482 4202 3563 4284 sic
3608 4222 3727 4274 κατ’
3767 4219 3897 4284 ἔτος

2293 4313 2637 4387 καθαίρεται,
2675 4316 2794 4369 ἐκεῖ
2830 4314 3194 4386 ἀναρίθμητοι
3226 4310 3351 4367 καθ’
3387 4313 3624 4383 ἑκάστην
3658 4313 3897 4380 ἀναγεν-

2293 4407 2617 4478 νηθήσονται
2639 4421 2651 4436 ⁸
2692 4407 2749 4459 ἐν
2784 4404 2957 4478 ταύτῃ
2995 4404 3225 4474 ἄγγελον
3255 4404 3573 4464 ἀπέστειλα,
3605 4405 3664 4456 ἐν
3703 4402 3895 4473 ἐκείνῃ

2221 4531 2263 4586 D
2295 4498 2406 4567 ἐγὼ
2436 4499 2465 4551 6
2493 4499 2602 4552 τῶν
2636 4498 2884 4567 ἀγγέλων
2918 4498 3147 4569 ποιητὴς
3181 4495 3470 4567 κατῆλθον.
3496 4494 3589 4549 Διὸ
3622 4495 3759 4567 πρὸς
3790 4493 3896 4564 τὴν

2291 4587 2561 4661 ἐρώτησιν⁵
2612 4589 2981 4661 ἀποκρίθητι·
3046 4587 3249 4655 Θέλεις
3317 4587 3500 4658 ὑγιὴς
3570 4586 3896 4657 γενέσθαι;

2289 4676 2565 4742 τουτέστι,
2616 4676 2922 4747 Πιστεύεις,
2954 4678 3038 4731 ὄτι
3067 4679 3125 4731 ἐν
3175 4676 3387 4740 τούτοις
3436 4676 3665 4738 δυνατάς
3707 4676 3824 4745 εἰμι
3864 4674 3899 4726 ὁ

2295 4769 2472 4824 λαλῶν
2510 4787 2622 4839 σοι;
2666 4770 2724 4823 Ὀ
2749 4770 2806 4825 δὲ
2846 4769 3182 4842 παράλυτος,
3215 4769 3411 4840 μικρὸν
3441 4766 3764 4829 ἀνανεύσας,
3797 4767 3897 4818 καὶ

2299 4866 2399 4936 τὴν
2442 4864 2758 4917 δεσποτείαν
2788 4863 2883 4917 τοῦ
2926 4864 3133 4934 Κυρίου
3177 4862 3473 4932 γνωρίσας,
3505 4862 3571 4931 τῇ
3622 4857 3885 4929 συνηθείᾳ

2304 4957 2384 5009 ἔτι
2423 4955 2798 5026 συνεχόμενος,
2845 4955 3180 5026 ἁπεκρίνατο
3217 4953 3411 5021 λέγων,
3447 4950 3592 5021 ἆπερ
3635 4950 3749 5002 ἴστε
3797 4967 3894 5002 σα-

2307 5049 2421 5117 φῶς
2485 5047 2879 5114 γινώσκοντεςο
2932 5047 3076 5109 Ναὶ,
3137 5044 3345 5116 Κύριε,
3400 5043 3717 5111 ἄνθρωπον
3778 5043 3895 5094 οὐκ

613 4859 819 4926 roganti
857 4876 871 4913 :
916 4858 1006 4913 Vis
1034 4876 1195 4921 sanus
1223 4860 1380 4929 ﬁeri?
1407 4861 1457 4915 id
1488 4870 1571 4914 est
1596 4899 1611 4926 ,
1648 4862 1908 4917 Credisne
1939 4866 2079 4934 quod
2112 4878 2191 4918 tn-

616 4947 688 5001 lia
720 4947 900 5004 facere
929 4953 1132 5018 possint
1167 4968 1264 5021 ego
1288 4952 1375 5021 qui
1404 4953 1592 5022 loquor
1621 4954 2195 5026 tecumiParnlytii-us

614 5051 794 5095 autem
820 5079 835 5106 ,
867 5052 1026 5112 caput
1072 5046 1463 5114 aliquantulum
1515 5047 1802 5102 sublevatus
1829 5090 1842 5112 ,
1887 5064 2195 5117 supremam

611 5135 827 5203 quidem
888 5137 1096 5191 Domini
1144 5147 1465 5206 potestatem
1494 5140 1774 5194 confessus
1809 5150 1929 5203 est;
1964 5142 2057 5195 sed
2100 5158 2189 5195 ve-

616 5237 781 5282 terem
822 5230 1274 5293 consuetudinem
1317 5242 1568 5295 secutus,
1608 5231 1880 5301 respondit
1921 5249 1934 5285 :
1984 5232 2197 5298 Etiam,

614 5316 869 5387 Domine;
909 5317 1187 5373 Hominem
1220 5335 1320 5373 non
1350 5322 1536 5385 Imbeo,
1566 5334 1617 5376 ut
1648 5339 1764 5376 cum
1793 5323 2007 5377 turbata
2040 5322 2199 5392 fuerit

613 5427 768 5480 aqua,
797 5416 967 5468 mittat
1003 5429 1085 5468 me
1124 5414 1179 5466 in
1218 5413 1507 5482 piscinam;
1538 5418 1663 5468 dum
1712 5417 1856 5470 venio
1898 5416 2036 5471 enim
2072 5433 2198 5485 ego,

685 5566 707 5597 ⁸
748 5565 829 5635 ila
859 5568 937 5624 th.
974 5586 1047 5635 ις,
1084 5568 1173 5623 ‘28.
1254 5570 1271 5599 ⁵
1299 5568 1429 5628 ibid.
1535 5570 1553 5599 ⁷
1581 5570 1708 5627 ibid.
1735 5570 1822 5626 '29.

696 5723 808 5798 (εί)
847 5725 1208 5798 Βαμϐαίνεις.
1237 5730 1479 5784 Lexiron.
1510 5731 1690 5785 incdit.
1712 5750 1723 5784 :
1744 5733 2085 5798 Πτιμϐαιίσει·
2125 5729 2201 5783 δι-

624 5796 805 5860 στάζει
833 5837 846 5862 ,
888 5796 1075 5865 τρέμει
1111 5803 1220 5863 τοῖς
1268 5802 1421 5866 ποσὶ,
1483 5804 1574 5856 καὶ
1619 5805 1680 5874 τῇ
1716 5796 1932 5874 γλώσσῃ
1972 5805 2197 5872 ἀσήμως

2307 5140 2444 5206 ἔχω,
2472 5139 2593 5203 ἵνα,
2623 5137 2768 5192 ὅταν
2790 5137 3055 5207 ταραχθῇ
3078 5138 3144 5191 τὸ
3169 5136 3345 5204 ὕδωρ,
3377 5134 3542 5202 ,ϐάλῃ
3562 5133 3642 5202 μὲ
3665 5135 3752 5199 εἰς
3779 5132 3894 5199 τὴν

2310 5230 2763 5301 κολυμϐήθραν·
2798 5231 2869 5285 ἐν
2901 5223 2949 5297 ᾧ
2972 5229 3040 5282 δὲ
3076 5230 3323 5299 ἔρχομαι
3363 5227 3498 5298 ἐγὼ,
3544 5227 3735 5292 ἄλλος
3777 5224 3893 5293 πρὸ

2307 5325 2452 5395 ἐμοῦ
2487 5325 2845 5382 καταϐαίνει.
2883 5324 2939 5376 '0
2972 5322 3028 5375 δὲ
3076 5321 3278 5391 Κύριος
3312 5320 3450 5391 πρὸς
3497 5318 3590 5372 τὸν
3644 5315 3891 5389 παράλυ-

2310 5435 2428 5470 τον·
2474 5418 2540 5471 Τί
2572 5416 2892 5487 βαμϐαίνεις
2923 5414 3064 5486 (24),
3114 5413 3427 5485 παράλυτε;
3483 5412 3671 5481 Ἀρκεῖ
3718 5425 3800 5463 σοι
3830 5406 3893 5462 τὸ

2312 5728 2621 5798 φθέγγεται.
2652 5728 2754 5781 ὑπδ
2780 5727 2982 5798 τρόμου
3015 5726 3138 5798 ἠχεῖ
3170 5722 3310 5798 τοὺς,
3330 5721 3568 5798 ὁδόνῖας.
3628 5718 3762 5798 ’ᾼπῆ
3801 5731 3893 5798 εξε-

2264 5828 2269 5832 ~
2310 5785 2551 5877 ἐκφορᾶς
2580 5799 2683 5852 τῶν
2712 5785 2894 5852 ποδῶν
2912 5796 3020 5850 τῶν
3163 5791 3378 5865 ἑδραίαν
3419 5790 3517 5861 τὴν
3544 5787 3718 5860 φυγὴν
3747 5785 3891 5856 ἐχόν-
