4048 6440
549 456 654 515 135

1728 438 2030 494 DlDYMUS
2069 433 2627 492 ALEXANDllINUS.

3699 431 3801 489 156

548 577 742 630 suisse.
770 572 826 627 In
862 568 1135 625 animadv.
1164 583 1194 619 v
1227 566 1430 634 reliqua
1470 564 1679 634 Didymi
1710 561 1865 616 Alex.
1899 560 2120 629 scripta,
2154 568 2195 618 Α
2223 563 2431 627 dgmus,
2463 556 2614 624 cujus
2645 553 2896 607 amicitiis
2926 567 3091 618 nuper
3122 549 3202 604 usi
3230 564 3433 614 sumus,
3479 549 3543 601 ab
3582 564 3638 602 ec
3685 548 3805 602 loco

548 668 745 737 partim
787 663 954 725 edita,
987 661 1180 727 partim
1234 658 1430 710 inedita
1476 656 1653 709 adhuc
1693 652 2003 723 perlustrat.
2068 650 2122 703 lu

554 757 922 811 additamenta
972 750 1258 818 respondet
1324 761 1591 814 anonymo
1648 744 1862 798 cuidam
1923 742 2122 795 Roma-

549 849 724 911 nensi,
757 846 846 913 qui
880 845 930 897 in
966 862 978 897 :
1006 840 1224 896 Gazette
1265 837 1523 891 littéraire
1568 834 1631 888 de
1665 834 1937 899 l'lt‘uroize,
1994 846 2124 884 ann.

549 938 709 1001 1704,
740 936 992 990 evincere
1039 931 1263 993 studuit,
1318 928 1514 982 librum
1556 926 1714 979 istaut
1761 924 1901 977 haud
1945 920 2123 990 profe-

549 1041 694 1081 ctum
723 1041 841 1080 esse
868 1042 896 1077 a
924 1023 1147 1092 Dulymu
1183 1022 1359 1075 (hero.
1384 1018 1542 1072 Conl’.
1579 1016 1761 1082 longas
1782 1026 2041 1067 censuras
2074 1010 2125 1063 iu

552 1114 715 1167 Novis
740 1123 843 1166 act.
875 1111 1149 1173 eruditor.,
1187 1108 1333 1176 Lips.
1371 1121 1514 1159 tuen.
1544 1104 1668 1158 Jun.
1701 1102 1993 1170 l768,pag.
2024 1101 2128 1153 218

555 1222 701 1271 satu;
727 1215 779 1255 et
811 1200 1183 1269 (Schroecka
1228 1202 1278 1252 in
1309 1197 1460 1250 Nora
1494 1194 1616 1248 bibl.
1648 1194 1828 1258 t.‘ieol.,
1861 1205 1987 1247 tom.
2021 1192 2125 1254 VII,

554 1298 697 1364 Lips.
719 1293 873 1358 1766,
902 1294 956 1357 8,
982 1302 1118 1359 part.
1147 1305 1219 1353 tv,
1238 1305 1291 1357 p.
1321 1286 1589 1350 303-519.;
1620 1295 1780 1353 atque
1812 1283 2125 1340 Sclimnkli.

557 1391 607 1440 in
649 1386 792 1439 llisl.
821 1386 949 1438 eccl‘.
979 1381 1201 1444 Chrisl.,
1241 1378 1345 1442 VII,
1370 1390 1425 1447 p.
1458 1378 1549 1432 85.
1571 1375 1852 1429 —Lucem
1885 1373 2130 1425 \‘itlet'nm

520 1475 769 1544 ~l)idymi
818 1473 940 1526 libri
993 1482 1096 1523 tres
1144 1472 1208 1522 de
1268 1468 1544 1530 Trinitate,
1609 1482 1637 1518 a
1695 1464 1853 1520 Joan.
1914 1461 2132 1532 Aloysio

556 1564 890 1634 Miugarello,
921 1562 1016 1617 Gr.
1043 1571 1095 1614 et
1128 1559 1247 1614 Lat.
1279 1559 1509 1617 Bunon.,
1545 1556 1709 1618 17b9,
1734 1554 1826 1608 iul.
1874 1553 1935 1607 ν.
1961 1553 2129 1606 Mauri

557 1655 686 1706 liuni
726 1652 873 1721 Dein
924 1651 1099 1703 aulori
1131 1648 1364 1710 classici,
1409 1644 1621 1698 Bibliot.
1677 1642 1940 1712 portatile,
2000 1652 2131 1707 εἰει,

557 1754 697 1812 part‘.
732 1758 769 1803 ι,
804 1743 988 1795 Venet.
1020 1740 1177 1803 1795,
1198 1753 1329 1810 pag.
1357 1736 1484 1791 287.
1511 1735 1678 1789 lianc.
1823 1792 1827 1799 ,

766 1830 1072 1887 SCRIPTA
1147 1827 1419 1883 DIDYMI
1476 1825 1921 1881 DEPERDITA.

2228 651 2313 703 ubi
2342 649 2597 714 scriptum
2638 655 2712 699 est
2748 646 2964 711 (usu,
3009 641 3096 711 l3)
3131 659 3143 693 :
3179 638 3570 701 Consolamini,
3607 653 3807 693 conso-

2232 739 2418 792 lantiui
2451 737 2704 808 populum
2729 750 2929 797 meum,
2952 730 3290 795 sacerdotes,
3314 730 3592 799 loquimini
3625 732 3690 782 ad
3714 745 3811 784 cor

2224 828 2543 893 Jerusalem,
2583 842 2743 897 usque
2770 825 2837 878 ad
2874 824 3032 892 ﬁnem
3071 822 3375 885 voluminis,
3410 821 3584 875 decem
3613 829 3661 874 et
3694 830 3812 873 octo

2226 921 2389 973 edidit
2425 930 2613 972 tomus.
2648 915 2887 970 Meminit
2912 924 2968 969 et
3011 914 3189 983 capite
3221 911 3323 967 109
3356 910 3597 981 Gatalogi
3630 920 3685 964 et
3715 910 3811 962 Ni-

2230 1013 2494 1081 ριιριιοτιιε
2536 1026 2614 1072 tx,
2659 1009 2746 1060 17.
2796 1006 2940 1060 Citat
2974 1005 3341 1059 Damascenus
3387 1003 3629 1071 pluribus
3677 1002 3813 1057 locis

2230 1101 2382 1155 Sacr.
2420 1098 2668 1167 parallel.
2699 1113 2819 1167 pag.
2852 1096 2979 1159 507,
3010 1096 3138 1160 511,
3166 1095 3291 1160 677,
3325 1093 3447 1152 721.
3486 1093 3610 1148 781.

2303 1192 2367 1245 In
2419 1189 2706 1243 Jeremiam
2759 1187 2894 1242 citat
2951 1197 3141 1241 catena
3180 1184 3522 1239 Ghisleriana
3581 1194 3713 1237 tom.
3769 1182 3811 1247 Ι,

2232 1296 2355 1351 pag.
2386 1279 2488 1343 '59;
2535 1288 2664 1331 tom.
2699 1277 2763 1342 ll,
2794 1292 2916 1346 pag.
2945 1275 3071 1341 704,
3111 1274 3238 1328 755.

2302 1369 2370 1423 In
2399 1367 2588 1423 Oscam
2612 1368 2740 1421 ‘tibri
2774 1365 2894 1433 ΙΙΙ,
2927 1367 2992 1419 ad
3024 1366 3407 1437 Hieronymum
3434 1364 3638 1435 scripti,
3671 1364 3809 1423 tes'e

2234 1460 2350 1528 ipso
2390 1458 2714 1528 Hieronymo
2751 1471 2869 1524 cap.
2902 1455 3004 1511 109
3041 1455 3112 1509 De
3142 1452 3199 1509 S.
3235 1454 3300 1508 E.
3340 1463 3394 1511 et
3426 1456 3679 1525 Apologia
3721 1457 3809 1509 at-

2232 1553 2359 1604 tinta
2387 1551 2438 1603 in
2460 1548 2638 1617 Ruﬁn.
2694 1563 2747 1617 p.
2782 1546 2904 1611 164,
2946 1555 3001 1601 et
3045 1544 3279 1601 Procem.
3317 1546 3372 1599 in
3411 1548 3598 1600 Oscam
3629 1557 3676 1600 et
3703 1545 3811 1599 Za-

2228 1642 2491 1695 chariam.
2538 1640 2682 1696 Citat
2711 1637 3077 1692 Damascenus
3111 1636 3164 1689 in
3201 1634 3502 1700 Parallelis,
3537 1652 3659 1706 pag.
3686 1635 3810 1693 778.

2237 1730 2549 1799 Hieronymi
2593 1729 2756 1783 verba
2789 1741 2855 1781 ex
2897 1726 3171 1781 Promuiio
3207 1727 3259 1779 in
3309 1726 3500 1781 Oseam
3541 1729 3814 1784 ascribere

2238 1822 2447 1893 placet:
2477 1819 2610 1873 Ante
2639 1835 2804 1873 annos
2837 1818 3046 1872 circiter
3075 1817 3256 1886 viginti
3286 1817 3418 1871 duos
3440 1859 3454 1884 ,
3500 1835 3617 1872 cum
3648 1835 3813 1873 essem

629 1924 961 1995 Συγγραφέα
988 1932 1039 1976 et
1076 1936 1356 1975 sacrorum
1380 1920 1744 1989 expositorem
1778 1919 2129 1988 scriptorum,
2160 1900 2207 1961 Β
2235 1911 2592 1974 Alexandria,
2624 1910 2729 1964 vidi
2757 1908 3044 1978 Didyin‘um
3067 1917 3112 1961 et
3137 1923 3252 1961 eum
3282 1908 3578 1978 frequenter
3605 1906 3811 1974 audivi,

559 2017 650 2083 qui
687 2017 881 2069 multos
921 2014 980 2069 S.
1013 2012 1301 2082 Scriptura:
1333 2012 1501 2067 libros
1539 2011 1908 2079 explicaverit,
1955 2009 2135 2062 laudat

561 2106 827 2161 Palladius
855 2109 906 2160 in
938 2106 1195 2159 Lausiaca
1225 2105 1242 2174 (
1272 2119 1395 2174 pag.
1432 2104 1501 2158 15
1521 2105 1653 2158 edit.
1688 2103 1906 2158 Meursii
1929 2102 1969 2171 ),
1997 2113 2051 2155 et
2081 2100 2133 2155 in

570 2195 706 2249 Vitis
739 2194 959 2249 Patrum
991 2195 1281 2261 Rosweidi,
1324 2208 1446 2263 pag.
1476 2194 1600 2248 751.
1636 2193 1774 2260 Quin
1805 2193 1856 2246 iu
1891 2192 2135 2251 lleracli-

562 2288 648 2343 dis
682 2284 939 2338 Paradiso
974 2284 1068 2347 (in
1105 2284 1294 2338 iisdem
1331 2282 1486 2345 Vttis‘,
1519 2298 1638 2351 pag.
1687 2282 1826 2342 710)
1869 2282 2011 2352 legas
2036 2280 2138 2337 Te-

564 2386 890 2432 stamentum
927 2374 1091 2429 Vetus
1132 2388 1196 2428 ac
1229 2373 1432 2428 Novum
1461 2374 1528 2427 ad
1555 2374 1775 2426 verbum
1814 2372 2136 2440 interpreta-

568 2478 678 2522 tum
710 2481 849 2526 esse.
887 2475 1061 2519 sectas
1094 2473 1273 2518 autem
1309 2477 1497 2517 omnes
1528 2475 1634 2515 tam
1662 2461 1932 2517 subtiliter
1961 2461 2130 2514 llrmi-

570 2568 777 2625 terque,
820 2555 1060 2625 exposita
1095 2568 1256 2621 super
1288 2553 1431 2621 ipsas
1459 2551 1669 2605 ratione
1702 2550 2051 2612 disseruisse.
2082 2559 2139 2604 ut

567 2648 807 2702 Otttnitttn
856 2647 1138 2701 scientiam
1178 2654 1421 2699 veterum
1458 2642 1816 2712 peritiamque
1857 2642 2134 2703 transiret.

572 2739 741 2807 Hujus
773 2737 1027 2808 aliquanti
1073 2736 1245 2801 dicta,
1300 2736 1472 2804 inquit
1501 2734 1729 2788 Rufinus
1760 2733 1853 2786 lib.
1903 2749 1955 2786 tu
1993 2732 2135 2789 Hist.

565 2830 771 2891 eccles.,
804 2840 923 2894 cap.
960 2826 1016 2888 7,
1055 2827 1133 2878 vel
1166 2824 1508 2878 communiter
1539 2824 1809 2891 disputata
1841 2820 1918 2875 vel
1950 2839 2140 2891 propo-

568 2917 806 2971 nentibus
864 2928 1144 2981 responsa,
1202 2913 1451 2966 adhibitis
1500 2913 1726 2966 notariis
1778 2914 2139 2982 descripsere,

567 3024 686 3077 qua:
730 3009 884 3059 etiam
922 3020 1057 3057 nunc
1102 3004 1160 3057 in
1215 3019 1405 3073 magna
1460 3003 1814 3057 admiratione
1863 3003 2141 3059 habentur.

572 3098 686 3153 Nos
724 3108 915 3159 tamen,
953 3096 1115 3165 quiet
1153 3097 1277 3150 viva:
1320 3096 1457 3148 vocis
1504 3094 1617 3163 ejus
1659 3110 1725 3149 ea:
1771 3107 1918 3163 parte
1968 3096 2145 3165 aliqua

572 3178 767 3259 fuimus
797 3186 1098 3249 auditores,
1123 3194 1171 3239 et
1210 3200 1293 3249 ea,
1325 3199 1443 3253 qua:
1472 3200 1503 3237 a
1549 3184 1814 3239 nonnullis
1857 3185 2057 3239 dicente
2082 3201 2142 3239 eo

571 3279 865 3347 descripta,
910 3277 1165 3345 legimus;
1196 3274 1345 3343 longe
1374 3274 1628 3343 majorem
1660 3276 1885 3344 gratiam
1927 3285 1973 3329 et
2009 3276 2144 3329 dit-i-

574 3388 701 3425 num
747 3371 918 3424 nescio
948 3369 1105 3440 quid,
1137 3384 1198 3422 ac
1225 3382 1385 3436 supra
1414 3365 1697 3420 humanam
1722 3381 1897 3420 vocem
1924 3381 2143 3432 sonans,

574 3463 628 3515 in
657 3461 763 3515 illis
795 3462 960 3531 magis
990 3459 1333 3523 sermonibus,
1367 3458 1454 3529 qui
1496 3460 1559 3512 de
1588 3473 1676 3512 ore
1709 3457 1871 3527 ipsius
1908 3458 2146 3528 profere-

575 3553 787 3617 bantur,
818 3551 1174 3621 cognovimus.

643 3644 747 3710 Εὶς
772 3643 878 3697 τὸν
901 3641 1033 3697 Λὼτ
1058 3643 1156 3696 καὶ
1187 3642 1294 3696 τὸν
1313 3641 1510 3697 Δαϐίδ.
1550 3641 1692 3696 (litat
1741 3640 1895 3698 Joan.
1950 3641 2147 3698 Dama-

575 3737 836 3793 scenusin
867 3735 1047 3793 Sacris
1078 3735 1372 3804 Parallelis,
1401 3751 1518 3807 pag.
1544 3735 1812 3802 789,10m.
1842 3734 1884 3790 ll
1906 3734 2043 3806 Opp.

648 3828 714 3883 In
742 3828 934 3883 Iobum
981 3829 1364 3885 commentarii.
1413 3826 1634 3883 Hieron.
1680 3842 1800 3896 cap.
1843 3826 1946 3881 109
1984 3825 2150 3881 Cata-

579 3920 703 3988 logi.
734 3918 1050 3988 Fragmenta
1086 3919 1310 3987 plurima
1348 3917 1422 3971 in.
1450 3925 1637 3969 catena
1667 3914 1886 3967 Patrum
1933 3913 2151 3970 Graeco-

584 4024 702 4062 rum
745 4010 807 4061 ad
837 4007 954 4062 Jobi
987 4008 1202 4063 librum.
1886 4071 1892 4075 η

652 4099 841 4166 Λόγος
868 4100 955 4164 εὶς
1000 4098 1109 4151 τὸν
1169 4095 1313 4152 Ἰὼϐ.
1367 4096 1726 4151 Damascenus
1766 4096 1819 4151 in
1875 4093 2151 4163 Parallel.,

582 4206 702 4259 pag.
742 4190 865 4246 789.

656 4278 1031 4335 Commentarii
1062 4280 1115 4331 in
1150 4276 1391 4333 Psalmos
1419 4294 1615 4333 omnes.
1647 4277 1866 4335 llieron.
1900 4294 2019 4349 cap.
2055 4278 2156 4335 109

583 4368 846 4436 Ctttttlugi,
866 4377 920 4421 et
934 4368 1092 4435 epist.
1113 4366 1181 4422 89
1200 4368 1264 4421 ad
1278 4369 1589 4438 Augustin.;
1624 4369 1956 4437 Nicepltorus
1977 4384 2051 4434 ιχ,
2068 4369 2155 4423 17.

584 4458 904 4526 Fragmenta
953 4458 1087 4511 bene
1135 4456 1303 4511 multa
1339 4457 1391 4510 in
1424 4468 1612 4513 catena
1652 4460 1717 4512 ad
1747 4458 1987 4515 Psalmos
2023 4458 2159 4514 Cof-

584 4549 836 4613 tleriana;
865 4555 917 4602 et
951 4549 1001 4602 in
1027 4548 1184 4603 codd.
1213 4558 1451 4607 catenar.
1478 4550 1529 4604 in
1574 4551 1832 4605 Psalmos.

657 4637 723 4692 Ιη
757 4626 1060 4692 Proverbia.
1093 4630 1447 4694 Cassiodoms
1472 4655 1593 4709 cap.
1624 4639 1657 4693 ὅ
1696 4640 1940 4695 Institut.
1990 4642 2151 4695 divin.

587 4730 693 4794 lit.,
727 4731 782 4784 in
833 4746 933 4800 quo
969 4729 1105 4783 libro
1153 4729 1434 4799 Didymum
1476 4732 1818 4799 exiiositorem
1866 4732 1924 4784 in
1969 4730 2153 4784 Gra'ca

587 4820 766 4889 lingua
798 4824 1079 4891 reperimus
1102 4862 1117 4888 ,
1165 4824 1253 4891 qui
1281 4822 1345 4874 ab
1373 4823 1543 4876 amico
1580 4833 1755 4876 nostro
1786 4822 1895 4875 viro
1921 4824 2158 4876 disertis-

588 4911 722 4965 simo
755 4911 1047 4981 Epiphanio
1077 4916 1129 4968 in
1154 4912 1399 4968 Latinum
1423 4930 1709 4968 sermonem
1743 4914 2153 4985 diligentissime,

592 5002 817 5058 Domino
839 5004 1077 5072 jurante.
1103 5005 1393 5061 translatus
1412 5016 1505 5059 est.
1530 5006 1607 5060 Ex
1641 5007 1741 5060 hoc
1770 5009 2157 5062 commentario

592 5095 890 5164 fragmenta
946 5098 996 5149 in
1029 5109 1217 5151 catena
1264 5097 1482 5149 Patrum
1524 5098 1589 5149 ad
1630 5095 1948 5161 Proverbia,
1996 5112 2155 5167 quam

591 5185 780 5241 Latine
803 5186 1119 5241 Theodorus
1154 5188 1406 5242 Peltanus
1434 5180 1622 5254 edidit,
1653 5197 1707 5241 et
1735 5187 1787 5243 in
1816 5198 2006 5244 catena
2029 5190 2159 5243 Cor-

590 5279 805 5331 deriana
841 5281 902 5331 ad
930 5277 1087 5333 Luca;
1116 5294 1239 5341 vnt,
1278 5280 1331 5335 5.

665 5366 731 5420 In
766 5366 1155 5422 Ecclesiastem.
1182 5367 1338 5423 Joan.
1386 5368 1750 5425 Damascenus
1777 5369 1827 5423 itt
1858 5368 2035 5423 Sacris
2068 5387 2162 5436 pa—

591 5456 809 5517 rallelis.
839 5474 957 5527 pag.
989 5458 1115 5513 685.

663 5546 731 5599 In
786 5547 1064 5605 Canticum
1114 5552 1366 5606 canticor.
1419 5554 1617 5609 Catena
1664 5569 1691 5604 a
1746 5551 1980 5607 Meursio
2017 5552 2161 5607 edita

595 5652 715 5706 pag.
754 5638 831 5691 l9.

666 5726 731 5780 Ιη
768 5726 929 5780 Isaitv
969 5744 1222 5794 pos'rema
1256 5752 1287 5787 a
1315 5734 1713 5805 quadragesimo
1748 5748 1909 5802 usque
1944 5731 2121 5800 capita
2145 5766 2162 5790 .

595 5819 719 5872 torni
762 5815 988 5872 XVI“.
1044 5820 1395 5895 Hieronymus
1441 5822 1666 5895 Prologo
1699 5825 1750 5875 in
1790 5822 2013 5875 Isaiam.
2062 5817 2161 5874 Di-

2234 2004 2403 2058 virum
2432 2002 2514 2055 sui
2539 2000 2784 2070 temporis
2805 1999 3240 2062 eruditissimum,
3260 2001 3537 2069 rogavique
3563 2017 3701 2063 eum,
3731 2011 3809 2064 ut,

2233 2094 2371 2164 quod
2406 2091 2657 2161 Origenes
2697 2107 2799 2145 non
2827 2091 3043 2159 fecerat,
3079 2092 3186 2160 ipse
3210 2091 3511 2158 compleret,
3544 2100 3592 2145 et
3618 2093 3815 2145 scribe-

2235 2194 2313 2238 ret
2366 2185 2419 2236 in
2472 2181 2604 2237 Osee
2640 2182 3044 2236 commentarios
3080 2198 3100 2236 :
3131 2182 3219 2251 qui
3273 2193 3376 2234 tres
3414 2182 3573 2236 libros
3614 2199 3695 2236 me
3725 2200 3817 2252 pe-

2237 2282 2375 2348 tente
2400 2272 2645 2336 dictavit,
2671 2272 2900 2341 quinque
2926 2270 3063 2324 alios
3096 2272 3149 2323 in
3175 2267 3512 2323 Zachariam.

2311 2362 2377 2417 In
2406 2360 2722 2416 Zachariam
2746 2360 2869 2414 libri
2909 2359 2970 2424 γ,
2998 2360 3326 2430 llieronyuto
3354 2370 3573 2430 rogante
3601 2361 3810 2431 scripti.

2239 2455 2312 2511 Id.
2336 2454 2608 2509 Prommio
2634 2456 2687 2506 in
2716 2452 3036 2507 Zachariam
3063 2470 3081 2507 :
3110 2452 3366 2520 Didymus
3392 2455 3617 2522 quinque
3636 2455 3819 2519 expla-

2239 2548 2509 2601 nationnm
2538 2545 2699 2599 libros
2730 2561 2811 2599 nte
2837 2553 3051 2613 rogante
3089 2543 3301 2595 dictavit
3320 2581 3335 2605 ,
3364 2559 3491 2611 quos
3533 2560 3651 2596 cum
3693 2543 3813 2596 aliis

2240 2639 2404 2691 tribus
2433 2638 2488 2691 in
2518 2635 2649 2691 Osee
2674 2646 2723 2690 et
2755 2636 2881 2689 mihi
2906 2633 3348 2706 προσεφώνησεν.
3374 2634 3480 2688 Sed
3501 2646 3610 2687 tota
3635 2647 3815 2688 eorum

2239 2730 2500 2800 ἐξήγησις
2535 2728 2817 2799 allegorica
2852 2728 2976 2797 fuit,
3008 2738 3053 2781 et
3091 2727 3323 2781 historia:
3354 2727 3439 2780 vix
3483 2733 3652 2794 pauca
3701 2726 3819 2780 teti-

2240 2832 2446 2891 gerunt.

2312 2914 2491 2968 Etiam
2513 2914 2566 2968 in
2588 2912 2862 2968 Miclia-am
2883 2913 3163 2983 scripsisse
3187 2911 3470 2983 Didymum
3489 2920 3597 2965 tres
3627 2910 3819 2974 libros,

2244 3014 2394 3060 notat
2430 3004 2806 3060 Tilleutontius
2840 3012 2973 3058 tom.
3008 3003 3054 3058 Χ
3087 3003 3335 3066 Memor.,
3391 3019 3513 3073 pag.
3545 3001 3688 3069 393;
3726 3001 3822 3055 sed

2245 3098 2455 3166 decepit
2504 3112 2627 3152 eum
2668 3108 2955 3166 corruptus
3007 3096 3257 3150 Prommii
3317 3093 3721 3164 llierouymiani
3761 3093 3821 3146 in

2246 3189 2558 3245 Zachariam
2607 3190 2753 3245 locus
2790 3208 2804 3245 :
2847 3207 2977 3259 quos
3012 3205 3129 3243 cum
3166 3190 3332 3242 tribus
3364 3188 3484 3242 aliis
3520 3188 3574 3241 in
3611 3185 3741 3241 Osee
3766 3196 3818 3240 et

2248 3280 2474 3335 Hic/uva
2506 3284 2948 3352 προσεφώνησεν,
2985 3295 3101 3349 pro,
3135 3288 3182 3334 et
3219 3280 3344 3333 mihi
3375 3276 3819 3350 προσεφώνησεν,

2248 3377 2306 3423 ut
2333 3383 2363 3424 e
2408 3384 2538 3423 mss.
2567 3371 2688 3424 cod.
2730 3380 2874 3423 recte
2913 3368 3257 3423 Martianteus
3287 3368 3542 3423 restituit.

2310 3462 2373 3515 In
2401 3460 2742 3528 Erangelium
2772 3458 3032 3513 Matt/tati.
3058 3458 3297 3514 Meminit
3326 3459 3549 3515 Hieran.
3573 3474 3694 3530 cap.
3720 3460 3822 3515 109

2248 3548 2487 3618 Catalogi
2509 3560 2564 3603 et
2587 3550 2825 3603 Promm.
2842 3548 2899 3601 in
2924 3547 3233 3602 Matthwum
3254 3549 3615 3619 ;Nicephorus
3631 3566 3707 3615 Ix,
3731 3549 3820 3606 17.

2249 3640 2392 3695 Citat
2444 3640 2804 3694 Damascenus
2861 3653 2982 3708 pag.
3046 3638 3149 3693 676
3206 3639 3463 3695 Parallel.
3526 3641 3583 3696 In
3633 3653 3822 3697 catena

2249 3730 2391 3785 edita
2419 3730 2483 3784 ad
2514 3728 2847 3795 Mattlneum,
2883 3744 3175 3801 nusquam,
3221 3731 3365 3801 quod
3405 3731 3630 3786 miratus
3678 3746 3821 3797 sum,

2254 3820 2464 3890 Didymi
2496 3835 2688 3875 nomen
2720 3822 2980 3877 occurrit.

2321 3910 2388 3965 In
2419 3909 2760 3981 Evangelium
2796 3911 3047 3967 Joannis.
3079 3911 3302 3967 Hieron.
3336 3922 3391 3969 c.‘
3418 3913 3521 3969 109
3546 3913 3822 3983 Catalogi;

2254 4003 2588 4073 Nicephorus
2623 4019 2700 4069 ix,
2735 4003 2817 4057 17.
2871 4002 3018 4059 Citat
3049 4005 3412 4059 Damascenus
3447 4020 3567 4075 pag.
3604 4005 3727 4071 75s,
3769 4015 3824 4060 et

2255 4095 2449 4164 saepius
2483 4101 2669 4150 auctor
2708 4103 2912 4151 catenae
2946 4094 3164 4150 Patrum
3208 4094 3517 4151 ﬁrmaturum
3564 4097 3722 4152 editae
3767 4097 3823 4152 in

2254 4185 2533 4242 Joannem.
3677 4254 3686 4263 ᾗ

2327 4276 2439 4349 [In
2490 4277 2620 4330 Acta
2667 4276 3040 4346 apostolorum.
3102 4276 3165 4331 V.
3210 4275 3259 4330 J.
3293 4277 3605 4345 Christoplt.
3646 4277 3826 4333 Wolﬁi

2258 4370 2519 4423 Aneetlota
2547 4367 2665 4435 Gr.,
2707 4379 2837 4423 tom.
2875 4368 2961 4435 IV,
2997 4385 3119 4439 pag.
3166 4370 3190 4424 1
3233 4385 3377 4440 sqq.,
3423 4370 3513 4425 ubi
3552 4372 3693 4425 inter
3731 4385 3830 4425 ex-

2260 4471 2440 4529 cerpta
2468 4476 2531 4514 ex
2566 4467 2756 4515 catena
2784 4475 2885 4514 ms.
2928 4460 2986 4513 in
3030 4461 3162 4515 Acta
3194 4470 3363 4531 apost.
3393 4472 3441 4515 et
3466 4460 3599 4531 Epp.
3626 4462 3824 4516 cat/toi.

2191 4570 2232 4623 ῃ
2264 4552 2458 4607 multas
2496 4551 2710 4622 Didymi
2756 4551 3248 4621 interpretationes,
3280 4567 3347 4606 ex
3390 4551 3508 4621 ejus
3533 4563 3828 4611 comment.

2257 4642 2316 4695 in
2354 4642 2486 4696 Acta
2513 4649 2680 4709 apost.
2716 4648 2994 4709 sumptas,
3027 4640 3122 4696 Gr.
3164 4640 3364 4702 attulit,
3407 4640 3602 4695 Latine
3645 4643 3832 4707 vertit,

2254 4742 2310 4786 et
2352 4733 2479 4787 hinc
2513 4732 2640 4786 inde
2677 4732 2957 4801 explicuit.
2995 4762 3059 4772 -—
3114 4731 3170 4786 lu
3224 4733 3344 4787 cod.
3387 4732 3611 4789 Coislin.
3658 4732 3830 4798 XXV,
3870 4800 3873 4803 ν

2257 4823 2345 4892 qui
2368 4823 2744 4892 complectitur
2765 4823 2895 4876 Acta
2921 4824 3282 4891 apostolorum
3309 4832 3361 4878 et
3384 4823 3516 4892 Epp.
3540 4822 3834 4880 catholicas

2258 4928 2377 4967 cum
2413 4915 2815 4968 commentariis
2847 4928 2912 4968 ex
2948 4914 3363 4983 Cltrysostomo,
3396 4914 3681 4968 Atnmonio
3711 4930 3836 4984 pre-‘-

2259 5003 2500 5074 sbytero,
2519 5004 2768 5074 Didymo,
2789 5006 3016 5074 aliisque
3040 5004 3289 5059 Patribus
3315 5014 3367 5059 et
3396 5005 3704 5060 auctoribus
3724 5005 3838 5058 col-

2262 5094 2415 5149 lectis
2446 5096 2578 5149 etin
2605 5098 2849 5151 ordinem
2884 5098 3106 5166 digestis
3135 5098 3203 5154 ab
3244 5098 3456 5151 Audi-ea
3490 5097 3831 5167 presbytero.

2262 5180 2382 5241 Vid.
2402 5186 2692 5242 Montl‘auc.
2719 5186 2858 5242 Bibl.
2893 5187 3135 5255 C0islin.,
3156 5204 3208 5259 p.
3241 5188 3309 5243 75
3325 5202 3413 5258 sq.
3441 5198 3494 5243 et
3522 5203 3575 5257 p.
3615 5187 3740 5251 265,
3769 5188 3839 5242 de

2261 5280 2380 5332 cod.
2425 5277 2577 5343 CCII,
2604 5279 2695 5347 qui
2731 5279 2972 5334 cotitinet
3006 5280 3137 5333 Acta
3173 5282 3464 5350 apostolor.
3509 5295 3631 5335 cum
3658 5278 3836 5349 Cltry-
3873 5305 3877 5310 ·

2262 5370 2508 5433 sostomi,
2540 5369 2749 5441 Didymi
2781 5370 3116 5439 aliorumque
3143 5372 3546 5427 cumtuentariis
3567 5414 3582 5438 ,
3618 5382 3673 5426 et
3712 5384 3836 5441 pag.

2261 5456 2390 5519 Q65,
2426 5458 2479 5512 in
2519 5459 2636 5512 cod.
2673 5454 2848 5520 CCIV,
2884 5478 2932 5514 s.
2961 5470 3147 5515 catena
3182 5463 3232 5516 in
3270 5458 3534 5532 Epistolas
3565 5463 3736 5519 Pauli.
3768 5490 3841 5502 —

2266 5547 2444 5602 Leidte
2495 5544 2635 5604 inter
2680 5550 2837 5604 codd.
2907 5549 3151 5606 Vossian.
3201 5554 3453 5624 Didymus
3495 5555 3560 5605 ad
3608 5567 3726 5621 cap.
3780 5566 3839 5606 ttt

2265 5640 2521 5694 Actorum
2575 5643 2841 5710 :ipostol.,
2890 5658 3031 5700 vers.
3075 5646 3140 5701 19
3180 5656 3233 5701 et
3294 5646 3397 5713 21,
3449 5645 3543 5700 Gr.
3596 5644 3660 5700 ν.
3717 5641 3837 5699 Cat.

2268 5734 2389 5786 bibl.
2442 5733 2610 5798 ιρὶιι.,
2661 5752 2781 5807 pag.
2813 5739 2937 5805 Mil,
2988 5756 3042 5794 n.
3076 5736 3566 5794 L—Viudobonze
3620 5738 3671 5792 in
3719 5737 3840 5791 cod.

2268 5823 2402 5878 Caes.
2444 5824 2595 5879 CCLI
2618 5865 2633 5892 ,
2661 5829 2750 5896 qui
2788 5830 3024 5883 continet
3055 5828 3308 5897 anonymi
3342 5829 3486 5885 locos
3530 5838 3848 5884 communes
