4108 6434
248 394 358 452 157

1757 382 2038 440 ΝΟΤΙΤΙᾹ
2053 421 2065 434 .

3434 377 3535 432 1ἷ8

249 509 529 566 asceticos
551 507 615 562 de
643 503 1183 575 interpretationibus
1220 502 1522 557 divinorum
1550 510 1850 570 prtecepto-
1883 508 1926 561 Λ
1958 501 2094 569 logia
2141 498 2326 552 ultima
2355 498 2423 551 ad
2482 496 2686 562 Ruﬁn.,
2722 511 2843 567 pag.
2886 494 3025 551 161ιε
3053 496 3237 553 Entat
3282 497 3414 552 liber
3443 495 3543 550 Di-

252 617 372 654 rum
413 598 631 652 Domini
665 611 728 651 cx
767 596 965 648 varios.
1008 592 1229 646 Patrum
1256 607 1379 661 opp.
1424 591 1714 655 collectos,
1750 591 1841 644 fol.

256 692 352 745 l8?
381 698 571 744 exstat
602 688 809 756 Didymi
839 685 1205 752 fragmentum
1234 682 1589 752 expositionis
1621 682 1677 735 in
1719 683 1853 734 Acta

253 782 620 852 apostolorum
632 777 1279 834 .V.Lambec.Comrncnt.
1291 772 1354 840 V,
1366 774 1525 842 p.55“
1540 772 1862 845 sqq.llsnL.]

322 872 391 924 In
416 869 724 938 Epistolum
757 868 824 919 ad
853 865 1071 919 Galatas
1098 865 1203 934 (vel
1230 875 1378 918 certe
1416 865 1467 917 in
1502 864 1648 916 illum
1678 866 1853 917 locum

252 963 338 1015 ubi
396 961 555 1014 Petri
601 976 629 1011 a
662 959 831 1011 Paulo
884 955 1197 1025 reprehensi
1233 955 1294 1007 (it
1324 954 1571 1023 mentio).
1613 952 1836 1009 Hieron.

252 1056 409 1125 epist.
443 1055 547 1117 89,
573 1054 639 1106 ad
676 1053 968 1120 Augustin.

321 1147 387 1197 In
434 1143 747 1213 Epistolam
784 1142 850 1194 ad
891 1140 1144 1207 Ephesios
1168 1139 1604 1193 commentarioli.
1638 1138 1857 1193 Hieron.

255 1237 285 1292 Ι
311 1239 364 1290 in
393 1236 596 1304 Ruﬁn.
626 1244 680 1287 et
712 1232 943 1287 Promm.
981 1231 1037 1283 in
1065 1230 1232 1297 Epist.
1271 1231 1340 1282 ad
1377 1227 1569 1297 Ephes.

322 1328 389 1381 In
429 1325 739 1394 Epistolam
769 1323 835 1375 ad
867 1321 1191 1375 Corinthios.
1229 1320 1455 1376 Hieron.
1486 1322 1644 1390 epist.
1670 1320 1760 1383 51,
1791 1320 1857 1375 ad

256 1417 679 1475 Pammachium
714 1429 728 1465 :
763 1413 1036 1481 Origenes,
1068 1412 1379 1482 Dionysius,
1416 1409 1654 1476 Pierius,
1686 1412 1860 1465 Euse-

256 1512 369 1563 bius
403 1506 785 1571 Ccesariensis,
844 1504 1131 1573 Didymus,
1199 1502 1547 1572 Apollinaris,
1607 1504 1861 1558 latissime

254 1603 389 1654 hanc
427 1598 733 1667 Epistolam
759 1596 1090 1662 interpretati
1136 1606 1277 1649 sunt.
1305 1594 1450 1649 Citat
1488 1595 1859 1652 Damascenus

259 1693 310 1747 in
340 1689 665 1750 Parallelis,
699 1703 827 1757 pag.
871 1686 994 1740 721.

325 1782 621 1836 Sectarum
646 1777 1005 1847 volumen(a).
1034 1776 1289 1848 Didymus
1315 1775 1430 1844 ipse
1465 1773 1605 1828 libro
1637 1772 1715 1827 De
1737 1772 1857 1841 Spi—

1970 591 2112 661 dymi
2159 590 2228 642 ad
2285 601 2354 653 te,
2383 605 2483 657 quo
2513 589 2803 641 sciscitanti
2842 588 2934 641 tibi
2975 590 3261 658 respondit,
3303 606 3407 643 non
3459 606 3545 642 eos

1968 680 2135 733 multa
2163 696 2422 747 peccasse,
2452 691 2497 734 et
2527 681 2642 733 ideo
2662 694 2938 747 corporum
2972 694 3204 732 carceres
3233 672 3435 731 tantum
3473 681 3546 732 cis

1968 771 2192 839 tetigisse
2236 772 2486 839 stt/ﬁcere.
2522 770 2778 839 Magister
2812 784 2954 822 meus
2982 778 3031 822 et
3078 776 3202 822 tuus
3232 785 3292 822 eo
3319 780 3545 837 tempore

1965 876 2066 928 quo
2096 872 2151 912 tu
2181 860 2245 912 ab
2280 877 2337 912 eo
2367 862 2466 913 ista
2501 860 2790 929 quwrebas.

2037 950 2114 1002 De
2141 950 2332 1016 impari
2363 967 2601 1015 numero,
2630 950 2746 1005 sive
2780 936 3126 1019 septenario.
3154 948 3376 1006 Hieron.
3402 950 3545 1019 Apo-

1965 1039 2105 1109 logia
2134 1057 2227 1106 pro
2255 1041 2400 1094 libris
2427 1041 2675 1095 adversus
2699 1041 3060 1095 Iovinianum.

2037 1134 2175 1203 Περὶ
2204 1132 2519 1203 ἀσωμάτου.
2567 1135 2911 1199 Damasceu.,
2937 1150 3062 1205 pag.
3091 1136 3199 1192 780
3234 1135 3488 1193 Parallel.

2046 1223 2443 1295 Ὑπομνήματα
2490 1227 2570 1289 εἰς
2602 1225 2669 1277 τὰ
2690 1225 2828 1294 Περὶ
2854 1226 3060 1295 ἀρχῶν
3105 1228 3440 1301 Ὠριγένους,
3477 1228 3545 1283 In

1963 1316 2123 1370 libros
2150 1314 2390 1386 Origenis
2441 1317 2514 1372 De
2556 1319 2837 1388 principiis
2869 1324 3243 1376 commentaria
3289 1325 3541 1394 apologo-

1966 1408 2097 1467 tica.
2142 1406 2404 1461 adversus
2444 1406 2561 1477 ejus
2604 1409 2967 1477 adversarios,
3024 1427 3161 1480 quos
3197 1414 3542 1476 calumniari,

1965 1512 2086 1565 quae
2115 1513 2219 1551 non
2264 1497 2647 1568 intelligerent,
2686 1503 2883 1572 arguit,
2917 1511 3052 1558 teste
3077 1502 3320 1570 Socrate,
3358 1521 3429 1570 tv,
3450 1506 3540 1561 25.

1963 1585 2060 1643 His
2105 1587 2375 1657 praecipue
2410 1587 2462 1641 in
2498 1602 2559 1641 se
2593 1589 2774 1643 odium
2822 1590 3113 1663 myltorum
3161 1602 3214 1649 et
3252 1595 3545 1650 invectivas

1966 1679 2235 1736 contraxit
2274 1679 2450 1733 bonus
2481 1678 2737 1746 Didymus
2766 1698 2781 1732 :
2819 1689 2981 1750 atque
3013 1690 3234 1752 prOpter
3267 1685 3363 1738 hos
3394 1699 3544 1739 com-

1963 1770 2260 1825 mentarios
2296 1769 2502 1823 factum
2550 1778 2654 1837 est,
2691 1772 2943 1825 utetiam
2992 1784 3113 1841 post
3162 1772 3273 1828 fata
3317 1775 3388 1829 sit
3421 1791 3543 1830 cum

258 1871 364 1923 ritu
385 1870 482 1934 8.,
514 1879 643 1922 tom.
667 1865 739 1921 IX
760 1841 1150 1936 0pp.llieron.,
1183 1880 1306 1934 pag.
1332 1841 1438 1918 3‘25
1463 1880 1475 1915 :
1504 1863 1657 1928 Quod
1686 1872 1859 1916 autem
1890 1841 1933 1895 Β
1964 1859 2197 1932 Origene
2227 1868 2284 1914 et
2312 1859 2546 1928 Evagrio
2568 1861 2910 1931 proscriptus
2940 1878 3043 1917 non
3071 1878 3177 1918 uno
3204 1864 3255 1918 in
3288 1865 3540 1919 concilio.

268 1962 333 2015 ab
362 1962 497 2015 aliis
549 1961 795 2023 capiatur
843 1954 1074 2025 Spiritus
1111 1955 1251 2011 S.et
1293 1971 1396 2009 non
1436 1956 1544 2007 alia
1580 1954 1779 2021 capiat,
1812 1965 1860 2008 et

262 2069 398 2108 nunc
432 2064 484 2106 et
520 2053 573 2105 in
613 2048 896 2104 Sectarum
942 2047 1227 2112 volumine,
1260 2056 1414 2114 prout
1442 2045 1731 2113 potuimus,
1766 2061 1861 2099 ea:-

256 2146 579 2212 pressimus.
616 2141 684 2195 Et
711 2154 835 2209 pag.
860 2137 964 2192 528
990 2156 1002 2192 :
1030 2136 1148 2190 Hoc
1190 2138 1386 2205 ipsum,
1439 2137 1578 2207 quod
1623 2136 1862 2189 subsistit

265 2234 530 2302 Spiritus,
565 2232 844 2300 sapientia:
868 2239 967 2295 est,
996 2240 1043 2282 et
1074 2238 1268 2281 natura
1293 2227 1408 2297 ejus
1432 2226 1565 2279 nihil
1586 2237 1659 2279 est
1692 2226 1860 2291 aliud,

262 2328 368 2381 nisi
400 2326 641 2394 Spiritus
676 2323 910 2376 veritatis
943 2330 1003 2379 et,
1040 2319 1277 2390 Spiritus
1306 2319 1424 2386 Dei,
1461 2318 1526 2372 de
1547 2318 1862 2388 quibusjam

261 2420 610 2493 abundanter
661 2417 715 2468 in
766 2412 1048 2468 Sectarum
1138 2411 1402 2466 volumine
1460 2412 1858 2480 disputavimus.

263 2509 547 2564 Memorat
582 2517 633 2561 et
664 2505 872 2577 Didymi
904 2506 1158 2559 adversus
1188 2514 1357 2558 sectas
1376 2517 1512 2572 opus
1547 2502 1861 2558 Heraclides

264 2600 322 2654 in
373 2599 660 2665 l'aradiso,
695 2616 744 2654 c.
779 2599 828 2663 1,
861 2614 919 2667 p.
950 2598 1076 2652 ⁵710.
1109 2596 1191 2650 Ab
1215 2595 1318 2650 hoc
1372 2611 1477 2649 non
1525 2595 1862 2664 distinguen-

267 2689 398 2743 dum
430 2691 734 2759 dogmatum
764 2688 1027 2751 volumen,
1054 2686 1209 2756 cujus
1243 2684 1512 2749 meminit,
1540 2698 1592 2752 p.
1623 2683 1750 2737 532.
1780 2682 1864 2737 Ex

268 2782 464 2849 quibus
487 2780 798 2847 ostenditur,
829 2794 940 2832 esse
966 2777 1221 2847 Spiritum
1249 2775 1307 2830 S.
1338 2786 1646 2842 creatorem,
1675 2786 1726 2828 ut
1744 2776 1863 2845 jam

267 2872 325 2923 in
368 2869 694 2941 Dogmatum
725 2868 998 2923 volumine
1026 2870 1251 2922 breviter
1278 2867 1620 2922 ostendimus.
1646 2866 1744 2921 Hic
1781 2876 1866 2921 est

275 2957 432 3015 Liber
450 2962 515 3015 de
535 2960 885 3030 dogmatibus,
913 2961 1067 3030 cujus
1090 2970 1145 3014 et
1177 2957 1564 3030 Hieronymus,
1600 2972 1720 3027 cap.
1760 2958 1861 3013 109

274 3053 520 3124 Catalogi
563 3053 894 3108 mentionem
939 3051 1086 3106 facit.
1116 3052 1183 3106 Et
1226 3050 1591 3107 Tlteodoritus
1649 3066 1723 3116 tv,
1768 3049 1858 3115 ‘29,

273 3144 424 3199 Hist.
460 3154 713 3207 testatur,
747 3144 938 3198 eodem
968 3152 1211 3213 tempore
1239 3143 1591 3212 Epltraimum
1625 3143 1858 3206 Edessae,
1889 3178 1932 3235 ο
1966 3141 2129 3195 mus?
2165 3139 2317 3195 Certe
2333 3136 2416 3193 hic
2453 3142 2508 3193 in
2540 3140 2623 3193 Itis
2658 3156 2776 3209 quae
2799 3141 2863 3195 ab
2901 3141 3160 3198 hwreticis
3200 3144 3256 3199 in
3299 3143 3546 3215 Origenis
3642 3206 3653 3209 _

270 3244 326 3290 et
370 3234 721 3289 Alexandria
762 3234 1043 3307 Didymum
1081 3233 1223 3286 κατὰ
1262 3232 1371 3285 τῶν
1424 3232 1732 3287 ἀντιπάλων
1764 3231 1861 3301 τῆς

273 3325 543 3399 ἀληθείας
576 3325 865 3395 δογμάτων
915 3323 1116 3392 scripta
1168 3326 1553 3393 composuisse.
1600 3324 1703 3377 Sed
1746 3337 1863 3389 qua:

279 3398 527 3474 Stobaeus
573 3418 765 3488 Eclog.
817 3416 997 3480 etltic.,
1048 3431 1169 3486 pag.
1212 3416 1299 3480 15,
1334 3431 1400 3468 ex
1442 3398 1665 3485 Didymo
1721 3414 1863 3481 Περὶ

277 3513 560 3580 αἱρέσεως
586 3511 769 3574 all'ert,
795 3510 962 3581 petita
1006 3520 1132 3563 sunt
1170 3524 1235 3563 ex
1265 3508 1478 3578 Didymi
1517 3507 1737 3560 alterius
1766 3505 1861 3575 (υ),

278 3602 481 3659 ethnici
530 3604 836 3673 scriptoris,
877 3601 1016 3655 libro
1058 3601 1200 3668 Περὶ
1262 3598 1632 3668 φιλοσοφίας
1672 3598 1865 3650 Πυθα-

283 3693 545 3763 γορικῆς,
578 3694 951 3764 (ptem‘laudat
971 3692 1221 3746 Clemens
1252 3694 1403 3745 Alex.
1449 3691 1711 3756 IStrom.,
1737 3705 1861 3758 pag.

285 3782 414 3850 509,
445 3795 497 3838 et
524 3782 675 3851 Cujus
712 3782 850 3854 Περὶ
877 3782 998 3836 τῶν
1021 3778 1299 3834 Πλάτωνι
1320 3780 1722 3847 ἀρεσκόντων,
1753 3778 1866 3830 lau-

286 3874 378 3927 dat
412 3877 671 3932 Eusebius
697 3892 773 3943 ιι,
806 3875 901 3937 25,
926 3871 1255 3941 Prteparat.,
1290 3870 1586 3940 Epitomen,
1618 3870 1865 3925 Stobaeus

288 3964 555 4038 Florileg.,
600 3982 764 4022 scrin.
791 3966 916 4030 101,
951 3981 1074 4034 pag.
1108 3963 1230 4018 557.
1274 3962 1409 4019 Vide
1428 3962 1586 4017 Joan.
1615 3963 1864 4017 Christo-

288 4059 439 4128 phori
470 4060 651 4115 Wollii
697 4059 1163 4123 dissertationem,
1206 4071 1313 4125 qua
1362 4055 1863 4122 l’hilosopltumena,

292 4164 410 4216 qua:
443 4153 539 4205 Sttl)
561 4150 809 4219 Origenis
843 4148 1095 4203 feruntur
1134 4148 1374 4209 nomine,
1406 4163 1501 4215 pro
1531 4147 1622 4199 illo
1652 4146 1865 4216 Didymi

294 4235 560 4294 Sectarum
596 4241 866 4294 volumine
895 4238 1082 4293 haberi
1114 4254 1220 4291 non
1278 4251 1457 4306 posse,
1489 4250 1664 4304 neque
1711 4236 1863 4290 volu-

295 4345 410 4385 men
437 4332 748 4402 Dogmatum
780 4331 990 4400 Didymi
1037 4328 1196 4383 Alex.
1230 4343 1261 4383 a
1292 4326 1565 4382 Sectarum
1594 4328 1867 4382 volumine

290 4420 549 4477 diversum
617 4438 737 4477 esse
798 4422 1038 4490 disputat
1093 4421 1355 4474 adversus
1419 4418 1862 4489 Christopborum

1966 1953 2100 2007 Vide
2145 1952 2437 2008 cardinalis
2473 1955 2544 2007 H.
2595 1952 2791 2009 Norisii
2822 1953 2965 2009 Diss.
3018 1957 3080 2009 de
3105 1956 3304 2026 synodo
3336 1960 3540 2028 quinta,

1964 2042 2143 2112 capite
2174 2042 2229 2107 7,
2258 2041 2348 2095 ubi
2380 2052 2569 2097 contra
2598 2041 2911 2097 llalloisium
2956 2045 3133 2111 docet,
3166 2060 3197 2100 a
3235 2046 3423 2115 quinta
3452 2063 3544 2118 sy-

1966 2134 2108 2188 nodo
2163 2134 2404 2203 generali
2464 2134 2651 2203 utique
2707 2132 2874 2189 fuisse
2930 2134 3217 2191 damnatos
3255 2136 3542 2206 Evagrium

1965 2226 2360 2296 Didymumque
2393 2241 2446 2279 a.
2488 2225 2616 2292 555,
2660 2240 2834 2296 neque
2877 2225 2929 2280 in
2967 2227 3068 2282 hoc
3112 2241 3327 2283 errasse
3362 2231 3546 2284 conci-

1966 2317 2093 2371 lium
2119 2323 2487 2373 Laterancnse
2519 2318 2620 2372 sub
2647 2316 2880 2373 Martino
2935 2333 3097 2389 papa,
3132 2334 3184 2374 a.
3219 2319 3347 2386 619,
3385 2335 3546 2392 syno-

1964 2410 2200 2481 dumqne
2227 2420 2434 2466 sextam
2469 2412 2523 2465 in
2554 2408 2735 2464 Trulla
2778 2426 2829 2463 a.
2866 2409 2990 2475 680,
3031 2420 3087 2466 et
3128 2413 3414 2481 septimam
3440 2412 3541 2467 787

1965 2501 2260 2566 Nicaznam,
2301 2516 2423 2571 qum
2461 2502 2769 2570 exemplum
2804 2501 2934 2555 illud
2962 2502 3178 2557 concilii
3215 2503 3391 2573 quinti
3420 2513 3547 2557 sunt

1966 2602 2184 2647 secutas.
2212 2592 2544 2661 Argumenta
2575 2589 2769 2642 Norisii
2826 2589 3154 2644 labefactare
3217 2607 3321 2645 non
3371 2594 3547 2661 potuit

1964 2678 2118 2735 Joan.
2150 2678 2448 2734 Garnerius
2493 2680 2544 2731 in
2583 2678 2725 2732 Diss.
2767 2677 2832 2732 de
2876 2679 3064 2732 eadem
3099 2680 3285 2749 quinta
3338 2684 3545 2752 synodo

1965 2786 2126 2839 quam
2168 2770 2404 2825 Liberati
2431 2769 2702 2823 Breviario
2732 2770 3026 2839 subjunxit.
3063 2770 3424 2843 Hieronymus
3447 2774 3542 2832 lib.

1966 2878 2001 2916 ιι
2032 2864 2084 2915 in
2110 2860 2318 2928 Ruﬁn.,
2358 2877 2477 2931 pag.
2518 2862 2658 2916 M8:
2695 2860 2836 2927 Quid
2872 2864 3200 2930 respondebis
3228 2880 3323 2933 pro
3382 2865 3549 2936 Didy-

1966 2971 2071 3019 mo,
2097 2956 2184 3023 qui
2214 2967 2354 3007 certe
2390 2954 2444 3006 in
2490 2952 2748 3007 Trinitate
2782 2955 3077 3008 catholicus
3100 2959 3368 3027 est,cujus
3386 2961 3547 3012 etiam

1968 3065 2060 3103 nos
2089 3048 2164 3101 De
2186 3049 2387 3117 Spiritu
2428 3045 2486 3100 S.
2531 3046 2725 3101 librum
2754 3047 2807 3101 in
2846 3046 3091 3103 Latinam
3116 3050 3353 3122 linguam
3389 3055 3548 3108 uerti-

1966 3234 2208 3302 operibus
2244 3232 2334 3303 (ex
2380 3231 2556 3285 Rulini
2601 3232 2809 3287 scilicet
2857 3234 3132 3305 opinione)
3179 3235 3361 3290 addita
3397 3247 3542 3313 sunt,

1963 3336 2009 3379 et
2042 3327 2094 3379 in
2125 3326 2263 3392 ipsos
2300 3324 2437 3396 Περὶ
2487 3323 2692 3396 ἀρχῶν,
2719 3341 2850 3394 quos
2894 3334 2951 3379 tu
2993 3326 3360 3396 interpretatus
3382 3345 3459 3397 es,
3480 3330 3549 3383 li-

1967 3418 2084 3471 bros
2114 3419 2287 3472 breves
2322 3419 2534 3471 dictavit
2563 3418 3045 3485 commentariolos,
3082 3421 3267 3490 quibus
3310 3439 3421 3476 non
3457 3440 3549 3477 ne-

1965 3519 2131 3579 garet,
2162 3510 2225 3562 ab
2252 3508 2473 3578 Origene
2512 3512 2727 3578 scripta,
2753 3528 2872 3582 qua:
2917 3515 3117 3581 scripta
3152 3526 3294 3579 sunt,
3331 3518 3422 3569 sed
3451 3533 3546 3570 nos

1966 3603 2227 3669 simplices
2258 3602 2494 3654 homines
2543 3619 2647 3656 non
2685 3620 2834 3671 posse
2874 3605 3189 3674 intelligere,
3209 3621 3333 3675 qua:
3363 3608 3549 3661 dicun-

1968 3707 2074 3759 tur,
2103 3705 2282 3764 etquo
2315 3711 2469 3747 sensu
2512 3695 2567 3747 in
2607 3698 2793 3747 bonam
2830 3707 3032 3763 partem
3078 3699 3244 3764 accipi
3304 3697 3543 3764 debeant,

1964 3788 2280 3858 persuadere
2336 3796 2578 3850 conatur,
2611 3785 2707 3839 hoc
2749 3787 3009 3839 duntaxat
3056 3789 3120 3841 de
3158 3786 3300 3842 Filio
3338 3798 3386 3842 et
3425 3786 3548 3859 Spi-

1967 3882 2073 3932 ritu
2100 3879 2163 3937 S.
2210 3877 2471 3933 Craterum
2512 3879 2565 3931 in
2595 3878 2720 3932 aliis
2758 3878 3092 3945 dogmatibus
3126 3888 3177 3933 et
3212 3879 3470 3935 Eusebius
3498 3894 3547 3934 et

1967 3970 2226 4040 Didymus
2273 3970 2599 4039 apertissime
2638 3970 2693 4022 in
2759 3968 2999 4039 Origenis
3051 3973 3183 4026 scita
3231 3981 3546 4038 concedunt,

1967 4072 2014 4116 et
2039 4064 2178 4131 quod
2219 4078 2394 4116 omnes
2428 4060 2678 4116 Ecclesia:
2716 4060 3021 4130 reprobant,
3071 4064 3323 4118 catltolice
3379 4078 3426 4119 et
3463 4069 3547 4134 pie

1968 4153 2165 4205 dictum
2217 4168 2328 4205 esse
2384 4153 2687 4220 defendunt.
2748 4152 2892 4205 Idem
2949 4151 3206 4221 Apologia
3258 4164 3544 4222 postrema,

1969 4258 2090 4312 pag.
2124 4243 2224 4296 105
2248 4258 2262 4294 :
2285 4242 2351 4295 In
2386 4242 2616 4311 Didyme
2648 4244 2955 4296 memoriam
2986 4246 3359 4313 praedicamus,
3383 4257 3430 4300 et
3452 4264 3546 4300 su-

1968 4351 2061 4404 per
2101 4333 2379 4399 Trinitate,
2420 4335 2547 4404 fidei
2592 4336 2898 4403 puritatem.
2961 4337 3067 4392 Sed
3101 4340 3154 4391 in
3184 4339 3406 4399 cwteris.
3430 4355 3548 4407 qua:

1972 4422 2190 4492 Origeni
2221 4424 2357 4478 male
2404 4425 2653 4490 credidit,
2690 4443 2785 4479 nos
2825 4426 2889 4479 ab
2917 4442 2976 4480 eo
3010 4427 3349 4481 retraltimus.
3380 4426 3549 4495 Magi-

290 4517 580 4584 Augustum
614 4514 1017 4569 lleumanuum.
1050 4511 1255 4566 Prodiit
1299 4511 1387 4565 illa
1413 4512 1723 4566 dissertatio
1757 4528 1863 4567 una
1894 4518 1944 4579 ι)
1970 4529 2201 4569 strorum
2244 4518 2383 4569 enim
2419 4534 2524 4571 non
2556 4517 2683 4572 vitia
2718 4518 2977 4575 imitanda
3005 4529 3150 4587 sunt,
3183 4522 3274 4577 sed
3307 4523 3543 4579 virtutes.

290 4620 404 4661 cum
466 4609 721 4663 secundis
757 4605 955 4659 laudati
986 4604 1165 4658 Wollii
1210 4606 1275 4658 ad
1315 4604 1860 4674 Φιλοσοφουμέίνων

290 4702 605 4771 scriptorem
642 4699 788 4753 curis
821 4698 1114 4767 llamburgi
1149 4697 1307 4764 1714,
1329 4696 1381 4751 8.
1408 4697 1574 4752 Fssn.

354 4792 549 4844 Contra
601 4792 828 4843 drianos
879 4788 1003 4841 libri
1043 4788 1126 4841 ll.
1158 4786 1402 4853 Hieron”
1431 4804 1554 4859 cap.
1613 4788 1737 4855 109,
1787 4789 1866 4843 De

293 4878 344 4936 S.
384 4884 489 4947 E.;
522 4882 861 4950 NlCt’plIOIUS
912 4897 986 4944 Ix,
1020 4880 1106 4944 17,
1141 4878 1282 4933 llist.
1329 4878 1551 4933 Videtur
1595 4884 1863 4951 respicere

292 4970 541 5045 Didymus
570 4976 683 5045 ipse
720 4973 820 5027 sub
841 4982 1144 5026 exlt'etnum
1173 4974 1442 5040 explanat.
1483 4974 1535 5025 in
1561 4971 1591 5026 Ι
1613 4972 1858 5040 Joannis,

291 5064 514 5120 Arianos
548 5066 936 5135 perstringens,
972 5063 1208 5128 Horum,
1235 5064 1431 5134 inquit,
1473 5065 1683 5136 singula
1730 5082 1851 5120 exa-

290 5157 640 5221 minationem,
676 5169 729 5211 ut
755 5159 853 5227 fuit
875 5156 1144 5228 possibile,
1170 5157 1223 5211 in
1248 5159 1371 5212 aliis
1403 5158 1715 5213 habuerunt.

350 5249 498 5321 Πρὸς
522 5249 831 5321 φιλόσοφον.
866 5248 1259 5313 Datnasceuus,
1289 5266 1411 5320 pag.
1451 5250 1554 5305 645
1598 5250 1855 5308 Parnllel.

356 5341 510 5395 Liber
536 5346 603 5395 ad
627 5341 898 5411 Ruﬁnum,
929 5358 1094 5411 quare
1125 5344 1422 5395 moriantur
1450 5342 1704 5410 infantes,
1733 5360 1851 5397 cum

288 5445 492 5503 propter
512 5448 723 5489 peccata
747 5450 968 5503 corpora
995 5434 1311 5502 acceperint.
1336 5432 1697 5505 Hieronymus
1716 5438 1858 5505 Apo-

1965 4607 2116 4661 Adde
2142 4622 2260 4677 pag.
2281 4606 2403 4662 159.

2042 4699 2117 4753 De
2141 4700 2476 4767 providentia
2521 4709 2576 4756 et
2600 4699 2806 4769 judicio
2832 4701 2927 4757 Dei
2969 4704 3021 4757 in
3065 4704 3169 4759 hac
3201 4705 3332 4771 vita,
3362 4718 3430 4759 ne
3470 4720 3550 4759 er-

1971 4805 2173 4857 remus,
2201 4791 2366 4860 jussit
2418 4792 2678 4865 Didymus
2702 4793 2775 4866 (c)
2804 4795 3097 4850 observare
3141 4796 3423 4866 diligenter
3456 4814 3549 4851 va-

1971 4883 2222 4937 rietatem
2255 4898 2543 4953 corporum
2581 4901 2892 4955 rerumque,
2917 4886 3115 4955 quibus
3149 4889 3333 4945 mutuli
3383 4891 3549 4944 decus

1970 4983 2205 5038 constat,
2223 4986 2277 5029 et
2298 4976 2555 5039 rationes,
2570 4977 2762 5046 quibus
2784 4978 2924 5031 Deus
2939 4993 3033 5046 per
3044 4993 3233 5045 aspera
3255 4995 3350 5034 nos
3365 4981 3430 5032 ad
3452 4981 3551 5033 vir—

1971 5077 2137 5121 tutem
2161 5067 2311 5120 ducit
2332 5082 2396 5121 ac
2411 5068 2751 5136 sapientiam.
2775 5068 2914 5132 Τοὺς
2937 5068 3079 5136 Περὶ
3118 5069 3407 5136 προνοίας
3445 5070 3546 5124 καὶ

1969 5160 2223 5229 κρίσεως
2265 5158 2408 5214 κατὰ
2440 5160 2638 5214 σαυτὸν
2682 5161 2769 5214 ἀεὶ
2804 5159 3050 5232 γύμναζε
3081 5154 3295 5230 λόγους,
3326 5161 3492 5232 φησὶν
3518 5165 3547 5215 ὁ

1972 5254 2143 5324 μέγας
2170 5253 2264 5306 καὶ
2307 5254 2613 5321 γνωστικὸς
2652 5253 2967 5318 διδάσκαλος
3003 5254 3253 5325 Δίδυμος,
3295 5254 3390 5307 καὶ
3418 5255 3544 5307 τού-

1967 5363 2074 5400 των
2093 5345 2190 5408 τὰς
2212 5343 2344 5409 ὔλας
2369 5346 2458 5400 διὰ
2484 5347 2706 5416 μνήμης
2736 5346 2925 5418 φέρειν
2952 5346 3262 5417 πειράθητιο
3282 5347 3392 5400 καὶ
3418 5346 3544 5410 τοὺς

1972 5440 2071 5510 μὲν
2100 5441 2239 5509 Περὶ
2268 5441 2521 5510 κρίσεως
2544 5439 2735 5509 λόγους
2761 5442 2819 5495 ὲν
2845 5443 2913 5511 τῇ
2955 5439 3191 5512 διαφορᾷ
3225 5439 3329 5494 τῶν
3359 5441 3546 5511 σωμά-

353 5612 430 5753 fa)
453 5611 520 5667 ν.
568 5622 729 5684 supra
766 5615 831 5669 ad
859 5634 915 5672 n.
939 5619 996 5673 4.
1028 5619 1200 5675 HsnL.

375 5684 427 5753 b)
469 5683 761 5749 Incertum,
787 5686 925 5740 sitne
952 5690 1043 5741 hic
1078 5690 1337 5753 Didymus
1363 5690 1661 5747 Heraclida:
1690 5692 1854 5753 filius,

1971 5619 2089 5674 τῶν
2130 5622 2605 5688 Ἀριστοξενείων
2626 5638 2690 5676 τε
2727 5622 2829 5679 καὶ
2848 5625 3274 5694 Πυθαγορείω.
3309 5624 3390 5678 nsi
3418 5622 3539 5677 Pto-

1966 5691 2180 5745 lemteus
2230 5702 2283 5746 et
2326 5691 2676 5753 Porphyrius,
2704 5703 2761 5746 ut
2822 5696 2929 5753 dixi
2966 5710 3150 5753 supra.
3193 5699 3285 5751 lib.
3319 5709 3532 5753 tt..can.

375 5684 427 5753 b)
469 5683 761 5766 Incertum,
787 5686 928 5766 sitne
952 5690 1043 5741 hic
1078 5690 1337 5766 Didymus
1363 5690 1661 5766 Heraclida:
1690 5692 1854 5758 filius,
1960 5683 2195 5766 ignauus
2230 5702 2283 5746 et
2326 5683 2676 5762 Porphyrius,
2704 5703 2761 5746 ut
2822 5696 2929 5754 dixi
2966 5683 3150 5766 su'pi'a,
3193 5683 3285 5751 libi.
3319 5709 3532 5763 tt,,cap.

323 5759 668 5830 rarumaticus
707 5766 759 5808 et
796 5759 1053 5830 musicus,
1077 5759 1296 5830 Nerone
1326 5763 1503 5814 clarus
1530 5764 1852 5830 imperante,
1962 5760 2048 5816 15.

331 5823 464 5877 uide:
494 5835 849 5889 memoratus,
883 5828 1036 5893 cujus
1076 5829 1213 5883 libro
1246 5832 1386 5897 Περὶ
1428 5831 1538 5902 τῆς
1566 5823 1853 5902 δὶαεοορὰζ·

2032 5828 2101 5900 (τ)
2140 5830 2286 5902 Apud
2315 5830 2618 5899 Socratem,
2653 5849 2705 5888 ιν
2741 5832 2905 5898 Hist.,
2938 5850 2984 5892 c.
3015 5839 3102 5901 ⁵25,
3142 5853 3261 5906 pag.
3297 5834 3425 5888 i157.

599 5918 872 5980 Parnm.
921 5919 1041 5981 Gn.
1089 5922 1396 5988 XXXIX.
3228 5927 3264 5983 ὃ
