4048 6470
570 401 600 453 ἀί
613 398 683 455 59

2018 377 2102 428 DE.
2145 371 2401 428 DIDYMO

3715 359 3825 432 tio

578 533 683 575 εων
732 513 826 567 καὶ
876 511 1018 565 κατὰ
1057 509 1146 562 τὸν
1197 507 1394 577 κόσμον
1430 505 1700 575 εὑρήσεις.
1743 502 1880 562 Τοὺς
1911 499 1966 552 δὲ
2006 495 2144 564 Περὶ

2266 507 2432 544 rarum
2452 498 2496 542 et
2528 489 2581 539 in
2609 485 2846 555 partibus
2873 480 3054 535 mundi
3073 478 3312 546 reperies.
3353 477 3626 530 Sermones
3648 489 3836 528 autem

559 605 886 674 προνοίας,
919 605 976 654 ὲν
997 601 1108 662 τοῖς
1128 599 1347 669 τρόποις
1369 599 1479 658 τοῖς
1506 596 1612 648 ἀπὸ
1635 593 1832 654 κακίας
1859 590 1951 643 καὶ
1972 589 2148 655 ἀγνω-

584 695 702 756 σίας
742 694 834 744 ἐπὶ
859 692 956 760 τὴν
991 687 1188 760 ἀρετὴν
1218 687 1249 756 ἢ
1278 687 1369 738 ἐπὶ
1395 685 1491 756 τὴν
1535 683 1734 752 γνῶσιν
1769 683 1917 751 ἡμᾶς
1979 681 2143 731 ἐπαν-

579 785 791 852 άγουσι.
826 781 1100 835 Sermones
1143 780 1213 831 De
1244 777 1572 846 providentia
1613 785 1667 826 et
1707 773 1772 824 de
1803 771 2003 838 judicio
2030 768 2144 830 Dei,

580 877 794 930 assidua
834 873 1164 924 meditatione
1208 881 1374 921 tecum
1426 868 1535 934 ipse
1588 865 1772 922 recole.
1805 865 1878 915 ait
1927 876 2144 928 magnus

2256 582 2328 635 De
2349 578 2706 648 providentia.
2731 577 2782 628 in
2799 573 2964 627 modis
2980 571 3104 630 illis.
3121 571 3306 638 quibus
3325 587 3354 621 a
3379 569 3502 620 vitio
3520 578 3566 620 et
3580 567 3838 635 ignoran-

2253 675 2329 725 tia
2347 673 2414 724 ad
2450 671 2694 725 virtutem
2714 677 2760 720 et
2789 664 3130 732 cognitionem
3152 661 3417 723 ducimur,
3450 658 3825 719 deprehendas.

2325 762 2460 832 Styli
2494 760 2888 829 simplicitatem
2919 754 3246 825 signiﬁcare,
3272 768 3377 804 non
3416 752 3602 803 vitium
3637 766 3792 816 rt'pre

2257 855 2491 908 hendere
2522 850 2708 903 -voluit
2753 847 3131 916 Hieronymus,
3165 845 3380 913 quando
3430 840 3588 895 Pra-f.
3651 843 3714 893 ad
3766 837 3845 893 li-

580 971 762 1020 doctor
802 979 847 1018 et
880 965 1105 1031 spiritali
1153 961 1369 1014 scientia
1405 931 1714 1018 instructus,
1750 954 2024 1022 Didymus,
2058 967 2146 1003 eo-
2205 931 2208 933 Δ
2256 943 2410 997 brum
2453 941 2658 1010 Didymi
2678 939 2763 994 De
2794 935 3092 1006 Spiritus.
3125 935 3384 1031 Scripsite
3411 933 3691 999 [inperitus
3717 950 3835 985 ser—

583 1073 797 1125 rntnque
823 1069 1118 1108 sermonum
1165 1055 1409 1104 materias
1440 1049 1524 1112 [ac
1565 1050 1618 1098 in
1647 1047 1894 1098 memoria
1922 1044 2148 1094 circum-

584 1145 740 1211 feras.
774 1142 962 1198 Omnes
995 1141 1128 1193 enim
1166 1139 1273 1207 fere
1301 1140 1351 1188 in
1409 1137 1488 1188 his
1532 1135 1800 1186 labuntur.
1837 1129 1901 1182 Et
1952 1143 2145 1181 sermo-

585 1236 904 1305 nesquidem
934 1251 994 1285 ac
1042 1233 1266 1283 rationes
1299 1230 1361 1294 de
1387 1222 1998 1298 jtulicio,indiﬂerentia
2027 1233 2142 1271 cor—

2253 1051 2404 1088 mone
2439 1043 2536 1098 est,
2569 1034 2658 1086 sed
2693 1050 2795 1084 non
2845 1030 3086 1093 scientia,
3137 1028 3481 1096 apostolicum
3539 1029 3706 1080 virum
3763 1040 3838 1077 ea:

2263 1129 2374 1197 ipso
2405 1127 2542 1197 siglo
2571 1125 2888 1191 exprimens,
2918 1131 3236 1176 tamsensus
3277 1120 3472 1173 lumine
3509 1135 3664 1189 quam
3694 1119 3833 1170 sim-

2259 1219 2488 1287 plicitate
2522 1216 2810 1270 verborum.

587 1351 3826 1410 Μ

989 1576 1796 1757 DIDYMI
1920 1563 3415 1746 ALEXANDBINI

1496 1898 1725 2025 DE
1826 1873 2928 2024 ΤΒΪΝΙΤΑΤΕ

1805 2081 2188 2269 LIBRI
2269 2154 2629 2268 TRES
2809 2137 2830 2146 '

1277 2375 1593 2438 "PRIMUM
1622 2374 1734 2436 EX
1762 2373 2300 2434 PASSIONEIANO
2326 2373 2584 2434 CODICE
2611 2373 2876 2434 GRASCE
2904 2371 3127 2445 EDITI,

1579 2535 1803 2580 LATINE
1835 2533 2162 2593 CONVERSI,
2193 2537 2270 2581 AC
2301 2534 2482 2580 NOTIS
2510 2533 2871 2578 ILLUSTRATI

1067 2687 1134 2774 A
1214 2687 1324 2774 D.
1384 2680 1864 2776 .JOANNE
1937 2679 2458 2772 ALOYSIO
2534 2679 3372 2771 MINGABELLIO

590 2878 841 2921 CANONICO
870 2876 1122 2917 REGULARI
1153 2876 1358 2916 0RDI‘NIS
1383 2876 1429 2914 8.
1455 2875 1721 2914 AUGUSTINI
1743 2871 2058 2912 CONGREGAT.
2091 2872 2157 2909 RH

2266 2871 2337 2909 NE
2365 2871 2410 2909 S.
2436 2871 2768 2918 SALVATORIS,
2798 2871 2968 2909 SACBtE
2997 2870 3184 2910 THEOL.
3211 2870 3359 2909 LECT.
3389 2869 3836 2918 EIIERITO,‘BACI£

760 2947 943 2989 cum.
969 2946 1157 2988 INDICIS
1182 2945 1528 2997 CONSULTOBE,
1565 2946 1629 2984 ET
1657 2945 1704 2983 IN
1740 2942 2037 2982 BONONIENSI
2074 2940 2478 2998 ARCHIGYINASIO
2507 2940 2788 2978 GR£CABUM
2818 2941 3144 2980 LITTERARUII
3176 2939 3408 2979 LECTORI-2
3433 2938 3670 2979 PUBLICO.

1533 3060 1832 3130 (Bononiae,
1865 3060 2004 3130 typis
2040 3055 2183 3113 Lrelii
2205 3073 2235 3113 a
2263 3056 2452 3129 Vulpe.
2481 3059 2637 3124 1769,
2666 3054 2872 3131 iri-fol.)

2167 3207 2235 3220 ﬂ

1215 3383 1396 3495 DE
1456 3385 2021 3500 DIDYMO
2081 3380 3206 3500 COMMENTARIUS

606 3601 699 3663 Ad
723 3600 1172 3682 nobilissimum
1201 3603 1521 3682 praasulem
1544 3606 1620 3664 Β.
1655 3606 2053 3667 Franciscum
2094 3605 2392 3682 Cara/am
2433 3601 2960 3664 Minturnensium
2990 3600 3162 3662 ducis
3187 3600 3417 3682 ﬁlium,
3441 3601 3839 3682 Patrens'ium

679 3681 1227 3762 archiepiscopum,
1256 3682 1598 3760 apostolica
1627 3682 1931 3762 legatione
1986 3681 2267 3742 Venetiis
2295 3685 2576 3760 [unctum
2599 3729 2612 3756 ,
2648 3690 2704 3744 et
2732 3699 2921 3740 sacra:
2951 3681 3449 3760 congregationis
3483 3681 3835 3758 Episcopo-

674 3777 813 3820 rum
831 3779 902 3820 ac
933 3760 1334 3839 Regularium
1354 3764 1626 3840 negotiis
1647 3760 2002 3842 prceposita:
2032 3781 2069 3819 a
2105 3763 2375 3821 secretis.

1762 4069 2117 4155 LIBER
2191 4067 2680 4158 PRIMUS.

1255 4273 1336 4317 DE
1363 4273 1647 4318 AUCTORE
1664 4274 1880 4332 TRIUM,
1905 4274 2066 4330 QUOS
2087 4274 2254 4321 NUNC
2287 4277 2536 4334 EDIMUS,
2573 4279 2894 4324 LIBRORUM
2921 4280 3182 4325 DIDYMO.

673 4578 989 4658 [l-X']Cum
1012 4579 1818 4637 veteresomnesPassioneianae
1831 4580 2171 4638 bibliothecae
2200 4589 2244 4649 Β
2273 4599 2395 4640 men
2437 4584 2608 4640 'hosce
2660 4584 2847 4650 libros,
2875 4585 2981 4657 etsi
3020 4585 3172 4640 initio
3207 4588 3444 4654 mutilos,
3475 4589 3605 4644 mihi
3662 4591 3834 4660 potis-

604 4679 959 4738 membranas,
985 4671 1216 4725 librosve
1232 4670 1437 4726 calamo
1453 4686 1701 4727 exaratos
1725 4670 2049 4728 seuGrazcos
2077 4689 2170 4728 seu

608 4769 828 4821 Latinos
857 4753 1165 4818 humaniter
1213 4762 1343 4816 mihi
1395 4780 1422 4816 a
1464 4765 1877 4832 praeclarissimo
1910 4765 2168 4818 cardinali

608 4857 879 4910 Dominico
921 4853 1232 4909 Passioneio
1281 4855 1506 4908 traditos
1531 4893 1547 4919 ,
1589 4855 1696 4908 imo
1728 4857 1942 4908 domum
1982 4857 2046 4909 ad
2081 4871 2164 4910 me

605 4947 860 5019 paulatim
915 4947 1135 5007 miseos,
1183 4961 1325 5000 anno
1380 4947 1539 5012 i768,
1571 4958 1821 5002 accurate
1868 4949 2168 5002 recensuis-

603 5054 737 5100 sem.
766 5052 830 5090 ac
859 5039 1224 5090 recensionem
1255 5036 1421 5104 ipsam
1451 5075 1468 5101 ,
1517 5037 1854 5107 iudicemque
1881 5053 1910 5090 a
1947 5051 2030 5090 me
2056 5037 2166 5089 ela-

604 5138 850 5184 boratum
883 5131 1208 5192 evolverem,
1246 5130 1396 5196 plura
1446 5129 1657 5196 quidem
1707 5129 1760 5182 in
1824 5129 1890 5182 iis
1942 5129 2164 5197 reperiri

605 5222 721 5274 luce
754 5221 911 5286 digna
941 5220 1193 5287 opuscula
1220 5219 1571 5287 deprehendi,
1600 5219 1806 5271 nullum
1845 5228 2022 5272 tamen
2059 5219 2165 5272 tri-

606 5313 703 5366 bus
749 5312 819 5363 De
847 5309 1107 5365 Trinitute
1130 5310 1300 5372 libris,
1333 5323 1468 5378 quos
1497 5307 1636 5364 nuu‘c
1663 5312 1782 5375 edo,
1832 5323 2162 5375 anteponen-

604 5402 728 5455 dum
767 5403 1092 5456 existimavi.
1132 5402 1312 5468 Itaque
1343 5416 1463 5452 cum
1495 5399 1707 5452 illorum
1750 5399 2030 5465 nonnulla,
2066 5403 2163 5454 do-

607 5493 736 5546 mini
787 5507 890 5545 non
941 5492 1202 5561 permissu
1261 5492 1437 5554 modo,
1493 5491 1585 5545 sed
1631 5503 1767 5557 pene
1813 5491 1974 5544 etiam
2009 5489 2161 5558 jussu

608 5593 700 5635 aut
749 5597 909 5634 manu
967 5599 1081 5637 mea
1145 5581 1544 5651 exscripserim,
1598 5595 1718 5650 qua:
1755 5578 1942 5635 Graeca
1985 5590 2161 5646 erant,

607 5680 702 5724 aut
729 5670 1075 5726 exscribenda
1111 5673 1433 5738 curaverim,
1484 5658 1606 5741 quae
1635 5669 1870 5727 Latina:
1919 5680 2027 5726 tres
2085 5680 2164 5724 ta-

2271 4675 2466 4729 simum
2524 4674 2844 4730 excolendos
2901 4689 3023 4730 esse
3079 4678 3204 4730 duxi
3256 4696 3268 4731 :
3315 4678 3508 4747 cupido
3565 4680 3709 4733 enim
3746 4696 3834 4736 me

2270 4765 2449 4818 statim
2487 4765 2710 4818 incessit
2743 4764 2883 4829 illos,
2926 4764 3035 4820 Deo
3061 4765 3186 4835 Opt.
3219 4766 3360 4824 Max.
3388 4784 3540 4835 opem
3600 4770 3828 4836 ferente,

2271 4854 2558 4924 aliquando
2581 4854 2887 4924 evulgandi.
2919 4855 3022 4909 Sed
3055 4858 3241 4925 quanti
3271 4859 3322 4910 id
3361 4858 3562 4912 laboris
3589 4858 3832 4915 futurum

2269 4956 2435 5007 eeset,
2461 4945 2571 5013 jam
2606 4956 2716 5000 tum
2749 4948 2929 4999 animo
2955 4948 3370 5016 prospiciebam.
3415 4949 3549 5001 Nam
3581 4949 3828 5004 Graecum

2271 5038 2416 5092 aliud
2451 5054 2585 5107 opus
2619 5049 2900 5108 postquam
2937 5039 3365 5105 descripsissent,
3415 5045 3554 5110 quod
3589 5042 3835 5094 mutilum

2273 5139 2328 5183 et
2363 5129 2533 5199 ipsum
2565 5130 2714 5183 initio
2757 5139 2863 5195 est,
2912 5129 3217 5200 evulgatutn
3251 5142 3437 5200 postea
3479 5131 3640 5183 fuisse
3687 5147 3835 5183 cmu-

2273 5220 2408 5288 peri.
2469 5217 2899 5286 lnvestigandum
2963 5222 3124 5291 igitur
3172 5230 3290 5274 erat
3356 5224 3610 5289 primum,
3661 5238 3727 5274 an
3782 5223 3834 5275 lii

2269 5311 2402 5366 editi
2435 5326 2665 5379 unquam
2701 5311 2910 5379 forent,
2974 5328 3041 5367 ne
3090 5312 3167 5366 bis
3201 5315 3268 5366 ad
3303 5316 3535 5368 eumdem
3573 5316 3834 5382 lapidein,

2273 5405 2412 5471 quod
2440 5403 2602 5456 veleri
2639 5405 2924 5471 proverbio
2953 5405 3318 5473 prohibemur,
3349 5405 3692 5459 oﬂ'euderem.
3730 5406 3836 5459 Ex-

2271 5492 2432 5545 scribi
2467 5493 2657 5545 deinde
2689 5491 2806 5546 illos
2833 5509 2860 5546 a
2896 5508 2979 5546 me
3008 5494 3122 5562 ipso
3153 5497 3457 5563 Oportebat,
3492 5497 3630 5560 quod
3659 5495 3835 5551 nullus

2271 5582 2402 5634 mibi
2443 5582 2664 5637 idoneus
2702 5591 2896 5650 praesto
2939 5596 3082 5639 esset
3117 5585 3490 5649 amanuensis;
3528 5583 3718 5639 Latine
3753 5585 3835 5638 in-

2271 5684 2433 5739 super
2465 5673 2725 5742 vertendi,
2781 5688 2845 5732 ac
2903 5684 3159 5744 praeterea
3214 5674 3652 5732 adnotationibus
3709 5674 3831 5731 illu-

678 5779 698 5796 '
717 5775 820 5832 llis
849 5778 1087 5834 numeris
1117 5789 1567 5849 repraesentantur
1596 5782 1808 5852 pagina:
1845 5781 2098 5838 editionis
2130 5778 2450 5848 Mingarelli.
