4108 6480
275 431 400 486 ιιι

1493 425 2066 483 COHMENTARIUS.
2109 459 2176 469 ——
2214 425 2342 482 LIB.
2387 429 2424 481 Ι.

3495 405 3599 483 ita

272 547 523 605 strandi
555 554 737 600 erant.
767 545 969 602 Verum
997 545 1125 599 illud
1162 559 1272 614 prie
1306 545 1562 599 omnibus
1612 545 1906 600 sollicitum
1940 554 1983 607 Α
2015 555 2067 600 et
2097 546 2149 600 in
2181 546 2362 600 multis
2391 555 2660 601 sectator:
2693 555 2922 618 uterque
2969 559 3117 604 certa
3148 550 3443 619 Scriptura?
3479 551 3596 606 loca

279 658 390 695 me
424 637 683 702 tenebat,
717 640 861 704 quod
886 637 1172 705 cujusnam
1245 637 1480 690 auctoris
1513 647 1728 698 essent,
1762 637 1912 705 igno-

287 735 531 784 raham.
597 730 825 796 Pigebat
876 732 1019 782 enim
1077 731 1194 783 sine
1233 727 1472 782 auctoris
1518 728 1737 782 nomine
1765 727 1937 780 evul-.

283 837 480 888 gare,
540 822 638 872 sed
692 821 904 886 pigebat
956 821 1123 874 inulto
1174 821 1347 887 magis
1402 819 1521 887 ejus
1552 821 1788 872 auctoris
1819 835 1914 873 no-

284 928 430 964 men
508 913 845 973 inscribere.
901 927 928 963 a
967 927 1073 981 quo
1099 913 1332 980 scriptos
1363 927 1484 965 esse
1537 921 1744 964 certum
1783 911 1913 965 mihi

287 1002 549 1054 necdum
587 994 902 1062 inderetur;
950 1003 1051 1054 etsi
1106 1003 1248 1054 enim
1305 1001 1485 1054 multis
1533 1002 1757 1053 ducerer
1786 1016 1915 1053 con-

282 1092 569 1163 iecturis,
607 1103 666 1145 ut
698 1094 815 1145 illos
847 1093 973 1146 huic
1003 1093 1199 1160 potius,
1232 1107 1392 1160 quani
1423 1091 1579 1142 alteri
1618 1091 1910 1142 tribuerem

288 1187 526 1238 auctori
567 1223 583 1246 ,
644 1185 795 1237 hisce
847 1196 1026 1236 tamen
1082 1183 1412 1252 conjecturis
1446 1182 1607 1234 nimis
1644 1181 1912 1234 lidendnin

284 1292 410 1330 non
473 1275 814 1336 arbitrabar,
851 1276 993 1341 quod
1045 1285 1099 1328 et
1159 1275 1417 1328 nonnulla
1479 1274 1723 1342 opinioni
1780 1289 1913 1327 mete

290 1367 718 1435 aliquantulum
775 1365 995 1418 oliicere
1058 1377 1181 1419 tunc
1245 1366 1576 1428 viderentur,
1612 1376 1664 1419 et
1704 1365 1910 1418 nullum

287 1473 419 1515 toto
449 1463 505 1513 in
537 1476 704 1527 opere
739 1459 914 1513 locum
942 1461 1186 1514 invenire
1213 1477 1422 1528 possent
1452 1502 1467 1526 ,
1525 1462 1616 1528 qui
1636 1461 1910 1513 invictum

293 1555 442 1607 mihi
511 1554 671 1604 solus
704 1564 1084 1612 argumentum
1133 1553 1198 1606 ad
1230 1555 1586 1620 detegendum
1635 1551 1915 1618 Scriptoris

293 1662 511 1698 nomen
576 1644 951 1713 suppeditaret
1004 1661 1017 1696 :
1076 1645 1117 1696 si
1168 1645 1297 1713 quid
1352 1647 1495 1698 enim
1554 1645 1916 1706 occurrebat,

290 1738 454 1806 quod
508 1735 823 1804 hnjnsmodi
863 1737 1156 1800 videretur,
1196 1737 1244 1787 id
1292 1750 1349 1788 re
1400 1735 1667 1787 maturius
1706 1734 1915 1788 examio

301 1839 440 1880 nata
486 1827 893 1892 probabilitatis
929 1827 1061 1880 lines
1105 1842 1206 1878 non
1249 1825 1510 1879 excedere
1546 1825 1910 1892 deprehendec

2016 638 2202 692 eodem
2233 638 2390 691 modo
2429 637 2596 705 legit;
2662 647 2892 707 uterque
2951 641 3166 694 eosdem
3200 641 3494 709 Scriptura:
3525 642 3597 696 li—

2017 729 2164 792 hros,
2213 728 2279 782 de
2317 743 2545 797 quorum
2581 729 2706 782 olim
2747 733 3072 786 auctoritate
3101 747 3129 784 a
3162 734 3344 787 multis
3379 734 3596 788 dubita-

2019 821 2206 883 batur,
2239 828 2294 870 ut
2319 820 2607 873 canonicos
2632 821 2854 886 habuit;
2887 827 3084 877 czedem
3116 826 3398 892 utriusque
3429 825 3596 880 omis-

2017 911 2219 969 siones,
2254 912 2456 962 etcdem
2496 911 2895 980 Scripturarum
2938 915 3430 984 interpretationes,
3494 931 3599 969 ea:-

2017 1001 2136 1054 deiu
2176 1001 2498 1070 l'i'igiditatrs
2521 1043 2536 1068 ,
2568 1003 2704 1056 idem
2735 1004 2928 1075 stylus,
2962 1007 3148 1060 eadem
3179 1009 3596 1077 argumentandi

2018 1093 2326 1156 nietliodns,
2383 1094 2565 1145 eadem
2596 1095 3178 1165 dubitanterloquendi
3216 1097 3372 1162 ratio,
3407 1101 3596 1153 eadem

2017 1183 2086 1236 ab
2116 1193 2342 1252 utroque
2367 1185 2614 1254 dogmata
2644 1187 2928 1248 inculcata,
2959 1191 3160 1242 eicdem
3196 1189 3476 1259 utriusque
3496 1204 3599 1243 saa-

2018 1273 2137 1340 pitls
2171 1271 2432 1340 formula},
2469 1276 2668 1329 eaedem
2705 1278 3104 1347 Scriptttrat'tttn
3146 1287 3387 1332 teXtuunt
3424 1289 3597 1333 Inttta—

2021 1373 2216 1424 tiones,
2242 1366 2428 1417 eadem
2466 1365 2780 1433 Scripturas
2818 1369 3016 1421 citandi
3064 1369 3222 1435 ratio,
3265 1350 3423 1422 iidem
3478 1385 3595 1421 nio-

2019 1473 2147 1518 res,
2191 1460 2388 1510 eaedem
2446 1460 2770 1527 Opiniones,
2823 1463 3021 1514 eaedem
3082 1476 3267 1529 parum
3329 1473 3598 1518 accurata:

2018 1553 2354 1606 locutiOues:
2413 1553 2824 1606 innumerabilia
2881 1556 3094 1608 demum
3167 1556 3218 1608 in
3274 1559 3374 1610 hoc
3433 1573 3598 1627 opere

2020 1651 2163 1706 sunt,
2200 1656 2319 1709 qua:
2349 1643 2450 1694 etsi
2493 1643 2610 1694 :diis
2639 1648 2926 1696 convenire
2963 1656 3164 1713 queant
3188 1688 3201 1709 ,
3257 1646 3482 1718 Diitymo
3516 1661 3598 1705 ta-

2018 1741 2138 1779 men
2173 1729 2511 1794 pniissimnm
2535 1745 2896 1786 consentanea
2932 1743 3093 1796 sunt;
3154 1736 3285 1788 nihil
3324 1749 3508 1792 contra
3543 1741 3597 1794 in

2023 1827 2135 1869 ιοιο
2165 1832 2326 1884 opere
2361 1819 2576 1887 legitur,
2601 1824 2744 1888 quod
2783 1826 2850 1875 ab
2879 1841 2942 1877 eo
2999 1826 3048 1876 di
3087 1840 3276 1878 sonum
3311 1828 3400 1882 sit.
3455 1829 3597 1896 Quid

299 1920 457 1971 ham.
517 1916 718 1970 Fateor
751 1918 932 1983 itaque
983 1917 1164 1968 tamliu
1216 1932 1300 1971 me
1345 1919 1410 1970 de
1460 1917 1641 1984 operis
1686 1927 1908 1970 auctore
1945 1909 1986 1963 Β
2016 1923 2145 1977 ergo
2189 1918 2472 1975 superest,
2528 1912 2714 1965 nisiut
2749 1911 3031 1982 Didyniuin
3071 1914 3230 1977 huius
3277 1919 3457 1985 operis
3497 1935 3595 1974 au-

297 2006 625 2079 dnbitasse,
677 2005 914 2072 quandiu
980 2005 1209 2067 srliolia,
1265 2005 1376 2057 sive
1427 2005 1804 2057 adnotationes
1853 2006 1905 2058 in

299 2107 485 2150 totum
527 2113 665 2164 opus
715 2113 820 2149 non
853 2095 1076 2150 absolvi.
1132 2095 1228 2148 His
1260 2109 1388 2148 vero
1443 2094 1509 2148 ad
1543 2093 1908 2162 exitum'per-

305 2189 521 2250 duetis,
581 2203 646 2240 ac
693 2187 919 2256 singulis
950 2187 1189 2239 auctoris
1223 2185 1401 2237 verbis
1459 2184 1746 2251 diligenter
1779 2199 1905 2252 per-

298 2281 525 2348 pensis,
575 2279 629 2333 in
658 2296 719 2332 ea
747 2281 962 2332 tandem
987 2277 1254 2332 sententia
1281 2276 1727 2343 acquiesceudum
1757 2276 1904 2342 duxi,

305 2383 368 2426 ut
405 2374 689 2442 genuinus
721 2372 898 2439 operis
942 2381 1137 2422 auctor
1177 2369 1244 2422 sit
1277 2367 1532 2436 Didymus
1582 2368 1904 2421 Alemndri-

310 2477 454 2516 nus.
489 2463 876 2528 Argumentum
907 2499 921 2523 ,
960 2474 1066 2527 quo
1100 2458 1336 2521 innitor,
1379 2455 1651 2522 multiple).
1689 2454 1903 2522 quidem

299 2555 564 2613 videtur,
611 2551 700 2602 sed
745 2552 916 2619 reipsa
968 2550 1185 2603 unicum
1241 2557 1369 2601 est:
1404 2557 1718 2613 tantamque
1765 2545 1892 2596 mihi

299 2646 426 2698 vini
466 2643 676 2696 habere.
699 2643 868 2693 visum
915 2639 1014 2692 fuit
1041 2680 1056 2702 ,
1092 2650 1149 2690 nt
1180 2647 1292 2690 tuto
1316 2637 1426 2704 jam
1458 2633 1667 2704 Didymi
1709 2647 1903 2685 nomen

304 2739 365 2792 in
421 2736 601 2804 operis
646 2732 823 2785 l'ronte
878 2731 1180 2784 inscribere
1233 2742 1317 2781 me
1366 2740 1524 2795 posse
1575 2728 1899 2778 statuerim:

307 2828 449 2880 illud
482 2837 658 2877 tamen
691 2825 986 2891 proliteor,
1017 2821 1140 2874 huic
1175 2835 1259 2872 me
1292 2818 1574 2872 sententiae
1604 2825 1728 2871 tunc
1756 2817 1898 2870 ditii-

310 2928 471 2971 taxat
524 2915 754 2969 lirniiter
808 2915 1172 2974 adbazsurnm,
1225 2925 1346 2963 cum
1381 2923 1443 2960 ea
1485 2909 1656 2961 doetis
1687 2908 1904 2974 sapien-

287 3011 573 3074 'libusqne
611 3009 785 3072 viris,
827 3007 1021 3075 quibus
1051 3003 1200 3057 Italia
1225 3043 1240 3069 ,
1286 3011 1340 3056 et
1390 3001 1593 3068 reliqua
1641 3002 1905 3054 redundat

313 3099 560 3169 Europa,
611 3100 955 3170 probabitur,
988 3112 1215 3166 quorum
1253 3103 1306 3148 et
1359 3094 1682 3155 doctrinam,
1710 3103 1764 3146 et
1819 3092 1901 3144 in-

313 3195 533 3263 genium
594 3203 946 3255 summopere
992 3189 1176 3251 miror,
1223 3199 1468 3256 quosque
1523 3194 1581 3238 ut
1618 3183 1903 3252 magistros

2011 2009 2215 2052 ctorem
2253 2015 2372 2053 esse
2412 2017 2508 2068 pro
2539 2012 2690 2056 certo
2728 2005 3048 2058 habt-anius?
3075 2005 3290 2059 Possrni
3324 2011 3409 2063 hic
3435 2012 3592 2080 equi-

2011 2089 2130 2143 dem
2165 2091 2325 2143 linem
2371 2091 2618 2158 loquendi
2669 2092 2885 2158 l‘acere;
2930 2095 3120 2148 horum
3157 2099 3299 2149 enim
3338 2101 3596 2170 pleraque

2014 2181 2064 2232 in
2099 2183 2540 2235 adnotationibus
2574 2185 2781 2237 ostendi
2817 2202 2830 2237 :
2867 2201 3050 2238 verum
3091 2203 3210 2238 cuni
3249 2188 3430 2256 plures
3463 2193 3592 2256 sint,

2011 2271 2103 2340 qui
2157 2272 2531 2326 adnotatioues
2583 2272 2765 2341 legere
2809 2275 3113 2344 negliguut,
3161 2293 3392 2349 cumque
3442 2281 3596 2336 labor

2010 2369 2195 2422 lectori
2258 2369 2578 2422 minuendus
2633 2371 2722 2434 sit,
2755 2371 2867 2424 haec
2900 2374 3011 2439 ipsa
3054 2373 3219 2427 veluti
3256 2379 3478 2432 totidem
3530 2379 3596 2432 li-

2012 2470 2293 2513 neamenta
2341 2476 2405 2514 ac
2461 2471 2616 2513 notas
2654 2461 2814 2513 simul
2876 2462 3169 2531 colligens,
3217 2467 3295 2519 sic
3347 2482 3407 2520 ea
3469 2484 3595 2536 per-

2008 2567 2226 2618 sequar,
2264 2566 2329 2602 ne
2358 2553 2514 2604 nimis
2550 2553 2737 2620 longus
2779 2553 2900 2616 sim,
2941 2564 2996 2605 ut
3037 2570 3137 2607 nec
3175 2558 3354 2609 omnia
3401 2574 3593 2612 recen-

2009 2656 2179 2704 seam,
2221 2648 2271 2694 et
2302 2640 2555 2692 lectorem
2595 2641 2881 2694 identidem
2915 2643 2980 2693 ad
3015 2655 3168 2698 notas
3220 2648 3364 2714 ipsas
3403 2663 3592 2701 ainan-

2011 2732 2150 2786 dem.
2190 2731 2392 2799 Incipio
2423 2741 2602 2784 autem
2637 2733 2702 2784 ab
2729 2747 2794 2785 eo
2835 2733 2974 2797 loco,
3005 2749 3109 2802 quo
3140 2737 3371 2804 primum
3405 2749 3583 2793 motus

2010 2839 2152 2889 sum,
2197 2834 2254 2877 ιιι
2294 2823 2522 2893 Didynio
2568 2840 2703 2893 opus
2758 2826 2858 2880 hoc
2914 2829 3227 2892 tribuerem,
3268 2830 3366 2883 etsi
3409 2841 3590 2899 postea

2008 2915 2363 2981 compererini
2431 2915 2692 2968 rationem
2753 2914 2877 2971 inde
2917 2917 3130 2992 ductam
3176 2934 3281 2974 non
3334 2935 3457 2977 esse
3511 2922 3594 2977 in-

2008 3017 2226 3057 VICl'dlll.

2008 3098 2135 3154 CAP.
2166 3098 2206 3154 Ι.
2253 3097 2541 3168 Thcologus
2581 3108 2763 3168 uoster
2809 3101 2882 3154 bis
2922 3103 3046 3156 citat
3085 3103 3278 3159 librum
3310 3123 3465 3162 suum
3517 3107 3594 3166 De

2570 3167 2773 3236 Spiritu
2809 3183 3017 3226 sancto.

312 3247 580 3356 guspicio.
620 3287 1014 3354 Argumentum
1050 3247 1383 3350 porro,quod
1405 3278 1513 3330 dixi
1537 3318 1550 3340 ,
1579 3247 1751 3330 insitis
1783 3291 1903 3328 mox
1937 3247 1984 3310 C
2089 3261 2256 3315 Suum
2295 3275 2423 3330 ergo
2456 3260 2651 3314 librum
2689 3262 2761 3315 De
2796 3261 2997 3330 Spiritu
3019 3275 3200 3320 sancto
3233 3267 3312 3321 bis
3334 3269 3465 3323 citat
3496 3285 3592 3325 au-

313 3380 372 3434 in
408 3379 505 3434 hoc
543 3378 687 3432 libro
742 3389 1072 3444 persequar;
1123 3372 1368 3442 quamvis
1415 3370 1560 3423 enim
1601 3384 1763 3420 unum
1799 3368 1903 3432 sit,

315 3481 431 3526 tant
466 3471 629 3525 multa
684 3476 810 3522 sunt
851 3477 1051 3529 tamen,
1100 3481 1164 3520 ex
1197 3466 1392 3534 quibus
1414 3461 1579 3515 veluti
1614 3458 1902 3520 coalescit,

314 3575 381 3620 nt
445 3566 737 3633 longiorem
790 3560 1058 3615 desideret
1112 3558 1437 3613 orationem.
1478 3552 1748 3608 Caeterum
1798 3552 1902 3604 huc

319 3666 504 3712 totum
538 3656 809 3722 redigitur,
866 3661 923 3704 ut
958 3650 1072 3704 fieri
1101 3649 1325 3703 omnino
1351 3663 1454 3700 non
1489 3645 1691 3711 possit,
1731 3651 1787 3695 ut
1822 3642 1909 3694 Dio

317 3754 525 3820 tlymus
558 3746 643 3800 ille
669 3761 770 3798 non
801 3745 892 3809 sit,
943 3745 1025 3798 cui
1079 3742 1262 3795 omnia
1308 3753 1430 3792 cum
1478 3737 1704 3807 Didymo
1755 3734 1905 3813 paria

317 3844 456 3896 sint.
525 3836 746 3891 Librum
797 3835 868 3888 De
917 3833 1120 3903 Spiritu
1175 3838 1358 3884 sancto
1405 3829 1571 3883 edidit
1620 3826 1906 3898 Didymus,

320 3934 497 3990 edidit
522 3941 574 3985 et
616 3931 716 3983 iste
760 3938 993 3982 auctor:
1034 3928 1142 3978 imo
1200 3923 1396 3991 saepius
1428 3922 1478 3975 iu
1512 3921 1593 3973 his
1635 3917 1786 3987 libris
1837 3917 1909 3970 ita

322 4027 588 4094 loquitur,
633 4032 690 4075 ut
722 4036 784 4076 ea
832 4018 1082 4089 supplere
1126 4016 1391 4076 videatur,
1438 4027 1556 4081 quae
1606 4011 1677 4064 ibi
1733 4011 1910 4062 minus

325 4117 449 4172 fuse
479 4124 786 4183 persecutus
819 4120 924 4164 est.
961 4107 1172 4162 Saeculo
1206 4116 1399 4173 quarto
1439 4116 1667 4170 uterque
1693 4100 1907 4164 ﬂoruit;

325 4219 563 4274 uterque
635 4201 1033 4258 Alexandrinus
1092 4200 1230 4264 fuit;
1293 4209 1522 4274 uterque
1572 4194 1909 4258 catechista;

325 4311 561 4366 uterque
592 4298 722 4350 lilios
746 4296 968 4366 genuit;
1002 4303 1227 4358 uterque
1274 4298 1382 4342 tres
1428 4287 1499 4340 De
1550 4285 1806 4340 Ti'inilate
1844 4281 1910 4334 li-

324 4393 457 4448 bros
491 4389 732 4456 scripsit;
769 4399 996 4452 uterque
1025 4383 1076 4435 in
1114 4380 1380 4433 'l'rinitate
1425 4376 1729 4430 cathoiicus
1772 4372 1908 4438 luit;

323 4496 557 4550 uterque
626 4491 846 4533 strenue
918 4486 1104 4529 contra
1158 4473 1390 4525 Arianos
1444 4484 1507 4521 ac
1570 4465 1909 4521 Macedonia-

323 4592 425 4632 nos
479 4588 692 4640 semper
742 4569 1039 4624 decertavit
1071 4584 1084 4617 :
1117 4575 1342 4631 uterque
1414 4560 1628 4630 λόγους,
1693 4573 1785 4612 seu
1844 4556 1912 4610 li-
1949 4588 1992 4643 Β

321 4672 458 4725 bros
517 4673 702 4718 contra
758 4662 987 4713 Arianos
1028 4656 1230 4720 edidit;
1267 4665 1455 4706 neuter
1494 4654 1628 4706 satis
1658 4659 1814 4702 caute
1851 4649 1916 4701 de

323 4761 504 4829 gratia
565 4755 831 4824 loquitur;
885 4760 1110 4815 uterque
1163 4747 1213 4798 in
1248 4746 1421 4812 poetis
1450 4753 1730 4806 versatus;
1763 4751 1913 4792 nter-

322 4867 432 4923 qne
503 4849 665 4900 Deum
736 4853 888 4896 vocat
936 4837 1220 4910 ἀμεγέθη,
1255 4836 1304 4886 id
1358 4843 1437 4888 est
1503 4830 1922 4898 magnitudinis,

326 4953 527 5004 nempe
608 4933 728 5009 [XI]
795 4934 1114 5002 quantitatis
1182 4935 1459 4996 expertem
1524 4935 1809 4991 :uterqne
1858 4923 1926 4974 de

326 5029 526 5100 impari
582 5040 808 5079 numero
862 5022 1080 5089 scripsit
1134 5035 1150 5072 :
1205 5030 1500 5086 utrumque
1558 5015 1750 5066 imitati
1800 5020 1926 5066 sunt

330 5122 654 5178 Ambiosius
683 5135 743 5169 ac
771 5114 1161 5182 “icl'OIIleIUS;
1190 5121 1416 5175 ttterqne
1447 5115 1512 5159 de
1546 5104 1921 5159 limreticorum

326 5223 497 5270 sertis
551 5211 836 5278 Scripsisse
891 5208 1141 5270 videtur;
1202 5210 1426 5269 uterque.
1469 5197 1537 5253 de
1584 5212 1642 5251 se
1689 5195 1924 5249 demisse

327 5308 539 5368 sentit;
571 5315 795 5368 uterque
847 5303 1108 5353 memoria
1149 5294 1405 5362 singulari
1455 5292 1715 5360 praeditus
1777 5288 1920 5353 fuit;

329 5403 524 5456 eadem
555 5405 734 5448 tamen
767 5405 1046 5458 utriusque
1091 5385 1383 5456 σφάλματα
1422 5379 1768 5453 μνημονικά,
1805 5379 1925 5431 sive

338 5494 508 5546 iidem
574 5492 756 5555 lapsus
807 5485 1083 5538 memoria:
1132 5484 1260 5531 vitio
1310 5495 1325 5531 :
1384 5487 1610 5544 uterque
1671 5470 1924 5526 nonnulla

330 5584 465 5638 citat
527 5579 834 5647 apocrypha
861 5594 878 5642 ;
904 5574 1122 5629 eosdem
1176 5581 1403 5639 uterque
1433 5566 1716 5620 haereticos
1748 5565 1924 5617 obiter

329 5670 618 5734 canititat;
651 5667 902 5738 Or-igenis
947 5678 1174 5735 uterque
1223 5662 1522 5723 studiosus,
1575 5667 1630 5712 et
1681 5656 1924 5711 imitator

403 5791 442 5837 ³.
471 5785 494 5840 ι
518 5785 662 5841 Tim.
691 5801 744 5853 v,
766 5783 821 5841 6.

2010 3363 2128 3411 ctor
2157 3361 2340 3407 noster
2369 3354 2629 3421 :primnm
2652 3355 2861 3408 scilicet
2884 3357 3076 3427 pagina
3104 3357 3258 3425 διν,
3295 3363 3382 3415 ubi
3414 3366 3493 3416 sic
3524 3364 3598 3417 lo-

2011 3448 2233 3516 quitur:
2269 3464 2287 3496 ι
2325 3447 2533 3500 Animae
2573 3458 2624 3502 et
2656 3451 2828 3520 angeli
2867 3465 3059 3510 sunt...
3098 3458 3376 3521 mortales,
3406 3467 3596 3527 quate-

2013 3551 2116 3601 nus
2152 3548 2328 3589 mente
2367 3537 2658 3604 aliquando
2692 3557 3114 3614 corrumpuntur
3166 3565 3180 3601 :
3219 3563 3342 3601 nam
3377 3565 3443 3601 ex
3481 3565 3597 3601 niu-

2017 3631 2219 3686 tatione
2255 3638 2338 3681 est
2381 3631 2597 3697 quando
2640 3631 2897 3688 labuntur
2941 3638 2992 3690 in
3044 3649 3344 3705 peccatum,
3395 3653 3462 3692 ex
3489 3652 3595 3706 quo

2014 3721 2324 3791 supervenit
2368 3733 2536 3772 mors.
2575 3718 2735 3773 Juna
2770 3738 2925 3788 quem
2968 3728 3183 3778 modum
3217 3727 3413 3779 Paulus
3455 3729 3596 3781 scri-

2013 3815 2092 3869 bit
2140 3831 2154 3866 :
2199 3812 2262 3864 Et
2307 3813 2361 3865 in
2411 3810 2614 3864 deliciis
2647 3811 2819 3865 vivens
2849 3815 3025 3878 vidua,
3053 3827 3264 3869 mortua
3297 3827 3368 3871 est
3391 3818 3406 3848 ί
3446 3835 3462 3874 ;
3495 3819 3596 3873 etsi

2014 3922 2078 3962 ea
2108 3909 2340 3960 nondum
2378 3921 2442 3960 ex
2484 3905 2584 3958 hac
2621 3907 2730 3959 vita
2753 3906 3085 3977 migraverit,
3114 3910 3254 3964 sicut
3292 3911 3401 3977 jam
3431 3911 3598 3979 expli-

2015 4012 2193 4054 catum
2251 4012 2335 4057 est
2383 4003 2433 4055 in
2467 4001 2610 4072 λόγῳ
2650 4000 2725 4070 (id
2758 4011 2862 4068 est,
2898 4001 3052 4063 libro,
3091 4010 3182 4055 aut
3217 4006 3490 4073 sermone)
3526 4003 3600 4058 De

2017 4091 2220 4161 Spiritu
2249 4108 2498 4148 sancto...
2529 4113 2548 4146 ι
2593 4094 2792 4148 Deinde
2824 4095 3016 4162 pagina
3058 4093 3178 4158 ηδ,
3211 4097 3295 4146 ubi
3327 4096 3435 4148 hinc
3463 4096 3597 4165 legi-

2017 4202 2138 4240 nius
2172 4205 2185 4240 :
2217 4204 2278 4239 ac
2309 4188 2520 4249 insuper
2545 4188 2662 4243 aliis
2695 4189 2852 4239 etiam
2897 4185 3124 4238 oraculis
3158 4202 3272 4254 qui?
3302 4187 3602 4253 afferuntur

2015 4277 2068 4329 in
2105 4275 2248 4346 λόγῳ
2292 4277 2364 4330 De
2406 4276 2611 4343 Spiritu
2658 4288 2864 4341 sancto,
2899 4287 3006 4330 elc.
3043 4277 3172 4342 Qua:
3226 4286 3404 4328 autem
3447 4279 3597 4338 citat,

2017 4378 2232 4422 exstant
2272 4372 2321 4420 in
2373 4368 2580 4439 Didymi
2641 4371 2776 4422 libro
2817 4367 2895 4422 De
2947 4366 3150 4436 Spiritu
3193 4375 3396 4431 sancto,
3439 4381 3600 4434 quem

2018 4459 2380 4530 Hieronymus
2419 4460 2610 4514 Latine
2648 4462 2832 4525 vertit,
2869 4470 2926 4514 ut
2969 4462 3149 4514 monui
3185 4461 3238 4513 iii
3268 4460 3410 4513 notis
3447 4460 3513 4512 ad
3537 4473 3600 4512 ea

2024 4552 2158 4606 loca.
2642 4604 2648 4608 .

2097 4644 2357 4700 Confecta
2395 4660 2524 4713 ergo
2567 4659 2652 4698 res
2677 4652 2780 4708 est,
2813 4643 3024 4709 inquies
3070 4659 3083 4696 :
3115 4657 3212 4696 nec
3252 4642 3608 4695 dubitandun.

2017 4737 2154 4806 jam,
2195 4740 2320 4808 quin
2363 4747 2470 4791 tres
2500 4737 2551 4789 hi
2581 4737 2698 4788 libri
2727 4752 2755 4787 a
2800 4735 3022 4803 Didymo
3054 4736 3234 4785 dictati
3274 4735 3400 4785 sint.
3446 4731 3521 4785 Ita
3552 4742 3607 4786 et

2024 4845 2124 4897 ego
2150 4830 2300 4891 olim,
2335 4830 2526 4890 fateor,
2555 4827 2956 4890 ratiocinabar;
2985 4828 3075 4876 sed
3113 4833 3394 4894 postquam
3419 4824 3605 4877 omnia

2028 4923 2292 4974 maturius
2320 4921 2574 4987 expendi,
2608 4928 2981 4988 argumentum
3023 4919 3123 4969 hoc
3163 4933 3266 4969 non
3319 4916 3608 4971 mediocri-

2027 5014 2128 5067 bus
2157 5012 2558 5066 dillicultatihus
2579 5011 2868 5066 obnoxium
2899 5023 3020 5062 ease
3055 5008 3405 5075 deprehendi.
3438 5007 3610 5058 Ninn-

2027 5121 2144 5158 rnm
2176 5107 2444 5159 secundus
2481 5104 2617 5157 liber
2641 5103 2842 5171 operis,
2878 5102 3017 5168 quod
3043 5116 3182 5152 nunc
3216 5102 3338 5157 edo,
3377 5085 3608 5165 Βρεμι·

2026 5197 2134 5246 ritu
2179 5207 2359 5245 sancto
2411 5204 2465 5246 et
2523 5196 2634 5260 ipse
2684 5191 3025 5246 inscribitur.
3065 5191 3246 5258 Itaque
3293 5188 3611 5241 existimare

2025 5285 2147 5352 quis
2180 5293 2373 5352 potest,
2409 5285 2581 5353 primo
2629 5285 2846 5353 quidem
2897 5284 2948 5336 iti
3007 5283 3160 5348 loco,
3196 5293 3389 5346 nempe
3419 5283 3610 5348 pagina

2025 5375 2150 5438 574,
2197 5377 2386 5440 respici
2431 5390 2604 5443 segni.
2628 5375 2693 5426 67
2734 5391 2746 5428 ;
2785 5374 2836 5425 iii
2874 5376 3045 5425 altero
3082 5385 3259 5424 autent
3295 5385 3450 5437 l'cSpI-
3477 5374 3488 5421 i
3518 5385 3611 5422 ca-

2025 5481 2117 5538 put
2146 5469 2212 5524 15
2236 5471 2458 5523 Secundi
2497 5470 2641 5532 libri,
2679 5479 2769 5522 aut
2800 5470 2966 5534 aliud,
2995 5471 3039 5520 si
3061 5468 3203 5536 quod
3232 5478 3337 5532 est,
3369 5477 3531 5534 caput
3558 5467 3610 5519 in

2024 5577 2133 5630 quo
2163 5571 2340 5614 textus
2374 5561 2563 5615 Biblici
2596 5579 2625 5614 a
2669 5561 3065 5615 Macedonianis
3102 5561 3385 5617 catholicae
3427 5561 3596 5613 Eccle-

2025 5655 2118 5709 site
2149 5653 2346 5721 objecti
2376 5651 2691 5706 adferantur.
2746 5651 2860 5705 Huc
2904 5654 3112 5708 accedit
3154 5658 3296 5724 quod
3335 5657 3608 5710 secundus

416 5880 697 5953 'Paginas
727 5881 973 5951 intellige
1007 5877 1266 5936 editionis
1301 5871 1596 5945 biingarelli
1627 5884 1766 5940 quas
1791 5867 1934 5939 typis
1967 5859 2354 5936 grandioribus
2380 5858 2438 5916 in
2468 5867 2616 5915 textu
2655 5856 3046 5929 expressimus.
