4108 6428
617 427 674 480 Η
685 429 716 480 3

2059 421 2150 475 DF.
2195 419 2453 477 DlDYMO

3785 433 3899 488 1-H

614 545 752 599 liber
787 545 958 600 tribus
991 546 1043 599 in
1081 546 1212 600 locis
1249 547 1470 599 mutilus
1503 553 1606 608 est,
1636 544 1886 598 nimirum
1918 559 2039 613 pag.
2068 543 2193 609 9.25,
2227 547 2271 600 A
2299 544 2413 597 hrec
2449 544 2554 597 alia
2597 542 2900 599 testimonia
2950 544 3000 597 in
3043 546 3278 601 secundo
3317 545 3478 616 hujus
3527 547 3708 619 operis
3743 548 3896 605 libro

613 637 717 690 ι285
747 647 798 690 et
820 636 944 691 292.
977 636 1172 703 Quidni
1216 653 1344 706 ergo
1370 637 1489 706 quis
1518 644 1684 706 putet,
1719 651 1780 687 ea
1812 644 2086 688 auctorem
2120 635 2196 690 lo-

615 743 673 779 ca
735 729 1001 797 respicere
1051 727 1274 781 secundi
1336 727 1476 790 libri,
1525 740 1642 794 quae
1691 725 1849 778 modo
1886 724 2196 778 desideran-

617 819 736 871 tur?

684 910 783 962 Diu
818 910 950 972 haec,
985 917 1042 962 ut
1091 925 1276 963 verum
1311 907 1502 971 fatear,
1533 908 1818 962 sollicitum
1867 921 1953 961 me
1989 909 2192 962 habue-

615 1015 691 1054 re.
727 1000 924 1053 Verum
966 1000 1017 1052 in
1065 1016 1181 1053 eam
1218 1001 1431 1054 tandem
1470 999 1720 1053 descendi
1757 999 2102 1061 sententiam,
2140 1008 2196 1051 ut

612 1103 855 1157 putarem
888 1091 1040 1142 citari
1075 1091 1360 1160 utrobique
1395 1106 1499 1143 non
1530 1090 1820 1143 secundum
1858 1089 2013 1157 hujus
2063 1104 2193 1155 ope-

615 1186 688 1236 ris
722 1184 950 1243 librum;
991 1182 1082 1236 sed
1125 1183 1316 1235 librum
1349 1182 1422 1234 De
1453 1182 1655 1250 Spiritu
1689 1191 1868 1234 sancto
1896 1181 1965 1233 ah
2006 1180 2196 1232 lliero-

613 1290 776 1346 nymo
827 1273 1018 1328 Latine
1073 1289 1310 1328 versum.
1359 1271 1556 1327 Tribus
1593 1281 1770 1326 autem
1804 1273 2103 1326 rationibus
2140 1272 2193 1325 id

613 1367 894 1419 conﬁrmo.

683 1455 814 1509 Nam
842 1456 1013 1524 primo
1049 1457 1266 1509 dubium
1295 1455 1447 1508 valde
1483 1463 1584 1519 est,
1619 1469 1685 1506 an
1717 1453 1939 1507 secundi
1972 1453 2093 1506 libri
2129 1454 2194 1506 ti-

616 1543 757 1596 tulus
787 1544 852 1596 ab
881 1554 1102 1598 auctore
1137 1544 1250 1613 ipso
1280 1545 1348 1598 sit
1377 1544 1684 1611 inscriptus,
1723 1557 1788 1595 an
1817 1558 1943 1596 vero
1973 1559 2001 1596 a
2028 1543 2192 1596 libra-

613 1635 726 1687 riis.
771 1634 1030 1703 Equidem
1072 1650 1180 1687 non
1219 1650 1338 1687 eum
1372 1633 1530 1688 modo
1570 1633 1802 1697 titulum,
1847 1633 1938 1686 sed
1970 1644 2022 1686 et
2055 1635 2196 1688 indi-

608 1741 724 1779 cem
760 1727 1014 1793 capitum,
1058 1727 1145 1792 qui
1176 1725 1420 1794 proxime
1448 1733 1568 1794 post
1597 1725 1811 1779 titulum
1839 1727 2104 1794 sequitur,
2142 1737 2196 1781 et

608 1813 941 1881 singulorum
993 1816 1225 1882 capitum
1270 1823 1585 1885 argumenta
1631 1816 1698 1869 ab
1730 1815 1835 1878 his,
1867 1832 1970 1870 non
1998 1820 2067 1872 ab
2105 1819 2194 1873 illo

2300 635 2503 690 allata?
2542 636 2597 692 Si
2626 637 2866 705 excipias
2900 636 3028 690 illud
3058 654 3070 689 :
3107 637 3230 692 Nisi
3251 640 3388 709 quis,
3420 649 3552 706 ete.,
3589 642 3730 709 quod
3765 657 3896 710 cap.

2301 725 2366 778 13
2395 725 2640 790 οΠριτιιιΓ,
2685 727 2772 780 vix
2814 727 2979 780 ullum
3019 728 3162 782 aliud
3203 730 3257 783 in
3304 733 3543 788 secundo
3572 732 3707 786 libro
3739 734 3902 788 inve-

2298 817 2413 871 nies
2467 835 2481 869 :
2531 819 2752 872 idenim
2791 820 3129 887 potissimum
3167 820 3220 873 in
3254 824 3491 876 secundo
3531 837 3721 878 auctor
3767 840 3897 893 spc-

2298 919 2430 974 ctat,
2484 920 2537 964 ut
2589 922 2905 976 argumenta
2962 926 3025 965 ac
3079 912 3389 966 testimonia
3447 913 3656 981 afferat,
3691 918 3899 986 quibus

2299 1000 2532 1068 Spiritus
2571 1002 2740 1056 sancti
2790 1003 3045 1056 divinitas
3072 1003 3396 1067 ostenditur,
3427 1007 3896 1074 quemadmodum

2299 1091 2350 1142 in
2388 1092 2550 1145 tertio
2585 1093 2634 1147 id
2676 1093 3019 1162 potissimum
3045 1103 3273 1160 spectat,
3303 1108 3360 1148 ut
3387 1110 3449 1148 ea
3476 1095 3770 1166 Scriptura:
3805 1099 3894 1152 lo-

2298 1195 2359 1233 ea
2407 1180 2615 1247 afferat,
2678 1184 2875 1251 quibus
2929 1197 3210 1250 perperam
3265 1185 3550 1253 explicatis
3606 1189 3900 1244 catholica?

2296 1272 2553 1327 Ecclesia:
2603 1273 2793 1344 dogma
2846 1275 3084 1330 haeretici
3129 1278 3538 1345 impugnabant.
3593 1279 3660 1331 At
3693 1290 3894 1334 contra

2299 1363 2349 1416 in
2389 1363 2526 1418 libro
2560 1364 2633 1417 De
2671 1363 2876 1429 Spiritu
2918 1377 3102 1420 sancto
3150 1368 3314 1420 multa
3344 1368 3548 1434 profert
3582 1370 3894 1439 Scriptura“.

2306 1455 2421 1509 loca
2465 1457 2532 1510 iis
2561 1457 2779 1520 similia,
2815 1473 2933 1526 qua:
2960 1474 3083 1529 pag.
3117 1459 3222 1514 1ιὶὶὸ
3254 1459 3438 1514 attulit
3465 1459 3517 1513 in
3556 1460 3657 1516 hoc
3687 1477 3885 1532 opere,

2295 1558 2354 1601 ιιι
2386 1549 2599 1603 ostendi
2637 1549 2689 1603 in
2722 1550 2889 1604 notis.

2367 1639 2552 1693 Tertio
2587 1639 2783 1692 librum
2831 1655 2986 1694 suum
3020 1639 3092 1694 De
3131 1640 3330 1708 Spiritu
3381 1650 3563 1696 sancto
3595 1643 3717 1695 dum
3752 1642 3895 1696 cita:

2304 1730 2516 1784 duobus
2553 1729 2605 1783 in
2639 1729 2772 1784 locis
2803 1740 2993 1784 auctor
3027 1741 3233 1796 noster,
3265 1732 3551 1801 utrobique
3581 1732 3736 1800 λόγον
3759 1749 3892 1786 eum

2295 1830 2475 1887 vocat,
2504 1835 2606 1873 non
2639 1819 2859 1888 βιϐλίον.
2884 1819 3010 1874 lude
3040 1831 3216 1874 autem
3253 1822 3442 1893 colligo
3465 1824 3693 1892 spectari
3728 1825 3794 1878 ab
3821 1841 3894 1876 ιοο

606 1890 785 1956 addita
825 1919 945 1958 esse
1000 1905 1286 1970 existimo;
1327 1907 1563 1960 auctoris
1599 1921 1725 1961 vero
1777 1917 2011 1961 mentem
2055 1909 2193 1964 hanc
2227 1893 2269 1946 Β
2298 1927 2400 1964 non
2434 1909 2736 1964 secundum
2770 1911 2928 1979 hujus
2965 1911 3148 1978 operis
3177 1890 3400 1978 librum,
3427 1890 3520 1967 sed
3563 1913 3759 1967 librum
3805 1913 3893 1966 De

607 1993 794 2055 fuisse,
836 2003 893 2047 ut
940 1995 1147 2049 treshi
1183 1995 1301 2048 libri
1340 1997 1439 2050 boc
1471 1997 1553 2051 vel
1589 1997 1693 2050 alio
1722 1995 1864 2050 af'lini
1915 1998 2074 2052 modo
2108 1998 2192 2050 in-

605 2086 975 2141 scriberentur
1007 2105 1019 2138 :
1053 2089 1191 2156 Περὶ
1223 2091 1536 2160 θεολογίας
1565 2089 1669 2160 (vel
1706 2091 1844 2158 Περὶ
1885 2090 1995 2158 τῆς
2034 2091 2192 2158 Τριά-

603 2185 727 2254 doc)
758 2183 958 2253 βιϐλίον
988 2185 1054 2238 α’.
1093 2185 1228 2253 Περὶ
1280 2184 1390 2253 τῆς
1423 2185 1668 2254 ,Τριόδος
1701 2185 1903 2257 βιϐλίον
1947 2185 2013 2256 β’.
2049 2187 2188 2253 Περὶ

604 2277 716 2344 τῆς
753 2277 992 2345 Τριίίδος
1021 2277 1220 2346 βιϐλίον
1240 2278 1323 2346 μγ,
1353 2279 1403 2332 id
1435 2289 1538 2343 est,
1569 2277 1656 2332 .De
1690 2276 1946 2332 'I‘riuitate
1971 2278 2105 2331 liber
2132 2293 2188 2342 I;

606 2368 747 2439 [XII]
780 2372 856 2422 De
886 2368 1143 2421 Triuitate
1195 2369 1331 2422 liber
1360 2384 1396 2423 ιι
1425 2385 1439 2433 ;
1481 2367 1560 2422 De
1585 2367 1847 2422 Trinitate
1884 2368 2017 2422 liber
2051 2384 2131 2422 ιιι.

679 2457 833 2524 Quod
868 2459 1010 2512 enim
1037 2468 1257 2527 spectat
1302 2460 1367 2512 ad
1403 2467 1716 2529 argumenta
1773 2459 1925 2514 initio
1953 2460 2188 2529 capitum

603 2552 884 2618 inscripta,
941 2565 1004 2604 ea
1057 2553 1292 2605 auctoris
1333 2566 1438 2604 non
1481 2565 1620 2616 esse,
1654 2552 1747 2606 sed
1782 2550 2008 2605 studiosi
2035 2565 2187 2603 ama-

605 2644 842 2709 nuensis,
873 2643 1046 2713 colligi
1091 2643 1300 2698 videtur
1323 2659 1446 2698 cum
1474 2657 1536 2697 ex
1575 2643 1661 2706 iis,
1695 2658 1813 2711 qua:
1840 2642 1949 2696 dixi
1982 2658 2102 2712 pag.
2133 2642 2188 2706 l,

603 2743 714 2789 not.
746 2736 814 2800 ‘5;
850 2744 959 2789 tum
1009 2751 1071 2790 ex
1115 2750 1178 2790 eo
1221 2736 1363 2804 quod
1407 2737 1568 2805 isqui
1599 2736 1688 2790 illa
1735 2736 1983 2806 apposuit
2035 2737 2187 2791 initio

601 2827 801 2896 operis,
854 2829 992 2882 idem
1045 2829 1198 2897 quasi
1242 2827 1676 2896 del‘atigatusea
1715 2827 1900 2882 omisit
1952 2843 1981 2881 a
2033 2827 2183 2895 capi-

601 2930 656 2974 te
691 2920 756 2974 lii
791 2931 960 2990 usque
991 2920 1056 2974 ad
1078 2929 1416 2988 postremum
1449 2919 1568 2974 libri
1601 2921 1784 2988 primi,
1817 2935 1879 2974 ac
1917 2928 2026 2974 toto
2049 2920 2186 2974 libro

604 3014 763 3067 tertio
807 2999 974 3065 :‘fum
1006 3011 1220 3064 demum
1251 3025 1316 3064 ex
1359 3023 1681 3079 argumento
1713 3010 1904 3078 capitis
1947 3010 2012 3066 18
2063 3011 2185 3065 libri

604 3105 762 3172 primi
799 3119 810 3153 :
853 3102 922 3156 ibi
967 3103 1110 3156 enim
1154 3103 1368 3170 legitur,
1396 3101 1634 3172 ὀνόματα
1665 3100 1934 3170 λέγονται.
1997 3111 2186 3156 auctor

602 3213 732 3252 vero
761 3212 864 3251 non
899 3196 1147 3265 λέγονται
1181 3196 1460 3262 dictasset,
1492 3196 1588 3249 sed
1612 3194 1852 3264 λέγεται.
1919 3196 1997 3251 sic
2036 3197 2181 3249 enim

601 3303 816 3356 semper
840 3289 984 3358 loqui
1015 3287 1313 3342 consuevit.
1349 3287 1507 3354 Quod
1543 3302 1668 3341 vero
1706 3289 1898 3343 attinet
1925 3289 1990 3342 ad
2020 3303 2183 3358 argu-

602 3392 909 3436 mentorum
943 3382 1136 3446 series,
1159 3381 1273 3436 sive
1305 3379 1508 3434 indices
1539 3380 1794 3448 capitum,
1831 3381 1920 3448 qui
1973 3395 2183 3448 praepo-

603 3485 804 3528 nuntur
835 3474 973 3527 Iibro
1007 3474 1262 3538 secundo,
1291 3488 1354 3527 ac
1384 3473 1563 3538 tertio,
1611 3473 1646 3525 ii
1698 3473 1832 3526 adeo
1864 3473 2178 3536 oscitanter,

601 3581 665 3621 ac
693 3567 830 3620 male
862 3565 1168 3620 concinnati
1198 3573 1344 3628 sunt,
1379 3573 1435 3618 ut
1461 3565 1664 3618 auctori
1717 3563 1873 3618 tribui
1907 3580 2013 3618 non
2043 3580 2182 3634 pos—

597 3659 730 3722 sint,
764 3659 890 3724 quin
941 3654 1134 3724 injuria
1179 3654 1278 3722 ipsi
1310 3654 1593 3710 inferatur.
1627 3655 1755 3720 Qua:
1796 3671 1916 3709 cum
1945 3655 2017 3708 ita
2048 3656 2177 3718 sint,

600 3764 668 3804 ne
694 3749 904 3802 titulum
934 3748 1172 3816 quidem,
1197 3749 1285 3816 qui
1319 3757 1493 3801 exstat
1525 3762 1646 3815 pag.
1687 3746 1810 3808 107,
1849 3747 2055 3800 auctori
2084 3747 2181 3800 tri—

593 3841 833 3903 buerim,
869 3841 962 3894 sed
999 3840 1240 3902 librario,
1272 3854 1392 3894 cum
1436 3838 1736 3907 przpsertim
1775 3851 1880 3890 non
1917 3837 2056 3891 libro
2089 3853 2178 3892 se-

601 3934 801 3995 cundo,
828 3933 919 3986 sed
947 3931 1110 3985 indici
1137 3932 1371 4001 capitum
1404 3931 1624 3986 secundi
1653 3930 1792 3993 libri,
1828 3929 2074 3998 proxime
2105 3931 2180 3984 in-

601 4022 888 4077 scribatur.
923 4023 1186 4077 Caeterum
1233 4023 1347 4076 sive
1389 4023 1477 4075 hic
1511 4019 1700 4074 titulus
1735 4020 1802 4074 ab
1828 4030 2048 4074 auctore
2095 4023 2180 4075 di-

601 4124 781 4168 ctatus
819 4113 994 4177 fuerit,
1025 4115 1138 4168 sive
1172 4128 1201 4166 a
1231 4112 1450 4165 librario
1481 4110 1741 4178 adjectus,
1784 4128 1887 4167 non
1929 4113 1997 4165 ita
2034 4113 2181 4166 acci-

604 4204 830 4274 piendos
867 4213 968 4267 est,
1025 4213 1084 4256 ιιι
1127 4203 1196 4256 sit
1240 4201 1506 4269 genuinus
1550 4200 1769 4254 secundi
1815 4200 1935 4255 libri
1973 4202 2178 4265 titulus,

601 4297 696 4352 sed
732 4298 804 4351 ita
843 4307 901 4350 ut
931 4297 1004 4351 sit
1033 4296 1146 4361 ejus
1184 4293 1346 4346 veluti
1390 4302 1764 4361 argumentum
1814 4311 1827 4346 :
1867 4309 2058 4364 nempe
2086 4311 2179 4349 vc-

603 4404 714 4446 HIS.
742 4397 799 4440 ut
828 4387 959 4447 dixi,
997 4383 1184 4436 titulus
1208 4389 1290 4434 est
1317 4380 1434 4436 :.De
1465 4381 1721 4436 Trinitate
1741 4383 1871 4436 liber
1898 4387 2176 4439 secundus.

599 4486 788 4546 Itaque
820 4476 981 4529 verba
1019 4473 1130 4537 illa,
1164 4472 1315 4525 Liber
1334 4473 1615 4537 secundus,
1647 4479 1709 4527 de
1739 4472 1939 4541 Spiritu
1973 4485 2176 4542 sancto,

2293 2002 2506 2070 Spiritu
2559 2012 2743 2056 sancto
2795 2003 2862 2056 ab
2908 2002 3236 2074 llicronymo
3281 2003 3472 2060 Latine
3520 2021 3887 2068 conversum;

2295 2110 2396 2149 nee
2439 2095 2582 2149 enim
2619 2094 2692 2147 ita
2736 2094 3046 2164 promiscue
3094 2097 3198 2150 duo
3236 2112 3299 2150 ea
3349 2097 3569 2152 nomina
3607 2099 3891 2168 accipiun-

2297 2195 2404 2250 tur,
2441 2196 2498 2238 ut
2531 2185 2737 2238 nulhun
2777 2186 2918 2240 inter
2947 2187 3056 2255 ipsa
3085 2186 3379 2242 discrimen
3410 2188 3500 2242 sit.
3533 2187 3734 2243 Nomen
3766 2192 3890 2259 qui-

2293 2277 2416 2330 dem
2465 2276 2624 2345 λόγος
2665 2277 2870 2346 optime
2897 2278 3033 2331 libro
3069 2277 3144 2330 De
3178 2276 3382 2346 Spiritu
3411 2290 3590 2333 sancta
3621 2282 3883 2334 conveni-

2295 2384 2376 2433 re,
2399 2370 2509 2438 jam
2539 2370 2748 2423 ostendi
2787 2384 2909 2438 pag.
2940 2369 3064 2422 574.
3095 2369 3166 2423 At
3207 2371 3472 2424 secundus
3516 2370 3589 2424 De
3621 2369 3884 2425 Trinitate

2294 2460 2429 2514 liber
2468 2460 2638 2529 magis
2680 2460 2895 2528 proprie
2943 2460 3170 2530 βιϐλίον,
3203 2475 3366 2528 quam
3413 2459 3569 2530 λόγος
3597 2477 3882 2530 nuncupa-

2295 2561 2400 2606 tur.
2452 2549 2588 2604 Nam
2634 2559 2744 2604 tres
2790 2550 2841 2603 hi
2883 2552 3002 2604 libri
3046 2550 3248 2621 βιϐλία,
3283 2567 3386 2604 non
3429 2552 3575 2620 λόγοι
3618 2564 3884 2608 vocantur

2293 2641 2345 2695 in
2371 2641 2558 2694 codice
2583 2639 2962 2695 Passioneiano
2993 2657 3006 2692 :
3045 2657 3150 2710 qua
3180 2642 3244 2695 de
3277 2657 3436 2695 causa
3476 2643 3669 2717 merito
3703 2659 3731 2696 a
3772 2642 3874 2698 So-

2293 2742 2445 2786 crate
2476 2745 2695 2800 quoque
2721 2730 2961 2795 eosdem,
2999 2740 3056 2784 ut
3087 2734 3334 2802 equidem
3363 2734 3574 2802 Opinor,
3603 2735 3876 2790 iudicante

2293 2823 2476 2894 βιϐλία
2505 2822 2947 2878 denominantur.
2990 2822 3128 2888 Quin
3188 2824 3295 2878 imo
3349 2836 3537 2880 auctor
3581 2827 3692 2896 ipse
3739 2828 3878 2882 libro

2292 2931 2371 2982 ιιι,
2409 2932 2534 2985 pag.
2575 2915 2701 2978 545,
2745 2914 2901 2982 λόγον
2933 2915 3166 2968 secernit
3198 2930 3226 2967 a
3273 2915 3483 2987 βιϐλίῳ,
3523 2933 3643 2972 cum
3681 2919 3760 2974 sic
3790 2920 3872 2979 lo-

2289 3008 2473 3077 quitur
2500 3024 2513 3059 :
2538 3007 2591 3060 in
2614 3009 2782 3076 primo
2813 3006 2956 3076 λόγῳ
2985 3024 3102 3074 cap.
3133 3007 3223 3072 10,
3251 3019 3298 3062 ει
3325 3011 3380 3062 in
3419 3010 3514 3063 hac
3538 3009 3726 3082 βιϐλίῳ
3755 3027 3872 3080 cap.

2294 3099 2378 3154 14.
2403 3097 2632 3153 Videtur
2656 3114 2786 3168 ergo
2816 3097 3078 3153 vocabulo
3102 3098 3260 3169 λόγος
3283 3103 3596 3170 opusculum
3628 3106 3870 3174 designa-

2290 3214 2350 3254 re
2377 3198 2519 3254 aliud
2552 3214 2580 3253 a
2614 3201 2791 3271 primo
2814 3199 2975 3269 hujus
3001 3201 3182 3270 operis
3209 3199 3367 3253 libro.
3403 3195 3556 3262 Quod
3592 3196 3871 3250 utclarius

2286 3290 2462 3345 adhuc
2491 3299 2770 3361 appareat,
2801 3290 3344 3346 animadvertendum
3372 3297 3477 3351 est,
3510 3285 3772 3341 terdecies
3810 3285 3866 3341 ln

2285 3380 2372 3436 his
2409 3381 2560 3436 libris
2593 3398 2622 3435 a
2657 3382 2910 3451 theologo
2952 3392 3139 3435 nostro
3184 3378 3344 3432 citari
3399 3378 3629 3446 primum
3693 3376 3868 3445 λόγον,

2283 3473 2458 3528 octies
2493 3483 2674 3527 autem
2721 3473 2976 3542 primum,
3004 3480 3096 3525 aut
3123 3470 3416 3524 secundum
3463 3467 3688 3538 βιϐλίον.
3717 3469 3870 3534 ρυω.

2284 3579 2497 3633 cunque
2523 3580 2652 3618 vero
2683 3564 2819 3616 citat
2843 3578 2909 3616 ex
2940 3562 3138 3632 primo,
3168 3571 3260 3614 aut
3291 3561 3529 3614 secundo
3562 3558 3768 3630 βιϐλίῳ,
3808 3575 3867 3612 ea

2285 3654 2488 3713 omnia,
2525 3661 2616 3704 aut
2649 3649 2762 3702 fere
2805 3649 2985 3704 omnia
3019 3649 3070 3702 in
3105 3647 3302 3718 primo,
3332 3645 3415 3699 vel
3446 3645 3618 3699 altero
3662 3660 3726 3700 ex
3771 3646 3858 3697 tri-

2284 3745 2388 3797 bus
2433 3743 2583 3796 hisce
2613 3740 2765 3794 libris
2795 3739 3048 3804 inveniri,
3094 3739 3136 3792 si
3174 3751 3344 3808 pauca
3371 3737 3634 3804 excipias,
3663 3752 3782 3806 quae
3815 3737 3866 3790 in

2285 3833 2554 3902 capitibus
2599 3833 2895 3901 deperditis
2929 3831 3238 3886 exstabant.
3271 3831 3341 3884 At
3379 3839 3565 3884 contra
3611 3829 3864 3884 tredecim

2284 3937 2346 3977 ea
2380 3923 2519 3987 loca,
2560 3937 2681 3990 qua:
2725 3921 2857 3976 citat
2904 3937 2970 3976 ex
3001 3921 3175 3989 primo
3203 3919 3364 3992 λόγῳ,
3409 3921 3462 3973 in
3493 3919 3668 3988 primo
3712 3917 3868 3985 hujus

2283 4013 2462 4082 operis
2497 4013 2633 4067 libro
2660 4027 2766 4068 non
2799 4012 3047 4081 reperiri,
3097 4011 3200 4066 nisi
3243 4010 3383 4065 forte
3408 4025 3596 4073 unum,
3621 4019 3712 4063 aut
3742 4013 3866 4074 duo,

2284 4103 2351 4157 de
2371 4105 2567 4173 quibus
2595 4105 2843 4160 dubitare
2876 4105 3024 4167 licet,
3055 4113 3234 4156 utrum
3271 4103 3322 4156 in
3352 4101 3526 4172 primo
3553 4101 3693 4156 libro
3726 4102 3867 4156 inve-

2285 4196 2524 4253 niantur.
2555 4197 2687 4264 Quis
2719 4208 2897 4252 autem
2927 4197 3135 4257 credat,
3189 4195 3449 4250 tredecim
3505 4209 3568 4249 ea
3606 4194 3722 4249 loca
3752 4210 3867 4249 om-

2284 4293 2393 4356 nia,
2425 4290 2656 4345 autfere
2699 4292 2881 4345 oomia
2927 4291 2980 4342 in
3026 4289 3220 4358 paucis
3258 4288 3365 4342 illis
3418 4287 3575 4357 primi
3624 4287 3742 4343 libri
3778 4303 3866 4343 ca-

2283 4385 2483 4454 pitibus
2539 4383 2810 4438 exstitisse
2859 4396 2980 4451 qua:
3039 4380 3403 4435 interierunt?
3443 4381 3680 4449 Apparet
3736 4396 3866 4452 ergo

2284 4489 2389 4528 non
2423 4483 2624 4527 temere
2665 4474 2924 4544 distingui
2961 4489 2991 4527 a
3038 4473 3290 4542 theologo
3323 4483 3506 4526 nostro
3530 4469 3688 4538 λόγον
3724 4487 3752 4523 a
3788 4473 3866 4542 βι-

601 4573 707 4625 hoc
739 4577 943 4622 tantum
975 4565 1236 4628 indicant,
1265 4566 1315 4619 in
1349 4566 1584 4620 secundo
1610 4565 1744 4619 libro
1770 4582 2074 4621 sermonem
2103 4584 2182 4622 es-
2213 4583 2256 4637 ι)
2287 4562 2441 4634 ϐλίῳ,
2467 4572 2523 4616 ut
2558 4563 2782 4628 proinde
2820 4579 2942 4618 cum
2987 4564 3116 4617 citat
3149 4565 3379 4631 primum
3409 4563 3586 4629 λόγον,
3619 4571 3710 4613 aut
3741 4579 3860 4616 cum

601 4679 660 4718 se
714 4665 780 4717 de
815 4659 1018 4729 Spiritu
1075 4669 1280 4723 sancto,
1341 4659 1480 4712 sicut
1529 4658 1580 4710 in
1623 4658 1796 4726 primo
1844 4672 2023 4712 sermo
2083 4658 2182 4712 fuit

599 4757 667 4809 de
703 4753 858 4810 Filio.
887 4751 1142 4816 Alioquin
1192 4751 1535 4806 scribendum
1588 4748 1776 4802 fuisset
1834 4765 1846 4800 :
1900 4748 2040 4814 Περὶ
2075 4749 2180 4804 τοῦ

599 4844 772 4910 ἁγίου
803 4842 1147 4909 Πνεύμίιῖος
1173 4858 1186 4870 ο
1209 4840 1452 4904 βιϐλίον
1484 4839 1548 4908 β’,
1576 4853 1680 4892 non
1730 4852 1856 4892 vero
1893 4856 1906 4891 :
1939 4839 2181 4902 βιϐλίον

601 4932 649 5001 β’
669 4949 680 4962 ο
710 4931 847 4999 Περὶ
875 4932 980 4984 τοῦ
1014 4931 1184 5002 ἁγίου
1209 4931 1574 4999 Πιοεύματος·

537 5094 540 5099 ι
674 5024 926 5078 Secundo
955 5026 1338 5090 concedamus,
1365 5039 1426 5078 ea
1462 5040 1580 5094 quae
1604 5040 1729 5094 pag.
1763 5026 1866 5080 ’574
1902 5025 2062 5081 habet
2087 5042 2180 5080 au-

598 5127 737 5179 ctor,
763 5115 956 5170 referri
990 5116 1216 5170 forsitan
1255 5132 1413 5184 posse
1439 5131 1560 5171 cum
1601 5119 1666 5170 ad
1695 5119 1990 5173 secundum
2020 5119 2180 5190 hujus

599 5207 784 5274 operis
809 5205 1030 5271 librum,
1062 5215 1173 5260 tum
1204 5207 1270 5260 ad
1309 5206 1506 5263 librum
1542 5207 1616 5261 De
1645 5206 1845 5276 Spiritu
1875 5219 2076 5262 sancto.
2112 5211 2182 5264 At

599 5297 733 5351 illud
763 5306 929 5358 certe,
963 5296 1105 5365 quod
1151 5295 1224 5348 ait
1273 5312 1394 5366 pag.
1432 5295 1560 5360 425,
1599 5297 1685 5350 vix
1722 5312 1785 5350 ac
1825 5313 1890 5350 ne
1936 5299 2020 5352 vix
2056 5299 2180 5368 qui-

601 5388 721 5441 dem
758 5387 821 5440 ad
851 5387 1150 5441 secundum
1183 5385 1341 5454 hujus
1370 5389 1551 5454 operis
1575 5387 1770 5441 librum
1799 5389 2000 5444 referre
2029 5390 2175 5445 licet.

601 5477 735 5530 ham
771 5489 1053 5547 postquam
1086 5481 1188 5534 tria
1220 5479 1290 5532 ibi
1323 5479 1500 5532 attulit
1539 5478 1830 5548 Scriptura:
1876 5479 2011 5545 Idea,
2061 5481 2180 5550 qui-

602 5569 704 5623 bus
732 5569 971 5624 hreretiei
1012 5570 1079 5624 ad
1113 5569 1518 5643 deprimendam
1553 5571 1786 5638 Spiritus
1817 5572 1987 5624 sam-ti
2022 5581 2180 5627 natu-

601 5675 720 5714 t‘am
758 5662 1138 5726 abutebantur,
1173 5662 1377 5727 subdit,
1405 5677 1499 5716 eos
1529 5662 1651 5716 aliis
1679 5661 1840 5717 etiam
1873 5662 2178 5731 hujusmodi

601 5749 928 5804 testimoniis
987 5753 1181 5806 abusos
1229 5768 1369 5819 esse,
1418 5752 1533 5807 lucc
1568 5768 1694 5807 vero
1743 5767 1799 5806 se
1838 5753 1889 5806 in
1936 5753 2073 5807 libro
2106 5753 2180 5806 De

598 5842 805 5910 Spiritu
862 5851 1041 5895 murto
1079 5843 1345 5898 attulisse.
1382 5844 1449 5899 At
1479 5857 1746 5914 quamam,
1793 5856 2008 5912 quaeso,
2051 5850 2178 5897 sunt
2245 5839 2248 5846 ’

2283 4658 2413 4712 citat
2439 4655 2594 4723 λόγον
2626 4655 2697 4708 De
2718 4655 2921 4721 Spiritu
2951 4666 3152 4721 sancto,
3179 4671 3283 4708 non
3311 4655 3562 4722 primum,
3590 4651 3754 4722 [XIII]
3775 4665 3863 4708 aut

2283 4745 2574 4800 secundum
2607 4745 2766 4814 hujus
2793 4745 2972 4814 Operis
2998 4745 3190 4798 librum
3216 4742 3447 4810 allegare
3473 4744 3742 4810 putandus
3770 4743 3858 4809 sit,

2283 4840 2376 4893 sed
2405 4837 2505 4890 alia
2533 4838 2812 4906 epuscula.

2281 4953 2412 5007 CAP.
2451 4951 2514 5005 ll.
2543 4949 2683 5006 Citat
2715 4960 2898 5005 auctor
2945 4959 3120 5004 uoster
3171 4949 3427 5016 λόγους,
3478 4959 3607 5013 quos
3650 4947 3856 5014 scripsit

2357 5083 2360 5088 _
2839 5032 3019 5074 contra
3047 5021 3298 5072 Arianos.

2351 5114 2496 5170 Duos
2528 5114 2810 5185 Didymum
2844 5111 3058 5179 λόγους,
3086 5110 3138 5163 id
3188 5117 3290 5172 est,
3355 5121 3638 5162 sermones
3667 5118 3852 5163 contra

2283 5209 2517 5263 Arianos
2545 5207 2780 5262 edidisse
2810 5213 3080 5259 testantur
3115 5199 3314 5254 vetusti
3351 5201 3670 5270 scriptores,
3727 5215 3858 5269 quo-

2285 5317 2400 5355 rum
2437 5298 2741 5354 testimonia
2772 5295 2931 5352 simul
2965 5304 3218 5363 congesta
3247 5295 3299 5348 in
3335 5295 3642 5364 Appendice
3672 5293 3851 5348 lectori

2281 5392 2522 5448 exhibui.
2557 5388 2614 5443 Id
2660 5398 2837 5442 autem
2889 5387 2942 5440 in
2972 5385 3276 5456 theologum
3315 5395 3561 5439 nostrum
3593 5381 3853 5452 quadrare

2283 5484 2452 5552 liquet
2483 5497 2605 5536 cum
2629 5495 2694 5535 ex
2743 5480 2830 5543 iis,
2857 5494 2985 5548 qua:
3041 5479 3149 5532 dixi
3177 5494 3299 5548 pag.
3348 5477 3474 5542 455,
3505 5485 3668 5544 atque
3699 5470 3848 5538 alibi,

2283 5586 2395 5628 tum
2425 5575 2588 5629 etiam
2619 5588 2682 5628 ex
2704 5573 2794 5626 bis
2821 5588 2940 5642 qua:
2971 5586 3094 5626 mox
3128 5571 3323 5625 dicam.

2279 5685 2408 5740 CAP.
2452 5685 2539 5740 Ill.
2579 5686 2645 5741 Se
2674 5696 2856 5740 contra
2888 5687 3112 5739 Ariauos
3136 5699 3334 5751 semper
3355 5695 3612 5751 pugnasse
3629 5675 3845 5749 aﬂirmat

2822 5757 3086 5824 theologus
3117 5764 3308 5807 uoster.

2355 5845 2624 5901 Praeterea
2678 5854 2866 5900 auctor
2922 5853 3108 5898 noster
3141 5854 3260 5910 pag.
3293 5839 3418 5907 202,
3463 5852 3523 5896 se
3546 5837 3761 5894 Arianis
3786 5849 3842 5918 ac
