4108 6452
204 440 306 494 H5

203 553 632 611 )lacedonianis
654 570 753 623 pro
791 554 930 608 virili
953 565 1099 622 parte
1117 574 1316 622 semper
1347 558 1610 611 obstitisse
1639 557 1736 621 ait,
1761 574 1822 613 ac
1852 564 1898 619 Α

209 664 307 714 pro
336 645 625 699 catholica
666 647 735 698 de
776 643 1047 698 Trinitate
1081 646 1328 700 doctrina
1355 647 1407 698 in
1434 647 1664 698 medium
1691 662 1825 699 sem-

207 756 296 806 per
325 737 610 801 pradiisse
648 736 722 788 ad
777 736 921 788 litem
957 747 1050 789 aut
1106 738 1487 800 iutentandam,
1529 747 1619 789 aut
1671 737 1835 789 susti--

208 829 456 881 nendum.
485 827 570 878 At
611 827 871 895 quisnam
896 838 978 879 est
996 836 1116 894 post
1137 828 1415 882 Athanasii
1445 828 1822 883 mtatentGraa-

209 936 298 971 cus
329 918 528 971 surculi
593 917 777 984 quarti
836 918 1112 985 scriptor,
1166 919 1233 971 ad
1293 933 1452 986 quem
1501 919 1680 984 aptius
1716 918 1826 971 ba‘c

212 1013 407 1062 referre
470 1009 806 1077 possimus,
859 1023 1021 1075 quam
1081 1008 1340 1078 Didymus
1390 1009 1826 1061 Alexandrinus?

210 1116 358 1166 quem
402 1099 689 1162 Ruﬁnus,
733 1098 1012 1162 Socrates,
1044 1099 1404 1162 Sozomenus,
1435 1099 1822 1169 Hieronymus,

211 1193 606 1245 Iheodoretus
666 1201 727 1244 ut
781 1191 1063 1245 catholicae
1114 1192 1182 1245 de
1228 1191 1488 1246 Trinitate
1563 1193 1824 1246 doctrina:

214 1296 500 1335 szrenuttm
540 1290 1010 1351 prOpttgnatoretn
1058 1281 1388 1349 praedicant;
1442 1281 1644 1350 quique
1682 1290 1736 1334 et
1769 1281 1823 1334 in

211 1375 333 1428 libro
389 1375 474 1426 De
540 1373 757 1438 Spiritu
795 1383 997 1436 sancto,
1047 1382 1102 1427 et
1155 1373 1207 1426 in
1252 1373 1593 1427 sermonibus
1636 1383 1824 1426 contra

217 1468 469 1526 Arianos,
512 1475 575 1518 et
607 1465 665 1518 in
702 1464 864 1529 libro,
895 1479 990 1518 seu
1023 1463 1174 1519 libris
1205 1464 1282 1517 De
1330 1466 1504 1530 sectis,
1551 1474 1605 1519 et
1635 1465 1707 1518 De
1729 1467 1825 1520 do-

211 1560 474 1626 gmatibus
514 1567 719 1611 contra
751 1571 846 1610 eos
880 1556 1163 1610 haereticos
1187 1571 1251 1610 ex
1275 1556 1524 1624 professo
1555 1557 1776 1625 scripsit
1802 1575 1816 1610 :

212 1651 289 1716 qui
321 1649 590 1717 denique
643 1647 700 1701 in
751 1647 1188 1701 enarrationihus
1219 1648 1270 1700 in
1300 1646 1570 1715 Epistolas
1595 1647 1818 1702 catholi-

209 1757 313 1806 cas,
339 1753 529 1808 atque
573 1739 628 1792 in
670 1737 1078 1792 commentariis
1113 1752 1284 1791 sacra:
1344 1737 1822 1806 Scripturaz,quo-

211 1847 321 1884 tum
365 1832 702 1900 fragmenta
724 1829 778 1883 in
803 1829 1010 1884 catenis
1033 1838 1268 1895 exstant,
1294 1829 1494 1882 nullam
1527 1829 1664 1883 elabi
1689 1830 1821 1883 sinit

213 1921 604 1985 occasionem,
666 1921 798 1988 quin
863 1919 1126 1973 catholica
1164 1922 1230 1974 de
1261 1919 1530 1973 Trinitate
1565 1921 1818 1986 dogmata
1852 1917 1893 1972 B

212 2014 479 2076 inculcet,
510 2022 614 2066 attt
641 2014 899 2076 Arianos,
956 2011 1392 2075 hlac‘edonianos,
1438 2013 1680 2080 aliosque
1712 2014 1823 2067 ha:-

209 2106 418 2160 reticos
449 2119 750 2172 perperam
781 2103 848 2157 de
871 2104 956 2156 illa
987 2105 1286 2158 sentientes
1318 2104 1560 2158 refellat?
1590 2103 1723 2157 Hem
1752 2105 1823 2159 ita

206 2211 260 2248 se
291 2197 545 2257 habere,
592 2193 907 2248 ohservahit
955 2194 1180 2263 diligens
1234 2195 1405 2249 lector
1463 2195 1513 2249 in
1546 2205 1734 2248 catena
1771 2196 1826 2248 in

205 2285 472 2340 l’salmos
512 2289 583 2338 ad
625 2285 890 2354 psalmum
921 2301 1018 2350 cn,
1057 2302 1199 2340 vers.
1251 2285 1342 2349 20,
1373 2296 1427 2340 et
1470 2286 1617 2348 alibi,
1651 2289 1702 2340 in
1730 2302 1823 2340 ca-

200 2389 322 2432 tena
362 2381 428 2430 in
470 2378 615 2430 Acta
654 2387 780 2430 tom.
811 2375 876 2430 IV
907 2377 1160 2431 Anecdat.
1184 2377 1388 2446 Wollii,
1423 2395 1544 2449 pag.
1578 2379 1628 2443 6,
1659 2379 1712 2443 9,
1736 2379 1820 2444 Il,

199 2468 286 2530 l9,
322 2475 525 2535 atque
554 2466 608 2519 in
651 2466 766 2526 aliis
799 2468 1006 2525 catenis
1042 2483 1162 2544 quia
1208 2469 1320 2545 jam
1374 2469 1649 2545 impressae
1677 2483 1822 2528 sunt.

199 2566 324 2635 Ego
360 2566 531 2618 enim
567 2577 631 2617 ne
679 2563 880 2618 nullutn
939 2580 1004 2619 ex
1039 2566 1528 2620 innumerabilibus
1561 2566 1824 2636 exemplis

195 2672 327 2724 qua:
368 2652 570 2708 afferri
627 2667 853 2724 queunt,
917 2657 1205 2726 protulisse
1261 2657 1476 2721 videar,
1512 2658 1727 2712 omissis
1758 2657 1824 2710 iis

194 2765 324 2819 quas
356 2748 518 2801 edita
545 2746 661 2817 jam
702 2756 850 2812 sunt,
889 2765 1056 2803 unum
1113 2751 1380 2804 duntaxat
1454 2748 1702 2804 exscribo
1757 2754 1822 2802 ei:

195 2851 415 2895 catena
451 2855 558 2894 ms.
617 2841 671 2892 in
719 2841 876 2894 libros
925 2840 1141 2910 Regum,
1185 2857 1306 2911 quae
1361 2843 1609 2896 cxslatin
1641 2841 1826 2896 codice

196 2933 415 2988 Οἴαξςο
476 2947 572 2986 xvt
605 2931 948 2988 bibliothecae
975 2933 1190 2988 Venetae
1230 2935 1290 2988 S.
1341 2933 1528 2989 Marci.
1574 2935 1650 2989 tbi
1679 2935 1823 2988 enim

196 3027 274 3079 ad
309 3023 657 3080 versiculum
688 3024 757 3078 2'2
793 3025 990 3093 capitis
1041 3040 1154 3079 χχιι
1214 3025 1343 3079 libri
1383 3024 1425 3078 ll
1473 3026 1700 3096 Regum,
1733 3027 1826 3096 qui

199 3117 436 3182 incipit,
470 3116 604 3169 Ὅτι
631 3115 870 3184 ἐφύλαξα
899 3116 998 3178 τὰς
1029 3117 1181 3180 ὀδοὺς
1216 3118 1449 3189 Κυρίου,
1489 3118 1602 3173 hate
1639 3119 1829 3190 legun-

201 3220 297 3262 tur
341 3225 480 3280 pag.
531 3209 638 3263 ηε)
672 3227 685 3262 :
729 3209 982 3278 Διδύμου.
1018 3211 1144 3264 Ὅτι
1178 3211 1473 3279 ἐφύλαξα,
1521 3213 1674 3282 φησὶ,
1706 3211 1816 3278 τὰς
1849 3224 1854 3228 “

209 3269 404 3368 ὁδοιίς
463 3301 720 3368 Κυρίου.
772 3301 955 3355 Ταῦτα
1003 3304 1098 3356 οὐκ
1144 3269 1480 3368 ἀλαζονικῶς
1533 3269 1824 3373 ὶρῆσιν,ὦς
1853 3269 1897 3330 C

203 3411 361 3456 τινες
401 3394 612 3446 οἴονται
635 3411 647 3422 ·
680 3393 796 3446 ἀλλ’
823 3394 1096 3457 ἀνατιθεὶς
1127 3394 1206 3464 τῷ
1230 3393 1351 3465 Θεῷ
1376 3397 1476 3466 τὴν
1508 3396 1690 3448 αἰτίαν
1718 3395 1828 3448 τῶν

210 3486 695 3557 κατορθωμάτων.
739 3485 1006 3540 Φυλάσσει
1043 3487 1100 3540 δὲ
1144 3487 1245 3551 τὰς
1286 3491 1438 3550 ὀόοὺς
1467 3487 1675 3557 Κυρίου
1707 3489 1828 3550 ταῖς

210 3577 474 3639 ἐντολαῖς
529 3578 690 3630 αὑτοῦ
732 3579 1139 3651 πορευόμενοςο
1193 3580 1287 3633 καὶ
1335 3581 1435 3633 οὐκ
1481 3578 1670 3632 ἀσεϐεῖ
1721 3578 1830 3632 ἀπὸ

209 3669 310 3721 τοῦ
355 3667 503 3719 Θεοῦ
555 3669 735 3735 αὐτοῦ,
773 3672 801 3723 ὁ
836 3671 1017 3740 ὀρθῶς
1077 3671 1210 3742 περὶ
1256 3671 1366 3725 τῶν
1416 3671 1515 3741 τῆς
1566 3670 1828 3742 ἀληθείας

209 3759 523 3830 δογμάτων
579 3760 889 3832 διειληφώςο
931 3763 1235 3833 ἀμέμπτως
1283 3765 1410 3834 περὶ
1459 3763 1592 3817 Θεοῦ
1631 3764 1828 3817 ἐννοῶν

215 3851 314 3901 καὶ
353 3849 538 3916 ἀγίως
578 3852 702 3920 περὶ
729 3851 970 3922 Χριστοῦ
1009 3851 1394 3922 διαλαμϐάνων
1415 3868 1426 3880 ·
1458 3853 1550 3906 καὶ
1583 3855 1827 3918 εὐσεϐῶς

215 3940 354 4009 περὶ
394 3939 492 3991 τοῦ
542 3938 698 4008 ἁγίου
746 3939 1064 4011 Πνεύματος
1091 3941 1512 4013 ἐνθυμούμενος·
1550 3944 1645 3997 καὶ
1685 3947 1817 4015 περὶ

213 4030 330 4082 τῶν
368 4029 547 4081 ἄλλων
595 4029 884 4100 δογμάτων
929 4031 988 4082 ὃν
1030 4031 1111 4083 δεῖ
1151 4032 1353 4103 τρόπον
1395 4033 1654 4099 δοξάζων.
1698 4035 1828 4101 Qua:

221 4126 308 4179 sic
349 4133 538 4176 verto:
564 4142 582 4175 t
617 4123 846 4194 Didymi.
884 4123 1024 4189 Quia
1053 4126 1333 4191 custodiri,
1362 4125 1555 4195 inquit,
1581 4129 1689 4181 vias
1715 4127 1825 4182 Do-

219 4217 368 4271 mini
401 4216 445 4270 ¹.
491 4213 614 4270 Haec
651 4231 758 4270 non
791 4227 1111 4286 arroganter
1165 4217 1318 4284 dicit,
1369 4227 1427 4271 ut
1479 4219 1699 4287 quidam
1730 4235 1829 4289 pu-

220 4319 387 4374 tant;
426 4308 520 4362 sed
544 4309 713 4363 Deum
743 4323 1045 4382 agnoscens
1087 4319 1147 4363 ut
1179 4324 1400 4365 causam
1439 4325 1627 4364 eorum
1658 4326 1776 4379 quae
1797 4326 1827 4366 a

223 4415 288 4453 se
321 4410 481 4468 gesta
516 4408 665 4466 sunt,
703 4414 767 4454 ac
794 4414 856 4454 ea
904 4399 984 4453 illi
1029 4399 1294 4456 tribuens.
1341 4401 1592 4457 Custodit
1645 4413 1826 4457 autem

222 4493 346 4545 tias
381 4492 596 4545 Domini
652 4493 698 4546 is
747 4491 838 4560 qui
877 4491 930 4545 in
991 4493 1262 4548 mandatis
1295 4494 1412 4564 ejus
1461 4495 1734 4549 ambulat:
1771 4505 1828 4551 et

223 4583 400 4650 impie
434 4597 542 4636 non
575 4584 686 4653 agit
721 4598 750 4636 a
789 4583 900 4638 Deo
930 4599 1028 4638 suo
1050 4584 1069 4614 ³
1109 4585 1154 4638 is
1185 4587 1273 4654 qui
1309 4597 1454 4641 recte
1494 4590 1559 4641 de
1585 4588 1826 4642 veritatis
1858 4605 1903 4658 ι)

217 4674 579 4744 dogmatibus
614 4673 857 4738 disserit,
911 4675 1290 4744 irreprebense
1321 4677 1388 4732 de
1432 4678 1538 4731 Deo
1557 4680 1821 4744 sentiens,

218 4777 270 4820 et
299 4775 505 4819 sancte
531 4765 600 4820 de
653 4765 870 4821 Christo
908 4767 1208 4832 disserens,
1270 4780 1323 4824 et
1383 4769 1468 4838 pie
1514 4770 1578 4824 de
1619 4769 1823 4839 Spiritu

219 4867 424 4912 sancto
454 4858 724 4925 cogitans,
751 4868 805 4911 et
837 4859 902 4912 de
923 4857 1046 4912 aliis
1070 4859 1414 4930 dogmatibus
1456 4860 1528 4913 ita
1572 4869 1631 4913 ut
1661 4877 1824 4931 opor-

226 4961 302 5003 tet
334 4949 610 5004 sentiens.
643 4969 661 5002 ι
704 4949 835 5015 Quis
886 4951 1163 5005 hominem
1217 4950 1302 5004 vel
1357 4952 1544 5018 paucis
1581 4953 1728 5007 hisce
1769 4953 1822 5006 in

223 5042 412 5094 verbis
445 5056 554 5094 non
619 5042 861 5111 agnoscit
897 5042 1221 5096 catholicam
1279 5041 1346 5095 de
1408 5043 1675 5097 'l‘rinitate
1709 5044 1802 5097 do-

230 5135 440 5187 trinam
477 5133 787 5187 inculcandi
815 5133 1298 5203 percupidum?At
1331 5144 1533 5203 quanto
1567 5135 1737 5206 tnagis
1769 5136 1820 5190 in
1889 5166 1898 5176 ρ

219 5225 444 5277 ceteris
482 5238 603 5290 qua:
638 5234 853 5278 exstant
885 5224 1124 5292 ejusdem
1182 5225 1435 5294 operibus
1481 5233 1642 5294 atque
1688 5225 1826 5295 frag-

220 5318 430 5371 mentis
451 5316 476 5366 ?

218 5434 355 5485 ωε».
384 5427 476 5480 |\".
509 5426 633 5482 Tres
657 5429 720 5483 de
744 5428 1172 5482 Triuitatelilvros
1193 5429 1409 5482 dictavit
1429 5439 1613 5483 auctor
1631 5439 1827 5494 noster,

843 5513 897 5551 ut
927 5499 1202 5569 Didymus.

302 5591 456 5658 Quin
489 5601 601 5644 tres
625 5606 653 5642 a
692 5589 918 5660 Didymo
962 5592 1126 5645 libros
1183 5591 1258 5644 De
1299 5591 1557 5643 Trinitate
1590 5589 1823 5646 dictatus

223 5699 354 5740 esse
402 5693 676 5737 testantur
706 5693 891 5752 aperte
922 5685 1196 5749 Socrates,
1221 5684 1602 5749 Cassiodorus,
1630 5692 1684 5736 et
1705 5684 1819 5736 Att-

216 5781 438 5835 ScIttttts
475 5776 928 5845 l—lavelhergensis
965 5777 1014 5829 in
1045 5777 1362 5832 tes1imouiis
1392 5791 1420 5830 a
1479 5790 1562 5830 me
1601 5775 1652 5829 in
1708 5777 1818 5844 Ap-

869 5893 887 5923 ³
931 5892 1058 5947 ibid.

296 5897 314 5924 ’
353 5889 505 5947 I’sal.
543 5906 672 5953 χιιι,
697 5891 788 5944 ‘22.

1422 436 1920 493 COMMENTAHIIJ

1932 438 1988 492 S.
2030 468 2098 478 —-—-
2138 438 2266 492 LIB.
2313 437 2352 490 l.
3208 442 3219 460 ’
3403 429 3506 488 146

1929 557 2151 626 pendice
2183 556 2376 608 allatis.
2405 551 2720 621 Huiusmodi
2760 565 2886 606 vero
2931 565 3065 619 opus
3124 549 3392 617 respicere
3425 548 3508 602 vi-

1931 651 2087 702 detur
2109 658 2162 703 et
2191 647 2546 716 Hieronymus
2573 646 2626 698 itt
2677 643 2812 697 libro
2839 642 2912 696 De
2951 642 3133 707 script.
3171 642 3351 694 ercles.
3385 656 3504 708 cap.

1931 740 2053 803 19.0,
2083 755 2206 794 cum
2258 735 2794 803 aitzllesponderunt
2846 735 2894 786 ei
2958 732 3174 801 (nempe
3224 731 3506 798 Eunomia)

1929 831 2305 898 Apollinarius,
2337 827 2615 896 Didymus,
2680 834 2786 879 etc.
2842 823 2896 876 Id
2933 835 3110 875 autem
3164 836 3322 891 quam
3370 822 3509 876 bella

1933 925 2140 977 auctori
2177 931 2360 977 nostro
2386 919 2692 982 conveniat,
2721 933 2805 972 me
2829 918 2913 971 vel
2963 925 3175 972 tacente
3216 931 3402 970 omnes
3428 916 3510 968 vi-

1929 1015 2074 1068 dent.
2112 1014 2298 1082 Itaque
2330 1012 2396 1066 ad
2432 1012 2534 1064 alia
2561 1010 2746 1066 statim
2780 1009 3116 1079 progredior.

1931 1147 2098 1219 [XIV]
2140 1145 2448 1203 (ζων.οε
2479 1146 2666 1216 impari
2713 1161 2925 1199 numero
2981 1145 3189 1214 scripsit
3231 1152 3287 1196 ut
3336 1143 3508 1212 Ditly-
3587 1153 3598 1164 ‘

2644 1231 2780 1268 mus.

1999 1333 2262 1388 Undecim
2295 1331 2501 1386 scilicet
2559 1329 2889 1398 scriptores,
2937 1328 3026 1398 qui
3081 1329 3146 1381 de
3179 1328 3370 1396 impari
3409 1343 3508 1381 nu-

1926 1439 2078 1477 mero
2109 1423 2465 1491 scripserant,
2492 1429 2743 1474 numerat
2778 1418 3137 1490 Hieronymus
3167 1419 3218 1471 in
3273 1419 3503 1488 epistola

1927 1513 1990 1567 ad
2017 1513 2443 1575 Pammacbittm,
2477 1521 2533 1564 ut
2567 1511 2673 1564 dixi
2705 1525 2828 1579 pag.
2861 1510 2986 1576 968,
3026 1519 3136 1563 not.
3170 1511 3224 1574 5,
3273 1526 3506 1578 quorum

1925 1614 2108 1659 sextus
2147 1611 2228 1656 est
2263 1602 2541 1672 Didymus.
2584 1601 2694 1669 Ego
2747 1616 2874 1654 vero
2922 1600 3181 1654 rationem
3219 1601 3340 1654 hinc
3371 1602 3508 1654 duco

1926 1710 2029 1749 non
2065 1695 2536 1758 contemnendam,
2595 1707 2696 1761 qua
2745 1692 3058 1745 confirmem
3097 1700 3204 1745 tres
3254 1692 3415 1744 hosce
3450 1692 3509 1744 li-

1922 1787 2050 1842 bros
2078 1800 2198 1841 esse
2233 1785 2463 1856 Didymi.
2496 1784 2641 1839 Fuse
2680 1785 2820 1838 enim
2847 1785 2912 1838 de
2943 1785 3132 1851 impari
3170 1800 3416 1850 numero,
3447 1786 3496 1837 id

1922 1889 2002 1934 est
2026 1881 2092 1934 de
2133 1878 2461 1946 septenario,
2493 1878 2600 1946 agit
2628 1876 2906 1944 theologus
2936 1887 3117 1931 noster
3156 1876 3246 1930 lib.
3282 1891 3344 1939 tt,
3383 1891 3502 1942 cap.

1927 1969 2014 2021 Μ.
2054 1969 2239 2037 Itaque
2275 1983 2396 2022 cum
2425 1967 2511 2020 illa
2539 1966 2846 2036 Hieronymi
2899 1968 3122 2036 epistola
3177 1977 3295 2035 post
3329 1968 3504 2023 editos

1928 2061 2092 2114 hosce
2117 2060 2284 2114 libros
2313 2059 2512 2128 scripta
2546 2058 2732 2124 fuerit,
2764 2060 2915 2114 valde
2947 2059 3220 2130 probabile
3249 2071 3354 2124 est,
3382 2076 3507 2115 eos-

1929 2149 2047 2201 dem
2088 2148 2154 2202 ab
2187 2149 2306 2218 ipso
2337 2149 2530 2217 respici
2557 2165 2571 2213 ;
2599 2149 2767 2202 multo
2794 2150 2936 2203 enim
2999 2151 3168 2204 fusius
3198 2151 3262 2204 de
3316 2152 3507 2220 impari

1928 2255 2153 2294 numero
2188 2241 2273 2295 hic
2304 2241 2413 2310 agit
2463 2250 2652 2294 auctor
2705 2250 2922 2305 noster,
2967 2258 3126 2311 quam
3172 2243 3414 2311 plerique
3443 2257 3510 2296 ex

1928 2333 2047 2385 aliis
2076 2333 2348 2397 Patrihus,
2381 2348 2518 2402 quos
2543 2331 2900 2405 Hieronymus
2930 2337 3170 2390 nominat
3197 2353 3210 2386 :
3251 2338 3507 2390 nimirum

1928 2427 2176 2492 undecim
2214 2427 2287 2487 illi
2339 2439 2466 2486 sunt
2497 2431 2772 2498 Clemens,
2837 2429 3176 2502 Hippolytus,
3225 2429 3508 2505 Origenes,

1927 2523 2550 2594 Diunysius,Euschios.
2613 2525 2908 2594 Didymus,
2965 2523 3351 2587 Tertullianus,
3407 2526 3514 2594 Cy-

1927 2613 2172 2682 prianus,
2205 2613 2538 2676 Victorinus,
2575 2612 2916 2675 Lactantius,
2965 2611 3234 2667 Hilarius:
3278 2629 3510 2682 quorum

1929 2705 2107 2758 nullus
2166 2718 2281 2757 mea
2319 2705 2534 2773 quidem
2601 2703 2874 2758 sententia
2923 2717 3056 2772 opus
3127 2704 3316 2765 edidit,
3367 2707 3512 2773 quod

1929 2797 1991 2850 de
2011 2797 2200 2864 impari
2235 2811 2449 2850 numero
2476 2795 2830 2863 Inscripserit,
2880 2796 2971 2848 sed
3019 2794 3198 2848 obiter
3228 2809 3415 2848 omnes
3447 2797 3514 2849 de

1927 2889 2116 2943 eodem
2155 2889 2204 2941 in
2232 2887 2345 2942 suis
2397 2887 2652 2956 operibus
2706 2886 2872 2940 locuti
2923 2896 3072 2941 sunt.
3124 2872 3332 2941 Nullius
3386 2902 3520 2941 vero

1841 3001 1844 3004 ·
1929 2996 2072 3051 epus-
2111 2981 2244 3035 citat
2305 2979 2670 3052 Hieronymus
2716 2969 2817 3035 nisi
2864 2979 3166 3050 Cypriani;
3215 2981 3288 3034 ait
3321 2980 3504 3034 enim:

1931 3071 2166 3137 Quorum
2211 3071 2510 3142 Cyprianus
2544 3073 2608 3126 de
2655 3073 2972 3140 septenario,
3024 3073 3080 3126 id
3129 3073 3296 3126 estde
3325 3072 3516 3141 impari

1929 3180 2144 3218 numero
2173 3164 2432 3217 disserens
2458 3179 2576 3233 qua:
2597 3172 2646 3217 et
2669 3175 2866 3232 quanta
2893 3163 3104 3226 dixerit,
3136 3165 3202 3215 ad
3238 3160 3511 3216 Fortuna-

1929 3267 2036 3310 tum
2062 3256 2194 3310 liber
2246 3257 2392 3309 illius
2442 3256 2738 3309 testimonio
2771 3265 2867 3308 est.
2919 3254 3038 3310 Jam
3087 3269 3215 3308 vero
3246 3270 3367 3324 qua:
3407 3254 3516 3325 Cy-

1933 3348 2159 3416 prianus
2199 3347 2250 3402 in
2285 3347 2446 3412 libro,
2497 3347 2610 3401 sive
2656 3347 2888 3417 epistola
2940 3347 3005 3400 ad
3063 3345 3417 3400 Fortunatum
3450 3350 3516 3401 de

1931 3439 2235 3506 septenario
2258 3441 2475 3510 scripsit
2527 3454 2650 3508 pag.
2697 3438 2804 3492 522
2862 3438 3112 3492 editionis
3147 3437 3362 3493 Veneta:
3387 3441 3513 3494 anni

1933 3529 2093 3596 1⁸128,
2122 3530 2293 3584 multo
2316 3533 2494 3586 minus
2518 3533 2733 3602 copiosa
2767 3541 2914 3596 sunt,
2945 3547 3107 3602 quam
3156 3547 3277 3600 qua:
3311 3533 3376 3586 de
3418 3547 3513 3584 eo-

1931 3622 2051 3677 dem
2075 3635 2301 3676 numero
2328 3622 2566 3691 disputat
2606 3633 2798 3679 auctor
2834 3633 3042 3678 noster.
3101 3623 3252 3689 Quod
3293 3623 3336 3677 si
3392 3622 3517 3676 reli-

1933 3730 2162 3785 quorum
2196 3727 2361 3782 opera
2397 3728 2517 3782 qua:
2538 3724 2753 3766 exstant
2782 3715 3068 3778 cvolveris,
3106 3714 3349 3767 invenies
3379 3714 3420 3765 Τ
3425 3729 3510 3767 er-

1941 3805 2227 3860 tullianum
2257 3819 2494 3875 quoque,
2518 3803 2853 3859 Clementem
2881 3801 3326 3867 Alexandrinum,
3355 3813 3516 3872 atque

1932 3897 2222 3968 Origenem
2249 3896 2416 3952 variis
2453 3897 2504 3950 in
2537 3896 2689 3961 locis,
2728 3895 2990 3949 Ililarium
3031 3903 3260 3949 tractatu
3290 3897 3345 3950 in
3379 3899 3516 3964 psal.

1931 4007 2074 4044 mum
2101 4005 2289 4057 cxvtn,
2331 4000 2461 4044 tom.
2497 3989 2537 4054 Ι,
2561 4005 2681 4059 pag.
2706 3989 2833 4054 409,
2853 3998 2906 4042 et
2939 3988 3280 4042 Lactantium
3315 3989 3407 4043 lih.
3439 4003 3511 4044 vlt

1931 4078 2115 4134 Instit.
2143 4096 2263 4150 cap.
2302 4081 2392 4145 H,
2418 4081 2594 4135 minus
2630 4082 2745 4136 inse
2783 4080 2848 4134 de
2890 4079 2991 4133 hac
3039 4093 3096 4132 re
3142 4081 3346 4133 locutos
3373 4095 3512 4142 οδες,

1932 4187 2095 4241 quam
2149 4173 2456 4242 theologum
2518 4181 2786 4227 nostrum.
2859 4172 2932 4227 De
2997 4169 3284 4240 Hippolyto
3309 4181 3512 4233 autem,

1931 4265 2210 4337 Dionysio,
2240 4265 2496 4329 Eusebio,
2527 4265 2808 4320 Victorino
2831 4265 2966 4318 nihil
2999 4265 3120 4318 dico
3145 4303 3158 4327 ,
3191 4262 3334 4334 quod
3367 4265 3516 4328 dun-

1931 4373 2052 4411 rum
2077 4358 2291 4426 quidem
2321 4372 2483 4426 opera
2514 4357 2838 4421 interierint,
2873 4357 2962 4410 alii
3015 4373 3144 4412 vero
3196 4358 3246 4410 in
3287 4357 3370 4410 his
3395 4370 3515 4424 qua:

1931 4455 2222 4516 supersunt
2251 4449 2508 4516 operibus
2532 4459 2624 4501 aut
2654 4465 2869 4518 parum,
2901 4459 2994 4502 aut
3025 4450 3157 4502 nihil
3215 4451 3279 4502 de
3323 4449 3513 4516 impari

1933 4553 2158 4593 numero
2192 4540 2482 4606 disserant,
2518 4541 2560 4594 si
2601 4541 2894 4595 Eusebium
2947 4541 3343 4596 Caesariensem
3369 4541 3516 4593 exci-

1933 4632 2070 4699 pias,
2099 4632 2190 4700 qui
2228 4633 2444 4686 ubinam
2489 4635 2554 4687 de
2597 4633 2688 4687 illo
2714 4649 3020 4688 sermonem
3055 4635 3270 4694 haheat,
3304 4635 3510 4699 ignoro,

1929 4723 2021 4777 sed
2057 4723 2230 4777 locum
2260 4723 2514 4787 is-lucile,
2554 4725 2766 4792 Opinor,
2803 4723 3040 4776 inveniet
3097 4724 3184 4789 qui
3236 4722 3514 4788 (‘jllStYOlll'

1929 4815 2221 4866 mentarios
2255 4813 2308 4864 in
2331 4811 2598 4878 Psalmos,
2654 4823 2815 4881 atque
2867 4814 2922 4865 in
2955 4811 3154 4865 Isaiam
3186 4827 3213 4864 a
3247 4811 3513 4865 Montl'an-

1931 4905 2088 4957 conio
2113 4903 2311 4967 editos,
2348 4910 2441 4955 aut
2491 4903 2595 4956 alia
2649 4905 2889 4973 ejusdem
2929 4902 3070 4956 tnodi
3101 4917 3262 4970 opera
3298 4904 3508 4957 Eusebii

1933 4995 2281 5064 percurrerit.
2317 4993 2445 5048 Mihi
2479 4997 2620 5050 enim
2674 4996 2802 5048 illud
2850 4996 2900 5048 itt
2929 5009 3167 5064 prtesens
3194 4995 3410 5058 sollieit,
3455 5007 3512 5046 ut

1929 5085 2085 5140 valde
2113 5085 2402 5140 verisimile
2430 5087 2500 5140 sit
2533 5089 2694 5142 hosce
2746 5087 2982 5142 auctoris
3018 5086 3186 5140 nostri
3243 5085 3409 5137 libros
3441 5085 3509 5139 ab

1931 5175 2259 5247 Hieronymo
2289 5178 2536 5232 indicari.

1928 5311 2056 5367 CAP.
2094 5313 2181 5370 Vl.
2229 5313 2462 5366 Perbclle
2514 5313 2718 5366 auctori
2762 5322 2936 5365 nostro
2967 5319 3256 5378 congruunt
3295 5327 3411 5376 qum
3443 5311 3506 5362 tle

2005 5383 2231 5452 Didymo
2264 5393 2523 5436 testantur
2550 5395 2760 5444 veteres,
2791 5398 2907 5433 eum
2943 5394 3186 5452 nentpeet
3228 5381 3294 5431 tle
3329 5383 3503 5441 sertis,

2007 5463 2054 5505 et
2085 5451 2266 5506 centra
2314 5453 2628 5506 lllunicltteos
2655 5452 2944 5516 scripsisse,
2975 5461 3022 5501 et
3062 5451 3283 5514 primam
3325 5452 3392 5502 ad
3418 5452 3509 5502 (Io-

2008 5523 2228 5576 rintltios
2277 5521 2437 5575 Pauli
2488 5523 2779 5590 lt‘pistolam
2821 5519 3072 5590 latissime
3111 5521 3507 5583 interpretatum

2006 5609 2134 5656 esse,
2169 5603 2216 5644 et
2247 5594 2416 5657 plures
2461 5587 2594 5644 alios
2651 5607 2678 5643 e
2721 5590 2882 5641 sacris
2921 5587 3069 5640 libris
3093 5593 3506 5656 commentariis,

2006 5673 2094 5714 aut
2122 5662 2558 5715 commentariolis
2588 5660 2897 5712 illustrasse.

2003 5769 2272 5827 Hactenus
2305 5769 2540 5826 rationes
2589 5769 2720 5826 satis
2746 5767 2991 5827 efﬁcaces
3045 5773 3500 5841 attulimus,,_rno.v
