4108 6458
573 468 682 529 ⁸147

2017 473 2107 528 DE
2144 472 2408 530 DIDYMO'

3714 478 3822 536 H3

582 589 719 646 alias
747 587 924 644 adhuc
949 586 1238 643 validiores
1275 585 1565 658 prolaturi.
1616 586 1722 644 Sed
1752 598 2041 659 antequam
2069 589 2139 644 ad
2167 595 2212 652 Α
2240 591 2409 646 rimos
2440 588 2736 661 Scriptum
2770 590 2940 646 libros
2965 592 3397 657 commentariis,
3422 602 3514 647 aut
3542 606 3824 647 commen-

576 684 677 740 bas
716 680 1016 744 veniamus,
1080 678 1366 734 nonnullas
1420 679 1512 734 hic
1558 680 1759 736 addere
1806 681 2143 747 conjecturas

574 776 776 846 placet.
808 771 974 826 Suum
1008 768 1282 826 Sectarum
1319 769 1570 823 volumen
1603 770 1686 825 bis
1740 782 2007 825 memorat
2055 770 2146 825 Di-

576 866 768 936 dymus
796 864 851 916 in
906 862 1041 915 libro
1093 858 1169 912 De
1232 857 1324 925 Sp.
1360 854 1449 922 8.,
1481 874 1628 912 num.
1672 858 1706 913 5
1731 846 1784 912 εἴ
1811 858 1872 912 21
1924 857 2139 926 Opinati

576 968 756 1012 autem
789 965 916 1013 sunt
943 955 1129 1023 aliqui,
1158 954 1208 1006 id
1238 967 1427 1018 magna
1458 951 1741 1006 saltem‘es
1792 962 1944 1021 parle
1973 954 2149 1006 adhuc

577 1061 818 1109 exstare,
880 1048 1019 1100 idem
1067 1058 1255 1110 nempe
1305 1058 1425 1096 esse
1468 1057 1587 1096 cum
1622 1057 1688 1095 eo
1725 1043 1866 1110 quod
1905 1041 2146 1096 Philoso—

581 1139 842 1208 phumena
901 1135 1238 1189 inscribitur.
1293 1131 1544 1186 Nonnulli
1585 1132 1746 1185 etiam
1777 1134 2044 1185 diversum
2079 1131 2148 1186 ab

496 1210 504 1219 ’
581 1230 673 1284 illo
710 1245 811 1281 non
839 1241 957 1280 esse
982 1231 1331 1285 censuerunt,
1363 1224 1507 1292 quod
1546 1223 1855 1288 Degmatum
1897 1223 2146 1275 volumen

580 1320 840 1389 Didymus
868 1317 983 1386 ipse
1017 1325 1171 1369 vocat
1226 1314 1279 1367 in
1332 1313 1468 1367 libro
1502 1313 1575 1367 De
1622 1312 1712 1379 Sp.
1751 1311 1835 1375 8.,
1877 1328 2021 1365 nmn.
2057 1311 2145 1365 '52.

581 1411 822 1477 Quarum
863 1407 1173 1476 opinionum
1200 1406 1425 1474 primam
1455 1405 1706 1474 gravibus
1729 1404 2017 1457 obnoxiam
2033 1418 2151 1458 esse

583 1498 979 1555 diﬂieubatibus
1010 1497 1157 1550 multi
1189 1497 1560 1558 ostenderunt,
1589 1494 1756 1548 altera
1789 1493 1994 1549 levibus
2020 1509 2151 1549 con-

581 1589 806 1661 iecturis
832 1590 1095 1644 duntaxat
1139 1586 1407 1642 innititur.
1442 1584 1594 1650 Quod
1616 1584 1660 1638 si
1702 1584 1902 1639 talibus
1937 1598 2038 1654 ego
2066 1600 2153 1639 ra-

582 1680 822 1737 tionibus
851 1679 1265 1747 acquiescerem.
1312 1676 1638 1730 contendere
1673 1674 1895 1729 forsitan
1949 1684 2004 1730 et
2041 1677 2154 1745 ipse

585 1785 821 1842 possem,
842 1770 938 1823 bos
965 1768 1038 1821 De
1058 1765 1488 1820 Trinitatelibros
1517 1767 1803 1820 nihilaliud
1834 1781 2152 1836 esse,quam

586 1859 860 1917 Sectarum
902 1858 1196 1911 volumen:
1252 1856 1557 1924 lmjusmodi
1609 1858 1754 1910 enim
1807 1857 2044 1927 suspicio
2087 1870 2155 1910 ex

2248 681 2454 735 tariolis
2487 680 2747 751 Didymus
2787 679 3180 758 explanaverit,
3225 693 3287 735 ut
3320 691 3532 738 constat
3576 697 3698 737 cum
3748 697 3819 737 ex

2244 772 2592 844 Hieronymo,
2625 783 2736 826 tum
2774 787 2838 827 ex
2871 772 3076 826 catenis
3114 783 3205 825 aut
3255 773 3554 841 impressis,
3597 781 3690 827 aut
3721 787 3820 828 ca-

2247 863 2387 918 lamo
2413 865 2688 919 eXttratiS:
2718 864 2761 917 si
2794 863 3024 916 Iudicem
3053 862 3285 916 locorum
3317 879 3485 917 sacra:
3515 863 3810 932 Scriptum

2247 956 2419 1011 tribus
2455 956 2601 1010 hisce
2632 955 2683 1008 in
2727 954 2878 1007 libris
2908 954 3257 1020 allegatorum
3310 954 3656 1020 expendet-is,
3713 953 3818 1005 tria

2248 1045 2362 1099 haec
2393 1060 2516 1098 vera
2540 1059 2657 1098 esse
2679 1028 2977 1109 comperies
3008 1058 3022 1093 :
3056 1042 3253 1109 primo,
3281 1056 3348 1095 ex
3382 1042 3447 1096 iis
3472 1042 3645 1107 libris,
3675 1056 3817 1109 quos

2249 1135 2657 1190 commentariis
2711 1134 2967 1203 Didymus
3033 1132 3427 1199 interpretatus
3468 1141 3585 1194 est,
3644 1129 3823 1196 cujus-

2251 1224 2393 1276 tnodi
2443 1233 2569 1276 sunt
2618 1221 2853 1291 Epistula
2908 1220 3077 1288 prima
3127 1221 3195 1272 ad
3241 1221 3570 1283 Corinthios,
3626 1219 3818 1280 Isaias,

2249 1312 2446 1368 Psabni
2476 1355 2491 1379 ,
2513 1324 2644 1374 etc...
2678 1314 2938 1383 plurimos
2967 1315 3034 1367 ab
3063 1324 3285 1367 auctore
3308 1322 3493 1365 nostro
3531 1322 3714 1365 textus
3740 1309 3825 1364 af-

2251 1405 2378 1460 ferri
2404 1424 2419 1471 ;
2448 1405 2704 1470 secundo,
2732 1418 2800 1458 ex
2827 1405 2891 1458 iis
2919 1404 3089 1467 libris,
3117 1417 3254 1471 quos
3278 1402 3530 1456 brevibus
3546 1416 3827 1456 commen-

2254 1497 2460 1552 tariolis
2484 1496 2790 1560 illustravit,
2834 1495 3156 1563 pauciores:
3213 1508 3278 1547 ex
3323 1493 3387 1546 iis
3418 1493 3635 1547 demum
3683 1507 3825 1563 quos

2252 1590 2397 1646 nullo
2423 1589 2580 1643 modo
2607 1590 2989 1656 interpretatus
3015 1598 3118 1649 esr,
3157 1596 3251 1639 aut
3273 1584 3476 1639 nullum
3500 1592 3702 1645 textum
3732 1592 3829 1639 aut

2255 1679 2605 1751 paucissimos
2627 1676 2867 1746 allegari.
2894 1674 3009 1741 Qua
3043 1676 3109 1730 de
3140 1689 3303 1729 causa
3336 1674 3536 1728 nullum
3569 1674 3623 1728 in
3655 1674 3831 1728 eoin-

2255 1772 2375 1825 dice
2397 1769 2570 1823 locmn
2602 1768 2837 1837 reperies
2880 1781 2946 1820 ex
2975 1765 3406 1821 Macbabmornm
3435 1764 3586 1819 libris
3607 1765 3835 1827 desum-—

2257 1870 2426 1930 ptum,
2457 1858 2658 1913 nullum
2680 1872 2745 1910 ex
2766 1858 2903 1911 libro
2928 1855 3134 1922 Juditb,
3155 1854 3354 1909 nullum
3373 1870 3437 1909 ex
3456 1854 3590 1909 libro
3608 1855 3827 1919 Esther,
3850 1892 3855 1897 ο

586 1950 793 2007 duobus
819 1948 1104 2019 postremis
1127 1948 1270 2003 tertii
1318 1948 1439 2002 libri
1478 1947 1747 2018 capitibus
1787 1926 1917 2003 oriri
1950 1956 2151 2018 posset.
2185 1926 2229 1981 Β
2256 1926 2459 2005 nullum
2505 1964 2572 2004 ex
2614 1950 2750 2002 libro
2796 1947 2979 2014 Ruth;
3011 1948 3096 2001 vix
3132 1963 3292 2001 unum
3325 1955 3414 2001 aut
3451 1948 3700 2014 alterum,
3733 1955 3830 2001 aut

582 2042 718 2098 Nam
769 2040 946 2111 capite
989 2041 1204 2111 quidem
1232 2039 1296 2094 M
1353 2050 1573 2110 repente
1641 2051 1832 2095 auctor
1881 2050 2063 2095 noster
2086 2040 2176 2094 ad-

582 2132 1028 2187 Montanistarum
1060 2130 1307 2184 bmresim
1333 2131 1629 2185 orationem
1650 2131 1936 2192 convertit,
1962 2145 2024 2184 ac
2048 2146 2153 2185 non

585 2223 747 2277 modo
778 2235 841 2274 ea
874 2220 1101 2284 refellit,
1133 2234 1253 2288 quae
1287 2230 1478 2274 contra
1507 2219 1828 2274 catholicam
1874 2222 1939 2273 de
1973 2219 2150 2274 Trini-

587 2322 698 2367 tate
725 2313 1024 2366 doctrinam
1060 2311 1350 2375 docebant,
1384 2315 1478 2366 sed
1509 2323 1565 2366 et
1596 2310 1699 2365 alia
1742 2325 1927 2366 eorum
1962 2306 2157 2366 delira-

508 2398 514 2410 ’
587 2413 808 2457 menta:
841 2412 949 2455 tum
973 2402 1152 2458 subdit
1178 2418 1191 2453 :
1219 2400 1307 2455 Ita
1329 2404 1578 2456 adversus
1627 2401 1762 2456 alias
1795 2403 2017 2457 hereses
2048 2418 2159 2455 mo-

587 2495 731 2549 deste
757 2497 1117 2563 ac'sapienter,
1143 2503 1199 2547 ut
1235 2510 1532 2569 possumus,
1582 2510 1892 2565 pugnamus.
1933 2493 2012 2549 Ac
2048 2504 2159 2548 sta-

589 2584 684 2638 tim
707 2594 888 2652 postea
924 2582 1250 2640 Manichaee
1283 2584 1564 2639 confutare
1599 2589 1906 2656 aggreditur
1932 2601 2048 2655 cap.
2064 2584 2155 2650 49,

587 2676 740 2744 cujus
768 2679 971 2729 utinam
1003 2686 1326 2746 postremam
1351 2686 1556 2745 partem
1580 2678 1736 2730 nobis
1767 2686 1898 2731 actas
1926 2691 2028 2731 non
2070 2677 2155 2730 in-

587 2765 827 2821 vidisset.
869 2764 1188 2836 Hujusmodi
1223 2775 1401 2820 tamen
1430 2781 1530 2836 ego
1559 2767 1867 2836 suspicione
1913 2782 2017 2820 non
2045 2782 2160 2821 mo-

588 2870 734 2920 veor,
762 2859 856 2911 sed
896 2867 1005 2910 tres
1037 2859 1199 2911 boscc
1227 2857 1305 2911 De
1331 2858 1586 2910 Trinitate
1620 2857 1782 2911 libros
1828 2872 1857 2910 a
1885 2855 2158 2912 Sectarum

587 2948 859 3003 volumine
888 2949 1108 3001 omnino
1132 2948 1264 3000 alios
1288 2962 1409 3001 esse
1440 2948 1690 3002 existimo
1714 2965 1729 3000 :
1761 2958 1873 3002 tum
1895 2949 2017 3015 quia
2041 2962 2160 3018 quae

589 3041 656 3096 de
687 3040 1156 3103 Montanistarum,
1198 3038 1611 3094 Manichaeorum
1640 3082 1655 3107 ,
1695 3039 2028 3110 aliorumque
2060 3044 2163 3096 ba:-

592 3131 886 3185 reticorum
944 3131 1105 3185 sectis
1150 3131 1283 3184 dicit
1336 3140 1543 3195 auctor,
1590 3131 1768 3187 obiter
1795 3134 2161 3196 duntaxat,ac

592 3218 733 3295 [XV]
788 3220 949 3277 veiuti
1001 3222 1312 3290 appendicis
1350 3222 1466 3278 loco
1517 3222 1621 3278 dici
1687 3224 1935 3277 videntur

590 3314 751 3367 etiam
778 3313 902 3382 quia
940 3310 1212 3380 Sectarurn
1232 3312 1477 3368 volumen
1506 3310 1632 3370 ante
1646 3314 1838 3368 librum
1867 3314 1943 3368 De
1960 3314 2159 3381 Spiritu

590 3413 791 3467 sancto,
825 3414 934 3457 tres
970 3417 1097 3457 vero
1120 3404 1172 3456 bi
1204 3402 1325 3457 libri
1363 3412 1483 3472 post
1525 3406 1771 3459 eumdem
1803 3419 1921 3459 meo
1944 3406 2157 3474 quidem

590 3493 795 3563 judicio
817 3495 997 3549 dietati
1027 3504 1172 3548 sunt.
1200 3493 1330 3547 Illud
1376 3494 1558 3564 itaque
1609 3503 1811 3550 tantum
1846 3497 1951 3561 aio,
1991 3498 2039 3550 ei
2067 3497 2163 3567 qui

592 3585 670 3640 De
693 3586 974 3640 [amnibus
997 3586 1079 3639 vel
1113 3589 1287 3651 sectis,
1302 3588 1599 3655 scripserit,
1634 3587 1832 3659 optime
1852 3590 2157 3654 convenire,

592 3688 654 3733 ut
684 3687 953 3748 postrema
987 3680 1075 3733 illa
1109 3681 1214 3734 duo
1244 3680 1419 3750 capita
1451 3680 1756 3735 dictaverit.
1791 3681 1845 3735 Id
1892 3681 2035 3734 enim
2067 3681 2158 3735 Di-

592 3771 755 3840 dymo
779 3771 832 3823 in
865 3784 1016 3823 more
1046 3770 1275 3840 positum
1315 3786 1435 3825 esse
1466 3772 1845 3837 animadverti,
1872 3781 1929 3825 ut
1967 3771 2032 3825 ad
2064 3786 2159 3825 ea-

595 3859 716 3915 dem
750 3859 944 3929 saepius
966 3860 1101 3914 sicut
1139 3861 1190 3915 in
1214 3876 1324 3916 uno
1349 3862 1645 3931 eodemque
1676 3876 1861 3930 opere.
1900 3861 1970 3915 ita
1995 3862 2159 3915 etiam

596 3949 650 4003 in
681 3950 908 4005 diversis
936 3952 1137 4007 redeat.
1171 3952 1325 4020 Quod
1353 3968 1478 4007 vere
1499 3969 1528 4006 a
1561 3952 1774 4006 medici
1805 3952 1849 4005 is
1884 3953 2159 4017 fatebitur,

596 4042 688 4109 qui
713 4050 915 4096 attente
950 4043 1158 4111 singula
1218 4059 1339 4113 quae
1387 4051 1603 4097 exstant
1657 4042 1797 4097 illius
1858 4057 2018 4111 opera
2072 4050 2165 4097 aut

597 4132 905 4203 fragmenta
924 4136 1267 4203 expenderit,
1299 4144 1463 4204 atque
1492 4134 1633 4187 inter
1659 4148 1718 4188 se
1751 4135 2057 4188 contulerit.

667 4223 939 4277 Adversus
998 4222 1322 4287 Manirha-os
1382 4236 1514 4277 sane
1546 4222 1815 4290 peculiare
1858 4238 1992 4292 opus
2041 4224 2156 4291 ipse

595 4313 786 4379 edidit,
823 4313 966 4383 quod
993 4322 1087 4366 aut
1117 4322 1309 4376 totum,
1356 4320 1449 4366 aut
1492 4312 1630 4367 bona
1681 4313 1876 4369 saltem
1910 4330 1976 4369 ex
2011 4324 2165 4385 parte

598 4405 892 4460 etiamnum
927 4413 1126 4457 exstat.
1152 4402 1256 4458 Sed
1298 4405 1559 4460 adversus
1586 4408 1803 4461 eosdem
1833 4409 2031 4476 passim
2058 4408 2165 4462 dis-

596 4504 750 4567 putat
779 4495 941 4548 etiam
982 4494 1034 4547 in
1076 4493 1516 4552 Enarrationibus
1561 4497 1615 4552 in
1654 4497 1921 4566 Epistolas
1953 4499 2167 4554 catholi-

1985 3242 2000 3278 :
2044 3235 2154 3279 tum
2185 3257 2229 3315 ε

2256 2043 2445 2097 saltem
2494 2056 2758 2112 perpauca
2809 2055 2872 2095 ex
2923 2041 3072 2094 libris
3102 2038 3286 2105 Iosue,
3314 2038 3584 2103 Iudicum,
3619 2037 3835 2093 Parali-

2255 2149 2545 2204 pomenon,
2589 2134 2789 2198 Esdrte,
2822 2147 2903 2197 ac,
2938 2141 2995 2185 ut
3022 2132 3088 2186 de
3121 2131 3241 2185 aliis
3278 2141 3503 2196 taceam,
3529 2130 3831 2201 plerorum—

2257 2241 2364 2296 que
2387 2242 2455 2280 ex
2484 2224 2782 2294 prophetis,
2807 2236 2944 2293 quos
2972 2223 3209 2278 minores
3234 2232 3446 2277 vocant.

2332 2317 2575 2379 Demum,
2614 2329 2682 2369 ne
2730 2314 2782 2368 in
2831 2311 3056 2383 singulis
3103 2313 3377 2376 immorer,
3437 2311 3562 2366 illud
3612 2325 3839 2382 quoque

2261 2408 2660 2469 animadvertas
2694 2405 2881 2469 velim,
2927 2405 3100 2459 tribus
3145 2404 3296 2458 hisce
3326 2403 3477 2457 libris
3522 2401 3833 2472 Scriptura-

2260 2516 2377 2555 rum
2408 2499 2525 2553 loca
2579 2512 2700 2567 qua:
2727 2495 3042 2562 alferuntur,
3096 2495 3171 2548 ita
3215 2496 3411 2564 passim
3447 2493 3727 2564 explicari.
3772 2503 3832 2547 ut
3897 2499 3907 2506 '

2262 2588 2419 2643 facile
2467 2599 2745 2642 auctorem
2780 2600 3043 2655 agnoscas
3096 2585 3149 2639 in
3187 2585 3590 2657 Scripturarum
3640 2599 3833 2654 campo

2261 2694 2605 2750 summopere
2650 2681 3046 2735 exercitatum:
3091 2674 3394 2744 cuiusmodi
3440 2675 3680 2744 profecto
3726 2673 3830 2729 fuit

2262 2773 2552 2844 Didymus;
2588 2772 2746 2826 talem
2780 2772 2923 2826 enim
2969 2785 3027 2826 se
3060 2770 3235 2840 prodit
3265 2784 3367 2823 non
3399 2769 3556 2823 modo
3594 2768 3647 2822 in
3682 2782 3834 2823 com-

2262 2864 2542 2920 mentariis
2570 2864 2622 2917 in
2655 2862 3010 2933 Scripturam,
3054 2862 3148 2917 sed
3183 2861 3266 2917 vel
3311 2860 3365 2916 in
3411 2860 3527 2931 ipso
3583 2859 3720 2917 libro
3755 2859 3837 2915 De

2264 2957 2470 3026 Spiritu
2510 2965 2714 3009 sancto.

2264 3070 2394 3128 CAP.
2457 3066 2567 3123 VII.
2629 3070 2909 3123 Auctorem
2980 3077 3211 3121 nostrum
3264 3066 3385 3119 item
3433 3073 3488 3119 ut
3550 3062 3831 3133 Didymum

2335 3140 2534 3194 imitati
2599 3148 2717 3192 sunt
2782 3139 3124 3205 Ambrosius,
3200 3135 3580 3206 Hieronymus,
3642 3134 3839 3200 alitque

2339 3209 2560 3278 fortasse
2598 3209 2858 3262 nonnulli.

2333 3325 2438 3382 Sed
2473 3325 2585 3395 jam
2635 3324 2701 3377 ad
2743 3324 2980 3393 potiores
3030 3319 3240 3391 Didymi
3285 3316 3637 3375 Alexandrini
3682 3322 3836 3371 notas

2262 3431 2623 3477 transeamus.
2654 3418 2854 3472 Ilarnm
2885 3425 3152 3484 postrema
3190 3412 3431 3482 profecto
3471 3427 3534 3466 ea
3581 3425 3686 3464 non
3730 3421 3834 3475 est,

2263 3511 2402 3582 quod
2433 3511 2605 3566 sancti
2636 3496 2889 3562 Ecclesia:
2918 3505 3107 3558 Patres
3147 3502 3466 3558 Ambrosius
3529 3517 3593 3556 ac
3640 3500 3834 3556 Hiero-

2262 3616 2457 3671 nymus
2489 3598 2634 3654 haud
2664 3611 2829 3667 pauca
2870 3610 2935 3649 ex
2982 3596 3101 3661 ejus
3132 3594 3284 3648 libris
3313 3592 3538 3646 mutuati
3580 3591 3711 3650 sint.
3746 3598 3841 3643 aut

2264 3689 2477 3744 imitati.
2513 3685 2646 3740 Nam
2678 3686 2821 3754 quod
2857 3683 3050 3737 attinet
3087 3683 3302 3751 quidem
3353 3680 3419 3734 ad
3468 3678 3839 3739 Ambrosium,

2262 3776 2315 3830 id
2343 3783 2530 3842 aperte
2574 3772 2775 3826 fatetur
2807 3768 3036 3825 Balinus
3073 3769 3460 3841 Aquileiensis,
3493 3767 3647 3838 cujus
3674 3767 3833 3821 νει-ιιι

2260 3864 2457 3934 protuli
2492 3878 2613 3931 pag.
2646 3863 2733 3925 5|,
2763 3869 2874 3917 not.
2907 3861 2963 3916 5.
2995 3861 3051 3915 ld
3089 3862 3262 3930 ipsum
3310 3875 3438 3913 vero
3468 3859 3694 3928 probant
3724 3874 3839 3911 ιιιυο

2262 3955 2421 4008 naclri
2459 3952 2518 4008 S.
2561 3952 2732 4006 Mauri
2770 3960 2900 4006 tom.
2931 3950 2975 4004 ll
3012 3966 3233 4017 operum
3268 3949 3531 4003 Ambrosii
3573 3962 3694 4016 pag.
3733 3946 3835 4001 597

2266 4045 2318 4098 in
2372 4043 2755 4097 Admonitione
2808 4042 2860 4096 in
2923 4041 3161 4111 ejusdem
3212 4039 3481 4095 Ambrosii
3539 4040 3701 4092 libros
3764 4036 3839 4091 De

2264 4133 2468 4202 Spiritu
2500 4144 2681 4189 sancto
2715 4133 3028 4201 inscriptos.
3076 4132 3150 4185 Ibi
3187 4132 3331 4187 enim
3386 4131 3500 4186 loca
3553 4130 3666 4199 ipsa
3701 4128 3839 4184 indic

2263 4232 2387 4279 cant
2429 4237 2549 4293 qua:
2604 4221 2922 4276 Ambrosius
2965 4235 3032 4274 ex
3085 4219 3296 4291 Didymi
3345 4219 3484 4275 libro
3531 4219 3607 4273 De
3640 4217 3840 4283 Spiritu

2264 4324 2442 4369 sancto
2473 4321 2745 4367 mutuatus
2773 4310 2889 4364 fuit.
2920 4310 3070 4376 Quod
3099 4324 3225 4364 vero
3265 4310 3498 4379 pertinet
3542 4310 3608 4363 ad
3652 4309 3839 4363 Hiero-

2265 4418 2512 4476 nymum,
2542 4402 2737 4456 fatetur
2769 4402 2994 4469 ipsemet
3018 4401 3232 4467 stepius,
3269 4399 3433 4453 multa
3477 4413 3536 4454 se
3582 4397 3840 4468 ex‘Didy-

2269 4511 2379 4562 mo,
2416 4510 2575 4564 quem
2618 4507 2774 4547 suum
2814 4490 3132 4561 magistrum
3158 4501 3334 4556 vocat,
3364 4491 3747 4558 desumpsisse.
3786 4486 3837 4539 Id

595 4603 708 4643 cas.
741 4583 1079 4653 Eosdemque
1113 4591 1170 4638 ut
1211 4584 1441 4651 refellat,
1481 4603 1510 4641 a
1565 4589 1838 4657 proposito
1881 4605 2167 4659 parumper
2197 4592 2242 4647 D
2272 4587 2346 4640 ita
2394 4599 2514 4639 esse
2568 4583 2860 4652 comperiet
2913 4581 3103 4646 lector,
3167 4581 3210 4636 si
3269 4580 3575 4650 Hieronymi
3616 4578 3731 4632 loca
3787 4577 3838 4631 in

598 4677 811 4732 aberrat
849 4675 901 4728 in
934 4675 1072 4728 libro
1104 4674 1176 4729 De
1209 4674 1411 4742 Spiritu
1434 4689 1640 4744 sancto,
1688 4695 1836 4733 nutn.
1886 4679 1975 4741 45,
2008 4695 2169 4735 occa-

599 4767 752 4822 sione
785 4777 1002 4835 arrcpta
1045 4779 1110 4819 ex
1155 4764 1257 4819 illis
1288 4764 1436 4820 Isaia:
1479 4768 1695 4822 verbis:
1752 4767 1994 4836 Inferam
2024 4770 2170 4824 nobis

602 4856 754 4915 iusta
810 4856 1225 4910 misericordiam
1279 4857 1484 4910 suam".
1518 4856 1741 4913 Cuinam
1790 4873 1920 4929 ergo
1978 4861 2168 4930 magis,

605 4959 765 5015 quam
831 4945 1055 5015 Didymo
1107 4947 1398 5002 convenire
1467 4948 1849 5004 arbitrabimur
1914 4952 2055 5020 quod
2115 4952 2169 5005 in

606 5037 765 5092 trimn
798 5035 986 5089 borum
1021 5037 1278 5092 librorum
1322 5048 1544 5093 auctore
1573 5040 1941 5106 observamus,
1966 5051 2026 5095 ut
2058 5041 2169 5096 Ma-

604 5127 843 5183 nicliaeos
871 5142 975 5180 non
1012 5130 1172 5182 modo
1196 5130 1395 5194 obiter,
1422 5130 1713 5199 paucisque
1745 5133 1925 5186 verbis
1960 5132 2169 5187 refellat

605 5216 812 5282 paginis
845 5214 973 5279 585,
1005 5214 1130 5279 388,
1162 5226 1217 5268 et
1249 5215 1389 5283 596;
1441 5232 1624 5271 verum
1668 5220 1830 5273 etiam
1876 5220 2051 5287 capite
2099 5220 2177 5276 4?.

607 5304 748 5359 tertii
804 5304 922 5358 libri
954 5304 1143 5368 fusius,
1178 5316 1236 5358 ut
1261 5309 1417 5360 modo
1446 5307 1790 5374 dicebamus,
1838 5320 2026 5363 contra
2078 5324 2173 5364 eos

606 5395 827 5453 scribat.
858 5404 1022 5464 atque
1052 5409 1081 5448 a
1123 5398 1395 5465 proposito
1428 5410 1747 5469 argumento
1786 5401 1853 5455 ad
1887 5400 2007 5455 illos
2038 5416 2172 5456 cou-

604 5483 854 5540 futandos
879 5487 1241 5554 digredietur?

677 5574 942 5642 Quoniam
966 5592 1093 5633 vero
1118 5579 1445 5649 coniecturis
1478 5599 1617 5639 nunc
1645 5582 2005 5653 indulgemus,
2042 5583 2171 5638 illud

607 5663 771 5718 etiam
802 5665 1267 5727 animadversione
1292 5674 1512 5744 dignum
1542 5690 1685 5740 reor,
1718 5675 1859 5743 quod
1890 5689 2011 5729 cum
2046 5675 2167 5744 plu-

680 5830 700 5861 ⁸
732 5838 840 5896 ιω.
878 5857 1009 5896 ιιειιι
1032 5885 1045 5910 ,
1076 5845 1127 5899 '7.

2279 4673 2522 4729 Veterum
2565 4673 2897 4729 Testimoniis
2934 4689 2962 4726 a
3001 4687 3084 4727 me
3114 4672 3271 4726 allata
3308 4679 3603 4740 percurrat.
3640 4667 3694 4721 Id
3735 4668 3838 4725 sni-

2270 4767 2398 4822 lieet
2431 4766 2684 4836 praestitit
2717 4764 3073 4836 Hieronymus
3100 4765 3152 4817 in
3181 4762 3582 4819 commentariis
3623 4759 3839 4829 potissi-

2272 4873 2418 4912 mum
2448 4858 2503 4910 in
2550 4855 2842 4924 Epistulam
2899 4857 2968 4909 ad
3014 4853 3256 4918 Galatas,
3300 4854 3355 4906 in
3412 4852 3700 4919 Epistolam
3769 4850 3843 4903 adi

2273 4948 2548 5019 Ephesios,
2593 4948 2649 5001 in
2693 4947 3024 5011 Matthwum,
3078 4948 3133 4999 in
3179 4943 3331 5013 Osee,
3379 4946 3435 5000 in
3479 4942 3841 5006 Zachariam,

2270 5042 2327 5094 in
2351 5039 2571 5103 Isaiam,
2611 5049 2717 5093 etc.

2343 5131 2526 5201 Itaque
2551 5131 2595 5185 si
2628 5146 2694 5183 ex
2718 5136 2940 5183 auctore
2975 5126 3138 5181 etiam
3174 5137 3359 5181 nostro
3386 5126 3534 5196 plura
3570 5135 3839 5180 mutuatos

2238 5203 2393 5276 'esse
2436 5219 2802 5283 Ambrosium,
2856 5231 2919 5270 ac
2966 5214 3350 5287 Hieronymum
3392 5227 3620 5278 constet,
3670 5230 3841 5268 nonne

2276 5312 2327 5366 id
2361 5324 2573 5378 quoque
2608 5307 2805 5360 indicio
2834 5307 2956 5369 erit,
2995 5315 3103 5360 tres
3131 5309 3290 5361 hosce
3336 5308 3502 5361 libros
3537 5323 3564 5360 a
3618 5307 3839 5374 Didyme

2275 5401 2502 5454 dictatos
2522 5396 2683 5451 esse?
2717 5395 2877 5465 Atqui
2905 5396 3054 5465 plura
3088 5396 3212 5451 hinc
3247 5408 3567 5459 mutuatum,
3602 5406 3692 5448 aut
3721 5396 3839 5446 imi-

2273 5500 2443 5545 tatum
2473 5503 2591 5544 esse
2615 5487 2960 5542 Ambrosium
2991 5488 3199 5542 ostendi
3227 5487 3339 5557 jam
3387 5489 3439 5542 in
3473 5487 3637 5541 notis.
3680 5484 3838 5550 Lege,

2274 5596 2483 5651 qnzeso,
2524 5594 2643 5653 qua:
2692 5579 2801 5633 dixi
2839 5594 2962 5650 pag.
2995 5578 3122 5645 275,
3167 5589 3287 5635 not.
3313 5580 3395 5637 9:
3438 5575 3647 5632 Videbis
3699 5574 3836 5629 enim

2274 5679 2442 5726 totum
2493 5671 2605 5727 fere
2660 5671 2925 5727 Ambrosii
2981 5670 3173 5728 librum
3238 5672 3317 5726 De
3350 5669 3638 5739 mysteriis,
3704 5677 3840 5721 anno
