4108 6416
166 410 276 466 H9

1389 402 1958 462 COMMENTARIUS.
2000 435 2068 445 —
2106 405 2234 460 LIB.
2277 406 2315 460 l.

3378 407 3401 460 1
3416 407 3480 456 Ἧι)

169 526 360 605 [ινιτ
413 525 637 582 Christi
696 525 804 582 587
847 528 1130 596 scriptum,
1185 540 1216 581 e
1247 527 1424 596 capite
1454 527 1523 580 M
1577 525 1800 580 secundi
1828 528 1878 586 Α
1907 524 2180 590 adhibitis,
2215 534 2270 579 et
2306 524 2672 578 Alexandrino
2709 523 2957 594 scriptori
3002 538 3327 595 magnopere
3355 541 3480 581 coa-
3511 518 3516 523 ’

169 637 242 675 ex
290 620 386 672 his
423 619 594 672 libris
644 632 964 686 expressum
997 633 1136 672 esse.
1171 616 1314 686 Lege
1346 619 1532 682 etiam,
1565 619 1608 672 si
1650 617 1806 681 libet,

173 729 302 781 qua:
346 710 507 761 dicta
544 723 574 760 a
605 724 691 761 me
721 718 842 762 sunt
877 723 996 776 pag.
1031 709 1120 773 5i,
1152 718 1264 762 nol.
1291 708 1346 774 5,
1379 724 1499 777 pag.
1535 707 1663 774 9.55,
1689 718 1801 763 not.

178 803 229 858 1,
273 816 410 866 pag.
451 798 594 860 246,
637 809 748 849 not.
778 796 832 856 4.
861 809 910 850 el
940 813 1063 865 pag.
1093 797 1218 863 557,
1250 808 1360 851 not.
1394 798 1449 852 5.

249 895 421 956 Quod
465 892 516 941 si
564 905 703 957 quas
739 901 1002 956 praeterea
1041 890 1277 942 lor-orum
1313 889 1611 958 Scriptura:
1643 890 1809 944 inter-

185 981 551 1047 prrialittltes
582 981 636 1030 itt
668 995 753 1032 aut
775 989 890 1033 tore
920 990 1107 1034 nostro
1153 982 1490 1034 inveniatmts
1521 981 1586 1034 iis
1631 981 1803 1050 persi-

186 1071 367 1132 ntiles,
410 1085 570 1138 quas
602 1072 654 1122 in
698 1072 1010 1124 memoratis
1045 1073 1356 1144 Hieronymi
1401 1075 1805 1128 commentariis

187 1162 455 1226 legimus,
504 1176 692 1215 nonne
727 1162 776 1213 id
823 1177 1038 1230 quoque
1069 1173 1386 1232 argumento
1436 1166 1559 1230 erit,
1595 1179 1660 1218 ex
1703 1165 1806 1220 illis

186 1266 274 1303 eas
318 1267 488 1312 esse,
536 1269 675 1321 quas
709 1257 870 1309 tacito
905 1256 1140 1310 auctoris
1185 1258 1422 1322 nomine,
1461 1267 1519 1311 ut
1575 1258 1804 1322 solebat,

187 1355 244 1393 ex
283 1341 549 1412 Didymo
599 1345 797 1412 saepius
851 1347 1183 1416 deprompsit
1239 1348 1352 1416 ipse
1403 1348 1810 1419 llieroaymns?

191 1450 294 1487 non
326 1437 494 1505 qugd
539 1450 611 1490 ex
647 1436 748 1490 hoc
785 1452 951 1505 opere
979 1452 1071 1491 eas
1130 1440 1392 1503 hauserit,
1425 1449 1482 1494 ut
1525 1451 1671 1508 puto,
1715 1441 1809 1494 sed

195 1527 334 1593 juod
402 1526 579 1578 valde
620 1527 877 1580 credibile
930 1532 1018 1587 sit,
1059 1543 1223 1581 unum
1275 1532 1630 1599 ettmdetnqne
1663 1529 1811 1584 Scri-

189 1629 368 1685 ptura
399 1616 599 1670 locum
633 1624 822 1672 eodem
856 1618 968 1673 fere
997 1623 1152 1674 modo
1181 1620 1495 1690 plerumque
1519 1638 1547 1674 a
1584 1620 1810 1689 Didymo

191 1707 547 1771 explicatum
598 1708 799 1761 essein
835 1710 936 1764 hoc
974 1725 1156 1779 opere,
1192 1719 1355 1777 atque
1385 1709 1435 1762 itt
1475 1721 1811 1764 commenta-

192 1796 291 1849 riis
342 1797 404 1848 in
451 1795 826 1865 Scripturatn.
866 1798 932 1853 Ut
959 1814 1083 1852 vero
1133 1799 1446 1868 perspicias,
1485 1814 1644 1868 quam
1685 1814 1810 1852 vere

1906 617 2252 687 gruentibus;
2292 615 2424 671 nihil
2466 615 2532 670 de
2573 615 2773 679 studio,
2824 615 2968 684 quod
3018 614 3070 668 in
3125 625 3316 685 poetas
3355 631 3475 670 eniti

1908 708 2231 776 impendisse
2269 718 2537 776 apparet:
2594 707 2726 761 nihil
2789 707 3003 760 demunt
3063 707 3127 760 de
3185 707 3492 762 dialecticis.

1907 800 2225 869 quihusdam
2259 804 2375 866 ejus
2405 799 2814 860 subtilitatibus,
2845 815 2979 867 quas
3017 799 3357 852 Alexandria-
3388 816 3481 866 po-

1911 891 2175 943 tissimum
2239 892 2472 960 viguisse
2527 889 2736 961 Didymi
2774 878 2954 951 astate,
3012 906 3170 943 nemo
3222 893 3479 958 ignorat:

1909 980 2023 1033 haec
2051 981 2192 1032 enim
2225 983 2400 1032 omnia
2455 992 2707 1049 quantam
2760 981 2863 1032 vim
2903 981 3152 1043 habeant,
3203 981 3357 1033 f.t('iit'
3390 997 3492 1049 per-

1910 1086 1968 1125 se
1995 1073 2251 1139 intelliget
2304 1073 2474 1126 lector
2523 1075 2788 1126 eruditus.
2844 1073 2914 1125 At
2963 1073 3217 1126 vocabula
3271 1089 3482 1140 quoque

1911 1161 2044 1230 ipsa,
2077 1164 2272 1232 quibus
2305 1165 2582 1234 theologus
2613 1175 2796 1218 noster
2841 1166 3031 1227 utitur,
3062 1165 3481 1217 Alexandrinum

1910 1254 2229 1321 scriptorem
2284 1254 2624 1308 subindicant
2674 1269 3072 1322 saepenumero.
3120 1246 3484 1307 Alexandrina

1912 1346 2122 1397 videtur
2150 1359 2252 1398 vox
2280 1343 2542 1416 περιοδῖα,
2575 1345 2642 1398 ab
2672 1346 2967 1399 Athanasio
2991 1361 3207 1415 quoque
3240 1344 3480 1397 adhibita

1912 1435 1977 1488 ad
2012 1438 2338 1489 curationem
2386 1437 2768 1500 denotandatn,
2812 1444 2870 1490 ut
2906 1439 3013 1491 dixi
3047 1454 3165 1505 pag.
3200 1436 3324 1501 268,
3373 1447 3480 1489 not.

1909 1527 1944 1580 2
1977 1545 1990 1580 :
2028 1543 2146 1581 eam
2183 1539 2327 1582 certe
2369 1530 2506 1597 apud
2561 1530 2761 1582 nullum
2791 1531 2951 1582 alium
2989 1531 3306 1597 scriptorem
3357 1529 3487 1584 hac-

1916 1624 2069 1670 tenus
2112 1631 2210 1684 ego
2236 1617 2413 1671 inveni
2441 1657 2454 1680 ,
2498 1619 2588 1686 qui
2620 1617 3022 1673 Alexandrinus
3059 1636 3162 1671 non
3203 1619 3356 1672 foret.
3384 1618 3486 1671 Ita-

1913 1723 2018 1776 que
2059 1710 2239 1762 tandiu
2285 1708 2704 1762 Alexandrinam
2755 1725 2874 1763 esse
2921 1711 3202 1779 opinabor,
3247 1711 3508 1780 quanditt-

1914 1800 2055 1853 eain
2087 1799 2206 1852 aliis
2237 1800 2613 1869 scriptoribus,
2658 1800 2830 1869 iisque
2865 1815 2961 1854 nec
2991 1800 3281 1870 .Egyptiis,
3316 1815 3490 1868 neque

192 1885 472 1953 dixerim,
517 1903 626 1940 non
669 1903 891 1956 parvam
920 1889 972 1942 in
1007 1887 1359 1958 Hieronymo,
1386 1900 1440 1942 et
1470 1900 1692 1942 auctore
1718 1904 1806 1941 no-
1845 1867 1884 1920 Β
1915 1891 2297 1944 Alexandrina:
2347 1892 2547 1945 schola:
2604 1890 2837 1944 alumnis
2863 1934 2878 1954 ,
2935 1908 3105 1961 neque
3150 1892 3492 1945 Alexandria:

191 1989 311 2031 stro
353 1979 884 2045 interpretationem
915 1980 1325 2034 similitudinem
1364 1981 1664 2045 observari,
1695 1981 1811 2050 lege

189 2081 320 2136 quae
350 2067 625 2120 adnotavi
664 2084 790 2137 pag.
826 2069 952 2134 255,
1002 2080 1118 2124 not.
1162 2071 1216 2132 5,
1269 2086 1390 2140 pag.
1436 2071 1556 2136 177,
1608 2081 1718 2125 not.
1755 2073 1810 2136 4,

188 2176 324 2229 pag.
364 2160 463 2224 98.
514 2170 630 2214 not.
664 2162 717 2227 9,
753 2177 878 2232 pag.
907 2161 1031 2229 270,
1061 2174 1174 2218 ηοι.
1209 2161 1266 2228 5,
1301 2179 1423 2235 pag.
1460 2163 1587 2231 271,
1615 2175 1727 2219 not.
1756 2164 1810 2231 5,

190 2264 250 2308 et
276 2254 448 2308 alibi.

268 2374 400 2429 Sed
431 2378 637 2442 praeter
659 2369 1002 2424 Ambrosium
1030 2383 1093 2422 ac
1121 2367 1509 2438 Hieronymum
1533 2367 1625 2421 alii
1648 2368 1810 2421 etiam

187 2465 470 2520 fortasse
503 2473 770 2515 auctorem
804 2471 1048 2514 nostrum
1083 2461 1274 2527 imitati
1309 2469 1435 2513 sunt
1465 2473 1479 2512 :
1510 2474 1609 2528 ego
1633 2469 1810 2513 tamen

187 2569 395 2610 unum
436 2554 696 2606 duntaxat
725 2554 812 2606 hic
840 2551 1153 2623 nominabo,
1191 2550 1346 2618 cujus
1375 2565 1568 2603 netnen
1603 2552 1812 2618 pondus

190 2645 450 2715 aliquod
485 2643 633 2696 addit
667 2643 952 2698 sententia:
986 2658 1140 2704 meaa,
1169 2643 1310 2710 quod
1336 2650 1389 2695 et
1413 2640 1814 2695 Alexandrinus

190 2735 412 2798 fuerit,
456 2743 519 2787 ut
556 2733 838 2803 Didymus,
866 2743 922 2788 et
953 2733 1092 2786 haud
1129 2733 1310 2785 multis
1350 2742 1463 2800 post
1498 2730 1658 2800 hujus
1698 2732 1815 2785 obi-

194 2840 328 2882 tum
362 2827 530 2879 annis
579 2826 924 2880 Alexandria:
973 2826 1278 2894 scripserit,
1316 2824 1575 2894 Cyrillum
1624 2839 1815 2893 nempe

193 2919 610 2974 Alexandrinae
642 2917 898 2972 Ecclesia:
933 2917 1314 2986 patriarchatn.
1358 2907 1554 2969 Utrum
1587 2915 1630 2968 is
1654 2930 1814 2984 porro

196 3025 509 3068 auctorem
556 3022 798 3064 nostrum
848 3023 1035 3062 revera
1081 3009 1321 3061 imitatus
1365 3008 1454 3072 sit,
1494 3008 1698 3076 judicet
1737 3009 1816 3064 le-

200 3117 360 3168 ctor,
399 3113 692 3171 postquam
726 3117 789 3156 ea
816 3101 1009 3171 legerit
1043 3115 1161 3167 quae
1193 3100 1302 3154 dixi
1334 3115 1456 3170 pag.
1486 3101 1574 3167 59,
1610 3111 1718 3156 not.
1760 3103 1812 3170 2,

1911 1983 2171 2052 proximis
2204 1984 2544 2050 reperiatur:
2587 1984 2727 2052 quod
2777 1983 2890 2036 ﬁeri
2940 1993 3118 2036 tamen
3173 1998 3329 2051 posse
3384 1998 3512 2037 non

1913 2074 2146 2127 iniicior.
2178 2071 2543 2127 Alexandrina
2572 2075 2732 2127 simili
2780 2075 2942 2128 modo
2973 2084 3075 2136 est,
3114 2088 3170 2127 ut
3203 2085 3354 2141 puto,
3389 2089 3486 2128 vox

1912 2165 2234 2236 ἀμεγέθης·
2272 2166 2580 2235 bttjustnodi
2639 2168 2785 2220 enim
2835 2169 3130 2237 epilbetttnt
3185 2169 3324 2220 baud
3378 2167 3489 2223 scio

1914 2271 1980 2309 an
2029 2257 2135 2310 Deo
2189 2256 2328 2311 ullus
2364 2257 2502 2311 alius
2557 2259 2829 2323 tribuerit,
2871 2274 3033 2327 quam
3092 2258 3370 2329 Didymus,
3426 2273 3490 2314 ac

1912 2358 2034 2417 post
2070 2350 2240 2418 ipsum
2273 2349 2509 2420 Cyrillns
2543 2351 2963 2412 Alexandrinus,
3001 2364 3058 2404 ut
3092 2353 3202 2403 dixi
3241 2367 3363 2420 pag.
3398 2351 3486 2415 59.

1915 2448 2027 2493 not.
2081 2439 2135 2493 2.
2171 2441 2535 2494 Alexandrina
2575 2441 2804 2496 fortasse
2860 2453 2942 2496 est
2993 2458 3094 2495 vox
3147 2441 3488 2513 ἀνεθελησία,

1912 2531 1979 2583 ab
2013 2541 2232 2585 auctore
2267 2541 2452 2585 nostro
2497 2545 2772 2598 usurpata,
2816 2544 2975 2602 atque
3026 2536 3090 2586 ah
3142 2533 3328 2585 eodem
3384 2534 3491 2602 (ΣΥ-

1915 2623 2037 2675 rillo
2069 2623 2120 2674 in
2145 2622 2277 2677 locis
2307 2638 2334 2676 a
2375 2622 2599 2676 Snicero
2627 2623 2890 2687 allegatis.
2919 2624 3342 2698 Alexandrinam
3371 2640 3514 2698 esse

1915 2714 2208 2766 verisimile
2247 2723 2331 2767 est
2379 2729 2562 2767 vocem
2615 2714 2834 2785 οὐρανοί
2868 2730 2932 2767 eo
2983 2730 3143 2769 sensu
3194 2725 3490 2784 acceptam,

1919 2820 2028 2874 quo
2051 2807 2287 2858 occurrit
2324 2821 2444 2875 pag.
2493 2804 2620 2869 201,
2669 2817 2725 2858 ttt
2781 2807 2976 2858 ibidem
3014 2805 3264 2858 indit-avi.
3304 2804 3490 2877 [XVII]

1917 2893 2334 2947 Alexandrinam
2384 2895 2570 2948 itidem
2620 2911 2742 2949 esse
2793 2896 3024 2965 conjieio
3075 2911 3260 2949 vocem
3312 2896 3471 2950 ἀθεῖοι

1918 2997 2038 3051 qua:
2077 2983 2270 3052 legitur
2299 2999 2420 3053 pag.
2480 2980 2568 3053 52,
2624 3000 2893 3054 quamque
2949 2981 3016 3039 ab
3078 2987 3375 3041 Athanasio
3441 2989 3500 3042 itt-

1917 3074 2232 3144 iragtnentis
2267 3080 2777 3130 commentariorum
2810 3077 2863 3130 in
2890 3076 3216 3131 Matt/tantm“
3231 3095 3349 3149 pag.
3389 3079 3512 3133 510.
3555 3134 3559 3138 ,

201 3198 274 3251 de
311 3165 463 3248 voce
502 3165 801 3263 ἀμεγέθης,
824 3165 1026 3262 et'pag.
1055 3165 1184 3256 501,
1218 3165 1501 3254 ιιοιξὸξιιο
1534 3165 1654 3263 pag.
1685 3165 1811 3260 505,

1931 3176 2062 3220 tom.
2097 3165 2141 3220 ll
2167 3167 2502 3223 Collectimtis
2531 3167 2785 3236 nova'Mo.
2812 3169 3170 3222 tfaueoniana:
3203 3172 3496 3223 adhibitam

204 3288 264 3341 in
297 3285 569 3354 pluribus
599 3284 758 3336 notis.
791 3280 880 3335 illa
921 3293 1204 3351 praeterea,
1257 3299 1378 3352 qua:
1412 3283 1691 3351 theologus
1722 3299 1816 3339 no-

207 3385 328 3430 ater
364 3373 540 3427 habet
593 3388 712 3442 pag.
765 3373 819 3438 8,
871 3373 966 3427 litt.
1002 3373 1054 3438 1,
1100 3382 1152 3427 et
1187 3375 1559 3442 sequentibus,
1594 3391 1714 3427 cum
1753 3376 1820 3430 iis

211 3466 479 3521 conferat
512 3478 632 3532 qua:
681 3462 915 3533 Cyrillus
965 3465 1180 3531 scripsit
1251 3465 1341 3518 lib.
1383 3480 1398 3519 ι
1447 3465 1503 3517 in
1541 3464 1821 3518 Julianum

212 3571 352 3625 pag.
394 3555 459 3606 5|
500 3555 630 3606 edit.
688 3552 988 3620 Lipsiensis
1026 3555 1152 3606 anni
1203 3553 1358 3619 1696,
1398 3570 1622 3625 qua-que
1655 3556 1723 3607 ita
1763 3568 1822 3610 se

216 3645 473 3700 habent:
522 3640 726 3712 Ὀρθῶς
753 3642 817 3712 δὴ
855 3642 1002 3712 μάλα
1026 3658 1038 3670 ·
1065 3642 1193 3707 δόξα
1213 3643 1321 3714 γὰρ
1353 3643 1558 3715 Κυρίου
1591 3642 1820 3714 κρύπτει

215 3738 409 3805 λόγον,
451 3735 594 3788 κατὰ
641 3735 702 3787 τὸ
743 3737 1149 3806 γεγραμμένον,
1203 3736 1298 3788 καὶ
1336 3737 1442 3797 πᾶς
1483 3737 1610 3806 περὶ
1653 3735 1820 3788 αὐτοῦ

216 3828 389 3898 λόγος
419 3827 671 3881 ἀσθενεῖ·
707 3828 802 3881 καὶ
834 3828 933 3896 τῆς
963 3827 1120 3894 ἀξίας
1161 3827 1387 3880 κατόπιν
1424 3825 1672 3897 ἔρχεται³
1704 3827 1819 3881 ἔστι

217 3926 333 3995 γὰρ
376 3922 599 3992 ἁπάσης
624 3922 832 3984 ἑννοίας
861 3923 1148 3974 ἐπέκεινα·
1201 3920 1469 3991 βλέπομεν
1507 3920 1562 3972 δὲ
1608 3920 1675 3973 δι’
1730 3923 1821 3973 ὲσ-

219 4016 570 4087 ὁπτρου,καὶ
589 4017 646 4067 ὲν
676 4015 979 4097 αἰνίγματι,
1005 4011 1075 4066 τὰ
1111 4013 1239 4084 περὶ
1271 4011 1458 4079 αὐτοῦ,
1490 4011 1634 4066 καθά
1657 4029 1820 4082 φησιν

219 4109 252 4159 ὁ
284 4107 572 4171 πάνσοφος
599 4104 832 4166 Παῦλος.
865 4103 978 4156 Νοη
1032 4118 1251 4172 parVatn
1280 4103 1423 4157 enim
1460 4101 1600 4156 inter
1631 4101 1819 4169 hujus-

219 4198 388 4253 modi
425 4196 542 4248 loca
564 4196 972 4264 lsimilitudinem
994 4233 1011 4262 ,
1043 4195 1134 4265 qui
1179 4208 1243 4249 ea
1277 4193 1587 4256 contulerit,
1624 4193 1818 4262 depre-

221 4289 339 4343 hen
349 4289 472 4341 det.

219 4381 365 4438 CAP.
416 4377 550 4434 Vill.
585 4381 787 4434 Auctor
825 4388 1002 4502 nostder
1050 4379 1150 4447 fuit
1183 4377 1575 4433 Alexandriam
1616 4387 1672 4432 ut
1717 4378 1820 4434 Di-

966 4466 1134 4502 umus.

965 4466 1134 4520 gntus.

298 4543 615 4599 Videndum
657 4557 818 4606 nunc,
854 4541 1004 4610 cujas
1048 4540 1211 4596 fuerit
1263 4539 1538 4610 theologus
1584 4547 1768 4596 noster
1801 4557 1816 4594 :
1851 4553 1896 4608 ι)
1927 4545 2012 4600 die
2063 4541 2479 4596 Alexandrinam
2516 4542 2787 4609 regionem
2834 4541 2984 4595 alluit

222 4639 272 4692 si
321 4635 481 4689 enim
534 4637 708 4703 ipsum
767 4634 1198 4688 Alexandrinum
1256 4632 1424 4687 fuisse
1481 4640 1817 4700 compertum

221 4725 424 4787 fuerit,
463 4723 632 4776 multo
670 4738 791 4777 eum
831 4723 1082 4776 Iidentitts
1101 4722 1400 4790 poterimus
1427 4720 1526 4774 hac
1558 4720 1624 4774 de
1655 4734 1822 4775 causa

222 4817 532 4888 Didyntutn
567 4815 862 4884 appellare.
899 4815 966 4869 At
1002 4815 1162 4868 talem
1208 4813 1386 4881 reipsa
1421 4811 1591 4865 fuisse
1633 4821 1824 4866 aucto-

223 4922 344 4962 rem
387 4915 666 4972 nostrutu,
697 4907 834 4962 satis
861 4906 993 4960 tnihi
1036 4904 1265 4960 indicari
1298 4904 1509 4957 videtur
1547 4903 1832 4971 conjectu-

226 4997 331 5061 ris,
382 5009 530 5064 quas
572 4995 844 5062 subjicio;
880 4996 966 5047 vix
1003 4993 1147 5047 enim
1177 4990 1291 5044 iieri
1331 4982 1528 5057 potest,
1576 4997 1632 5042 ut
1666 4986 1828 5042 simul

223 5099 436 5143 omnes
456 5084 613 5138 alteri
638 5095 954 5154 congruant,
972 5099 1134 5154 quam
1160 5080 1412 5150 scriptori
1437 5078 1825 5132 Alexandrino.

294 5183 387 5236 Ac
419 5182 658 5247 primum
696 5178 910 5243 quidem
944 5175 1185 5230 auctoris
1228 5173 1439 5242 loquela
1481 5170 1826 5224 manifestum

225 5289 354 5328 eum
410 5269 552 5323 facit
577 5269 620 5319 ⁸.
649 5268 791 5322 Nihil
819 5286 957 5324 nunc
987 5271 1176 5339 loquar
1207 5268 1273 5322 de
1319 5265 1435 5334 ejus
1466 5264 1624 5334 stylo,
1670 5279 1830 5334 quem

225 5360 609 5419 Alexandrini
642 5361 873 5415 hominis
904 5377 1023 5416 esse
1071 5374 1312 5415 censeo:
1351 5357 1482 5411 nihil
1524 5357 1591 5409 de
1631 5355 1833 5424 allego-

227 5459 400 5522 ricis,
438 5468 579 5524 quas
621 5451 911 5505 identidem
957 5451 1132 5517 aiiert,
1174 5450 1467 5516 Scriptura
1507 5447 1822 5515 interpreta-

229 5548 518 5610 tionibus,
547 5544 746 5615 quibus
779 5543 1140 5596 Alexandrina
1190 5541 1429 5593 maxime
1459 5536 1644 5591 schola
1678 5535 1830 5592 oble-

226 5641 541 5701 aabatur;
595 5635 726 5688 nihil
769 5635 834 5688 de
881 5630 1223 5698 Origenianis
1270 5626 1626 5684 locationibus
1655 5627 1722 5683 ab
1765 5641 1832 5685 eo

372 5833 570 5892 Matth.
614 5849 734 5889 xx\'t
756 5875 768 5899 ,
805 5834 889 5888 75.

1927 3259 2163 3314 invenio.
2200 3259 2462 3329 Denique,
2495 3276 2560 3315 ne
2585 3261 2790 3329 singula
2832 3277 3144 3331 persequar,
3181 3263 3502 3317 Alexandri-

1927 3367 2048 3405 natn
2081 3353 2503 3421 quodammodo,
2541 3369 2727 3422 parum
2775 3355 2985 3408 scilicet
3017 3355 3338 3423 elegantem,
3390 3356 3502 3410 dia.

1927 3442 2122 3495 lectnm
2165 3444 2408 3497 redolent
2438 3445 2587 3512 plura
2625 3459 2688 3500 ex
2720 3445 3014 3510 vocabulis,
3045 3461 3164 3514 qua;
3196 3447 3246 3498 itt
3284 3444 3498 3500 erca—

1928 3549 2044 3585 rum
2074 3549 2255 3586 vocum
2290 3533 2470 3588 Indice
2517 3551 2545 3588 a
2579 3551 2661 3588 ttte
2690 3538 2941 3589 adnotata
2989 3547 3134 3597 sunt,
3175 3553 3234 3592 et
3282 3539 3497 3604 potissi-

1929 3639 2075 3678 mum
2126 3624 2398 3690 videlicet,
2450 3641 2570 3695 qua:
2617 3625 2912 3680 fastidiosae
2964 3643 3143 3688 aures,
3194 3629 3498 3683 Atticorum

1928 3715 2421 3784 elegantiornmque
2457 3705 2686 3770 aliorum
2724 3717 3047 3786 scriptorum
3098 3719 3235 3788 stylo
3272 3729 3500 3774 aSsuetae

1928 3806 2070 3862 ferre
2096 3807 2181 3860 vix
2215 3815 2453 3876 possunt.

2000 3898 2368 3953 Alexandrino
2437 3905 2696 3968 prieterea
2768 3900 3016 3967 scriptori
3083 3903 3312 3955 maxime
3373 3917 3501 3958 con-

1928 4000 2128 4061 gruunt
2163 4005 2282 4061 qua:
2335 3989 2560 4060 legimus
2604 4005 2724 4059 pag.
2763 3990 2861 4045 201
2903 4011 2913 4043 :
2950 3990 3060 4045 Nec
3113 4010 3198 4046 eos
3223 3994 3382 4062 piget,
3420 3995 3499 4048 in-

1929 4083 2067 4154 qttit,
2202 4068 2414 4151 pelagus
2465 4082 2744 4153 (πέλαγος)
2797 4083 3059 4152 trajicere,
3111 4102 3171 4136 at:
3221 4089 3498 4139 multorum

1928 4176 2168 4242 deinceps
2197 4175 2398 4228 dierum
2454 4174 2556 4227 iter
2706 4175 2970 4242 perﬁcere.
3004 4172 3073 4228 Ut
3099 4176 3236 4229 enim
3277 4185 3503 4230 testatur

1930 4266 2148 4328 Strabo,
2178 4265 2272 4321 lib.
2302 4280 2436 4328 xvu,
2469 4280 2522 4334 p.
2559 4265 2685 4330 545,
2739 4267 2995 4334 πέλαγος,
3037 4281 3129 4320 seu
3165 4266 3378 4334 pelagus
3407 4284 3500 4322 vo-

1929 4359 2154 4414 cabatur
2191 4373 2311 4411 cum
2346 4357 2718 4427 .‘Egyptiacum
2761 4374 2928 4425 mare,
2969 4368 3077 4412 tum
3115 4362 3265 4429 palus
3295 4359 3501 4414 Mareo-

1931 4453 2024 4516 tis,
2079 4465 2306 4520 quornm
2368 4450 2496 4504 illud
2545 4466 2572 4504 a
2643 4450 3041 4518 Septentrione,
3099 4455 3209 4507 hate
3255 4469 3280 4506 a
3329 4455 3502 4508 nteri—

3037 4559 3052 4596 :
3105 4558 3206 4610 qua
3237 4544 3302 4595 de
3341 4559 3500 4597 causa

1927 4635 2168 4689 eamdem
2233 4631 2502 4702 regionem
2552 4632 2747 4685 ibidem
2810 4633 2942 4686 dicit
2983 4634 3353 4703 ἀμφίκλυστον
3385 4633 3504 4686 δυσὶ

1929 4725 2227 4794 πελάγεσι,
2287 4723 2337 4778 id
2386 4731 2499 4787 est,
2556 4739 2672 4792 qua:
2717 4723 2918 4776 duobus
2980 4724 3177 4791 pelagis
3230 4724 3504 4776 alluitur:

1931 4815 2306 4873 Alexandrinae
2337 4829 2464 4866 vero
2505 4813 2653 4867 urbis
2680 4812 2742 4866 τὸ
2795 4813 3055 4884 παράλιον
3092 4813 3278 4882 μέρος,
3341 4814 3390 4867 id
3423 4825 3504 4869 est
3546 4839 3556 4849 ι

1932 4916 2133 4977 partem
2166 4905 2219 4956 in
2248 4919 2340 4957 ora
2375 4903 2642 4956 maritinta
2693 4902 2870 4965 sitam,
2907 4902 3003 4955 lib.
3055 4915 3090 4953 ll
3130 4915 3312 4956 contra
3341 4904 3502 4970 Apio-

1932 5013 2067 5064 nem,
2094 5011 2260 5063 segni.
2285 4993 2336 5058 4,
2370 4991 2633 5062 Josephus
2657 5000 2935 5046 memorat.
2958 4990 3093 5057 Quin
3122 4996 3283 5047 etiam
3307 4997 3506 5058 Optime

1932 5087 1986 5142 itt
2022 5085 2444 5172 alexandrinum
2473 5085 2777 5155 theologum
2818 5087 3084 5155 quadrant
3115 5100 3236 5138 cum
3267 5098 3352 5152 ea,
3387 5098 3504 5149 que

1933 5192 2052 5248 pag.
2082 5176 2186 5232 598
2212 5177 2367 5230 docet
2403 5187 2592 5230 auctor
2619 5188 2806 5231 noster
2829 5178 2894 5231 de
2919 5177 3228 5246 quotidiana
3267 5174 3507 5236 corporis

1938 5280 1992 5322 et
2017 5267 2296 5335 sanguinis
2326 5267 2533 5320 Domini
2581 5267 2980 5332 communione,
3013 5277 3069 5320 ut
3126 5267 3194 5319 ibi
3223 5265 3504 5328 adnotavi,

1940 5368 2053 5414 tum
2088 5359 2199 5426 illa,
2250 5373 2367 5428 quae
2408 5359 2476 5414 de
2504 5359 2812 5428 quotidiana
2865 5358 3114 5428 baptismi
3164 5357 3505 5409 adminiStra-

1942 5448 2086 5503 tione
2111 5449 2321 5514 scribit,
2358 5448 2614 5502 ntvidere
2648 5446 2793 5513 licet,
2836 5462 2957 5516 pag.
2984 5445 3111 5508 275,
3140 5455 3250 5499 not.
3287 5444 3351 5510 1;
3397 5455 3518 5498 tum.

1940 5541 2100 5593 etiam
2127 5554 2246 5608 quae
2277 5540 2341 5594 de
2387 5539 2796 5592 ambitiosorum
2851 5537 3085 5590 dissidiis
3118 5520 3351 5607 attingit,
3385 5552 3512 5606 pag.

1939 5629 2064 5696 508,
2100 5644 2327 5701 quaeque
2353 5629 2418 5685 de
2444 5629 2690 5684 oratione
2726 5628 2988 5684 Manassis
3022 5631 3210 5694 sensit,
3253 5644 3413 5700 quam
3453 5636 3515 5680 ut.
