4048 6434
542 412 637 469 151

1996 420 2086 475 DE
2124 421 2385 481 DIDYMO

3719 422 3841 479 152·

540 548 711 594 sscra
743 533 1040 609 Scripturae
1097 545 1306 609 partem
1358 539 1494 595 citat
1563 553 1686 611 pag.
1720 538 1858 606 599;
1895 545 2007 593 tum
2038 541 2132 594 de-
2159 548 2207 603 Λ
2235 541 2383 594 vium
2450 547 2505 595 et
2541 537 2935 608 Alexandrum,
2991 539 3241 609 sequitur
3287 536 3577 599 lectionem
3620 535 3827 593 codicis

544 636 716 694 mum,
741 631 885 699 quod
921 644 1045 701 pag.
1083 628 1190 684 184
1214 631 1648 701 cosmographum
1682 638 1839 685 vocet
1864 628 2126 699 Moysem.

536 720 738 777 librum
770 722 981 778 scilicet
1033 721 1329 789 Geneseos,
1367 732 1427 777 ut
1482 731 1631 793 puto,
1679 722 1998 793 respiciens,
2036 722 2127 790 qui

537 808 591 859 in
651 808 842 863 codice
885 810 1280 876 Alexandrino,
1332 820 1388 866 et
1426 828 1454 866 a
1484 811 1733 874 Philone,
1790 822 1956 880 atque
2003 812 2128 867 Cle-

538 908 720 954 mente
764 899 1151 957 Alexandrinis
1198 901 1516 956 inscribitur
1544 903 1757 971 γένεσις
1784 901 2013 971 κόσμου,
2075 902 2127 957 id

537 996 641 1054 est,
671 990 817 1059 origo
847 992 1054 1058 mundi,
1109 1001 1166 1047 ut
1190 1002 1374 1049 monet
1420 994 1504 1049 vir
1550 995 1764 1050 clariss.
1816 992 2126 1049 Mazochius

538 1080 696 1136 initio
728 1081 1025 1154 Spieilegii.

606 1171 870 1228 Omnibus
925 1176 1076 1231 hisce
1130 1175 1461 1246 coniecturis
1485 1176 1616 1233 illud
1662 1177 1891 1248 insuper
1924 1177 2123 1247 adjun-

535 1264 769 1333 gendum
823 1274 924 1329 est,
976 1268 1122 1337 quod
1167 1283 1199 1323 a
1255 1268 1507 1339 theologo
1569 1279 1756 1325 nostro
1787 1270 1862 1323 ita
1922 1269 2123 1339 passim

537 1356 853 1425 Scripturas
885 1358 1107 1431 allegari
1138 1360 1570 1427 observaverim,
1613 1371 1669 1416 ut
1692 1362 2122 1416 Alexandrinum

536 1460 596 1502 se
620 1448 835 1515 prodat.
888 1447 944 1502 Id
985 1458 1166 1504 autem
1207 1450 1453 1521 pluribus
1495 1451 1670 1506 modis
1701 1450 1953 1505 ostendo.
1985 1449 2121 1504 Nam

537 1540 718 1607 primo
739 1540 829 1595 ubi
854 1539 1014 1596 lectio
1036 1540 1238 1597 Graecae
1265 1542 1526 1598 editionis
1568 1543 1672 1597 alia
1708 1553 1794 1598 est
1826 1557 1857 1596 a
1892 1543 2123 1596 lectione

531 1628 766 1698 vulgatae
800 1630 1007 1687 Latina:
1039 1631 1431 1698 translationis,
1470 1634 1779 1703 Saepissime
1811 1643 2001 1688 auctor
2033 1647 2125 1687 no-

534 1730 647 1777 ster
696 1737 817 1776 eam
854 1724 1103 1792 sequitur
1163 1724 1475 1791 lectionem,
1535 1739 1699 1795 quam
1768 1733 1988 1780 secutus
2038 1734 2122 1780 est

530 1812 783 1883 vulgatus
812 1815 1104 1886 interpres.
1140 1818 1212 1873 At
1258 1833 1386 1874 vero
1420 1817 1846 1873 Alexandrinum
1879 1819 2118 1873 codicem

2234 628 2617 683 Alexandrini.
2659 626 2794 682 Nam
2829 643 2952 683 cum
3006 628 3060 683 in
3090 626 3329 697 Epistola
3360 627 3381 681 Ι
3443 628 3509 681 ad
3538 626 3664 681 Cor.
3699 640 3820 694 cap.

2235 734 2324 783 xv,
2363 732 2508 773 vers.
2536 719 2626 784 51,
2687 719 2875 774 Gratca
2913 719 3083 774 Biblia
3140 720 3373 774 habeant
3412 737 3426 772 :
3482 717 3672 773 Omnes
3703 721 3828 786 qui-

2231 808 2347 862 dem
2377 825 2483 862 non
2527 809 2868 875 dormiemus,
2913 811 3003 864 sed
3031 825 3208 863 omnes
3236 809 3668 870 immutabimur;
3723 822 3819 863 co-
3855 797 3859 801 ’

2231 902 2333 957 dex
2368 917 2499 956 vero
2545 902 2969 968 Alexandrinus,
3004 903 3089 956 cui
3123 900 3392 956 consentit
3424 901 3634 971 vulgata
3670 900 3824 955 Lati-
3848 904 3875 981 ’χ

2230 1010 2297 1049 na
2334 994 2640 1061 translatio,
2697 994 2891 1048 habeat
2929 1013 2942 1048 :
2983 993 3176 1048 Omnes
3212 995 3421 1063 quidem
3471 994 3817 1054 darmiemus,

2227 1089 2318 1140 sed
2347 1103 2450 1141 non
2482 1103 2664 1140 omnes
2710 1087 3106 1161 immutabimur
3163 1104 3181 1142 :
3224 1088 3482 1157 Didymus
3527 1096 3821 1155 utramque

2229 1177 2304 1233 ibi
2339 1178 2561 1247 quidem
2589 1177 2874 1232 lectionem
2905 1187 3193 1242 memorat,
3217 1178 3312 1232 sed
3336 1176 3628 1230 secundam
3657 1173 3820 1228 alteri

2228 1268 2529 1337 anteponit,
2584 1281 2648 1321 ac
2684 1266 2953 1336 sequitur.
2999 1267 3134 1323 Cum
3190 1268 3372 1336 itaque
3416 1274 3604 1319 noster
3651 1265 3817 1318 etiam

2233 1357 2518 1426 theologus
2554 1354 2851 1427 Scriptum
2913 1356 3030 1412 loca
3085 1357 3157 1411 ita
3189 1355 3412 1426 alleget,
3463 1363 3520 1408 ut
3582 1354 3635 1407 in
3673 1353 3819 1407 illius

2226 1448 2643 1520 allegationibus
2689 1457 2744 1501 et
2773 1447 3140 1503 additamenta
3177 1456 3473 1502 occurrant
3504 1445 3818 1514 aliquando,

2225 1540 2503 1610 etpassim
2537 1538 3023 1593 Alexandrinarum
3058 1537 3496 1593 membranarum
3542 1536 3815 1590 lectiones

2225 1642 2507 1701 sequatur,
2539 1630 2968 1688 Alexandrinum
2997 1632 3101 1687 hac
3120 1632 3288 1688 etiam
3324 1631 3377 1687 in
3403 1644 3460 1686 re
3493 1629 3817 1699 scriptorem

2225 1728 2593 1796 agnoscimus.

2298 1814 2368 1871 Et
2410 1818 2557 1885 quod
2587 1826 2801 1888 spectat
2851 1816 3069 1887 quidem
3122 1814 3191 1869 ad
3223 1814 3609 1879 additamenta,
3654 1814 3719 1867 de
3747 1811 3818 1867 iis

529 1905 829 1973 saepissime
859 1922 981 1962 cum
1021 1908 1238 1978 vulgato
1276 1910 1634 1975 concordare,
1686 1917 1914 1965 teSLatur
1944 1909 2121 1963 Simo-
2152 1930 2195 1986 Β
2225 1921 2346 1961 cum
2374 1908 2426 1962 in
2458 1911 2623 1975 notis,
2662 1918 2773 1965 tum
2809 1911 2862 1965 in
2891 1925 3064 1963 rerum
3097 1906 3283 1960 Indice
3316 1906 3383 1960 ad
3417 1920 3603 1959 vocem
3642 1906 3815 1958 Addi-

529 1999 652 2053 nius
706 1998 760 2053 in
793 2000 1190 2056 Dissertatione
1238 2001 1304 2056 de
1342 2001 1727 2072 manuscriptis
1774 2000 1909 2055 Novi
1936 1999 2120 2055 Testa-

530 2090 696 2145 menti
726 2092 1027 2158 codicibus,
1086 2108 1212 2163 pag.
1251 2093 1340 2150 61.
1394 2093 1602 2150 Deinde
1645 2091 2007 2148 Alexandrina
2034 2108 2121 2147 sa-

530 2197 753 2237 crorum
805 2182 1107 2239 Bibliorum
1157 2185 1485 2255 exemplaria
1527 2200 1633 2241 non
1677 2185 1898 2239 omnino
1935 2199 2121 2238 emen-

527 2274 678 2334 data.
708 2275 805 2329 sed
837 2276 1223 2332 additamentis
1249 2277 1571 2346 quibusdam
1604 2287 1759 2331 aucta
1794 2276 1965 2331 fuisse
1994 2290 2121 2329 con-

528 2376 639 2420 stat
685 2381 752 2420 ex
788 2366 1107 2439 Hieronymi
1157 2369 1295 2424 libro
1335 2385 1423 2424 xvr
1478 2370 1534 2423 in
1585 2367 1809 2433 Isaiam,
1867 2377 1996 2422 tom.
2029 2365 2116 2432 IV,

527 2475 655 2530 pag.
689 2458 796 2516 696
821 2461 1078 2517 editionis
1125 2460 1475 2518 Veronensis.
1538 2462 1616 2518 Ibi
1651 2463 1793 2517 enim
1830 2469 2116 2531 postquam

521 2552 852 2608 versiculum
894 2555 1243 2610 undecimum
1273 2556 1466 2626 capitis
1492 2571 1627 2610 Lvnt
1676 2557 1756 2611 sic
1795 2554 1998 2618 attulit,
2060 2561 2118 2608 ut

526 2645 583 2697 in
616 2645 924 2700 emendatis
951 2644 1094 2700 LXX
1153 2645 1511 2716 Interpretqu
1538 2646 1940 2717 exemplaribus
1971 2651 2119 2716 tege-

528 2735 710 2801 batur,
747 2740 863 2791 hare
890 2734 1108 2804 subiicit
1128 2753 1153 2792 ς
1193 2754 1212 2787 ι
1236 2736 1389 2803 Quod
1434 2736 1486 2790 in
1515 2736 1905 2791 Alexandrinis
1934 2750 2118 2790 exem-

526 2826 769 2897 plaribus
829 2827 883 2882 in
937 2819 1209 2897 principio
1256 2825 1419 2895 hujus
1447 2825 1665 2895 capituli
1696 2828 1937 2881 additum
1987 2834 2114 2880 est:

527 2917 601 2973 Et
641 2918 814 2973 adhuc
844 2918 897 2972 in
922 2930 975 2973 te
1000 2919 1099 2973 erit
1132 2918 1250 2972 laus
1286 2934 1401 2972 mea
1428 2933 1664 2988 semper;
1693 2927 1748 2973 et
1782 2918 1835 2972 in
1860 2917 2008 2974 ﬁne:
2050 2917 2117 2970 Et

522 3027 644 3066 ossa
668 3021 759 3065 tua
781 3011 934 3081 quasi
956 3010 1118 3064 herba
1158 3010 1394 3064 orientur
1510 3011 1563 3065 in
1596 3009 1868 3066 Hebraico
1891 3026 1997 3066 nou
2030 3011 2118 3065 hac

520 3104 745 3167 bentur,
780 3103 873 3158 sed
896 3117 964 3157 ne
989 3102 1043 3157 in
1069 3102 1422 3173 Septuaginta
1451 3102 1675 3172 quidem
1699 3103 2024 3169 emendatis,
2062 3111 2118 3158 et

521 3194 669 3250 veris
727 3192 1198 3262 exemplaribus.)
1273 3192 1541 3247 Nimirum
1596 3203 1709 3249 tres
1766 3194 2112 3264 p0tissimum

2225 2009 2477 2067 lamenta,
2508 1992 2766 2058 lectorem
2793 2004 3000 2058 monui.
3031 2001 3185 2068 Quod
3214 2015 3345 2055 vero
3368 2000 3433 2053 ad
3459 1998 3658 2053 codicis
3690 1998 3819 2052 Alc-

2223 2094 2480 2148 xaudrini
2533 2094 2797 2150 lectiones
2831 2096 3047 2159 attinet,
3106 2094 3352 2164 pluribus
3381 2091 3641 2160 exemplis
3669 2088 3815 2159 quod

2223 2185 2332 2239 dixi
2386 2187 2822 2243 confirmandum
2854 2198 2988 2269 est;
3025 2186 3070 2242 si
3133 2187 3219 2241 cui
3252 2201 3382 2239 vero
3431 2185 3483 2238 id
3527 2183 3813 2237 molestum

2224 2275 2468 2360 futurum
2497 2280 2592 2347 sit,
2656 2280 2699 2333 is
2732 2281 2921 2333 eadem
2958 2278 3298 2347 praeteriens,
3332 2276 3398 2330 ad
3437 2285 3656 2339 caetera,
3692 2288 3818 2342 quae

2223 2371 2539 2437 subjiciam,’
2602 2371 2893 2426 transiliat.
2956 2369 3142 2439 Itaque
3178 2370 3370 2439 primo,
3430 2367 3485 2420 in.
3515 2366 3685 2435 Epist.
3744 2365 3815 2418 ad

2221 2462 2454 2533 Philipp.
2492 2480 2578 2528 ιιι,
2616 2465 2670 2527 8,
2700 2464 2889 2518 Graeca
2938 2464 3110 2519 Biblia
3173 2463 3394 2526 habent,
3426 2459 3662 2533 Χριστοῦ
3709 2460 3819 2529 ’1η-

2223 2554 2318 2608 σοῦ
2344 2555 2440 2610 τοῦ
2472 2555 2680 2627 Κυρίου
2710 2573 2812 2626 μου
2839 2572 2851 2583 ·
2907 2557 3075 2609 codex
3132 2551 3527 2607 Alexandrinus
3576 2566 3671 2619 pro
3709 2566 3817 2621 μου

2222 2649 2383 2703 habet
2407 2647 2566 2719 ἡμῶν
2611 2665 2624 2677 ·
2658 2656 2840 2702 noster
2899 2661 3030 2701 vero
3062 2643 3345 2713 theologus
3376 2644 3519 2697 hunc
3545 2642 3810 2710 sequitur,

2220 2756 2344 2812 pag.
2370 2741 2425 2795 5.
2459 2738 2732 2806 Secundo,
2767 2739 2818 2792 in
2844 2738 2940 2807 Ep.
2975 2738 3039 2788 ad
3063 2735 3184 2791 Gal.
3222 2753 3282 2800 ιι,
3309 2734 3397 2800 16,
3426 2732 3596 2786 Biblia
3624 2732 3809 2788 Graeca

2221 2831 2444 2898 habent,
2478 2831 2615 2885 διότι
2648 2831 2710 2884 οὐ
2764 2828 3224 2899 δικαιωθήσεται·
3275 2825 3652 2882 Alexandrina:
3683 2840 3812 2879 vero

2220 2924 2551 2977 membranae
2612 2937 2711 2991 pro
2760 2920 2895 2974 διότι
2927 2921 3126 2974 habent
3156 2921 3259 2983 ὅτι,
3314 2928 3372 2972 ιιι
3424 2919 3553 2989 legit
3598 2925 3807 2981 auctor,

2219 3028 2343 3083 pag.
2360 3012 2414 3067 4.
2452 3012 2657 3079 Tertio,
2678 3013 2732 3067 in
2746 3011 2983 3080 ead.Ep.
3005 3027 3065 3077 ιι,
3092 3010 3177 3076 id,
3199 3010 3385 3065 Graeca
3405 3009 3573 3064 Biblia
3610 3006 3812 3063 habent

2219 3105 2413 3176 Πέτρῳ
2439 3146 2454 3170 ,
2491 3106 2663 3159 codex
2697 3104 2851 3158 Alex.
2913 3104 3080 3175 κηφᾷ,
3141 3113 3199 3157 ιιι
3231 3112 3420 3158 auctor
3447 3111 3651 3169 noster,
3686 3116 3807 3172 pag.

2221 3195 2325 3250 168
2354 3206 2406 3251 et
2436 3196 2560 3251 387.
2594 3195 2822 3263 Quarto,
2879 3197 2932 3250 in
2963 3195 3062 3265 Ep.
3096 3193 3163 3249 ad
3205 3192 3374 3249 llebr.
3404 3209 3523 3259 xm,
3553 3194 3607 3260 9,
3636 3193 3811 3248 Biblia

521 3294 684 3341 erant
732 3285 940 3356 Didymi
984 3291 1147 3340 aetate
1204 3285 1473 3340 versionis
1520 3283 1664 3340 LXX
1744 3284 2109 3353 Interpretum
2137 3270 2180 3328 (ἶ
2215 3287 2401 3344 Graeca
2433 3289 2634 3343 habent
2663 3287 3065 3361 περιφέρεσθε,
3117 3297 3309 3343 auctor
3359 3296 3559 3347 noster,
3594 3301 3715 3356 pag.
3751 3288 3809 3349 6,

521 3378 811 3444 editiones,
839 3386 896 3433 ut
935 3392 1034 3434 nos
1066 3379 1225 3433 docet
1254 3377 1368 3448 ipse
1399 3377 1761 3448 Hieronymus
1798 3375 2028 3447 Prologo
2055 3378 2112 3431 in

525 3469 955 3539 Paralipomena,
1009 3485 1103 3527 seu
1143 3470 1283 3525 libro
1325 3484 1364 3523 ιι
1394 3469 1451 3523 in
1501 3467 1778 3538 Ruﬁnum,
1817 3483 1987 3539 segm.
2019 3468 2110 3533 27,

522 3572 653 3617 ιοιιι.
687 3560 754 3629 ll,
778 3576 898 3632 pag.
935 3562 1061 3628 52!,
1097 3563 1184 3618 ubi
1218 3562 1333 3617 haec
1354 3560 1544 3617 scribit
1577 3578 1591 3615 :
1640 3560 1702 3616 Si
1734 3558 1883 3613 LXX
1933 3557 2113 3614 Inter-

518 3662 726 3722 pretum
745 3670 904 3723 pura,
934 3665 980 3710 et
1028 3666 1084 3709 ut
1113 3656 1177 3708 ab
1203 3656 1278 3709 eis
1327 3655 1385 3708 in
1412 3650 1654 3708 Gnaeum
1676 3668 1822 3707 versa
1847 3661 1921 3706 est
1948 3651 2111 3704 editio

517 3756 864 3814 permaneret,
889 3748 1149 3818 superﬂue
1176 3762 1321 3801 me...
1343 3744 1655 3816 impelleres,
1681 3753 1736 3798 ut
1761 3745 1853 3798 tibi
1888 3743 2110 3796 Hebraea

521 3839 785 3892 volumina
811 3836 1001 3893 Latino
1032 3855 1268 3893 sermone
1315 3837 1658 3907 transferrent
1802 3833 1963 3888 Nunc
1990 3850 2109 3888 vero

518 3945 638 3982 cum
664 3944 759 3997 pro
786 3931 1036 3984 uarietate
1059 3931 1329 4001 regionum
1353 3931 1560 3984 diversa
1585 3929 1829 3997 ferantur
1847 3926 2106 3993 exempla-

520 4022 693 4084 ria,...
728 4020 1070 4087 Alexandria,
1113 4033 1161 4076 et
1210 4019 1478 4090 Egyptus
1518 4019 1575 4072 in
1627 4017 1976 4089 Septuaginta
1998 4018 2109 4071 suis

522 4112 844 4183 llcsycltium
878 4112 1063 4167 laudat
1095 4120 1385 4176 auctorem,
1432 4108 1915 4178 Constantinopolis
1948 4124 2109 4178 usque

521 4207 589 4258 ml
621 4205 956 4260 Antiochiam
993 4204 1217 4259 Luciani
1265 4203 1515 4272 martyris
1551 4201 1874 4272 exemplaria
1898 4201 2106 4269 probat.

523 4298 717 4353 Mediae
742 4299 880 4352 inter
906 4298 1000 4350 Itas
1025 4295 1309 4365 provinciae
1340 4293 1657 4347 Palwstinos
1678 4293 1880 4347 codices
1906 4291 2104 4361 legunt,

516 4406 646 4458 quos
677 4391 740 4441 ab
770 4386 996 4457 Origene
1033 4384 1330 4439 elaboratas
1361 4382 1642 4449 Eusebius,
1698 4395 1747 4438 et
1792 4382 2107 4453 Pamphilus

518 4484 858 4550 vulgaverant
913 4494 933 4533 :
983 4487 1216 4548 totusque
1265 4478 1404 4532 orbis
1447 4478 1544 4531 hac
1602 4477 1740 4531 inter
1788 4493 1843 4530 se
1888 4475 2105 4545 trifaria

519 4578 768 4630 varietate
819 4580 1158 4642 compugnat.
1215 4569 1294 4627 Ita
1323 4570 1707 4641 Hieronymus.
1761 4573 1842 4624 Ac
1912 4584 2100 4625 revera

522 4673 571 4723 in
606 4668 796 4725 codice
846 4665 1242 4729 Alexandrino,
1286 4666 1378 4735 qui
1427 4674 1644 4734 quarto,
1699 4672 1758 4716 ut
1795 4662 1983 4730 aliqui,
2015 4671 2106 4717 aut

519 4759 708 4813 saltem
750 4766 904 4812 sexto
963 4754 1162 4811 sacculo
1222 4765 1475 4809 exaratos
1524 4764 1629 4819 est,
1672 4762 1730 4807 ut
1769 4753 1862 4807 alii
1899 4752 2105 4819 volunt,

522 4850 754 4904 inveniri
784 4850 987 4904 scholia
1034 4850 1091 4903 in
1138 4855 1339 4903 textum
1384 4846 1710 4912 introducta,
1748 4862 1871 4899 rara
1895 4847 2109 4914 quidem

518 4948 653 5010 ipsa,
716 4951 988 5013 textosque
1036 4959 1151 4998 vere
1178 4940 1504 5014 ἐξηγητικά,
1557 4949 1785 4995 testatur
1823 4940 2017 4994 Millius
2053 4941 2105 4994 iu

518 5036 950 5107 Prolegomenis,
982 5050 1035 5105 p.
1076 5035 1176 5090 “3
1204 5052 1218 5101 ;
1284 5035 1569 5103 Didymum
1597 5047 1727 5087 vero
1757 5047 1861 5086 non
1894 5047 2108 5101 semper

518 5133 757 5197 quidem,
810 5128 904 5184 sed
949 5129 1268 5199 plerumque
1303 5135 1483 5181 tamen
1528 5126 1893 5180 Alexandrina
1923 5140 2107 5181 exem-

518 5222 689 5290 plaria
719 5229 967 5274 secutum
1020 5233 1140 5274 esse
1173 5233 1278 5272 non
1311 5217 1518 5272 dubito.
1566 5216 1639 5270 lia
1672 5216 1910 5286 exempli
1935 5217 2104 5286 gratia

477 5380 486 5389 .
516 5314 567 5365 in
610 5310 1057 5368 Enarrationibus
1108 5312 1176 5365 ad
1208 5320 1371 5381 caput
1417 5328 1434 5366 ι
1466 5310 1717 5380 Epistula:
1744 5311 1933 5379 primae
1959 5308 2104 5364 Petri

515 5404 646 5458 tit-at
686 5406 956 5475 psalmum
997 5419 1208 5461 xxxvm
1249 5405 1349 5459 hoc
1392 5406 1551 5459 modo
1592 5402 1950 5473 :Pcregrinus
2011 5419 2104 5472 ego

520 5496 805 5555 .mendosa
838 5498 984 5553 enim
1015 5509 1099 5554 est
1144 5498 1403 5553 editionis
1439 5497 1620 5564 lectio,
1673 5497 1816 5565 ergo)
1844 5496 1899 5549 in
1940 5504 2099 5549 terra.

524 5588 696 5640 ξοπιες
720 5601 871 5655 vero,
933 5590 990 5643 in
1036 5601 1200 5658 terra,
1244 5591 1499 5661 leguntur
1540 5588 1757 5658 quidem
1821 5588 1874 5641 iu
1919 5589 2104 5642 codice

518 5677 914 5745 Alexandrino,
933 5682 1026 5734 sed
1058 5683 1254 5737 desunt
1277 5682 1329 5736 in
1357 5681 1545 5737 Graeca
1564 5680 1861 5735 Bibliorum
1894 5676 2103 5751 [XVIII]

519 5767 778 5819 mitione.
825 5766 1001 5822 Simili
1037 5772 1196 5826 modo
1226 5772 1345 5841 ipse
1394 5772 1657 5841 Didymus
1691 5770 1744 5824 in
1775 5771 2100 5839 fragmento,

519 5854 660 5924 (good
693 5853 848 5912 all‘crt
900 5854 1262 5931 Hieronymus
1292 5862 1345 5916 in
1380 5862 1605 5931 cpistola
1647 5861 1748 5916 119
1798 5861 1863 5916 ad
1906 5860 2100 5917 Miner-

2218 3376 2274 3433 et
2314 3379 2485 3434 codex
2540 3380 2950 3435 Alexandrinus
3001 3378 3417 3451 παραφέρεσθε..
3466 3378 3685 3445 Quinto,
3754 3377 3809 3431 in

2217 3472 2316 3540 Ep.
2350 3469 2370 3524 I
2400 3473 2466 3526 ad
2493 3472 2619 3527 Cor.
2643 3487 2763 3537 vin,
2795 3472 2851 3538 2,
2880 3471 3069 3527 Graeca
3102 3471 3272 3526 Biblia
3316 3471 3543 3535 habent,
3591 3469 3805 3523 οὐδέπω

2216 3562 2372 3615 οὐδὲν
2404 3562 2648 3630 ἔγνωκε,
2706 3573 2894 3617 auctor
2945 3573 3131 3617 noster
3186 3576 3312 3632 pag.
3346 3562 3399 3628 8,
3443 3563 3642 3616 omissa
3677 3575 3812 3615 voce

2215 3652 2391 3717 οὐδέν,
2419 3653 2566 3723 legit,
2590 3650 2748 3706 οὔπω
2767 3651 3007 3721 ἔγνωκεν
3041 3671 3054 3684 ·
3087 3653 3253 3707 simili
3289 3663 3467 3707 autem
3493 3653 3655 3706 modo
3679 3650 3812 3719 legi-

2218 3752 2306 3796 tur
2330 3743 2382 3796 in
2414 3745 2603 3798 codice
2619 3743 3013 3809 Alexandrino,
3041 3758 3235 3813 nempe
3256 3742 3411 3796 οὕπω
3435 3741 3594 3811 ἔγνω.
3617 3741 3807 3805 Sexto,

2216 3834 2270 3888 in
2313 3835 2410 3905 Ep.
2442 3834 2463 3890 l
2490 3834 2647 3893 Joan.
2682 3852 2721 3904 ι,
2755 3837 2810 3905 '5,
2837 3836 3010 3891 Biblia
3037 3837 3223 3894 Graeca
3259 3837 3481 3901 habent,
3527 3833 3811 3907 ἀπαγγέλ-
3896 3900 3901 3905 λ

2213 3925 2379 3997 λομεν
2418 3927 2547 3998 ὑμῖν
2571 3971 2587 3994 ,
2636 3938 2826 3983 auctor
2889 3940 3075 3985 noster
3114 3944 3237 3999 pag.
3265 3931 3361 3995 21,
3397 3938 3454 3984 et
3493 3929 3662 3984 codex
3684 3928 3806 3983 Ale-

2214 4020 2540 4087 xandrinus,
2562 4021 2981 4094 ἀπαγγέλλομεν
3029 4023 3124 4077 καὶ⁹
3159 4024 3306 4094 ὑμῖν.
3359 4022 3622 4092 Septimo,
3658 4023 3800 4092 apud

2219 4110 2483 4168 Joannem
2517 4130 2559 4183 ι,
2596 4114 2686 4181 18,
2748 4114 2934 4171 Graeca
2966 4115 3137 4172 Biblia
3169 4115 3391 4182 habent,
3450 4114 3479 4167 ὁ
3512 4113 3806 4186 μονογενὴς

2216 4206 2381 4273 Υἱός,
2413 4217 2603 4264 auctor
2649 4218 2839 4264 noster
2869 4224 2992 4278 pag.
3032 4207 3099 4262 76
3150 4217 3206 4263 et
3237 4207 3363 4263 alibi
3393 4208 3539 4277 legit,
3577 4208 3608 4259 ὁ
3647 4223 3808 4277 μονο-

2210 4297 2374 4371 γενὴς
2399 4298 2552 4365 Θεός,
2618 4313 2724 4368 quo
2752 4302 2912 4355 modo
2939 4300 3067 4370 legit
3094 4301 3354 4371 Origenes
3380 4301 3808 4368 Alexandrinus,

2217 4401 2279 4446 ut
2312 4394 2496 4447 monui
2549 4407 2672 4464 pag.
2715 4392 2803 4459 76,
2839 4402 2954 4451 not.
2984 4394 3038 4449 5.
3093 4394 3318 4459 Octavo,
3351 4394 3406 4449 in
3447 4395 3545 4465 Ep.
3576 4392 3693 4448 Jac.
3726 4409 3809 4460 ιιι,

2221 4484 2309 4551 12,
2338 4483 2526 4540 Graeca
2563 4485 2734 4541 Biblia
2771 4495 2960 4540 carent
2990 4487 3215 4542 vocibus
3244 4488 3338 4541 καὶ
3364 4488 3589 4559 aptans;
3625 4497 3681 4540 at
3705 4501 3804 4539 no-

2211 4584 2323 4629 ster
2348 4585 2540 4629 auctor
2570 4575 2659 4629 illa
2698 4574 2826 4646 legit
2850 4590 2973 4646 pag.
3000 4576 3094 4641 27,
3121 4586 3178 4630 ιιι
3204 4587 3260 4631 et
3284 4577 3450 4630 codex
3485 4575 3807 4629 Alexandri—

2214 4682 2337 4720 nus.
2369 4665 2543 4732 Nono,
2579 4668 2631 4721 in
2662 4668 2759 4738 Ep.
2789 4671 2855 4724 ad
2900 4669 3065 4725 llebr.
3096 4686 3133 4736 t,
3171 4672 3226 4735 1,
3280 4669 3467 4725 Graeca
3500 4669 3674 4723 Biblia
3704 4670 3806 4723 ha-

2212 4758 2339 4813 bent
2366 4759 2454 4810 ὲπ⁹
2484 4759 2758 4829 ἐσχάτων,
2823 4771 3016 4815 auctor
3046 4776 3176 4817 vero
3231 4773 3414 4816 noster
3457 4777 3576 4830 pag.
3609 4762 3701 4826 5:5J
3750 4772 3806 4816 et

2212 4850 2330 4905 cod.
2363 4850 2517 4904 Alex.
2577 4851 2662 4903 ἐπ’
2693 4850 2947 4921 ἐσχάτου.
2990 4852 3228 4918 Decimo,
3291 4853 3342 4906 in
3378 4852 3474 4921 Ep.
3508 4853 3572 4906 ad
3600 4852 3798 4920 Ephes.

2215 4956 2296 5005 ιιι,
2335 4941 2422 5008 id,
2459 4941 2629 4997 Biblia
2660 4943 2849 5009 Graeca
2911 4945 3133 5009 habent,
3188 4944 3409 5015 Πατέρα
3440 4942 3533 4995 τοῦ
3592 4943 3801 5014 Κυρίου

2211 5033 2367 5103 ἡμῶν
2397 5033 2575 5104 Ἰησοῦ
2603 5034 2839 5107 Χριστοῦ
2866 5079 2881 5101 ,
2951 5038 3125 5091 codex
3172 5037 3494 5101 Alexandr.,
3527 5044 3579 5089 ct
3612 5047 3803 5088 auctor

2210 5137 2415 5190 noster,
2442 5142 2566 5197 pag.
2601 5127 2687 5192 49,
2713 5129 2966 5181 omittunt
2997 5128 3178 5182 omnia
3203 5128 3317 5182 haec
3347 5127 3530 5190 verba,
3564 5125 3659 5180 τοῦ
3690 5126 3802 5178 Κυ-

2213 5218 2327 5289 ρίου
2362 5219 2519 5290 ἡμῶν
2553 5218 2726 5288 Ἰησοῦ
2779 5220 3038 5292 Χριστοῦ.
3103 5220 3421 5284 Undecimo,
3482 5218 3535 5272 in
3586 5218 3708 5271 Act.
3744 5233 3798 5280 ν,

2209 5311 2525 5378 52,Gra:ca
2559 5310 2733 5365 Biblia
2759 5312 2959 5366 habent
3015 5309 3181 5366 αὐτοῦ
3239 5312 3551 5382 μάρτυρες·
3609 5318 3801 5361 auctor

2209 5414 2392 5458 noster
2433 5418 2553 5474 pag.
2589 5402 2659 5457 55
2699 5403 2906 5457 omittit
2950 5417 3137 5458 vocem
3186 5402 3373 5465 αὐτοῦ,
3409 5412 3466 5455 ut
3522 5400 3644 5455 cod.
3676 5398 3799 5453 Ale-

2208 5496 2527 5552 xandrinus.
2571 5494 2923 5561 Duodecimo,
2982 5496 3033 5549 in
3094 5496 3190 5565 Ep.
3224 5496 3289 5548 ad
3343 5494 3578 5563 Philipp.
3614 5507 3698 5554 ιιι,
3739 5490 3796 5556 5,

2207 5587 2376 5641 Biblia
2402 5586 2587 5642 Graeca
2617 5589 2836 5651 habent,
2893 5587 3172 5657 Πνεύματι
3208 5586 3357 5658 Θεῷ·
3391 5595 3582 5640 auctor
3611 5593 3798 5638 noster

2207 5681 2348 5735 hanc
2378 5680 2664 5735 lectionem
2690 5681 2939 5735 vitiosam
2966 5696 3086 5736 esse
3113 5681 3393 5736 contendit
3424 5694 3546 5749 pag.
3572 5677 3699 5742 246,
3735 5693 3798 5729 ac

2208 5772 2337 5843 legit
2364 5771 2643 5843 Πνεύματι
2682 5773 2818 5826 Θεοῦ
2850 5814 2865 5841 ,
2925 5789 3031 5843 quo
3062 5774 3223 5827 modo
3287 5772 3487 5840 legitur
3535 5780 3589 5824 et
3618 5770 3671 5822 in
3708 5784 3799 5822 co-

2209 5865 2325 5921 dice
2350 5863 2736 5921 Alexandrino.
2769 5865 2913 5933 UtL‘C,
2967 5866 3017 5920 ui
3064 5865 3237 5931 l-tllor,
3282 5863 3576 5929 sulliciunt,
3613 5872 3667 5916 ut
3699 5875 3793 5930 ap-
