4108 6428
406 372 528 429 155

1606 374 2175 435 COMMENTARIUS.
2215 412 2283 422 —
2324 382 2455 440 LIB.
2499 385 2539 438 l.

3605 390 3700 447 ibi

402 500 615 566 pareat
653 501 936 548 auctorem
999 499 1246 548 nostrum
1300 493 1678 553 Alexandrinis
1727 498 2019 554 Bibliorum
2055 507 2095 561 Α
2125 511 2260 568 ster,
2301 519 2462 573 quam
2521 517 2773 572 synaxes,
2811 504 2864 557 id
2910 518 2975 558 ex
3019 519 3085 558 eo
3130 504 3244 560 ﬁeri
3291 508 3523 573 videtur,
3560 510 3703 576 quod

397 584 832 652 exemplaribus
866 599 1022 638 nsum
1051 598 1195 639 esse.

479 673 752 740 Demum,
782 683 840 727 ut
876 674 1013 727 alias
1045 675 1253 728 mittam
1282 676 1641 744 conjecturas,
1668 693 1787 746 qure
1825 679 2010 736 lectori

394 769 634 822 erudito
683 782 822 835 Opus
856 767 960 819 hoe
1021 766 1218 837 legenti
1282 767 1435 822 facile
1465 769 1517 822 in
1562 781 1794 824 mentem
1826 778 2014 827 venire

393 867 671 926 possunt,
708 873 874 910 unum
906 868 1113 911 tantum
1139 858 1255 925 ejus
1279 861 1456 914 locum
1496 862 1714 926 addam,
1749 879 1856 932 quo
1895 880 2009 917 ma-

392 950 483 1017 gis
523 948 822 1016 magisque
882 949 1169 1001 roboratur
1198 950 1380 1016 opinio
1430 967 1549 1004 mea
1589 951 1654 1004 de
1689 954 1885 1019 patria,
1919 965 2011 1007 aut

390 1040 612 1091 Saltem
643 1036 926 1090 domicilio
949 1039 1190 1092 auctoris
1218 1040 1409 1092 nostri.
1445 1040 1633 1094 EXSlul
1658 1043 1703 1095 is
1731 1058 1852 1111 pag.
1882 1043 2005 1108 508,

393 1130 450 1181 in
489 1143 613 1197 qna
650 1143 774 1181 cum
810 1127 943 1181 nihil
975 1127 1203 1197 legatur,
1230 1131 1369 1197 quod
1401 1130 1769 1185 AleXantlrino
1804 1134 2010 1189 homini

392 1236 509 1274 non
558 1220 880 1285 conveniat,
930 1229 1039 1272 tum
1071 1220 1198 1273 illud
1247 1222 1479 1274 maxime
1529 1223 2009 1288 Alexandriniest,

390 1314 553 1381 quod
597 1313 769 1364 Deum
807 1310 931 1379 Opt.
982 1310 1124 1364 Max.
1181 1327 1345 1367 unum
1390 1328 1454 1368 ac
1508 1316 1706 1369 trinum
1760 1327 1904 1381 orat,
1952 1328 2012 1372 ut

394 1404 525 1459 Nili
557 1406 766 1474 [luenta
792 1405 897 1458 sint
930 1404 1106 1473 plena,
1132 1415 1181 1458 et
1224 1407 1456 1459 maxima
1504 1424 1728 1462 annona
1778 1412 2005 1465 ubertas.

394 1496 481 1551 Ne
518 1512 667 1551 vero
697 1512 861 1567 cogar
901 1512 964 1551 ea
1018 1508 1289 1566 repetere,
1345 1515 1465 1567 qua:
1508 1499 1635 1555 alibi
1685 1502 1825 1556 dicta
1855 1514 2006 1567 sunt,

394 1594 553 1663 iege,
588 1607 796 1661 quaeso,
832 1602 990 1648 notas
1023 1608 1171 1648 meas
1196 1594 1263 1649 ad
1313 1593 1459 1648 illum
1491 1594 1688 1650 locum.
1723 1596 1835 1667 Ego
1864 1599 2007 1652 enim

394 1687 469 1739 ad
496 1685 613 1739 alia
643 1685 830 1740 statim
866 1687 1205 1756 progredior.

396 1801 539 1855 Cse.
577 1798 676 1854 Ix.
726 1785 980 1854 Ecclesia?
1026 1802 1399 1875 Alexandrini:
1450 1806 1736 1859 catechista
1773 1806 1875 1875 fuit
1906 1822 2003 1859 au-

869 1882 982 1924 ctor
1002 1883 1177 1925 noster
1204 1884 1256 1925 ut
1286 1873 1556 1943 Didymus.

478 1963 877 2016 Alexandrinae
912 1962 1170 2017 Ecclesia:
1197 1965 1549 2018 catechistam
1597 1980 1626 2019 a
1663 1964 1721 2019 S.
1762 1966 2002 2020 Athana.

402 2057 492 2110 sio
522 2054 729 2109 factum
760 2054 927 2107 fuisse
957 2054 1262 2125 Didymum,
1300 2056 1457 2123 pauci
1508 2056 1778 2124 ignorant,
1817 2058 2007 2126 przel'e-

406 2158 568 2200 ctum
604 2146 817 2200 scilicet
843 2161 965 2198 eum
1005 2144 1176 2200 fuisse
1210 2146 1410 2199 celebri
1447 2148 1645 2200 scholae
1670 2163 1699 2200 a
1735 2148 1791 2201 S.
1827 2149 2007 2204 Marco

406 2239 783 2305 evangelista,
818 2246 878 2290 ut
914 2244 1143 2290 testatur
1174 2236 1556 2307 Hieronymus,
1606 2236 1864 2305 fundatae,
1922 2241 2006 2294 cui

407 2331 643 2383 scholars.
683 2328 781 2380 viri
836 2327 1013 2396 magni
1067 2325 1378 2389 Patttwnus,
1455 2325 1707 2381 Clemens
1770 2329 2006 2382 Alexan-

408 2421 643 2484 drinus,
672 2418 953 2488 Origenes,
1001 2416 1278 2481 lleraclas,
1336 2415 1396 2470 S.
1430 2417 1738 2487 Dionysius,
1772 2419 2011 2471 Atheno-

416 2512 620 2571 dorus,
655 2507 876 2573 Pierius,
906 2508 966 2562 S.
992 2507 1189 2561 Petrus
1219 2505 1445 2577 Martyr,
1482 2507 1539 2561 S.
1572 2507 2010 2573 Macarius,—a|ii-

414 2615 534 2668 que
564 2597 903 2669 prtefuerant.
963 2598 1245 2665 Quodnam
1302 2612 1430 2652 vero
1462 2609 1615 2653 esset
1660 2599 2009 2655 Alexandrini

413 2692 732 2747 catecltista:
763 2707 979 2756 munus,
1011 2689 1179 2763 [XIX]
1220 2705 1284 2745 es
1318 2689 1532 2745 Eusebii
1586 2689 1824 2744 llistoria
1850 2691 2011 2745 eccle-

426 2785 647 2837 siastica
680 2784 777 2838 lib.
814 2798 889 2846 vi,
925 2797 1044 2851 cap.
1074 2783 1165 2847 l0,
1216 2782 1502 2837 discimus.
1536 2782 1616 2836 Ad
1656 2798 1778 2837 eum
1806 2783 2012 2838 scilicet

417 2876 701 2943 spectabat
735 2890 842 2929 non
886 2874 1046 2929 modo
1090 2873 1337 2928 rutliorcs
1380 2873 1569 2942 primis
1614 2873 1737 2927 ﬁdei
1777 2873 2013 2927 elemen-

420 2968 493 3019 tis
527 2966 794 3030 imbuere,
824 2973 882 3017 ut
914 2978 1111 3018 nomen
1148 2961 1326 3031 ipsum
1366 2964 1676 3016 catechisue
1710 2971 1890 3027 sonat,
1922 2976 2015 3017 ve-

420 3075 544 3112 rntn
572 3058 734 3112 etiam
765 3058 942 3126 primo
974 3071 1160 3111 sacras
1201 3055 1410 3109 litteras
1442 3055 1793 3123 interpretari
1820 3071 1834 3119 ;
1889 3069 2009 3108 eam

416 3156 570 3209 enim
598 3153 838 3207 scholam
878 3161 1035 3207 vocat
1075 3151 1284 3206 "ibidem
1327 3151 1588 3205 Eusebius
1645 3148 2011 3202 διδασκαλεῖον
2038 3192 2082 3249 c

416 3248 536 3303 τῶν
567 3246 730 3318 ἱερῶν
758 3245 933 3314 λόγων
953 3261 966 3273 °
1000 3247 1191 3299 deinde
1241 3245 1538 3298 divinorum
1574 3243 1876 3311 dogmatum
1901 3243 2010 3294 tlte-

419 3355 642 3403 sauros,
675 3347 734 3390 ut
781 3336 996 3390 Eusebii
1027 3334 1214 3391 verbis
1260 3344 1404 3398 utar,
1455 3333 1648 3399 partim
1705 3332 1816 3385 viva
1868 3347 2008 3399 voce,

421 3432 617 3499 partim
638 3429 848 3492 scriptis
895 3442 1148 3495 exponere
1170 3424 1504 3479 auditoribus
1536 3406 1801 3477 {domum
1838 3421 2011 3475 luere-

425 3524 657 3576 ticorum
687 3518 1030 3589 sophismata.
1063 3515 1345 3571 refellere:
1369 3514 1470 3569 etsi
1525 3512 1669 3568 enim
1701 3511 1803 3565 hoc
1828 3520 2012 3579 aperte

428 3628 541 3667 non
574 3619 836 3666 memoret
871 3609 1155 3668 Eusebius.
1180 3607 1532 3661 dubitandum
1566 3612 1874 3657 tamennon
1906 3610 2010 3665 est,

426 3705 559 3774 quin
581 3719 743 3757 unum
797 3717 863 3757 ex
901 3702 1188 3771 praecipuis
1239 3699 1384 3753 illius
1422 3697 1735 3753 catechistaa
1771 3695 2010 3749 muneri-

429 3798 534 3850 bus
569 3794 752 3849 l’uerit.
801 3790 861 3847 Id
895 3800 1041 3847 certe
1072 3806 1103 3845 a
1161 3789 1389 3859 Didyme
1443 3788 1657 3858 egregie
1712 3786 2010 3855 praestitum

426 3902 554 3942 esse
582 3895 814 3941 constat.

498 3976 615 4032 Jam
645 3990 778 4032 vero
808 3976 922 4030 haec
969 3973 1151 4029 omnia
1196 3973 1250 4028 in
1291 3971 1592 4043 theologum
1637 3983 1877 4026 nostrum
1911 3985 2010 4040 ap—

428 4072 606 4142 prime
666 4069 938 4139 quadrare
995 4069 1118 4137 quis
1173 4081 1276 4120 non
1337 4065 1523 4120 videt?
1579 4064 1714 4118 Illud
1742 4064 1792 4117 in
1823 4063 2013 4133 primis

435 4164 689 4234 quadrat,
726 4162 872 4231 quod
934 4160 982 4216 is
1019 4159 1399 4213 Alexandrinae
1434 4156 1688 4211 Ecclesiae
1723 4156 1887 4210 fuerit
1920 4170 2012 4209 ca-

439 4257 692 4312 techista.
724 4254 865 4322 Quid
905 4254 1073 4317 enim,
1108 4265 1317 4322 quaeso,
1349 4249 1492 4303 aliud
1530 4258 1652 4301 sunt
1689 4247 1761 4301 illi
1784 4247 2012 4301 alterno-

432 4364 550 4402 rum
577 4350 781 4403 dierum
808 4356 1112 4409 conventus,
1140 4358 1277 4412 quos
1320 4356 1442 4411 pag.
1479 4339 1584 4395 504
1609 4340 1833 4407 ipsemet
1856 4352 2006 4392 com-

437 4451 731 4505 memorat,
765 4438 868 4492 nisi
915 4444 1233 4499 eonventus,
1270 4435 1322 4487 in
1368 4432 1564 4502 quibus
1606 4446 1732 4486 suas
1782 4429 2012 4484 habebat

2120 594 2422 661 huiusmodi
2455 595 2819 649 denominatio
2854 596 2922 649 iis
2964 596 3196 650 ctetibus
3227 598 3462 650 maxime
3496 612 3698 651 conve-

2116 683 2247 746 niat,
2281 686 2474 753 quibus
2503 700 2607 738 non
2640 685 2948 751 episcopus,
2992 700 3094 739 non
3128 688 3408 756 presbyter
3447 699 3699 756 przeerat,

2114 777 2207 829 sed
2261 776 2554 829 catcchista
2585 778 2754 829 sacris
2788 776 3068 829 ordinibus
3105 793 3207 829 non
3235 778 3498 831 initiatus.
3529 780 3693 832 Aliud

2116 866 2261 921 enim
2292 876 2375 917 est
2407 866 2590 918 docere
2637 866 2690 919 in
2723 867 2965 932 ecclesia,
2994 866 3149 919 aliud
3179 884 3304 920 vero
3327 871 3507 921 docere
3534 871 3585 921 in
3614 886 3694 921 ca-

2114 956 2426 1017 lecltesibus,
2468 965 2523 1007 ut
2556 957 2751 1024 colligo
2781 973 2842 1009 ex
2880 958 3029 1010 hisce
3086 957 3310 1010 Joannis
3348 956 3701 1028 Jetosolymi-

2115 1049 2222 1101 lani
2252 1050 2489 1117 episcopi
2517 1051 2696 1103 verbis
2722 1051 2861 1117 apud
2898 1049 3285 1118 Ilii-ranymum
3326 1050 3376 1101 in
3425 1050 3561 1102 libro
3602 1051 3699 1102 ad-

2111 1150 2301 1189 versus
2320 1138 2562 1189 eumdem
2582 1136 3053 1205 Joannem,segm.
3078 1139 3164 1200 ll,
3195 1155 3313 1207 pag.
3336 1141 3436 1191 419
3465 1140 3697 1202 :Qutr...

2110 1228 2163 1280 in
2195 1228 2410 1281 ecclesia
2439 1231 2703 1292 daremus,
2743 1240 2788 1282 et
2824 1232 2875 1282 in
2925 1231 3301 1284 caleclicsibus.
3352 1230 3590 1283 Primum
3633 1232 3701 1283 il-

2111 1318 2201 1371 lud
2233 1319 2285 1371 in
2316 1320 2548 1373 ecclesia
2577 1321 2941 1374 Alexandrina
2979 1332 3099 1390 post
3129 1322 3238 1375 Arii
3288 1335 3527 1391 tempora
3575 1324 3688 1391 epi-

2110 1426 2275 1480 scopo
2313 1423 2647 1466 reservatum
2680 1423 2821 1477 erat,
2878 1413 2920 1466 si
2947 1415 3079 1467 lides
3120 1414 3358 1467 habenda
3400 1427 3481 1467 est
3527 1414 3698 1467 Sozo-

2112 1520 2290 1568 meno,
2324 1505 2415 1573 qui
2450 1506 2545 1560 lib.
2579 1522 2677 1569 vn,
2710 1522 2831 1575 cap.
2868 1508 2953 1569 l9,
2984 1508 3194 1568 scribit,
3219 1510 3357 1573 apud
3383 1498 3699 1561 Alexandri-

2109 1614 2203 1651 nos
2250 1598 2419 1652 solun:
2467 1597 2692 1651 civitatis
2734 1597 3110 1652 Alexandrina:
3155 1602 3453 1667 episcopum
3484 1600 3569 1650 ἐπ’
3606 1601 3699 1653 ἐκο

2108 1690 2337 1762 κλησίας
2367 1690 2441 1759 (id
2472 1701 2553 1744 est
2587 1691 2639 1741 in
2664 1689 2904 1754 ecclesia)
2941 1692 3127 1742 docere
3150 1704 3167 1739 :
3188 1705 3349 1756 quam
3397 1699 3685 1743 consuetu-

2107 1782 2304 1843 dinem,
2352 1780 2547 1849 inquit,
2606 1795 2725 1832 cunt
2766 1788 2920 1832 antea
2955 1797 3057 1833 non
3096 1778 3297 1840 ’uisset,
3339 1778 3695 1833 introductam

2033 1861 2076 1915 Β
2105 1888 2214 1925 esse
2241 1872 2437 1940 ferunt,
2466 1888 2535 1926 ea:
2566 1889 2668 1941 quo
2703 1871 2862 1926 Arius
2897 1876 3162 1941 presbyter
3186 1887 3248 1924 ac
3279 1872 3521 1923 doctrina
3575 1872 3703 1940 ﬁdei

2108 1966 2391 2027 disserens,
2440 1982 2573 2018 nova
2641 1966 2887 2034 dogmata
2930 1965 3141 2019 invexit.
3191 1956 3321 2030 Qum
3373 1965 3537 2017 verba
3592 1966 3697 2019 etsi

2108 2060 2296 2113 stricto
2322 2075 2481 2112 sensu
2513 2058 2740 2113 fortasse
2768 2058 3080 2126 accipienda
3117 2072 3217 2111 non
3246 2058 3376 2121 sint,
3407 2072 3473 2111 ex
3505 2057 3570 2110 iis
3619 2067 3699 2109 ta—

2110 2164 2232 2202 men
2298 2148 2572 2217 conjicere
2615 2164 2771 2217 posse
2828 2150 3104 2210 videmur,
3168 2146 3447 2217 Didymum
3497 2162 3601 2200 non
3646 2147 3698 2200 in

2109 2238 2361 2300 ecclesia,
2402 2239 2494 2291 sed
2520 2238 2671 2301 alibi,
2703 2237 2987 2306 synaxium
3012 2236 3200 2289 diebus
3229 2238 3543 2290 catecheses
3572 2251 3700 2289 suas

2113 2328 2368 2381 habuisse
2419 2345 2433 2381 :
2473 2327 2701 2395 ideoque
2728 2329 2827 2381 hac
2873 2327 3036 2380 etiam
3069 2326 3135 2380 de
3156 2340 3315 2379 causa
3347 2340 3441 2381 eos
3464 2341 3700 2380 conven-

2111 2428 2197 2474 tus
2228 2420 2399 2488 magis
2431 2419 2655 2489 proprie
2695 2417 3002 2483 συνουσίας,
3039 2432 3196 2487 quam
3228 2432 3462 2488 synaxes
3491 2433 3701 2472 nuncu-

2117 2513 2256 2581 pari.

2185 2604 2291 2657 Sed
2323 2603 2427 2655 alia
2458 2602 2635 2657 adhuc
2663 2613 2786 2657 sunt
2813 2603 2867 2657 in
2894 2612 3117 2656 auctore
3146 2612 3336 2657 nostro
3380 2602 3521 2665 loca,
3571 2616 3693 2669 qua:

2115 2696 2286 2766 ipsum
2301 2696 2648 2749 catecbiStatn
2667 2694 2828 2747 fuisse
2842 2693 3099 2747 indicant.
3117 2692 3323 2759 Saepius
3337 2693 3479 2746 enim
3497 2694 3541 2744 is
3560 2693 3698 2748 ﬁlios

2114 2802 2266 2852 suos,
2283 2803 2347 2841 ac
2370 2786 2602 2840 filiorum
2619 2801 2844 2840 suorum
2860 2785 3000 2839 lilios
3016 2791 3299 2847 memorat,
3317 2794 3526 2851 propter
3546 2798 3696 2852 quos,

2116 2880 2309 2947 inquit,
2333 2895 2386 2931 se
2425 2878 2960 2941 viventemlaborure;
2987 2875 3182 2941 szepins
3202 2875 3364 2927 etiam
3398 2876 3465 2929 de
3490 2874 3556 2927 iis
3593 2889 3701 2928 me-

2115 2970 2291 3031 minit,
2316 2970 2405 3037 qui
2432 2985 2539 3022 una
2568 2983 2685 3020 cum
2709 2968 2820 3034 ipso
2851 2964 3256 3019 conveniebant.
3290 2963 3362 3017 De
3407 2964 3595 3032 primis
3621 2962 3702 3016 lo-

2115 3074 2285 3128 quens
2317 3059 2393 3112 ait
2419 3077 2433 3113 :
2457 3060 2519 3112 Ol
2542 3058 2600 3122 ἐξ
2628 3057 2782 3128 ἐμοῦ,
2820 3067 2874 3110 et
2904 3055 3092 3109 παιδία
3121 3054 3159 3109 ἃ.
3187 3053 3386 3108 ἔδωκέν
3418 3071 3506 3124 μοι
3535 3050 3699 3116 Θεόςσ

2116 3151 2181 3202 de
2205 3149 2325 3201 aliis
2344 3158 2520 3201 autem
2537 3151 2615 3201 sic
2634 3148 2899 3215 loquitur:
2926 3146 2989 3198 Οἱ
3006 3146 3101 3198 σὺν
3121 3144 3275 3214 ἡμῖν,
3302 3155 3354 3198 et
3371 3145 3417 3196 oi
3434 3143 3529 3196 σὺν
3552 3143 3697 3214 simi.

2116 3242 2228 3296 Etsi
2256 3255 2381 3294 vero
2420 3241 2623 3309 primos
2653 3240 2770 3292 illos
2789 3237 3306 3307 nonspiritales,sed
3325 3237 3570 3290 carnales
3602 3250 3702 3289 au-

2116 3334 2286 3387 ctoris
2321 3332 2461 3386 lilios
2490 3334 2653 3386 luisse
2687 3330 2990 3396 c0njiciam,
3022 3327 3289 3383 secundos
3312 3336 3515 3392 tamen,
3561 3342 3697 3397 quos

2116 3434 2269 3478 vocat
2302 3426 2428 3487 τοὺς
2456 3424 2552 3477 σὺν
2585 3422 2737 3493 ἐμοι,
2776 3437 2870 3477 eos
2903 3422 3045 3488 ipsos
3081 3420 3245 3473 fuisse
3273 3418 3563 3473 verisimile
3591 3430 3696 3482 est,

2112 3515 2204 3583 qui
2238 3530 2345 3567 una
2390 3530 2505 3566 cum
2551 3515 2661 3581 ipso
2714 3514 2767 3566 in
2814 3511 3187 3574 conventibus,
3239 3519 3331 3564 aut
3362 3508 3698 3577 συνουσίαις,
3762 3564 3769 3569 η

2122 3620 2258 3675 quas
2292 3605 2422 3665 dixi,
2460 3605 2526 3657 ad
2551 3619 2673 3657 eum
2706 3603 3029 3657 audiendum
3067 3590 3427 3656 e0iillttebattt.

2183 3693 2335 3761 Quod
2373 3694 2588 3747 demum
2620 3703 2830 3762 spectat
2859 3695 2924 3746 ad
2953 3693 3263 3746 catecbist'e
3288 3688 3490 3752 munia,
3530 3702 3690 3757 quam

2115 3787 2377 3859 praeclare
2406 3786 2472 3839 iis
2513 3783 2729 3838 iunctus
2752 3783 2921 3836 fuerit
2952 3781 3237 3850 theologus
3280 3788 3483 3843 noster,
3520 3781 3700 3835 dicere

2112 3891 2574 3948 supervacaneum
2627 3872 2731 3930 est.
2786 3874 2864 3927 Ex
2912 3872 2980 3927 iis
3038 3871 3206 3934 enim,
3257 3886 3376 3941 quae
3430 3871 3695 3927 hactenus

2111 3970 2245 4033 dixi,
2284 3977 2507 4038 apparet
2528 3981 2650 4021 eum
2680 3973 2734 4020 et
2763 3964 2816 4018 in
2846 3977 3144 4018 sacrarum.
3176 3961 3474 4017 litterarum
3497 3963 3698 4032 studio,

2112 4069 2273 4129 atque
2307 4057 2753 4126 interpretatione
2783 4054 3185 4124 quammaxime
3213 4064 3484 4109 versatum
3510 4054 3699 4118 fuisse,

2111 4162 2166 4207 et
2195 4152 2372 4205 divina
2406 4152 2654 4219 dogmata
2678 4163 2800 4201 cum
2833 4147 2951 4199 viva
2978 4160 3128 4210 voce,
3156 4155 3270 4198 tmn
3320 4146 3537 4214 scriptis
3562 4157 3703 4201 stre-

2113 4261 2218 4300 nue
2252 4256 2640 4313 prepugnasse,
2671 4252 2846 4309 eaque
2893 4239 2960 4292 ab
3017 4237 3391 4291 haereticorum
3437 4236 3700 4301 dicteriis,

2111 4335 2441 4403 objectisque
2470 4332 2795 4387 vindicasse.
2833 4330 2889 4384 ιιι
2923 4328 2988 4383 iis
3018 4329 3183 4397 igitur
3213 4327 3456 4383 formulis
3491 4327 3665 4395 potius
3685 4365 3700 4387 ,

2116 4442 2252 4497 quas
2294 4424 2454 4479 modo
2504 4422 2820 4485 memoravi,
2879 4420 3150 4489 paulisper
3195 4420 3586 4474 immorentur:
3638 4427 3698 4470 ιιι

429 4527 787 4586 eatecheses?
819 4525 874 4581 ln
923 4527 989 4581 iis
1026 4525 1172 4580 enim
1214 4523 1570 4577 conventibus
1619 4534 1680 4575 se
1732 4536 1838 4572 una
1889 4534 2009 4571 cum
2042 4541 2087 4595 ι)
2116 4520 2289 4589 majus
2319 4518 2463 4582 inde,
2497 4516 2543 4571 si
2569 4516 2686 4569 ﬁeri
2747 4523 2946 4585 potest,
2968 4514 3207 4582 opinioni
3253 4528 3384 4567 utea:
3416 4512 3581 4566 robur
3608 4524 3702 4564 ac-

430 4624 567 4682 suis,
600 4622 652 4676 id
681 4632 764 4676 eSt
791 4634 912 4674 cum
941 4617 1242 4687 discipulis,
1290 4626 1494 4670 sancta:
1534 4612 1817 4667 Trinitatis
1869 4627 2010 4663 com-

426 4714 868 4767 memorationem
899 4710 1148 4778 [actitare
1189 4708 1540 4762 consuevisse
1581 4706 1676 4768 ait,
1722 4721 1782 4757 ac
1814 4719 2012 4769 semper

431 4806 751 4861 Trinitatem
773 4805 940 4869 ipsam
967 4817 1061 4870 pro
1090 4801 1285 4854 viribus
1319 4797 1622 4859 celebrasse,
1656 4812 1749 4848 nec
1776 4796 1884 4847 ullo
1917 4810 2013 4847 tm-

434 4914 599 4965 qnain
636 4907 865 4963 temmre
892 4911 995 4947 non
1024 4892 1363 4962 prwdicasse,
1388 4906 1473 4944 eos
1504 4888 1651 4942 valde
1680 4889 1730 4941 in
1753 4904 1901 4941 suam
1933 4887 2014 4953 ip-

427 5005 615 5045 sorum
654 4988 934 5056 perniciem
980 5001 1213 5051 peccare,
1254 4983 1343 5053 qui
1366 4979 1679 5049 prreclarum
1716 4980 1918 5050 aliquid
1948 4979 2013 5032 ad

427 5079 756 5135 Catholicam
784 5079 851 5133 de
881 5076 1146 5131 Trinitate
1189 5076 1347 5129 iidem
1392 5084 1646 5142 spectans
1692 5076 1767 5126 rel
1820 5073 2015 5125 discere

427 5169 727 5241 negligant,
761 5168 838 5223 vel
872 5169 1077 5224 docere.
1114 5167 1408 5237 Aptissime
1439 5180 1573 5220 sane
1613 5166 1724 5218 haec
1772 5165 1826 5218 in
1867 5175 2016 5219 cate-

426 5262 675 5318 thistam
730 5260 1155 5315 Alexandrinum
1205 5258 1516 5325 convenire,
1560 5257 1769 5312 ostendi
1807 5257 1918 5327 jam
1964 5256 2015 5311 in

427 5350 587 5408 notis
622 5349 688 5402 ad
729 5364 851 5403 eum
894 5351 1091 5407 locum.
1135 5351 1270 5406 Cum
1318 5350 1461 5405 enim
1506 5348 1868 5414 Alexandriae,
1914 5363 2016 5402 non

430 5458 571 5499 vero
600 5442 654 5496 in
707 5442 913 5511 reliqua
961 5443 1218 5514 Egypto,
1261 5457 1495 5513 synaxes
1556 5442 1783 5495 alternis
1830 5441 2019 5496 diebus

435 5537 622 5606 reipsa
677 5536 1031 5601 haberentur,
1061 5539 1151 5591 vix
1199 5535 1554 5591 dubitandttm
1598 5536 1826 5600 videtur,
1890 5535 2019 5604 quin

436 5630 700 5698 Didymus
725 5642 942 5700 quoque
969 5627 1195 5682 alternis
1223 5627 1413 5680 diebus
1450 5640 1574 5679 suas
1622 5626 1922 5690 συνουσίας,
1970 5625 2021 5679 id

436 5729 530 5777 est
559 5735 685 5775 suos
713 5733 1064 5790 congressus,
1101 5725 1192 5772 aut
1228 5724 1523 5771 conventus
1568 5716 1835 5772 habuerit.
1870 5715 2020 5782 Quod

440 5826 576 5869 vero
608 5813 740 5871 istos
774 5823 969 5888 cattus.
984 5810 1270 5873 συνουσίας
1293 5809 1470 5879 potius
1502 5819 1655 5867 vocet
1687 5818 1893 5885 auctor
1930 5821 2022 5862 no-

2122 4614 2300 4665 cedat.

2119 4703 2248 4759 Csr.
2286 4700 2355 4756 Χ.
2387 4698 2559 4752 Filios
2583 4699 2758 4767 genuit
2796 4707 2843 4751 et
2879 4707 3063 4751 auctor
3103 4705 3276 4749 noster
3320 4705 3366 4747 et
3415 4694 3691 4763 Didymus.

2209 4790 2357 4844 Nihil
2394 4791 2575 4857 itaque
2614 4787 2859 4841 crebrius
2893 4789 2943 4838 in
2974 4784 3375 4854 precationibus
3407 4785 3529 4838 huic
3560 4783 3707 4850 Operi

2124 4886 2339 4939 insertis
2378 4890 2642 4936 ntentorat
2681 4888 2869 4933 auctor
2917 4887 3120 4940 noster,
3168 4891 3329 4943 quam
3376 4876 3514 4929 filios
3561 4889 3707 4935 suos,

2124 4987 2180 5029 ut
2210 4977 2321 5044 jam
2358 4975 2492 5028 dixi.
2533 4970 2681 5043 [XX]
2708 4971 2906 5024 Eurum
2934 4969 3179 5022 meminit
3216 4985 3371 5037 pagg.
3407 4968 3534 5030 202,
3582 4969 3706 5031 ⁵205,

2076 5100 2085 5111 ε
2123 5069 2249 5134 505,
2285 5066 2410 5131 507,
2444 5066 2570 5131 508,
2600 5080 2663 5118 ac
2692 5066 2907 5118 demum
2942 5062 3070 5117 519.
3124 5061 3302 5127 Quaeri
3345 5052 3473 5127 ergo
3527 5067 3711 5125 posset

2128 5162 2326 5232 primo,
2358 5170 2536 5213 utrum
2567 5167 2754 5211 auctor
2804 5166 3014 5221 noster,
3062 5164 3153 5207 aut
3212 5152 3475 5221 Didymus
3524 5166 3712 5205 tnona-

2125 5253 2258 5308 chus
2290 5252 2451 5306 fuerit
2477 5267 2492 5306 :
2523 5252 2715 5304 deimle
2759 5258 2939 5303 utrum
2972 5248 3036 5303 de
3073 5247 3196 5301 [iliis
3235 5246 3586 5314 Spiritalibus.
3642 5259 3710 5295 an

2127 5346 2191 5399 de
2222 5342 2525 5399 carnalibus
2548 5357 2608 5396 ea
2633 5341 2744 5395 loca
2773 5340 3116 5409 intelligenda
3141 5340 3279 5416 sint.
3302 5335 3498 5390 Verum
3528 5330 3703 5401 prima

2127 5433 2352 5503 qmestio
2389 5441 2499 5487 eta
2535 5434 2811 5501 proposito
2861 5445 2982 5483 meo
3041 5428 3213 5480 alicna
3258 5437 3362 5492 est,
3419 5441 3590 5492 neque
3645 5426 3711 5477 ad

2128 5522 2441 5578 solvendam
2482 5521 2705 5573 alteram
2733 5520 2953 5574 omnino
2986 5515 3315 5568 necessaria.
3370 5514 3510 5568 Fieri
3564 5515 3707 5567 enim

2131 5624 2330 5684 potest,
2365 5624 2420 5669 ut
2453 5613 2636 5667 liberis
2666 5625 2887 5681 operam
2928 5608 3079 5676 prius
3106 5607 3313 5661 dederit
3338 5608 3618 5678 Didymus,
3650 5620 3713 5661 ac

2131 5706 2348 5772 deinde,
2380 5720 2549 5758 uxore
2581 5713 2673 5756 aut
2705 5700 2977 5764 defuncta,
3025 5708 3116 5752 attt
3176 5702 3567 5759 consentiente,
3620 5709 3713 5751 aut

2132 5799 2313 5865 ctiam,
2349 5807 2405 5852 ut
2435 5792 2841 5867 Thconasfcelt
2875 5809 2904 5847 ιι
2931 5793 3190 5849 Cassiano
3221 5801 3557 5850 inenoratus
3600 5791 3711 5845 col-
