4048 6522
436 467 539 522 155

1882 456 1972 510 DE
2014 455 2277 511 DIDYMU

3595 452 3694 510 l56

434 580 634 636 latione
668 591 782 644 xxi,
812 588 933 646 cap.
973 575 1026 642 l,
1055 574 1243 629 eadem
1293 574 1481 638 invita,
1525 575 1576 628 in
1625 576 2012 629 monasterium
2045 580 2091 638 Α
2191 574 2463 641 Secundo,
2498 576 2549 630 in
2582 573 2759 629 citatis
2791 572 2924 629 locis
2954 579 3144 627 auctor
3169 576 3351 624 noster
3384 583 3492 624 non
3518 570 3688 625 solum

431 684 495 727 se
528 670 814 738 receperit.
856 667 983 722 Sive
1011 681 1139 736 ergo
1190 666 1486 722 monachus
1532 665 1694 720 fuerit
1734 666 2009 737 Didymus,

433 773 492 816 ut
518 778 639 817 cum
671 760 904 830 appellnt
932 758 1117 814 Victor
1143 757 1511 822 Tnnunensis,
1552 759 1667 812 sive
1687 775 1790 813 non
1826 759 2009 825 fuerit,

360 832 365 837 θ
433 854 689 906 solvenda
720 854 895 905 adhuc
932 862 1103 904 restat
1144 850 1313 904 altera
1342 868 1404 905 ex
1434 854 1720 921 propositis
1758 854 2045 934 quaestio-ﬂ

441 945 616 997 nibus.
648 942 842 997 Verum
876 945 1015 996 haud
1039 944 1151 995 scio
1185 959 1252 996 an
1281 959 1342 996 ea
1375 945 1528 996 nobis
1570 945 1839 1012 supersint
1894 959 2010 998 iuo—

436 1046 716 1093 nnmcnta.
747 1036 946 1106 quibus
976 1036 1046 1087 ita
1078 1035 1205 1087 dilui
1240 1038 1429 1102 possit,
1465 1044 1522 1088 ut
1559 1037 1745 1089 Ιμι·ι‹ιι’ἰ
1791 1037 2011 1089 omnino

434 1128 856 1184 satisfaciamus.
885 1131 974 1193 qui
1011 1128 1377 1197 probabilibus
1412 1128 1740 1195 coniecturis
1786 1140 2005 1182 conten-

447 1229 533 1272 tus
564 1236 686 1275 esse
719 1220 870 1273 nolit.
902 1220 1015 1272 Duo
1043 1231 1220 1273 tamen
1254 1221 1366 1275 lia-c
1400 1230 1639 1273 statuere
1680 1235 1835 1288 posse
1882 1220 2009 1273 milii

432 1310 622 1363 videor
654 1328 667 1362 :
702 1311 934 1374 primum
964 1310 1075 1363 sive
1106 1310 1243 1375 loca,
1279 1326 1397 1376 quae
1431 1311 1685 1370 iudicavi,
1741 1314 1808 1365 de
1850 1310 2011 1380 spiri-

434 1402 631 1456 talibus
656 1401 778 1457 liliis
808 1402 1173 1471 accipiantur,
1201 1405 1317 1457 sive
1358 1402 1426 1458 de
1454 1402 1780 1466 carnalibus,
1808 1405 2011 1473 Optime

434 1495 662 1566 Didymo
689 1511 751 1550 ea
776 1497 1067 1551 convenire
1099 1538 1112 1550 .
1146 1497 1465 1562 secundum,
1494 1498 1840 1553 verisimilius
1890 1514 2010 1554 esse

431 1597 708 1641 auctorem
743 1598 983 1643 nostrum
1013 1590 1077 1643 de
1106 1590 1416 1643 carnalibus
1448 1589 1571 1643 [iliis
1603 1589 1769 1656 loqui.

512 1675 579 1733 Ut
615 1690 793 1732 autem
826 1696 854 1732 a
883 1681 1057 1748 primo
1082 1680 1359 1746 exordiar,
1387 1681 1430 1734 si
1462 1696 1522 1735 ea
1551 1681 1663 1736 loca
1694 1683 1758 1736 de
1787 1684 2008 1750 spirita-

432 1768 574 1822 libus
608 1769 731 1823 llli's
768 1787 860 1838 per
888 1772 1221 1836 calechesim,
1250 1780 1306 1825 ut
1340 1771 1575 1843 Cyrillus
1603 1773 2010 1845 Jerosolymita-

429 1873 533 1913 nus
570 1859 827 1929 loquitur,
865 1861 1061 1929 genitis
1112 1862 1499 1931 intelligantur.
1553 1878 1713 1933 quam
1760 1865 1895 1919 bene
1942 1880 2005 1919 ea

429 1948 658 2019 Didyme
686 1959 1009 2018 congruant,
1044 1966 1204 2005 nemo
1241 1966 1345 2004 non
1398 1951 1583 2009 videt:
1619 1953 1719 2006 fuit
1763 1955 1906 2007 enim
1963 1956 2008 2009 is

427 2040 808 2095 Alexandrinae
840 2042 1096 2097 Ecclesia!
1125 2044 1448 2108 catecbista,
1484 2053 1542 2098 ut.
1580 2061 1707 2101 vero
1756 2048 1833 2101 ait
1883 2046 2010 2102 Cle-

428 2146 582 2185 mens
611 2132 762 2185 initio
789 2134 944 2202 primi
976 2135 1288 2202 Stroinatis,
1328 2136 1581 2209 Hatépa;
1612 2138 1737 2203 τοὺς
1766 2140 2013 2211 κατηχή-

428 2217 629 2281 σαντάς
656 2236 858 2290 φαμεν.
896 2222 990 2275 Sin
1022 2234 1201 2278 autem
1231 2225 1296 2279 de
1324 2226 1448 2281 liliis
1499 2228 1807 2283 carnalibus
1850 2233 2009 2284 tlieo-

426 2308 533 2378 logi
572 2316 740 2365 nostri
774 2314 933 2366 verba
967 2315 1405 2385 interpretemur,
1437 2320 1674 2385 cuinam,
1702 2339 1909 2392 quaeso,
1940 2339 2006 2378 ex

426 2402 681 2456 omnibus
709 2405 887 2471 quarti
922 2407 1102 2460 smcnli
1130 2407 1377 2463 Patribus
1406 2412 1794 2470 Alexandrinis
1829 2418 2006 2486 aptius

426 2493 721 2547 convenire
752 2507 999 2561 poSsnnt,
1031 2513 1192 2567 quam
1230 2501 1501 2571 Didymo?
1536 2505 1650 2575 qui,
1682 2522 1803 2561 cum
1834 2525 2008 2565 caecus

430 2583 595 2645 foret,
628 2585 787 2639 nullis
817 2587 1098 2643 ordinibus
1133 2592 1305 2646 sacris
1338 2593 1581 2650 initiatus
1606 2612 1726 2652 esse
1758 2598 2013 2668 poterat?

326 2686 343 2692 ‘
428 2672 542 2728 Etsi
604 2676 748 2729 enim
807 2680 1046 2732 nonnulli
1099 2691 1224 2735 tunc
1282 2685 1609 2758 presbyteri,
1657 2698 1713 2744 et
1769 2693 2005 2763 cpiscOpi

427 2783 596 2822 uxore
631 2784 734 2823 non
767 2771 1009 2826 destituti
1063 2773 1230 2828 fuisse
1272 2779 1678 2845 perhibeantur,
1731 2794 1787 2836 ut
1835 2782 2008 2855 Syne-

425 2861 540 2913 sius
571 2857 939 2925 Ptolemaidis,
969 2873 1027 2917 ut
1055 2863 1114 2919 S.
1166 2864 1405 2923 Hilarius
1452 2868 1891 2938 Pictavieusinm,
1948 2884 2007 2929 Il.

428 2947 491 3005 S.
525 2948 791 3007 Pacianns
820 2951 1304 3011 Barcinonensinm
1338 2960 1598 3029 episcopi,
1644 2963 1774 3017 nulli
1823 2973 2003 3021 tamen

378 3058 379 3063 ‘
425 3057 490 3095 ex
526 3042 674 3096 liisce
711 3045 870 3098 tribui
904 3056 1078 3113 potest
1114 3050 1215 3102 hoc
1248 3065 1418 3118 opus;
1450 3069 1548 3107 nec
1576 3054 1741 3108 ullum
1784 3068 2005 3125 pra:th-

426 3146 488 3185 ea
518 3146 582 3186 ex
612 3134 757 3185 omni
792 3136 1113 3205 antiquitate
1155 3137 1369 3193 Patrem
1403 3143 1547 3205 novi,
1599 3153 1689 3197 aut
1722 3147 2003 3217 presbyte-

426 3237 568 3287 rum,
621 3233 714 3277 aut
767 3225 1100 3297 episcopum,
1143 3231 1234 3299 qui
1287 3230 1354 3284 de
1391 3231 1515 3287 Illiis
1554 3236 1667 3289 suis
1693 3238 2004 3294 carnalibus
2032 3260 2073 3317 ο

428 3320 538 3366 tam
565 3329 707 3383 sa-pe
737 3318 1062 3372 mentionem
1095 3319 1304 3384 fecerit,
1331 3339 1394 3377 ac
1417 3339 1510 3378 eos
1556 3325 1721 3380 veluti
1765 3340 2009 3385 ostenta-

427 3402 521 3465 rit,
556 3413 616 3457 ut
644 3415 835 3459 auctor
876 3420 1061 3462 noster
1094 3409 1220 3464 facit
1248 3425 1264 3464 :
1294 3412 1558 3468 dedecere
1581 3417 1789 3470 scilicet
1818 3419 2007 3475 existi-

427 3495 672 3561 mabant,
704 3506 764 3552 ut
793 3499 1011 3567 opinor,
1038 3502 1106 3554 ita
1134 3517 1193 3556 se
1245 3520 1441 3574 gerere
1491 3522 1635 3571 eum,
1696 3512 1784 3575 qui
1839 3513 2011 3569 sacris

424 3588 710 3643 ordinibus
746 3591 992 3647 initiatus
1022 3594 1113 3649 sit.
1145 3594 1260 3651 Huc
1284 3598 1496 3651 accedit
1528 3603 1669 3666 quod
1701 3618 1804 3655 non
1854 3605 2011 3660 modo

429 3678 568 3734 ﬁlios
594 3696 721 3734 suos
748 3694 1140 3737 commemorat
1174 3677 1367 3740 ain-tor
1394 3700 1599 3754 noster,
1632 3705 1819 3746 verum
1846 3695 2009 3749 etiam

428 3782 681 3841 nepotes,
707 3788 802 3826 seu
832 3773 1066 3841 ﬁliorum
1095 3793 1311 3831 suorum
1356 3779 1519 3846 ﬁlios.
1570 3781 1641 3835 At
1692 3784 1743 3838 id
1796 3801 2012 3855 quoque

427 3863 757 3918 adamnssim
806 3867 1039 3935 quadrat
1087 3868 1138 3922 in
1190 3868 1495 3942 Didymum,
1540 3875 1682 3942 quod
1728 3884 1782 3927 et
1823 3876 2014 3930 diutis-

434 3954 573 4009 sime
602 3956 819 4018 vixerit,
854 3969 906 4010 et
937 3960 1034 4014 bos
1073 3961 1240 4016 libros
1275 3945 1400 4033 posi
1436 3966 1653 4019 tertium
1680 3978 1757 4019 ’ac
1796 3976 2013 4034 septua-

426 4046 694 4117 gesimum
726 4049 947 4104 circiter
982 4052 1103 4106 vine
1142 4069 1343 4108 annum
1391 4056 1624 4110 dictasse
1666 4057 1931 4125 videatur,
1964 4060 2011 4116 si

426 4153 524 4193 eos
554 4152 741 4191 revera
785 4140 1032 4204 dictavit,
1058 4154 1113 4197 ut
1148 4156 1299 4214 puto.

499 4230 652 4299 Quod
683 4249 814 4288 vero
851 4251 912 4289 ea
943 4252 1064 4306 quae
1091 4231 1392 4305 numeravi,
1417 4241 1654 4294 auctoris
1685 4242 1854 4298 nostri
1892 4245 2010 4301 loca

426 4325 494 4380 de
518 4326 827 4381 carnalibus
865 4328 1035 4380 multo
1067 4328 1436 4393 verisimilius,
1480 4345 1642 4400 quant
1683 4335 1750 4388 de
1783 4336 2019 4405 spirita--

426 4416 724 4480 libus,lilils
746 4419 1102 4486 accipiantur,
1126 4420 1313 4476 multis
1346 4421 1673 4490 coniecturis
1698 4428 2009 4483 conﬁrmari

426 4520 636 4581 potest,
682 4525 802 4578 quae
829 4526 933 4562 non
958 4525 1147 4565 omnes
1175 4521 1353 4567 tamen
1386 4512 1628 4583 ejusdem
1680 4530 1804 4572 sunt
1853 4520 2012 4574 robo-

2116 668 2248 722 niliil
2281 668 2507 722 omnino
2537 667 2720 730 liabet,
2758 666 2900 736 quod
2938 666 3135 720 indicet
3165 678 3287 718 cum
3319 661 3465 730 loqui
3517 663 3586 718 de
3620 663 3686 717 li-

2112 756 2199 813 liis
2226 758 2578 828 spiritalibus,
2611 756 2705 811 sed
2762 756 2835 810 ita
2889 771 2921 810 e
2960 755 3236 811 contrario
3284 753 3546 821 loquitur,
3607 763 3686 812 ut.

2112 864 2237 903 meo
2262 851 2473 917 quidem
2499 848 2725 918 judicio,
2760 849 3006 903 carnales
3032 849 3209 917 potius
3246 846 3384 898 lilios
3419 847 3680 909 designet.

2114 939 2223 993 Etsi
2262 942 2404 992 ettittt
2441 941 2531 992 lilii
2567 940 2856 1007 spiritales,
2905 951 2998 993 aut
3050 939 3295 1000 discipuli
3342 941 3538 1006 swpius
3593 955 3657 990 vn

2113 1040 2300 1084 centur
2325 1051 2352 1083 ιι
2384 1032 2631 1086 Patribus
2660 1033 2870 1095 παιδία,
2896 1031 3025 1089 υἱοί.
3052 1045 3141 1083 aut
3174 1030 3362 1092 τέκνα,
3389 1046 3579 1095 nempe
3624 1032 3661 1095 [ἱ

2112 1124 2206 1187 lii;
2236 1125 2375 1177 baud
2409 1125 2522 1179 scio
2561 1136 2738 1178 tamen
2770 1142 2837 1179 an
2880 1140 3067 1178 eorum
3112 1124 3251 1176 ullus
3301 1125 3365 1175 de
3409 1123 3691 1189 ilisc'pnlis

2111 1216 2225 1269 suis
2253 1216 2481 1284 loquens
2512 1217 2615 1272 hac
2648 1217 2918 1271 locutione
2951 1231 3078 1268 usus
3119 1223 3352 1281 iniquam
3409 1213 3563 1267 fuerit
3595 1230 3606 1266 :
3641 1213 3691 1265 oi

2113 1306 2173 1372 ἐξ
2203 1307 2360 1379 ἐμοῦ,
2388 1309 2564 1370 idest,
2590 1310 2651 1373 ii,
2685 1308 2773 1375 qui
2805 1309 2973 1375 (sunt)
2999 1322 3063 1360 ex
3095 1321 3197 1367 tne,
3228 1317 3437 1371 nempe,
3463 1304 3553 1369 qui
3589 1304 3690 1356 orti

2112 1408 2230 1452 sunt
2256 1414 2319 1451 ea:
2348 1415 2449 1453 me.
2481 1396 2553 1451 At
2581 1404 3003 1451 auctor‘noster
3044 1394 3240 1463 sapius
3270 1407 3389 1446 eain
3446 1402 3688 1463 usurpat,

2113 1498 2172 1542 ut
2201 1489 2386 1543 videre
2412 1489 2541 1542 licet
2574 1488 2625 1542 in
2657 1487 2788 1541 locis
2819 1487 3067 1554 superius
3101 1486 3367 1553 allegatis,

2182 1580 2387 1646 Tertio,
2438 1596 2541 1634 non
2589 1579 2819 1633 ﬁliorum
2863 1578 3128 1632 duntaxat
3181 1579 3226 1633 is
3271 1582 3537 1647 meminit,
3601 1584 3686 1638 in-

2036 1668 2045 1679 ‘
2111 1670 2301 1740 quiens
2332 1685 2428 1725 eos
2456 1684 2646 1724 asserti:
2686 1670 2801 1735 ipso
2854 1670 3073 1737 (nempe
3115 1678 3270 1724 natos
3322 1686 3387 1725 ex
3441 1672 3578 1742 ipso)
3626 1689 3691 1729 ac

2111 1765 2210 1819 sibi
2238 1781 2270 1817 a
2300 1762 2524 1817 Domino
2554 1765 2728 1823 datos,
2760 1761 2853 1815 sed
2893 1762 3118 1814 istorum
3145 1777 3359 1832 quoque
3408 1764 3550 1820 filios
3578 1782 3690 1820 me-

2111 1864 2309 1917 morat,
2339 1867 2540 1923 eosque
2574 1863 2730 1909 vocat.
2751 1852 2946 1906 alicubi
2974 1853 3190 1920 quidem
3218 1855 3345 1919 τοὺς
3384 1857 3480 1909 ἀπ’
3507 1858 3687 1912 αὐτῶν

2111 1946 2293 2011 ὄντας,
2323 1948 2372 2000 id
2402 1956 2504 2005 est.
2539 1946 2627 2011 qui
2654 1946 2715 1997 ab
2758 1944 2885 2012 ipsis
2909 1954 3065 2008 sunt,
3120 1962 3334 2014 nempe,
3393 1951 3482 2017 qui
3506 1950 3570 2002 ab
3615 1953 3689 2005 eis

2109 2038 2269 2104 geniti
2291 2046 2449 2099 sunt;
2486 2035 2612 2089 alibi
2657 2049 2782 2087 vero
2823 2035 3014 2089 παιδία
3052 2035 3160 2091 τῶν
3195 2039 3449 2106 παιδίων,
3501 2042 3550 2093 id
3582 2053 3688 2107 est,

2109 2128 2251 2197 ﬁlios
2274 2127 2524 2192 ﬁliorum.
2577 2126 2716 2192 Quin
2773 2137 3036 2196 praeterea
3089 2144 3186 2197 pro
3236 2133 3520 2200 nepotibus
3570 2147 3691 2190 orat

2114 2222 2352 2274 nondum
2388 2220 2554 2283 natis,
2583 2219 2676 2272 sed
2708 2219 2759 2271 iu
2791 2228 3063 2286 posterum
3094 2222 3334 2285 orituris,
3366 2225 3532 2297 [XXI]
3560 2229 3685 2280 dum

2109 2314 2201 2374 ait,
2240 2311 2366 2373 τοὺς
2388 2311 2487 2364 ἀπ’
2510 2308 2691 2363 αὐτῶν
2717 2310 3028 2381 ἐσομένους.
3071 2311 3176 2365 Deo
3207 2314 3256 2365 in
3287 2330 3494 2369 summa
3535 2334 3688 2371 com-

2112 2403 2329 2456 mendat
2360 2416 2464 2454 non
2502 2411 2710 2454 tantum
2743 2418 2822 2465 se,
2863 2418 2927 2457 ac
2967 2403 3105 2457 ﬁlios
3133 2420 3280 2471 suos,
3313 2409 3404 2461 sed
3450 2419 3498 2462 et
3535 2420 3689 2464 natos

2110 2505 2358 2547 umorum
2387 2503 2435 2546 et
2469 2493 2561 2556 qui
2584 2506 2869 2548 nascentur
2893 2502 2956 2547 ab
2984 2496 3113 2553 illis.
3137 2497 3207 2550 At
3251 2499 3294 2550 si
3347 2498 3460 2552 haec
3507 2500 3688 2553 omnia

2110 2587 2175 2642 de
2208 2587 2353 2652 liliis,
2383 2602 2447 2640 ac
2479 2587 2762 2652 nepotibus
2807 2587 3167 2657 spiritalibus,
3201 2590 3317 2643 sive
3350 2592 3415 2643 de
3448 2572 3692 2658 discipu-

2082 2678 2197 2747 lis,
2227 2689 2282 2734 et
2310 2680 2376 2733 de
2424 2677 2809 2747 discipulorum
2871 2677 3172 2746 discipulis,
3224 2695 3287 2735 ac
3353 2682 3568 2736 demum
3626 2687 3691 2737 de

2109 2771 2202 2834 iis,
2233 2786 2370 2835 quos
2393 2770 2777 2837 discipulormn
2809 2769 3053 2838 discipuli
3092 2770 3332 2824 edocturi
3381 2783 3560 2835 erant,
3590 2773 3674 2828 in-

2110 2861 2499 2931 telligerentur,
2539 2859 2698 2913 nimis
2725 2860 3037 2914 continuata
3069 2870 3233 2926 esset,
3283 2878 3402 2917 meo
3449 2864 3676 2933 judicio,

2109 2955 2226 3011 sine
2253 2954 2357 3007 ulla
2394 2951 2738 3011 necessitate,
2772 2951 3053 3018 allegoria.
3097 2953 3176 3008 Ac
3207 2969 3337 3009 sane
3384 2955 3506 3023 quis
3555 2955 3691 3009 alius

2112 3046 2602 3112 scriptorunquam
2643 3041 3028 3112 discipulorum
3053 3059 3272 3099 suorum
3292 3047 3601 3114 d-scipulos,
3631 3048 3693 3117 ﬁ-

2108 3137 2207 3192 lios
2234 3137 2467 3205 filiorum
2497 3139 2712 3190 suorum
2735 3139 3084 3205 nuncupavit,
3119 3139 3184 3193 iis
3207 3142 3502 3207 praesertim
3533 3143 3581 3195 in
3614 3143 3691 3198 lo-

2108 3230 2208 3290 cis,
2226 3230 2313 3282 ubi
2333 3229 2507 3283 oratio
2523 3229 2746 3296 simplex
2767 3229 2861 3295 sit,
2886 3245 2982 3286 nec
3009 3241 3126 3285 lran
3165 3232 3451 3289 lationibus
3472 3236 3692 3291 referta?

2185 3319 2413 3387 Quarto,
2437 3332 2698 3372 memorat
2729 3320 3014 3391 theologus
3045 3333 3230 3377 noster
3251 3342 3371 3377 cum
3416 3341 3531 3386 eos.
3559 3344 3693 3390 quos

2113 3419 2270 3463 vocat
2317 3409 2445 3472 τοὺς
2494 3406 2555 3474 ἐξ
2608 3407 2767 3479 ἐμοῦ,
2807 3418 2915 3462 tum
2954 3425 3068 3471 eos,
3104 3426 3238 3477 quos
3285 3414 3517 3481 appellat
3564 3416 3692 3477 τοὺς

2115 3501 2211 3554 σὺν
2238 3502 2389 3572 ἡμῖν,
2429 3512 2481 3555 et
2509 3501 2635 3564 τοὺς
2688 3501 2786 3554 σὺν
2839 3501 2983 3571 ἐμοι,
3028 3517 3220 3570 nempe
3269 3516 3529 3558 memerat
3566 3522 3689 3561 cum

2115 3594 2256 3648 lilios
2291 3608 2439 3657 suos,
2467 3603 2577 3646 tuin
2613 3607 2726 3652 eos.
2758 3608 2895 3661 quos
2926 3610 3030 3646 una
3071 3611 3188 3648 cum
3222 3612 3275 3649 se
3300 3597 3412 3660 ipsa
3434 3613 3554 3653 esse
3593 3600 3692 3654 ait.

2115 3685 2397 3741 Videntur
2424 3694 2602 3738 autem
2643 3685 2755 3738 haec
2795 3686 2928 3739 satis
2975 3689 3257 3742 commode
3306 3688 3601 3757 explicari,
3647 3693 3691 3743 si

2120 3775 2445 3837 dixerimus,
2483 3783 2573 3826 aut
2617 3774 2799 3840 priore
2839 3772 3071 3828 formula
3120 3778 3360 3833 carnales
3396 3779 3601 3849 Didymi
3630 3779 3690 3834 li-

2113 3866 2235 3928 lios,
2273 3868 2507 3922 secunda
2540 3882 2669 3921 vero
2695 3866 2836 3929 illos,
2868 3867 2959 3937 qui
3008 3883 3113 3922 una
3147 3885 3265 3922 cum
3304 3871 3415 3938 ipso
3448 3872 3513 3924 ad
3546 3882 3691 3926 cate-

2113 3960 2306 4014 clteses
2364 3960 2777 4024 conveniebant,
2827 3962 3138 4032 designari;
3183 3974 3272 4016 aut
3325 3964 3527 4032 primos
3573 3982 3695 4020 eos-

2113 4053 2242 4105 dem
2286 4066 2407 4105 esse
2455 4067 2574 4104 cum
2606 4052 2881 4119 secundis,
2915 4054 3055 4120 quod
3083 4055 3289 4109 scilicet
3339 4056 3544 4127 Didymi
3600 4059 3690 4112 lilii

2114 4157 2216 4195 una
2254 4156 2375 4195 cum
2400 4141 2625 4212 Didyme
2651 4142 2769 4209 ipso
2793 4143 2956 4196 vitam
2990 4145 3266 4213 degerent.

2182 4232 2400 4300 Quinto,
2430 4244 2619 4288 aurtor
2663 4244 2848 4289 uoster
2884 4251 3005 4305 pag.
3043 4236 3148 4290 5l9
3172 4238 3247 4290 ait
3279 4256 3294 4291 :
3351 4235 3524 4292 Simul
3577 4255 3691 4292 cum

2111 4324 2260 4392 ﬁliis,
2311 4341 2442 4394 quos
2491 4325 2631 4378 dedit
2697 4325 2830 4379 mihi
2894 4326 3106 4398 (Dens),
3162 4339 3207 4381 et
3259 4328 3489 4396 ﬁliorum
3542 4329 3690 4397 ﬁlii-tt,

2110 4425 2321 4486 propter
2371 4431 2501 4486 quos
2557 4416 2719 4469 etiam
2801 4419 3022 4471 virentes
3092 4417 3416 4474 laboramus.
3493 4419 3689 4489 Pagina

2112 4522 2243 4562 vero
2275 4508 2379 4562 307
2409 4508 2536 4561 illud
2577 4522 2606 4560 a
2644 4517 2832 4561 sancta
2887 4506 3154 4563 Trinitate
3197 4515 3350 4579 petit,
3398 4523 3454 4564 ut
3488 4528 3553 4582 po
3586 4505 3694 4567 sint

426 4602 526 4658 ris.
558 4600 797 4656 Aderam
826 4599 976 4668 prius
997 4600 1253 4668 leviores,
1286 4611 1401 4658 tum
1437 4607 1648 4661 veniam
1690 4610 1758 4663 ad
1797 4612 2010 4680 gravia.
2039 4605 2085 4661 D
2115 4600 2352 4655 universi
2399 4600 2464 4653 iis
2498 4615 2588 4671 qui
2637 4601 2892 4669 indigent,
2937 4601 3123 4671 largiri
3166 4620 3260 4670 pro
3291 4605 3504 4669 viribus,
3556 4605 3693 4660 inci-

428 4709 531 4751 res.

501 4782 769 4838 Nimirum
799 4782 974 4852 primo
1002 4781 1056 4836 in
1088 4784 1496 4839 commentariis
1538 4788 1591 4838 iu
1648 4785 1891 4842 Psalmos
1941 4789 2010 4846 ad

427 4877 623 4930 versic.
656 4877 776 4948 157,
809 4877 999 4945 psalmi
1027 4892 1219 4940 cxvin,
1255 4893 1375 4945 pag.
1412 4876 1518 4931 502
1567 4890 1769 4934 catena;
1807 4881 2012 4937 Corde-

431 4969 602 5022 riana:
634 4969 855 5036 perinde
885 4970 1026 5038 loqui
1082 4971 1294 5025 videtur
1342 4969 1618 5041 Didymus,
1674 4974 1827 5042 quasi
1874 4990 2012 5030 uxor

427 5059 527 5128 ipsi
563 5061 742 5124 fuerit,
773 5076 836 5125 ac
867 5060 1019 5117 liberi
1048 5080 1062 5116 :
1097 5064 1168 5118 ita
1205 5062 1350 5116 enim
1382 5063 1463 5117 ait
1491 5082 1504 5117 :
1539 5065 1868 5121 Adrersariaa
1916 5086 2012 5138 po-

426 5161 635 5206 testates
664 5169 757 5221 per
795 5155 1131 5215 domesticos.
1179 5169 1273 5222 per
1327 5170 1546 5209 uxorem
1594 5155 1904 5225 litigiosam,
1958 5169 2010 5215 et

425 5247 718 5312 garrulam,
745 5256 792 5299 et
824 5247 1136 5298 iracundum
1169 5261 1263 5299 nos
1311 5254 1531 5308 tentant,
1556 5258 1611 5301 ut
1650 5265 2009 5314 peccemus....

426 5333 508 5387 Τὰ
528 5335 639 5406 γὰρ
666 5337 886 5408 κρυπτὰ
918 5336 1111 5409 Κυρίῳ
1137 5336 1215 5407 τῷ
1241 5336 1362 5408 Θεῷ
1387 5339 1419 5408 ή
1430 5337 1547 5410 μῶν
1565 5355 1579 5369 ·
1604 5338 1672 5392 τὰ
1705 5339 1761 5393 δὲ
1802 5343 2013 5414 φανερὰ

427 5427 559 5496 ἡμῖν
595 5431 825 5494 καὶτοῖς
850 5429 1064 5494 τέκνοις
1091 5429 1274 5501 ἡμῶν.
1308 5431 1592 5498 Similique
1626 5433 1783 5485 modo
1833 5435 1885 5488 itt
1950 5436 2014 5489 li-

426 5516 528 5572 bro
555 5525 804 5575 adiimus
835 5523 1176 5587 Manichmos,
1201 5541 1326 5594 pag.
1353 5523 1479 5577 2l3.
1514 5522 1783 5588 Videmus,
1816 5527 2011 5596 inquit,

429 5607 542 5662 hac
574 5624 779 5677 semper
804 5613 855 5665 in
881 5618 1027 5670 nobis
1063 5617 1193 5684 ipsis
1220 5616 1500 5669 accidere:
1544 5632 1662 5684 qua:
1693 5617 1830 5669 enim
1872 5617 2011 5685 ﬁlios

431 5700 702 5765 docemus,
749 5719 871 5757 cum
916 5710 1157 5762 volumus
1202 5725 1288 5763 cos
1344 5709 1629 5763 secundum
1678 5707 2012 5778 disciplinam

430 5793 725 5855 instituere,
751 5801 809 5845 ut
836 5794 1115 5861 disciplina
1142 5807 1382 5861 utantur,
1416 5814 1519 5851 non
1548 5798 1624 5851 sic
1658 5807 1831 5852 tamen
1858 5807 2011 5850 utun-

430 5894 538 5951 tur,
570 5894 623 5937 ut
656 5884 879 5939 instituti
912 5903 940 5938 a
977 5888 1120 5939 nobis
1156 5907 1198 5939 δ·
1222 5900 1296 5943 nt.

2115 4695 2325 4764 pientes
2356 4708 2386 4746 a
2420 4691 2755 4761 propinquis,
2792 4703 2847 4746 et
2897 4694 3339 4762 consanguineis,
3383 4706 3543 4763 atque
3592 4697 3692 4749 do-

2115 4787 2376 4841 mesticis.
2434 4783 2559 4840 Haec
2607 4795 2789 4839 autem
2840 4795 2891 4838 et
2949 4787 3230 4855 aptissime
3288 4789 3336 4841 ei
3385 4791 3695 4844 trilninntur

2112 4878 2317 4942 omnia,
2350 4878 2434 4930 cui
2471 4877 2567 4930 lilii
2622 4877 2873 4932 carnales
2904 4878 3035 4940 sint,
3089 4893 3188 4932 nec
3228 4890 3452 4948 possunt
3502 4891 3694 4935 cuncta

2112 4968 2178 5021 de
2206 4966 2485 5035 discipulis
2519 4967 2877 5036 probabiliter
2934 4967 3157 5037 intelligi
3186 4985 3201 5019 :
3244 4968 3292 5022 si
3327 4970 3469 5023 enim
3505 4971 3579 5023 de
3612 4970 3695 5024 bis

2112 5059 2286 5128 primo
2316 5059 2367 5112 in
2395 5058 2513 5112 loco
2541 5058 2880 5130 loqueretur,
2909 5057 3050 5112 ﬁlios
3080 5061 3342 5114 duntaxat
3364 5077 3694 5116 commento-

2114 5158 2307 5213 rasset,
2354 5163 2460 5203 non
2492 5164 2620 5202 vero
2648 5148 2879 5203 ﬁliorum
2918 5150 3082 5204 etiam
3107 5150 3285 5205 tilios:
3320 5168 3442 5204 nam
3477 5162 3694 5221 pioptcr

2112 5240 2254 5295 lilios
2276 5242 2492 5309 quidem
2527 5243 2706 5296 dicere
2738 5252 2970 5311 poterat,
3021 5258 3081 5298 se
3123 5244 3389 5297 viventem
3428 5245 3490 5297 la.
3514 5262 3691 5307 orare,

2114 5348 2219 5386 non
2258 5348 2389 5387 vero
2424 5342 2648 5401 propter
2692 5334 2811 5388 illos
2836 5336 2927 5403 qui
2964 5350 3068 5389 non
3114 5345 3272 5389 erant
3299 5336 3417 5406 ejus
3453 5338 3685 5405 discipu-

2112 5424 2169 5487 li,
2205 5430 2298 5479 sed
2330 5425 2716 5495 discipulorum
2768 5441 2988 5481 suorum
3030 5428 3297 5494 discipuli,
3349 5444 3448 5497 pro
3504 5431 3697 5497 quibus

2113 5518 2335 5585 proinde
2366 5534 2473 5574 non
2512 5518 2773 5588 Didymus
2823 5521 2935 5588 ipse
2983 5518 3281 5588 laborabat,
3326 5523 3420 5576 sed
3468 5522 3569 5591 ipsi
3618 5522 3696 5575 di-

2114 5609 2324 5678 St'ipttli.

2189 5700 2375 5766 Sexto,
2401 5703 2853 5771 quemadmodum
2887 5719 2951 5760 ex
2993 5704 3183 5761 lsidori
3237 5704 3524 5762 Pelusiotae
3582 5708 3667 5776 epi

2116 5794 2269 5850 stolis
2293 5809 2478 5861 unam,
2505 5810 2625 5864 quia
2653 5796 2884 5868 Evagrio
2910 5798 3170 5870 inscripta
3194 5809 3297 5864 est,
3326 5800 3525 5854 celebri
3550 5799 3693 5858 Eva—

2116 5887 2232 5957 grio
2276 5887 2483 5957 Didymi
2529 5888 2793 5958 discipulo
2848 5889 3102 5954 scripta‘m
3154 5891 3264 5945 vult
3321 5889 3692 5950 Tillemontius
