  <div class='ocr_page' id='page_1' title='image "/cluster/home/n/w/nwhite01/storage/ocr_20150623/39/mdp.39015010572892/084.png"; bbox 0 0 4108 6454; ppageno 0'>
   <div class='ocr_carea' id='block_1_1' title="bbox 388 419 501 478">
    <p class='ocr_par' dir='ltr' id='par_1_1' title="bbox 388 419 501 478">
     <span class='ocr_line' id='line_1_1' title="bbox 388 419 501 478; baseline 0 -1"><span class='ocrx_word' id='word_1_1' title='bbox 388 419 501 478; x_wconf 72' lang='grc'><strong>157</strong></span> 
     </span>
    </p>
   </div>
   <div class='ocr_carea' id='block_1_2' title="bbox 1568 412 2508 472">
    <p class='ocr_par' dir='ltr' id='par_1_2' title="bbox 1568 412 2508 472">
     <span class='ocr_line' id='line_1_2' title="bbox 1568 412 2508 472; baseline -0.004 -1"><span class='ocrx_word' id='word_1_2' title='bbox 1568 413 2143 472; x_wconf 75' lang='lat' dir='ltr'><strong>COMMENTARIUS.</strong></span> <span class='ocrx_word' id='word_1_3' title='bbox 2185 445 2257 455; x_wconf 91' lang='lat'><strong><em>—</em></strong></span> <span class='ocrx_word' id='word_1_4' title='bbox 2294 413 2429 469; x_wconf 87' lang='lat' dir='ltr'><strong>LIB.</strong></span> <span class='ocrx_word' id='word_1_5' title='bbox 2464 412 2508 468; x_wconf 91' lang='grc' dir='ltr'><strong>Ι.</strong></span> 
     </span>
    </p>
   </div>
   <div class='ocr_carea' id='block_1_3' title="bbox 3526 411 3683 470">
    <p class='ocr_par' dir='ltr' id='par_1_3' title="bbox 3526 411 3683 470">
     <span class='ocr_line' id='line_1_3' title="bbox 3526 411 3683 470; baseline 0.006 -1"><span class='ocrx_word' id='word_1_6' title='bbox 3526 411 3683 470; x_wconf 73' lang='grc'><strong>’138</strong></span> 
     </span>
    </p>
   </div>
   <div class='ocr_carea' id='block_1_4' title="bbox 386 523 3677 603">
    <p class='ocr_par' dir='ltr' id='par_1_4' title="bbox 386 523 3677 603">
     <span class='ocr_line' id='line_1_4' title="bbox 386 523 3677 603; baseline -0.004 -9"><span class='ocrx_word' id='word_1_7' title='bbox 386 548 547 594; x_wconf 68' lang='lat' dir='ltr'><strong>(omo</strong></span> <span class='ocrx_word' id='word_1_8' title='bbox 573 532 646 603; x_wconf 80' lang='grc' dir='ltr'><strong>Χ,</strong></span> <span class='ocrx_word' id='word_1_9' title='bbox 686 532 739 589; x_wconf 93' lang='lat' dir='ltr'><strong>in</strong></span> <span class='ocrx_word' id='word_1_10' title='bbox 770 532 1037 602; x_wconf 74' lang='lat' dir='ltr'><strong>Evagrio;</strong></span> <span class='ocrx_word' id='word_1_11' title='bbox 1079 540 1135 588; x_wconf 92' lang='lat' dir='ltr'><strong>et</strong></span> <span class='ocrx_word' id='word_1_12' title='bbox 1180 528 1462 602; x_wconf 78' lang='lat' dir='ltr'><strong>epistolam</strong></span> <span class='ocrx_word' id='word_1_13' title='bbox 1498 528 1601 584; x_wconf 80' lang='lat' dir='ltr'><strong>I25</strong></span> <span class='ocrx_word' id='word_1_14' title='bbox 1634 529 1755 585; x_wconf 88' lang='lat' dir='ltr'><strong>libri</strong></span> <span class='ocrx_word' id='word_1_15' title='bbox 1807 546 1824 585; x_wconf 86' lang='grc' dir='ltr'><strong>ι</strong></span> <span class='ocrx_word' id='word_1_16' title='bbox 1867 529 2003 585; x_wconf 86' lang='lat' dir='ltr'><strong>Gre-</strong></span> <span class='ocrx_word' id='word_1_17' title='bbox 2027 543 2071 599; x_wconf 71' lang='grc' dir='ltr'><strong>Α</strong></span> <span class='ocrx_word' id='word_1_18' title='bbox 2104 543 2211 583; x_wconf 91' lang='lat' dir='ltr'><strong>non</strong></span> <span class='ocrx_word' id='word_1_19' title='bbox 2265 527 2612 597; x_wconf 78' lang='lat' dir='ltr'><strong>ignorarent;</strong></span> <span class='ocrx_word' id='word_1_20' title='bbox 2670 524 2814 595; x_wconf 85' lang='lat' dir='ltr'><strong>quod</strong></span> <span class='ocrx_word' id='word_1_21' title='bbox 2862 523 3151 595; x_wconf 68' lang='lat' dir='ltr'><strong>Egyptius</strong></span> <span class='ocrx_word' id='word_1_22' title='bbox 3186 524 3486 591; x_wconf 78' lang='lat' dir='ltr'><strong>exstiterit;</strong></span> <span class='ocrx_word' id='word_1_23' title='bbox 3534 526 3677 594; x_wconf 90' lang='lat' dir='ltr'><strong>quod</strong></span> 
     </span>
    </p>
   </div>
   <div class='ocr_carea' id='block_1_5' title="bbox 388 620 1993 700">
    <p class='ocr_par' dir='ltr' id='par_1_5' title="bbox 388 620 1993 700">
     <span class='ocr_line' id='line_1_5' title="bbox 388 620 1993 700; baseline -0.004 -16"><span class='ocrx_word' id='word_1_24' title='bbox 388 629 553 699; x_wconf 79' lang='lat' dir='ltr'><strong>gorio</strong></span> <span class='ocrx_word' id='word_1_25' title='bbox 605 628 853 700; x_wconf 81' lang='lat' dir='ltr'><strong>Nysseoo</strong></span> <span class='ocrx_word' id='word_1_26' title='bbox 908 624 1321 680; x_wconf 69' lang='lat' dir='ltr'><strong>missam.idem</strong></span> <span class='ocrx_word' id='word_1_27' title='bbox 1370 620 1666 677; x_wconf 84' lang='lat' dir='ltr'><strong>arbitratur</strong></span> <span class='ocrx_word' id='word_1_28' title='bbox 1709 633 1842 678; x_wconf 92' lang='lat' dir='ltr'><strong>tom.</strong></span> <span class='ocrx_word' id='word_1_29' title='bbox 1876 622 1993 691; x_wconf 81' lang='lat' dir='ltr'><strong>XV,</strong></span> 
     </span>
    </p>
   </div>
   <div class='ocr_carea' id='block_1_6' title="bbox 387 714 1992 784">
    <p class='ocr_par' dir='ltr' id='par_1_6' title="bbox 387 714 1992 784">
     <span class='ocr_line' id='line_1_6' title="bbox 387 714 1992 784; baseline -0.004 -10"><span class='ocrx_word' id='word_1_30' title='bbox 387 719 486 774; x_wconf 77' lang='lat' dir='ltr'><strong>IIIII</strong></span> <span class='ocrx_word' id='word_1_31' title='bbox 513 718 627 784; x_wconf 68' lang='lat' dir='ltr'><strong>agit</strong></span> <span class='ocrx_word' id='word_1_32' title='bbox 658 718 724 771; x_wconf 91' lang='lat' dir='ltr'><strong>de</strong></span> <span class='ocrx_word' id='word_1_33' title='bbox 754 715 812 770; x_wconf 90' lang='lat' dir='ltr'><strong>S.</strong></span> <span class='ocrx_word' id='word_1_34' title='bbox 836 714 1042 769; x_wconf 93' lang='lat' dir='ltr'><strong>Isidoro</strong></span> <span class='ocrx_word' id='word_1_35' title='bbox 1068 715 1341 769; x_wconf 82' lang='lat' dir='ltr'><strong>Pelusiota</strong></span> <span class='ocrx_word' id='word_1_36' title='bbox 1375 729 1392 778; x_wconf 94' lang='lat'><strong>;</strong></span> <span class='ocrx_word' id='word_1_37' title='bbox 1434 728 1499 768; x_wconf 88' lang='lat' dir='ltr'><strong>ac</strong></span> <span class='ocrx_word' id='word_1_38' title='bbox 1531 715 1747 768; x_wconf 90' lang='lat' dir='ltr'><strong>demum</strong></span> <span class='ocrx_word' id='word_1_39' title='bbox 1770 714 1992 781; x_wconf 89' lang='lat' dir='ltr'><strong>epistola</strong></span> 
     </span>
    </p>
   </div>
   <div class='ocr_carea' id='block_1_7' title="bbox 390 802 1992 873">
    <p class='ocr_par' dir='ltr' id='par_1_7' title="bbox 390 802 1992 873">
     <span class='ocr_line' id='line_1_7' title="bbox 390 802 1992 873; baseline -0.004 -7"><span class='ocrx_word' id='word_1_40' title='bbox 390 810 503 866; x_wconf 65' lang='lat'><strong>£09</strong></span> <span class='ocrx_word' id='word_1_41' title='bbox 557 809 678 863; x_wconf 83' lang='lat' dir='ltr'><strong>libri</strong></span> <span class='ocrx_word' id='word_1_42' title='bbox 716 825 756 873; x_wconf 84' lang='grc' dir='ltr'>ι,</span> <span class='ocrx_word' id='word_1_43' title='bbox 799 802 1135 862; x_wconf 81' lang='lat' dir='ltr'><strong>Marathonio</strong></span> <span class='ocrx_word' id='word_1_44' title='bbox 1170 808 1436 862; x_wconf 76' lang='lat' dir='ltr'><strong>monacho</strong></span> <span class='ocrx_word' id='word_1_45' title='bbox 1466 807 1836 872; x_wconf 87' lang='lat' dir='ltr'><strong>inscripta,ad</strong></span> <span class='ocrx_word' id='word_1_46' title='bbox 1868 821 1992 860; x_wconf 90' lang='lat' dir='ltr'><strong>eum</strong></span> 
     </span>
    </p>
   </div>
   <div class='ocr_carea' id='block_1_8' title="bbox 389 898 1994 968">
    <p class='ocr_par' dir='ltr' id='par_1_8' title="bbox 389 898 1994 968">
     <span class='ocr_line' id='line_1_8' title="bbox 389 898 1994 968; baseline 0 -13"><span class='ocrx_word' id='word_1_47' title='bbox 389 901 805 955; x_wconf 73' lang='lat' dir='ltr'><strong>Marathonium</strong></span> <span class='ocrx_word' id='word_1_48' title='bbox 857 900 979 952; x_wconf 88' lang='lat' dir='ltr'><strong>data</strong></span> <span class='ocrx_word' id='word_1_49' title='bbox 1023 901 1236 952; x_wconf 87' lang='lat' dir='ltr'><strong>videtur</strong></span> <span class='ocrx_word' id='word_1_50' title='bbox 1281 899 1371 966; x_wconf 90' lang='lat' dir='ltr'><strong>qui</strong></span> <span class='ocrx_word' id='word_1_51' title='bbox 1414 900 1698 968; x_wconf 86' lang='lat' dir='ltr'><strong>episcopus</strong></span> <span class='ocrx_word' id='word_1_52' title='bbox 1745 898 1994 955; x_wconf 86' lang='lat' dir='ltr'><strong>Nicome-</strong></span> 
     </span>
    </p>
   </div>
   <div class='ocr_carea' id='block_1_9' title="bbox 386 989 1990 1057">
    <p class='ocr_par' dir='ltr' id='par_1_9' title="bbox 386 989 1990 1057">
     <span class='ocr_line' id='line_1_9' title="bbox 386 989 1990 1057; baseline 0 -11"><span class='ocrx_word' id='word_1_53' title='bbox 386 993 595 1046; x_wconf 72' lang='lat' dir='ltr'><strong>diettns</strong></span> <span class='ocrx_word' id='word_1_54' title='bbox 634 998 846 1043; x_wconf 80' lang='lat' dir='ltr'><strong>creatus</strong></span> <span class='ocrx_word' id='word_1_55' title='bbox 876 989 977 1043; x_wconf 75' lang='lat' dir='ltr'><strong>fuit</strong></span> <span class='ocrx_word' id='word_1_56' title='bbox 1007 1009 1020 1042; x_wconf 90' lang='lat'><strong>:</strong></span> <span class='ocrx_word' id='word_1_57' title='bbox 1056 991 1125 1042; x_wconf 88' lang='lat' dir='ltr'><strong>ita</strong></span> <span class='ocrx_word' id='word_1_58' title='bbox 1152 1006 1272 1042; x_wconf 82' lang='lat' dir='ltr'><strong>cum</strong></span> <span class='ocrx_word' id='word_1_59' title='bbox 1302 1001 1409 1044; x_wconf 69' lang='lat' dir='ltr'><strong>tres</strong></span> <span class='ocrx_word' id='word_1_60' title='bbox 1430 991 1592 1042; x_wconf 86' lang='lat' dir='ltr'><strong>etiam</strong></span> <span class='ocrx_word' id='word_1_61' title='bbox 1625 993 1730 1043; x_wconf 83' lang='lat' dir='ltr'><strong>sint</strong></span> <span class='ocrx_word' id='word_1_62' title='bbox 1753 992 1990 1057; x_wconf 81' lang='lat' dir='ltr'><strong>ejusdem</strong></span> 
     </span>
    </p>
   </div>
   <div class='ocr_carea' id='block_1_10' title="bbox 386 1075 1993 1151">
    <p class='ocr_par' dir='ltr' id='par_1_10' title="bbox 386 1075 1993 1151">
     <span class='ocr_line' id='line_1_10' title="bbox 386 1075 1993 1151; baseline 0.004 -22"><span class='ocrx_word' id='word_1_63' title='bbox 386 1078 455 1133; x_wconf 88' lang='lat' dir='ltr'><strong>S.</strong></span> <span class='ocrx_word' id='word_1_64' title='bbox 495 1075 685 1130; x_wconf 68' lang='lat' dir='ltr'><strong>Isidori</strong></span> <span class='ocrx_word' id='word_1_65' title='bbox 709 1079 967 1143; x_wconf 62' lang='lat' dir='ltr'><strong>epistulas,</strong></span> <span class='ocrx_word' id='word_1_66' title='bbox 989 1089 1045 1131; x_wconf 90' lang='lat' dir='ltr'><strong>ut</strong></span> <span class='ocrx_word' id='word_1_67' title='bbox 1075 1081 1254 1131; x_wconf 86' lang='lat' dir='ltr'><strong>monui</strong></span> <span class='ocrx_word' id='word_1_68' title='bbox 1289 1096 1409 1146; x_wconf 72' lang='lat' dir='ltr'><strong>pag.</strong></span> <span class='ocrx_word' id='word_1_69' title='bbox 1442 1080 1570 1144; x_wconf 75' lang='grc'><strong>477,</strong></span> <span class='ocrx_word' id='word_1_70' title='bbox 1602 1097 1832 1151; x_wconf 83' lang='lat' dir='ltr'><strong>quarunt</strong></span> <span class='ocrx_word' id='word_1_71' title='bbox 1876 1086 1993 1136; x_wconf 75' lang='lat' dir='ltr'><strong>dine</strong></span> 
     </span>
    </p>
   </div>
   <div class='ocr_carea' id='block_1_11' title="bbox 385 1169 1992 1243">
    <p class='ocr_par' dir='ltr' id='par_1_11' title="bbox 385 1169 1992 1243">
     <span class='ocr_line' id='line_1_11' title="bbox 385 1169 1992 1243; baseline 0.002 -19"><span class='ocrx_word' id='word_1_72' title='bbox 385 1169 766 1224; x_wconf 75' lang='lat' dir='ltr'><strong>inscribuntur</strong></span> <span class='ocrx_word' id='word_1_73' title='bbox 800 1170 1267 1239; x_wconf 74' lang='lat' dir='ltr'><strong>Didymo,‘nempe</strong></span> <span class='ocrx_word' id='word_1_74' title='bbox 1300 1171 1405 1225; x_wconf 77' lang='lat'><strong>550</strong></span> <span class='ocrx_word' id='word_1_75' title='bbox 1442 1182 1497 1226; x_wconf 90' lang='lat' dir='ltr'><strong>et</strong></span> <span class='ocrx_word' id='word_1_76' title='bbox 1546 1172 1647 1226; x_wconf 73' lang='grc'><strong>551</strong></span> <span class='ocrx_word' id='word_1_77' title='bbox 1709 1174 1828 1225; x_wconf 87' lang='lat' dir='ltr'><strong>libri</strong></span> <span class='ocrx_word' id='word_1_78' title='bbox 1880 1175 1992 1243; x_wconf 83' lang='lat' dir='ltr'><strong>pti-</strong></span> 
     </span>
    </p>
   </div>
   <div class='ocr_carea' id='block_1_12' title="bbox 382 1259 1992 1332">
    <p class='ocr_par' dir='ltr' id='par_1_12' title="bbox 382 1259 1992 1332">
     <span class='ocr_line' id='line_1_12' title="bbox 382 1259 1992 1332; baseline 0.003 -19"><span class='ocrx_word' id='word_1_79' title='bbox 382 1261 494 1319; x_wconf 83' lang='lat' dir='ltr'><strong>mi.</strong></span> <span class='ocrx_word' id='word_1_80' title='bbox 548 1259 699 1312; x_wconf 88' lang='lat' dir='ltr'><strong>tertia</strong></span> <span class='ocrx_word' id='word_1_81' title='bbox 739 1271 914 1312; x_wconf 85' lang='lat' dir='ltr'><strong>autem</strong></span> <span class='ocrx_word' id='word_1_82' title='bbox 973 1260 1196 1331; x_wconf 80' lang='lat' dir='ltr'><strong>Didyme</strong></span> <span class='ocrx_word' id='word_1_83' title='bbox 1228 1262 1573 1324; x_wconf 81' lang='lat' dir='ltr'><strong>scholaStico,</strong></span> <span class='ocrx_word' id='word_1_84' title='bbox 1642 1278 1834 1332; x_wconf 87' lang='lat' dir='ltr'><strong>nempe</strong></span> <span class='ocrx_word' id='word_1_85' title='bbox 1885 1265 1992 1321; x_wconf 71' lang='lat'><strong>206</strong></span> 
     </span>
    </p>
   </div>
   <div class='ocr_carea' id='block_1_13' title="bbox 384 1348 1991 1422">
    <p class='ocr_par' dir='ltr' id='par_1_13' title="bbox 384 1348 1991 1422">
     <span class='ocr_line' id='line_1_13' title="bbox 384 1348 1991 1422; baseline 0.006 -20"><span class='ocrx_word' id='word_1_86' title='bbox 384 1348 521 1404; x_wconf 81' lang='lat' dir='ltr'><strong>libri</strong></span> <span class='ocrx_word' id='word_1_87' title='bbox 557 1350 717 1403; x_wconf 80' lang='lat' dir='ltr'><strong>sexti.</strong></span> <span class='ocrx_word' id='word_1_88' title='bbox 747 1351 996 1403; x_wconf 76' lang='lat' dir='ltr'><strong>videntur</strong></span> <span class='ocrx_word' id='word_1_89' title='bbox 1024 1351 1105 1405; x_wconf 69' lang='lat' dir='ltr'><strong>hae</strong></span> <span class='ocrx_word' id='word_1_90' title='bbox 1131 1366 1349 1420; x_wconf 87' lang='lat' dir='ltr'><strong>quoque</strong></span> <span class='ocrx_word' id='word_1_91' title='bbox 1375 1353 1596 1422; x_wconf 81' lang='lat' dir='ltr'><strong>Didymo</strong></span> <span class='ocrx_word' id='word_1_92' title='bbox 1627 1364 1817 1409; x_wconf 85' lang='lat' dir='ltr'><strong>nostro</strong></span> <span class='ocrx_word' id='word_1_93' title='bbox 1848 1357 1991 1411; x_wconf 84' lang='lat' dir='ltr'><strong>scri-</strong></span> 
     </span>
    </p>
   </div>
   <div class='ocr_carea' id='block_1_14' title="bbox 391 1437 1992 1517">
    <p class='ocr_par' dir='ltr' id='par_1_14' title="bbox 391 1437 1992 1517">
     <span class='ocr_line' id='line_1_14' title="bbox 391 1437 1992 1517; baseline 0.006 -25"><span class='ocrx_word' id='word_1_94' title='bbox 391 1447 533 1509; x_wconf 66' lang='lat' dir='ltr'><strong>ptae.</strong></span> <span class='ocrx_word' id='word_1_95' title='bbox 570 1437 701 1491; x_wconf 77' lang='lat' dir='ltr'><strong>Nam</strong></span> <span class='ocrx_word' id='word_1_96' title='bbox 737 1440 881 1517; x_wconf 84' lang='lat' dir='ltr'><strong>quod</strong></span> <span class='ocrx_word' id='word_1_97' title='bbox 914 1441 1107 1494; x_wconf 78' lang='lat' dir='ltr'><strong>attinet</strong></span> <span class='ocrx_word' id='word_1_98' title='bbox 1133 1446 1197 1494; x_wconf 91' lang='lat' dir='ltr'><strong>ad</strong></span> <span class='ocrx_word' id='word_1_99' title='bbox 1227 1442 1384 1497; x_wconf 87' lang='lat' dir='ltr'><strong>binas</strong></span> <span class='ocrx_word' id='word_1_100' title='bbox 1413 1458 1642 1511; x_wconf 85' lang='lat' dir='ltr'><strong>priores,</strong></span> <span class='ocrx_word' id='word_1_101' title='bbox 1675 1446 1726 1499; x_wconf 94' lang='lat' dir='ltr'><strong>in</strong></span> <span class='ocrx_word' id='word_1_102' title='bbox 1759 1458 1992 1517; x_wconf 88' lang='lat' dir='ltr'><strong>utraque</strong></span> 
     </span>
    </p>
   </div>
   <div class='ocr_carea' id='block_1_15' title="bbox 386 1530 1987 1603">
    <p class='ocr_par' dir='ltr' id='par_1_15' title="bbox 386 1530 1987 1603">
     <span class='ocr_line' id='line_1_15' title="bbox 386 1530 1987 1603; baseline 0.006 -20"><span class='ocrx_word' id='word_1_103' title='bbox 386 1532 464 1583; x_wconf 90' lang='lat' dir='ltr'><strong>de</strong></span> <span class='ocrx_word' id='word_1_104' title='bbox 491 1530 815 1598; x_wconf 64' lang='lat' dir='ltr'><strong>quihusdam</strong></span> <span class='ocrx_word' id='word_1_105' title='bbox 882 1530 1101 1588; x_wconf 86' lang='lat' dir='ltr'><strong>Davidis</strong></span> <span class='ocrx_word' id='word_1_106' title='bbox 1135 1534 1314 1588; x_wconf 83' lang='lat' dir='ltr'><strong>verbis</strong></span> <span class='ocrx_word' id='word_1_107' title='bbox 1370 1534 1482 1603; x_wconf 79' lang='lat' dir='ltr'><strong>agit</strong></span> <span class='ocrx_word' id='word_1_108' title='bbox 1530 1535 1589 1589; x_wconf 90' lang='lat' dir='ltr'><strong>S.</strong></span> <span class='ocrx_word' id='word_1_109' title='bbox 1643 1536 1897 1603; x_wconf 87' lang='lat' dir='ltr'><strong>Isidorus,</strong></span> <span class='ocrx_word' id='word_1_110' title='bbox 1936 1540 1987 1593; x_wconf 92' lang='lat' dir='ltr'><strong>in</strong></span> 
     </span>
    </p>
   </div>
   <div class='ocr_carea' id='block_1_16' title="bbox 388 1621 1990 1694">
    <p class='ocr_par' dir='ltr' id='par_1_16' title="bbox 388 1621 1990 1694">
     <span class='ocr_line' id='line_1_16' title="bbox 388 1621 1990 1694; baseline 0.006 -19"><span class='ocrx_word' id='word_1_111' title='bbox 388 1621 638 1675; x_wconf 80' lang='lat' dir='ltr'><strong>secunda</strong></span> <span class='ocrx_word' id='word_1_112' title='bbox 680 1637 811 1675; x_wconf 72' lang='lat' dir='ltr'><strong>vero</strong></span> <span class='ocrx_word' id='word_1_113' title='bbox 861 1622 1170 1694; x_wconf 88' lang='lat' dir='ltr'><strong>Didymum,</strong></span> <span class='ocrx_word' id='word_1_114' title='bbox 1219 1625 1286 1677; x_wconf 88' lang='lat' dir='ltr'><strong>ad</strong></span> <span class='ocrx_word' id='word_1_115' title='bbox 1328 1640 1485 1693; x_wconf 85' lang='lat' dir='ltr'><strong>quem</strong></span> <span class='ocrx_word' id='word_1_116' title='bbox 1536 1626 1749 1689; x_wconf 85' lang='lat' dir='ltr'><strong>scribit,</strong></span> <span class='ocrx_word' id='word_1_117' title='bbox 1807 1643 1873 1682; x_wconf 85' lang='lat' dir='ltr'><strong>ex</strong></span> <span class='ocrx_word' id='word_1_118' title='bbox 1923 1645 1990 1684; x_wconf 89' lang='lat' dir='ltr'><strong>eo</strong></span> 
     </span>
    </p>
   </div>
   <div class='ocr_carea' id='block_1_17' title="bbox 386 1712 1985 1787">
    <p class='ocr_par' dir='ltr' id='par_1_17' title="bbox 386 1712 1985 1787">
     <span class='ocr_line' id='line_1_17' title="bbox 386 1712 1985 1787; baseline 0.005 -21"><span class='ocrx_word' id='word_1_119' title='bbox 386 1712 608 1778; x_wconf 84' lang='lat' dir='ltr'><strong>laudat,</strong></span> <span class='ocrx_word' id='word_1_120' title='bbox 636 1715 801 1781; x_wconf 91' lang='lat' dir='ltr'><strong>quod,</strong></span> <span class='ocrx_word' id='word_1_121' title='bbox 855 1730 973 1767; x_wconf 84' lang='lat' dir='ltr'><strong>cum</strong></span> <span class='ocrx_word' id='word_1_122' title='bbox 1032 1724 1083 1768; x_wconf 83' lang='lat' dir='ltr'><strong>et</strong></span> <span class='ocrx_word' id='word_1_123' title='bbox 1137 1716 1336 1784; x_wconf 77' lang='lat' dir='ltr'><strong>ingenii</strong></span> <span class='ocrx_word' id='word_1_124' title='bbox 1377 1718 1619 1771; x_wconf 84' lang='lat' dir='ltr'><strong>acumine</strong></span> <span class='ocrx_word' id='word_1_125' title='bbox 1669 1719 1883 1787; x_wconf 88' lang='lat' dir='ltr'><strong>polleat,</strong></span> <span class='ocrx_word' id='word_1_126' title='bbox 1932 1730 1985 1774; x_wconf 86' lang='lat' dir='ltr'><strong>et</strong></span> 
     </span>
    </p>
   </div>
   <div class='ocr_carea' id='block_1_18' title="bbox 390 1802 1987 1873">
    <p class='ocr_par' dir='ltr' id='par_1_18' title="bbox 390 1802 1987 1873">
     <span class='ocr_line' id='line_1_18' title="bbox 390 1802 1987 1873; baseline 0.002 -15"><span class='ocrx_word' id='word_1_127' title='bbox 390 1802 801 1871; x_wconf 86' lang='lat' dir='ltr'><strong>Scripturarum</strong></span> <span class='ocrx_word' id='word_1_128' title='bbox 824 1820 1029 1857; x_wconf 78' lang='lat' dir='ltr'><strong>sensum</strong></span> <span class='ocrx_word' id='word_1_129' title='bbox 1056 1807 1319 1873; x_wconf 71' lang='lat' dir='ltr'><strong>sagaciter</strong></span> <span class='ocrx_word' id='word_1_130' title='bbox 1339 1816 1715 1873; x_wconf 86' lang='lat' dir='ltr'><strong>perscrutetur,</strong></span> <span class='ocrx_word' id='word_1_131' title='bbox 1749 1808 1879 1861; x_wconf 81' lang='lat' dir='ltr'><strong>nihil</strong></span> <span class='ocrx_word' id='word_1_132' title='bbox 1911 1820 1987 1864; x_wconf 88' lang='lat' dir='ltr'><strong>est</strong></span> 
     </span>
    </p>
   </div>
   <div class='ocr_carea' id='block_1_19' title="bbox 2097 615 3679 686">
    <p class='ocr_par' dir='ltr' id='par_1_19' title="bbox 2097 615 3679 686">
     <span class='ocr_line' id='line_1_19' title="bbox 2097 615 3679 686; baseline -0.001 -11"><span class='ocrx_word' id='word_1_133' title='bbox 2097 619 2358 675; x_wconf 66' lang='lat' dir='ltr'><strong>doctrinae</strong></span> <span class='ocrx_word' id='word_1_134' title='bbox 2389 633 2500 672; x_wconf 82' lang='lat' dir='ltr'><strong>suae</strong></span> <span class='ocrx_word' id='word_1_135' title='bbox 2529 619 2742 686; x_wconf 88' lang='lat' dir='ltr'><strong>c0piam</strong></span> <span class='ocrx_word' id='word_1_136' title='bbox 2771 615 2892 671; x_wconf 87' lang='lat' dir='ltr'><strong>aliis</strong></span> <span class='ocrx_word' id='word_1_137' title='bbox 2943 616 3173 682; x_wconf 83' lang='lat' dir='ltr'><strong>fecerit;</strong></span> <span class='ocrx_word' id='word_1_138' title='bbox 3222 617 3366 686; x_wconf 91' lang='lat' dir='ltr'><strong>quod</strong></span> <span class='ocrx_word' id='word_1_139' title='bbox 3418 624 3578 672; x_wconf 87' lang='lat' dir='ltr'><strong>noctu</strong></span> <span class='ocrx_word' id='word_1_140' title='bbox 3622 626 3679 673; x_wconf 92' lang='lat' dir='ltr'><strong>et</strong></span> 
     </span>
    </p>
   </div>
   <div class='ocr_carea' id='block_1_20' title="bbox 2097 706 3676 777">
    <p class='ocr_par' dir='ltr' id='par_1_20' title="bbox 2097 706 3676 777">
     <span class='ocr_line' id='line_1_20' title="bbox 2097 706 3676 777; baseline -0.003 -12"><span class='ocrx_word' id='word_1_141' title='bbox 2097 711 2330 765; x_wconf 88' lang='lat' dir='ltr'><strong>interdiu</strong></span> <span class='ocrx_word' id='word_1_142' title='bbox 2368 709 2647 772; x_wconf 82' lang='lat' dir='ltr'><strong>docuerit;</strong></span> <span class='ocrx_word' id='word_1_143' title='bbox 2698 707 2838 775; x_wconf 90' lang='lat' dir='ltr'><strong>quod</strong></span> <span class='ocrx_word' id='word_1_144' title='bbox 2875 706 3041 760; x_wconf 84' lang='lat' dir='ltr'><strong>lilium</strong></span> <span class='ocrx_word' id='word_1_145' title='bbox 3075 706 3324 761; x_wconf 86' lang='lat' dir='ltr'><strong>habuerit</strong></span> <span class='ocrx_word' id='word_1_146' title='bbox 3350 721 3453 761; x_wconf 89' lang='lat' dir='ltr'><strong>non</strong></span> <span class='ocrx_word' id='word_1_147' title='bbox 3508 722 3676 777; x_wconf 87' lang='lat' dir='ltr'><strong>pecu-</strong></span> 
     </span>
    </p>
   </div>
   <div class='ocr_carea' id='block_1_21' title="bbox 2096 798 3673 868">
    <p class='ocr_par' dir='ltr' id='par_1_21' title="bbox 2096 798 3673 868">
     <span class='ocr_line' id='line_1_21' title="bbox 2096 798 3673 868; baseline -0.003 -12"><span class='ocrx_word' id='word_1_148' title='bbox 2096 802 2333 856; x_wconf 88' lang='lat' dir='ltr'><strong>niosum.</strong></span> <span class='ocrx_word' id='word_1_149' title='bbox 2372 799 2557 868; x_wconf 88' lang='lat' dir='ltr'><strong>Itaque</strong></span> <span class='ocrx_word' id='word_1_150' title='bbox 2591 800 2774 852; x_wconf 87' lang='lat' dir='ltr'><strong>tandiu</strong></span> <span class='ocrx_word' id='word_1_151' title='bbox 2799 800 2865 852; x_wconf 85' lang='lat' dir='ltr'><strong>de</strong></span> <span class='ocrx_word' id='word_1_152' title='bbox 2908 798 3133 866; x_wconf 86' lang='lat' dir='ltr'><strong>Didytno</strong></span> <span class='ocrx_word' id='word_1_153' title='bbox 3154 809 3341 850; x_wconf 89' lang='lat' dir='ltr'><strong>nostro</strong></span> <span class='ocrx_word' id='word_1_154' title='bbox 3369 813 3673 852; x_wconf 83' lang='lat' dir='ltr'><strong>sermonem</strong></span> 
     </span>
    </p>
   </div>
   <div class='ocr_carea' id='block_1_22' title="bbox 2096 889 3676 956">
    <p class='ocr_par' dir='ltr' id='par_1_22' title="bbox 2096 889 3676 956">
     <span class='ocr_line' id='line_1_22' title="bbox 2096 889 3676 956; baseline -0.001 -12"><span class='ocrx_word' id='word_1_155' title='bbox 2096 906 2124 944; x_wconf 88' lang='lat' dir='ltr'><strong>a</strong></span> <span class='ocrx_word' id='word_1_156' title='bbox 2164 890 2388 945; x_wconf 90' lang='lat' dir='ltr'><strong>Libanio</strong></span> <span class='ocrx_word' id='word_1_157' title='bbox 2424 891 2611 944; x_wconf 84' lang='lat' dir='ltr'><strong>haberi</strong></span> <span class='ocrx_word' id='word_1_158' title='bbox 2667 891 2888 943; x_wconf 83' lang='lat' dir='ltr'><strong>credere</strong></span> <span class='ocrx_word' id='word_1_159' title='bbox 2929 889 3075 947; x_wconf 89' lang='lat' dir='ltr'><strong>licet.</strong></span> <span class='ocrx_word' id='word_1_160' title='bbox 3104 889 3341 956; x_wconf 89' lang='lat' dir='ltr'><strong>quandin</strong></span> <span class='ocrx_word' id='word_1_161' title='bbox 3395 899 3487 943; x_wconf 87' lang='lat' dir='ltr'><strong>aut</strong></span> <span class='ocrx_word' id='word_1_162' title='bbox 3542 889 3676 944; x_wconf 86' lang='lat' dir='ltr'><strong>alius</strong></span> 
     </span>
    </p>
   </div>
   <div class='ocr_carea' id='block_1_23' title="bbox 2099 979 3671 1052">
    <p class='ocr_par' dir='ltr' id='par_1_23' title="bbox 2099 979 3671 1052">
     <span class='ocr_line' id='line_1_23' title="bbox 2099 979 3671 1052; baseline -0.003 -16"><span class='ocrx_word' id='word_1_163' title='bbox 2099 982 2356 1052; x_wconf 75' lang='lat' dir='ltr'><strong>Didymus</strong></span> <span class='ocrx_word' id='word_1_164' title='bbox 2377 981 2745 1048; x_wconf 72' lang='lat' dir='ltr'><strong>deprehensus</strong></span> <span class='ocrx_word' id='word_1_165' title='bbox 2772 981 2860 1041; x_wconf 90' lang='lat' dir='ltr'><strong>sit,</strong></span> <span class='ocrx_word' id='word_1_166' title='bbox 2887 986 2980 1050; x_wconf 85' lang='lat' dir='ltr'><strong>qui</strong></span> <span class='ocrx_word' id='word_1_167' title='bbox 3019 979 3227 1033; x_wconf 89' lang='lat' dir='ltr'><strong>Lihauii</strong></span> <span class='ocrx_word' id='word_1_168' title='bbox 3254 993 3414 1035; x_wconf 71' lang='lat' dir='ltr'><strong>mtatc</strong></span> <span class='ocrx_word' id='word_1_169' title='bbox 3441 980 3671 1035; x_wconf 85' lang='lat' dir='ltr'><strong>Alexan—</strong></span> 
     </span>
    </p>
   </div>
   <div class='ocr_carea' id='block_1_24' title="bbox 2094 1073 3671 1143">
    <p class='ocr_par' dir='ltr' id='par_1_24' title="bbox 2094 1073 3671 1143">
     <span class='ocr_line' id='line_1_24' title="bbox 2094 1073 3671 1143; baseline -0.003 -16"><span class='ocrx_word' id='word_1_170' title='bbox 2094 1075 2226 1128; x_wconf 66' lang='lat' dir='ltr'><strong>dria:</strong></span> <span class='ocrx_word' id='word_1_171' title='bbox 2261 1074 2528 1133; x_wconf 85' lang='lat' dir='ltr'><strong>ﬂoruerit.</strong></span> <span class='ocrx_word' id='word_1_172' title='bbox 2556 1089 2617 1126; x_wconf 86' lang='lat' dir='ltr'><strong>ac</strong></span> <span class='ocrx_word' id='word_1_173' title='bbox 2657 1075 2881 1143; x_wconf 79' lang='lat' dir='ltr'><strong>Didymo</strong></span> <span class='ocrx_word' id='word_1_174' title='bbox 2913 1084 3097 1125; x_wconf 90' lang='lat' dir='ltr'><strong>nostro</strong></span> <span class='ocrx_word' id='word_1_175' title='bbox 3128 1073 3327 1136; x_wconf 89' lang='lat' dir='ltr'><strong>notior,</strong></span> <span class='ocrx_word' id='word_1_176' title='bbox 3359 1073 3438 1125; x_wconf 82' lang='lat' dir='ltr'><strong>vel</strong></span> <span class='ocrx_word' id='word_1_177' title='bbox 3480 1075 3671 1127; x_wconf 82' lang='lat' dir='ltr'><strong>saltem</strong></span> 
     </span>
    </p>
   </div>
   <div class='ocr_carea' id='block_1_25' title="bbox 2100 1162 3672 1235">
    <p class='ocr_par' dir='ltr' id='par_1_25' title="bbox 2100 1162 3672 1235">
     <span class='ocr_line' id='line_1_25' title="bbox 2100 1162 3672 1235; baseline -0.002 -15"><span class='ocrx_word' id='word_1_178' title='bbox 2100 1176 2441 1235; x_wconf 65' lang='lat' dir='ltr'><strong>mquenotns</strong></span> <span class='ocrx_word' id='word_1_179' title='bbox 2474 1165 2657 1232; x_wconf 77' lang='lat' dir='ltr'><strong>fuerit,</strong></span> <span class='ocrx_word' id='word_1_180' title='bbox 2712 1175 2804 1217; x_wconf 89' lang='lat' dir='ltr'><strong>aut</strong></span> <span class='ocrx_word' id='word_1_181' title='bbox 2862 1166 2999 1217; x_wconf 83' lang='lat' dir='ltr'><strong>ratio</strong></span> <span class='ocrx_word' id='word_1_182' title='bbox 3051 1163 3228 1231; x_wconf 88' lang='lat' dir='ltr'><strong>aliqua</strong></span> <span class='ocrx_word' id='word_1_183' title='bbox 3270 1162 3550 1229; x_wconf 76' lang='lat' dir='ltr'><strong>aﬂ&#39;eratnr,</strong></span> <span class='ocrx_word' id='word_1_184' title='bbox 3605 1167 3672 1217; x_wconf 85' lang='lat' dir='ltr'><strong>oh</strong></span> 
     </span>
    </p>
   </div>
   <div class='ocr_carea' id='block_1_26' title="bbox 2092 1254 3671 1328">
    <p class='ocr_par' dir='ltr' id='par_1_26' title="bbox 2092 1254 3671 1328">
     <span class='ocr_line' id='line_1_26' title="bbox 2092 1254 3671 1328; baseline 0 -20"><span class='ocrx_word' id='word_1_185' title='bbox 2092 1273 2255 1328; x_wconf 85' lang='lat' dir='ltr'><strong>quam</strong></span> <span class='ocrx_word' id='word_1_186' title='bbox 2297 1260 2363 1312; x_wconf 91' lang='lat' dir='ltr'><strong>de</strong></span> <span class='ocrx_word' id='word_1_187' title='bbox 2395 1258 2620 1328; x_wconf 86' lang='lat' dir='ltr'><strong>Didymo</strong></span> <span class='ocrx_word' id='word_1_188' title='bbox 2655 1268 2844 1313; x_wconf 90' lang='lat' dir='ltr'><strong>nostro</strong></span> <span class='ocrx_word' id='word_1_189' title='bbox 2878 1255 3132 1311; x_wconf 83' lang='lat' dir='ltr'><strong>Libanius</strong></span> <span class='ocrx_word' id='word_1_190' title='bbox 3157 1265 3389 1321; x_wconf 83' lang='lat' dir='ltr'><strong>nequeat</strong></span> <span class='ocrx_word' id='word_1_191' title='bbox 3425 1254 3671 1324; x_wconf 79' lang='lat' dir='ltr'><strong>intelligi.</strong></span> 
     </span>
    </p>
   </div>
   <div class='ocr_carea' id='block_1_27' title="bbox 2091 1346 3673 1421">
    <p class='ocr_par' dir='ltr' id='par_1_27' title="bbox 2091 1346 3673 1421">
     <span class='ocr_line' id='line_1_27' title="bbox 2091 1346 3673 1421; baseline -0.003 -19"><span class='ocrx_word' id='word_1_192' title='bbox 2091 1351 2162 1403; x_wconf 84' lang='lat' dir='ltr'><strong>At</strong></span> <span class='ocrx_word' id='word_1_193' title='bbox 2191 1350 2427 1417; x_wconf 87' lang='lat' dir='ltr'><strong>inquies,</strong></span> <span class='ocrx_word' id='word_1_194' title='bbox 2460 1350 2746 1421; x_wconf 82' lang='lat' dir='ltr'><strong>Didymum</strong></span> <span class='ocrx_word' id='word_1_195' title='bbox 2795 1349 2946 1402; x_wconf 91' lang='lat' dir='ltr'><strong>illum</strong></span> <span class='ocrx_word' id='word_1_196' title='bbox 3000 1346 3262 1401; x_wconf 88' lang='lat' dir='ltr'><strong>Libanius</strong></span> <span class='ocrx_word' id='word_1_197' title='bbox 3292 1357 3448 1400; x_wconf 84' lang='lat' dir='ltr'><strong>vocat</strong></span> <span class='ocrx_word' id='word_1_198' title='bbox 3501 1347 3673 1415; x_wconf 73' lang='lat' dir='ltr'><strong>magi-</strong></span> 
     </span>
    </p>
   </div>
   <div class='ocr_carea' id='block_1_28' title="bbox 2093 1436 3674 1510">
    <p class='ocr_par' dir='ltr' id='par_1_28' title="bbox 2093 1436 3674 1510">
     <span class='ocr_line' id='line_1_28' title="bbox 2093 1436 3674 1510; baseline -0.003 -15"><span class='ocrx_word' id='word_1_199' title='bbox 2093 1450 2289 1503; x_wconf 88' lang='lat' dir='ltr'><strong>strum,</strong></span> <span class='ocrx_word' id='word_1_200' title='bbox 2321 1455 2385 1494; x_wconf 88' lang='lat' dir='ltr'><strong>ac</strong></span> <span class='ocrx_word' id='word_1_201' title='bbox 2442 1452 2830 1510; x_wconf 71' lang='lat' dir='ltr'><strong>praeceptorem</strong></span> <span class='ocrx_word' id='word_1_202' title='bbox 2874 1455 3078 1495; x_wconf 90' lang='lat' dir='ltr'><strong>suum:</strong></span> <span class='ocrx_word' id='word_1_203' title='bbox 3121 1439 3172 1492; x_wconf 92' lang='lat' dir='ltr'><strong>id</strong></span> <span class='ocrx_word' id='word_1_204' title='bbox 3209 1449 3387 1493; x_wconf 89' lang='lat' dir='ltr'><strong>autem</strong></span> <span class='ocrx_word' id='word_1_205' title='bbox 3448 1436 3674 1508; x_wconf 83' lang='lat' dir='ltr'><strong>Didymo</strong></span> 
     </span>
    </p>
   </div>
   <div class='ocr_carea' id='block_1_29' title="bbox 2093 1528 3671 1599">
    <p class='ocr_par' dir='ltr' id='par_1_29' title="bbox 2093 1528 3671 1599">
     <span class='ocr_line' id='line_1_29' title="bbox 2093 1528 3671 1599; baseline -0.003 -15"><span class='ocrx_word' id='word_1_206' title='bbox 2093 1541 2284 1586; x_wconf 89' lang='lat' dir='ltr'><strong>nostro</strong></span> <span class='ocrx_word' id='word_1_207' title='bbox 2323 1530 2412 1585; x_wconf 85' lang='lat' dir='ltr'><strong>vix</strong></span> <span class='ocrx_word' id='word_1_208' title='bbox 2441 1546 2506 1585; x_wconf 89' lang='lat' dir='ltr'><strong>ac</strong></span> <span class='ocrx_word' id='word_1_209' title='bbox 2541 1546 2608 1585; x_wconf 92' lang='lat' dir='ltr'><strong>ne</strong></span> <span class='ocrx_word' id='word_1_210' title='bbox 2644 1532 2733 1585; x_wconf 82' lang='lat' dir='ltr'><strong>vix</strong></span> <span class='ocrx_word' id='word_1_211' title='bbox 2764 1530 2981 1599; x_wconf 86' lang='lat' dir='ltr'><strong>quidem</strong></span> <span class='ocrx_word' id='word_1_212' title='bbox 3027 1529 3274 1599; x_wconf 78' lang='lat' dir='ltr'><strong>congruit</strong></span> <span class='ocrx_word' id='word_1_213' title='bbox 3316 1546 3331 1582; x_wconf 89' lang='lat'><strong>:</strong></span> <span class='ocrx_word' id='word_1_214' title='bbox 3382 1543 3479 1583; x_wconf 91' lang='lat' dir='ltr'><strong>nec</strong></span> <span class='ocrx_word' id='word_1_215' title='bbox 3527 1528 3671 1582; x_wconf 90' lang='lat' dir='ltr'><strong>enim</strong></span> 
     </span>
    </p>
   </div>
   <div class='ocr_carea' id='block_1_30' title="bbox 2092 1618 3676 1687">
    <p class='ocr_par' dir='ltr' id='par_1_30' title="bbox 2092 1618 3676 1687">
     <span class='ocr_line' id='line_1_30' title="bbox 2092 1618 3676 1687; baseline 0 -13"><span class='ocrx_word' id='word_1_216' title='bbox 2092 1618 2357 1674; x_wconf 87' lang='lat' dir='ltr'><strong>Libanius</strong></span> <span class='ocrx_word' id='word_1_217' title='bbox 2389 1619 2777 1674; x_wconf 76' lang='lat' dir='ltr'><strong>Alexandriam</strong></span> <span class='ocrx_word' id='word_1_218' title='bbox 2808 1619 3081 1687; x_wconf 81' lang='lat' dir='ltr'><strong>profectus</strong></span> <span class='ocrx_word' id='word_1_219' title='bbox 3111 1635 3347 1687; x_wconf 85' lang='lat' dir='ltr'><strong>unquam</strong></span> <span class='ocrx_word' id='word_1_220' title='bbox 3373 1634 3493 1674; x_wconf 83' lang='lat' dir='ltr'><strong>csse</strong></span> <span class='ocrx_word' id='word_1_221' title='bbox 3525 1622 3676 1675; x_wconf 86' lang='lat' dir='ltr'><strong>vide-</strong></span> 
     </span>
    </p>
   </div>
   <div class='ocr_carea' id='block_1_31' title="bbox 2094 1710 3674 1781">
    <p class='ocr_par' dir='ltr' id='par_1_31' title="bbox 2094 1710 3674 1781">
     <span class='ocr_line' id='line_1_31' title="bbox 2094 1710 3674 1781; baseline 0.001 -16"><span class='ocrx_word' id='word_1_222' title='bbox 2094 1720 2199 1775; x_wconf 90' lang='lat' dir='ltr'><strong>tur,</strong></span> <span class='ocrx_word' id='word_1_223' title='bbox 2229 1726 2328 1765; x_wconf 90' lang='lat' dir='ltr'><strong>nec</strong></span> <span class='ocrx_word' id='word_1_224' title='bbox 2368 1710 2654 1781; x_wconf 82' lang='lat' dir='ltr'><strong>Didymum</strong></span> <span class='ocrx_word' id='word_1_225' title='bbox 2711 1722 2955 1765; x_wconf 89' lang='lat' dir='ltr'><strong>nostrum</strong></span> <span class='ocrx_word' id='word_1_226' title='bbox 3007 1718 3189 1779; x_wconf 86' lang='lat' dir='ltr'><strong>utpote</strong></span> <span class='ocrx_word' id='word_1_227' title='bbox 3240 1725 3440 1765; x_wconf 55' lang='lat' dir='ltr'><strong>caecum</strong></span> <span class='ocrx_word' id='word_1_228' title='bbox 3485 1711 3674 1766; x_wconf 73' lang='lat' dir='ltr'><strong>Antio~</strong></span> 
     </span>
    </p>
   </div>
   <div class='ocr_carea' id='block_1_32' title="bbox 2090 1798 3673 1866">
    <p class='ocr_par' dir='ltr' id='par_1_32' title="bbox 2090 1798 3673 1866">
     <span class='ocr_line' id='line_1_32' title="bbox 2090 1798 3673 1866; baseline 0 -11"><span class='ocrx_word' id='word_1_229' title='bbox 2090 1802 2294 1864; x_wconf 89' lang='lat' dir='ltr'><strong>cbiam,</strong></span> <span class='ocrx_word' id='word_1_230' title='bbox 2330 1810 2422 1854; x_wconf 89' lang='lat' dir='ltr'><strong>aut</strong></span> <span class='ocrx_word' id='word_1_231' title='bbox 2444 1802 2704 1866; x_wconf 78' lang='lat' dir='ltr'><strong>Athenas,</strong></span> <span class='ocrx_word' id='word_1_232' title='bbox 2735 1809 2827 1853; x_wconf 86' lang='lat' dir='ltr'><strong>aut</strong></span> <span class='ocrx_word' id='word_1_233' title='bbox 2861 1799 3249 1863; x_wconf 83' lang='lat' dir='ltr'><strong>Nicomediam,</strong></span> <span class='ocrx_word' id='word_1_234' title='bbox 3278 1808 3370 1853; x_wconf 90' lang='lat' dir='ltr'><strong>aut</strong></span> <span class='ocrx_word' id='word_1_235' title='bbox 3404 1798 3673 1855; x_wconf 81' lang='lat' dir='ltr'><strong>Constan-</strong></span> 
     </span>
    </p>
   </div>
   <div class='ocr_carea' id='block_1_33' title="bbox 390 1890 3673 1965">
    <p class='ocr_par' dir='ltr' id='par_1_33' title="bbox 390 1890 3673 1965">
     <span class='ocr_line' id='line_1_33' title="bbox 390 1890 3673 1965; baseline 0 -19"><span class='ocrx_word' id='word_1_236' title='bbox 390 1895 540 1961; x_wconf 83' lang='lat' dir='ltr'><strong>quod</strong></span> <span class='ocrx_word' id='word_1_237' title='bbox 565 1909 681 1946; x_wconf 89' lang='lat' dir='ltr'><strong>eum</strong></span> <span class='ocrx_word' id='word_1_238' title='bbox 719 1895 883 1946; x_wconf 88' lang='lat' dir='ltr'><strong>latere</strong></span> <span class='ocrx_word' id='word_1_239' title='bbox 915 1898 1074 1958; x_wconf 78' lang='lat' dir='ltr'><strong>possit</strong></span> <span class='ocrx_word' id='word_1_240' title='bbox 1109 1909 1128 1947; x_wconf 89' lang='lat'><strong><em>:</em></strong></span> <span class='ocrx_word' id='word_1_241' title='bbox 1158 1911 1279 1949; x_wconf 88' lang='lat' dir='ltr'><strong>nam</strong></span> <span class='ocrx_word' id='word_1_242' title='bbox 1311 1912 1429 1948; x_wconf 78' lang='lat' dir='ltr'><strong>cum</strong></span> <span class='ocrx_word' id='word_1_243' title='bbox 1459 1899 1657 1962; x_wconf 87' lang='lat' dir='ltr'><strong>omnia,</strong></span> <span class='ocrx_word' id='word_1_244' title='bbox 1709 1898 1899 1965; x_wconf 82' lang='lat' dir='ltr'><strong>inquit,</strong></span> <span class='ocrx_word' id='word_1_245' title='bbox 1929 1902 1982 1953; x_wconf 89' lang='lat' dir='ltr'><strong>in</strong></span> <span class='ocrx_word' id='word_1_246' title='bbox 2016 1892 2056 1947; x_wconf 82' lang='grc' dir='ltr'><strong><em>Β</em></strong></span> <span class='ocrx_word' id='word_1_247' title='bbox 2087 1891 2391 1959; x_wconf 88' lang='lat' dir='ltr'><strong>tinopolim,</strong></span> <span class='ocrx_word' id='word_1_248' title='bbox 2429 1904 2519 1945; x_wconf 88' lang='lat' dir='ltr'><strong>aut</strong></span> <span class='ocrx_word' id='word_1_249' title='bbox 2564 1891 2798 1946; x_wconf 77' lang='lat' dir='ltr'><strong>Nicaeam</strong></span> <span class='ocrx_word' id='word_1_250' title='bbox 2832 1891 3139 1961; x_wconf 80' lang='lat' dir='ltr'><strong>perrexisse</strong></span> <span class='ocrx_word' id='word_1_251' title='bbox 3180 1890 3471 1945; x_wconf 79' lang='lat' dir='ltr'><strong>verisimile</strong></span> <span class='ocrx_word' id='word_1_252' title='bbox 3545 1899 3631 1947; x_wconf 80' lang='lat' dir='ltr'><strong>est</strong></span> <span class='ocrx_word' id='word_1_253' title='bbox 3660 1908 3673 1944; x_wconf 91' lang='lat'><strong>:</strong></span> 
     </span>
    </p>
   </div>
   <div class='ocr_carea' id='block_1_34' title="bbox 384 1984 1991 2055">
    <p class='ocr_par' dir='ltr' id='par_1_34' title="bbox 384 1984 1991 2055">
     <span class='ocr_line' id='line_1_34' title="bbox 384 1984 1991 2055; baseline 0.004 -19"><span class='ocrx_word' id='word_1_254' title='bbox 384 1984 624 2054; x_wconf 79' lang='lat' dir='ltr'><strong>juvenili</strong></span> <span class='ocrx_word' id='word_1_255' title='bbox 669 1995 823 2038; x_wconf 76' lang='lat' dir='ltr'><strong>tetate</strong></span> <span class='ocrx_word' id='word_1_256' title='bbox 848 1987 1102 2053; x_wconf 77' lang='lat' dir='ltr'><strong>pra&#39;clare</strong></span> <span class='ocrx_word' id='word_1_257' title='bbox 1129 1987 1421 2055; x_wconf 77' lang='lat' dir='ltr'><strong>collegeris,</strong></span> <span class='ocrx_word' id='word_1_258' title='bbox 1456 1989 1735 2055; x_wconf 72' lang='lat' dir='ltr'><strong>requietem</strong></span> <span class='ocrx_word' id='word_1_259' title='bbox 1765 1988 1819 2041; x_wconf 86' lang='lat' dir='ltr'><strong>in</strong></span> <span class='ocrx_word' id='word_1_260' title='bbox 1844 2006 1991 2043; x_wconf 84' lang='lat' dir='ltr'><strong>sene-</strong></span> 
     </span>
    </p>
   </div>
   <div class='ocr_carea' id='block_1_35' title="bbox 398 2077 1991 2149">
    <p class='ocr_par' dir='ltr' id='par_1_35' title="bbox 398 2077 1991 2149">
     <span class='ocr_line' id='line_1_35' title="bbox 398 2077 1991 2149; baseline 0.006 -22"><span class='ocrx_word' id='word_1_261' title='bbox 398 2087 545 2131; x_wconf 83' lang='lat' dir='ltr'><strong>ctute</strong></span> <span class='ocrx_word' id='word_1_262' title='bbox 577 2080 755 2131; x_wconf 83' lang='lat' dir='ltr'><strong>habes.</strong></span> <span class='ocrx_word' id='word_1_263' title='bbox 790 2077 914 2131; x_wconf 68' lang='lat' dir='ltr'><strong>llaec</strong></span> <span class='ocrx_word' id='word_1_264' title='bbox 954 2093 1083 2133; x_wconf 85' lang='lat' dir='ltr'><strong>vero</strong></span> <span class='ocrx_word' id='word_1_265' title='bbox 1130 2081 1308 2132; x_wconf 80' lang='lat' dir='ltr'><strong>oinnia</strong></span> <span class='ocrx_word' id='word_1_266' title='bbox 1359 2080 1581 2149; x_wconf 88' lang='lat' dir='ltr'><strong>Didymo</strong></span> <span class='ocrx_word' id='word_1_267' title='bbox 1613 2091 1798 2135; x_wconf 90' lang='lat' dir='ltr'><strong>nostro</strong></span> <span class='ocrx_word' id='word_1_268' title='bbox 1846 2083 1991 2137; x_wconf 86' lang='lat' dir='ltr'><strong>miri-</strong></span> 
     </span>
    </p>
   </div>
   <div class='ocr_carea' id='block_1_36' title="bbox 404 2163 1989 2237">
    <p class='ocr_par' dir='ltr' id='par_1_36' title="bbox 404 2163 1989 2237">
     <span class='ocr_line' id='line_1_36' title="bbox 404 2163 1989 2237; baseline 0.006 -19"><span class='ocrx_word' id='word_1_269' title='bbox 404 2163 510 2218; x_wconf 86' lang='lat' dir='ltr'><strong>ﬁce</strong></span> <span class='ocrx_word' id='word_1_270' title='bbox 546 2167 890 2219; x_wconf 80' lang='lat' dir='ltr'><strong>conveniunt.</strong></span> <span class='ocrx_word' id='word_1_271' title='bbox 932 2165 1130 2233; x_wconf 87' lang='lat' dir='ltr'><strong>Quidni</strong></span> <span class='ocrx_word' id='word_1_272' title='bbox 1193 2182 1323 2234; x_wconf 80' lang='lat' dir='ltr'><strong>ergo</strong></span> <span class='ocrx_word' id='word_1_273' title='bbox 1381 2169 1724 2237; x_wconf 59' lang='lat' dir='ltr'><strong>suSpitéeinttr</strong></span> <span class='ocrx_word' id='word_1_274' title='bbox 1778 2173 1989 2227; x_wconf 83' lang='lat' dir='ltr'><strong>tertiam</strong></span> 
     </span>
    </p>
   </div>
   <div class='ocr_carea' id='block_1_37' title="bbox 396 2255 1990 2328">
    <p class='ocr_par' dir='ltr' id='par_1_37' title="bbox 396 2255 1990 2328">
     <span class='ocr_line' id='line_1_37' title="bbox 396 2255 1990 2328; baseline 0.007 -21"><span class='ocrx_word' id='word_1_275' title='bbox 396 2269 617 2323; x_wconf 87' lang='lat' dir='ltr'><strong>quoque</strong></span> <span class='ocrx_word' id='word_1_276' title='bbox 645 2255 818 2309; x_wconf 87' lang='lat' dir='ltr'><strong>eidem</strong></span> <span class='ocrx_word' id='word_1_277' title='bbox 848 2257 1069 2328; x_wconf 87' lang='lat' dir='ltr'><strong>Didymo</strong></span> <span class='ocrx_word' id='word_1_278' title='bbox 1091 2258 1349 2327; x_wconf 88' lang='lat' dir='ltr'><strong>scriptam</strong></span> <span class='ocrx_word' id='word_1_279' title='bbox 1380 2260 1543 2313; x_wconf 88' lang='lat' dir='ltr'><strong>esse?</strong></span> <span class='ocrx_word' id='word_1_280' title='bbox 1578 2259 1693 2314; x_wconf 82' lang='lat' dir='ltr'><strong>Non</strong></span> <span class='ocrx_word' id='word_1_281' title='bbox 1723 2265 1893 2317; x_wconf 89' lang='lat' dir='ltr'><strong>ausim</strong></span> <span class='ocrx_word' id='word_1_282' title='bbox 1939 2264 1990 2318; x_wconf 87' lang='lat' dir='ltr'><strong>id</strong></span> 
     </span>
    </p>
   </div>
   <div class='ocr_carea' id='block_1_38' title="bbox 392 2349 1990 2417">
    <p class='ocr_par' dir='ltr' id='par_1_38' title="bbox 392 2349 1990 2417">
     <span class='ocr_line' id='line_1_38' title="bbox 392 2349 1990 2417; baseline 0.005 -16"><span class='ocrx_word' id='word_1_283' title='bbox 392 2349 651 2416; x_wconf 75' lang='lat' dir='ltr'><strong>equidem</strong></span> <span class='ocrx_word' id='word_1_284' title='bbox 695 2363 1030 2404; x_wconf 87' lang='lat' dir='ltr'><strong>asseverare.</strong></span> <span class='ocrx_word' id='word_1_285' title='bbox 1075 2350 1397 2404; x_wconf 83' lang='lat' dir='ltr'><strong>Scholastici</strong></span> <span class='ocrx_word' id='word_1_286' title='bbox 1462 2360 1637 2405; x_wconf 87' lang='lat' dir='ltr'><strong>tamen</strong></span> <span class='ocrx_word' id='word_1_287' title='bbox 1685 2354 1888 2417; x_wconf 89' lang='lat' dir='ltr'><strong>titulus,</strong></span> <span class='ocrx_word' id='word_1_288' title='bbox 1924 2358 1990 2409; x_wconf 87' lang='lat' dir='ltr'><strong>de</strong></span> 
     </span>
    </p>
   </div>
   <div class='ocr_carea' id='block_1_39' title="bbox 394 2439 1987 2510">
    <p class='ocr_par' dir='ltr' id='par_1_39' title="bbox 394 2439 1987 2510">
     <span class='ocr_line' id='line_1_39' title="bbox 394 2439 1987 2510; baseline 0.007 -20"><span class='ocrx_word' id='word_1_289' title='bbox 394 2453 513 2505; x_wconf 86' lang='lat' dir='ltr'><strong>quo</strong></span> <span class='ocrx_word' id='word_1_290' title='bbox 560 2439 835 2505; x_wconf 78' lang='lat' dir='ltr'><strong>legendum</strong></span> <span class='ocrx_word' id='word_1_291' title='bbox 895 2440 1080 2510; x_wconf 82' lang='lat' dir='ltr'><strong>Cangii</strong></span> <span class='ocrx_word' id='word_1_292' title='bbox 1125 2439 1482 2508; x_wconf 86' lang='lat' dir='ltr'><strong>Glossarium,</strong></span> <span class='ocrx_word' id='word_1_293' title='bbox 1520 2456 1666 2499; x_wconf 82' lang='lat' dir='ltr'><strong>reete</strong></span> <span class='ocrx_word' id='word_1_294' title='bbox 1717 2445 1766 2499; x_wconf 91' lang='lat' dir='ltr'><strong>ei</strong></span> <span class='ocrx_word' id='word_1_295' title='bbox 1825 2448 1987 2502; x_wconf 89' lang='lat' dir='ltr'><strong>tribui</strong></span> 
     </span>
    </p>
   </div>
   <div class='ocr_carea' id='block_1_40' title="bbox 397 2529 1988 2608">
    <p class='ocr_par' dir='ltr' id='par_1_40' title="bbox 397 2529 1988 2608">
     <span class='ocr_line' id='line_1_40' title="bbox 397 2529 1988 2608; baseline 0.008 -29"><span class='ocrx_word' id='word_1_296' title='bbox 397 2529 598 2595; x_wconf 82' lang='lat' dir='ltr'><strong>potuit,</strong></span> <span class='ocrx_word' id='word_1_297' title='bbox 634 2532 719 2598; x_wconf 89' lang='lat' dir='ltr'><strong>qui</strong></span> <span class='ocrx_word' id='word_1_298' title='bbox 756 2543 809 2586; x_wconf 92' lang='lat' dir='ltr'><strong>et</strong></span> <span class='ocrx_word' id='word_1_299' title='bbox 839 2533 1038 2588; x_wconf 64' lang='lat' dir='ltr'><strong>schola!</strong></span> <span class='ocrx_word' id='word_1_300' title='bbox 1060 2533 1437 2587; x_wconf 65' lang='lat' dir='ltr'><strong>Alexandrina:</strong></span> <span class='ocrx_word' id='word_1_301' title='bbox 1468 2544 1721 2605; x_wconf 68' lang='lat' dir='ltr'><strong>praeerat,</strong></span> <span class='ocrx_word' id='word_1_302' title='bbox 1750 2549 1803 2592; x_wconf 88' lang='lat' dir='ltr'><strong>et</strong></span> <span class='ocrx_word' id='word_1_303' title='bbox 1829 2539 1988 2608; x_wconf 89' lang='lat' dir='ltr'><strong>pluri-</strong></span> 
     </span>
    </p>
   </div>
   <div class='ocr_carea' id='block_1_41' title="bbox 400 2618 1991 2698">
    <p class='ocr_par' dir='ltr' id='par_1_41' title="bbox 400 2618 1991 2698">
     <span class='ocr_line' id='line_1_41' title="bbox 400 2618 1991 2698; baseline 0.008 -27"><span class='ocrx_word' id='word_1_304' title='bbox 400 2618 507 2673; x_wconf 80' lang='lat' dir='ltr'><strong>bus</strong></span> <span class='ocrx_word' id='word_1_305' title='bbox 535 2622 774 2677; x_wconf 81' lang='lat' dir='ltr'><strong>scientiis</strong></span> <span class='ocrx_word' id='word_1_306' title='bbox 801 2624 1047 2678; x_wconf 90' lang='lat' dir='ltr'><strong>eruditus</strong></span> <span class='ocrx_word' id='word_1_307' title='bbox 1081 2636 1221 2679; x_wconf 88' lang='lat' dir='ltr'><strong>erat.</strong></span> <span class='ocrx_word' id='word_1_308' title='bbox 1266 2624 1418 2691; x_wconf 86' lang='lat' dir='ltr'><strong>Quod</strong></span> <span class='ocrx_word' id='word_1_309' title='bbox 1452 2627 1496 2680; x_wconf 91' lang='lat' dir='ltr'><strong>si</strong></span> <span class='ocrx_word' id='word_1_310' title='bbox 1543 2627 1611 2682; x_wconf 89' lang='lat' dir='ltr'><strong>ad</strong></span> <span class='ocrx_word' id='word_1_311' title='bbox 1652 2631 1822 2697; x_wconf 88' lang='lat' dir='ltr'><strong>ipsum</strong></span> <span class='ocrx_word' id='word_1_312' title='bbox 1877 2629 1991 2698; x_wconf 81' lang='lat' dir='ltr'><strong>epi-</strong></span> 
     </span>
    </p>
   </div>
   <div class='ocr_carea' id='block_1_42' title="bbox 405 2710 1985 2788">
    <p class='ocr_par' dir='ltr' id='par_1_42' title="bbox 405 2710 1985 2788">
     <span class='ocr_line' id='line_1_42' title="bbox 405 2710 1985 2788; baseline 0.004 -23"><span class='ocrx_word' id='word_1_313' title='bbox 405 2710 541 2765; x_wconf 86' lang='lat' dir='ltr'><strong>stola</strong></span> <span class='ocrx_word' id='word_1_314' title='bbox 578 2713 761 2768; x_wconf 69' lang='lat' dir='ltr'><strong>istbmc</strong></span> <span class='ocrx_word' id='word_1_315' title='bbox 795 2715 955 2771; x_wconf 86' lang='lat' dir='ltr'><strong>missa</strong></span> <span class='ocrx_word' id='word_1_316' title='bbox 988 2727 1092 2781; x_wconf 86' lang='lat' dir='ltr'><strong>est,</strong></span> <span class='ocrx_word' id='word_1_317' title='bbox 1127 2716 1344 2770; x_wconf 79' lang='lat' dir='ltr'><strong>fuerunt</strong></span> <span class='ocrx_word' id='word_1_318' title='bbox 1377 2718 1429 2771; x_wconf 85' lang='lat' dir='ltr'><strong>ei</strong></span> <span class='ocrx_word' id='word_1_319' title='bbox 1459 2718 1577 2772; x_wconf 87' lang='lat' dir='ltr'><strong>sine</strong></span> <span class='ocrx_word' id='word_1_320' title='bbox 1620 2720 1780 2773; x_wconf 91' lang='lat' dir='ltr'><strong>dubio</strong></span> <span class='ocrx_word' id='word_1_321' title='bbox 1810 2720 1985 2788; x_wconf 88' lang='lat' dir='ltr'><strong>liberi,</strong></span> 
     </span>
    </p>
   </div>
   <div class='ocr_carea' id='block_1_43' title="bbox 400 2802 1986 2878">
    <p class='ocr_par' dir='ltr' id='par_1_43' title="bbox 400 2802 1986 2878">
     <span class='ocr_line' id='line_1_43' title="bbox 400 2802 1986 2878; baseline 0.006 -22"><span class='ocrx_word' id='word_1_322' title='bbox 400 2802 548 2869; x_wconf 87' lang='lat' dir='ltr'><strong>iique</strong></span> <span class='ocrx_word' id='word_1_323' title='bbox 585 2803 785 2870; x_wconf 84' lang='lat' dir='ltr'><strong>plures,</strong></span> <span class='ocrx_word' id='word_1_324' title='bbox 823 2814 883 2860; x_wconf 89' lang='lat' dir='ltr'><strong>ut</strong></span> <span class='ocrx_word' id='word_1_325' title='bbox 917 2807 1075 2860; x_wconf 88' lang='lat' dir='ltr'><strong>allata</strong></span> <span class='ocrx_word' id='word_1_326' title='bbox 1122 2810 1284 2861; x_wconf 83' lang='lat' dir='ltr'><strong>etiam</strong></span> <span class='ocrx_word' id='word_1_327' title='bbox 1344 2808 1577 2878; x_wconf 82' lang='lat' dir='ltr'><strong>theologi</strong></span> <span class='ocrx_word' id='word_1_328' title='bbox 1619 2812 1787 2863; x_wconf 89' lang='lat' dir='ltr'><strong>nostri</strong></span> <span class='ocrx_word' id='word_1_329' title='bbox 1824 2811 1986 2865; x_wconf 75' lang='lat' dir='ltr'><strong>verba</strong></span> 
     </span>
    </p>
   </div>
   <div class='ocr_carea' id='block_1_44' title="bbox 402 2895 1985 2968">
    <p class='ocr_par' dir='ltr' id='par_1_44' title="bbox 402 2895 1985 2968">
     <span class='ocr_line' id='line_1_44' title="bbox 402 2895 1985 2968; baseline 0.004 -19"><span class='ocrx_word' id='word_1_330' title='bbox 402 2895 662 2952; x_wconf 84' lang='lat' dir='ltr'><strong>iudicant.</strong></span> <span class='ocrx_word' id='word_1_331' title='bbox 696 2897 787 2952; x_wconf 91' lang='lat' dir='ltr'><strong>Sic</strong></span> <span class='ocrx_word' id='word_1_332' title='bbox 827 2899 970 2952; x_wconf 90' lang='lat' dir='ltr'><strong>enim</strong></span> <span class='ocrx_word' id='word_1_333' title='bbox 1024 2899 1211 2967; x_wconf 78' lang='lat' dir='ltr'><strong>incipit</strong></span> <span class='ocrx_word' id='word_1_334' title='bbox 1259 2899 1532 2968; x_wconf 81' lang='lat' dir='ltr'><strong>epistula:</strong></span> <span class='ocrx_word' id='word_1_335' title='bbox 1586 2898 1786 2954; x_wconf 83' lang='lat' dir='ltr'><strong>Filium</strong></span> <span class='ocrx_word' id='word_1_336' title='bbox 1841 2916 1985 2956; x_wconf 87' lang='lat' dir='ltr'><strong>tuum</strong></span> 
     </span>
    </p>
   </div>
   <div class='ocr_carea' id='block_1_45' title="bbox 400 2988 1985 3062">
    <p class='ocr_par' dir='ltr' id='par_1_45' title="bbox 400 2988 1985 3062">
     <span class='ocr_line' id='line_1_45' title="bbox 400 2988 1985 3062; baseline 0.004 -22"><span class='ocrx_word' id='word_1_337' title='bbox 400 2988 759 3041; x_wconf 66' lang='lat' dir='ltr'><strong>maximuma</strong></span> <span class='ocrx_word' id='word_1_338' title='bbox 812 3002 937 3043; x_wconf 87' lang='lat' dir='ltr'><strong>nntu</strong></span> <span class='ocrx_word' id='word_1_339' title='bbox 980 2992 1194 3043; x_wconf 86' lang='lat' dir='ltr'><strong>minimo</strong></span> <span class='ocrx_word' id='word_1_340' title='bbox 1230 2992 1518 3053; x_wconf 85' lang='lat' dir='ltr'><strong>dissidere,</strong></span> <span class='ocrx_word' id='word_1_341' title='bbox 1566 3004 1712 3062; x_wconf 83' lang='lat' dir='ltr'><strong>teque</strong></span> <span class='ocrx_word' id='word_1_342' title='bbox 1746 2993 1860 3062; x_wconf 83' lang='lat' dir='ltr'><strong>ejus</strong></span> <span class='ocrx_word' id='word_1_343' title='bbox 1910 2995 1985 3047; x_wconf 87' lang='lat' dir='ltr'><strong>rei</strong></span> 
     </span>
    </p>
   </div>
   <div class='ocr_carea' id='block_1_46' title="bbox 398 3077 1985 3152">
    <p class='ocr_par' dir='ltr' id='par_1_46' title="bbox 398 3077 1985 3152">
     <span class='ocr_line' id='line_1_46' title="bbox 398 3077 1985 3152; baseline 0.007 -22"><span class='ocrx_word' id='word_1_344' title='bbox 398 3077 575 3147; x_wconf 82' lang='lat' dir='ltr'><strong>[erunt</strong></span> <span class='ocrx_word' id='word_1_345' title='bbox 606 3080 897 3140; x_wconf 84' lang='lat' dir='ltr'><strong>conscium,</strong></span> <span class='ocrx_word' id='word_1_346' title='bbox 939 3082 1131 3148; x_wconf 82' lang='lat' dir='ltr'><strong>[ingere</strong></span> <span class='ocrx_word' id='word_1_347' title='bbox 1156 3091 1328 3134; x_wconf 85' lang='lat' dir='ltr'><strong>tamen</strong></span> <span class='ocrx_word' id='word_1_348' title='bbox 1375 3084 1529 3151; x_wconf 88' lang='lat' dir='ltr'><strong>quosi</strong></span> <span class='ocrx_word' id='word_1_349' title='bbox 1579 3086 1798 3139; x_wconf 70' lang='lat' dir='ltr'><strong>nescias.</strong></span> <span class='ocrx_word' id='word_1_350' title='bbox 1856 3086 1985 3152; x_wconf 70' lang='lat' dir='ltr'><strong>Qus:</strong></span> 
     </span>
    </p>
   </div>
   <div class='ocr_carea' id='block_1_47' title="bbox 392 3157 1979 3231">
    <p class='ocr_par' dir='ltr' id='par_1_47' title="bbox 392 3157 1979 3231">
     <span class='ocr_line' id='line_1_47' title="bbox 392 3157 1979 3231; baseline 0.005 -10"><span class='ocrx_word' id='word_1_351' title='bbox 392 3169 595 3221; x_wconf 86' lang='lat' dir='ltr'><strong>mirum</strong></span> <span class='ocrx_word' id='word_1_352' title='bbox 642 3170 695 3221; x_wconf 91' lang='lat' dir='ltr'><strong>in</strong></span> <span class='ocrx_word' id='word_1_353' title='bbox 728 3170 941 3220; x_wconf 87' lang='lat' dir='ltr'><strong>modum</strong></span> <span class='ocrx_word' id='word_1_354' title='bbox 977 3157 1301 3225; x_wconf 76' lang='lat' dir='ltr'><strong>conveniunt</strong></span> <span class='ocrx_word' id='word_1_355' title='bbox 1349 3174 1556 3227; x_wconf 80' lang='lat' dir='ltr'><strong>auctori</strong></span> <span class='ocrx_word' id='word_1_356' title='bbox 1594 3186 1779 3230; x_wconf 80' lang='lat' dir='ltr'><strong>nostro</strong></span> <span class='ocrx_word' id='word_1_357' title='bbox 1812 3192 1827 3230; x_wconf 90' lang='lat'><strong>:</strong></span> <span class='ocrx_word' id='word_1_358' title='bbox 1859 3195 1979 3231; x_wconf 81' lang='lat' dir='ltr'><strong>cuni</strong></span> 
     </span>
    </p>
   </div>
   <div class='ocr_carea' id='block_1_48' title="bbox 398 3258 1974 3335">
    <p class='ocr_par' dir='ltr' id='par_1_48' title="bbox 398 3258 1974 3335">
     <span class='ocr_line' id='line_1_48' title="bbox 398 3258 1974 3335; baseline 0.006 -25"><span class='ocrx_word' id='word_1_359' title='bbox 398 3261 545 3313; x_wconf 88' lang='lat' dir='ltr'><strong>enim</strong></span> <span class='ocrx_word' id='word_1_360' title='bbox 584 3258 785 3326; x_wconf 84' lang='lat' dir='ltr'><strong>quietis</strong></span> <span class='ocrx_word' id='word_1_361' title='bbox 816 3261 1235 3313; x_wconf 83' lang='lat' dir='ltr'><strong>:unantissimunt</strong></span> <span class='ocrx_word' id='word_1_362' title='bbox 1273 3263 1467 3330; x_wconf 79' lang='lat' dir='ltr'><strong>fuisse,</strong></span> <span class='ocrx_word' id='word_1_363' title='bbox 1499 3280 1563 3320; x_wconf 87' lang='lat' dir='ltr'><strong>ac</strong></span> <span class='ocrx_word' id='word_1_364' title='bbox 1613 3281 1974 3335; x_wconf 85' lang='lat' dir='ltr'><strong>mansuetum,</strong></span> 
     </span>
    </p>
   </div>
   <div class='ocr_carea' id='block_1_49' title="bbox 392 3350 1978 3427">
    <p class='ocr_par' dir='ltr' id='par_1_49' title="bbox 392 3350 1978 3427">
     <span class='ocr_line' id='line_1_49' title="bbox 392 3350 1978 3427; baseline 0.007 -26"><span class='ocrx_word' id='word_1_365' title='bbox 392 3358 562 3417; x_wconf 83' lang='lat' dir='ltr'><strong>atque</strong></span> <span class='ocrx_word' id='word_1_366' title='bbox 584 3350 654 3401; x_wconf 88' lang='lat' dir='ltr'><strong>ah</strong></span> <span class='ocrx_word' id='word_1_367' title='bbox 686 3351 948 3412; x_wconf 74' lang='lat' dir='ltr'><strong>ejusorodt</strong></span> <span class='ocrx_word' id='word_1_368' title='bbox 976 3354 1404 3423; x_wconf 82' lang='lat' dir='ltr'><strong>contentimiihns</strong></span> <span class='ocrx_word' id='word_1_369' title='bbox 1439 3356 1698 3418; x_wconf 87' lang='lat' dir='ltr'><strong>ahenum,</strong></span> <span class='ocrx_word' id='word_1_370' title='bbox 1754 3359 1978 3427; x_wconf 85' lang='lat' dir='ltr'><strong>plurima</strong></span> 
     </span>
    </p>
   </div>
   <div class='ocr_carea' id='block_1_50' title="bbox 393 3436 1737 3509">
    <p class='ocr_par' dir='ltr' id='par_1_50' title="bbox 393 3436 1737 3509">
     <span class='ocr_line' id='line_1_50' title="bbox 393 3436 1737 3509; baseline 0.006 -17"><span class='ocrx_word' id='word_1_371' title='bbox 393 3436 551 3507; x_wconf 76' lang='lat' dir='ltr'><strong>hujus</strong></span> <span class='ocrx_word' id='word_1_372' title='bbox 584 3441 652 3494; x_wconf 83' lang='lat' dir='ltr'><strong>de</strong></span> <span class='ocrx_word' id='word_1_373' title='bbox 681 3439 948 3494; x_wconf 85' lang='lat' dir='ltr'><strong>Trinitate</strong></span> <span class='ocrx_word' id='word_1_374' title='bbox 979 3444 1156 3509; x_wconf 83' lang='lat' dir='ltr'><strong>operis</strong></span> <span class='ocrx_word' id='word_1_375' title='bbox 1203 3446 1314 3500; x_wconf 87' lang='lat' dir='ltr'><strong>loca</strong></span> <span class='ocrx_word' id='word_1_376' title='bbox 1365 3446 1737 3501; x_wconf 80' lang='lat' dir='ltr'><strong>manifestant.</strong></span> 
     </span>
    </p>
   </div>
   <div class='ocr_carea' id='block_1_51' title="bbox 466 3534 1984 3606">
    <p class='ocr_par' dir='ltr' id='par_1_51' title="bbox 466 3534 1984 3606">
     <span class='ocr_line' id='line_1_51' title="bbox 466 3534 1984 3606; baseline 0.004 -19"><span class='ocrx_word' id='word_1_377' title='bbox 466 3534 718 3596; x_wconf 89' lang='lat' dir='ltr'><strong>Demum,</strong></span> <span class='ocrx_word' id='word_1_378' title='bbox 753 3534 1019 3591; x_wconf 85' lang='lat' dir='ltr'><strong>Libanius</strong></span> <span class='ocrx_word' id='word_1_379' title='bbox 1048 3538 1098 3591; x_wconf 92' lang='lat' dir='ltr'><strong>in</strong></span> <span class='ocrx_word' id='word_1_380' title='bbox 1135 3538 1356 3606; x_wconf 87' lang='lat' dir='ltr'><strong>epistola</strong></span> <span class='ocrx_word' id='word_1_381' title='bbox 1379 3540 1476 3594; x_wconf 71' lang='lat'><strong>521</strong></span> <span class='ocrx_word' id='word_1_382' title='bbox 1522 3538 1841 3593; x_wconf 83' lang='lat' dir='ltr'><strong>Sebastiano</strong></span> <span class='ocrx_word' id='word_1_383' title='bbox 1871 3540 1984 3593; x_wconf 84' lang='lat' dir='ltr'><strong>Ma-</strong></span> 
     </span>
    </p>
   </div>
   <div class='ocr_carea' id='block_1_52' title="bbox 397 3621 1980 3696">
    <p class='ocr_par' dir='ltr' id='par_1_52' title="bbox 397 3621 1980 3696">
     <span class='ocr_line' id='line_1_52' title="bbox 397 3621 1980 3696; baseline 0.004 -21"><span class='ocrx_word' id='word_1_384' title='bbox 397 3623 633 3688; x_wconf 75' lang='lat' dir='ltr'><strong>nichaee,-</strong></span> <span class='ocrx_word' id='word_1_385' title='bbox 655 3621 875 3696; x_wconf 64' lang='lat' dir='ltr'><strong>Egypti</strong></span> <span class='ocrx_word' id='word_1_386' title='bbox 906 3628 1046 3689; x_wconf 89' lang='lat' dir='ltr'><strong>duci,</strong></span> <span class='ocrx_word' id='word_1_387' title='bbox 1082 3626 1401 3680; x_wconf 79' lang='lat' dir='ltr'><strong>lihetorimn</strong></span> <span class='ocrx_word' id='word_1_388' title='bbox 1434 3629 1800 3691; x_wconf 83' lang='lat' dir='ltr'><strong>commendat,</strong></span> <span class='ocrx_word' id='word_1_389' title='bbox 1822 3644 1980 3696; x_wconf 80' lang='lat' dir='ltr'><strong>quem</strong></span> 
     </span>
    </p>
   </div>
   <div class='ocr_carea' id='block_1_53' title="bbox 398 3694 1984 3788">
    <p class='ocr_par' dir='ltr' id='par_1_53' title="bbox 398 3694 1984 3788">
     <span class='ocr_line' id='line_1_53' title="bbox 398 3694 1984 3788; baseline 0.007 -25"><span class='ocrx_word' id='word_1_390' title='bbox 398 3720 454 3764; x_wconf 85' lang='lat' dir='ltr'><strong>et</strong></span> <span class='ocrx_word' id='word_1_391' title='bbox 486 3694 800 3781; x_wconf 79' lang='lat' dir='ltr'><strong>discipulum</strong></span> <span class='ocrx_word' id='word_1_392' title='bbox 827 3730 982 3768; x_wconf 88' lang='lat' dir='ltr'><strong>suum</strong></span> <span class='ocrx_word' id='word_1_393' title='bbox 1015 3718 1165 3778; x_wconf 92' lang='lat' dir='ltr'><strong>dicit,</strong></span> <span class='ocrx_word' id='word_1_394' title='bbox 1199 3728 1252 3770; x_wconf 90' lang='lat' dir='ltr'><strong>et</strong></span> <span class='ocrx_word' id='word_1_395' title='bbox 1286 3718 1557 3772; x_wconf 87' lang='lat' dir='ltr'><strong>hominem</strong></span> <span class='ocrx_word' id='word_1_396' title='bbox 1592 3735 1695 3772; x_wconf 91' lang='lat' dir='ltr'><strong>non</strong></span> <span class='ocrx_word' id='word_1_397' title='bbox 1728 3718 1984 3788; x_wconf 85' lang='lat' dir='ltr'><strong>pecunio-</strong></span> 
     </span>
    </p>
   </div>
   <div class='ocr_carea' id='block_1_54' title="bbox 393 3806 1980 3882">
    <p class='ocr_par' dir='ltr' id='par_1_54' title="bbox 393 3806 1980 3882">
     <span class='ocr_line' id='line_1_54' title="bbox 393 3806 1980 3882; baseline 0.006 -25"><span class='ocrx_word' id='word_1_398' title='bbox 393 3816 538 3870; x_wconf 84' lang='lat' dir='ltr'><strong>sum,</strong></span> <span class='ocrx_word' id='word_1_399' title='bbox 567 3817 619 3858; x_wconf 91' lang='lat' dir='ltr'><strong>ct</strong></span> <span class='ocrx_word' id='word_1_400' title='bbox 654 3806 703 3859; x_wconf 92' lang='lat' dir='ltr'><strong>in</strong></span> <span class='ocrx_word' id='word_1_401' title='bbox 747 3809 1055 3861; x_wconf 81' lang='lat' dir='ltr'><strong>oratoribus</strong></span> <span class='ocrx_word' id='word_1_402' title='bbox 1105 3822 1168 3863; x_wconf 91' lang='lat' dir='ltr'><strong>ac</strong></span> <span class='ocrx_word' id='word_1_403' title='bbox 1218 3810 1391 3877; x_wconf 88' lang='lat' dir='ltr'><strong>poetis</strong></span> <span class='ocrx_word' id='word_1_404' title='bbox 1422 3821 1714 3876; x_wconf 85' lang='lat' dir='ltr'><strong>versatum,</strong></span> <span class='ocrx_word' id='word_1_405' title='bbox 1775 3812 1980 3882; x_wconf 78' lang='lat' dir='ltr'><strong>Didymi</strong></span> 
     </span>
    </p>
   </div>
   <div class='ocr_carea' id='block_1_55' title="bbox 397 3896 1980 3971">
    <p class='ocr_par' dir='ltr' id='par_1_55' title="bbox 397 3896 1980 3971">
     <span class='ocr_line' id='line_1_55' title="bbox 397 3896 1980 3971; baseline 0.004 -22"><span class='ocrx_word' id='word_1_406' title='bbox 397 3909 580 3949; x_wconf 82' lang='lat' dir='ltr'><strong>autem</strong></span> <span class='ocrx_word' id='word_1_407' title='bbox 616 3896 779 3948; x_wconf 83' lang='lat' dir='ltr'><strong>lilium</strong></span> <span class='ocrx_word' id='word_1_408' title='bbox 812 3917 823 3951; x_wconf 92' lang='lat'>:</span> <span class='ocrx_word' id='word_1_409' title='bbox 863 3896 1006 3961; x_wconf 77' lang='lat' dir='ltr'><strong>Duo,</strong></span> <span class='ocrx_word' id='word_1_410' title='bbox 1043 3898 1236 3963; x_wconf 87' lang='lat' dir='ltr'><strong>inquit,</strong></span> <span class='ocrx_word' id='word_1_411' title='bbox 1270 3901 1324 3950; x_wconf 88' lang='lat' dir='ltr'><strong>in</strong></span> <span class='ocrx_word' id='word_1_412' title='bbox 1354 3900 1539 3967; x_wconf 87' lang='lat' dir='ltr'><strong>primis</strong></span> <span class='ocrx_word' id='word_1_413' title='bbox 1572 3918 1649 3955; x_wconf 88' lang='lat' dir='ltr'><strong>me</strong></span> <span class='ocrx_word' id='word_1_414' title='bbox 1678 3903 1777 3966; x_wconf 86' lang='lat' dir='ltr'><strong>ipsi</strong></span> <span class='ocrx_word' id='word_1_415' title='bbox 1811 3901 1980 3971; x_wconf 68' lang='lat' dir='ltr'><strong>(lihe-</strong></span> 
     </span>
    </p>
   </div>
   <div class='ocr_carea' id='block_1_56' title="bbox 393 3988 1981 4059">
    <p class='ocr_par' dir='ltr' id='par_1_56' title="bbox 393 3988 1981 4059">
     <span class='ocr_line' id='line_1_56' title="bbox 393 3988 1981 4059; baseline 0.003 -17"><span class='ocrx_word' id='word_1_416' title='bbox 393 3988 553 4059; x_wconf 86' lang='lat' dir='ltr'><strong>torio)</strong></span> <span class='ocrx_word' id='word_1_417' title='bbox 587 3989 887 4043; x_wconf 78' lang='lat' dir='ltr'><strong>benevolum</strong></span> <span class='ocrx_word' id='word_1_418' title='bbox 928 3993 1170 4043; x_wconf 84' lang='lat' dir='ltr'><strong>reddunt.</strong></span> <span class='ocrx_word' id='word_1_419' title='bbox 1199 3988 1332 4044; x_wconf 86' lang='lat' dir='ltr'><strong>Cum</strong></span> <span class='ocrx_word' id='word_1_420' title='bbox 1359 3994 1493 4045; x_wconf 87' lang='lat' dir='ltr'><strong>enim</strong></span> <span class='ocrx_word' id='word_1_421' title='bbox 1529 4010 1672 4047; x_wconf 82' lang='lat' dir='ltr'><strong>meus</strong></span> <span class='ocrx_word' id='word_1_422' title='bbox 1714 3996 1781 4046; x_wconf 87' lang='lat' dir='ltr'><strong>sit</strong></span> <span class='ocrx_word' id='word_1_423' title='bbox 1823 3994 1981 4046; x_wconf 77' lang='lat' dir='ltr'><strong>disci-</strong></span> 
     </span>
    </p>
   </div>
   <div class='ocr_carea' id='block_1_57' title="bbox 393 4080 1977 4151">
    <p class='ocr_par' dir='ltr' id='par_1_57' title="bbox 393 4080 1977 4151">
     <span class='ocr_line' id='line_1_57' title="bbox 393 4080 1977 4151; baseline 0.004 -21"><span class='ocrx_word' id='word_1_424' title='bbox 393 4080 569 4149; x_wconf 82' lang='lat' dir='ltr'><strong>pulus,</strong></span> <span class='ocrx_word' id='word_1_425' title='bbox 600 4081 740 4148; x_wconf 64' lang='lat' dir='ltr'><strong>filius</strong></span> <span class='ocrx_word' id='word_1_426' title='bbox 773 4091 1028 4147; x_wconf 75' lang='lat' dir='ltr'><strong>prwterea</strong></span> <span class='ocrx_word' id='word_1_427' title='bbox 1066 4092 1138 4133; x_wconf 86' lang='lat' dir='ltr'><strong>est</strong></span> <span class='ocrx_word' id='word_1_428' title='bbox 1162 4080 1506 4142; x_wconf 72' lang='grc' dir='ltr'><strong>διδασκάλου,</strong></span> <span class='ocrx_word' id='word_1_429' title='bbox 1547 4085 1601 4137; x_wconf 81' lang='lat' dir='ltr'><strong>id</strong></span> <span class='ocrx_word' id='word_1_430' title='bbox 1629 4094 1704 4137; x_wconf 91' lang='lat' dir='ltr'><strong>est</strong></span> <span class='ocrx_word' id='word_1_431' title='bbox 1731 4085 1977 4151; x_wconf 86' lang='lat' dir='ltr'><strong>doctoris,</strong></span> 
     </span>
    </p>
   </div>
   <div class='ocr_carea' id='block_1_58' title="bbox 399 4171 1981 4243">
    <p class='ocr_par' dir='ltr' id='par_1_58' title="bbox 399 4171 1981 4243">
     <span class='ocr_line' id='line_1_58' title="bbox 399 4171 1981 4243; baseline 0.004 -20"><span class='ocrx_word' id='word_1_432' title='bbox 399 4184 491 4223; x_wconf 79' lang='lat' dir='ltr'><strong>seu</strong></span> <span class='ocrx_word' id='word_1_433' title='bbox 527 4173 781 4239; x_wconf 81' lang='lat' dir='ltr'><strong>magistri.</strong></span> <span class='ocrx_word' id='word_1_434' title='bbox 835 4171 1118 4241; x_wconf 83' lang='lat' dir='ltr'><strong>bidymum</strong></span> <span class='ocrx_word' id='word_1_435' title='bbox 1152 4188 1280 4224; x_wconf 82' lang='lat' dir='ltr'><strong>sane</strong></span> <span class='ocrx_word' id='word_1_436' title='bbox 1310 4184 1363 4223; x_wconf 88' lang='lat' dir='ltr'><strong>tu</strong></span> <span class='ocrx_word' id='word_1_437' title='bbox 1395 4190 1496 4225; x_wconf 87' lang='lat' dir='ltr'><strong>non</strong></span> <span class='ocrx_word' id='word_1_438' title='bbox 1530 4175 1760 4243; x_wconf 87' lang='lat' dir='ltr'><strong>ignoras,</strong></span> <span class='ocrx_word' id='word_1_439' title='bbox 1793 4177 1894 4228; x_wconf 84' lang='lat' dir='ltr'><strong>nisi</strong></span> <span class='ocrx_word' id='word_1_440' title='bbox 1931 4187 1981 4230; x_wconf 87' lang='lat' dir='ltr'><strong>et</strong></span> 
     </span>
    </p>
   </div>
   <div class='ocr_carea' id='block_1_59' title="bbox 405 4264 1982 4334">
    <p class='ocr_par' dir='ltr' id='par_1_59' title="bbox 405 4264 1982 4334">
     <span class='ocr_line' id='line_1_59' title="bbox 405 4264 1982 4334; baseline 0.005 -20"><span class='ocrx_word' id='word_1_441' title='bbox 405 4277 642 4329; x_wconf 78' lang='lat' dir='ltr'><strong>magnam</strong></span> <span class='ocrx_word' id='word_1_442' title='bbox 670 4264 937 4316; x_wconf 85' lang='lat' dir='ltr'><strong>civitatem</strong></span> <span class='ocrx_word' id='word_1_443' title='bbox 972 4264 1204 4332; x_wconf 85' lang='lat' dir='ltr'><strong>ignores,</strong></span> <span class='ocrx_word' id='word_1_444' title='bbox 1238 4265 1291 4316; x_wconf 89' lang='lat' dir='ltr'><strong>in</strong></span> <span class='ocrx_word' id='word_1_445' title='bbox 1335 4280 1440 4334; x_wconf 86' lang='lat' dir='ltr'><strong>qua</strong></span> <span class='ocrx_word' id='word_1_446' title='bbox 1470 4265 1722 4318; x_wconf 69' lang='lat' dir='ltr'><strong>doctrina?</strong></span> <span class='ocrx_word' id='word_1_447' title='bbox 1757 4283 1867 4320; x_wconf 72' lang='lat' dir='ltr'><strong>sure</strong></span> <span class='ocrx_word' id='word_1_448' title='bbox 1895 4284 1982 4322; x_wconf 86' lang='lat' dir='ltr'><strong>co-</strong></span> 
     </span>
    </p>
   </div>
   <div class='ocr_carea' id='block_1_60' title="bbox 394 4355 1979 4429">
    <p class='ocr_par' dir='ltr' id='par_1_60' title="bbox 394 4355 1979 4429">
     <span class='ocr_line' id='line_1_60' title="bbox 394 4355 1979 4429; baseline 0.006 -23"><span class='ocrx_word' id='word_1_449' title='bbox 394 4355 531 4423; x_wconf 83' lang='lat' dir='ltr'><strong>piam</strong></span> <span class='ocrx_word' id='word_1_450' title='bbox 567 4357 689 4408; x_wconf 87' lang='lat' dir='ltr'><strong>aliis</strong></span> <span class='ocrx_word' id='word_1_451' title='bbox 727 4356 838 4421; x_wconf 86' lang='lat' dir='ltr'><strong>ipse</strong></span> <span class='ocrx_word' id='word_1_452' title='bbox 883 4355 1032 4424; x_wconf 79' lang='lat' dir='ltr'><strong>fecit,</strong></span> <span class='ocrx_word' id='word_1_453' title='bbox 1065 4367 1219 4410; x_wconf 86' lang='lat' dir='ltr'><strong>noctu</strong></span> <span class='ocrx_word' id='word_1_454' title='bbox 1255 4369 1302 4410; x_wconf 89' lang='lat' dir='ltr'><strong>et</strong></span> <span class='ocrx_word' id='word_1_455' title='bbox 1344 4358 1577 4411; x_wconf 81' lang='lat' dir='ltr'><strong>interdiu</strong></span> <span class='ocrx_word' id='word_1_456' title='bbox 1604 4360 1797 4429; x_wconf 78' lang='lat' dir='ltr'><strong>ﬂuens.</strong></span> <span class='ocrx_word' id='word_1_457' title='bbox 1827 4361 1890 4414; x_wconf 85' lang='lat' dir='ltr'><strong>Et</strong></span> <span class='ocrx_word' id='word_1_458' title='bbox 1926 4362 1979 4415; x_wconf 86' lang='lat' dir='ltr'><strong>in</strong></span> 
     </span>
    </p>
   </div>
   <div class='ocr_carea' id='block_1_61' title="bbox 392 4442 1981 4512">
    <p class='ocr_par' dir='ltr' id='par_1_61' title="bbox 392 4442 1981 4512">
     <span class='ocr_line' id='line_1_61' title="bbox 392 4442 1981 4512; baseline 0.002 -15"><span class='ocrx_word' id='word_1_459' title='bbox 392 4444 612 4512; x_wconf 64' lang='lat' dir='ltr'><strong>epistola</strong></span> <span class='ocrx_word' id='word_1_460' title='bbox 649 4444 781 4509; x_wconf 71' lang='lat'><strong>320,</strong></span> <span class='ocrx_word' id='word_1_461' title='bbox 843 4442 1122 4498; x_wconf 77' lang='lat' dir='ltr'><strong>Rhetorms</strong></span> <span class='ocrx_word' id='word_1_462' title='bbox 1159 4447 1256 4499; x_wconf 89' lang='lat' dir='ltr'><strong>iste</strong></span> <span class='ocrx_word' id='word_1_463' title='bbox 1298 4448 1564 4501; x_wconf 87' lang='lat' dir='ltr'><strong>nobiscum</strong></span> <span class='ocrx_word' id='word_1_464' title='bbox 1607 4461 1836 4502; x_wconf 82' lang='lat' dir='ltr'><strong>versatus</strong></span> <span class='ocrx_word' id='word_1_465' title='bbox 1874 4460 1981 4512; x_wconf 83' lang='lat' dir='ltr'><strong>est;</strong></span> 
     </span>
    </p>
   </div>
   <div class='ocr_carea' id='block_1_62' title="bbox 2093 1980 3673 2050">
    <p class='ocr_par' dir='ltr' id='par_1_62' title="bbox 2093 1980 3673 2050">
     <span class='ocr_line' id='line_1_62' title="bbox 2093 1980 3673 2050; baseline 0.003 -18"><span class='ocrx_word' id='word_1_466' title='bbox 2093 1983 2292 2050; x_wconf 88' lang='lat' dir='ltr'><strong>quibus</strong></span> <span class='ocrx_word' id='word_1_467' title='bbox 2326 1982 2381 2035; x_wconf 91' lang='lat' dir='ltr'><strong>in</strong></span> <span class='ocrx_word' id='word_1_468' title='bbox 2412 1982 2635 2036; x_wconf 89' lang='lat' dir='ltr'><strong>urbibus</strong></span> <span class='ocrx_word' id='word_1_469' title='bbox 2672 1993 2936 2036; x_wconf 79' lang='lat' dir='ltr'><strong>moratura</strong></span> <span class='ocrx_word' id='word_1_470' title='bbox 2965 1998 3084 2036; x_wconf 88' lang='lat' dir='ltr'><strong>esse</strong></span> <span class='ocrx_word' id='word_1_471' title='bbox 3116 1992 3329 2037; x_wconf 85' lang='lat' dir='ltr'><strong>constat</strong></span> <span class='ocrx_word' id='word_1_472' title='bbox 3357 1980 3673 2037; x_wconf 88' lang='lat' dir='ltr'><strong>Libanittm.</strong></span> 
     </span>
    </p>
   </div>
   <div class='ocr_carea' id='block_1_63' title="bbox 2092 2069 3691 2144">
    <p class='ocr_par' dir='ltr' id='par_1_63' title="bbox 2092 2069 3691 2144">
     <span class='ocr_line' id='line_1_63' title="bbox 2092 2069 3691 2144; baseline 0.003 -20"><span class='ocrx_word' id='word_1_473' title='bbox 2092 2069 2211 2125; x_wconf 87' lang='lat' dir='ltr'><strong>Huc</strong></span> <span class='ocrx_word' id='word_1_474' title='bbox 2245 2082 2422 2125; x_wconf 89' lang='lat' dir='ltr'><strong>autem</strong></span> <span class='ocrx_word' id='word_1_475' title='bbox 2457 2072 2685 2135; x_wconf 78' lang='lat' dir='ltr'><strong>accedit,</strong></span> <span class='ocrx_word' id='word_1_476' title='bbox 2722 2075 2864 2141; x_wconf 89' lang='lat' dir='ltr'><strong>quod</strong></span> <span class='ocrx_word' id='word_1_477' title='bbox 2900 2073 3110 2144; x_wconf 84' lang='lat' dir='ltr'><strong>Didymi</strong></span> <span class='ocrx_word' id='word_1_478' title='bbox 3150 2074 3319 2129; x_wconf 87' lang='lat' dir='ltr'><strong>nostri</strong></span> <span class='ocrx_word' id='word_1_479' title='bbox 3349 2075 3570 2142; x_wconf 74' lang='lat' dir='ltr'><strong>mqiialis</strong></span> <span class='ocrx_word' id='word_1_480' title='bbox 3598 2075 3691 2129; x_wconf 70' lang='grc' dir='ltr'><strong>τοο.</strong></span> 
     </span>
    </p>
   </div>
   <div class='ocr_carea' id='block_1_64' title="bbox 2094 2165 3675 2245">
    <p class='ocr_par' dir='ltr' id='par_1_64' title="bbox 2094 2165 3675 2245">
     <span class='ocr_line' id='line_1_64' title="bbox 2094 2165 3675 2245; baseline 0.001 -27"><span class='ocrx_word' id='word_1_481' title='bbox 2094 2174 2177 2220; x_wconf 90' lang='lat' dir='ltr'><strong>ret</strong></span> <span class='ocrx_word' id='word_1_482' title='bbox 2223 2165 2478 2219; x_wconf 82' lang='lat' dir='ltr'><strong>Libanius</strong></span> <span class='ocrx_word' id='word_1_483' title='bbox 2530 2182 2546 2220; x_wconf 88' lang='lat'>:</span> <span class='ocrx_word' id='word_1_484' title='bbox 2596 2165 2684 2218; x_wconf 89' lang='lat' dir='ltr'><strong>hic</strong></span> <span class='ocrx_word' id='word_1_485' title='bbox 2732 2165 2875 2218; x_wconf 90' lang='lat' dir='ltr'><strong>enim</strong></span> <span class='ocrx_word' id='word_1_486' title='bbox 2931 2180 3073 2217; x_wconf 90' lang='lat' dir='ltr'><strong>anno</strong></span> <span class='ocrx_word' id='word_1_487' title='bbox 3124 2165 3325 2219; x_wconf 79' lang='lat' dir='ltr'><strong>Christi</strong></span> <span class='ocrx_word' id='word_1_488' title='bbox 3369 2165 3474 2219; x_wconf 75' lang='grc'><strong>514</strong></span> <span class='ocrx_word' id='word_1_489' title='bbox 3518 2177 3675 2245; x_wconf 74' lang='lat' dir='ltr'><strong>natus</strong></span> 
     </span>
    </p>
   </div>
   <div class='ocr_carea' id='block_1_65' title="bbox 2092 2255 3674 2326">
    <p class='ocr_par' dir='ltr' id='par_1_65' title="bbox 2092 2255 3674 2326">
     <span class='ocr_line' id='line_1_65' title="bbox 2092 2255 3674 2326; baseline 0.003 -17"><span class='ocrx_word' id='word_1_490' title='bbox 2092 2266 2196 2319; x_wconf 90' lang='lat' dir='ltr'><strong>est,</strong></span> <span class='ocrx_word' id='word_1_491' title='bbox 2236 2256 2492 2326; x_wconf 82' lang='lat' dir='ltr'><strong>Didymus</strong></span> <span class='ocrx_word' id='word_1_492' title='bbox 2543 2267 2722 2309; x_wconf 90' lang='lat' dir='ltr'><strong>autem</strong></span> <span class='ocrx_word' id='word_1_493' title='bbox 2761 2272 2903 2310; x_wconf 88' lang='lat' dir='ltr'><strong>anno</strong></span> <span class='ocrx_word' id='word_1_494' title='bbox 2946 2256 3164 2310; x_wconf 86' lang='lat' dir='ltr'><strong>circiter</strong></span> <span class='ocrx_word' id='word_1_495' title='bbox 3212 2255 3318 2310; x_wconf 80' lang='grc'><strong>510</strong></span> <span class='ocrx_word' id='word_1_496' title='bbox 3358 2269 3512 2314; x_wconf 90' lang='lat' dir='ltr'><strong>ortus</strong></span> <span class='ocrx_word' id='word_1_497' title='bbox 3554 2258 3674 2313; x_wconf 82' lang='lat' dir='ltr'><strong>fuit.</strong></span> 
     </span>
    </p>
   </div>
   <div class='ocr_carea' id='block_1_66' title="bbox 2090 2344 3675 2414">
    <p class='ocr_par' dir='ltr' id='par_1_66' title="bbox 2090 2344 3675 2414">
     <span class='ocr_line' id='line_1_66' title="bbox 2090 2344 3675 2414; baseline 0.002 -16"><span class='ocrx_word' id='word_1_498' title='bbox 2090 2344 2194 2399; x_wconf 88' lang='lat' dir='ltr'><strong>Sed</strong></span> <span class='ocrx_word' id='word_1_499' title='bbox 2251 2346 2519 2414; x_wconf 80' lang='lat' dir='ltr'><strong>ejusmodi</strong></span> <span class='ocrx_word' id='word_1_500' title='bbox 2570 2347 2686 2402; x_wconf 67' lang='lat' dir='ltr'><strong>haec</strong></span> <span class='ocrx_word' id='word_1_501' title='bbox 2733 2363 2837 2401; x_wconf 90' lang='lat' dir='ltr'><strong>non</strong></span> <span class='ocrx_word' id='word_1_502' title='bbox 2890 2357 3036 2413; x_wconf 90' lang='lat' dir='ltr'><strong>sunt,</strong></span> <span class='ocrx_word' id='word_1_503' title='bbox 3074 2357 3131 2401; x_wconf 93' lang='lat' dir='ltr'><strong>ut</strong></span> <span class='ocrx_word' id='word_1_504' title='bbox 3176 2349 3389 2402; x_wconf 87' lang='lat' dir='ltr'><strong>inanem</strong></span> <span class='ocrx_word' id='word_1_505' title='bbox 3450 2350 3675 2404; x_wconf 82' lang='lat' dir='ltr'><strong>reddant</strong></span> 
     </span>
    </p>
   </div>
   <div class='ocr_carea' id='block_1_67' title="bbox 2091 2438 3674 2511">
    <p class='ocr_par' dir='ltr' id='par_1_67' title="bbox 2091 2438 3674 2511">
     <span class='ocr_line' id='line_1_67' title="bbox 2091 2438 3674 2511; baseline 0.003 -19"><span class='ocrx_word' id='word_1_506' title='bbox 2091 2440 2457 2505; x_wconf 84' lang='lat' dir='ltr'><strong>conjecturam</strong></span> <span class='ocrx_word' id='word_1_507' title='bbox 2506 2454 2703 2495; x_wconf 86' lang='lat' dir='ltr'><strong>meam.</strong></span> <span class='ocrx_word' id='word_1_508' title='bbox 2759 2438 3020 2495; x_wconf 87' lang='lat' dir='ltr'><strong>Libanius</strong></span> <span class='ocrx_word' id='word_1_509' title='bbox 3079 2442 3223 2495; x_wconf 90' lang='lat' dir='ltr'><strong>enim</strong></span> <span class='ocrx_word' id='word_1_510' title='bbox 3266 2451 3450 2505; x_wconf 84' lang='lat' dir='ltr'><strong>utpote</strong></span> <span class='ocrx_word' id='word_1_511' title='bbox 3517 2443 3674 2511; x_wconf 90' lang='lat' dir='ltr'><strong>paqu</strong></span> 
     </span>
    </p>
   </div>
   <div class='ocr_carea' id='block_1_68' title="bbox 2087 2528 3674 2603">
    <p class='ocr_par' dir='ltr' id='par_1_68' title="bbox 2087 2528 3674 2603">
     <span class='ocr_line' id='line_1_68' title="bbox 2087 2528 3674 2603; baseline 0.004 -22"><span class='ocrx_word' id='word_1_512' title='bbox 2087 2528 2289 2597; x_wconf 82' lang='lat' dir='ltr'><strong>iunior,</strong></span> <span class='ocrx_word' id='word_1_513' title='bbox 2323 2531 2531 2602; x_wconf 86' lang='lat' dir='ltr'><strong>Didymi</strong></span> <span class='ocrx_word' id='word_1_514' title='bbox 2562 2533 2729 2585; x_wconf 81' lang='lat' dir='ltr'><strong>nostri</strong></span> <span class='ocrx_word' id='word_1_515' title='bbox 2763 2533 3061 2601; x_wconf 87' lang='lat' dir='ltr'><strong>discipulus</strong></span> <span class='ocrx_word' id='word_1_516' title='bbox 3093 2548 3215 2589; x_wconf 87' lang='lat' dir='ltr'><strong>esse</strong></span> <span class='ocrx_word' id='word_1_517' title='bbox 3267 2534 3460 2601; x_wconf 86' lang='lat' dir='ltr'><strong>potuit,</strong></span> <span class='ocrx_word' id='word_1_518' title='bbox 3510 2546 3674 2603; x_wconf 88' lang='lat' dir='ltr'><strong>atque</strong></span> 
     </span>
    </p>
   </div>
   <div class='ocr_carea' id='block_1_69' title="bbox 2089 2620 3685 2690">
    <p class='ocr_par' dir='ltr' id='par_1_69' title="bbox 2089 2620 3685 2690">
     <span class='ocr_line' id='line_1_69' title="bbox 2089 2620 3685 2690; baseline 0.003 -15"><span class='ocrx_word' id='word_1_519' title='bbox 2089 2622 2429 2675; x_wconf 67' lang='lat' dir='ltr'><strong>Alexandriae</strong></span> <span class='ocrx_word' id='word_1_520' title='bbox 2486 2620 2706 2675; x_wconf 75' lang='lat' dir='ltr'><strong>forsitan</strong></span> <span class='ocrx_word' id='word_1_521' title='bbox 2741 2623 3034 2690; x_wconf 87' lang='lat' dir='ltr'><strong>aliquando</strong></span> <span class='ocrx_word' id='word_1_522' title='bbox 3102 2624 3224 2686; x_wconf 87' lang='lat' dir='ltr'><strong>l&#39;uit,</strong></span> <span class='ocrx_word' id='word_1_523' title='bbox 3278 2640 3401 2679; x_wconf 90' lang='lat' dir='ltr'><strong>cum</strong></span> <span class='ocrx_word' id='word_1_524' title='bbox 3444 2626 3498 2679; x_wconf 84' lang='lat' dir='ltr'><strong>in</strong></span> <span class='ocrx_word' id='word_1_525' title='bbox 3560 2641 3685 2680; x_wconf 85' lang='lat' dir='ltr'><strong>ora-</strong></span> 
     </span>
    </p>
   </div>
   <div class='ocr_carea' id='block_1_70' title="bbox 2093 2711 3673 2784">
    <p class='ocr_par' dir='ltr' id='par_1_70' title="bbox 2093 2711 3673 2784">
     <span class='ocr_line' id='line_1_70' title="bbox 2093 2711 3673 2784; baseline 0.004 -20"><span class='ocrx_word' id='word_1_526' title='bbox 2093 2711 2237 2765; x_wconf 90' lang='lat' dir='ltr'><strong>tione</strong></span> <span class='ocrx_word' id='word_1_527' title='bbox 2271 2713 2324 2765; x_wconf 89' lang='lat' dir='ltr'><strong>in</strong></span> <span class='ocrx_word' id='word_1_528' title='bbox 2357 2729 2444 2765; x_wconf 89' lang='lat' dir='ltr'><strong>eos</strong></span> <span class='ocrx_word' id='word_1_529' title='bbox 2477 2713 2568 2780; x_wconf 87' lang='lat' dir='ltr'><strong>qui</strong></span> <span class='ocrx_word' id='word_1_530' title='bbox 2599 2712 2874 2766; x_wconf 87' lang='lat' dir='ltr'><strong>molestum</strong></span> <span class='ocrx_word' id='word_1_531' title='bbox 2906 2714 3077 2778; x_wconf 83' lang='lat' dir='ltr'><strong>ipsum</strong></span> <span class='ocrx_word' id='word_1_532' title='bbox 3107 2714 3462 2782; x_wconf 82' lang='lat' dir='ltr'><strong>appellabant,</strong></span> <span class='ocrx_word' id='word_1_533' title='bbox 3503 2730 3673 2784; x_wconf 70' lang='lat' dir='ltr'><strong>segni.</strong></span> 
     </span>
    </p>
   </div>
   <div class='ocr_carea' id='block_1_71' title="bbox 2088 2800 3672 2872">
    <p class='ocr_par' dir='ltr' id='par_1_71' title="bbox 2088 2800 3672 2872">
     <span class='ocr_line' id='line_1_71' title="bbox 2088 2800 3672 2872; baseline 0.003 -17"><span class='ocrx_word' id='word_1_534' title='bbox 2088 2800 2121 2851; x_wconf 89' lang='lat'><strong>7</strong></span> <span class='ocrx_word' id='word_1_535' title='bbox 2156 2803 2234 2857; x_wconf 89' lang='lat' dir='ltr'><strong>sic</strong></span> <span class='ocrx_word' id='word_1_536' title='bbox 2261 2801 2542 2871; x_wconf 85' lang='lat' dir='ltr'><strong>loquatur:</strong></span> <span class='ocrx_word' id='word_1_537' title='bbox 2570 2801 2637 2855; x_wconf 83' lang='lat' dir='ltr'><strong>In</strong></span> <span class='ocrx_word' id='word_1_538' title='bbox 2663 2801 2898 2872; x_wconf 58' lang='lat' dir='ltr'><strong>zEgypto</strong></span> <span class='ocrx_word' id='word_1_539' title='bbox 2923 2803 3342 2871; x_wconf 74' lang='lat' dir='ltr'><strong>quamn/nribus,</strong></span> <span class='ocrx_word' id='word_1_540' title='bbox 3367 2806 3672 2872; x_wconf 65' lang='lat' dir='ltr'><strong>apudAtheo</strong></span> 
     </span>
    </p>
   </div>
   <div class='ocr_carea' id='block_1_72' title="bbox 2088 2882 3675 2964">
    <p class='ocr_par' dir='ltr' id='par_1_72' title="bbox 2088 2882 3675 2964">
     <span class='ocr_line' id='line_1_72' title="bbox 2088 2882 3675 2964; baseline 0.001 -16"><span class='ocrx_word' id='word_1_541' title='bbox 2088 2910 2184 2948; x_wconf 83' lang='lat' dir='ltr'><strong>nas</strong></span> <span class='ocrx_word' id='word_1_542' title='bbox 2215 2894 2379 2945; x_wconf 87' lang='lat' dir='ltr'><strong>tribus</strong></span> <span class='ocrx_word' id='word_1_543' title='bbox 2416 2905 2608 2945; x_wconf 81' lang='lat' dir='ltr'><strong>metum</strong></span> <span class='ocrx_word' id='word_1_544' title='bbox 2662 2893 2842 2961; x_wconf 84' lang='lat' dir='ltr'><strong>injeci,</strong></span> <span class='ocrx_word' id='word_1_545' title='bbox 2880 2911 2911 2945; x_wconf 92' lang='lat' dir='ltr'><strong>a</strong></span> <span class='ocrx_word' id='word_1_546' title='bbox 2958 2895 3108 2946; x_wconf 87' lang='lat' dir='ltr'><strong>curia</strong></span> <span class='ocrx_word' id='word_1_547' title='bbox 3140 2882 3415 2964; x_wconf 63' lang='lat' dir='ltr'><strong>utrobique</strong></span> <span class='ocrx_word' id='word_1_548' title='bbox 3455 2897 3675 2950; x_wconf 81' lang='lat' dir='ltr'><strong>advoca-</strong></span> 
     </span>
    </p>
   </div>
   <div class='ocr_carea' id='block_1_73' title="bbox 2086 2987 3669 3052">
    <p class='ocr_par' dir='ltr' id='par_1_73' title="bbox 2086 2987 3669 3052">
     <span class='ocr_line' id='line_1_73' title="bbox 2086 2987 3669 3052; baseline 0.001 -12"><span class='ocrx_word' id='word_1_549' title='bbox 2086 2996 2193 3040; x_wconf 83' lang='lat' dir='ltr'><strong>tus.</strong></span> <span class='ocrx_word' id='word_1_550' title='bbox 2245 2987 2382 3052; x_wconf 84' lang='lat' dir='ltr'><strong>Quin</strong></span> <span class='ocrx_word' id='word_1_551' title='bbox 2422 2988 2529 3039; x_wconf 90' lang='lat' dir='ltr'><strong>imo</strong></span> <span class='ocrx_word' id='word_1_552' title='bbox 2567 2988 2611 3041; x_wconf 90' lang='lat' dir='ltr'><strong>si</strong></span> <span class='ocrx_word' id='word_1_553' title='bbox 2646 3002 2855 3052; x_wconf 65' lang='lat' dir='ltr'><strong>magna?</strong></span> <span class='ocrx_word' id='word_1_554' title='bbox 2912 2988 3140 3040; x_wconf 80' lang='lat' dir='ltr'><strong>civitatis</strong></span> <span class='ocrx_word' id='word_1_555' title='bbox 3197 2989 3413 3042; x_wconf 89' lang='lat' dir='ltr'><strong>nomine</strong></span> <span class='ocrx_word' id='word_1_556' title='bbox 3447 2989 3669 3043; x_wconf 80' lang='lat' dir='ltr'><strong>Alexan-</strong></span> 
     </span>
    </p>
   </div>
   <div class='ocr_carea' id='block_1_74' title="bbox 2088 3077 3673 3147">
    <p class='ocr_par' dir='ltr' id='par_1_74' title="bbox 2088 3077 3673 3147">
     <span class='ocr_line' id='line_1_74' title="bbox 2088 3077 3673 3147; baseline 0.001 -15"><span class='ocrx_word' id='word_1_557' title='bbox 2088 3079 2254 3132; x_wconf 89' lang='lat' dir='ltr'><strong>driam</strong></span> <span class='ocrx_word' id='word_1_558' title='bbox 2283 3080 2534 3143; x_wconf 82' lang='lat' dir='ltr'><strong>superius</strong></span> <span class='ocrx_word' id='word_1_559' title='bbox 2570 3080 2876 3147; x_wconf 81' lang='lat' dir='ltr'><strong>designavit</strong></span> <span class='ocrx_word' id='word_1_560' title='bbox 2908 3077 3188 3140; x_wconf 87' lang='lat' dir='ltr'><strong>Libanius,</strong></span> <span class='ocrx_word' id='word_1_561' title='bbox 3223 3090 3279 3132; x_wconf 86' lang='grc' dir='ltr'><strong>ιιι</strong></span> <span class='ocrx_word' id='word_1_562' title='bbox 3316 3080 3549 3144; x_wconf 88' lang='lat' dir='ltr'><strong>videtur,</strong></span> <span class='ocrx_word' id='word_1_563' title='bbox 3588 3082 3673 3133; x_wconf 77' lang='lat' dir='ltr'><strong>vix</strong></span> 
     </span>
    </p>
   </div>
   <div class='ocr_carea' id='block_1_75' title="bbox 2093 3169 3674 3239">
    <p class='ocr_par' dir='ltr' id='par_1_75' title="bbox 2093 3169 3674 3239">
     <span class='ocr_line' id='line_1_75' title="bbox 2093 3169 3674 3239; baseline 0.001 -18"><span class='ocrx_word' id='word_1_564' title='bbox 2093 3169 2146 3221; x_wconf 91' lang='lat' dir='ltr'><strong>in</strong></span> <span class='ocrx_word' id='word_1_565' title='bbox 2202 3169 2421 3221; x_wconf 90' lang='lat' dir='ltr'><strong>dubium</strong></span> <span class='ocrx_word' id='word_1_566' title='bbox 2481 3169 2720 3223; x_wconf 86' lang='lat' dir='ltr'><strong>revocari</strong></span> <span class='ocrx_word' id='word_1_567' title='bbox 2774 3178 2973 3237; x_wconf 76' lang='lat' dir='ltr'><strong>potest,</strong></span> <span class='ocrx_word' id='word_1_568' title='bbox 3017 3170 3147 3239; x_wconf 90' lang='lat' dir='ltr'><strong>quin</strong></span> <span class='ocrx_word' id='word_1_569' title='bbox 3197 3172 3384 3223; x_wconf 85' lang='lat' dir='ltr'><strong>eadem</strong></span> <span class='ocrx_word' id='word_1_570' title='bbox 3434 3171 3485 3224; x_wconf 93' lang='lat' dir='ltr'><strong>iu</strong></span> <span class='ocrx_word' id='word_1_571' title='bbox 3545 3172 3674 3224; x_wconf 70' lang='lat' dir='ltr'><strong>urbe</strong></span> 
     </span>
    </p>
   </div>
   <div class='ocr_carea' id='block_1_76' title="bbox 2094 3258 3660 3329">
    <p class='ocr_par' dir='ltr' id='par_1_76' title="bbox 2094 3258 3660 3329">
     <span class='ocr_line' id='line_1_76' title="bbox 2094 3258 3660 3329; baseline 0.002 -19"><span class='ocrx_word' id='word_1_572' title='bbox 2094 3259 2266 3327; x_wconf 85' lang='lat' dir='ltr'><strong>poetis</strong></span> <span class='ocrx_word' id='word_1_573' title='bbox 2300 3259 2351 3311; x_wconf 92' lang='lat' dir='ltr'><strong>in</strong></span> <span class='ocrx_word' id='word_1_574' title='bbox 2401 3258 2608 3328; x_wconf 85' lang='lat' dir='ltr'><strong>Didymi</strong></span> <span class='ocrx_word' id='word_1_575' title='bbox 2645 3260 2929 3329; x_wconf 76' lang='lat' dir='ltr'><strong>gymnasio</strong></span> <span class='ocrx_word' id='word_1_576' title='bbox 2972 3274 3191 3328; x_wconf 83' lang='lat' dir='ltr'><strong>cperam</strong></span> <span class='ocrx_word' id='word_1_577' title='bbox 3239 3261 3448 3314; x_wconf 86' lang='lat' dir='ltr'><strong>dederit</strong></span> <span class='ocrx_word' id='word_1_578' title='bbox 3491 3261 3660 3313; x_wconf 85' lang='lat' dir='ltr'><strong>adolc-</strong></span> 
     </span>
    </p>
   </div>
   <div class='ocr_carea' id='block_1_77' title="bbox 2085 3349 3674 3420">
    <p class='ocr_par' dir='ltr' id='par_1_77' title="bbox 2085 3349 3674 3420">
     <span class='ocr_line' id='line_1_77' title="bbox 2085 3349 3674 3420; baseline 0.003 -18"><span class='ocrx_word' id='word_1_579' title='bbox 2085 3364 2260 3403; x_wconf 90' lang='lat' dir='ltr'><strong>scens.</strong></span> <span class='ocrx_word' id='word_1_580' title='bbox 2298 3349 2405 3402; x_wconf 85' lang='lat' dir='ltr'><strong>Sed</strong></span> <span class='ocrx_word' id='word_1_581' title='bbox 2435 3350 2547 3417; x_wconf 83' lang='lat' dir='ltr'><strong>jam</strong></span> <span class='ocrx_word' id='word_1_582' title='bbox 2599 3353 2667 3402; x_wconf 88' lang='lat' dir='ltr'><strong>ad</strong></span> <span class='ocrx_word' id='word_1_583' title='bbox 2707 3349 3014 3420; x_wconf 75' lang='lat' dir='ltr'><strong>theologum</strong></span> <span class='ocrx_word' id='word_1_584' title='bbox 3064 3359 3308 3403; x_wconf 86' lang='lat' dir='ltr'><strong>nostrum</strong></span> <span class='ocrx_word' id='word_1_585' title='bbox 3368 3355 3674 3415; x_wconf 85' lang='lat' dir='ltr'><strong>redeamus,</strong></span> 
     </span>
    </p>
   </div>
   <div class='ocr_carea' id='block_1_78' title="bbox 2084 3440 3314 3510">
    <p class='ocr_par' dir='ltr' id='par_1_78' title="bbox 2084 3440 3314 3510">
     <span class='ocr_line' id='line_1_78' title="bbox 2084 3440 3314 3510; baseline 0.002 -18"><span class='ocrx_word' id='word_1_586' title='bbox 2084 3448 2139 3492; x_wconf 90' lang='lat' dir='ltr'><strong>et</strong></span> <span class='ocrx_word' id='word_1_587' title='bbox 2168 3455 2275 3508; x_wconf 90' lang='lat' dir='ltr'><strong>quo</strong></span> <span class='ocrx_word' id='word_1_588' title='bbox 2318 3440 2516 3494; x_wconf 62' lang='lat' dir='ltr'><strong>saecqu</strong></span> <span class='ocrx_word' id='word_1_589' title='bbox 2564 3440 2865 3507; x_wconf 84' lang='lat' dir='ltr'><strong>scripserit,</strong></span> <span class='ocrx_word' id='word_1_590' title='bbox 2904 3441 3314 3510; x_wconf 79' lang='lat' dir='ltr'><strong>investigemus.</strong></span> 
     </span>
    </p>
   </div>
   <div class='ocr_carea' id='block_1_79' title="bbox 2190 3548 3568 3671">
    <p class='ocr_par' dir='ltr' id='par_1_79' title="bbox 2190 3548 3568 3671">
     <span class='ocr_line' id='line_1_79' title="bbox 2190 3548 3568 3671; baseline 0.001 -68"><span class='ocrx_word' id='word_1_591' title='bbox 2190 3548 2321 3605; x_wconf 69' lang='lat' dir='ltr'><strong>Car.</strong></span> <span class='ocrx_word' id='word_1_592' title='bbox 2373 3549 2465 3604; x_wconf 83' lang='lat' dir='ltr'><strong>XI.</strong></span> <span class='ocrx_word' id='word_1_593' title='bbox 2506 3551 2702 3604; x_wconf 73' lang='lat' dir='ltr'><strong>Auctor</strong></span> <span class='ocrx_word' id='word_1_594' title='bbox 2732 3558 2909 3671; x_wconf 54' lang='lat' dir='ltr'><strong>rgsdter</strong></span> <span class='ocrx_word' id='word_1_595' title='bbox 2947 3551 3140 3605; x_wconf 80' lang='lat' dir='ltr'><strong>steculo</strong></span> <span class='ocrx_word' id='word_1_596' title='bbox 3186 3566 3238 3605; x_wconf 84' lang='lat' dir='ltr'><strong>tv</strong></span> <span class='ocrx_word' id='word_1_597' title='bbox 3279 3552 3460 3620; x_wconf 77' lang='lat' dir='ltr'><strong>ﬂoruit</strong></span> <span class='ocrx_word' id='word_1_598' title='bbox 3509 3560 3568 3604; x_wconf 87' lang='lat' dir='ltr'><strong>ut</strong></span> 
     </span>
     <span class='ocr_line' id='line_1_80' title="bbox 2790 3637 3019 3671; baseline 0.004 -1"><span class='ocrx_word' id='word_1_599' title='bbox 2790 3637 2804 3670; x_wconf 78' lang='grc' dir='ltr'><strong>ι</strong></span> <span class='ocrx_word' id='word_1_600' title='bbox 2850 3638 3019 3671; x_wconf 74' lang='lat' dir='ltr'><strong>uinus.</strong></span> 
     </span>
    </p>
   </div>
   <div class='ocr_carea' id='block_1_80' title="bbox 2790 3637 3019 3689">
    <p class='ocr_par' dir='ltr' id='par_1_80' title="bbox 2790 3637 3019 3689">
     <span class='ocr_line' id='line_1_81' title="bbox 2790 3637 3019 3689; baseline 0.017 -19"><span class='ocrx_word' id='word_1_601' title='bbox 2790 3637 3019 3689; x_wconf 82' lang='lat' dir='ltr'><strong>taymus.</strong></span> 
     </span>
    </p>
   </div>
   <div class='ocr_carea' id='block_1_81' title="bbox 2158 3709 3675 3779">
    <p class='ocr_par' dir='ltr' id='par_1_81' title="bbox 2158 3709 3675 3779">
     <span class='ocr_line' id='line_1_82' title="bbox 2158 3709 3675 3779; baseline 0.003 -15"><span class='ocrx_word' id='word_1_602' title='bbox 2158 3709 2268 3764; x_wconf 90' lang='lat' dir='ltr'><strong>llos</strong></span> <span class='ocrx_word' id='word_1_603' title='bbox 2300 3711 2368 3764; x_wconf 87' lang='lat' dir='ltr'><strong>de</strong></span> <span class='ocrx_word' id='word_1_604' title='bbox 2397 3709 2666 3764; x_wconf 86' lang='lat' dir='ltr'><strong>Trinitate</strong></span> <span class='ocrx_word' id='word_1_605' title='bbox 2697 3709 2864 3764; x_wconf 82' lang='lat' dir='ltr'><strong>libros</strong></span> <span class='ocrx_word' id='word_1_606' title='bbox 2920 3722 3039 3779; x_wconf 83' lang='lat' dir='ltr'><strong>post</strong></span> <span class='ocrx_word' id='word_1_607' title='bbox 3078 3726 3280 3765; x_wconf 87' lang='lat' dir='ltr'><strong>annum</strong></span> <span class='ocrx_word' id='word_1_608' title='bbox 3328 3711 3537 3764; x_wconf 88' lang='lat' dir='ltr'><strong>Domini</strong></span> <span class='ocrx_word' id='word_1_609' title='bbox 3570 3710 3675 3768; x_wconf 75' lang='lat'><strong>579</strong></span> 
     </span>
    </p>
   </div>
   <div class='ocr_carea' id='block_1_82' title="bbox 2092 3800 3673 3869">
    <p class='ocr_par' dir='ltr' id='par_1_82' title="bbox 2092 3800 3673 3869">
     <span class='ocr_line' id='line_1_83' title="bbox 2092 3800 3673 3869; baseline 0.001 -12"><span class='ocrx_word' id='word_1_610' title='bbox 2092 3804 2327 3869; x_wconf 87' lang='lat' dir='ltr'><strong>scriptos</strong></span> <span class='ocrx_word' id='word_1_611' title='bbox 2360 3800 2530 3854; x_wconf 78' lang='lat' dir='ltr'><strong>fuisse</strong></span> <span class='ocrx_word' id='word_1_612' title='bbox 2559 3810 2744 3867; x_wconf 88' lang='lat' dir='ltr'><strong>aperte</strong></span> <span class='ocrx_word' id='word_1_613' title='bbox 2783 3812 2935 3869; x_wconf 87' lang='lat' dir='ltr'><strong>patet</strong></span> <span class='ocrx_word' id='word_1_614' title='bbox 2966 3817 3034 3855; x_wconf 84' lang='lat' dir='ltr'><strong>ex</strong></span> <span class='ocrx_word' id='word_1_615' title='bbox 3071 3817 3194 3869; x_wconf 75' lang='lat' dir='ltr'><strong>pag.</strong></span> <span class='ocrx_word' id='word_1_616' title='bbox 3224 3801 3330 3855; x_wconf 74' lang='grc'><strong>406</strong></span> <span class='ocrx_word' id='word_1_617' title='bbox 3361 3801 3482 3858; x_wconf 72' lang='lat' dir='ltr'><strong>:Jlii</strong></span> <span class='ocrx_word' id='word_1_618' title='bbox 3528 3805 3673 3858; x_wconf 90' lang='lat' dir='ltr'><strong>enim</strong></span> 
     </span>
    </p>
   </div>
   <div class='ocr_carea' id='block_1_83' title="bbox 2084 3889 3669 3962">
    <p class='ocr_par' dir='ltr' id='par_1_83' title="bbox 2084 3889 3669 3962">
     <span class='ocr_line' id='line_1_84' title="bbox 2084 3889 3669 3962; baseline 0.004 -18"><span class='ocrx_word' id='word_1_619' title='bbox 2084 3889 2344 3945; x_wconf 87' lang='lat' dir='ltr'><strong>Basiliutu</strong></span> <span class='ocrx_word' id='word_1_620' title='bbox 2413 3890 2667 3960; x_wconf 81' lang='lat' dir='ltr'><strong>Magnum</strong></span> <span class='ocrx_word' id='word_1_621' title='bbox 2708 3889 2841 3944; x_wconf 90' lang='lat' dir='ltr'><strong>citat</strong></span> <span class='ocrx_word' id='word_1_622' title='bbox 2868 3900 3057 3943; x_wconf 80' lang='lat' dir='ltr'><strong>auctor</strong></span> <span class='ocrx_word' id='word_1_623' title='bbox 3088 3902 3145 3945; x_wconf 91' lang='lat' dir='ltr'><strong>ut</strong></span> <span class='ocrx_word' id='word_1_624' title='bbox 3176 3891 3286 3962; x_wconf 86' lang='lat' dir='ltr'><strong>jam</strong></span> <span class='ocrx_word' id='word_1_625' title='bbox 3339 3890 3669 3951; x_wconf 79' lang='lat' dir='ltr'><strong>defunctum.</strong></span> 
     </span>
    </p>
   </div>
   <div class='ocr_carea' id='block_1_84' title="bbox 2087 3985 3667 4058">
    <p class='ocr_par' dir='ltr' id='par_1_84' title="bbox 2087 3985 3667 4058">
     <span class='ocr_line' id='line_1_85' title="bbox 2087 3985 3667 4058; baseline 0.002 -18"><span class='ocrx_word' id='word_1_626' title='bbox 2087 3985 2192 4040; x_wconf 89' lang='lat' dir='ltr'><strong>Sed</strong></span> <span class='ocrx_word' id='word_1_627' title='bbox 2243 3995 2453 4055; x_wconf 86' lang='lat' dir='ltr'><strong>tempus</strong></span> <span class='ocrx_word' id='word_1_628' title='bbox 2482 3987 2681 4054; x_wconf 87' lang='lat' dir='ltr'><strong>ipsum,</strong></span> <span class='ocrx_word' id='word_1_629' title='bbox 2711 3999 2818 4055; x_wconf 92' lang='lat' dir='ltr'><strong>quo</strong></span> <span class='ocrx_word' id='word_1_630' title='bbox 2857 3988 2968 4039; x_wconf 64' lang='lat' dir='ltr'><strong>haec</strong></span> <span class='ocrx_word' id='word_1_631' title='bbox 2993 3985 3197 4040; x_wconf 87' lang='lat' dir='ltr'><strong>dictata</strong></span> <span class='ocrx_word' id='word_1_632' title='bbox 3232 3988 3360 4052; x_wconf 81' lang='lat' dir='ltr'><strong>sitit,</strong></span> <span class='ocrx_word' id='word_1_633' title='bbox 3400 4005 3667 4058; x_wconf 83' lang='lat' dir='ltr'><strong>nusquam</strong></span> 
     </span>
    </p>
   </div>
   <div class='ocr_carea' id='block_1_85' title="bbox 2085 4077 3670 4147">
    <p class='ocr_par' dir='ltr' id='par_1_85' title="bbox 2085 4077 3670 4147">
     <span class='ocr_line' id='line_1_86' title="bbox 2085 4077 3670 4147; baseline 0.002 -17"><span class='ocrx_word' id='word_1_634' title='bbox 2085 4077 2137 4131; x_wconf 90' lang='lat' dir='ltr'><strong>in</strong></span> <span class='ocrx_word' id='word_1_635' title='bbox 2168 4078 2269 4141; x_wconf 82' lang='lat' dir='ltr'><strong>hoc</strong></span> <span class='ocrx_word' id='word_1_636' title='bbox 2296 4094 2462 4147; x_wconf 88' lang='lat' dir='ltr'><strong>opere</strong></span> <span class='ocrx_word' id='word_1_637' title='bbox 2491 4087 2680 4146; x_wconf 85' lang='lat' dir='ltr'><strong>aperte</strong></span> <span class='ocrx_word' id='word_1_638' title='bbox 2715 4079 3051 4147; x_wconf 78' lang='lat' dir='ltr'><strong>designatur.</strong></span> <span class='ocrx_word' id='word_1_639' title='bbox 3087 4078 3218 4131; x_wconf 83' lang='lat' dir='ltr'><strong>Tam</strong></span> <span class='ocrx_word' id='word_1_640' title='bbox 3269 4081 3448 4133; x_wconf 78' lang='lat' dir='ltr'><strong>multa:</strong></span> <span class='ocrx_word' id='word_1_641' title='bbox 3487 4091 3670 4134; x_wconf 85' lang='lat' dir='ltr'><strong>tamen</strong></span> 
     </span>
    </p>
   </div>
   <div class='ocr_carea' id='block_1_86' title="bbox 2085 4170 3676 4241">
    <p class='ocr_par' dir='ltr' id='par_1_86' title="bbox 2085 4170 3676 4241">
     <span class='ocr_line' id='line_1_87' title="bbox 2085 4170 3676 4241; baseline 0.002 -15"><span class='ocrx_word' id='word_1_642' title='bbox 2085 4181 2212 4226; x_wconf 86' lang='lat' dir='ltr'><strong>sunt</strong></span> <span class='ocrx_word' id='word_1_643' title='bbox 2260 4172 2608 4241; x_wconf 68' lang='lat' dir='ltr'><strong>conjecturae,</strong></span> <span class='ocrx_word' id='word_1_644' title='bbox 2639 4186 2761 4241; x_wconf 72' lang='lat' dir='ltr'><strong>quae</strong></span> <span class='ocrx_word' id='word_1_645' title='bbox 2796 4170 2945 4225; x_wconf 88' lang='lat' dir='ltr'><strong>illutn</strong></span> <span class='ocrx_word' id='word_1_646' title='bbox 2978 4180 3172 4237; x_wconf 86' lang='lat' dir='ltr'><strong>quarto</strong></span> <span class='ocrx_word' id='word_1_647' title='bbox 3218 4173 3414 4225; x_wconf 65' lang='lat' dir='ltr'><strong>surcido</strong></span> <span class='ocrx_word' id='word_1_648' title='bbox 3468 4174 3676 4229; x_wconf 77' lang='lat' dir='ltr'><strong>vixisse</strong></span> 
     </span>
    </p>
   </div>
   <div class='ocr_carea' id='block_1_87' title="bbox 2084 4266 3681 4337">
    <p class='ocr_par' dir='ltr' id='par_1_87' title="bbox 2084 4266 3681 4337">
     <span class='ocr_line' id='line_1_88' title="bbox 2084 4266 3681 4337; baseline 0.001 -19"><span class='ocrx_word' id='word_1_649' title='bbox 2084 4266 2373 4331; x_wconf 87' lang='lat' dir='ltr'><strong>denotant,</strong></span> <span class='ocrx_word' id='word_1_650' title='bbox 2401 4276 2460 4321; x_wconf 92' lang='lat' dir='ltr'><strong>nt</strong></span> <span class='ocrx_word' id='word_1_651' title='bbox 2481 4266 2834 4321; x_wconf 88' lang='lat' dir='ltr'><strong>dubitandum</strong></span> <span class='ocrx_word' id='word_1_652' title='bbox 2866 4281 2969 4320; x_wconf 92' lang='lat' dir='ltr'><strong>non</strong></span> <span class='ocrx_word' id='word_1_653' title='bbox 2999 4267 3267 4333; x_wconf 85' lang='lat' dir='ltr'><strong>videatur,</strong></span> <span class='ocrx_word' id='word_1_654' title='bbox 3296 4268 3422 4336; x_wconf 88' lang='lat' dir='ltr'><strong>quin</strong></span> <span class='ocrx_word' id='word_1_655' title='bbox 3476 4280 3681 4337; x_wconf 83' lang='lat' dir='ltr'><strong>quarto</strong></span> 
     </span>
    </p>
   </div>
   <div class='ocr_carea' id='block_1_88' title="bbox 2093 4357 3681 4430">
    <p class='ocr_par' dir='ltr' id='par_1_88' title="bbox 2093 4357 3681 4430">
     <span class='ocr_line' id='line_1_89' title="bbox 2093 4357 3681 4430; baseline 0.001 -20"><span class='ocrx_word' id='word_1_656' title='bbox 2093 4357 2295 4411; x_wconf 59' lang='lat' dir='ltr'><strong>saeculo</strong></span> <span class='ocrx_word' id='word_1_657' title='bbox 2332 4358 2507 4427; x_wconf 75' lang='lat' dir='ltr'><strong>reipsa</strong></span> <span class='ocrx_word' id='word_1_658' title='bbox 2563 4359 2838 4426; x_wconf 88' lang='lat' dir='ltr'><strong>scripserit</strong></span> <span class='ocrx_word' id='word_1_659' title='bbox 2878 4369 2935 4411; x_wconf 90' lang='grc' dir='ltr'><strong>ιιι</strong></span> <span class='ocrx_word' id='word_1_660' title='bbox 2970 4358 3257 4430; x_wconf 89' lang='lat' dir='ltr'><strong>Didymus;</strong></span> <span class='ocrx_word' id='word_1_661' title='bbox 3301 4374 3421 4412; x_wconf 89' lang='lat' dir='ltr'><strong>nam</strong></span> <span class='ocrx_word' id='word_1_662' title='bbox 3472 4360 3681 4427; x_wconf 77' lang='lat' dir='ltr'><strong>primo,</strong></span> 
     </span>
    </p>
   </div>
   <div class='ocr_carea' id='block_1_89' title="bbox 2091 4446 3670 4521">
    <p class='ocr_par' dir='ltr' id='par_1_89' title="bbox 2091 4446 3670 4521">
     <span class='ocr_line' id='line_1_90' title="bbox 2091 4446 3670 4521; baseline 0.004 -23"><span class='ocrx_word' id='word_1_663' title='bbox 2091 4448 2191 4501; x_wconf 90' lang='lat' dir='ltr'><strong>etsi</strong></span> <span class='ocrx_word' id='word_1_664' title='bbox 2230 4449 2296 4502; x_wconf 85' lang='lat' dir='ltr'><strong>de</strong></span> <span class='ocrx_word' id='word_1_665' title='bbox 2333 4446 2472 4503; x_wconf 86' lang='lat' dir='ltr'><strong>Filio</strong></span> <span class='ocrx_word' id='word_1_666' title='bbox 2519 4464 2583 4503; x_wconf 84' lang='lat' dir='ltr'><strong>ex</strong></span> <span class='ocrx_word' id='word_1_667' title='bbox 2619 4448 2863 4517; x_wconf 72' lang='lat' dir='ltr'><strong>professo</strong></span> <span class='ocrx_word' id='word_1_668' title='bbox 2885 4461 3034 4519; x_wconf 82' lang='lat' dir='ltr'><strong>agat,</strong></span> <span class='ocrx_word' id='word_1_669' title='bbox 3068 4467 3331 4521; x_wconf 85' lang='lat' dir='ltr'><strong>nusquam</strong></span> <span class='ocrx_word' id='word_1_670' title='bbox 3368 4464 3545 4505; x_wconf 88' lang='lat' dir='ltr'><strong>tamen</strong></span> <span class='ocrx_word' id='word_1_671' title='bbox 3578 4461 3670 4506; x_wconf 85' lang='lat' dir='ltr'><strong>aut</strong></span> 
     </span>
    </p>
   </div>
   <div class='ocr_carea' id='block_1_90' title="bbox 389 4538 3673 4622">
    <p class='ocr_par' dir='ltr' id='par_1_90' title="bbox 389 4538 3673 4622">
     <span class='ocr_line' id='line_1_91' title="bbox 389 4538 3673 4622; baseline 0.003 -35"><span class='ocrx_word' id='word_1_672' title='bbox 389 4551 482 4605; x_wconf 78' lang='lat' dir='ltr'><strong>ego</strong></span> <span class='ocrx_word' id='word_1_673' title='bbox 516 4553 634 4590; x_wconf 73' lang='lat' dir='ltr'><strong>vero</strong></span> <span class='ocrx_word' id='word_1_674' title='bbox 670 4538 837 4606; x_wconf 85' lang='lat' dir='ltr'><strong>patris</strong></span> <span class='ocrx_word' id='word_1_675' title='bbox 866 4538 981 4607; x_wconf 87' lang='lat' dir='ltr'><strong>ejus</strong></span> <span class='ocrx_word' id='word_1_676' title='bbox 1026 4538 1309 4608; x_wconf 84' lang='lat' dir='ltr'><strong>disciplina</strong></span> <span class='ocrx_word' id='word_1_677' title='bbox 1363 4556 1488 4593; x_wconf 86' lang='lat' dir='ltr'><strong>usus</strong></span> <span class='ocrx_word' id='word_1_678' title='bbox 1542 4557 1657 4595; x_wconf 86' lang='lat' dir='ltr'><strong>sum</strong></span> <span class='ocrx_word' id='word_1_679' title='bbox 1672 4555 1692 4605; x_wconf 87' lang='lat'><strong>;</strong></span> <span class='ocrx_word' id='word_1_680' title='bbox 1745 4551 1793 4594; x_wconf 90' lang='lat' dir='ltr'><strong>et</strong></span> <span class='ocrx_word' id='word_1_681' title='bbox 1847 4543 1975 4595; x_wconf 82' lang='lat' dir='ltr'><strong>mihi</strong></span> <span class='ocrx_word' id='word_1_682' title='bbox 2012 4564 2057 4622; x_wconf 75' lang='grc' dir='ltr'><strong>υ</strong></span> <span class='ocrx_word' id='word_1_683' title='bbox 2085 4539 2484 4603; x_wconf 89' lang='lat' dir='ltr'><strong>Nestoriauam,</strong></span> <span class='ocrx_word' id='word_1_684' title='bbox 2531 4552 2625 4596; x_wconf 88' lang='lat' dir='ltr'><strong>ant</strong></span> <span class='ocrx_word' id='word_1_685' title='bbox 2661 4542 3048 4613; x_wconf 78' lang='lat' dir='ltr'><strong>Eutycliianam</strong></span> <span class='ocrx_word' id='word_1_686' title='bbox 3103 4545 3347 4599; x_wconf 64' lang='lat' dir='ltr'><strong>haeresim</strong></span> <span class='ocrx_word' id='word_1_687' title='bbox 3386 4551 3673 4611; x_wconf 85' lang='lat' dir='ltr'><strong>memorat,</strong></span> 
     </span>
    </p>
   </div>
   <div class='ocr_carea' id='block_1_91' title="bbox 389 4627 1980 4699">
    <p class='ocr_par' dir='ltr' id='par_1_91' title="bbox 389 4627 1980 4699">
     <span class='ocr_line' id='line_1_92' title="bbox 389 4627 1980 4699; baseline 0.006 -22"><span class='ocrx_word' id='word_1_688' title='bbox 389 4627 598 4695; x_wconf 73' lang='lat' dir='ltr'><strong>quidem</strong></span> <span class='ocrx_word' id='word_1_689' title='bbox 636 4643 729 4693; x_wconf 89' lang='lat' dir='ltr'><strong>per</strong></span> <span class='ocrx_word' id='word_1_690' title='bbox 768 4628 918 4680; x_wconf 86' lang='lat' dir='ltr'><strong>illum</strong></span> <span class='ocrx_word' id='word_1_691' title='bbox 959 4640 1163 4695; x_wconf 87' lang='lat' dir='ltr'><strong>poetas,</strong></span> <span class='ocrx_word' id='word_1_692' title='bbox 1203 4630 1283 4682; x_wconf 85' lang='lat' dir='ltr'><strong>illi</strong></span> <span class='ocrx_word' id='word_1_693' title='bbox 1326 4647 1443 4683; x_wconf 83' lang='lat' dir='ltr'><strong>vero</strong></span> <span class='ocrx_word' id='word_1_694' title='bbox 1494 4648 1588 4699; x_wconf 80' lang='lat' dir='ltr'><strong>per</strong></span> <span class='ocrx_word' id='word_1_695' title='bbox 1625 4648 1705 4686; x_wconf 88' lang='lat' dir='ltr'><strong>me</strong></span> <span class='ocrx_word' id='word_1_696' title='bbox 1741 4633 1980 4687; x_wconf 82' lang='lat' dir='ltr'><strong>rhetoras</strong></span> 
     </span>
    </p>
   </div>
   <div class='ocr_carea' id='block_1_92' title="bbox 387 4715 1982 4794">
    <p class='ocr_par' dir='ltr' id='par_1_92' title="bbox 387 4715 1982 4794">
     <span class='ocr_line' id='line_1_93' title="bbox 387 4715 1982 4794; baseline 0.005 -24"><span class='ocrx_word' id='word_1_697' title='bbox 387 4715 585 4789; x_wconf 77' lang='lat' dir='ltr'><strong>[XXII]</strong></span> <span class='ocrx_word' id='word_1_698' title='bbox 614 4733 765 4769; x_wconf 87' lang='lat' dir='ltr'><strong>nosse</strong></span> <span class='ocrx_word' id='word_1_699' title='bbox 793 4720 1073 4786; x_wconf 80' lang='lat' dir='ltr'><strong>contigit...</strong></span> <span class='ocrx_word' id='word_1_700' title='bbox 1110 4720 1211 4775; x_wconf 83' lang='lat' dir='ltr'><strong>Ille</strong></span> <span class='ocrx_word' id='word_1_701' title='bbox 1249 4739 1386 4775; x_wconf 89' lang='lat' dir='ltr'><strong>nunc</strong></span> <span class='ocrx_word' id='word_1_702' title='bbox 1416 4724 1470 4776; x_wconf 91' lang='lat' dir='ltr'><strong>in</strong></span> <span class='ocrx_word' id='word_1_703' title='bbox 1512 4723 1804 4794; x_wconf 66' lang='lat' dir='ltr'><strong>Aigypmm</strong></span> <span class='ocrx_word' id='word_1_704' title='bbox 1842 4727 1982 4780; x_wconf 85' lang='lat' dir='ltr'><strong>venit</strong></span> 
     </span>
    </p>
   </div>
   <div class='ocr_carea' id='block_1_93' title="bbox 386 4809 1981 4886">
    <p class='ocr_par' dir='ltr' id='par_1_93' title="bbox 386 4809 1981 4886">
     <span class='ocr_line' id='line_1_94' title="bbox 386 4809 1981 4886; baseline 0.006 -25"><span class='ocrx_word' id='word_1_705' title='bbox 386 4809 619 4875; x_wconf 79' lang='lat' dir='ltr'><strong>fundum</strong></span> <span class='ocrx_word' id='word_1_706' title='bbox 651 4819 926 4876; x_wconf 85' lang='lat' dir='ltr'><strong>paternum</strong></span> <span class='ocrx_word' id='word_1_707' title='bbox 954 4826 1055 4863; x_wconf 89' lang='lat' dir='ltr'><strong>non</strong></span> <span class='ocrx_word' id='word_1_708' title='bbox 1084 4815 1316 4875; x_wconf 81' lang='lat' dir='ltr'><strong>amplum</strong></span> <span class='ocrx_word' id='word_1_709' title='bbox 1360 4827 1713 4883; x_wconf 81' lang='lat' dir='ltr'><strong>occupaturus</strong></span> <span class='ocrx_word' id='word_1_710' title='bbox 1738 4833 1757 4870; x_wconf 90' lang='lat'><strong><em>:</em></strong></span> <span class='ocrx_word' id='word_1_711' title='bbox 1779 4829 1981 4886; x_wconf 85' lang='lat' dir='ltr'><strong>patrem</strong></span> 
     </span>
    </p>
   </div>
   <div class='ocr_carea' id='block_1_94' title="bbox 385 4898 1981 4975">
    <p class='ocr_par' dir='ltr' id='par_1_94' title="bbox 385 4898 1981 4975">
     <span class='ocr_line' id='line_1_95' title="bbox 385 4898 1981 4975; baseline 0.009 -22"><span class='ocrx_word' id='word_1_712' title='bbox 385 4901 528 4954; x_wconf 88' lang='lat' dir='ltr'><strong>enim</strong></span> <span class='ocrx_word' id='word_1_713' title='bbox 561 4900 636 4953; x_wconf 87' lang='lat' dir='ltr'><strong>ibi</strong></span> <span class='ocrx_word' id='word_1_714' title='bbox 671 4898 846 4964; x_wconf 72' lang='lat' dir='ltr'><strong>habet,</strong></span> <span class='ocrx_word' id='word_1_715' title='bbox 882 4899 1152 4975; x_wconf 79' lang='lat' dir='ltr'><strong>Ilactenus</strong></span> <span class='ocrx_word' id='word_1_716' title='bbox 1190 4904 1466 4961; x_wconf 88' lang='lat' dir='ltr'><strong>Libanius.</strong></span> <span class='ocrx_word' id='word_1_717' title='bbox 1526 4908 1714 4964; x_wconf 89' lang='lat' dir='ltr'><strong>Utrum</strong></span> <span class='ocrx_word' id='word_1_718' title='bbox 1771 4928 1897 4967; x_wconf 89' lang='lat' dir='ltr'><strong>vero</strong></span> <span class='ocrx_word' id='word_1_719' title='bbox 1934 4913 1981 4968; x_wconf 89' lang='lat' dir='ltr'><strong>is</strong></span> 
     </span>
    </p>
   </div>
   <div class='ocr_carea' id='block_1_95' title="bbox 385 4990 1983 5069">
    <p class='ocr_par' dir='ltr' id='par_1_95' title="bbox 385 4990 1983 5069">
     <span class='ocr_line' id='line_1_96' title="bbox 385 4990 1983 5069; baseline 0.008 -25"><span class='ocrx_word' id='word_1_720' title='bbox 385 4992 453 5046; x_wconf 90' lang='lat' dir='ltr'><strong>de</strong></span> <span class='ocrx_word' id='word_1_721' title='bbox 500 4990 730 5060; x_wconf 80' lang='lat' dir='ltr'><strong>Didymo</strong></span> <span class='ocrx_word' id='word_1_722' title='bbox 793 5000 981 5045; x_wconf 88' lang='lat' dir='ltr'><strong>nostro</strong></span> <span class='ocrx_word' id='word_1_723' title='bbox 1017 5008 1324 5050; x_wconf 90' lang='lat' dir='ltr'><strong>sermonem</strong></span> <span class='ocrx_word' id='word_1_724' title='bbox 1366 4998 1581 5061; x_wconf 88' lang='lat' dir='ltr'><strong>habeat,</strong></span> <span class='ocrx_word' id='word_1_725' title='bbox 1614 5015 1780 5069; x_wconf 75' lang='lat' dir='ltr'><strong>penes</strong></span> <span class='ocrx_word' id='word_1_726' title='bbox 1816 5002 1983 5057; x_wconf 87' lang='lat' dir='ltr'><strong>lecto-</strong></span> 
     </span>
    </p>
   </div>
   <div class='ocr_carea' id='block_1_96' title="bbox 384 5080 1979 5158">
    <p class='ocr_par' dir='ltr' id='par_1_96' title="bbox 384 5080 1979 5158">
     <span class='ocr_line' id='line_1_97' title="bbox 384 5080 1979 5158; baseline 0.008 -23"><span class='ocrx_word' id='word_1_727' title='bbox 384 5097 501 5137; x_wconf 87' lang='lat' dir='ltr'><strong>rem</strong></span> <span class='ocrx_word' id='word_1_728' title='bbox 537 5080 791 5148; x_wconf 83' lang='lat' dir='ltr'><strong>iudicium</strong></span> <span class='ocrx_word' id='word_1_729' title='bbox 823 5083 915 5137; x_wconf 86' lang='lat' dir='ltr'><strong>sit.</strong></span> <span class='ocrx_word' id='word_1_730' title='bbox 947 5083 1006 5138; x_wconf 86' lang='lat' dir='ltr'><strong>Ei</strong></span> <span class='ocrx_word' id='word_1_731' title='bbox 1034 5100 1190 5150; x_wconf 88' lang='lat' dir='ltr'><strong>sane,</strong></span> <span class='ocrx_word' id='word_1_732' title='bbox 1219 5090 1284 5141; x_wconf 92' lang='lat' dir='ltr'><strong>de</strong></span> <span class='ocrx_word' id='word_1_733' title='bbox 1307 5103 1415 5157; x_wconf 89' lang='lat' dir='ltr'><strong>quo</strong></span> <span class='ocrx_word' id='word_1_734' title='bbox 1466 5088 1751 5158; x_wconf 87' lang='lat' dir='ltr'><strong>Libanius,</strong></span> <span class='ocrx_word' id='word_1_735' title='bbox 1796 5096 1979 5150; x_wconf 87' lang='lat' dir='ltr'><strong>omnia</strong></span> 
     </span>
    </p>
   </div>
   <div class='ocr_carea' id='block_1_97' title="bbox 387 5173 1974 5245">
    <p class='ocr_par' dir='ltr' id='par_1_97' title="bbox 387 5173 1974 5245">
     <span class='ocr_line' id='line_1_98' title="bbox 387 5173 1974 5245; baseline 0.007 -16"><span class='ocrx_word' id='word_1_736' title='bbox 387 5191 512 5229; x_wconf 88' lang='lat' dir='ltr'><strong>cum</strong></span> <span class='ocrx_word' id='word_1_737' title='bbox 555 5173 782 5245; x_wconf 83' lang='lat' dir='ltr'><strong>Didymo</strong></span> <span class='ocrx_word' id='word_1_738' title='bbox 811 5191 999 5231; x_wconf 87' lang='lat' dir='ltr'><strong>nostro</strong></span> <span class='ocrx_word' id='word_1_739' title='bbox 1032 5183 1365 5236; x_wconf 70' lang='lat' dir='ltr'><strong>conveniunt</strong></span> <span class='ocrx_word' id='word_1_740' title='bbox 1392 5183 1722 5238; x_wconf 86' lang='lat' dir='ltr'><strong>adamussim</strong></span> <span class='ocrx_word' id='word_1_741' title='bbox 1753 5202 1766 5238; x_wconf 91' lang='lat'><strong>:</strong></span> <span class='ocrx_word' id='word_1_742' title='bbox 1793 5187 1846 5239; x_wconf 90' lang='lat' dir='ltr'><strong>in</strong></span> <span class='ocrx_word' id='word_1_743' title='bbox 1880 5185 1974 5240; x_wconf 84' lang='lat' dir='ltr'><strong>Di-</strong></span> 
     </span>
    </p>
   </div>
   <div class='ocr_carea' id='block_1_98' title="bbox 383 5266 1976 5345">
    <p class='ocr_par' dir='ltr' id='par_1_98' title="bbox 383 5266 1976 5345">
     <span class='ocr_line' id='line_1_99' title="bbox 383 5266 1976 5345; baseline 0.01 -28"><span class='ocrx_word' id='word_1_744' title='bbox 383 5266 607 5334; x_wconf 82' lang='lat' dir='ltr'><strong>dymnm</strong></span> <span class='ocrx_word' id='word_1_745' title='bbox 638 5266 778 5319; x_wconf 91' lang='lat' dir='ltr'><strong>enim</strong></span> <span class='ocrx_word' id='word_1_746' title='bbox 802 5278 1045 5321; x_wconf 89' lang='lat' dir='ltr'><strong>nostrum</strong></span> <span class='ocrx_word' id='word_1_747' title='bbox 1080 5272 1318 5339; x_wconf 87' lang='lat' dir='ltr'><strong>perbelle</strong></span> <span class='ocrx_word' id='word_1_748' title='bbox 1351 5276 1603 5344; x_wconf 85' lang='lat' dir='ltr'><strong>quadrat,</strong></span> <span class='ocrx_word' id='word_1_749' title='bbox 1640 5280 1783 5345; x_wconf 92' lang='lat' dir='ltr'><strong>quod</strong></span> <span class='ocrx_word' id='word_1_750' title='bbox 1814 5292 1976 5333; x_wconf 84' lang='lat' dir='ltr'><strong>voce-</strong></span> 
     </span>
    </p>
   </div>
   <div class='ocr_carea' id='block_1_99' title="bbox 382 5356 1976 5435">
    <p class='ocr_par' dir='ltr' id='par_1_99' title="bbox 382 5356 1976 5435">
     <span class='ocr_line' id='line_1_100' title="bbox 382 5356 1976 5435; baseline 0.009 -25"><span class='ocrx_word' id='word_1_751' title='bbox 382 5367 474 5411; x_wconf 84' lang='lat' dir='ltr'><strong>tur</strong></span> <span class='ocrx_word' id='word_1_752' title='bbox 503 5356 846 5428; x_wconf 83' lang='grc' dir='ltr'><strong>διδάσκαλος,</strong></span> <span class='ocrx_word' id='word_1_753' title='bbox 878 5360 929 5414; x_wconf 90' lang='lat' dir='ltr'><strong>id</strong></span> <span class='ocrx_word' id='word_1_754' title='bbox 963 5370 1050 5416; x_wconf 89' lang='lat' dir='ltr'><strong>est</strong></span> <span class='ocrx_word' id='word_1_755' title='bbox 1079 5364 1300 5429; x_wconf 86' lang='lat' dir='ltr'><strong>doctor;</strong></span> <span class='ocrx_word' id='word_1_756' title='bbox 1342 5367 1486 5435; x_wconf 90' lang='lat' dir='ltr'><strong>quod</strong></span> <span class='ocrx_word' id='word_1_757' title='bbox 1512 5367 1676 5421; x_wconf 81' lang='lat' dir='ltr'><strong>ﬁlium</strong></span> <span class='ocrx_word' id='word_1_758' title='bbox 1720 5368 1770 5421; x_wconf 94' lang='lat' dir='ltr'><strong>in</strong></span> <span class='ocrx_word' id='word_1_759' title='bbox 1792 5379 1976 5424; x_wconf 87' lang='lat' dir='ltr'><strong>orato-</strong></span> 
     </span>
    </p>
   </div>
   <div class='ocr_carea' id='block_1_100' title="bbox 383 5452 1972 5531">
    <p class='ocr_par' dir='ltr' id='par_1_100' title="bbox 383 5452 1972 5531">
     <span class='ocr_line' id='line_1_101' title="bbox 383 5452 1972 5531; baseline 0.008 -27"><span class='ocrx_word' id='word_1_760' title='bbox 383 5465 506 5504; x_wconf 87' lang='lat' dir='ltr'><strong>rum</strong></span> <span class='ocrx_word' id='word_1_761' title='bbox 540 5466 604 5504; x_wconf 91' lang='lat' dir='ltr'><strong>ac</strong></span> <span class='ocrx_word' id='word_1_762' title='bbox 669 5462 947 5521; x_wconf 81' lang='lat' dir='ltr'><strong>poetarum</strong></span> <span class='ocrx_word' id='word_1_763' title='bbox 998 5452 1250 5531; x_wconf 55' lang='lat' dir='ltr'><strong>Iecti0ne’</strong></span> <span class='ocrx_word' id='word_1_764' title='bbox 1284 5458 1514 5524; x_wconf 81' lang='lat' dir='ltr'><strong>versari,</strong></span> <span class='ocrx_word' id='word_1_765' title='bbox 1569 5471 1729 5529; x_wconf 89' lang='lat' dir='ltr'><strong>atque</strong></span> <span class='ocrx_word' id='word_1_766' title='bbox 1768 5461 1972 5516; x_wconf 88' lang='lat' dir='ltr'><strong>erudiri</strong></span> 
     </span>
    </p>
   </div>
   <div class='ocr_carea' id='block_1_101' title="bbox 384 5542 1977 5623">
    <p class='ocr_par' dir='ltr' id='par_1_101' title="bbox 384 5542 1977 5623">
     <span class='ocr_line' id='line_1_102' title="bbox 384 5542 1977 5623; baseline 0.008 -27"><span class='ocrx_word' id='word_1_767' title='bbox 384 5542 698 5611; x_wconf 81' lang='lat' dir='ltr'><strong>curaverit;</strong></span> <span class='ocrx_word' id='word_1_768' title='bbox 745 5546 887 5612; x_wconf 88' lang='lat' dir='ltr'><strong>quod</strong></span> <span class='ocrx_word' id='word_1_769' title='bbox 915 5544 1081 5600; x_wconf 77' lang='lat' dir='ltr'><strong>fuerit</strong></span> <span class='ocrx_word' id='word_1_770' title='bbox 1120 5547 1172 5601; x_wconf 91' lang='lat' dir='ltr'><strong>in</strong></span> <span class='ocrx_word' id='word_1_771' title='bbox 1200 5550 1456 5619; x_wconf 83' lang='lat' dir='ltr'><strong>poetis_et</strong></span> <span class='ocrx_word' id='word_1_772' title='bbox 1490 5551 1603 5620; x_wconf 88' lang='lat' dir='ltr'><strong>ipse</strong></span> <span class='ocrx_word' id='word_1_773' title='bbox 1632 5565 1977 5623; x_wconf 86' lang='lat' dir='ltr'><strong>summopere</strong></span> 
     </span>
    </p>
   </div>
   <div class='ocr_carea' id='block_1_102' title="bbox 385 5634 1976 5714">
    <p class='ocr_par' dir='ltr' id='par_1_102' title="bbox 385 5634 1976 5714">
     <span class='ocr_line' id='line_1_103' title="bbox 385 5634 1976 5714; baseline 0.009 -30"><span class='ocrx_word' id='word_1_774' title='bbox 385 5644 665 5700; x_wconf 83' lang='lat' dir='ltr'><strong>versatus;</strong></span> <span class='ocrx_word' id='word_1_775' title='bbox 708 5634 852 5703; x_wconf 89' lang='lat' dir='ltr'><strong>quod</strong></span> <span class='ocrx_word' id='word_1_776' title='bbox 890 5635 1216 5694; x_wconf 84' lang='lat' dir='ltr'><strong>Sebastiano</strong></span> <span class='ocrx_word' id='word_1_777' title='bbox 1275 5649 1434 5694; x_wconf 86' lang='lat' dir='ltr'><strong>notus</strong></span> <span class='ocrx_word' id='word_1_778' title='bbox 1472 5656 1574 5696; x_wconf 89' lang='lat' dir='ltr'><strong>non</strong></span> <span class='ocrx_word' id='word_1_779' title='bbox 1612 5656 1732 5698; x_wconf 90' lang='lat' dir='ltr'><strong>esse</strong></span> <span class='ocrx_word' id='word_1_780' title='bbox 1785 5645 1976 5714; x_wconf 85' lang='lat' dir='ltr'><strong>nequi-</strong></span> 
     </span>
    </p>
   </div>
   <div class='ocr_carea' id='block_1_103' title="bbox 381 5721 1972 5804">
    <p class='ocr_par' dir='ltr' id='par_1_103' title="bbox 381 5721 1972 5804">
     <span class='ocr_line' id='line_1_104' title="bbox 381 5721 1972 5804; baseline 0.009 -30"><span class='ocrx_word' id='word_1_781' title='bbox 381 5721 556 5786; x_wconf 79' lang='lat' dir='ltr'><strong>verit;</strong></span> <span class='ocrx_word' id='word_1_782' title='bbox 604 5725 746 5792; x_wconf 89' lang='lat' dir='ltr'><strong>quod</strong></span> <span class='ocrx_word' id='word_1_783' title='bbox 803 5726 871 5779; x_wconf 87' lang='lat' dir='ltr'><strong>ab</strong></span> <span class='ocrx_word' id='word_1_784' title='bbox 922 5725 990 5781; x_wconf 90' lang='lat' dir='ltr'><strong>iis</strong></span> <span class='ocrx_word' id='word_1_785' title='bbox 1040 5729 1294 5785; x_wconf 87' lang='lat' dir='ltr'><strong>omnibus</strong></span> <span class='ocrx_word' id='word_1_786' title='bbox 1345 5731 1827 5801; x_wconf 62' lang='lat' dir='ltr'><strong>cognitusluerit,</strong></span> <span class='ocrx_word' id='word_1_787' title='bbox 1881 5735 1972 5804; x_wconf 90' lang='lat' dir='ltr'><strong>qui</strong></span> 
     </span>
    </p>
   </div>
   <div class='ocr_carea' id='block_1_104' title="bbox 381 5813 1968 5895">
    <p class='ocr_par' dir='ltr' id='par_1_104' title="bbox 381 5813 1968 5895">
     <span class='ocr_line' id='line_1_105' title="bbox 381 5813 1968 5895; baseline 0.008 -28"><span class='ocrx_word' id='word_1_788' title='bbox 381 5826 635 5883; x_wconf 76' lang='lat' dir='ltr'><strong>magnam</strong></span> <span class='ocrx_word' id='word_1_789' title='bbox 672 5813 893 5886; x_wconf 64' lang='lat' dir='ltr'><strong>Egypti</strong></span> <span class='ocrx_word' id='word_1_790' title='bbox 929 5818 1232 5889; x_wconf 76' lang='lat' dir='ltr'><strong>civitatem,</strong></span> <span class='ocrx_word' id='word_1_791' title='bbox 1270 5822 1519 5879; x_wconf 74' lang='lat' dir='ltr'><strong>videlicet</strong></span> <span class='ocrx_word' id='word_1_792' title='bbox 1567 5823 1968 5895; x_wconf 75' lang='lat' dir='ltr'><strong>Alexandriam,</strong></span> 
     </span>
    </p>
   </div>
   <div class='ocr_carea' id='block_1_105' title="bbox 2084 4633 3669 4704">
    <p class='ocr_par' dir='ltr' id='par_1_105' title="bbox 2084 4633 3669 4704">
     <span class='ocr_line' id='line_1_106' title="bbox 2084 4633 3669 4704; baseline 0.001 -17"><span class='ocrx_word' id='word_1_793' title='bbox 2084 4649 2205 4687; x_wconf 91' lang='lat' dir='ltr'><strong>cum</strong></span> <span class='ocrx_word' id='word_1_794' title='bbox 2237 4633 2616 4703; x_wconf 86' lang='lat' dir='ltr'><strong>plerarumque</strong></span> <span class='ocrx_word' id='word_1_795' title='bbox 2656 4649 2722 4689; x_wconf 85' lang='lat' dir='ltr'><strong>ex</strong></span> <span class='ocrx_word' id='word_1_796' title='bbox 2753 4635 3148 4704; x_wconf 88' lang='lat' dir='ltr'><strong>antiquioribus</strong></span> <span class='ocrx_word' id='word_1_797' title='bbox 3185 4636 3476 4690; x_wconf 70' lang='lat' dir='ltr'><strong>haeresihns</strong></span> <span class='ocrx_word' id='word_1_798' title='bbox 3510 4651 3669 4690; x_wconf 75' lang='lat' dir='ltr'><strong>men-—</strong></span> 
     </span>
    </p>
   </div>
   <div class='ocr_carea' id='block_1_106' title="bbox 2086 4724 3665 4797">
    <p class='ocr_par' dir='ltr' id='par_1_106' title="bbox 2086 4724 3665 4797">
     <span class='ocr_line' id='line_1_107' title="bbox 2086 4724 3665 4797; baseline 0.001 -18"><span class='ocrx_word' id='word_1_799' title='bbox 2086 4726 2282 4780; x_wconf 87' lang='lat' dir='ltr'><strong>tionem</strong></span> <span class='ocrx_word' id='word_1_800' title='bbox 2342 4726 2524 4780; x_wconf 83' lang='lat' dir='ltr'><strong>faciat.</strong></span> <span class='ocrx_word' id='word_1_801' title='bbox 2589 4724 2859 4792; x_wconf 90' lang='lat' dir='ltr'><strong>Secundo,</strong></span> <span class='ocrx_word' id='word_1_802' title='bbox 2910 4727 3126 4780; x_wconf 81' lang='lat' dir='ltr'><strong>Arianis</strong></span> <span class='ocrx_word' id='word_1_803' title='bbox 3179 4727 3499 4794; x_wconf 77' lang='lat' dir='ltr'><strong>exprobrat,</strong></span> <span class='ocrx_word' id='word_1_804' title='bbox 3543 4744 3665 4797; x_wconf 75' lang='lat' dir='ltr'><strong>pag.</strong></span> 
     </span>
    </p>
   </div>
   <div class='ocr_carea' id='block_1_107' title="bbox 2081 4814 3671 4889">
    <p class='ocr_par' dir='ltr' id='par_1_107' title="bbox 2081 4814 3671 4889">
     <span class='ocr_line' id='line_1_108' title="bbox 2081 4814 3671 4889; baseline 0.003 -20"><span class='ocrx_word' id='word_1_805' title='bbox 2081 4814 2208 4879; x_wconf 73' lang='lat'><strong>227,</strong></span> <span class='ocrx_word' id='word_1_806' title='bbox 2242 4816 2385 4887; x_wconf 91' lang='lat' dir='ltr'><strong>quod</strong></span> <span class='ocrx_word' id='word_1_807' title='bbox 2445 4817 2840 4871; x_wconf 80' lang='lat' dir='ltr'><strong>Marathoniam</strong></span> <span class='ocrx_word' id='word_1_808' title='bbox 2897 4816 3390 4873; x_wconf 80' lang='lat' dir='ltr'><strong>Nicomediensium</strong></span> <span class='ocrx_word' id='word_1_809' title='bbox 3448 4820 3671 4889; x_wconf 75' lang='lat' dir='ltr'><strong>episco-</strong></span> 
     </span>
    </p>
   </div>
   <div class='ocr_carea' id='block_1_108' title="bbox 2082 4909 3665 4978">
    <p class='ocr_par' dir='ltr' id='par_1_108' title="bbox 2082 4909 3665 4978">
     <span class='ocr_line' id='line_1_109' title="bbox 2082 4909 3665 4978; baseline 0.004 -19"><span class='ocrx_word' id='word_1_810' title='bbox 2082 4921 2210 4975; x_wconf 90' lang='lat' dir='ltr'><strong>pum</strong></span> <span class='ocrx_word' id='word_1_811' title='bbox 2260 4909 2552 4962; x_wconf 90' lang='lat' dir='ltr'><strong>creandmn</strong></span> <span class='ocrx_word' id='word_1_812' title='bbox 2580 4913 2821 4963; x_wconf 90' lang='lat' dir='ltr'><strong>curarint</strong></span> <span class='ocrx_word' id='word_1_813' title='bbox 2850 4926 2865 4963; x_wconf 90' lang='lat'><strong>:</strong></span> <span class='ocrx_word' id='word_1_814' title='bbox 2896 4909 2945 4961; x_wconf 93' lang='lat' dir='ltr'><strong>id</strong></span> <span class='ocrx_word' id='word_1_815' title='bbox 2976 4918 3156 4960; x_wconf 89' lang='lat' dir='ltr'><strong>autem</strong></span> <span class='ocrx_word' id='word_1_816' title='bbox 3187 4924 3307 4963; x_wconf 90' lang='lat' dir='ltr'><strong>cum</strong></span> <span class='ocrx_word' id='word_1_817' title='bbox 3343 4922 3535 4978; x_wconf 87' lang='lat' dir='ltr'><strong>quarto</strong></span> <span class='ocrx_word' id='word_1_818' title='bbox 3569 4927 3665 4965; x_wconf 57' lang='lat' dir='ltr'><strong>ste-</strong></span> 
     </span>
    </p>
   </div>
   <div class='ocr_carea' id='block_1_109' title="bbox 2085 4997 3672 5070">
    <p class='ocr_par' dir='ltr' id='par_1_109' title="bbox 2085 4997 3672 5070">
     <span class='ocr_line' id='line_1_110' title="bbox 2085 4997 3672 5070; baseline 0.001 -18"><span class='ocrx_word' id='word_1_819' title='bbox 2085 4997 2210 5052; x_wconf 92' lang='lat' dir='ltr'><strong>culo</strong></span> <span class='ocrx_word' id='word_1_820' title='bbox 2266 5000 2576 5067; x_wconf 82' lang='lat' dir='ltr'><strong>contigerit,</strong></span> <span class='ocrx_word' id='word_1_821' title='bbox 2618 5002 2937 5069; x_wconf 88' lang='lat' dir='ltr'><strong>scriptorem</strong></span> <span class='ocrx_word' id='word_1_822' title='bbox 2986 5000 3185 5053; x_wconf 89' lang='lat' dir='ltr'><strong>indicat</strong></span> <span class='ocrx_word' id='word_1_823' title='bbox 3219 5004 3396 5070; x_wconf 86' lang='lat' dir='ltr'><strong>quarti</strong></span> <span class='ocrx_word' id='word_1_824' title='bbox 3452 5003 3672 5067; x_wconf 75' lang='lat' dir='ltr'><strong>sa-cnli;</strong></span> 
     </span>
    </p>
   </div>
   <div class='ocr_carea' id='block_1_110' title="bbox 2082 5089 3661 5159">
    <p class='ocr_par' dir='ltr' id='par_1_110' title="bbox 2082 5089 3661 5159">
     <span class='ocr_line' id='line_1_111' title="bbox 2082 5089 3661 5159; baseline 0.001 -15"><span class='ocrx_word' id='word_1_825' title='bbox 2082 5089 2410 5146; x_wconf 78' lang='lat' dir='ltr'><strong>Marathonii</strong></span> <span class='ocrx_word' id='word_1_826' title='bbox 2441 5093 2586 5147; x_wconf 91' lang='lat' dir='ltr'><strong>enim</strong></span> <span class='ocrx_word' id='word_1_827' title='bbox 2626 5108 2822 5147; x_wconf 86' lang='lat' dir='ltr'><strong>nomen</strong></span> <span class='ocrx_word' id='word_1_828' title='bbox 2855 5092 2994 5146; x_wconf 90' lang='lat' dir='ltr'><strong>hand</strong></span> <span class='ocrx_word' id='word_1_829' title='bbox 3027 5092 3225 5146; x_wconf 88' lang='lat' dir='ltr'><strong>multos</strong></span> <span class='ocrx_word' id='word_1_830' title='bbox 3256 5101 3374 5159; x_wconf 86' lang='lat' dir='ltr'><strong>post</strong></span> <span class='ocrx_word' id='word_1_831' title='bbox 3395 5091 3511 5156; x_wconf 88' lang='lat' dir='ltr'><strong>ejus</strong></span> <span class='ocrx_word' id='word_1_832' title='bbox 3532 5103 3661 5146; x_wconf 69' lang='lat' dir='ltr'><strong>teta-</strong></span> 
     </span>
    </p>
   </div>
   <div class='ocr_carea' id='block_1_111' title="bbox 2083 5183 3676 5253">
    <p class='ocr_par' dir='ltr' id='par_1_111' title="bbox 2083 5183 3676 5253">
     <span class='ocr_line' id='line_1_112' title="bbox 2083 5183 3676 5253; baseline 0.001 -16"><span class='ocrx_word' id='word_1_833' title='bbox 2083 5193 2188 5238; x_wconf 89' lang='lat' dir='ltr'><strong>lem</strong></span> <span class='ocrx_word' id='word_1_834' title='bbox 2217 5199 2391 5238; x_wconf 87' lang='lat' dir='ltr'><strong>annos</strong></span> <span class='ocrx_word' id='word_1_835' title='bbox 2422 5185 2509 5237; x_wconf 85' lang='lat' dir='ltr'><strong>vix</strong></span> <span class='ocrx_word' id='word_1_836' title='bbox 2549 5185 2802 5253; x_wconf 87' lang='lat' dir='ltr'><strong>cuiquam</strong></span> <span class='ocrx_word' id='word_1_837' title='bbox 2842 5194 3026 5239; x_wconf 91' lang='lat' dir='ltr'><strong>notum</strong></span> <span class='ocrx_word' id='word_1_838' title='bbox 3062 5184 3233 5239; x_wconf 79' lang='lat' dir='ltr'><strong>fuisse</strong></span> <span class='ocrx_word' id='word_1_839' title='bbox 3266 5183 3498 5237; x_wconf 83' lang='lat' dir='ltr'><strong>videtur.</strong></span> <span class='ocrx_word' id='word_1_840' title='bbox 3532 5185 3676 5238; x_wconf 84' lang='lat' dir='ltr'><strong>Ter-</strong></span> 
     </span>
    </p>
   </div>
   <div class='ocr_carea' id='block_1_112' title="bbox 2082 5273 3705 5359">
    <p class='ocr_par' dir='ltr' id='par_1_112' title="bbox 2082 5273 3705 5359">
     <span class='ocr_line' id='line_1_113' title="bbox 2082 5273 3705 5359; baseline -0.002 -30"><span class='ocrx_word' id='word_1_841' title='bbox 2082 5276 2178 5341; x_wconf 90' lang='lat' dir='ltr'><strong>tio,</strong></span> <span class='ocrx_word' id='word_1_842' title='bbox 2240 5275 2580 5346; x_wconf 78' lang='lat' dir='ltr'><strong>Origenianis</strong></span> <span class='ocrx_word' id='word_1_843' title='bbox 2636 5277 2959 5345; x_wconf 87' lang='lat' dir='ltr'><strong>quihusdam</strong></span> <span class='ocrx_word' id='word_1_844' title='bbox 3025 5273 3388 5330; x_wconf 87' lang='lat' dir='ltr'><strong>locutionihns</strong></span> <span class='ocrx_word' id='word_1_845' title='bbox 3444 5276 3611 5327; x_wconf 78' lang='lat' dir='ltr'><strong>utitur</strong></span> <span class='ocrx_word' id='word_1_846' title='bbox 3637 5315 3705 5359; x_wconf 51' lang='grc' dir='ltr'><strong>ν.</strong></span> 
     </span>
    </p>
   </div>
   <div class='ocr_carea' id='block_1_113' title="bbox 2081 5365 3674 5439">
    <p class='ocr_par' dir='ltr' id='par_1_113' title="bbox 2081 5365 3674 5439">
     <span class='ocr_line' id='line_1_114' title="bbox 2081 5365 3674 5439; baseline 0.002 -23"><span class='ocrx_word' id='word_1_847' title='bbox 2081 5383 2220 5435; x_wconf 88' lang='lat' dir='ltr'><strong>quas</strong></span> <span class='ocrx_word' id='word_1_848' title='bbox 2273 5374 2393 5437; x_wconf 88' lang='lat' dir='ltr'><strong>post</strong></span> <span class='ocrx_word' id='word_1_849' title='bbox 2448 5367 2663 5439; x_wconf 87' lang='lat' dir='ltr'><strong>Didymi</strong></span> <span class='ocrx_word' id='word_1_850' title='bbox 2713 5369 2918 5422; x_wconf 88' lang='lat' dir='ltr'><strong>obitmn</strong></span> <span class='ocrx_word' id='word_1_851' title='bbox 2964 5370 3162 5422; x_wconf 55' lang='lat' dir='ltr'><strong>saeculo</strong></span> <span class='ocrx_word' id='word_1_852' title='bbox 3215 5365 3403 5436; x_wconf 88' lang='lat' dir='ltr'><strong>quinto</strong></span> <span class='ocrx_word' id='word_1_853' title='bbox 3449 5367 3674 5421; x_wconf 77' lang='lat' dir='ltr'><strong>circiter</strong></span> 
     </span>
    </p>
   </div>
   <div class='ocr_carea' id='block_1_114' title="bbox 2078 5455 3679 5526">
    <p class='ocr_par' dir='ltr' id='par_1_114' title="bbox 2078 5455 3679 5526">
     <span class='ocr_line' id='line_1_115' title="bbox 2078 5455 3679 5526; baseline 0 -15"><span class='ocrx_word' id='word_1_854' title='bbox 2078 5457 2301 5511; x_wconf 88' lang='lat' dir='ltr'><strong>ineunte</strong></span> <span class='ocrx_word' id='word_1_855' title='bbox 2332 5469 2616 5526; x_wconf 77' lang='lat' dir='ltr'><strong>suspectas</strong></span> <span class='ocrx_word' id='word_1_856' title='bbox 2642 5458 2885 5512; x_wconf 82' lang='lat' dir='ltr'><strong>evasisse</strong></span> <span class='ocrx_word' id='word_1_857' title='bbox 2918 5463 3131 5511; x_wconf 87' lang='lat' dir='ltr'><strong>constat</strong></span> <span class='ocrx_word' id='word_1_858' title='bbox 3170 5471 3183 5508; x_wconf 90' lang='lat'><strong>:</strong></span> <span class='ocrx_word' id='word_1_859' title='bbox 3220 5455 3284 5509; x_wconf 90' lang='lat' dir='ltr'><strong>iis</strong></span> <span class='ocrx_word' id='word_1_860' title='bbox 3321 5465 3502 5509; x_wconf 88' lang='lat' dir='ltr'><strong>autem</strong></span> <span class='ocrx_word' id='word_1_861' title='bbox 3535 5472 3679 5511; x_wconf 75' lang='lat' dir='ltr'><strong>usus-</strong></span> 
     </span>
    </p>
   </div>
   <div class='ocr_carea' id='block_1_115' title="bbox 2074 5546 3662 5615">
    <p class='ocr_par' dir='ltr' id='par_1_115' title="bbox 2074 5546 3662 5615">
     <span class='ocr_line' id='line_1_116' title="bbox 2074 5546 3662 5615; baseline -0.001 -12"><span class='ocrx_word' id='word_1_862' title='bbox 2074 5550 2183 5604; x_wconf 79' lang='lat' dir='ltr'><strong>‘non</strong></span> <span class='ocrx_word' id='word_1_863' title='bbox 2215 5560 2360 5603; x_wconf 88' lang='lat' dir='ltr'><strong>esset</strong></span> <span class='ocrx_word' id='word_1_864' title='bbox 2387 5561 2574 5602; x_wconf 88' lang='lat' dir='ltr'><strong>auctor</strong></span> <span class='ocrx_word' id='word_1_865' title='bbox 2601 5559 2806 5613; x_wconf 90' lang='lat' dir='ltr'><strong>noster,</strong></span> <span class='ocrx_word' id='word_1_866' title='bbox 2844 5547 2891 5602; x_wconf 92' lang='lat' dir='ltr'><strong>si</strong></span> <span class='ocrx_word' id='word_1_867' title='bbox 2922 5557 3032 5600; x_wconf 90' lang='lat' dir='ltr'><strong>tum</strong></span> <span class='ocrx_word' id='word_1_868' title='bbox 3064 5546 3392 5615; x_wconf 86' lang='lat' dir='ltr'><strong>scripsisset,</strong></span> <span class='ocrx_word' id='word_1_869' title='bbox 3437 5562 3561 5602; x_wconf 91' lang='lat' dir='ltr'><strong>cum</strong></span> <span class='ocrx_word' id='word_1_870' title='bbox 3593 5550 3662 5602; x_wconf 88' lang='lat' dir='ltr'><strong>ab</strong></span> 
     </span>
    </p>
   </div>
   <div class='ocr_carea' id='block_1_116' title="bbox 2078 5640 3664 5711">
    <p class='ocr_par' dir='ltr' id='par_1_116' title="bbox 2078 5640 3664 5711">
     <span class='ocr_line' id='line_1_117' title="bbox 2078 5640 3664 5711; baseline -0.003 -15"><span class='ocrx_word' id='word_1_871' title='bbox 2078 5641 2412 5711; x_wconf 85' lang='lat' dir='ltr'><strong>Hieronymo</strong></span> <span class='ocrx_word' id='word_1_872' title='bbox 2446 5641 2557 5711; x_wconf 79' lang='lat' dir='ltr'><strong>jam</strong></span> <span class='ocrx_word' id='word_1_873' title='bbox 2604 5642 2890 5710; x_wconf 79' lang='lat' dir='ltr'><strong>exagitatte</strong></span> <span class='ocrx_word' id='word_1_874' title='bbox 2925 5640 3159 5705; x_wconf 75' lang='lat' dir='ltr'><strong>fuerant,</strong></span> <span class='ocrx_word' id='word_1_875' title='bbox 3212 5651 3373 5711; x_wconf 87' lang='lat' dir='ltr'><strong>atque</strong></span> <span class='ocrx_word' id='word_1_876' title='bbox 3416 5656 3444 5694; x_wconf 91' lang='lat' dir='ltr'><strong>a</strong></span> <span class='ocrx_word' id='word_1_877' title='bbox 3487 5640 3664 5694; x_wconf 89' lang='lat' dir='ltr'><strong>Theo-</strong></span> 
     </span>
    </p>
   </div>
   <div class='ocr_carea' id='block_1_117' title="bbox 2076 5731 3671 5804">
    <p class='ocr_par' dir='ltr' id='par_1_117' title="bbox 2076 5731 3671 5804">
     <span class='ocr_line' id='line_1_118' title="bbox 2076 5731 3671 5804; baseline -0.001 -18"><span class='ocrx_word' id='word_1_878' title='bbox 2076 5734 2222 5803; x_wconf 77' lang='lat' dir='ltr'><strong>pltilo</strong></span> <span class='ocrx_word' id='word_1_879' title='bbox 2254 5733 2622 5789; x_wconf 86' lang='lat' dir='ltr'><strong>Alexandrino</strong></span> <span class='ocrx_word' id='word_1_880' title='bbox 2668 5731 3075 5801; x_wconf 64' lang='lat' dir='ltr'><strong>condemnatur;</strong></span> <span class='ocrx_word' id='word_1_881' title='bbox 3118 5737 3261 5804; x_wconf 90' lang='lat' dir='ltr'><strong>quod</strong></span> <span class='ocrx_word' id='word_1_882' title='bbox 3292 5734 3519 5803; x_wconf 78' lang='lat' dir='ltr'><strong>contigit</strong></span> <span class='ocrx_word' id='word_1_883' title='bbox 3545 5733 3671 5801; x_wconf 80' lang='lat' dir='ltr'><strong>ipso</strong></span> 
     </span>
    </p>
   </div>
   <div class='ocr_carea' id='block_1_118' title="bbox 2077 5822 3665 5894">
    <p class='ocr_par' dir='ltr' id='par_1_118' title="bbox 2077 5822 3665 5894">
     <span class='ocr_line' id='line_1_119' title="bbox 2077 5822 3665 5894; baseline 0 -19"><span class='ocrx_word' id='word_1_884' title='bbox 2077 5826 2244 5894; x_wconf 88' lang='lat' dir='ltr'><strong>quinti</strong></span> <span class='ocrx_word' id='word_1_885' title='bbox 2282 5824 2464 5880; x_wconf 66' lang='lat' dir='ltr'><strong>saeculi</strong></span> <span class='ocrx_word' id='word_1_886' title='bbox 2508 5823 2681 5881; x_wconf 86' lang='lat' dir='ltr'><strong>initio.</strong></span> <span class='ocrx_word' id='word_1_887' title='bbox 2719 5823 2942 5890; x_wconf 81' lang='lat' dir='ltr'><strong>Quarto,</strong></span> <span class='ocrx_word' id='word_1_888' title='bbox 2980 5826 3044 5883; x_wconf 88' lang='lat' dir='ltr'><strong>dc</strong></span> <span class='ocrx_word' id='word_1_889' title='bbox 3092 5825 3492 5882; x_wconf 81' lang='lat' dir='ltr'><strong>Maccdonianis</strong></span> <span class='ocrx_word' id='word_1_890' title='bbox 3540 5822 3665 5876; x_wconf 55' lang='lat' dir='ltr'><strong>ubi-</strong></span> 
     </span>
    </p>
   </div>
   <div class='ocr_carea' id='block_1_119' title="bbox 3120 6439 3457 6454">
    <p class='ocr_par' dir='ltr' id='par_1_119' title="bbox 3120 6439 3457 6454">
     <span class='ocr_line' id='line_1_120' title="bbox 3120 6439 3457 6454; baseline 0.003 -7"><span class='ocrx_word' id='word_1_891' title='bbox 3120 6439 3323 6451; x_wconf 60' lang='grc' dir='ltr'><strong>..ι--ι-ι-..τιιἏ</strong></span> <span class='ocrx_word' id='word_1_892' title='bbox 3334 6444 3369 6454; x_wconf 28' lang='lat' dir='ltr'><strong>7H</strong></span> <span class='ocrx_word' id='word_1_893' title='bbox 3382 6444 3421 6454; x_wconf 55' lang='lat' dir='ltr'><strong>_._i</strong></span> <span class='ocrx_word' id='word_1_894' title='bbox 3434 6450 3457 6454; x_wconf 29' lang='lat'><strong>,_</strong></span> 
     </span>
    </p>
   </div>
  </div>
