4108 6482
434 457 536 512 159

1826 467 1914 521 DI'I
1956 470 2211 528 DIDYMO

3613 480 3707 534 I60

431 597 464 648 q
490 594 537 633 se
566 578 643 633 sle
687 577 946 648 loquitur,
1003 588 1063 633 ιιι
1092 593 1277 635 eorum
1315 580 1566 638 hmresim
1619 599 1724 637 non
1769 594 1828 639 ut
1873 595 2013 640 vetu-
2055 591 2100 645 Α
2132 600 2337 643 tuatnm
2384 604 2506 645 esse
2557 588 2824 659 conjicere
2876 589 3033 655 licet,
3078 605 3198 645 cum
3241 600 3294 645 et
3334 589 3456 645 aliis
3490 594 3547 645 in
3584 590 3718 650 locis

433 681 594 729 stam,
628 669 721 722 sed
753 676 811 721 ιιι
865 679 1135 724 recentem
1169 671 1454 727 confutare
1493 675 1761 743 videatur,
1813 693 1877 731 ac
1910 678 2019 745 pri-

436 773 553 811 mos
583 758 702 825 ejus
729 758 1044 815 defensores
1085 762 1422 831 impugnare.
1485 763 1710 820 Demnm
1768 769 1880 822 sive
1925 768 2021 824 do-

433 860 617 918 gmata
648 861 985 920 spectentur,
1016 867 1136 921 qua:
1185 855 1229 908 is
1271 856 1525 919 inculcat.
1554 860 1667 912 sive
1701 860 2018 928 peculiares.

437 943 635 1005 quibus
660 940 905 1003 adhaesit.
955 945 1257 1014 Opiniones.
1293 949 1407 1002 sive
1445 951 1725 1020 disciplina
1758 952 2020 1006 ecclesia-

437 1036 597 1095 stica.
627 1051 788 1104 quam
833 1037 1028 1091 alicabi
1060 1038 1296 1108 attingit,
1327 1039 1627 1108 cujusmodi
1667 1052 1748 1096 est
1786 1042 2022 1110 discipli-

441 1141 506 1178 na
539 1128 745 1191 arcani,
775 1128 1048 1182 orantium
1097 1130 1380 1183 conversio
1408 1133 1474 1184 ad
1503 1132 1792 1194 orientem,
1843 1141 2023 1186 orato-
2081 1152 2090 1172 ι

439 1218 646 1272 riornm
689 1232 819 1271 usus
849 1230 1013 1288 atque
1065 1222 1421 1288 coastructio,
1463 1223 1815 1277 ecclesiarum
1866 1238 2025 1277 orna-

442 1318 529 1362 tus
553 1323 618 1361 ex
647 1323 800 1370 auro.
830 1320 1073 1377 argento,
1103 1311 1268 1366 ebore
1307 1314 1375 1367 ab
1418 1311 1745 1384 Hieronymo
1774 1313 1937 1366 etiam
1972 1314 2023 1365 in

441 1401 602 1468 epist.
637 1401 763 1468 I50,
798 1417 968 1470 segm.
1003 1403 1092 1467 14,
1150 1416 1503 1468 memoratus,
1549 1405 1800 1459 continua
1855 1404 2027 1473 bapti—

442 1492 544 1545 smi
577 1493 994 1560 administratio,
1019 1497 1352 1551 creberrima
1376 1496 1730 1551 Eucharistiac
1768 1497 2022 1564 sumptio,

441 1583 626 1637 etalia
663 1584 745 1639 his
792 1584 990 1651 aﬂinia,
1040 1587 1172 1641 nihil
1228 1588 1281 1642 in
1343 1590 1444 1644 hoc
1490 1602 1652 1657 opere
1699 1588 2023 1654 invenietur,

443 1677 585 1743 quod
621 1680 827 1731 auctori
866 1676 1083 1751 [XXIII]
1123 1680 1304 1748 quarti
1359 1680 1539 1735 saeculi
1584 1694 1690 1734 non
1744 1689 2023 1747 congruat.

445 1764 576 1834 Quae
608 1784 730 1822 cum
774 1769 845 1822 ita
887 1769 1019 1834 sint,
1056 1771 1244 1825 eadem
1282 1773 1456 1841 ipsum
1504 1782 1665 1827 aetate
1706 1787 1810 1843 qua
1860 1771 2025 1843 Didy-

443 1874 592 1913 mum
626 1858 872 1915 ﬂoruisse
903 1875 1008 1914 non
1041 1861 1250 1920 dubito.

443 1973 570 2029 Car.
604 1974 719 2029 XII.
758 1977 958 2031 Auctor
988 1986 1166 2032 noster
1196 1978 1361 2033 Deum
1390 1988 1538 2034 vocat
1571 1979 1821 2052 ἀμεγέοη
1855 1988 1909 2033 ιιι
1938 1979 2030 2033 Di-

1126 2053 1333 2118 dymus.

519 2134 623 2189 Sed
660 2135 807 2192 aliud
853 2137 942 2192 hic
983 2149 1359 2205 argumentum
1407 2140 1608 2194 addere
1641 2139 1851 2211 placet,
1886 2140 2028 2208 quod

449 2242 552 2279 non
585 2229 733 2296 parvi
767 2230 1022 2298 ponderis
1051 2244 1169 2283 esse
1198 2230 1470 2284 existimo.
1506 2232 1635 2285 Illud
1663 2244 1841 2286 autem
1873 2248 1936 2286 ex
1962 2247 2028 2286 eo

450 2318 614 2378 duro,
644 2321 787 2384 quod
823 2327 1013 2371 auctor
1042 2328 1225 2372 noster
1251 2319 1418 2372 Deum
1443 2320 1638 2389 saepius
1663 2321 1714 2374 in
1745 2323 1845 2377 hoc
1866 2336 2029 2390 opere

447 2408 591 2459 dit-at
624 2422 747 2460 esse
776 2407 1026 2480 ἁμεγὲθτι
1073 2424 1087 2441 ο
1126 2423 1289 2477 quam
1334 2424 1520 2464 vocem
1556 2426 1675 2464 cum
1713 2411 1762 2464 in
1803 2413 2027 2480 epistola

445 2499 512 2552 ad
547 2498 917 2553 clarissimum
952 2501 1238 2569 praesulem
1273 2500 1538 2556 Joannem
1568 2501 1890 2557 Archintum
1921 2502 2028 2557 Bo-

446 2590 624 2645 noniae
661 2604 792 2645 tunc
846 2591 1182 2662 prolegatnm
1220 2608 1731 2649 commemorassetn
1755 2635 1770 2659 ,
1810 2610 1873 2649 ac
1904 2610 2028 2649 ver-

449 2683 661 2747 tissetn,
696 2685 990 2753 quantitate
1018 2695 1312 2749 carentem,
1346 2684 1586 2740 Gallicus
1628 2686 1847 2754 quidam
1889 2686 2027 2742 scri-

448 2781 573 2840 ptor
615 2785 679 2827 ea
729 2773 796 2826 de
836 2773 938 2828 hoc
988 2773 1251 2828 \ocabulo
1292 2775 1696 2844 pronuntiavit,
1738 2791 1857 2845 quae
1896 2776 2026 2831 mihi

448 2862 665 2932 probari
711 2872 1009 2945 nequeunt.
1053 2862 1254 2919 Verum
1300 2865 1349 2920 ei
1386 2867 1518 2919 satis
1564 2880 1836 2938 superque
1879 2882 1907 2920 a
1943 2882 2029 2922 me

436 2953 551 3024 jam
601 2969 922 3023 responsum
967 2965 1051 3011 est
1093 2972 1214 3026 pag.
1267 2956 1369 3019 59,
1398 2966 1512 3011 not.
1544 2957 1580 3011 2
1605 2998 1620 3020 ,
1660 2967 1715 3012 et
1745 2974 1864 3030 pag.
1901 2958 2027 3024 112,

448 3052 563 3099 not.
617 3043 671 3097 I.
720 3042 872 3097 Nunc
912 3043 1097 3143 itaque
1146 3045 1279 3100 nihil
1328 3045 1473 3099 aliud
1507 3056 1788 3116 superest,
1827 3050 1927 3104 nisi
1971 3060 2030 3106 ut

443 3144 826 3204 argumentum
906 3137 1085 3190 meum
1162 3137 1350 3206 paucis
1409 3152 1698 3207 exponam.
1762 3139 2027 3197 Nimirum

446 3234 667 3279 constat
691 3226 893 3296 primo,
925 3226 1034 3282 Deo
1061 3229 1487 3296 magnitudinem
1517 3246 1544 3283 a
1566 3228 1817 3287 Patribus
1842 3230 2026 3302 tribui,

2129 678 2419 753 Didymum
2455 682 2629 752 ipsum
2663 682 2904 737 imitatus
2933 698 3052 737 esse
3082 682 3349 748 videatur,
3380 694 3435 737 ut
3466 686 3716 753 superius

2130 773 2395 842 suspicari
2440 786 2527 827 me
2557 773 2691 828 dixi.
2734 772 2800 826 Et
2827 774 2892 827 de
2934 776 3032 827 hac
3067 774 3283 841 quidem
3326 789 3382 829 re
3425 778 3604 830 satis:
3650 781 3716 832 ad

2129 865 2292 920 aliam
2331 867 2513 934 itaque
2541 865 2804 920 rationem
2837 873 3195 918 transeamus.

2129 1022 2260 1076 CAP.
2318 1020 2457 1076 XIII.
2500 1019 2566 1074 In
2596 1020 2758 1090 poetis
2777 1026 3041 1142 gredi-satus
3077 1028 3189 1072 erat
3239 1030 3425 1073 auctor
3457 1028 3635 1075 noster
3665 1034 3720 1077 ut

2829 1106 2842 1141 ι
2889 1105 3059 1142 umus.

2829 1105 3059 1159 taymus.

2203 1225 2337 1280 Cum
2361 1223 2579 1292 plurimi
2603 1238 2668 1277 ex
2698 1221 2904 1278 Graecis
2927 1219 3178 1275 Patribus
3196 1221 3421 1293 Didymo
3448 1224 3710 1279 vetustio~

2135 1313 2284 1368 ribus
2319 1322 2414 1366 aut
2449 1312 2794 1381 supparibus,
2830 1309 3087 1380 profanos
3117 1312 3446 1379 scriptores,
3481 1328 3545 1365 ac
3570 1329 3710 1382 prte-

2138 1406 2328 1458 sertim
2353 1414 2544 1472 poetas
2574 1403 2762 1466 citent,
2793 1411 2851 1455 ut
2879 1417 2942 1456 ex
2976 1415 3165 1455 eorum
3191 1403 3447 1472 operihus
3471 1413 3713 1472 apparet,

2134 1494 2328 1549 mirum
2362 1508 2467 1546 non
2497 1501 2602 1559 est,
2623 1493 2666 1546 si
2696 1502 2946 1546 auctores
2972 1500 3236 1555 externos.
3272 1493 3323 1549 id
3354 1505 3435 1547 est
3463 1495 3718 1563 profanos

2136 1583 2423 1653 theologus
2470 1598 2687 1652 quoque
2733 1593 2921 1637 noster
2967 1583 3108 1637 haud
3153 1598 3278 1636 raro
3322 1584 3538 1655 allegat.
3584 1583 3716 1642 Illud
3753 1619 3760 1626 -

2136 1676 2319 1747 potius
2364 1676 2563 1729 mirum
2612 1675 2785 1728 videri
2830 1674 3021 1739 debet,
3078 1676 3321 1745 potuisse
3369 1677 3493 1731 hinc
3534 1679 3718 1735 nescio

2134 1782 2294 1836 quem
2341 1766 2639 1836 colligere,
2689 1780 2824 1836 Optts
2873 1767 3043 1821 hocce
3088 1766 3299 1837 Didymi
3341 1776 3501 1821 a-tate
3549 1767 3717 1821 multo

2136 1859 2413 1915 recentius
2453 1874 2574 1914 esse
2618 1878 2631 1914 :
2678 1860 2763 1913 cui
2798 1874 2920 1913 cum
2967 1860 3101 1913 satis
3136 1860 3246 1928 jatn
3287 1859 3619 1913 occurrerim
3662 1860 3715 1914 in

2057 1951 2100 2007 B
2132 1951 2293 2015 notis,
2331 1951 2460 2004 mihi
2496 1966 2640 2005 nunc
2691 1950 2931 2005 vicissim
2964 1950 3149 2004 videor
3186 1965 3252 2004 ex
3290 1950 3393 2005 hoc
3420 1952 3537 2020 ipso
3578 1967 3712 2006 con-

2134 2042 2360 2096 trariam
2391 2040 2761 2109 conjecturam
2788 2042 2989 2096 ducere
3019 2057 3203 2110 posse,
3233 2053 3290 2094 ut
3319 2046 3499 2111 Operis
3527 2053 3715 2097 aucto.

2134 2150 2249 2189 rem
2305 2133 2591 2203 Didymnm
2644 2149 2765 2189 esse
2813 2135 2982 2203 tnagis
3031 2136 3315 2205 magisque
3368 2138 3709 2189 conﬁrmem.

2134 2226 2420 2295 Didymnm
2454 2226 2599 2279 enim
2646 2226 2698 2280 in
2733 2236 3014 2296 poetarum
3043 2228 3299 2291 maxime,
3342 2241 3405 2280 ac
3435 2228 3713 2280 rhetorum

2142 2334 2360 2388 quoque
2396 2319 2653 2387 operibus
2703 2330 2976 2373 versatum
3023 2319 3188 2373 fuisse
3230 2327 3499 2373 testantur
3545 2319 3715 2372 Sozo-

2133 2404 2352 2475 menus,
2382 2409 2784 2477 Theodoretns,
2814 2425 2877 2463 ac
2903 2410 3239 2479 Nicephorus
3272 2410 3325 2464 in
3355 2408 3710 2474 Testimoniis,

2131 2518 2252 2574 qum
2314 2503 2366 2556 in
2420 2501 2735 2571 Appendice
2780 2502 2952 2557 attuli.
2996 2502 3114 2571 Ipse
3162 2517 3290 2557 vero
3345 2501 3602 2572 Didymus
3659 2500 3714 2554 iu

2129 2591 2537 2648 commentariis
2612 2591 2670 2644 in
2716 2590 2849 2644 Acta
2900 2590 3253 2660 apostolorum
3300 2591 3366 2643 ad
3410 2597 3572 2659 caput
3620 2603 3712 2653 vlt,

2131 2692 2278 2737 torno
2307 2680 2373 2736 IV
2407 2682 2660 2736 Anecdot.
2696 2680 2901 2745 WolIii,
2927 2695 3049 2749 pag.
3079 2679 3177 2747 23,
3214 2669 3392 2743 docet,
3419 2679 3714 2732 doctrinam

2131 2785 2405 2829 externam
2437 2789 2540 2827 non
2576 2774 2787 2826 omnino
2828 2776 3254 2826 contemnendam
3288 2788 3433 2837 esse;
3462 2773 3518 2824 in
3559 2770 3715 2824 laude

2126 2868 2266 2922 enim
2291 2866 2523 2934 ponitur,
2565 2864 2707 2933 quod
2739 2864 2912 2919 Moses
2943 2864 3088 2917 omni
3124 2864 3382 2933 sapientia
3432 2862 3717 2934 .Egyptio—

2129 2974 2247 3012 rum
2287 2957 2443 3027 fuerit
2482 2958 2797 3019 instructus,
2844 2956 2975 3010 sicut
3009 2965 3059 3010 et
3099 2957 3162 3010 de
3196 2954 3436 3019 Daniele,
3472 2966 3518 3009 et
3558 2954 3715 3007 sociis

2130 3048 2247 3117 ejus
2273 3045 2485 3101 Juda’is
2513 3048 2857 3114 praedicatur,
2889 3048 3028 3117 quod
3060 3063 3236 3101 omnes
3263 3049 3317 3100 in
3342 3044 3718 3100 Chaldaeorum

2127 3139 2495 3210 philosophia,
2543 3140 2883 3210 amnibusque
2935 3141 3162 3194 scientiis
3208 3140 3528 3209 superarint.
3573 3137 3713 3204 Quin

2137 3234 2474 3288 catechistas
2491 3248 2681 3288 omnes
2703 3233 3101 3287 Alexandrinos
3129 3233 3335 3303 Didymi
3356 3245 3714 3301 praecessores

446 3327 506 3371 ut
539 3318 726 3372 citatis
756 3317 887 3374 locis
924 3319 1165 3376 diximus
1198 3338 1211 3375 :
1248 3337 1424 3392 neque
1454 3330 1581 3378 vero
1611 3340 1729 3378 eam
1766 3299 2029 3382 duntaxat
2056 3299 2102 3362 ο
2137 3322 2454 3377 Pantaznum
2479 3363 2494 3388 ,
2546 3322 2915 3387 Clementem,
2982 3299 3270 3392 Origenem
3293 3360 3309 3385 ,
3358 3299 3712 3392 Dionysium,

444 3413 899 3482 magnitudinem,
928 3428 1048 3483 qum
1076 3415 1263 3471 Graece
1292 3417 1653 3489 μεγαλωσύνη
1684 3418 1902 3483 dicitur,
1936 3427 2027 3473 aut

448 3504 838 3575 μεγαλειότης,
872 3509 966 3561 sed
998 3507 1162 3561 etiam
1201 3509 1452 3580 μέγεθος.
1485 3509 1564 3564 Ita
1606 3510 2026 3581 Chrysostomns

446 3606 577 3649 tom.
599 3595 614 3649 I
634 3597 886 3651 editionis
917 3597 1428 3665 Montfauconiamr,
1465 3616 1586 3670 pag.
1612 3601 1737 3665 457,
1764 3605 1840 3657 alt
1872 3621 1886 3657 :
1919 3602 2025 3657 Τοῦ

448 3685 712 3755 μεγέθους
758 3686 853 3741 καὶ
904 3688 1005 3759 τῆς
1059 3688 1243 3760 ἰσχύος
1291 3690 1386 3743 τοῦ
1433 3693 1796 3763 πεποιηκότος
1852 3694 2022 3748 αὐτὰ·

443 3783 498 3827 rt
534 3774 765 3830 Basilius
800 3776 963 3830 Deum
1002 3788 1158 3833 vocat
1192 3778 1445 3849 ἀόριστον
1484 3781 1714 3852 μέγεθος
1745 3787 1885 3852 apud
1920 3783 2026 3837 Fa-

448 3866 675 3919 bricium
702 3868 754 3921 in
781 3866 921 3922 Bibl.
944 3866 1119 3925 (ἐι-(ιτ.
1141 3871 1249 3925 vol.
1283 3870 1411 3937 VIII,
1438 3889 1559 3943 pag.
1580 3873 1713 3939 I00;
1739 3890 1767 3927 a
1794 3874 2028 3944 .Ioseplto

443 3965 626 4010 autem
670 3957 764 4012 lib.
803 3975 842 4012 tt
875 3971 1056 4014 contra
1085 3963 1363 4032 Apionem,
1402 3979 1573 4033 segni.
1611 3963 1713 4029 22,
1746 3965 1885 4018 Deus
1915 3965 2028 4032 ipse

446 4047 754 4116 appellatur
795 4049 893 4122 τὴν
940 4052 1156 4125 μορφὴν
1206 4054 1299 4108 καὶ
1348 4054 1579 4124 μέγεθος
1603 4056 1757 4125 [ἡμῖν
1794 4056 2029 4125 ἀφανέσ-

441 4155 628 4204 τατος,
653 4140 789 4205 sive,
815 4153 871 4195 ut
905 4144 994 4198 alii
1027 4145 1231 4213 legunt,
1258 4146 1487 4213 ἄφατος.
1519 4145 1744 4199 Constat
1764 4151 2025 4213 secundo,

448 4232 503 4285 in
541 4247 696 4287 sat-ra
740 4233 1046 4304 Scriptura,
1080 4235 1174 4289 Dei
1212 4237 1433 4305 quidem
1480 4237 1899 4313 μεγαλωσύνην,
1936 4250 2028 4296 aut

451 4326 853 4399 μεγαλειότητα
881 4329 1191 4393 memorari,
1223 4343 1491 4395 nusquam
1525 4338 1724 4391 tamen.
1760 4332 1813 4384 ni
1845 4330 2023 4398 fallor,

445 4416 541 4472 Dei
578 4419 811 4490 μέγεθος
846 4429 944 4473 aut
973 4419 1213 4490 μέγαθος
1250 4419 1545 4476 nominari.
1581 4419 1786 4486 Tertio,
1824 4423 2026 4477 nullum

454 4511 723 4566 hactenus
756 4511 935 4564 inveni
968 4512 1194 4581 Didyme
1221 4512 1573 4566 vetustiorem
1608 4512 1840 4580 Patrem,
1869 4530 1897 4565 a
1922 4529 2028 4584 quo

451 4602 593 4657 llens
627 4604 809 4656 dictus
840 4602 911 4657 sit
943 4602 1247 4673 ἀμεγέθης.
1280 4602 1505 4657 Constat
1538 4605 1767 4672 denique
1802 4606 1964 4660 [)cunt
1998 4623 2025 4659 a

453 4693 685 4764 Itidytno
734 4695 1109 4750 Alexandrino
1154 4696 1206 4750 in
1249 4699 1658 4753 commentariis
1700 4700 1753 4752 in
1788 4699 2026 4752 Psalmos

451 4786 655 4839 dictum
687 4801 810 4841 esse
839 4785 1116 4859 ἀμεγέϐη,
1149 4797 1208 4842 ut
1237 4790 1421 4842 monui
1452 4799 1561 4844 not.
1593 4790 1642 4855 I,
1675 4805 1792 4859 pag.
1824 4789 1945 4843 “2.
1978 4790 2030 4844 Id

454 4884 636 4929 autem
680 4893 746 4931 ex
796 4893 862 4933 eo
905 4878 1141 4934 fortasse
1181 4879 1383 4934 factum
1428 4889 1528 4943 est,
1571 4882 1711 4948 quod
1748 4881 1812 4943 is,
1849 4889 2033 4950 utpote

459 4965 913 5036 diligentissimus
948 4970 1354 5038 Scripturarum
1391 4969 1692 5037 interpres.
1730 4981 2028 5038 scrutator,

452 5066 618 5124 atque
655 5057 958 5126 indagator,
999 5060 1324 5123 observarit,
1364 5059 1592 5130 μέγεθος
1627 5077 1889 5131 nusquam
1922 5062 2030 5117 Deo

447 5145 613 5199 tribui
661 5146 714 5200 in
755 5145 1075 5219 Scripturis.
1121 5149 1218 5204 llis
1252 5150 1549 5218 prmtttissis
1584 5167 1705 5205 cum
1754 5161 1809 5206 et
1849 5162 2038 5207 auctor

456 5250 646 5292 noster
682 5240 851 5294 Deum
899 5242 1098 5310 sapius
1131 5243 1182 5296 in
1233 5244 1334 5297 hoc
1369 5258 1532 5311 opere
1566 5245 1709 5299 dicat
1740 5258 1860 5299 esse
1901 5247 2036 5315 ἀμε-

450 5326 609 5398 γέθη,
649 5343 753 5382 non
792 5330 1075 5385 immerito
1113 5331 1244 5385 mihi
1277 5332 1468 5387 videor
1494 5332 1618 5388 hinc
1644 5349 1858 5403 quoque
1881 5336 2031 5390 colli-

451 5436 580 5485 gere
630 5437 822 5491 posse,
865 5423 1044 5493 ipsum
1087 5438 1293 5488 unum,
1343 5422 1701 5493 eumdemque
1745 5438 1866 5479 esse
1910 5440 2037 5479 cum

451 5512 692 5581 «Didymo
718 5512 1106 5569 Alexandrino.
1136 5513 1336 5569 Fateor
1366 5514 1528 5568 alium
1557 5528 1770 5584 quoque
1799 5515 2035 5570 Alexan-

459 5602 678 5656 drinum
735 5604 1089 5673 scriptorem,
1146 5622 1338 5676 nempe
1389 5606 1448 5663 S.
1505 5606 1797 5678 Cyrillum,
1846 5606 2033 5661 eodem

462 5693 627 5747 modo
655 5695 720 5747 de
751 5692 861 5749 Deo
892 5694 1128 5751 locutum
1159 5711 1345 5768 postea
1370 5714 1511 5764 esse,
1537 5708 1595 5754 ιιι
1622 5699 1800 5753 monui
1834 5708 1949 5753 not.
1978 5697 2033 5762 2,

462 5798 594 5853 pag.
620 5784 712 5849 59,
746 5799 869 5839 cum
900 5785 1067 5842 Deum
1095 5800 1148 5844 et
1178 5791 1291 5861 ipse
1322 5802 1509 5861 aperte
1540 5792 1733 5846 dixerit
1764 5790 2033 5861 ἀμεγέθη.

458 5877 560 5933 sed
588 5876 895 5949 huiusmodi
932 5878 1257 5940 locutionem
1287 5900 1352 5941 ex
1386 5886 1609 5955 Didymo
1636 5885 1893 5956 Cyrillum
1920 5899 2035 5941 mu-

2100 3415 2527 3480 ‘Ammonium,
2587 3414 2832 3482 aliosque
2895 3422 3123 3466 externa:
3175 3427 3391 3481 quoque
3439 3412 3717 3480 sapientiae

2133 3522 2355 3579 operam
2398 3506 2731 3577 impendisse
2773 3512 2987 3559 constat
3025 3520 3039 3556 :
3092 3503 3236 3556 inter
3274 3518 3410 3571 quos
3466 3502 3719 3585 Clemens

2142 3607 2307 3668 atque
2334 3597 2597 3668 Origenes
2621 3603 2881 3664 quantum
2910 3610 3014 3648 non
3048 3597 3207 3648 modo
3236 3595 3287 3647 in
3320 3609 3498 3661 sacra,
3523 3609 3710 3647 verum

2135 3691 2299 3745 etiam
2366 3689 2421 3742 in
2474 3688 2700 3758 profana
2756 3685 3061 3740 eruditione
3109 3684 3499 3746 excelluerint.
3559 3699 3717 3739 nemo

2138 3778 2358 3853 [XXIV]
2425 3780 2658 3849 ignorat.
2716 3776 2849 3831 Nam
2911 3776 3207 3832 Clementis
3271 3778 3492 3847 quidem
3550 3792 3715 3848 opera

2136 3872 2489 3943 profanorum
2536 3878 2814 3939 poetarum
2853 3882 2915 3923 ac
2952 3869 3395 3938 philosophorum
3429 3869 3714 3939 allegatio-

2143 3963 2300 4018 nibus
2334 3962 2533 4031 ubique
2573 3961 2773 4015 referta
2811 3969 2957 4013 sunt.
2994 3961 3148 4016 Alter
3174 3976 3302 4015 vero
3334 3977 3437 4014 non
3471 3959 3628 4013 modo
3661 3959 3714 4012 in

2137 4053 2291 4108 libris
2327 4066 2511 4108 contra
2543 4051 2751 4107 Celsum
2783 4068 2881 4123 pro
2906 4054 3215 4108 Christiana
3262 4053 3522 4121 religione
3560 4051 3712 4108 'scri-

2139 4144 2250 4214 ptis
2282 4142 2597 4214 Euripidem
2621 4184 2636 4210 ,
2671 4144 2988 4212 llomerum,
3026 4146 3265 4215 aliosque
3291 4145 3454 4211 citat,
3488 4156 3543 4198 ut
3573 4153 3716 4214 patet

2133 4255 2198 4295 ex
2228 4238 2406 4295 tom.l
2454 4254 2577 4310 pag.
2634 4238 2760 4302 549,
2811 4239 2937 4302 395,
2978 4246 3033 4290 et
3086 4237 3210 4302 750,
3260 4238 3512 4292 editionis
3566 4237 3716 4292 Pari-

2134 4332 2329 4387 siensis
2366 4331 2489 4385 anni
2539 4329 2717 4392 I755;
2766 4343 2951 4383 verum
2998 4327 3159 4380 etiam
3208 4328 3525 4397 discipulum
3560 4344 3714 4383 suum

2135 4423 2192 4480 S.
2211 4424 2526 4493 Gregorium
2547 4421 3006 4490 'I‘haumaturgum
3025 4418 3269 4472 hortatur
3284 4435 3404 4490 pag.
3424 4419 3457 4473 5
3474 4418 3713 4489 ejusdem

2135 4517 2285 4580 tomi,
2337 4525 2393 4568 ut
2427 4513 2758 4585 geometriae,
2797 4522 2960 4581 atque
2990 4512 3334 4566 astronomia:
3367 4526 3586 4581 operam
3625 4527 3714 4562 na-

2138 4616 2246 4670 vet,
2282 4606 2432 4674 quod
2464 4605 2770 4672 hujusntodi
2803 4605 3043 4659 scientia:
3077 4603 3388 4658 Christiano
3420 4602 3622 4656 homini
3648 4603 3713 4654 al

2136 4698 2529 4767 intelligendas,
2551 4697 3006 4766 explicandasquc
3030 4712 3214 4752 sacras
3238 4696 3552 4765 Scriptttras
3582 4710 3713 4749 con-

2139 4788 2280 4844 ferre
2334 4797 2554 4858 queant.
2593 4789 2720 4856 Qua:
2767 4805 2887 4842 cum
2927 4790 3002 4842 ita
3059 4790 3199 4853 sint,
3255 4789 3518 4841 rationem
3573 4787 3713 4840 hanc

2142 4880 2330 4947 paucis
2356 4881 2425 4934 ita
2447 4880 2840 4935 concludimus.
2866 4879 3172 4950 Theolugns
3199 4890 3383 4934 noster
3400 4878 3564 4931 Pinda
3576 4892 3714 4943 rnm,

2138 4970 2436 5025 Homerum
2463 5011 2478 5036 ,
2517 4972 2881 5039 Sophoclem,
2912 4971 3223 5041 Orpheum,
3256 4971 3558 5039 Diagoram,
3597 4967 3717 5022 Pla-

2144 5071 2325 5116 tonem
2374 5061 2694 5127 Comicum,
2743 5063 3007 5135 Sibyllina
3059 5063 3333 5123 carmina,
3381 5060 3718 5132 aliorumque

2145 5165 2429 5225 poetarum
2452 5195 2466 5219 ,
2503 5170 2732 5223 quorum
2772 5156 2987 5209 nomina
3035 5156 3263 5219 reticet,
3298 5168 3483 5208 versus
3510 5154 3718 5237 .schius

2145 5250 2311 5314 citat;
2349 5246 2629 5302 Platonem
2659 5262 2874 5317 quoque
2902 5247 3132 5316 allegat,
3165 5247 3545 5313 Aristotelem,
3581 5247 3710 5300 Por-

2141 5337 2419 5407 phyrium,
2464 5351 2528 5390 ac
2563 5335 2889 5389 Mercurium
2941 5335 3392 5406 Trismegistutn,
3430 5338 3585 5401 cujus
3623 5354 3719 5392 no-

2139 5427 2286 5480 mine
2322 5426 2572 5496 inscripti
2624 5424 2747 5479 libri
2801 5434 2857 5479 ut
2906 5426 3125 5493 genuini
3171 5436 3299 5481 tunc
3346 5426 3710 5481 habebantur.

2132 5518 2297 5587 Atqui
2338 5518 2443 5571 hoc
2492 5518 2540 5573 ei
2589 5517 2823 5571 maxime
2864 5518 3151 5582 convenit,
3199 5534 3359 5588 quem
3403 5521 3455 5572 in
3498 5518 3711 5587 poetis,

2134 5610 2365 5677 aliisque
2450 5608 2808 5676 scriptoribus
2874 5608 3110 5663 ethnicis
3194 5617 3467 5663 versatum
3549 5604 3716 5659 fuisse

2135 5708 2388 5764 constat,
2446 5698 2747 5768 cujusntodi
2816 5697 2918 5752 fuit
2972 5698 3250 5769 Didymus.
3308 5696 3450 5764 Ergo
3505 5703 3715 5747 tantum

2139 5792 2318 5855 abest,
2349 5797 2406 5842 ut
2435 5790 2540 5843 hoc
2570 5790 2810 5858 opinioni
2846 5799 3047 5845 nostra:
3077 5789 3370 5858 quidquam
3405 5785 3630 5853 olliciat,
3656 5796 3716 5842 ιιι

2140 5882 2328 5955 potius
2360 5881 2473 5939 hac
2510 5881 2648 5938 ratio
2690 5897 2795 5938 non
2828 5896 3071 5940 seorsum
3104 5880 3319 5950 quidem
3355 5888 3593 5952 sumpta,
3617 5877 3715 5936 sed
