4108 6446
299 420 409 475 161

1495 404 2064 466 COMMENTARIUS.
2107 436 2177 446 --
2216 404 2339 460 LIB.
2383 403 2424 457 l.

3484 400 3591 455 £62

301 536 436 589 aliis
478 526 849 597 cenjccturis,
885 540 949 581 ac.
993 524 1298 579 rationibus
1328 522 1515 591 juncta
1569 519 1899 576 sententiam
1932 530 1977 581 Α
2010 530 2114 568 non
2158 530 2282 568 raro
2322 523 2633 579 utrmnque,
2685 512 2813 566 dum
2865 513 3159 584 Scriptura:
3198 514 3314 570 Ieca
3364 513 3592 585 allegat.

305 633 567 680 nostram
602 618 1029 689 probabiliorem
1063 615 1278 671 reddat.

302 738 448 795 CAP.
491 731 639 787 XIV.
689 730 1043 801 Origenianas
1074 729 1387 801 locutiones
1430 706 1583 779 habet
1638 723 1909 795 theologus

716 816 893 854 noster
931 812 982 852 ut
1018 800 1298 868 Didymus.

385 896 800 963 Apertissimum
828 892 1074 961 Origenis
1100 899 1543 960 propugnatorem
1568 896 1727 941 vocat
1756 885 1913 955 Didy-

304 1006 469 1043 mum
522 986 912 1053 l'lierenymus.
957 981 1076 1048 Quo
1108 991 1291 1033 autem
1338 994 1500 1034 sensu
1540 979 1592 1032 id
1640 976 1912 1043 accipien-

307 1082 450 1134 dum
481 1080 581 1142 sit,
614 1092 805 1145 quaeve
828 1077 958 1139 sint,
989 1086 1081 1127 aut
1109 1073 1300 1142 quales
1325 1071 1578 1141 Origenis
1604 1069 1907 1138 opiniones,

303 1172 523 1239 quibus
576 1167 869 1222 adlueserit
916 1166 1215 1236 Didymus,
1255 1178 1360 1217 non
1409 1162 1679 1231 inquiram
1730 1163 1907 1215 modo.

306 1265 458 1319 Illud
503 1261 640 1314 mihi
673 1261 725 1312 in
759 1272 999 1328 prznsens
1035 1256 1259 1321 sullicit,
1293 1264 1351 1308 ut
1375 1254 1828 1322 quemadmodum
1859 1252 1910 1305 in

305 1360 585 1428 Didyme,
622 1356 693 1408 ita
721 1363 770 1407 et
815 1354 867 1405 in
907 1350 1157 1419 theologe
1191 1359 1378 1402 nostro
1408 1347 1586 1401 multa:
1619 1352 1915 1399 occurrant

305 1466 379 1504 ex
430 1451 501 1502 iis
533 1445 916 1506 Iocutionibus,
963 1458 1097 1512 quas
1145 1443 1197 1494 in
1234 1440 1428 1493 Rufino
1469 1437 1824 1507 Aquileiensi,
1858 1436 1910 1488 in

303 1542 539 1596 Joanne
581 1539 839 1607 episcopo
883 1533 1398 1603 Ilieresolymitano,
1445 1531 1674 1599 aliisque
1703 1537 1761 1581 ut
1790 1526 1912 1582 Ori-

311 1633 600 1702 genianas
635 1629 934 1681 insectatus
963 1634 1048 1679 est
1079 1623 1439 1693 Hieronymus
1470 1622 1607 1690 ipse,
1640 1617 1914 1688 Tlteephi-

307 1724 406 1776 lus
465 1719 899 1780 Alexandrinus,
963 1725 1018 1769 et
1071 1715 1159 1769 alii
1209 1714 1420 1769 Patres.
1475 1717 1546 1766 At
1599 1711 1909 1780 hujusmodi

310 1816 514 1883 reipsa
545 1821 671 1867 sunt
716 1810 893 1879 primo
922 1824 1041 1877 quae
1067 1810 1134 1862 de
1170 1808 1402 1877 imagine
1442 1804 1536 1859 Dei
1583 1806 1651 1858 ab
1696 1803 1913 1857 homine

312 1922 428 1977 per
463 1911 748 1973 peccaturo
773 1904 971 1954 amissa
1004 1901 1162 1953 docet
1190 1910 1380 1952 auctor
1403 1904 1589 1950 noster
1615 1909 1737 1964 pag.
1765 1891 1872 1945 255
1897 1909 1911 1958 ;
1945 1871 1991 1930 Β
2018 1887 2163 1938 enim
2212 1902 2225 1938 :

312 2000 531 2054 deinde
578 2011 700 2066 quae
749 1992 946 2060 sapius
990 1991 1181 2046 scribit
1241 1991 1308 2042 de
1356 1986 1640 2057 apatheia,
1698 1985 1749 2037 id
1805 1993 1911 2044 est,

313 2088 833 2159 imperturbatione,
863 2092 953 2137 aut
980 2081 1327 2136 immunitate
1352 2095 1381 2132 a
1417 2076 1920 2147 perturbationibus

315 2183 544 2248 animi,
597 2194 736 2249 quas
786 2177 943 2245 vulgo
996 2173 1266 2243 passiones
1319 2171 1541 2234 dicunt;
1596 2183 1659 2223 ac
1707 2168 1921 2221 demum

316 2274 480 2346 quod
527 2288 685 2342 pagg.
720 2270 789 2323 52
818 2278 874 2322 et
908 2268 1005 2321 151
1042 2265 1305 2328 allirmat,
1342 2278 1464 2316 eum
1499 2262 1552 2315 in
1585 2261 1672 2314 illa
1707 2260 1922 2328 quidem

316 2370 410 2421 ait.
434 2386 460 2420 ':
495 2364 803 2430 Quicunque
828 2361 1039 2414 initium
1073 2359 1245 2410 dicere
1270 2354 1551 2417 voluerint,
1576 2354 1736 2420 ﬁnem
1763 2353 1924 2405 etiam

317 2458 660 2524 eoriﬁtentur
690 2470 708 2507 :
743 2455 796 2525 in
836 2453 935 2507 hac
964 2466 1093 2506 vero
1120 2468 1135 2504 :
1165 2448 1305 2503 Nam
1338 2462 1514 2501 revera
1539 2445 1794 2515 quidquid
1822 2445 1925 2498 ini-

322 2552 480 2603 tium
509 2547 722 2614 accepit,
762 2543 969 2598 habebit
994 2542 1151 2595 etiam
1186 2541 1365 2608 ﬁnem.

413 2639 612 2694 Fateor
642 2648 749 2691 tres
784 2636 948 2690 hasce
973 2632 1211 2700 theologi
1239 2629 1437 2696 nostri,
1465 2628 1708 2697 aliasque
1737 2624 1926 2694 hujus-

323 2730 491 2786 modi
522 2728 819 2784 locutiones
849 2735 1001 2780 recte
1039 2739 1202 2779 sensu
1241 2722 1412 2790 accipi
1452 2734 1633 2791 posse,
1660 2735 1724 2789 ac
1751 2719 1924 2786 reipsa

327 2826 413 2879 ab
454 2823 573 2877 aliis
615 2821 871 2875 Patrihus
902 2834 1023 2873 esse
1065 2816 1363 2871 adhibitas.
1406 2814 1478 2867 At
1513 2829 1581 2867 ne
1620 2813 1672 2867 in
1712 2810 1925 2883 Didymi

326 2917 564 2987 quidem
606 2912 866 2983 eperibus
910 2925 1030 2979 qua:
1071 2918 1323 2973 exstant,
1382 2906 1491 2960 ulla
1554 2907 1788 2960 fortasse
1843 2912 1929 2959 est

330 3007 677 3078 Origeniana
732 3004 934 3057 locutio
957 3042 973 3067 ,
1008 3015 1172 3071 quam
1213 2998 1481 3053 catitolice
1518 2997 1791 3067 explicare
1827 3009 1926 3050 ne-

328 3113 656 3169 queamus:
687 3110 825 3164 quas
861 3110 989 3148 vero
1029 3094 1080 3147 in
1121 3090 1371 3158 tlteologe
1404 3099 1591 3147 nostro
1625 3089 1928 3158 reperimus

334 3190 766 3262 Origenismum
807 3185 1110 3240 redolentes
1134 3225 1149 3250 ,
1185 3184 1473 3253 plerasque
1506 3190 1564 3236 ut
1596 3181 1921 3252 Origeuiaua

334 3284 477 3338 Iube
513 3278 745 3334 infectas
772 3276 838 3330 ab
877 3274 1236 3345 Hieronymo,
1264 3274 1457 3329 aliisve
1501 3274 1714 3327 habitas
1755 3272 1925 3325 fuisse

336 3372 567 3431 ostendi
601 3371 653 3423 in
686 3368 851 3433 notis,
885 3377 939 3420 ttt
975 3366 1198 3436 proinde
1223 3366 1353 3419 nihil
1386 3379 1529 3419 nunc
1560 3373 1729 3417 restet
1754 3362 1925 3427 aliud,

340 3466 450 3522 nisi
494 3475 552 3517 ut
583 3463 652 3518 de
679 3461 972 3522 sententia,
1009 3474 1169 3528 quam
1197 3473 1317 3528 pag.
1351 3458 1422 3511 52
1466 3465 1523 3510 et
1578 3455 1673 3509 151
1713 3465 1930 3508 exstare

345 3558 489 3622 dixi,
524 3554 730 3623 aliquid
781 3551 1010 3616 addam;
1050 3551 1180 3604 nihil
1213 3552 1357 3605 enim
1410 3551 1476 3603 de
1525 3549 1639 3619 ipsa
1686 3547 1737 3599 itt
1788 3546 1930 3599 nolis

349 3648 552 3701 dictum
587 3645 705 3699 I'uit.
756 3643 811 3696 In
856 3642 1181 3713 Origenistis
1214 3643 1380 3711 igitur
1414 3644 1552 3695 hanc
1586 3648 1802 3708 ququte
1840 3651 1929 3691 re-

352 3738 675 3809 prehensam
704 3736 870 3791 fuisse
898 3736 1060 3789 didici
1092 3751 1123 3788 e
1155 3735 1213 3789 S.
1244 3734 1539 3787 Anastasio
1572 3731 1803 3794 Sinaita,
1838 3728 1932 3796 qui

353 3836 410 3887 in
452 3830 670 3899 llodego
709 3830 846 3899 apud
887 3828 1208 3884 Gretscrum
1247 3836 1379 3879 tem.
1418 3824 1538 3879 XIV
1564 3864 1579 3890 ,
1618 3839 1740 3895 pag.
1793 3821 1929 3886 M9,

354 3925 471 3977 haec
517 3921 734 3990 scripsit
783 3938 797 3973 :
855 3937 875 3970 ι
907 3919 996 3972 Ait
1033 3926 1257 3973 sanctus
1296 3915 1525 3971 Basilius
1577 3929 1827 3970 sermone
1878 3913 1933 3967 in

360 4012 722 4065 Hexaemeron
764 4024 782 4061 :
825 4007 991 4062 Omne
1032 4007 1165 4059 illud
1210 4006 1349 4075 quod
1392 4007 1708 4075 principium
1758 4004 1931 4070 habet,

359 4104 544 4157 habere
571 4103 748 4156 itidem
773 4099 956 4168 ﬁnem.
985 4138 996 4150 .
1027 4138 1041 4152 .
1070 4136 1084 4150 .
1118 4098 1272 4163 Quod
1308 4098 1514 4152 dictum
1541 4098 1734 4152 crebro
1777 4096 1933 4150 nobis

364 4192 926 4264 objiciuntvanissimi
957 4188 1300 4258 Origeuistac,
1326 4197 1383 4240 ut
1406 4188 1528 4241 inde
1558 4188 1938 4257 praeexsisteu-

369 4285 494 4337 tiam
523 4285 820 4338 animarum
859 4282 911 4335 in
948 4280 1104 4336 caelis
1139 4291 1267 4334 ante
1295 4293 1525 4348 corpora
1559 4278 1878 4332 extundant.
1910 4296 1929 4328 ι

364 4375 439 4429 Ita
468 4377 804 4431 Anastasius.
843 4376 950 4445 Ege
981 4389 1110 4428 vero
1136 4387 1265 4427 cum
1295 4374 1481 4435 verba,
1510 4385 1633 4439 qua:
1669 4371 1712 4423 is
1740 4369 1937 4423 Basilio

362 4470 563 4535 tribuit,
601 4471 655 4523 in
692 4468 876 4522 Basilii
908 4466 1143 4521 bomiliis
1177 4467 1230 4518 in
1258 4462 1619 4517 Hexaemeron
1651 4477 1756 4515 non
1790 4462 1938 4514 inve-

357 4563 550 4621 nerim,
590 4573 774 4614 utrum
809 4574 870 4613 ea
907 4559 1085 4612 Basilii
1115 4558 1246 4621 sint,
1277 4556 1488 4625 ignoro.
1525 4553 1631 4610 Sed
1662 4555 1851 4609 eadem
1881 4552 1932 4606 itt
1965 4554 2015 4613 D
2043 4528 2215 4625 diu?“
2245 4525 2451 4625 .e‘lflfim
2486 4522 2649 4625 verba

357 4651 611 4719 theologe
643 4659 831 4702 uestro
861 4662 1076 4702 exstare
1103 4656 1311 4701 certum
1338 4653 1443 4699 est.

428 4744 585 4807 Quod
621 4754 753 4791 vero
788 4742 1049 4791 hactenus
1075 4740 1185 4792 dixi
1230 4740 1295 4792 de
1330 4735 1672 4805 Origettianis
1706 4732 1939 4787 locutio-

353 4835 556 4896 nihus,
591 4830 643 4882 id
684 4829 860 4896 ipsum
892 4832 957 4882 de
1004 4828 1070 4881 iis
1115 4828 1317 4881 dictum
1353 4828 1494 4891 velo,
1529 4842 1650 4895 quae
1689 4836 1812 4893 post
1848 4825 1941 4878 Di-

351 4925 507 4993 dymi
550 4922 762 4975 obitum
800 4918 1100 4988 Pelagianae
1142 4930 1235 4972 aut
1272 4918 1723 4989 Setttipelagiattm
1758 4914 1942 4970 vorari

352 5024 669 5084 t-wperunt,
707 5028 937 5084 quaeque
967 5028 995 5065 a
1034 5010 1283 5080 theologo
1314 5019 1500 5063 nostro
1534 5009 1661 5062 item
1698 5017 1757 5060 ut
1785 5025 1813 5059 ιι
1848 5005 1941 5058 Di-

352 5112 523 5176 dyme
552 5117 820 5176 usurpatae
843 5111 971 5158 sunt
995 5121 1009 5159 :
1040 5099 1342 5169 cujusmodi
1370 5110 1458 5154 est
1482 5099 1593 5164 illa,
1622 5115 1725 5167 qua
1753 5109 1945 5152 auctor

354 5212 553 5255 noster
595 5201 669 5251 ait
709 5215 827 5269 pag.
865 5197 1006 5263 270,
1037 5198 1196 5266 ﬁdem
1242 5215 1273 5251 a
1325 5197 1472 5251 nobis
1511 5195 1755 5263 incipere.
1810 5191 1943 5245 Nam

356 5301 484 5353 ista:
523 5311 737 5365 quoque
772 5297 911 5349 inter
946 5293 1310 5363 Origenianas
1366 5290 1641 5346 recenseri
1681 5295 1942 5357 possunt,

356 5390 569 5458 quippe
604 5400 739 5455 quas
788 5395 978 5440 auctor
1014 5392 1198 5438 noster
1236 5397 1301 5438 ex
1333 5380 1567 5452 Origene
1621 5376 1946 5447 desumpsit,

359 5491 427 5532 ut
457 5476 641 5531 monui
675 5484 785 5530 net.
822 5477 871 5542 I,
906 5488 1028 5543 pag.
1054 5471 1182 5525 270.

361 5587 564 5664 [XXV]
602 5588 731 5664 (in.
777 5585 890 5641 XV.
928 5586 1098 5640 Iidem
1132 5588 1185 5639 in
1209 5584 1444 5664 theologo
1471 5580 1674 5664 Inestr'o,
1707 5592 1863 5652 atque
1893 5582 1947 5635 in

627 5659 851 5729 Didyme
875 5670 1154 5711 occurrunt
1181 5657 1443 5709 memoria:
1462 5655 1663 5721 lapsus.

442 5749 518 5804 Nc
552 5752 678 5805 illud
719 5753 936 5819 quidem
976 5751 1127 5819 parvi
1170 5747 1473 5804 faciendum
1504 5759 1607 5813 cSt,
1647 5747 1788 5816 quod
1825 5761 1947 5800 cum

365 5843 426 5899 in
461 5842 721 5913 scriptore
770 5851 981 5909 nostro,
1020 5851 1133 5897 tum
1187 5842 1239 5896 in
1273 5841 1515 5915 .Didymo
1563 5838 1943 5902 animadverti,

2013 605 2289 658 memoriae
2336 603 2466 656 vitio
2515 602 2720 670 lapsum
2771 617 2915 657 esse.
2953 603 3019 657 Et
3050 605 3194 674 quod
3246 605 3442 659 attinet
3470 604 3597 674 qui-

2014 699 2135 752 dem
2195 698 2259 750 ad
2316 695 2628 762 theologum
2683 705 2965 759 nostrum,
3026 697 3234 767 singula
3290 695 3597 765 Itnjnstnodi

2012 797 2192 842 errata
2228 786 2518 856 diligenter
2547 788 2660 857 ipse
2691 786 2745 839 in
2793 788 3111 856 paginarum
3151 788 3395 857 margine
3426 787 3598 841 adno-

2015 878 2118 931 tavi
2158 893 2172 941 ;
2213 877 2377 931 multa
2418 878 2584 930 etiam
2624 878 2676 930 in
2722 894 2895 931 rerum
2941 876 3126 931 Indice
3156 879 3223 932 ad
3263 894 3449 934 vocem
3483 878 3599 932 Με-

2011 975 2194 1028 moria:
2233 972 2470 1025 indicata
2503 980 2653 1023 sunt.

2086 1066 2238 1131 Quod
2273 1074 2452 1117 autem
2481 1070 2694 1131 spectat
2735 1060 2801 1114 ad
2829 1058 3137 1132 Didymum,
3164 1040 3278 1115 [etsi
3321 1062 3597 1130 pleraque,

2013 1166 2103 1210 aut
2152 1155 2355 1219 omnia,
2393 1167 2513 1221 quae
2554 1159 2792 1214 exstant,
2826 1150 2973 1203 illius
3013 1162 3177 1218 Opera
3224 1149 3398 1202 tribus
3441 1150 3597 1204 hisce

2013 1249 2080 1301 de
2115 1245 2383 1299 Triuitate
2415 1243 2568 1297 libris
2595 1242 2843 1296 breviora
2885 1241 3012 1298 sint.
3068 1241 3378 1308 hujusmedi
3421 1250 3599 1296 tamen

2013 1337 2194 1407 lapsus
2229 1337 2282 1389 in
2316 1336 2382 1390 iis
2416 1347 2633 1403 quoque
2676 1331 3028 1404 deprehendi.
3068 1331 3167 1394 Ita,
3218 1332 3364 1386 verbi
3403 1331 3599 1400 gratia,

2014 1428 2066 1481 in
2109 1428 2247 1481 libre
2284 1427 2404 1479 adv.
2441 1424 2770 1479 Manichazos
2806 1439 2927 1493 pag.
2967 1423 3093 1487 207,
3133 1434 3419 1492 postquam
3448 1434 3597 1477 attu-

2013 1519 2074 1572 lit
2110 1533 2175 1573 ex
2218 1516 2386 1571 Paulo
2431 1516 2546 1570 haec
2590 1517 2778 1579 verba,
2824 1514 2893 1569 Ut
2937 1512 3004 1568 iit
3042 1525 3247 1580 sancta,
3284 1524 3338 1569 et
3378 1527 3601 1581 czctera,

2012 1627 2132 1681 qua:
2160 1618 2380 1665 exstant
2423 1609 2475 1663 in
2514 1608 2613 1678 Ep.
2647 1607 2663 1660 Ι
2731 1609 2797 1660 ad
2855 1606 3188 1670 Corinthios,
3227 1610 3409 1662 statim
3472 1608 3602 1662 sub-

2009 1701 2187 1772 jungit
2220 1719 2234 1755 :
2275 1700 2392 1753 lmo
2431 1702 2586 1754 etiam
2631 1700 2688 1751 in
2737 1697 2973 1767 Epistula
3042 1700 3111 1751 ad
3149 1697 3467 1758 Corinthios.
3496 1710 3600 1753 etc.

2015 1794 2155 1859 Quin
2183 1792 2444 1847 continue
2490 1799 2612 1859 post
2661 1792 2775 1844 haec
2820 1790 2985 1843 verba
3024 1804 3213 1844 rursus
3252 1789 3494 1855 labitur;
3528 1792 3605 1845 ait

2277 1881 2347 1936 Et
2392 1883 2557 1952 paulo
2593 1892 2707 1951 post
2742 1882 2949 1935 eosdem
2978 1880 3336 1953 (Corinthius)
3377 1881 3607 1952 alloqui-

2020 1985 2129 2039 tur,
2161 1984 2312 2040 etc.;
2347 1976 2514 2027 verba
2542 1973 2726 2039 enim,
2767 1988 2887 2042 qua:
2938 1973 2985 2026 is
3029 1972 3244 2039 allegat,
3292 1988 3397 2025 non
3444 1974 3606 2043 paulo

2021 2073 2156 2134 post,
2194 2065 2287 2117 sed
2322 2062 2485 2131 paulo
2507 2074 2656 2125 ante,
2690 2062 2798 2115 imo
2832 2063 3081 2131 proxime
3113 2062 3361 2131 superius
3391 2071 3609 2115 exstant

2023 2155 2165 2224 apud
2221 2153 2467 2208 Paulum.
2531 2152 2708 2208 Simili
2756 2154 2915 2207 modo
2975 2153 3028 2206 in
3092 2154 3499 2206 commentariis
3550 2153 3611 2205 in

2023 2246 2155 2298 Acta
2195 2245 2578 2313 apostolorum,
2612 2259 2843 2314 quorum
2886 2245 3400 2298 commentariorum
3437 2258 3606 2311 pauca

2024 2337 2331 2406 fragmenta
2361 2335 2592 2390 Wolfius
2620 2337 2809 2399 edidit,
2854 2336 3046 2390 Petrus
3087 2350 3187 2404 pro
3215 2333 3384 2388 Paulo
3428 2334 3605 2388 norni-

2023 2442 2185 2483 natur
2254 2444 2375 2498 pag.
2445 2428 2516 2482 23
2610 2437 2740 2481 tom.
2810 2425 2873 2480 IV
2925 2426 3310 2480 Anecdotorum
3366 2425 3608 2493 ejusdem

2022 2519 2230 2575 Wolﬁi.
2261 2520 2315 2572 In
2348 2519 2485 2573 libre
2515 2519 2678 2573 etiam
2712 2518 2786 2572 De
2822 2516 2915 2586 Sp.
2943 2528 3125 2571 sancto
3150 2516 3303 2585 plura
3329 2531 3395 2569 ex
3423 2516 3610 2584 hujus-

2025 2612 2169 2666 medi
2234 2609 2433 2664 erratis
2480 2608 2681 2672 iuveni,
2744 2622 2808 2660 ac
2859 2608 2926 2660 de
2983 2606 3051 2660 iis
3113 2605 3369 2659 lectorem
3426 2606 3609 2659 tneuni

2025 2719 2148 2774 pag.
2180 2703 2235 2766 5,
2267 2711 2379 2756 ιιοι.
2409 2702 2465 2767 2,
2497 2711 2551 2754 et
2578 2714 2700 2769 pag.
2728 2697 2818 2764 62,
2845 2707 2959 2751 net.
3000 2697 3055 2750 ‘2.
3091 2695 3313 2749 Demum
3355 2696 3407 2749 in
3439 2695 3612 2748 Euar-

2026 2796 2320 2849 rationibtts
2366 2794 2420 2846 in
2470 2791 2744 2861 Epistolas
2785 2788 3074 2843 catholicos
3117 2787 3348 2863 plurima
3394 2787 3612 2856 quidem

2027 2886 2327 2954 Scriptura:
2362 2882 2671 2937 testimonia
2705 2879 2945 2949 profert,
2980 2880 3076 2933 sed
3130 2878 3214 2931 vix
3264 2879 3491 2943 duobus,
3520 2877 3617 2930 tri-

2025 2978 2194 3033 busve
2233 2978 2286 3031 io
2333 2976 2467 3031 locis
2525 2975 2693 3029 libros
2745 2974 3009 3039 nominat,
3063 2988 3131 3028 ex
3163 2971 3361 3041 quibus
3414 2985 3475 3024 ea
3517 2972 3615 3023 de-

2025 3081 2236 3141 sumpta
2288 3079 2436 3135 sunt,
2469 3068 2628 3138 quasi
2693 3075 2950 3122 vereatur
2986 3052 3052 3120 ne
3098 3065 3149 3118 in
3190 3062 3492 3132 hujusmodi
3528 3078 3618 3115 er-

2028 3172 2144 3215 rata
2174 3161 2376 3215 incidat
2416 3176 2431 3215 :
2477 3172 2663 3213 verum
2695 3171 2885 3211 omnes
2919 3154 3194 3209 memoria:
3233 3155 3412 3223 lapsus
3448 3154 3618 3206 vitare

2010 3268 2134 3336 .nen
2186 3252 2396 3322 potuit;
2452 3265 2735 3319 exponens
2792 3250 2938 3302 enim
2982 3256 3235 3317 quartum
3288 3254 3456 3314 caput
3503 3242 3619 3311 epi-

2029 3343 2179 3398 stola:
2236 3343 2256 3395 Ι
2300 3342 2468 3406 Petri,
2551 3340 2753 3410 allegat
2796 3350 3049 3393 octavum
3104 3337 3429 3392 versiculum
3480 3336 3619 3403 capi-

2033 3434 2100 3487 tis
2139 3447 2172 3486 v
2214 3432 2467 3502 Epistula:
2508 3433 2574 3485 ad
2609 3432 2902 3496 Romanos,
2965 3440 3075 3483 tum
3113 3428 3230 3482 lucc
3257 3430 3408 3481 addit
3441 3452 3452 3482 ;
3493 3445 3513 3476 ι
3556 3426 3620 3479 Et

2033 3538 2156 3576 mox
2189 3524 2264 3575 ait
2299 3541 2314 3576 :
2342 3523 2450 3576 Pro
2475 3524 2668 3590 impiis.
2696 3541 2715 3573 ι
2748 3521 2911 3587 Quasi
2938 3521 3053 3574 haec
3074 3522 3260 3582 verba,
3286 3534 3383 3586 pro
3416 3517 3617 3584 impiis,

2032 3618 2154 3682 post
2191 3621 2440 3663 octavum
2489 3610 2818 3663 versiculum
2863 3616 3183 3676 sequantur,
3240 3620 3365 3660 cum
3405 3615 3617 3658 exstent

2035 3702 2301 3757 versiculo
2333 3709 2490 3755 sexto
2518 3701 2763 3768 ejusdem
2785 3699 3006 3767 capitis.

2108 3794 2211 3848 Sed
2253 3800 2307 3846 et
2350 3792 2511 3845 aliam
2552 3791 2787 3858 adjicere
2838 3791 3014 3858 placet
3053 3787 3607 3849 animadversionem,

2035 3899 2155 3954 qua:
2209 3882 2377 3953 pluris
2432 3881 2609 3935 adhuc
2654 3878 2899 3933 facienda
2949 3887 3079 3944 est;
3124 3879 3305 3947 aliqua
3355 3879 3498 3932 enim
3551 3894 3618 3933 ex

2037 3973 2190 4029 hisce
2233 3971 2429 4025 erratis
2484 3985 2592 4024 non
2639 3969 2801 4024 modo
2843 3966 3061 4033 similia,
3106 3970 3198 4021 sed
3233 3970 3419 4024 eadem
3463 3970 3622 4038 plane

2037 4066 2093 4121 ir.
2154 4073 2389 4133 utroque
2439 4072 2660 4117 auctore
2712 4075 2833 4115 esse
2887 4060 3146 4127 comperi.
3225 4060 3338 4126 lta,
3383 4060 3616 4128 (exempli

2038 4158 2231 4230 gratia,
2269 4156 2417 4210 Pauli
2442 4158 2627 4219 verba,
2659 4153 2726 4207 Ut
2761 4154 2826 4207 sit
2855 4163 3039 4207 saneta
3071 4168 3308 4220 corpore,
3333 4162 3378 4205 et
3405 4152 3618 4220 spiritu,

2041 4251 2319 4320 theologus
2353 4250 2570 4318 quidem
2604 4258 2807 4312 noster,
2862 4262 2987 4316 pag.
3024 4245 3148 4311 160,
3194 4245 3414 4313 reperiri
3448 4244 3525 4295 ait
3571 4245 3622 4296 itt

2039 4344 2277 4414 Epistula
2325 4343 2390 4395 ad
2440 4341 2729 4404 Hebraeus,
2784 4355 2908 4392 cum
2959 4349 3177 4392 exstent
3234 4337 3285 4390 iu
3337 4336 3509 4406 prima
3557 4328 3631 4389 ad

2041 4433 2374 4490 Corinthios.
2410 4430 2690 4502 Didymus
2733 4446 2864 4484 vero
2901 4430 2952 4482 itt
3004 4429 3140 4484 libre
3164 4432 3412 4483 adversus
3453 4425 3627 4480 Muni-

2706 4522 2787 4574 sic
2826 4518 3005 4586 affert,
3039 4531 3096 4572 ut
3134 4534 3197 4571 ca
3231 4534 3333 4573 non
3366 4519 3417 4571 iu
3455 4517 3624 4584 pritna

2042 4617 2109 4667 ad
2132 4614 2445 4667 Corinthios
2474 4622 2694 4665 exstare
2738 4609 2989 4672 allirmet,
3030 4611 3122 4663 sed
3163 4610 3269 4661 alio
3304 4609 3356 4661 in
3396 4608 3532 4669 loco,
3570 4618 3627 4659 ttt

2044 4708 2225 4761 tnonui
2272 4721 2394 4775 pag.
2446 4704 2569 4767 I60,
2620 4714 2733 4757 not.
2787 4702 2875 4756 10.
2934 4702 3123 4756 Simile
3165 4700 3293 4769 quid
3343 4713 3462 4769 pag.
3499 4699 3624 4765 588,

2044 4806 2156 4850 net.
2191 4795 2245 4863 9,
2281 4806 2335 4848 et
2365 4794 2496 4848 alibi
2522 4794 2868 4848 observatum
2895 4799 2999 4845 est.
3619 4799 3623 4803 ‘

2044 4935 2175 4991 Car.
2198 4933 2336 4988 XVI.
2358 4930 2617 4986 Memoria
2640 4898 2814 4984 tamen
2839 4928 3063 4999 pollebat
3081 4928 3340 4999 singulari
3361 4929 3626 5000 theologus

2554 5012 2727 5055 noster
2757 5013 2809 5053 at
2848 5002 3128 5067 Didymus.

2119 5098 2224 5155 Sed
2258 5111 2379 5152 cum
2420 5110 2572 5165 opere
2596 5096 2651 5146 in
2684 5094 2837 5164 longe
2872 5092 2953 5161 fas
2985 5092 3054 5145 sit
3083 5092 3326 5160 obrepere
3365 5106 3630 5150 somnum,

2048 5203 2106 5249 ut
2132 5193 2357 5247 Flaccus
2382 5190 2478 5253 ait,
2513 5189 2706 5242 mirum
2738 5186 2936 5241 nemini
2966 5185 3132 5240 videri
3165 5184 3344 5248 debet,
3372 5184 3515 5253 quod
3539 5201 3633 5235 uu-

2049 5296 2254 5343 cterem
2290 5294 2552 5345 nostrum,
2581 5282 2705 5335 dum
2739 5279 3151 5334 innumerabilia
3174 5278 3301 5332 citat
3335 5276 3633 5344 Seriptura:

2050 5379 2190 5444 loca,
2237 5377 2497 5431 memoria
2558 5372 2829 5427 interdum
2888 5370 3145 5426 fefellerit
3195 5388 3208 5423 :
3266 5367 3395 5421 illud
3453 5367 3632 5436 potius

2048 5484 2242 5528 omnes
2276 5468 2638 5529 tnirahuntur,
2677 5473 2827 5516 tanta
2863 5477 2985 5516 eum
3024 5459 3283 5514 memoria
3318 5459 3540 5529 pellere,
3577 5468 3633 5512 ut

2050 5572 2159 5618 tam
2227 5559 2395 5614 multa
2456 5565 2660 5627 prteste
2707 5568 2923 5621 semper
2979 5551 3179 5606 habeat
3216 5551 3513 5605 Bibliorum
3554 5562 3626 5604 te-

2051 5651 2329 5709 stimonia.
2374 5649 2443 5701 At
2474 5648 2525 5702 id
2563 5649 2737 5715 ipsum
2792 5644 3017 5713 Didyme
3056 5644 3423 5699 Alexandrino
3450 5643 3635 5711 appri-

2055 5758 2140 5797 me
2202 5739 2490 5809 congruit,
2542 5736 2685 5807 quod
2745 5735 2894 5789 illum
2951 5738 3213 5791 memoria
3283 5747 3632 5802 summopere

2056 5834 2290 5891 valuisse
2320 5845 2441 5888 cum
2468 5844 2659 5889 omnes
2688 5845 2796 5888 uno
2817 5844 2914 5889 ore
2942 5837 3208 5888 testentur
3238 5842 3471 5895 vctcres,
3514 5834 3628 5879 tum

2258 6422 2387 6429 ...-.——-———
2412 6422 2469 6430 nt--
2486 6422 2539 6431 .-
2574 6422 2585 6429 .ι
2606 6422 2693 6429 σ-ι-ο--ι
2716 6422 2723 6427 ρ
2754 6422 2815 6431 ...ι-ι...
2830 6422 2885 6431 fl-
