4108 6432
477 431 576 484 tcz
1125 469 1150 485 _,
1601 424 1608 429 ·
1904 422 1990 474 ut;
2041 420 2299 474 mavuo
3621 424 3726 480 py,

477 546 586 614 ejus
617 558 781 612 opera
819 540 1163 605 conﬁrment,
1206 539 1440 592 maxime
1486 553 1613 592 vero
1644 537 1779 590 liber
1813 536 1887 590 De
1918 538 2041 605 Spi-
2070 543 2117 597 Α
2158 534 2270 602 ejus
2298 535 2350 586 in
2374 531 2557 594 vobis;
2589 531 2780 585 Latina
2817 545 2942 585 vero
2974 530 3167 596 Biblia,
3197 545 3406 600 propter
3430 526 3732 592 inhabitan-

477 637 577 687 ritu
613 640 817 691 sancto,
851 628 1233 681 Enarrationes
1269 629 1320 680 in
1350 625 1617 694 Epistolas
1651 626 1953 688 catholicas.
1984 637 2038 680 et

475 739 590 790 qua:
624 732 908 787 supersunt
935 720 1230 788 fragmenta
1256 719 1764 772 commentariorum
1795 718 1962 785 ipsius
1990 719 2041 771 in

478 829 624 869 sacra
658 812 824 865 Biblia
869 829 886 864 :
933 811 1232 875 huiusmodi
1290 809 1434 864 enim
1487 809 1651 863 libros
1696 825 1724 861 a
1764 823 1908 862 czeco
1960 810 2044 862 di-

475 905 612 960 ctari
653 904 894 972 potuisse
932 903 1013 953 vix
1053 902 1104 952 in
1136 901 1372 953 aniumm
1410 900 1808 962 induceremus,
1843 899 1944 952 nisi
1977 914 2044 952 ex

476 997 790 1050 indubitatis
845 1003 1120 1045 constaret
1181 993 1542 1045 monumentis
1602 1007 1722 1044 eum
1775 1006 1878 1043 non
1933 991 2045 1046 It.rc

480 1086 669 1147 modo,
721 1099 906 1137 verum
952 1083 1058 1133 alia
1107 1082 1262 1149 longe
1312 1082 1483 1150 plura,
1532 1082 1658 1142 imo,
1690 1090 1750 1134 ut
1783 1080 2046 1150 Ilierouy-

480 1190 601 1228 nms
650 1176 923 1241 loquitur,
972 1173 1371 1224 innumerabilia
1417 1187 1578 1240 opera
1617 1171 1869 1224 dictasse.
1914 1171 2044 1224 Novi

479 1265 726 1330 equidem
779 1261 967 1328 primis
1015 1261 1268 1313 Ecclesiae
1301 1261 1512 1314 saeculis
1569 1262 1831 1328 plurimos
1883 1262 2048 1316 fuisse

437 1389 441 1393 ~
480 1355 836 1417 Christianos,
869 1356 957 1422 qui
999 1356 1176 1405 divina
1220 1353 1488 1406 volmuina
1523 1365 1779 1406 nocturna
1825 1354 2046 1406 diurna-

481 1460 587 1514 que
647 1462 803 1496 utann
874 1454 1145 1497 versantes
1222 1445 1532 1496 memoriter
1581 1459 1644 1496 ea
1711 1444 2043 1496 edisrebant.

482 1541 618 1604 Quin
654 1538 830 1606 plures
863 1538 1024 1589 etiam
1066 1535 1338 1587 exstitisse
1359 1549 1460 1585 non
1501 1533 1802 1595 inliciabor,
1834 1533 1928 1600 qui
1969 1533 2049 1584 in-

485 1643 628 1701 legra
664 1630 832 1682 Biblia
887 1627 1113 1680 ﬁdeliter
1145 1627 1261 1678 sine
1301 1627 1502 1692 srripto
1545 1626 1776 1676 recitare
1805 1632 2046 1690 possent,

482 1733 540 1776 ut
571 1723 680 1772 vult
712 1731 898 1772 auctor
925 1719 1298 1785 Antiquitatum
1325 1714 1544 1769 Critices
1569 1725 1697 1769 tom.
1730 1715 1767 1776 Ι,
1799 1731 1860 1768 ac
1887 1714 2050 1768 Joan-

481 1829 577 1868 nes
623 1813 864 1881 Lyrouus
911 1809 1208 1862 monachus
1253 1809 1311 1862 S.
1355 1807 1523 1859 Mauri
1567 1818 1696 1861 tom.
1754 1807 1816 1859 Ill
1861 1806 2048 1860 Rerum

2153 635 2278 687 tem,
2308 632 2412 677 etc.
2448 639 2464 687 ;
2497 621 2773 688 theologus
2815 629 2991 672 autem
3023 629 3207 673 uoster
3237 636 3340 675 non
3373 623 3546 676 solum
3573 626 3724 693 legit,

2145 732 2236 784 per
2276 714 2684 778 inhabitantem,
2715 712 2809 765 sed
2843 720 2897 765 et
2922 712 3146 766 alteram
3178 713 3465 768 lectionem
3513 728 3573 770 ut
3608 718 3721 771 Ma-

2146 806 2497 860 cedonianam
2547 803 2822 870 improbat
2861 820 2875 855 :
2926 813 2981 854 at
3022 801 3281 872 Didymus
3322 807 3483 858 etiam
3519 807 3569 858 in
3603 809 3723 863 libr.

2150 899 2223 952 De
2280 896 2480 963 Spiritu
2523 909 2705 949 sancto
2747 896 2895 965 legit,
2943 913 3035 962 per
3084 885 3484 962 inhabitantem,
3521 909 3578 952 ut
3616 903 3723 953 dixi

2147 1007 2271 1060 pag.
2319 989 2444 1054 180,
2497 999 2612 1043 uol.
2654 989 2706 1043 5.
2754 988 2958 1054 Tertio,
3001 996 3191 1039 auctor
3222 1001 3409 1042 noswr
3443 1008 3563 1058 pug.
3595 993 3722 1056 9.47,

2151 1083 2428 1137 hast'elicos
2502 1081 2810 1148 redarguit,
2841 1082 2981 1147 quod
3021 1080 3070 1132 in
3104 1080 3399 1134 Bibliorum
3443 1085 3723 1149 exempla-

2153 1175 2303 1227 ribus
2348 1189 2411 1227 ex
2442 1173 2674 1241 quodam
2728 1173 2894 1224 Amos
2934 1173 3209 1240 prophetae
3256 1173 3371 1226 loco
3411 1188 3595 1227 vocem
3631 1191 3724 1244 ego

2149 1265 2518 1330 abstulerint;
2593 1264 2850 1332 Didymus
2923 1278 3048 1316 vero
3112 1265 3359 1318 eutmlent
3447 1267 3724 1333 prophetae

2151 1363 2351 1407 textum
2403 1352 2636 1406 all'erens
2691 1353 2741 1404 in
2788 1352 2927 1404 libro
2966 1351 3038 1404 De
3087 1350 3290 1414 Spiritu
3353 1367 3535 1406 sant-to
3573 1371 3720 1408 nunt.

2151 1443 2217 1496 14
2252 1456 2304 1496 et
2344 1443 2432 1506 59,
2478 1452 2632 1496 cavet
2680 1458 2746 1495 ne
2789 1443 3000 1496 omittat
3025 1443 3312 1498 dictionem
3350 1462 3461 1511 ego.
3497 1448 3721 1512 Quarto,

2149 1551 2269 1588 cum
2305 1537 2443 1603 apud
2475 1535 2737 1587 Joannem
2779 1549 2893 1601 cap.
2928 1549 2964 1594 ι.
2995 1550 3136 1587 vers.
3183 1536 3270 1597 18,
3299 1551 3487 1589 mnm-s
3527 1539 3721 1591 editio.

2155 1642 2254 1680 nes
2302 1637 2408 1679 tam
2470 1624 2692 1687 Graecae,
2743 1641 2900 1694 quam
2951 1625 3174 1688 Latinae,
3225 1627 3332 1677 i'no
3367 1639 3415 1680 et
3478 1629 3714 1681 Alexath

2154 1717 2340 1769 drinus
2384 1717 2551 1769 codex
2605 1717 2816 1772 habeat,
2864 1714 3170 1784 Unigenitus
3207 1715 3396 1781 Filius,
3437 1719 3526 1783 qui
3569 1732 3639 1771 est
3670 1722 3722 1772 in

2151 1809 2270 1858 sinu
2304 1805 2481 1859 Patris
2512 1809 2617 1874 ipse
2681 1809 2984 1870 enarravit;
3019 1809 3299 1876 theologus
3333 1819 3507 1862 tamen
3540 1823 3724 1865 noster

480 1905 823 1970 singularium
858 1901 925 1952 ad
953 1901 1177 1963 litteras,
1227 1899 1601 1966 historiamque
1625 1900 1990 1966 spectantium,
2019 1915 2046 1950 ιι
2081 1889 2121 1942 Β
2151 1913 2271 1966 pag.
2308 1897 2398 1959 76,
2450 1905 2506 1948 cl.
2557 1897 2679 1948 alibi
2725 1912 2821 1964 pro
2855 1895 3164 1965 Unigenitus
3206 1898 3377 1952 Filius
3413 1902 3533 1970 legit
3588 1901 3722 1955 Uni-

479 1997 596 2050 viro
640 1994 852 2046 clariss.
901 1990 1064 2045 Casto
1123 1991 1411 2044 Innocente
1457 1989 1715 2044 AnSaldio
1761 1990 2048 2059 allegatus.

479 2087 548 2138 At
610 2083 887 2152 theologus
942 2092 1127 2136 noster
1194 2097 1298 2134 non
1377 2089 1579 2135 tantum
1649 2096 1834 2136 sacros
1887 2083 2051 2135 libros

481 2179 714 2228 maxima
743 2176 929 2228 saltem
961 2189 1027 2226 ex
1054 2186 1205 2241 parte
1244 2174 1503 2225 memoria
1538 2173 1777 2226 tenuisse
1814 2173 2047 2237 videtur,

483 2279 668 2315 verum
702 2263 865 2315 etiam
903 2261 1083 2314 omnia
1123 2261 1415 2328 Scriptura:
1451 2260 1586 2320 loca.
1623 2277 1742 2328 qua:
1781 2263 1899 2313 usui
1931 2278 2051 2316 esse

481 2364 724 2422 ppssent,
739 2353 1162 2420 quotiest'nnque
1178 2354 1292 2405 usui
1311 2351 1525 2423 [XXVI]
1554 2353 1729 2405 futura
1753 2365 1926 2417 erant,
1944 2371 2050 2424 pra:

485 2442 659 2495 oculis
718 2440 924 2492 habuit.
973 2441 1128 2491 Aliud
1189 2449 1368 2490 autem
1419 2451 1500 2492 est
1559 2437 1838 2505 Psalmos,
1902 2442 2048 2494 verbi

481 2541 785 2596 causa,ant
824 2531 1028 2597 integra
1080 2529 1242 2581 Biblia
1292 2530 1363 2582 ita
1413 2532 1667 2583 memoria
1707 2532 1959 2594 retinere,
1993 2542 2050 2584 nt

486 2625 600 2676 lucc
652 2623 703 2674 in
749 2621 976 2675 ecclesia
1020 2621 1102 2675 vel
1143 2621 1440 2674 dormitans
1484 2623 1793 2675 inemoriter
1823 2625 2050 2678 recitare

483 2713 709 2775 valeas;
761 2712 902 2763 aliud
949 2725 1074 2763 vero
1121 2725 1186 2763 ex
1241 2709 1733 2764 inumnerabilibns
1787 2722 2046 2780 praeterea

489 2805 885 2871 Scriptura’rum
936 2801 1262 2854 teStimoniis
1325 2817 1385 2854 ea
1443 2816 1658 2868 semper
1701 2803 1752 2853 in
1799 2815 2044 2870 promptu

479 2896 680 2947 habere
703 2905 864 2961 atque.
891 2891 1098 2956 afferre,
1135 2907 1253 2958 qua:
1281 2893 1345 2942 ad
1385 2906 1494 2944 rem
1541 2892 1758 2944 taciant.
1795 2890 1926 2944 lllud
1955 2909 2049 2947 ex-

479 2986 724 3038 cellentis
765 2985 1036 3036 meritoria»
1060 2994 1185 3049 est;
1220 2984 1320 3035 hoc
1350 2997 1498 3042 vero.
1538 2993 1594 3035 ut
1622 2985 1867 3051 equidem
1905 2986 2050 3038 arbi-

479 3085 614 3140 tror,
653 3075 1126 3128 excellentissima:
1168 3088 1277 3126 :ac
1329 3074 1456 3126 illud
1501 3076 1716 3142 quidem
1768 3076 2044 3145 Didymum

479 3167 657 3220 facere
694 3166 930 3232 pomisse
959 3165 1091 3217 satis
1123 3163 1397 3231 probabile
1431 3173 1551 3227 est;
1592 3165 1690 3219 hoc
1727 3180 1854 3219 vero
1886 3165 2045 3221 theo-

477 3259 655 3328 logum
690 3267 954 3319 nostrum,
985 3271 1076 3309 seu
1105 3255 1384 3326 Didymum
1419 3257 1589 3324 ipsum
1617 3257 1808 3312 iecisse
1835 3264 2043 3313 certum

477 3365 540 3404 ac
569 3330 911 3402 llltilllfﬂ'altllll
952 3358 1052 3403 est.

477 3441 606 3495 CAP.
634 3440 794 3492 XVII.
828 3438 1037 3491 Etedem
1081 3437 1144 3509 in_
1167 3436 1402 3507 tlteologo
1446 3449 1621 3492 nostro
1644 3479 1657 3499 ,
1687 3451 1840 3509 atque
1874 3443 1926 3494 in
1960 3441 2048 3495 Di-

547 3513 700 3579 dymo
729 3512 1075 3572 quorumdam
1107 3505 1396 3575 Scriptura:
1436 3517 1666 3560 textuum
1709 3505 1972 3565 lectiones.

550 3622 794 3692 Magnam
849 3621 1014 3674 fuisse
1059 3621 1265 3691 Didymi
1306 3631 1465 3675 atate
1503 3623 1554 3674 in
1600 3620 1802 3677 Grazcis
1837 3623 2041 3679 Biblio-

479 3732 592 3768 rum
628 3713 1024 3782 exemplaribus
1046 3725 1136 3765 aut
1166 3712 1474 3778 lectionum,
1501 3725 1591 3766 aut
1631 3715 2042 3771 translationum

475 3805 812 3869 varietatem,
853 3819 1009 3857 nemo
1053 3803 1265 3855 nescius
1295 3812 1396 3862 est.
1433 3814 1486 3855 ut
1519 3806 1767 3874 superius
1796 3806 2040 3859 dicebam

475 3911 597 3965 cap.
629 3895 764 3949 VIII.
807 3896 1092 3948 Videamus
1126 3910 1278 3962 ergo,
1311 3906 1488 3947 utrum
1525 3895 1806 3964 theologus
1833 3908 2040 3961 noster,

477 4001 540 4040 ac
591 3987 845 4054 Didynms
879 3987 1091 4039 easdem
1133 3984 1458 4039 Biblicorum
1509 3994 1746 4037 textuum
1786 3985 2043 4042 lectiones

475 4079 645 4132 secuti
688 4078 833 4143 sint;
883 4078 924 4130 si
976 4078 1118 4130 enim
1170 4079 1387 4130 easdem
1452 4077 1591 4143 apud
1625 4085 1911 4146 utrumque
1943 4081 2041 4132 de-

473 4170 943 4239 prehenderimu‘s,
968 4170 1071 4223 erit
1100 4167 1202 4221 hoc
1228 4181 1440 4234 quoque
1483 4181 1584 4218 non
1612 4165 1725 4220 leve
1757 4167 2038 4235 indicium,

473 4263 613 4330 quod
638 4261 875 4330 opinioni
905 4270 1100 4314 nostra:
1126 4258 1468 4327 sum-agetur.
1497 4256 1694 4312 Verum
1721 4276 1825 4314 non
1850 4277 2040 4316 omnes

476 4352 627 4421 parvi
671 4353 830 4404 etiam
870 4350 1123 4404 metuenti
1153 4349 1436 4402 varietates
1482 4351 1816 4403 attendenda:
1865 4362 2036 4420 sunt;

471 4459 612 4511 saepe
651 4443 792 4495 enim
836 4441 1098 4506 contingit
1139 4449 1200 4494 ut
1261 4455 1423 4492 unum
1478 4440 1836 4510 eumdeutque
1883 4443 2039 4498 Scri-

2151 1989 2354 2057 genitus
2404 1987 2543 2040 Deus
2584 2003 2603 2041 :
2651 1989 2930 2058 Didymum
2973 2005 3100 2041 vero
3161 1991 3355 2059 legisse
3415 1991 3723 2061 Unigem‘tus

2155 2079 2315 2141 Deus,
2344 2079 2590 2153 quamvis
2637 2091 2785 2132 certo
2834 2082 3061 2148 probare
3099 2098 3383 2151 nequeam,
3420 2087 3560 2153 quod
3603 2086 3724 2139 nul-

2152 2169 2235 2222 lus
2284 2183 2427 2222 nunc
2483 2151 2768 2224 succurrat
2815 2171 2985 2235 locus,
3048 2173 3098 2224 in
3152 2189 3260 2242 quo
3309 2185 3514 2228 textura
3572 2177 3718 2232 hunc

2152 2261 2357 2325 afferat,
2388 2262 2488 2315 hoc
2517 2273 2690 2316 tamen
2717 2265 2872 2316 modo
2893 2273 2944 2316 et
2974 2279 3094 2316 eum
3125 2264 3316 2331 legisse
3347 2269 3558 2333 opinor,
3601 2285 3717 2324 cum

2151 2351 2270 2418 ejus
2306 2366 2518 2419 quoque
2548 2368 2844 2420 lll‘EBt‘eSSOI'
2873 2353 3132 2422 Origenes
3161 2357 3454 2410 cateehista
3487 2356 3722 2410 Alexan-

2154 2440 2341 2492 drinus
2384 2443 2570 2494 eadem
2636 2443 2844 2495 ratione
2897 2442 3104 2510 legerit,
3156 2453 3213 2497 ut
3267 2446 3375 2498 diu
3447 2462 3569 2514 pag.
3627 2449 3714 2512 76,

2153 2539 2263 2584 not.
2301 2531 2350 2584 5.
2393 2531 2649 2600 Denique,
2693 2533 2946 2585 lectorem
2997 2550 3144 2604 rogo,
3184 2547 3238 2588 ut
3278 2551 3339 2589 ea
3390 2539 3567 2592 videat
3600 2555 3718 2607 quae

2151 2639 2272 2692 pag.
2313 2625 2526 2692 quidem
2574 2625 2700 2688 246,
2740 2637 2851 2679 not.
2887 2626 2940 2688 I,
2984 2628 3171 2696 scripsi
3207 2629 3273 2682 de
3307 2629 3450 2682 Pauli
3498 2634 3674 2685 verbis
3700 2670 3717 2697 ,

2151 2710 2370 2778 Spiritui
2401 2713 2491 2767 Dei
2517 2718 2794 2769 servientes
2820 2731 2840 2780 ;
2875 2717 3000 2769 alibi
3034 2732 3155 2771 vero
3183 2719 3248 2772 de
3284 2721 3402 2772 aliis
3439 2724 3671 2776 testibus
3700 2741 3715 2775 :

2149 2817 2247 2871 ego
2269 2805 2409 2857 enim
2436 2822 2556 2858 cuin
2579 2822 2765 2861 verear
2798 2825 2860 2860 ne
2891 2808 3098 2877 longior
3131 2811 3257 2876 sim,
3287 2812 3391 2866 alia
3416 2813 3717 2881 bnjusmodi

2150 2895 2390 2961 exempla
2419 2896 2505 2948 hic
2537 2895 2730 2971 aﬂerre
2764 2901 3107 2965 supersedeo.

2218 2985 2295 3037 Ac.
2333 2985 2456 3037 illntl
2488 2989 2662 3054 potius
2705 2989 2864 3048 addo,
2921 2989 2988 3042 ab
3027 3001 3245 3044 auctore
3287 2994 3500 3059 quidem
3534 3007 3719 3052 nostro

2149 3070 2440 3140 Scriptura:
2480 3076 2594 3130 loca
2628 3078 2704 3130 sic
2735 3093 2879 3146 saepe
2917 3077 3117 3142 aﬂerri,
3153 3091 3204 3131 ut
3242 3085 3517 3137 sententia:
3547 3086 3716 3153 magis

2132 3165 2445 3228 .adlnereat,
2512 3185 2670 3236 quam
2737 3172 2972 3234 verbis;
3044 3183 3094 3225 at
3146 3175 3329 3227 eadem
3394 3191 3450 3229 se
3514 3179 3720 3233 ratione

2151 3258 2379 3326 gessisse
2419 3259 2696 3330 Didymutu
2738 3262 2782 3315 is
2825 3264 3116 3330 comperiet
3150 3266 3238 3332 qui
3280 3266 3508 3320 Biblicos
3539 3279 3717 3325 textus

2149 3348 2218 3402 ab
2278 3365 2342 3405 eo
2396 3352 2656 3422 allegatos
2715 3370 2835 3408 cum
2884 3355 3087 3410 Gratcis
3161 3355 3345 3411 Bibliis
3402 3363 3712 3416 contulerit.

2145 3440 2396 3496 Attamen
2446 3459 2565 3496 cum
2612 3445 2711 3498 hoc
2767 3446 2934 3514 ipsum
2975 3462 3078 3498 non
3125 3463 3250 3500 raro
3293 3451 3360 3502 ab
3403 3451 3520 3506 aliis
3553 3455 3712 3508 etiam

2144 3530 2343 3586 factmn
2398 3549 2518 3588 esse
2561 3529 2882 3599 ’videamus,
2921 3551 3024 3588 non
3059 3547 3232 3605 potest
3276 3555 3370 3608 pro
3411 3552 3532 3595 nota
3572 3560 3711 3612 qua-

2145 3622 2264 3676 dam
2293 3623 2499 3688 haberi,
2519 3638 2623 3692 qua
2651 3625 2905 3694 Didymus
2928 3641 2959 3702 a
2993 3629 3214 3699 reliquis
3249 3629 3504 3688 Patribns
3538 3651 3716 3692 secer-

2144 3717 2327 3762 natur.

2142 3817 2271 3873 CAP.
2298 3817 2478 3874 XVIII.
2499 3819 2720 3906 Easdem
2745 3835 2954 3895 uterque
2969 3827 3402 3906 aﬂ'ert_certorum
3425 3835 3713 3906 Scriptum

2563 3901 2792 3946 textuum
2821 3901 3288 3965 interpretationes.

2212 4004 2599 4058 Alexandrinos
2661 4010 2981 4065 catecltistas
3031 4012 3321 4082 allegoriis,
3378 4016 3502 4070 dmn
3544 4018 3695 4076 Scri<

2151 4103 2343 4162 pturas
2391 4094 2910 4167 interpretabantur,
2975 4102 3266 4159 delectatos
3330 4123 3449 4162 esse
3514 4122 3711 4167 norunt

2144 4184 2398 4254 theologi.
2436 4185 2509 4238 De
2539 4186 2763 4258 Didymo
2795 4202 2972 4245 autem
3006 4205 3189 4248 nostro
3223 4200 3467 4262 equidem
3501 4217 3562 4254 ea
3598 4219 3707 4272 prze

2141 4273 2310 4326 oculis
2358 4274 2580 4340 habens,
2630 4292 2750 4345 quin
2796 4279 2848 4332 in
2898 4280 3066 4346 ipsius
3114 4285 3392 4350 operibus,
3435 4300 3526 4342 aut
3569 4291 3711 4362 l‘rag-

2142 4366 2334 4419 meutis
2386 4369 2673 4420 observare
2728 4384 2813 4423 me
2867 4370 3104 4434 memini,
3154 4373 3252 4424 tria
3318 4375 3430 4428 hate
3471 4388 3708 4436 statuere

2141 4469 2299 4522 posse
2331 4457 2458 4509 mihi
2519 4457 2722 4511 videor.
2757 4456 2794 4510 I.
2835 4457 2968 4510 Eum
3018 4460 3106 4512 ubi
3163 4462 3445 4519 haereticos
3489 4467 3703 4537 refellit,

470 4544 641 4600 plura:
673 4532 847 4584 locum
895 4545 1036 4582 nunc
1066 4545 1172 4582 uno
1203 4532 1361 4585 modo
1388 4530 1587 4598 legant,
1622 4548 1765 4588 nunc
1797 4535 1927 4600 alio,
1953 4535 2035 4590 vel

2145 4559 2246 4597 non
2304 4543 2586 4611 allegorias
2623 4546 2826 4614 sectari
2873 4549 3239 4623 consuevisse,
3279 4554 3371 4606 sed
3399 4569 3462 4607 ex
3491 4530 3704 4612 litterali

469 4627 610 4693 quod
642 4623 952 4677 memoriter
976 4622 1159 4684 citent,
1203 4621 1284 4674 vel
1313 4625 1452 4692 quod
1479 4624 1750 4689 minimas,
1793 4628 2033 4681 minimi-

468 4730 572 4780 que
630 4713 784 4780 pretii
849 4713 1239 4781 diserepantias
1299 4713 1591 4783 negligant,
1651 4715 1736 4769 vel
1815 4717 2032 4772 demum

467 4804 611 4870 quod
664 4805 820 4856 modo
867 4819 1026 4856 unam
1074 4801 1356 4855 lectionem
1420 4805 1572 4872 sequi
1619 4805 1828 4870 malint,
1875 4810 2033 4864 modo

468 4892 652 4946 aliam.
694 4896 941 4947 Attamen
989 4895 1238 4964 quaedam
1277 4905 1402 4946 tunc
1454 4905 1610 4948 erant
1652 4898 1704 4949 in
1742 4895 2030 4952 Bibliorum

467 4984 744 5044 codicibus
774 4995 1086 5060 varietates,
1112 5001 1245 5053 quas
1275 4986 1531 5053 peculiari
1566 4987 2033 5045 animadversrone

467 5077 656 5142 dignas
717 5091 930 5129 censeo.
1002 5076 1115 5140 Ita,
1175 5077 1405 5144 exempli
1471 5091 1676 5148 gratia,
1737 5081 1920 5135 Primo
1978 5084 2030 5137 in

466 5165 636 5231 Epist.
668 5165 704 5218 Il
733 5170 797 5220 ad
822 5167 1034 5228 Thess,
1065 5183 1183 5234 cap.
1214 5184 1274 5230 tt,
1309 5183 1446 5221 vers.
1483 5170 1569 5236 15,
1595 5171 1776 5225 Gra-ca
1817 5174 2029 5241 quidem

466 5256 630 5309 editio
676 5258 857 5320 habet,
896 5257 1002 5309 ἀπ’
1034 5257 1237 5326 ἀρχῆς,
1268 5260 1316 5310 id
1353 5268 1432 5312 est
1473 5264 1535 5312 ab
1564 5263 1746 5322 initio;
1776 5263 2032 5335 Didymus

466 5363 592 5400 vero
633 5350 682 5400 in
715 5349 849 5401 libro
873 5348 944 5401 De
974 5346 1177 5416 Spiritu
1211 5359 1391 5403 sancto
1415 5351 1536 5420 legit
1571 5353 1840 5423 ἀπαρχήν,
1875 5360 1922 5407 id
1948 5364 2033 5410 est

463 5441 757 5508 primitias;
787 5451 841 5493 at
884 5454 1072 5495 auctor
1104 5459 1315 5511 quoque
1358 5454 1543 5496 noster
1581 5443 1708 5514 legit
1740 5448 2026 5512 primitias,

467 5541 526 5583 ut
567 5531 674 5584 dixi
725 5547 845 5600 pag.
894 5533 1016 5597 125,
1065 5544 1174 5589 nol.
1223 5535 1275 5590 4.
1327 5534 1594 5598 Secundo,
1644 5539 1693 5589 in
1735 5537 1906 5605 Epist.
1962 5541 2028 5593 ad

465 5618 736 5675 Bouianos
790 5637 910 5689 cap.
959 5639 1077 5688 vut,
1113 5639 1249 5680 vers.
1283 5624 1371 5688 ll,
1403 5627 1568 5680 codex
1602 5627 2023 5694 Alexandrinus,

461 5717 521 5766 et
549 5707 735 5764 Graeca
768 5712 934 5766 editio
965 5715 1193 5770 habent:
1227 5732 1323 5784 per
1347 5716 1726 5773 inltabitantem
1767 5718 2027 5788 Spiritum

536 5816 555 5844 ⁶
595 5817 612 5870 l
651 5817 774 5873 Cor.
813 5835 866 5882 κ,
922 5820 1006 5873 ll.

2140 4633 2436 4703 Scriptum
2461 4650 2620 4688 sensu
2666 4645 2977 4703 argumenta
3021 4647 3202 4706 petere
3237 4641 3303 4694 ad
3340 4659 3431 4698 eos
3465 4643 3701 4722 [XXVlI]

2135 4725 2506 4778 cunl'ntandos.
2542 4724 2609 4780 II.
2631 4721 2766 4777 Dum
2792 4724 3003 4782 Veteris
3033 4727 3362 4788 Testamenti
3389 4735 3573 4798 libros,
3611 4721 3703 4792 aut

2139 4824 2323 4870 textus
2357 4814 2686 4883 explicabat,
2717 4815 2989 4882 allegoriis
3019 4821 3302 4876 indulsisse
3345 4842 3357 4877 :
3393 4839 3698 4895 propterea,

2136 4916 2194 4960 ut
2258 4909 2478 4974 opinor,
2549 4910 2688 4974 quod
2760 4913 2936 4962 omnia
3002 4913 3054 4966 in
3105 4915 3278 4983 ﬁgura
3336 4920 3703 4988 contingebant

2136 4996 2378 5052 Ilebrteis
2403 4997 2445 5052 ⁸.
2485 4997 2573 5052 III.
2604 4999 2663 5053 In
2690 4998 2822 5053 Novi
2860 5000 3182 5083 Testapteuti
3214 5008 3388 5061 verbis
3432 5026 3554 5064 raro
3579 5029 3700 5067 eum

2134 5088 2420 5157 allegorias
2499 5092 2830 5157 expiscatnm
2883 5107 3031 5156 esse,
3101 5097 3194 5149 sed
3248 5097 3460 5155 Iitterali
3519 5106 3700 5160 sensui

2132 5179 2484 5249 plerumque,
2515 5189 2610 5234 aut
2632 5183 2747 5235 fere
2779 5198 2989 5250 semper
3018 5185 3329 5243 adhaesisse.

2201 5269 2269 5322 At
2313 5279 2410 5322 tria
2444 5271 2556 5323 haec
2587 5271 2696 5338 ipsa
2735 5273 2786 5324 in
2819 5272 3066 5340 theologo
3106 5287 3264 5328 etiam
3299 5294 3484 5337 nosuo
3512 5283 3705 5338 obser-

2132 5359 2272 5412 vavi.
2329 5360 2478 5412 Sicnt
2509 5361 2652 5450 enim
2705 5360 2959 5430 Didymus
2995 5365 3045 5417 in
3081 5365 3218 5420 libro
3263 5366 3334 5423 De
3368 5370 3460 5440 Sp.
3517 5384 3701 5428 sancto

2133 5447 2542 5502 Illacedonianos
2593 5447 2937 5507 validissimis
2988 5455 3230 5512 coofutat
3281 5466 3613 5528 al'gttlllelllls
3671 5479 3702 5516 e

2133 5537 2352 5592 litterali
2409 5541 2700 5609 Scriptura:
2761 5558 2920 5599 sensu
2982 5548 3242 5616 deductis,
3299 5554 3372 5604 ita
3419 5565 3469 5605 et
3517 5566 3699 5608 noster

2131 5631 2366 5693 scriptor
2411 5634 2678 5699 Ariauos,
2733 5635 3128 5706 Eunomianus,
3163 5641 3573 5698 Macedonianos
3619 5647 3699 5700 sic

2131 5721 2360 5788 refellit,
2412 5732 2470 5777 ut
2506 5722 2621 5780 fere
2653 5730 2835 5784 omnia
2870 5743 3183 5801 argumenta
3212 5749 3243 5789 e
3277 5733 3571 5804 Scripturis
3602 5735 3697 5791 lit-
