4108 6432
325 411 424 466 I65

1482 414 2044 472 COMMENTARIUS.
2084 445 2154 457 ι-
2192 414 2321 469 LIB.
2362 411 2403 471 Ι.

3460 421 3558 477 166

323 529 560 584 toraliter
593 529 874 596 explicatis
917 533 1143 589 derivet.
1190 537 1268 591 Ac
1298 536 1749 606 quemadmodum
1803 533 1890 587 Di-
1918 539 1962 594 Α
1991 534 2079 597 qui
2115 543 2356 585 venturus
2390 547 2442 583 es
2470 531 2552 583 ”?
2581 544 2739 599 quam
2775 532 2938 586 habet
2977 544 3106 602 pag.
3134 534 3222 597 21,
3273 534 3411 588 haud
3441 534 3558 590 scio

322 621 508 690 dymus
529 621 771 690 quinque
805 622 1250 692 Explanationum
1283 628 1448 682 libros
1475 629 1529 681 in
1567 626 1884 680 Zachariam

324 711 392 764 ita
433 712 691 775 dictavit,
732 712 1059 785 Hieronymo
1095 727 1264 781 teste,
1299 733 1356 772 ut
1400 728 1509 772 tota
1556 735 1734 772 eorum
1802 718 1889 782 ἐξ·

320 803 514 871 ήγησις
534 803 818 870 allegorica
834 809 988 872 fuerit
1009 846 1024 870 ,
1055 821 1099 860 et
1133 810 1368 865 historice
1401 813 1488 864 via:
1519 827 1684 875 pauca
1712 813 1890 878 tetige-

318 904 433 945 rmt.
477 898 550 941 ita
581 893 863 962 theologus
896 910 1076 950 noster
1103 900 1192 951 lib.
1228 915 1288 962 ιι,
1317 916 1437 970 cap.
1477 901 1564 964 M,
1602 903 1780 967 plures
1809 901 1887 955 δὶ-

316 983 412 1032 ιιιιιΙ
446 980 730 1037 Zacleriw
764 987 929 1047 ipsius
956 995 1132 1042 textus
1166 990 1406 1059 allegatis
1450 993 1502 1044 in
1543 994 1774 1060 quadam
1806 993 1888 1045 di-

312 1088 616 1140 gressione,
678 1075 964 1142 allegorice
1008 1093 1198 1134 omnes
1247 1082 1658 1150 interpretatur,
1701 1099 1764 1138 ac
1821 1099 1885 1138 ea

311 1166 534 1218 fortasse
576 1167 632 1218 in
667 1170 1042 1234 compendium
1085 1172 1297 1240 redigit,
1331 1188 1452 1240 quite
1489 1173 1540 1226 iit
1578 1173 1682 1225 illis
1709 1174 1888 1238 expla-

310 1258 617 1310 nationibns
646 1258 816 1311 fusius
839 1261 1166 1314 disseruerat
1195 1280 1210 1316 :
1243 1262 1369 1315 alibi
1403 1279 1528 1316 vero
1557 1266 1752 1332 salpius
1781 1264 1885 1316 alia

311 1347 516 1400 Veteris
551 1348 888 1403 Testamenti
917 1351 1029 1403 loca
1061 1352 1345 1420 allegorice
1369 1355 1606 1420 exponit.
1641 1355 1883 1418 Demum,

307 1449 358 1490 ut
410 1440 460 1490 in
503 1439 774 1509 Didymo,
813 1443 885 1494 ita
923 1452 975 1495 et
1010 1443 1060 1495 in
1107 1454 1327 1498 auctore
1361 1457 1548 1500 nostro
1595 1461 1882 1515 perpauca,

305 1531 353 1583 ni
387 1532 568 1594 fallor,
605 1543 900 1586 occurrunt
931 1532 1063 1589 Novi
1095 1533 1424 1592 Tcstamenti
1452 1538 1568 1592 loca
1599 1538 1886 1608 allegorice

303 1623 614 1690 explanata.

378 1713 610 1777 Verum,
645 1716 787 1781 quod
831 1716 1002 1786 magis
1031 1719 1325 1772 notandum
1372 1727 1478 1783 est,
1510 1719 1687 1774 multa:
1717 1719 1768 1772 in
1802 1720 1884 1774 his

309 1803 377 1856 De
413 1803 687 1858 Trinitate
718 1807 869 1861 libris
894 1820 1188 1864 occurrunt
1216 1821 1455 1864 textuum
1480 1811 1771 1880 Scriptura:
1797 1811 1882 1863 in-

305 1899 749 1962 terpretationes,
787 1915 922 1968 quas
954 1900 996 1952 si
1030 1917 1151 1954 rum
1184 1903 1249 1956 iis
1281 1919 1656 1974 comparemus
1683 1922 1802 1974 qua:
1831 1907 1882 1962 in

300 1981 526 2050 Didymo
565 1985 836 2054 leguntur,
871 1989 1086 2042 easdem
1118 2005 1239 2045 esse
1277 1972 1601 2060 inv'euimus,
1631 1972 1884 2065 utpluri-

300 2073 397 2126 mis
428 2076 481 2126 in
515 2077 668 2128 notis
692 2079 896 2130 monui.
939 2077 1074 2131 Nam
1126 2078 1165 2143 l,
1224 2080 1389 2136 Joelis
1439 2085 1620 2150 verba,
1654 2087 1883 2157 exempli

297 2165 488 2229 gratia,
521 2163 814 2234 Effundam
845 2168 911 2220 de
941 2168 1145 2237 Spiritu
1181 2189 1292 2228 meo
1326 2191 1480 2242 super
1519 2192 1720 2230 omnem
1761 2195 1882 2231 car-

298 2257 473 2321 nem',
505 2260 700 2310 eodem
729 2260 884 2313 modo
923 2261 1155 2330 esplicat
1180 2263 1443 2332 Didymus
1469 2266 1562 2319 lib.
1599 2267 1674 2320 De
1698 2268 1791 2337 Sp.
1821 2268 1878 2323 S.

298 2362 448 2400 ιιιιιιι.
485 2349 582 2410 il,
615 2365 679 2403 ac
721 2351 999 2421 theologus
1037 2362 1220 2407 noster
1265 2369 1386 2425 pag.
1433 2356 1550 2410 H7.
1584 2357 1645 2412 Il.
1690 2359 1880 2415 Psaltis

297 2441 490 2502 verba,
530 2438 806 2505 Signatum
832 2456 904 2495 est
937 2459 1090 2513 super
1115 2462 1207 2499 nos
1237 2447 1410 2502 lumen
1443 2452 1612 2505 vultus
1644 2455 1740 2515 tui,
1774 2454 1882 2505 Do-

295 2530 442 2581 mine
465 2529 512 2593 δ,
547 2542 734 2585 auctor
757 2545 938 2588 noster
961 2539 1026 2588 de
1059 2536 1262 2606 Spiritu
1296 2551 1481 2594 sancto
1506 2545 1724 2611 exponit
1752 2539 1872 2615 pag:

292 2620 426 2684 278*,
460 2622 760 2692 eademque
794 2629 1003 2681 ratione
1039 2628 1126 2682 illa
1166 2631 1377 2698 accepit
1413 2633 1668 2702 Didymus
1708 2635 1874 2702 pluri-

299 2711 402 2764 luts
440 2714 493 2764 in
533 2713 682 2779 locis,
712 2726 770 2770 ut
801 2718 910 2772 dixi
941 2721 1139 2773 ibidettt
1172 2732 1283 2775 not.
1315 2724 1367 2774 6.
1401 2721 1487 2776 III.
1517 2723 1611 2777 Ubi
1641 2725 1876 2791 Scripto-

297 2818 386 2858 rcs
424 2805 635 2860 Veteris
659 2809 990 2866 Testamenti
1025 2814 1296 2868 brachium
1331 2818 1456 2881 Dei,
1489 2829 1577 2871 aut
1609 2819 1876 2892 dexteram

299 2892 395 2946 Dei
442 2899 747 2964 nominaut,
789 2902 1049 2973 Didymus
1096 2904 1288 2959 Filium
1344 2907 1432 2960 Dei
1469 2911 1872 2977 interpretatur,

296 2997 354 3036 ut
379 2987 495 3042 dixi
532 3003 641 3044 not.
677 2992 709 3044 6
757 3009 876 3063 pag.
915 2997 1002 3056 l5;
1027 2997 1163 3050 idem
1191 3014 1318 3052 vero
1342 2999 1473 3054 facit
1503 3002 1664 3055 theol.
1695 3014 1875 3057 noster

297 3077 349 3129 in
385 3081 577 3133 eadem
615 3085 827 3150 pagina.
865 3083 953 3139 IV.
1002 3086 1200 3140 Christi
1232 3092 1429 3152 verba,
1475 3090 1591 3144 Non
1624 3093 1736 3145 veni
1780 3109 1874 3160 pa-

1983 640 2057 678 an
2099 623 2278 677 multis
2306 623 2548 676 arridere
2574 635 2755 692 queat.
2782 625 2919 688 Quin
2962 625 3126 678 etiam
3156 625 3378 679 levicula
3407 642 3561 681 com-

1987 717 2230 785 pluribus
2279 714 2600 768 videbuntur
2641 729 2760 783 qua:
2815 727 3109 769 occurrunt
3164 733 3282 786 pag.
3331 717 3459 778 545,
3491 717 3562 774 de

1988 809 2165 861 verbis
2221 804 2444 860 Joannis
2504 805 2755 874 'I‘licologi
2817 825 2828 860 :
2885 804 2951 858 Et
2996 806 3216 860 I’er'mm
3250 822 3360 862 erat
3418 811 3560 875 apud

1989 898 2154 952 Deum
2182 901 2243 954 “.
2294 897 2558 952 Nonnulla
2611 913 2737 951 vero
2781 899 2880 951 alia
2925 900 3162 966 eiusdem
3202 902 3414 967 generis
3455 917 3558 952 non

1989 990 2313 1050 indicamus,
2341 989 2482 1057 quod
2529 987 2640 1040 fieri
2686 988 2840 1041 facile
2878 992 3061 1054 possit,
3096 998 3152 1041 ut
3184 1005 3301 1057 qua:
3343 1005 3370 1041 a
3409 989 3560 1044 nobis

1988 1081 2146 1144 levia,
2179 1082 2365 1134 eadem
2415 1082 2482 1133 ab
2513 1080 2782 1148 aliquibus
2815 1081 2997 1144 gravia
3053 1081 3371 1134 habeantur.
3424 1082 3556 1134 Illud

1991 1189 2115 1226 vero
2132 1171 2342 1225 dillitcri
2379 1188 2535 1226 nemo
2563 1183 2756 1239 potest,
2782 1175 2914 1225 duos
2931 1174 3117 1225 saltem
3137 1189 3201 1225 ex
3237 1173 3558 1241 apocryphis

1999 1265 2209 1318 Veteris
2248 1262 2575 1316 To-staiuenii
2624 1265 2775 1318 libris
2820 1267 2884 1316 ab
2915 1265 3030 1334 ipso
3062 1266 3242 1324 ettari.
3279 1265 3467 1317 librum
3493 1264 3559 1317 III

1987 1355 2188 1417 Esdra',
2219 1371 2268 1423 p.
2292 1355 2415 1414 294,
2443 1357 2810 1410 etoratiOnem
2830 1355 3108 1413 Manasds.
3141 1373 3191 1422 p.
3221 1357 3324 1411 599
3353 1366 3405 1410 et
3433 1355 3556 1408 434.

2059 1451 2127 1503 At
2154 1449 2349 1501 similia
2387 1449 2540 1513 plane
2566 1449 2617 1500 in
2663 1449 2884 1518 Didymo
2912 1449 3074 1500 etiam
3103 1451 3297 1514 reperi.
3331 1449 3384 1499 ln
3423 1448 3558 1499 libro

1987 1543 2200 1610 quidem
2238 1539 2311 1592 De
2339 1538 2539 1604 Spiritu
2567 1549 2746 1592 sancto
2774 1540 3107 1608 gravissimis
3141 1539 3550 1593 Maecdoniauos

1992 1631 2270 1701 redarguit
2337 1631 2656 1693 rationibus,
2717 1640 2878 1699 atque
2939 1632 3011 1683 ita
3084 1631 3373 1698 Scripturze
3437 1632 3548 1683 loca

1985 1724 2184 1790 ubique
2212 1722 2322 1776 fere
2360 1723 2578 1789 exponit
2615 1730 2671 1773 ut
2719 1721 3022 1788 theologum
3065 1722 3235 1774 decet.
3280 1718 3554 1790 [XXVIII]

1989 1815 2094 1868 Sed
2123 1813 2428 1882 explicatio,
2467 1827 2624 1880 quam
2658 1827 2807 1864 num.
2840 1811 2908 1864 50
2935 1811 3154 1864 adhibet
3182 1811 3358 1862 verbis
3386 1811 3552 1873 Isaia‘,

1916 1874 1958 1929 Β
1982 1874 2315 1975 ϐοηῃνεξιαηε
2345 1874 2555 1956 delete-ra
2591 1901 2822 1970 Moysem
2856 1901 2920 1963 ¹³,
2951 1902 3000 1952 in
3035 1901 3230 1968 quibus
3266 1898 3425 1951 Mosis
3461 1914 3555 1951 no-

1986 1997 2132 2051 mine
2185 1995 2407 2064 intelligi
2459 1995 2619 2049 etiam
2674 2008 2831 2062 posse
2885 1993 2959 2044 ait
3013 1991 3184 2060 legem
3239 1989 3552 2053 Mosaicam,

1933 2117 1949 2125 -
1985 2090 2128 2144 haud
2154 2089 2267 2142 scio
2295 2103 2360 2140 an
2397 2087 2642 2156 ejusdem
2678 2101 2795 2137 t-um
2832 2085 3042 2138 czeteris
3089 2083 3554 2151 interpretationi-

1985 2180 2085 2232 bus
2140 2178 2210 2232 sit
2239 2177 2537 2246 gravitatis.
2581 2179 2656 2230 Ac
2707 2175 2830 2229 illud
2869 2189 3082 2244 quoque
3136 2190 3238 2226 non
3294 2182 3428 2226 satis
3463 2173 3552 2225 lir-

1984 2287 2127 2324 mum
2174 2271 2440 2322 videbitur
2473 2269 2704 2336 cuipiam
2753 2269 2894 2336 quod
2945 2267 3020 2320 ait
3057 2267 3106 2319 in
3143 2264 3550 2318 cornmentariis

1981 2359 2046 2412 ad
2094 2375 2210 2426 cap.
2249 2359 2613 2420 vttActorum,
2651 2367 2794 2409 tonio
2829 2356 2892 2409 IV
2924 2357 3306 2408 Auecdotorum
3345 2353 3548 2412 Wollii,

1981 2466 2170 2519 nempe
2226 2450 2384 2503 verba
2442 2448 2773 2512 Salomonis,
2826 2464 2946 2517 qua!
3001 2456 3216 2500 exstant
3261 2447 3313 2498 in
3358 2443 3550 2498 Graeca

1983 2539 2389 2593 Proverbioruin
2439 2539 2787 2592 translatione
2839 2553 2957 2606 cap.
2992 2553 3044 2602 v,
3105 2533 3186 2588 Ne
3233 2537 3427 2587 ntultus
3477 2536 3548 2587 sis

1980 2645 2096 2681 cun:
2148 2629 2354 2691 aliena,
2413 2629 2479 2680 de
2531 2644 2696 2680 uxore
2736 2631 2931 2681 marito
2975 2627 3159 2693 juncta
3198 2626 3387 2693 accipi
3439 2641 3544 2680 non

1981 2734 2158 2786 posse,
2187 2720 2278 2772 sed
2312 2719 2376 2770 de
2407 2719 2747 2770 etlmicorum
2779 2719 3037 2786 sapientia
3069 2720 3380 2786 accipienda
3407 2735 3547 2772 esse.

1977 2809 2228 2864 Levii-illa
2272 2821 2422 2862 certe
2462 2821 2544 2862 est
2591 2809 2880 2876 explicatio
2915 2809 2998 2860 illa
3060 2810 3368 2868 verborum,
3421 2809 3550 2872 Quis

1975 2901 2199 2955 ostendit
2225 2902 2367 2952 nobis
2395 2899 2525 2952 bona
2557 2898 2808 2966 ”‘?_quam
2852 2899 2951 2951 etsi
2985 2913 3048 2952 ex
3082 2897 3303 2950 aliorqu
3338 2909 3552 2948 sentcn-

1975 2993 2046 3046 tia
2099 2991 2324 3055 all‘erat,
2357 3007 2460 3045 non
2505 2991 2707 3056 respuit
2752 3002 2931 3044 tamen
2971 2990 3022 3042 in
3071 2990 3371 3057 fragmento
3409 2989 3548 3056 quod

1974 3085 2114 3139 edidi
2149 3100 2269 3154 pag.
2315 3083 2439 3148 278,
2490 3093 2603 3137 not.
2637 3083 2670 3136 6
2742 3081 3118 3136 Leviusculum
3152 3082 3332 3133 itidem
3377 3079 3546 3133 videri

291 3185 405 3221 rem
472 3173 700 3235 mittere,
735 3176 822 3226 sed
881 3176 1196 3244 gladium’,
1250 3183 1328 3234 sic
1385 3183 1632 3254 intelligit
1687 3197 1872 3240 auctor
1899 3218 1943 3278 Ε
1979 3184 2154 3243 potest
2187 3177 2327 3244 quod
2364 3175 2500 3243 apud
2535 3173 2772 3227 Nicetam
2809 3172 3220 3225 Heracleensem
3256 3171 3306 3222 in
3351 3179 3543 3224 catena

291 3272 490 3313 noster
533 3277 652 3328 pag.
691 3262 812 3326 M7,
844 3274 901 3315 ut
943 3280 1135 3319 nomen
1164 3270 1323 3336 gladii
1354 3273 1615 3338 signiticet
1661 3276 1868 3342 sapien-

291 3349 450 3411 tiam,
489 3364 594 3415 qua
627 3349 858 3414 Spiritus
903 3363 1115 3411 sanctus
1160 3355 1414 3408 obdurato
1458 3361 1616 3411 corda
1661 3363 1867 3417 incidit.

297 3437 472 3489 Simili
504 3441 665 3492 modo
691 3440 945 3512 Didymus
973 3446 1024 3497 in
1051 3443 1499 3501 Eum-rationibus
1524 3453 1588 3502 ad
1633 3462 1787 3521 caput
1819 3467 1872 3507 tv

303 3525 546 3594 Epistolte
569 3527 757 3584 Jacobi
794 3550 808 3584 :
848 3532 1069 3588 Veniens
1127 3537 1284 3590 Jesus
1319 3539 1589 3610 (inquit).
1622 3579 1638 3596 .
1666 3581 1681 3596 .
1713 3582 1727 3595 .
1756 3544 1872 3612 gla-

303 3621 440 3670 dium
482 3621 620 3674 misit
653 3623 709 3674 in
753 3634 966 3680 terram.
1011 3625 1192 3682 Sermo
1243 3647 1486 3700 namque,
1538 3644 1584 3685 et
1627 3635 1870 3689 doctrina

305 3706 436 3759 iilius
463 3711 671 3774 dividit,
705 3725 751 3764 et
781 3715 1016 3784 abiungit
1052 3735 1082 3769 a
1118 3723 1360 3784 terrenis,
1395 3736 1549 3792 atque
1577 3725 1870 3778 materiali-

307 3794 396 3850 bus
424 3803 591 3855 rebus.
633 3802 693 3856 V.
731 3803 906 3858 Verba
950 3808 1120 3873 l’auli,
1168 3811 1334 3878 Elegit
1379 3830 1471 3866 nos
1511 3816 1562 3867 in
1595 3816 1704 3883 ipso
1750 3828 1871 3870 ante

306 3894 720 3946 constitutionem
759 3897 942 3948 mundi
968 3897 1036 3962 ¹⁰,
1064 3899 1128 3951 de
1155 3899 1247 3952 Dei
1281 3904 1618 3970 praescientia
1652 3906 1871 3974 exponit

310 3979 581 4050 theologus
620 3996 804 4037 noster
862 4001 982 4055 pag.
1018 3988 1115 4040 5-H
1143 4006 1157 4054 ;
1190 3994 1483 4061 eademque
1530 3996 1736 4049 ratione
1781 3996 1867 4048 illa

313 4066 552 4140 intelligit
586 4074 845 4145 Didymus
880 4077 930 4130 in
967 4077 1424 4146 Enarrationibus,
1461 4093 1520 4137 ut
1551 4085 1746 4138 ibidem
1781 4087 1867 4139 in-

320 4157 511 4213 dicavi.
553 4162 789 4229 Demum,
825 4183 892 4220 ne
926 4169 1136 4237 singula
1178 4172 1398 4224 aﬂ'eram
1423 4215 1436 4238 ,
1480 4175 1702 4243 legenda
1744 4186 1870 4230 sunt

313 4260 428 4310 qua:
441 4252 625 4319 scripsi
645 4270 756 4324 pag.
771 4257 860 4322 50,
881 4267 989 4310 not.
1010 4259 1066 4320 2,
1087 4274 1210 4327 pag.
1233 4259 1324 4325 ‘28,
1357 4271 1466 4316 not.
1491 4263 1544 4323 5,
1583 4279 1699 4333 pag.
1744 4265 1865 4331 I27,

315 4356 366 4391 ιι.
385 4340 560 4413 5,pag.
593 4345 708 4410 I77,
740 4360 852 4403 not.
879 4350 932 4413 2,
950 4366 1071 4420 pag.
1091 4351 1214 4416 185,
1243 4362 1353 4405 ιιοι.
1380 4352 1433 4418 6,
1461 4367 1511 4422 p.
1538 4354 1861 4424 252,ιιοι.5,

309 4445 420 4501 pag.
451 4434 573 4500 277,
608 4449 722 4492 ιιοι.
764 4439 818 4504 6,
856 4456 976 4510 pag.
1013 4441 1138 4505 252,
1175 4454 1288 4497 ιιοι.
1319 4443 1370 4509 7,
1405 4455 1459 4497 et
1486 4446 1607 4499 alibi
1639 4449 1860 4515 passim.

1979 3285 2079 3322 ms.
2120 3271 2170 3322 in
2196 3268 2386 3321 Jobum
2434 3268 2533 3337 legi
2570 3271 2635 3321 ad
2681 3275 2840 3335 caput
2883 3281 2921 3325 ι.
2967 3279 3108 3319 vers.
3143 3263 3198 3318 2.
3239 3264 3370 3317 Cum
3403 3262 3546 3316 enim

1973 3358 2109 3414 Jobo
2148 3370 2337 3426 septem
2379 3360 2538 3427 ﬁlios,
2588 3375 2650 3410 ac
2701 3368 2802 3410 tres
2843 3357 2984 3424 [ilius
3027 3357 3193 3410 fuisse
3242 3367 3425 3408 narret
3475 3354 3545 3407 ibi

1974 3465 2129 3504 sacer
2151 3452 2404 3518 scriptor,
2435 3451 2688 3520 Didymus
2713 3449 2852 3504 binis
2872 3451 3019 3503 hisce
3046 3451 3287 3502 numeris
3319 3447 3546 3517 mystice

1975 3539 2208 3605 acceptis
2242 3549 2432 3605 septem
2464 3539 2699 3607 Spiritus
2727 3540 2899 3592 sancti
2936 3541 3073 3592 dona
3099 3578 3114 3602 ,
3152 3553 3213 3590 ac
3243 3538 3543 3588 divinarum

1973 3642 2322 3696 personarum
2363 3630 2650 3681 trinitatem
2693 3629 2959 3697 designari
3013 3631 3109 3690 ait,
3153 3629 3241 3680 ἵνα
3281 3625 3544 3696 μάθωμεν

1971 3721 2070 3792 τὴν
2105 3721 2163 3771 ὲν
2212 3718 2404 3790 Τριάδι
2433 3719 2614 3772 πίστιν
2645 3720 2743 3786 τῆς
2773 3719 3002 3790 ἑϐδόμης
3033 3721 3252 3788 χάριτος
3283 3714 3421 3771 εἶναι
3450 3716 3544 3787 δη-

1976 3807 2256 3880 μιουργόν,
2285 3809 2334 3860 id
2375 3815 2476 3870 est,
2519 3818 2570 3859 ut
2604 3808 2886 3867 discamus,
2915 3809 3072 3874 ﬁdem
3120 3825 3222 3874 qua
3262 3808 3316 3860 in
3361 3806 3540 3860 Trini-

1971 3908 2126 3951 tatem
2149 3899 2426 3960 credimus,
2459 3894 2801 3962 septemplicis
2826 3899 3015 3962 gratia:
3065 3899 3364 3949 creatricem
3409 3913 3537 3953 esse.

1971 3989 2349 4044 Leviusculum
2383 3989 2637 4056 denique,
2673 3996 2731 4040 ut
2761 3988 2865 4041 alia
2899 3989 3148 4042 nonnulla
3192 4001 3533 4056 prieteream,

1970 4079 2024 4134 id
2055 4081 2238 4146 etiam,
2269 4080 2320 4134 ni
2357 4079 2532 4144 fallor,
2559 4093 2662 4144 eSt,
2688 4078 2828 4147 quod
2864 4093 2928 4133 ex
2962 4077 3392 4134 Enarrationibus
3416 4096 3539 4135 mox

1971 4171 2279 4227 all'eremus.

2039 4267 2189 4332 Quod
2242 4280 2368 4319 vero
2431 4265 2739 4339 apocrypha
2791 4263 2997 4320 Veteris
3036 4267 3126 4317 a‘ut
3173 4261 3303 4317 Novi
3352 4263 3538 4317 Testa-

1968 4358 2130 4412 menti
2155 4359 2404 4424 opuscula
2425 4374 2452 4411 a
2485 4361 2704 4430 Didymo
2734 4359 2896 4412 etiam
2936 4367 3093 4411 citata
3126 4354 3391 4410 interdum
3423 4356 3539 4409 lue-

1968 4449 2095 4510 rint,
2129 4449 2300 4502 tribus
2340 4453 2566 4503 Osteudo
2621 4452 2902 4517 exemplis.
2964 4448 3094 4502 Nam
3127 4446 3168 4511 I,
3212 4449 3348 4516 apud
3381 4445 3537 4499 Nice-

304 4525 423 4580 CAP.
465 4526 606 4584 XIX.
648 4529 1045 4609 Frigidiuscula
1074 4538 1316 4603 quwdam
1379 4549 1468 4590 aut
1498 4549 1638 4592 certe
1665 4539 1862 4596 leviora
1895 4555 1938 4609 ι)
1972 4544 2076 4587 Iam
2117 4537 2167 4588 in
2201 4533 2401 4590 Catena
2441 4534 2740 4591 Graecorum
2787 4536 3007 4590 Patrum
3039 4540 3090 4590 in
3119 4536 3184 4590 B.
3223 4535 3345 4601 Job,
3390 4534 3537 4587 Lon-

769 4603 919 4654 tiabat
948 4615 1156 4671 uterque
1181 4615 1382 4660 auctor.

363 4683 470 4742 Etsi
521 4699 711 4745 auctor
744 4703 929 4746 noster
977 4695 1170 4750 validis
1221 4699 1556 4767 plerumque,
1600 4702 1708 4755 imo
1755 4702 1868 4757 fere

232 4811 239 4819 -
294 4792 506 4848 semper
541 4784 881 4853 argumentis
938 4786 1218 4841 haereticos
1273 4788 1514 4846 refellere
1563 4791 1765 4859 soleat,
1802 4809 1868 4848 ac

295 4885 354 4921 ea
389 4874 650 4938 scribere,
681 4889 800 4942 quae
833 4890 1048 4942 gravem
1085 4876 1384 4945 theologum
1414 4879 1629 4945 decent,
1661 4882 1866 4936 nihilo-

296 4961 469 5016 minus
499 4979 668 5031 pauca
695 4967 939 5033 quaedam
967 4966 1019 5018 in
1048 4982 1114 5019 eo
1143 4967 1395 5036 leguntur
1422 4984 1562 5038 quin,
1599 4987 1718 5025 meo
1745 4973 1866 5041 qui.

293 5053 411 5102 dem
429 5057 648 5120 judicio,
678 5059 1041 5126 frigidiuscula
1069 5070 1219 5124 sunt,
1247 5070 1339 5112 aut
1361 5073 1510 5114 certe
1544 5061 1860 5118 Ieviuscula.

295 5144 609 5210 llnjnsmodi
643 5165 762 5204 esse
809 5153 1001 5219 opinor
1041 5153 1181 5221 quod
1234 5168 1356 5220 pag.
1406 5153 1513 5207 264
1563 5155 1756 5210 scribit
1797 5157 1866 5212 de

291 5236 512 5288 nomine
545 5241 866 5310 περιστερά,
913 5258 1242 5310 muneraque
1287 5258 1458 5310 DCCCI,
1491 5259 1648 5312 quem
1697 5262 1762 5299 ex
1798 5261 1865 5301 eo

292 5328 532 5388 nomine,
565 5330 688 5381 item
725 5344 781 5382 ut
812 5349 876 5385 ex
907 5333 1077 5386 literis
1117 5349 1172 5398 α,
1207 5345 1261 5387 et
1287 5352 1333 5387 ω
1359 5351 1579 5404 magno,
1615 5336 1736 5392 elici
1765 5338 1863 5391 ob-

287 5430 491 5470 aervat.
526 5418 738 5487 Frigida
763 5423 921 5474 etiam
954 5423 1201 5478 videntur
1221 5409 1347 5494 .qua:
1371 5441 1492 5494 pag.
1537 5425 1605 5480 18
1639 5437 1863 5483 exstant

287 5509 349 5563 de
401 5509 606 5563 Latinis
649 5514 939 5577 vocabulis,
989 5513 1119 5567 Plus
1167 5532 1325 5586 quam
1366 5521 1645 5586 perfectus.
1684 5517 1857 5575 Inter-

284 5603 521 5667 pretatio
565 5613 746 5655 autem
787 5604 1068 5660 verborum
1111 5603 1333 5662 Joannis
1373 5606 1647 5676 Baptism,
1685 5608 1763 5664 Tu
1803 5628 1857 5668 es

346 5713 379 5748 '
403 5713 532 5790 ΙυῑιΙΔ
555 5732 612 5784 ιι,
639 5715 743 5790 __28_.
817 5715 1013 5790 fPsal.
1059 5734 1130 5786 Iv,
1173 5721 1225 5773 7.
1325 5721 1346 5752 '
1371 5719 1558 5777 Matth.
1597 5737 1651 5790 ι,
1686 5725 1773 5780 54.

281 5798 442 5852 ιιιιι,
476 5785 557 5840 12.
636 5787 681 5818 ίδ
708 5787 847 5842 I’sal.
883 5801 958 5857 tv,
983 5790 1034 5842 6.

1854 5727 1895 5760 ¹⁰
1931 5725 2126 5801 pres.
2180 5751 2218 5800 l,
2269 5735 2322 5790 4.

1964 4627 2077 4681 dini
2115 4644 2256 4681 anno
2299 4629 2432 4682 1657
2461 4632 2623 4693 edita,
2660 4631 2850 4684 librum
2921 4630 3160 4684 Pastoris
3191 4630 3382 4697 allegat
3412 4644 3532 4697 pag.

1965 4715 2071 4769 202
2103 4735 2118 4772 :
2158 4719 2247 4788 qui
2283 4729 2460 4774 tamen
2491 4722 2558 4772 ab
2593 4721 2886 4774 Athanasio
2915 4737 3126 4790 quoque
3169 4730 3297 4772 tom.
3339 4718 3378 4784 l,
3409 4735 3528 4789 pag.

1966 4805 2092 4871 895,
2124 4820 2178 4862 et
2203 4809 2328 4862 alibi
2367 4810 2629 4880 allegatus
2673 4812 2864 4866 fuerat.
2896 4809 2960 4864 Il.
3009 4811 3061 4862 In
3097 4809 3532 4864 Enarrationibus

1964 4897 2030 4947 ad
2075 4911 2193 4965 cap.
2243 4913 2304 4953 ιιι
2336 4898 2583 4966 Epistula:
2617 4899 2886 4955 Hominis
2925 4899 3288 4968 apocryphum
3332 4901 3526 4954 librum

1964 4987 2117 5051 citat,
2154 4992 2243 5058 qui
2280 4989 2686 5060 λεπτογένεσις,
2735 5004 2827 5046 aut
2881 4990 3280 5062 μικρογένεσις,
3325 4992 3372 5044 id
3424 5001 3529 5053 est,

1961 5093 2121 5147 parva
2151 5079 2385 5146 Genesis,
2431 5077 2878 5153 nuncupabatur:
2911 5084 3024 5135 haec
3051 5083 3193 5135 enim
3239 5082 3307 5134 ibi
3343 5080 3530 5148 legun-

1961 5178 2049 5223 tur
2079 5187 2094 5225 :
2129 5170 2269 5224 Nam
2303 5184 2350 5225 et
2383 5174 2437 5226 in
2488 5174 2619 5228 libro
2657 5177 2746 5242 qui
2791 5172 3176 5244 Leptogenesis
3205 5171 3524 5240 appellatur,

1960 5261 2035 5314 ita
2078 5262 2290 5331 legitur,
2315 5266 2440 5332 quia
2476 5264 2610 5320 Cain
2642 5267 2833 5331 lapide,
2885 5277 2978 5319 aut
3024 5266 3165 5334 ligno
3215 5266 3528 5330 percusserit

1960 5349 2088 5402 Abel
2114 5363 2134 5402 :
2158 5355 2294 5406 unde
2326 5355 2677 5420 deputandum
2703 5372 2804 5408 non
2830 5365 2928 5418 est,
2957 5355 3288 5423 percussione
3311 5359 3413 5406 dici
3433 5371 3522 5407 so-

1958 5435 2222 5494 lummodo
2250 5443 2369 5509 ﬁeri
2404 5446 2617 5507 uulnus,
2646 5447 2735 5497 sed
2778 5446 3014 5497 absolute
3046 5461 3246 5498 omnem
3287 5444 3524 5514 plagam,

1955 5543 2072 5597 quae
2094 5531 2458 5587 lacerationem
2488 5534 2614 5602 facit
2645 5535 2698 5588 in
2725 5549 2960 5603 corpore.
2988 5532 3074 5588 ιιι.
3107 5534 3160 5588 In
3185 5548 3524 5589 commenta-

1959 5618 2056 5673 riis
2091 5622 2157 5674 ad
2211 5633 2372 5692 caput
2397 5639 2492 5679 vin
2544 5625 2822 5690 Actorum,
2861 5635 2992 5679 tom.
3032 5623 3099 5679 IV
3144 5625 3528 5680 Anecdotorum

2401 5739 2439 5770 ¹¹
2471 5737 2659 5794 Matth.
2684 5754 2758 5806 ιιι,
2780 5739 2834 5795 5.
2881 5735 3100 5811 ⁸⁸)οαιι.
3155 5757 3196 5806 ι,
3220 5741 3267 5800 1.
3351 5739 3394 5771 ⁸³
3422 5736 3527 5798 13a.
