4048 6424
556 388 659 441 167
1982 390 2070 446 DE
2112 391 2372 448 DlDYMO
3709 387 3808 445 I68

562 495 737 556 Wollii
769 517 887 570 pag.
921 504 990 558 ’55
1034 523 1046 560 :
1088 505 1231 570 Quin
1263 521 1403 568 rero,
1439 506 1630 575 inquit,
1668 511 1718 561 in
1751 511 2018 563 canonicis
2057 511 2137 564 Ii-.
2156 516 2199 571 Α
2233 527 2294 563 ac
2327 512 2578 564 rhetorica
2608 510 2856 579 facundia
2888 506 3069 577 procul
3098 505 3302 560 abesse.
3331 504 3557 559 Demum
3607 501 3732 557 illud
3755 510 3809 559 et

552 592 656 643 bris
696 609 795 646 non
826 596 1159 661 exprimitur.
1193 613 1294 663 quo
1343 600 1624 661 pervenerit
1670 600 2030 671 (Enochns),
2073 603 2129 656 in

550 686 859 751 apocrynhis
902 687 955 737 in
984 688 1291 752 paradisum
1317 689 1554 741 sublatus
1585 702 1925 746 memoratur.

550 772 678 826 CAP.
711 774 828 827 XX.
864 774 1101 852 Plurima
1139 779 1408 852 theologus
1442 780 1763 852 nosterloca
1793 781 1943 852 habet
1976 791 2130 852 atque

621 857 925 920 argumenta
975 848 1395 920 imper-similia,
1449 864 1564 918 qua:
1611 850 1665 902 in
1703 851 1857 904 editis
1916 848 2129 920 Didymi

620 915 859 979 operibus
887 918 1237 979 reperiuntur.

620 1046 792 1111 Quam
821 1047 1049 1115 plurima
1084 1050 1135 1103 in
1175 1049 1423 1117 theologo
1452 1062 1638 1105 nostro
1661 1051 1777 1104 loca
1810 1067 1929 1107 essn
1960 1064 2124 1123 alque

550 1150 867 1207 argumenta
914 1141 978 1194 iis
1011 1142 1163 1195 valde
1195 1142 1396 1208 alliuia,
1423 1160 1541 1213 qum
1574 1145 1623 1196 in
1659 1146 1864 1216 Didymi
1899 1163 2126 1215 opuscu-

548 1230 638 1292 lis,
676 1232 1015 1301 maximeque
1066 1235 1117 1287 in
1164 1234 1299 1287 libro
1336 1228 1422 1288 ‘De
1474 1234 1673 1303 Spiritu
1719 1248 1900 1291 sancto
1931 1255 2122 1293 occur-

550 1334 695 1388 runt,
728 1335 881 1379 extra
934 1340 1147 1379 omnem
1200 1330 1628 1382 controversiam
1664 1332 1893 1397 positum
1930 1340 2032 1386 est.
2068 1331 2123 1386 ld

548 1415 690 1467 enim
738 1416 938 1482 passim
972 1418 1183 1471 ostendi
1237 1418 1289 1471 in
1344 1420 1505 1474 notis.
1551 1420 1625 1473 be
1676 1435 1806 1475 vero
1845 1436 1964 1490 qua:
2011 1423 2121 1492 jam

549 1506 768 1571 scripsi,
807 1524 993 1563 rursus
1037 1510 1214 1564 dicere
1249 1526 1432 1580 cogar,
1461 1512 1715 1567 lectorem
1746 1530 1898 1585 rogo,
1936 1524 1992 1569 ut
2025 1517 2122 1571 has

547 1609 851 1663 percurrat,
896 1616 961 1655 ac
997 1618 1090 1656 eas
1119 1605 1418 1671 praesertim
1464 1621 1585 1673 qua:
1614 1615 1824 1659 exstant
1863 1622 1891 1658 a
1926 1608 2121 1675 pagina

548 1684 651 1738 160
680 1687 742 1737 ad
786 1687 903 1742 l70.
934 1688 1050 1744 Iam
1079 1705 1207 1745 vero
1237 1700 1437 1746 tantam
1466 1710 1681 1763 quoque
1712 1696 2118 1751 similitudinem

547 1774 802 1828 iudicium
827 1792 949 1832 esse
968 1781 1162 1847 opinor
1184 1795 1292 1834 non
1314 1785 1787 1845 contemnendum,
1813 1800 1919 1853 quo
1951 1785 2116 1838 nostri

2234 600 2347 667 ipse
2374 602 2505 669 petit
2542 600 2739 654 ibidem
2783 615 2929 655 num.
2964 598 3054 665 65,
3085 608 3142 651 ut
3181 598 3268 666 qui
3310 599 3422 663 ejus
3452 593 3692 649 volumen
3730 596 3810 649 le-

2230 705 2350 756 gere
2402 690 2658 753 voluerit,
2709 691 2919 743 mundet
2975 705 3028 743 se
3072 689 3135 740 ab
3179 688 3322 741 omni
3362 703 3514 754 opere
3552 686 3713 751 malo,
3760 694 3810 740 et

2233 780 2642 848 cogitationibus
2691 780 2949 848 pessimis.
2998 779 3251 833 Potestne
3293 777 3464 844 major
3504 779 3604 832 hac
3645 779 3810 833 etiam

2233 868 2286 922 in
2324 885 2382 923 re
2421 871 2561 923 inter
2592 881 2877 939 utrumque
2906 870 3244 923 intercedere
3277 868 3594 923 similitudo.

2336 961 2467 1015 CAP.
2501 961 2665 1015 XXII.
2703 959 2982 1030 Utriusque
3014 959 3181 1030 stylus
3212 960 3346 1013 idem
3376 961 3584 1012 omnino
3618 970 3716 1014 est.

2301 1051 2457 1106 Aliud
2505 1066 2645 1104 nunc
2673 1060 3049 1120 argumentum
3093 1065 3159 1104 ex
3192 1050 3432 1104 auctoris
3481 1050 3670 1109 nostri.
3712 1050 3805 1103 Di-

2231 1141 2484 1211 dymique
2532 1142 2671 1210 stylo
2703 1143 2988 1196 deductum
3023 1141 3381 1209 adjiciendum
3418 1149 3527 1195 est.
3563 1142 3668 1195 Sed
3707 1159 3806 1196 an-

2231 1240 2449 1301 teqnam
2479 1234 2529 1287 id
2564 1233 2776 1298 faciam,
2815 1248 3055 1301 quaerere
3085 1247 3305 1287 necesse
3349 1241 3454 1300 est,
3490 1243 3675 1287 utrum
3716 1234 3809 1287 Di-

2229 1323 2421 1392 dymus
2472 1323 2730 1392 eloquens
2766 1338 2831 1377 ac
2869 1323 3102 1378 disertus
3146 1321 3250 1377 dici
3286 1332 3467 1393 queat.
3507 1324 3622 1391 Qua
3659 1324 3712 1377 in
3747 1339 3808 1379 re

2227 1415 2402 1468 dicam
2454 1415 2684 1484 ingenue
2724 1414 2866 1484 quod
2899 1415 3095 1469 sentio.
3128 1415 3389 1485 Equidem
3421 1415 3569 1469 illum
3605 1417 3808 1471 doctis-

2226 1504 2422 1559 simum
2450 1503 2636 1571 fuisse,
2665 1517 2827 1575 atque
2858 1506 2910 1559 in
2949 1505 3244 1573 Scriptura:
3276 1509 3575 1576 praesertim
3599 1508 3804 1574 studio,

2223 1606 2277 1649 et
2314 1596 2757 1665 interpretatione
2792 1605 2900 1651 tam
2931 1606 3202 1652 versatum
3232 1613 3391 1666 quam
3426 1599 3519 1668 qui
3545 1600 3803 1664 maxime,

2225 1686 2453 1742 libenter
2502 1689 2774 1754 concedo;
2808 1689 2936 1758 quin
2985 1689 3187 1754 multis,
3222 1690 3397 1757 iisque
3430 1690 3682 1760 gravibus
3712 1707 3807 1743 ra-

2225 1779 2462 1835 tionibus
2521 1780 2802 1834 lnereticos
2837 1780 2904 1835 ab
2953 1794 3016 1849 eo
3078 1779 3268 1843 refelli,
3307 1778 3428 1848 jure
3477 1796 3637 1835 nemo
3676 1782 3805 1834 inli-

543 1867 723 1931 operis
756 1878 946 1923 auctor
975 1846 1277 1934 delegatur,
1318 1887 1381 1927 ac
1409 1890 1547 1929 unus
1583 1846 1844 1946 idemque
1873 1895 1994 1933 cum
2034 1881 2122 1934 Di—
2152 1846 2195 1901 Β
2230 1871 2361 1925 εἰει-ἰ
2398 1880 2592 1939 potest.
2615 1868 2719 1924 Sed
2743 1869 2788 1924 si
2822 1871 2888 1923 de
2912 1884 2975 1923 ea
3007 1867 3312 1939 eloquentia
3340 1886 3519 1925 sermo
3541 1872 3611 1926 sit
3637 1887 3802 1942 quam

545 1957 704 2026 dymo
743 1975 864 2014 esse
909 1962 1197 2017 indicetur.
1234 1966 1304 2018 At
1338 1968 1531 2035 potuit.
1576 1968 1808 2038 inquies,
1846 1972 2127 2042 theologus

541 2046 643 2103 iste
679 2051 958 2120 Didymum
986 2055 1206 2110 imitari.
1239 2056 1353 2111 Non
1388 2059 1637 2114 dilliteor.
1667 2061 1773 2115 Sed
1811 2064 1994 2131 primo
2020 2082 2123 2119 non

542 2138 672 2193 illud
698 2158 839 2197 nunc
866 2146 1145 2211 quaeritur,
1175 2148 1302 2216 quid
1334 2150 1448 2203 fieri
1487 2152 1709 2205 omnino
1740 2156 1998 2220 potuerit,
2030 2157 2123 2211 sed

541 2230 671 2297 quid
709 2234 1043 2300 probabilius
1094 2237 1184 2293 sit.
1237 2238 1437 2294 Deinde
1485 2240 1555 2294 ita
1592 2245 1836 2311 qua-dam
1891 2246 2122 2314 theologi

547 2324 719 2375 n05tri
754 2324 865 2377 loca
896 2328 1217 2394 quibusdam
1255 2330 1464 2400 Didymi
1505 2334 1636 2387 locis
1662 2335 1858 2388 similia
1888 2348 2034 2404 sunt,
2067 2346 2124 2393 ut

539 2426 683 2479 smpe
728 2418 926 2469 eredem
978 2418 1266 2487 utrobique
1313 2420 1575 2477 lectiones
1628 2425 2121 2494 deprehemlantnr,

540 2503 699 2557 iidem
747 2505 1043 2576 Scriptura:
1094 2519 1270 2565 textus
1323 2529 1444 2567 cum
1499 2515 1687 2570 iisdem
1718 2517 2117 2582 additamentis,

539 2591 700 2647 tidem
737 2596 1009 2655 memoria:
1039 2597 1240 2667 lapsus,
1280 2602 1418 2656 idem
1455 2603 1687 2672 denique
1716 2607 1906 2676 stylus,
1938 2623 2001 2661 ac
2029 2623 2118 2661 ra-

538 2682 828 2738 tiocinandi
868 2686 1054 2743 modus
1085 2707 1100 2743 :
1141 2706 1260 2759 quae
1303 2693 1482 2746 omnia
1516 2704 1575 2748 ut
1605 2696 1655 2748 in
1686 2696 1894 2752 duobus
1922 2708 2117 2754 aucto-

538 2776 690 2831 ribus
721 2787 829 2832 tam
860 2780 1055 2835 similia
1098 2784 1231 2849 sint,
1270 2786 1357 2840 vix
1390 2786 1503 2841 ﬁeri
1532 2803 1689 2857 posse
1717 2791 1948 2847 videtur.

534 2866 665 2923 Car.
729 2870 871 2925 XXI.
939 2872 1225 2953 Utriusque
1288 2881 1487 2953 scripta
1563 2892 1825 2936 auctorem
1888 2884 2118 2953 produnt

926 2944 1119 2997 eisdem
1139 2944 1145 2946 ⁷
1166 2948 1397 3001 moribus
1427 2952 1726 3017 praeditum.

613 3049 906 3105 Videndum
944 3069 1088 3108 nunc
1118 3059 1304 3121 etiam,
1331 3060 1525 3129 quibus
1555 3061 1796 3118 moribus
1829 3068 2112 3133 praeditum

534 3154 594 3194 se
621 3141 812 3208 prodat
846 3153 1075 3212 uterque
1105 3157 1329 3214 auctor;
1373 3149 1485 3202 ﬁeri
1532 3151 1675 3204 enim
1713 3164 1889 3220 potest
1924 3165 1980 3209 ιιι
2013 3157 2111 3210 ali-
2139 3181 2180 3236 α

533 3231 674 3300 quod
726 3241 781 3286 et
810 3232 896 3286 isti
928 3235 1082 3290 nobis
1122 3238 1376 3292 indicium
1413 3238 1841 3297 subministrent.
1879 3244 2008 3311 Qua:
2054 3246 2106 3300 in

535 3320 787 3389 theologo
837 3325 1053 3392 quidem
1109 3338 1295 3382 nostro
1347 3329 1547 3394 notavi,
1602 3329 1715 3383 bam.
1770 3333 2107 3401 potissimum

532 3422 656 3468 sunt
687 3433 702 3469 :
744 3414 785 3471 Ι.
810 3417 1061 3471 Summus
1105 3433 1204 3487 pro
1239 3419 1502 3474 catholica
1554 3421 1605 3474 in
1656 3421 1974 3479 Trinitatem
2007 3425 2109 3480 lide

531 3509 680 3562 zelus
722 3511 773 3561 in
822 3516 932 3563 toto
976 3524 1137 3577 opere
1171 3509 1379 3573 elucet,
1419 3511 1760 3581 maximeque
1804 3528 1924 3583 pag.
1977 3513 2104 3581 202,

530 3600 621 3655 ubi
650 3610 898 3668 paratum
944 3615 1003 3655 se
1028 3616 1151 3656 esse
1180 3601 1459 3669 proﬁtetur
1490 3619 1689 3657 omnem
1714 3602 1943 3658 laborem
1975 3617 2108 3659 stre-

529 3709 647 3754 nuc,
674 3710 734 3745 ac
762 3692 1075 3760 periculum,
1101 3694 1147 3745 si
1173 3709 1302 3761 opus
1333 3693 1512 3762 fuerit,
1539 3696 1716 3749 subire
1745 3713 1838 3761 pro
1862 3698 1958 3750 hac
1979 3698 2103 3765 ﬁde.

525 3783 589 3837 ll.
630 3785 702 3838 De
734 3800 793 3839 se
833 3785 950 3856 ipso
999 3785 1113 3839 haec
1149 3785 1259 3840 lere
1289 3787 1476 3841 scribit
1510 3803 1634 3856 pag.
1666 3788 1772 3842 235
1810 3806 1823 3841 :
1876 3790 2106 3843 Maxime

527 3874 673 3929 nobis
698 3886 804 3928 toto
830 3877 947 3928 vita:
976 3877 1220 3941 decursu,
1246 3888 1299 3931 ut
1318 3879 1464 3932 nobis
1487 3879 1695 3947 quidem
1722 3879 1943 3944 uidrtur,
1964 3898 2106 3935 curre

525 3964 650 4033 fuit,
687 3977 741 4018 ut
790 3967 943 4019 nihil.
1004 4008 1017 4021 .
1069 4008 1082 4022 .
1120 3971 1581 4037 pronuntiaremus
1627 3968 1846 4041 [XXIX]
1889 3989 1953 4026 ex.
1984 3974 2104 4027 odio

523 4056 578 4109 in
610 4073 939 4128 quemquam,
973 4066 1022 4112 et
1067 4060 1361 4112 convicium
1409 4060 1694 4127 quodlibet.
1751 4065 1957 4116 tametsi
2002 4081 2104 4119 non

522 4147 802 4215 injustam.
846 4149 1142 4203 oitavimus.
1186 4148 1530 4203 lll.Demisse
1560 4165 1623 4203 ac
1666 4155 1909 4207 modeste
1950 4155 2016 4208 de
2045 4170 2104 4209 se

524 4238 638 4309 ipse
670 4243 855 4307 sentit,
889 4258 953 4297 ac
987 4243 1240 4312 loquitur,
1277 4246 1401 4298 dum
1434 4261 1492 4300 se
1532 4248 1860 4311 indisertum,
1891 4265 1953 4304 ac
1982 4268 2103 4317 pec-

521 4344 748 4385 catorem
782 4343 940 4385 vocat
974 4349 1092 4402 pag.
1138 4334 1262 4399 '5l9,
1297 4346 1457 4404 atque
1490 4339 1763 4407 indignant
1803 4357 1924 4410 pag.
1974 4342 2098 4397 104.

521 4422 608 4476 IV.
648 4422 747 4487 Qui
776 4424 842 4476 de
864 4423 1148 4487 divinitate
1179 4425 1444 4482 disserere
1470 4429 1619 4493 velit,
1651 4431 1697 4483 ei
1741 4435 2098 4487 necessariam

2233 1960 2285 2013 in
2319 1960 2575 2023 Isocrate,
2604 1962 2655 2014 in
2677 1960 3057 2022 Demosthene,
3098 1960 3148 2013 in
3182 1959 3463 2024 Eschine,
3483 1971 3645 2031 atque
3669 1963 3803 2018 adeo

2235 2051 2290 2102 in
2325 2050 2540 2113 Basilio,
2570 2050 2622 2104 in
2653 2048 2857 2104 Joanne
2894 2048 3303 2120 Chrysostomo,
3324 2051 3376 2103 in
3408 2050 3667 2118 Gregorio
3701 2053 3802 2106 Na-

2226 2143 2483 2195 zianzeno
2530 2141 2874 2209 suspicimus,
2931 2142 2999 2196 ab
3045 2142 3146 2197 hac
3187 2142 3344 2211 longe
3397 2145 3566 2213 ipsum
3613 2149 3803 2201 abesse

2224 2233 2501 2287 existimo.
2534 2232 2791 2299 Quamvis
2813 2234 2954 2287 enim
2991 2232 3237 2288 Grazcum
3266 2236 3542 2303 exemplar
3576 2236 3697 2290 libri
3724 2238 3803 2292 De

2225 2325 2426 2395 Spiritu
2489 2335 2671 2379 sancto
2712 2336 2873 2395 atque
2932 2326 3341 2381 Enarrattonum
3376 2328 3665 2393 interierit,
3716 2338 3801 2382 ta-

2224 2433 2345 2471 men
2376 2433 2439 2472 ex
2488 2416 2679 2471 Latina
2716 2418 2907 2471 borum
2957 2433 3180 2486 operum
3243 2419 3713 2486 interpretatione,
3741 2428 3800 2475 et

2220 2518 2286 2561 ex
2319 2508 2523 2565 Grmcis
2556 2525 2675 2577 qum
2708 2518 2996 2580 supersunt
3022 2507 3137 2575 ejus
3161 2511 3453 2579 opusculis,
3481 2521 3643 2579 atque
3687 2512 3798 2565 fra-

2222 2601 2454 2669 gmentis
2485 2616 2594 2656 rem
2630 2601 2702 2655 ita
2732 2618 2851 2656 esse
2892 2602 3258 2671 intelligimus.
3291 2600 3436 2657 Talis
3462 2602 3672 2658 scilicet
3705 2603 3799 2657 Di-

2220 2690 2365 2758 dymi
2425 2692 2598 2745 oratio
2647 2693 2858 2747 videtur
2905 2692 3059 2758 mihi,
3091 2692 3263 2762 qualis
3311 2694 3548 2748 auctoris
3599 2697 3790 2749 nostri.

2223 2780 2358 2835 Nam
2408 2781 2756 2836 doctissimus
2797 2794 2850 2837 et
2885 2783 2984 2837 iste
3029 2791 3132 2847 est,
3189 2792 3237 2837 et
3295 2783 3347 2838 in
3390 2782 3788 2852 Scripturarum

2220 2854 2414 2940 campo
2462 2873 2659 2927 mirum
2708 2873 2763 2928 in
2819 2875 3032 2930 modum
3081 2875 3429 2940 exercitatus,
3466 2885 3688 2933 strenue
3736 2878 3790 2932 in

2216 2962 2561 3020 adversarios
2612 2965 2872 3027 decertat,
2903 2965 3346 3035 gravissimisque
3386 2975 3446 3021 ut
3498 2968 3790 3038 plurimum

2217 3058 2555 3126 argumentis
2586 3052 2681 3111 e'os
2712 3056 2976 3124 conlutat,
3022 3066 3183 3127 atque
3230 3058 3497 3128 proﬂigat.
3549 3060 3656 3115 Sed
3712 3062 3794 3114 fa-

2218 3149 2450 3217 cundus,
2477 3149 2736 3215 disertus,
2769 3149 3029 3219 eloquens
3056 3165 3177 3205 meo
3214 3150 3431 3220 quidem
3455 3149 3659 3220 judicio
3684 3153 3790 3209 dici

2214 3241 2419 3309 uequh.

2281 3330 2351 3384 At
2385 3342 2650 3388 emunctae
2698 3333 2847 3388 naris
2880 3333 2962 3387 vir
3012 3332 3390 3404 Hieronymus,
3444 3332 3685 3402 inquies,
3734 3334 3786 3388 in

2211 3417 2451 3487 Epistola
2508 3421 2691 3476 84'ad
2745 3421 3154 3476 Pammachium
3197 3430 3250 3477 et
3308 3422 3603 3488 Oceanum,
3646 3423 3789 3488 Quid

2210 3512 2553 3577 prudentior,
2617 3511 2725 3575 ait,
2795 3512 3036 3576 doctior,
3083 3513 3406 3583 eloquentior
3451 3511 3677 3567 Eusebio
3725 3530 3788 3567 ac

2212 3602 2490 3673 Didymo?
2520 3603 2775 3658 Socrates
2800 3618 2926 3658 vero
2957 3605 3046 3658 lib.
3085 3619 3159 3671 ιν,
3204 3620 3322 3674 cap.
3365 3605 3455 3669 25,
3502 3605 3788 3679 ἐλλόγιμον

2210 3694 2381 3761 ipsum
2420 3694 2701 3765 Didymum
2736 3705 2912 3759 vocat,
2948 3694 3193 3763 hoc.est,
3227 3706 3285 3752 ut
3319 3700 3478 3753 vertit
3516 3699 3785 3764 Valesius,

2207 3784 2625 3846 disertissimum.

2276 3872 2494 3930 Fateor.
2537 3875 2733 3928 Verum
2784 3873 3011 3930 Ruﬁnus
3056 3891 3272 3947 quoque
3319 3878 3372 3931 in
3415 3876 3558 3933 Hist.
3600 3879 3783 3934 εει-ιρι.

2208 3964 2321 4018 haec
2353 3964 2420 4018 de
2454 3965 2677 4036 Didymo
2710 3975 2935 4022 testatus
2961 3976 3063 4025 est.
3096 3968 3274 4022 Etiam
3305 3986 3441 4022 nunc
3492 3972 3548 4023 in
3591 3988 3784 4040 magna

2209 4053 2561 4107 admiratione
2607 4054 2865 4108 habentur
2917 4055 3150 4126 (Didymi
3203 4057 3406 4128 opera).
3452 4053 3564 4109 Nos
3608 4067 3783 4112 tamen

2203 4147 2292 4215 qui
2328 4157 2373 4199 et
2410 4148 2538 4201 vivas
2567 4148 2704 4202 vocis
2745 4147 2859 4217 ejus
2899 4164 2964 4202 ea:
3000 4162 3151 4216 parte
3200 4149 3375 4218 aliqua
3403 4149 3599 4219 [uiinus
3627 4151 3785 4203 audi-

2204 4248 2362 4303 tores,
2394 4250 2441 4293 et
2482 4256 2567 4303 ea,
2598 4256 2716 4310 quce
2759 4258 2791 4293 a
2832 4241 3100 4294 nonnullis
3145 4242 3348 4294 dicente
3385 4259 3444 4295 eo
3493 4243 3776 4309 descripta,

2201 4330 2421 4399 legimus
2466 4332 2618 4400 longe
2652 4331 2908 4399 majorem
2947 4332 3197 4399 gratiam,
3243 4343 3291 4385 et
3336 4332 3568 4385 divinum
3606 4334 3777 4387 nescio

2201 4421 2349 4489 quid,
2381 4437 2441 4473 ac
2469 4438 2629 4487 supra
2667 4422 2955 4474 humanam
2993 4438 3168 4475 vocem
3198 4439 3412 4486 sonans,
3443 4425 3496 4475 in
3526 4422 3631 4476 illis
3658 4440 3777 4477 ma-

521 4528 642 4567 esse
684 4512 838 4565 docet
868 4527 987 4579 pag.
1034 4514 1156 4580 105,
1207 4530 1309 4569 non
1359 4520 1520 4573 modo
1565 4521 1959 4587 eruditionem,
2002 4528 2094 4579 sed

2213 4510 2279 4578 71's
2330 4512 2678 4576 sermonibus,
2736 4512 2825 4581 qui
2876 4512 2941 4565 de
2998 4529 3086 4566 ore
3130 4514 3296 4580 ipsius
3354 4514 3776 4582 proferebantur,

520 4603 771 4671 pietatem
804 4618 1037 4669 quoque,
1074 4592 1210 4657 bona
1250 4620 1434 4675 opera,
1467 4623 1530 4662 ac
1564 4611 1988 4666 meditationem.

590 4694 871 4761 Didymum
910 4696 1067 4748 modo
1095 4711 1214 4748 cum
1246 4696 1550 4764 hujusmodi
1598 4710 1841 4764 auctore,
1874 4705 2085 4770 qualem

520 4781 927 4850 descripsimus,
957 4799 1354 4852 comparemus.
1386 4788 1674 4846 LMaximo
1703 4808 1798 4862 pro
1828 4797 2091 4852 catholica

522 4873 589 4925 de
624 4873 887 4930 Trinitate
912 4878 1156 4932 doctrina
1189 4880 1307 4933 zelo
1327 4895 1448 4935 eum
1483 4882 1872 4940 inﬂammatum
1907 4887 2091 4952 fuisse,

519 4979 744 5020 necesse
774 4981 876 5019 non
908 4978 991 5021 est
1018 4971 1302 5026 ostendere
1333 4988 1347 5024 :
1396 4974 1529 5029 adeo
1565 4975 1844 5030 manifesta
1893 4993 1978 5032 res
2014 4989 2094 5033 est

517 5070 639 5110 cum
688 5072 753 5111 ex
807 5059 1058 5114 omnibus
1093 5060 1210 5130 ejus
1241 5063 1519 5130 operibus,
1561 5075 1675 5118 tum
1734 5082 1799 5121 ex
1848 5078 2090 5123 veterum

521 5150 857 5204 testimoniis
896 5149 959 5207 ll.
988 5151 1030 5203 A
1057 5156 1248 5220 quovis
1277 5156 1547 5220 convicio,
1582 5159 1724 5225 quod
1774 5160 1942 5227 probo
1977 5162 2092 5214 viro

521 5234 793 5303 indignum
831 5238 924 5300 sit,
961 5238 1034 5291 ita
1066 5240 1369 5305 abhorruit,
1394 5252 1453 5296 ut
1487 5245 1537 5298 in
1578 5244 1715 5299 libro
1763 5230 1843 5301 De
1888 5246 2092 5316 Spiritu

515 5335 697 5380 sancto
759 5327 1161 5395 Macedoniam,
1230 5347 1294 5386 ac
1350 5332 1780 5402 Macedonianos,
1832 5340 2091 5392 adversus

514 5431 654 5485 quos
678 5434 744 5473 ex
782 5421 1026 5489 professo
1049 5424 1260 5489 scribit,
1292 5441 1358 5480 ne
1383 5427 1551 5481 semel
1575 5429 1791 5498 quidem
1821 5430 2089 5495 nominet,

519 5518 574 5557 nt
609 5522 729 5576 pag.
771 5511 875 5566 175
931 5525 1042 5568 ιιοι.
1096 5515 1122 5568 1
1174 5518 1551 5571 animadverti.
1611 5518 1695 5573 Ill.
1742 5518 1983 5575 Demisse
2038 5530 2093 5574 et

519 5596 693 5663 ipunn
735 5601 800 5652 de
840 5616 897 5655 se
942 5590 1216 5673 sensisse,
1266 5622 1331 5662 ac
1360 5607 1595 5663 locutum
1623 5626 1743 5666 esse
1772 5621 1983 5667 constat
2024 5627 2090 5666 ex

519 5704 666 5743 ιιιιιιι.
706 5689 776 5745 38
809 5700 859 5745 el
903 5693 971 5746 65
1014 5698 1249 5764 ejusdem
1302 5700 1424 5755 libri
1459 5721 1473 5757 :
1521 5704 1807 5773 utrobique
1853 5705 1995 5759 cnim
2031 5721 2090 5761 se

517 5779 827 5835 indisertum
860 5798 979 5839 esse
1024 5784 1241 5857 fatetur,
1282 5800 1443 5860 atque
1479 5794 1542 5849 ab
1572 5796 1764 5867 eloquii
1797 5805 2086 5866 vetiustate,

2199 4603 2524 4669 agnovimus.
2560 4601 2693 4656 Cum
2729 4604 2908 4672 itaque
2953 4619 3094 4672 saepe
3130 4605 3442 4674 contingere
3474 4606 3775 4670 videamus,

2201 4696 2261 4741 ut
2289 4689 2454 4758 aliqui
2499 4690 2713 4759 ingenio
2751 4693 2980 4759 prasditi,
3018 4693 3147 4747 dum
3200 4694 3518 4763 loquuntur,
3562 4695 3773 4749 facundi

2199 4781 2505 4846 videantur,
2563 4781 2672 4837 imo
2714 4783 2983 4837 interdum
3043 4784 3217 4851 reipsa
3273 4788 3415 4847 sint,
3480 4785 3623 4853 iique
3675 4785 3775 4853 ipsi

2195 4889 2316 4927 cum
2340 4873 2606 4926 calamum
2631 4872 2992 4942 prehendunt,
3013 4871 3260 4937 ﬂaccida,
3284 4884 3374 4926 aut
3404 4874 3566 4927 etiam
3595 4876 3774 4943 inepta

2195 4966 2475 5030 scribant,
2531 4966 2604 5020 ita
2646 4966 2759 5020 lieri
2812 4973 3007 5035 potest,
3064 4974 3122 5019 ut
3170 4957 3450 5036 Didymum
3506 4965 3772 5021 dicentem

2195 5061 2409 5128 quidem
2445 5060 2528 5114 vis
2561 5060 2759 5130 ingenii
2812 5069 2974 5128 atque
3023 5060 3188 5113 animi
3228 5059 3672 5122 sic'incenderet,
3716 5068 3774 5112 ut

2193 5153 2450 5223 eloquens
2496 5151 2795 5217 videretur,
2857 5161 2911 5206 et
2963 5151 3135 5219 foret;
3189 5150 3514 5206 scribentem
3568 5160 3770 5214 autem,

2195 5258 2291 5297 seu
2347 5243 2526 5312 potius
2575 5243 2866 5297 dictantem
2925 5242 3088 5297 ardor
3139 5243 3229 5297 ille
3276 5242 3441 5296 animi
3494 5242 3767 5306 deﬁceret,

2194 5350 2365 5403 eaque
2401 5337 2465 5390 de
2491 5349 2657 5390 causa
2684 5333 2801 5403 ejus
2833 5333 3177 5409 ilaccesceret
3212 5335 3409 5390 oratio.

2264 5427 2529 5483 Craterum
2569 5427 2711 5497 quod
2739 5437 2949 5496 spectat
2980 5428 3046 5481 ad
3082 5426 3398 5498 Hieronymi
3439 5426 3507 5481 de
3546 5424 3771 5494 Didymo

2188 5517 2476 5587 judicium,
2531 5518 2577 5572 is
2620 5529 2711 5572 aut
2751 5518 2983 5573 Eusebio
3028 5519 3327 5583 duntaxat,
3377 5533 3483 5572 non
3543 5514 3773 5583 Didymo

2193 5612 2556 5681 eloquentiam
2595 5614 2831 5667 tribuere
2871 5611 3172 5666 censendus
3200 5621 3306 5677 est,
3355 5619 3449 5664 aut
3479 5607 3768 5662 dicendum

2194 5704 2392 5773 potius,
2438 5703 2781 5773 eloquentem
2817 5707 2884 5760 ab
2936 5706 3051 5776 ipso
3084 5706 3267 5760 vocari
3310 5703 3618 5774 Didymum,
3660 5713 3766 5753 non

2195 5795 2335 5866 quod
2366 5795 2481 5864 ejus
2510 5796 2710 5866 scripta
2742 5808 2865 5852 cum
2896 5797 3110 5867 scriptis
3146 5797 3473 5853 disertorum
3503 5794 3764 5859 virorum,
