4108 6424
296 434 400 489 169

1467 426 2034 486 COMMENTARIUS.
2077 460 2149 472 --
2187 430 2316 486 LIB.
2361 433 2402 486 l.

3468 441 3573 496 170

290 566 429 620 quos
488 551 646 622 paulo
692 559 817 604 ante
868 549 1003 613 disi,
1051 550 1355 617 comparari
1392 548 1618 619 possint.
1670 547 1765 602 sed
1805 546 1889 601 vel

2001 561 2144 612 gasse
2173 548 2247 600 ait
2277 550 2403 612 τοὺς
2441 549 2903 622 ὲλλογιμωτέρους
2931 553 3040 606 τῶν
3065 553 3399 608 ἐπισκόπων.
3433 556 3568 610 Νιιιη

292 650 522 710 propter
541 640 761 694 allatam
807 654 874 693 ex
916 638 1114 693 Rufino
1147 640 1434 704 rationem,
1469 638 1550 692 vel
1584 639 1708 707 quia
1736 639 1880 708 quod

292 733 390 786 sibi
447 733 706 802 pr0ponit
755 731 1034 803 Didymus.
1082 730 1132 784 id
1176 731 1343 785 multa
1399 730 1666 796 doctrina,
1716 730 1883 799 pluri-

292 824 506 893 hosque
565 824 741 877 modis
793 832 846 876 et
894 822 1253 892 argumentis,
1329 822 1503 891 iisque
1556 821 1792 875 robustis
1830 831 1887 875 et

286 916 609 970 r-ﬂicacibus
675 914 962 968 ostendere
1033 913 1542 978 eonsuevcrit,‘ac
1595 912 1885 966 lectoribus

286 1006 495 1079 {XXX}
528 1006 879 1075 persuadere.
922 1004 1056 1059 Nam
1090 1004 1451 1076 Hieronymus
1485 1005 1598 1073 ipse
1648 1005 1699 1057 in
1747 1020 1884 1072 [meo

284 1100 501 1154 latione
542 1100 665 1152 libri
700 1098 777 1153 De
807 1097 1011 1166 Spiritu
1048 1108 1232 1152 sancto
1269 1108 1546 1152 auctorem
1603 1097 1721 1166 ejus
1758 1112 1886 1165 cpe-

285 1193 358 1246 ris
404 1191 702 1262 Didymnm
733 1191 969 1260 appellat
1009 1192 1309 1258 imperitum
1354 1206 1617 1254 sermone,
1647 1190 1738 1244 sed
1781 1206 1885 1243 non

282 1282 546 1335 scientia.
580 1280 718 1345 Quin
754 1282 867 1350 ipse
920 1281 1177 1351 Didymus
1217 1295 1312 1348 pro
1358 1296 1444 1346 ea,
1480 1295 1584 1349 qua
1627 1280 1886 1347 prmditus

277 1384 425 1434 erat,
450 1374 723 1425 inotlestia
761 1373 989 1426 candide
1023 1373 1072 1425 id
1105 1372 1305 1426 fatetur
1336 1372 1387 1424 in
1418 1384 1663 1425 extremo
1693 1373 1880 1423 eodem

281 1461 445 1525 libro,
488 1462 583 1515 ubi
614 1462 875 1531 impressa
901 1463 1119 1530 quidem
1142 1462 1469 1531 exemplaria
1505 1461 1619 1515 haec
1654 1461 1878 1515 habent:

281 1553 438 1607 Stcut
473 1558 622 1607 enim
654 1554 857 1618 pietatis
882 1571 1088 1607 sensum
1126 1556 1271 1607 nobis
1317 1555 1570 1606 audacter
1589 1554 1755 1623 juxta
1788 1570 1882 1606 no-

279 1654 452 1695 strum
515 1643 890 1699 conscientiam
944 1644 1304 1705 vindicamus;
1336 1643 1411 1693 ita
1438 1650 1698 1707 quantum
1726 1643 1788 1692 de
1824 1656 1882 1692 eo

280 1732 429 1800 loqui
467 1736 718 1798 pertinet,
753 1744 1068 1788 venustatem
1098 1735 1413 1787 rhetoricam
1447 1732 1879 1800 facundiamque,

279 1834 438 1893 juxta
500 1827 922 1890 consequentiam
985 1838 1282 1895 textumque
1340 1826 1635 1883 sermonis.
1702 1824 1882 1890 procul

283 1918 470 1972 abesse
530 1919 837 1986 simpliciter
887 1915 1419 1986 conﬁtemur.Studii
1477 1917 1662 1983 quippe
1719 1915 1881 1966 ttOstri

282 2011 409 2078 fuit,
469 2010 543 2063 de
571 2009 858 2077 Scripturis
903 2010 1100 2060 sanctis
1149 2007 1514 2073 ili/ferentibus
1548 2006 1632 2072 pie
1697 2003 1890 2056 intelli-

282 2120 407 2170 gere
451 2118 578 2172 qute
619 2103 815 2168 scripta
846 2110 987 2161 stmt,
1025 2108 1071 2151 et
1121 2096 1439 2162 imperitiam
1492 2110 1892 2160 mensuramque

283 2197 459 2247 nostri
509 2210 614 2247 non
666 2193 911 2261 ignorare
961 2188 1237 2242 sermonis.
1277 2184 1385 2239 Sed
1428 2185 1712 2255 legendum
1768 2197 1893 2255 puto

281 2302 350 2341 ex
393 2297 598 2341 nostro
630 2286 817 2340 codice
853 2299 954 2336 ms.
996 2297 1139 2351 smpe
1172 2282 1222 2334 in
1269 2282 1409 2335 notis
1443 2296 1475 2334 a
1510 2296 1594 2333 me
1628 2282 1842 2333 laudato
1875 2298 1890 2335 :

277 2377 445 2430 Sicut
502 2378 639 2428 enim
687 2375 894 2441 pietatis
933 2388 1140 2425 sensum
1196 2372 1344 2424 nobis
1422 2371 1676 2422 audacter
1729 2373 1890 2437 juxta

277 2477 546 2520 nostram
600 2464 966 2517 conscientiam
1010 2463 1375 2524 riudicamns;
1411 2462 1484 2513 ita
1518 2471 1776 2530 quantum
1823 2464 1889 2513 ad

275 2556 506 2621 eloquii
565 2557 784 2624 pertinet
822 2564 1172 2614 venustatem,
1230 2563 1273 2604 et
1334 2552 1646 2604 rhetoricam
1698 2551 1891 2620 [acun-

276 2650 472 2716 diam,
526 2658 581 2701 et‘
618 2648 1040 2717 consequentiam
1091 2658 1391 2716 textumque
1458 2646 1746 2712 sermonis,
1799 2662 1893 2700 nos

285 2741 492 2806 procul
536 2741 713 2795 abesse
751 2739 1063 2808 simpliciter
1097 2736 1426 2806 conﬁtemur,
1463 2748 1517 2790 et
1550 2737 1781 2807 reliqua,
1834 2748 1894 2792 ut

289 2835 575 2905 superius.

372 2927 535 2992 Quod
559 2928 601 2979 si
634 2924 771 2977 male
801 2939 899 2977 nos
941 2922 1133 2975 tuereri
1176 2923 1242 2973 de
1282 2920 1506 2990 Didyme
1537 2921 1657 2990 quis
1702 2922 1893 2977 existi-

300 3027 437 3081 met,
468 3020 593 3072 dum
632 3015 947 3086 imperitiam
994 3012 1248 3067 sermonis
1295 3012 1350 3066 in
1384 3013 1498 3080 ipso
1527 3014 1892 3081 agnoscimus,

300 3112 457 3167 norit
491 3124 599 3163 non
632 3108 899 3161 modicam
930 3107 978 3159 ei
1019 3106 1229 3159 laudem
1279 3120 1307 3156 a
1343 3104 1497 3158 nobis
1529 3105 1712 3166 tribui,
1770 3119 1893 3159 cum

298 3205 451 3258 inter
501 3217 597 3256 eos
661 3199 808 3254 illum
875 3212 1255 3260 numeramus,
1308 3211 1444 3265 quos
1507 3197 1635 3251 lllCit
1689 3195 1967 3287 Psaltesc

298 3296 546 3349 eruditos
587 3292 742 3346 corde
768 3290 819 3343 in
860 3289 1176 3356 sapientia”
1203 3306 1214 3340 :
1245 3288 1357 3343 hinc
1392 3287 1534 3341 enim
1577 3288 1692 3356 ipse
1739 3288 1899 3355 Didy-

305 3403 427 3443 mus
463 3388 518 3440 iu
561 3392 749 3439 catena
779 3382 1109 3436 Corderiana
1156 3390 1283 3431 nun.
1313 3379 1373 3442 ll,
1409 3394 1534 3447 pag.
1569 3378 1693 3441 805,
1727 3379 1901 3447 expli-

303 3486 396 3532 cat
456 3478 510 3531 iu
561 3478 705 3529 hunc
741 3474 960 3526 modum
997 3493 1009 3527 ;
1050 3490 1068 3523 ι
1112 3469 1280 3523 Porro
1334 3469 1491 3521 corde
1531 3468 1770 3520 eruditus
1820 3477 1903 3523 est

308 3582 365 3619 ιη
398 3566 661 3634 sapientia
692 3564 786 3632 qui
822 3561 1119 3616 secundum
1156 3569 1389 3613 mentem
1424 3573 1487 3612 ac
1528 3558 1791 3610 rationem
1823 3573 1903 3610 sa-

316 3657 475 3725 piens
511 3657 700 3720 evasit,
738 3652 953 3707 tametsi
1027 3651 1301 3721 prolatitio
1355 3664 1606 3703 sermone
1650 3649 1899 3713 aberret;

320 3750 396 3802 ita
438 3758 496 3803 ut
519 3762 643 3801 vere
673 3749 828 3801 etiam
864 3745 1047 3799 dicere
1077 3743 1249 3811 possit
1279 3757 1294 3795 :
1328 3738 1448 3793 Etsi
1493 3741 1764 3808 imperitus
1794 3756 1906 3793 ser-

320 3856 499 3908 mone,
543 3857 644 3894 non
697 3849 865 3893 tamen
916 3838 1161 3893 scientia.
1221 3854 1240 3885 ι
1292 3833 1446 3887 Norit
1491 3845 1747 3904 praeterea
1799 3848 1901 3887 non

322 3936 485 3987 modo
516 3931 848 3987 Vielorinutu
897 3942 1189 3999 martyrem
1220 3928 1517 3997 imperitum
1555 3940 1791 3978 sermone
1816 3940 1905 3976 vo-

318 4026 433 4078 cari
462 4028 529 4079 ab
570 4023 899 4093 Hieronymo
949 4034 1083 4075 tom.
1113 4017 1202 4084 IV,
1230 4035 1353 4088 pag.
1383 4017 1437 4081 6,
1464 4018 1594 4071 edit.
1626 4014 1904 4070 Veronen-

323 4121 420 4183 sis,
453 4120 546 4172 scd
575 4120 640 4173 de
670 4116 932 4185 propheta
958 4128 1176 4183 quoque
1205 4114 1283 4164 sic
1306 4125 1428 4162 eum
1461 4107 1604 4176 loqui
1646 4115 1776 4159 tom.
1811 4105 1905 4170 VI,

326 4228 447 4283 pag.
478 4212 621 4266 iii:
653 4213 736 4265 Ea:
774 4211 871 4263 hoc
919 4222 1133 4261 numero
1164 4213 1434 4271 pastorum
1470 4200 1627 4251 Amos
1650 4197 1904 4265 propheta

329 4305 447 4371 fuit,
506 4305 781 4373 imperitus
834 4314 1091 4358 sermone,
1145 4296 1234 4348 sed
1292 4308 1394 4345 non
1454 4290 1694 4342 scientia.
1767 4287 1907 4355 Quid

329 4397 525 4466 plura?
557 4395 758 4450 Paulus
785 4393 902 4461 ipse
933 4391 986 4444 in
1034 4388 1076 4441 ll
1111 4389 1175 4440 ad
1202 4387 1353 4447 Con,
1392 4400 1510 4452 cap.
1549 4398 1624 4447 XI,
1661 4397 1800 4434 vers.
1849 4380 1903 4441 6,

327 4488 621 4558 imperitum
639 4500 897 4545 sermone,
917 4485 1003 4536 sed
1027 4482 1129 4532 non
1144 4479 1360 4533 scientia
1382 4474 1733 4542 semetipsum
1756 4473 1905 4534 dicit,

1988 652 2312 694 convocatos
2356 641 2424 694 ab
2468 641 2764 696 Athanasio
2802 644 3112 712 putabimus
3143 659 3238 701 eos
3291 648 3574 718 episcOpOs

1987 729 2078 797 qui
2126 728 2510 797 eloquentiores
2560 730 2757 793 forent,
2822 748 2891 786 an
2948 734 3041 802 qui
3104 736 3448 806 insigniores,
3482 752 3576 792 aut

1990 822 2230 876 doctrina
2287 823 2742 878 excellentiores?
2783 826 3044 894 Origenes
3096 844 3311 897 quoque
3349 842 3476 884 tom.
3533 833 3573 893 I,

1987 929 2106 983 pag.
2132 912 2221 974 50,
2262 913 2477 982 inquit:
2527 913 2862 986 Ἐλλογίμων
2908 919 3196 988 αἱρέσεων,
3231 921 3334 974 hoc
3368 932 3451 975 est
3492 922 3576 974 iu-

1990 1007 2277 1075 siguiorum
2309 1017 2607 1060 sectarum:
2634 1019 2687 1061 et
2716 1012 2853 1077 apud
2884 1009 3054 1075 ipsmu
3080 1010 3271 1067 Celsus
3301 1030 3421 1082 pag.
3446 1013 3572 1074 558.

1986 1097 2286 1169 ἐλλογίμοις
2308 1102 2556 1173 ἀνδράσι,
2600 1103 2655 1155 id
2696 1110 2781 1156 est
2819 1103 2991 1155 doctis
3021 1103 3166 1159 viris.
3189 1104 3373 1171 Itaque
3422 1104 3571 1158 ἐλλό-
3599 1165 3611 1175 ,

1985 1205 2146 1260 γιμος
2179 1192 2357 1245 Suida:
2394 1194 2609 1261 quidem
2641 1203 2725 1247 est
2765 1193 2968 1262 τίμιος,
3003 1193 3299 1265 σεϐάσμιος
3324 1211 3337 1224 ·
3367 1196 3572 1250 auctori

1984 1290 2162 1332 autem
2195 1281 2399 1346 Lexiei,
2441 1284 2582 1352 quod
2614 1299 2715 1336 ms.
2772 1294 2948 1337 exstat
2975 1287 3027 1337 in
3055 1285 3158 1338 MO
3200 1285 3444 1340 Naniauo
3480 1304 3577 1342 co-

1986 1371 2123 1435 dice,
2150 1372 2434 1444 ἐλλόγιμος
2461 1378 2750 1443 exponitur
2783 1375 2983 1444 λόγιος,
3010 1376 3308 1446 ἀξιόλογος.

2059 1464 2184 1517 lln-c
2240 1467 2400 1519 habui
2440 1482 2559 1533 qtae
2592 1468 2830 1522 dicerem
2868 1469 2938 1523 de
2986 1470 3197 1541 Didymi
3243 1471 3571 1540 eloquentia.

1984 1557 2053 1607 At
2086 1557 2126 1609 si
2164 1557 2286 1624 quis
2335 1572 2456 1612 eum
2498 1560 2755 1611 disertum
2799 1575 2918 1614 esse.
2955 1564 3270 1627 contendat,
3324 1566 3573 1633 equidem

1986 1652 2351 1705 contentionis
2379 1651 2613 1703 vitandae
2660 1666 2821 1704 causa
2874 1666 2976 1705 non
3026 1656 3355 1721 repugnabo,
3418 1661 3576 1707 mqu

1988 1746 2165 1792 tamen
2217 1740 2347 1792 mihi
2401 1746 2453 1793 et
2506 1741 2616 1808 ipse
2670 1741 2954 1804 concedat,
3017 1755 3136 1793 eam
3184 1743 3575 1812 eloquentiam,

1986 1844 2143 1896 quam
2168 1832 2217 1883 iu
2249 1831 2388 1884 libro
2410 1831 2480 1884 De
2515 1832 2721 1899 Spiritu
2744 1840 2946 1895 sancto,
2969 1832 3018 1884 in
3044 1829 3505 1895 Enarratiouibus,
3526 1840 3576 1889 in

1992 1921 2128 1973 libro
2180 1922 2429 1975 adversus
2487 1921 2811 1976 Muuicltwos
2866 1924 3184 1987 admiratur,
3238 1925 3288 1976 iu
3336 1926 3576 1996 theologi

1993 2010 2155 2061 etiam
2208 2013 2373 2063 nostri
2409 2026 2572 2078 opere
2604 2014 2839 2067 elucere.
3408 2078 3419 2086 ί

2069 2097 2162 2151 llis
2185 2100 2251 2151 de
2289 2100 2570 2168 utriusque
2598 2102 2736 2171 stylo
2784 2103 3084 2171 generatim
3116 2104 3296 2168 dictis,
3328 2108 3581 2160 enuclea-

1999 2192 2101 2245 tius
2131 2207 2274 2246 nnnc
2318 2197 2384 2246 de
2425 2194 2611 2246 cadent
2664 2210 2723 2249 re
2763 2198 3029 2264 agendum
3079 2208 3179 2259 est,
3217 2214 3280 2252 ac
3321 2202 3580 2257 nonnulla

1994 2284 2305 2351 singillatim
2358 2284 2748 2338 consideranda
2782 2327 2796 2352 ,
2856 2297 2916 2357 ut
2981 2291 3148 2358 magis
3201 2306 3458 2360 appareat
3515 2315 3580 2349 ea

1994 2392 2151 2442 quant
2183 2378 2471 2442 quaerimus
2506 2378 2828 2433 similitudo.

2065 2467 2245 2520 l’rimo
2278 2470 2461 2537 itaque
2509 2487 2697 2539 parum
2733 2473 3036 2542 elegantem
3065 2489 3188 2529 esse
3209 2476 3449 2530 auctoris
3482 2491 3581 2530 no-

1994 2558 2089 2609 stri
2122 2560 2441 2623 orationem,
2475 2575 2632 2614 nemo
2660 2562 2989 2617 inliciabitur
3027 2565 3119 2632 qui
3143 2566 3496 2634 elegantiam,
3523 2580 3583 2621 ut

1995 2651 2074 2705 sic
2106 2651 2314 2720 loquar,
2350 2653 2414 2707 de
2444 2652 2584 2707 facie
2612 2656 2778 2707 norit.
2807 2654 2948 2721 Quin
2997 2654 3113 2709 loca
3142 2661 3385 2725 quaedam
3420 2660 3472 2713 in
3517 2676 3582 2713 eo

1998 2742 2151 2795 valde
2191 2743 2465 2811 perplexa,
2518 2747 2761 2811 quaedam
2804 2746 2969 2799 etiam
3024 2748 3240 2801 horrida
3296 2752 3579 2809 vocabula.

1996 2834 2240 2902 qtuudatu
2278 2836 2459 2888 .tidem
2493 2836 2713 2897 sulmca,
2758 2846 2852 2889 aut
2896 2838 3241 2893 ὑποπόλοικα.
3303 2841 3581 2911 lnelegans

1998 2931 2099 2982 est,
2149 2931 2206 2976 ut
2244 2921 2457 2990 Opinor,
2512 2923 2744 2992 exempli
2796 2924 2997 2995 gratia,
3043 2928 3264 2980 verbum
3294 2928 3578 3000 ἁγιοτρισ-

2000 3011 2314 3082 σολογῆσαι,
2346 3013 2559 3084 aliaque
2590 3014 2730 3068 haud
2761 3031 2930 3084 pauca
2966 3033 3032 3071 ex
3067 3018 3131 3071 iis
3171 3034 3288 3086 qua:
3316 3020 3366 3072 in
3402 3036 3582 3073 uocum

2000 3100 2307 3156 ercarnm
2335 3101 2521 3156 Indice
2561 3105 2831 3170 receusni,
2864 3112 2923 3157 ut
2958 3106 3116 3174 paulo
3135 3105 3296 3158 cium
3330 3105 3579 3175 superius

1999 3191 2198 3246 dictum
2254 3191 2373 3247 fuit.
2437 3192 2705 3248 Soloecqu
2755 3208 2882 3249 vero
2931 3203 3047 3258 est,
3094 3195 3142 3247 oi
3203 3194 3432 3260 δνειδοι,
3485 3212 3584 3265 pro

2002 3283 2070 3339 τὰ
2100 3285 2300 3356 ὀνείδη,
2324 3285 2405 3338 vel
2439 3300 2534 3354 pro
2562 3286 2609 3337 οἱ
2640 3284 2953 3354 ὀνειδισμοὶ.
2989 3285 3261 3340 Salaecam
3292 3295 3374 3340 est
3412 3286 3578 3340 etiam

2004 3379 2142 3445 quod
2180 3378 2375 3447 legitur
2404 3394 2526 3447 pag.
2563 3376 2655 3443 '50,
2681 3377 2889 3449 Τριάδα
2923 3376 3453 3448 ὀνειδιζούσης,ριε.,
3489 3395 3586 3447 pro

2003 3466 2386 3530 ὀνειδίζουσαν.

2076 3556 2146 3609 At
2180 3570 2355 3608 nonne
2404 3556 2602 3610 similia
2657 3557 2709 3611 in
2756 3557 2987 3627 Didymo
3040 3556 3377 3625 reperimus?
3409 3554 3587 3610 Sola:-

2006 3662 2127 3699 eum
2153 3648 2400 3714 estquod
2428 3649 2477 3698 in
2502 3648 2638 3703 libro
2672 3652 2791 3703 adv.
2821 3650 3141 3705 Manichacus
3179 3651 3374 3720 legitur
3399 3650 3584 3707 initio:

2050 3734 2165 3793 ὗτοι
2242 3734 2596 3807 μεταὸάλλειν
2658 3735 2907 3809 [XXXI]
2982 3737 3256 3801 δύναντες.
3315 3736 3585 3793 Solcecum

2006 3830 2187 3883 itidem
2218 3826 2360 3897 quod
2395 3827 2444 3879 in
2476 3826 2660 3878 eadem
2694 3828 2886 3896 pagina
2911 3828 3088 3895 legere
3114 3830 3237 3883 licet
3266 3843 3281 3882 :
3328 3829 3464 3883 Ὑπὸ
3492 3829 3587 3883 τοῦ

2007 3921 2256 3992 Σωτῆρος
2379 3918 2573 3987 λέγων,
2607 3934 2727 3987 pro,
2759 3917 3028 3987 λέγοντος.
3060 3919 3155 3975 llis
3190 3930 3372 3975 autem
3406 3920 3588 3976 alliuia

2011 4014 2313 4065 invenimus
2343 4013 2394 4064 in
2441 4010 2650 4081 Didymi
2704 4008 3021 4080 fragmentis
3050 4020 3180 4065 tom.
3243 4011 3310 4066 1V
3351 4014 3590 4068 Anecdo-

2008 4115 2179 4157 torum
2208 4101 2389 4156 Wollii
2422 4103 2601 4166 editis,
2635 4111 2688 4155 et
2713 4102 2854 4171 apud
2886 4098 3203 4156 Catenarum
3236 4113 3514 4161 auctores.

2080 4196 2230 4261 Quod
2271 4197 2316 4249 si
2366 4209 2624 4263 reponas,
2669 4194 3010 4248 librariorum
3061 4192 3322 4261 inscitiae,
3364 4205 3459 4247 aut
3507 4195 3591 4248 in-

2009 4291 2172 4342 curia:
2239 4288 2400 4341 tribui
2447 4290 2565 4341 haec
2610 4302 2806 4357 posse,
2856 4289 2946 4357 qui
3017 4288 3360 4342 exaraveriut
3413 4285 3589 4355 λέγων

2011 4393 2107 4446 pro
2136 4378 2403 4447 λέγοντος,
2430 4393 2478 4433 et
2505 4378 2762 4443 δύναιντ-ες
2786 4396 2881 4448 pro
2907 4379 3182 4447 δύνανται,
3223 4390 3276 4435 et
3299 4382 3368 4434 ita
3395 4394 3591 4450 porro;

2011 4484 2073 4522 ea
2102 4470 2248 4523 dices
2277 4487 2394 4540 quae
2429 4472 2666 4539 aequitati
2715 4484 3079 4527 coaseutauea
3119 4483 3285 4540 sunt;
3334 4473 3428 4527 sed
3477 4472 3592 4525 hth

330 4597 392 4637 eo
432 4582 580 4655 quod
628 4579 835 4635 scilicet
893 4571 1318 4647 persuasibilibus
1359 4571 1602 4621 [mutante
1637 4566 1909 4633 sapientia:
1942 4573 1985 4626 ι)
2011 4561 2197 4613 eadem
2239 4561 2466 4630 aequitas
2522 4563 2834 4629 posmlabit,
2871 4571 2928 4615 ut
2979 4564 3273 4617 soloecismi
3318 4562 3481 4616 etiam
3536 4562 3589 4615 in

329 4678 517 4742 verbis,
545 4684 602 4727 ut
634 4674 858 4744 ipsemet
891 4671 987 4734 ait,
1022 4682 1124 4721 non
1149 4674 1413 4728 uteretur,
1437 4660 1789 4727 Grtecamqne
1830 4659 1908 4711 fa-

330 4771 577 4823 cundiam
618 4771 1010 4821 contemneret,
1044 4759 1207 4813 aliam
1255 4770 1382 4809 vero
1413 4753 1698 4821 quamdam
1738 4750 1908 4804 multo

331 4859 699 4913 sublimiorem
725 4862 1068 4909 sectaretur:
1092 4862 1197 4915 qua
1225 4847 1290 4899 de
1314 4847 1478 4898 causa
1511 4841 1706 4895 merito
1733 4840 1907 4909 ipsum

334 4949 614 5023 Dionysius
666 4946 941 5015 Longinus
988 4942 1148 4996 humo
1185 4936 1435 4990 ethnicus
1462 4935 1601 4987 inter
1644 4933 1764 4986 illos
1809 4947 1910 4985 nu-

334 5052 500 5097 merat
541 5041 629 5110 qui
663 5037 880 5093 sublimi
910 5031 1122 5088 dicendi
1164 5043 1363 5098 genere
1394 5026 1787 5080 excelluerunt.

399 5133 552 5201 Quod
603 5146 731 5184 vero
788 5128 1016 5198 pertinet
1069 5123 1135 5176 ad
1191 5121 1495 5182 Socratem,
1543 5125 1814 5186 nuncupat
1866 5115 1912 5169 is

334 5225 545 5291 quidem
574 5220 859 5291 Didymnm
892 5214 1215 5282 ἐλλόγιμον,
1265 5209 1357 5264 sed
1408 5222 1596 5261 vereor
1651 5214 1707 5258 ιιι
1756 5203 1912 5260 Valc-

337 5316 438 5372 sius
468 5330 577 5370 non
614 5322 760 5366 recte
808 5309 880 5364 ibi
931 5308 1317 5374 interpretatus
1366 5300 1436 5355 sit
1471 5298 1914 5358 disertissimum;

337 5419 393 5458 ca
421 5406 567 5460 enim
601 5402 768 5456 dictio
795 5416 900 5453 non
936 5397 1200 5451 disertum
1231 5392 1389 5446 modo
1418 5390 1663 5450 denotat,
1695 5388 1790 5441 sed
1824 5388 1909 5439 iu-

340 5495 525 5563 signem
544 5495 737 5556 etiam,
763 5502 818 5546 et
846 5491 1080 5552 doctum,
1113 5494 1170 5538 ut
1206 5498 1349 5537 reor.
1385 5481 1758 5535 Theodoretus
1780 5492 1912 5532 sane

342 5583 390 5638 in
426 5587 568 5640 Hist.
610 5587 794 5639 eccles.
832 5583 923 5634 lib.
964 5595 1048 5642 tv,
1075 5593 1191 5645 cap.
1224 5574 1281 5637 ‘2,
1317 5573 1668 5627 Athanasium
1691 5570 1914 5625 Joviano

344 5675 647 5754 imperatori
696 5674 1090 5746 expositionem
1150 5668 1271 5721 lidei
1333 5666 1621 5718 missurum
1687 5676 1913 5733 congre-

413 5882 454 5914 ”
476 5880 617 5937 Psal.
650 5894 875 5941 LXXXlX,
917 5875 1003 5930 12.

669 5972 931 6036 Psraoc.
983 5967 1100 6028 GR.
1166 5960 1468 6024 XXXIX.

2007 4654 2255 4724 theoiogo
2316 4665 2503 4709 nostro
2566 4666 2917 4710 occurrentes
2970 4656 3191 4710 librario
3258 4655 3590 4716 tribuantur,

2003 4746 2094 4813 qui
2123 4761 2405 4815 perperam
2440 4736 2753 4813 scripserit,
2791 4760 2878 4799 ex.
2909 4761 2991 4811 gr.
3050 4744 3100 4796 oi
3161 4741 3356 4796 δνειδοι
3389 4758 3485 4812 pro
3540 4743 3590 4794 oi

2005 4834 2318 4905 ὁνειδισμοί,
2350 4845 2404 4888 ct
2432 4834 2794 4908 ὀνειδιζούσης
2827 4852 2921 4904 pro
2955 4834 3335 4900 ὀνειδίζουσαν.

2079 4924 2147 4979 ll.
2190 4927 2273 4979 Ab
2307 4926 2411 4981 illis
2441 4943 2561 4997 qua:
2591 4944 2699 4997 pra.-
2734 4927 2983 4980 manibus
3023 4928 3217 4992 habet,
3253 4928 3592 4998 argumentis

2017 5018 2316 5088 digreditur
2367 5020 2657 5087 aliquando
2688 5020 2945 5090 Didymus
2988 5019 3052 5071 ad
3083 5036 3197 5073 rem
3248 5038 3277 5072 ιι
3312 5019 3592 5088 proposito

2017 5114 2170 5182 plane
2201 5114 2455 5168 alienam.
2483 5112 2563 5168 Ita
2593 5116 2645 5168 in
2676 5116 2810 5170 libro
2838 5114 2912 5168 De
2939 5114 3149 5183 Spiritu
3175 5124 3378 5178 sancto,
3402 5127 3470 5168 ne
3498 5127 3591 5182 per

2016 5207 2194 5260 omnia
2235 5207 2351 5275 ejus
2405 5220 2568 5276 opera
2632 5209 2976 5273 discurram,
3013 5217 3297 5277 postquam
3334 5220 3487 5260 nunt.
3524 5205 3594 5261 45

2017 5298 2167 5352 lsaia:
2194 5299 2367 5352 locum
2395 5298 2547 5352 valde
2578 5298 2795 5367 lOngum
2824 5298 3024 5362 attulit,
3054 5299 3105 5352 in
3136 5312 3244 5366 quo
3267 5312 3435 5365 pauca
3469 5309 3556 5351 tau
3575 5328 3589 5336 -

2022 5393 2297 5443 tummodo
2349 5390 2414 5442 ad
2460 5392 2794 5459 pI‘OpOSllum
2851 5389 3177 5457 pertinentia
3228 5388 3592 5456 reperiuntur,

2024 5493 2191 5536 totum
2220 5497 2343 5536 eum
2383 5482 2580 5544 locum,
2635 5484 2834 5535 oblitus
2874 5480 3036 5532 veluti
3073 5480 3423 5548 argumenti,
3481 5498 3579 5533 am-

2024 5570 2264 5639 plissimo
2313 5571 2705 5623 commentario
2767 5570 2997 5622 illustrat
3034 5586 3173 5624 :nec
3194 5586 3258 5625 eo
3311 5579 3596 5625 contentus

2024 5660 2246 5713 alteram
2276 5667 2491 5729 repente
2547 5660 2736 5716 inserit
2780 5675 2929 5715 num.
2965 5659 3035 5715 45
3075 5664 3485 5735 digressionem,
3540 5660 3597 5717 in
