  <div class='ocr_page' id='page_1' title='image "/cluster/home/n/w/nwhite01/storage/ocr_20150623/39/mdp.39015010572892/091.png"; bbox 0 0 4108 6480; ppageno 0'>
   <div class='ocr_carea' id='block_1_1' title="bbox 505 486 599 541">
    <p class='ocr_par' dir='ltr' id='par_1_1' title="bbox 505 486 599 541">
     <span class='ocr_line' id='line_1_1' title="bbox 505 486 599 541; baseline 0.011 -1"><span class='ocrx_word' id='word_1_1' title='bbox 505 486 599 541; x_wconf 80' lang='grc'>171</span> 
     </span>
    </p>
   </div>
   <div class='ocr_carea' id='block_1_2' title="bbox 1945 486 2327 544">
    <p class='ocr_par' dir='ltr' id='par_1_2' title="bbox 1945 486 2327 544">
     <span class='ocr_line' id='line_1_2' title="bbox 1945 486 2327 544; baseline 0.005 -2"><span class='ocrx_word' id='word_1_2' title='bbox 1945 489 2029 542; x_wconf 73' lang='lat' dir='ltr'>DE</span> <span class='ocrx_word' id='word_1_3' title='bbox 2068 486 2327 544; x_wconf 70' lang='lat' dir='ltr'>DlDYMO</span> 
     </span>
    </p>
   </div>
   <div class='ocr_carea' id='block_1_3' title="bbox 3677 487 3778 544">
    <p class='ocr_par' dir='ltr' id='par_1_3' title="bbox 3677 487 3778 544">
     <span class='ocr_line' id='line_1_3' title="bbox 3677 487 3778 544; baseline 0.01 -1"><span class='ocrx_word' id='word_1_4' title='bbox 3677 487 3778 544; x_wconf 69' lang='lat'>172</span> 
     </span>
    </p>
   </div>
   <div class='ocr_carea' id='block_1_4' title="bbox 496 604 3778 678">
    <p class='ocr_par' dir='ltr' id='par_1_4' title="bbox 496 604 3778 678">
     <span class='ocr_line' id='line_1_4' title="bbox 496 604 3778 678; baseline -0.001 -20"><span class='ocrx_word' id='word_1_5' title='bbox 496 622 602 678; x_wconf 80' lang='lat' dir='ltr'>qua</span> <span class='ocrx_word' id='word_1_6' title='bbox 631 605 954 660; x_wconf 77' lang='lat' dir='ltr'>Manichaeos</span> <span class='ocrx_word' id='word_1_7' title='bbox 981 605 1144 660; x_wconf 90' lang='lat' dir='ltr'>alium</span> <span class='ocrx_word' id='word_1_8' title='bbox 1179 604 1346 659; x_wconf 85' lang='lat' dir='ltr'>Deum</span> <span class='ocrx_word' id='word_1_9' title='bbox 1381 607 1580 660; x_wconf 89' lang='lat' dir='ltr'>bonum</span> <span class='ocrx_word' id='word_1_10' title='bbox 1613 647 1626 670; x_wconf 93' lang='lat'>,</span> <span class='ocrx_word' id='word_1_11' title='bbox 1664 607 1827 658; x_wconf 87' lang='lat' dir='ltr'>alium</span> <span class='ocrx_word' id='word_1_12' title='bbox 1859 605 2078 673; x_wconf 79' lang='lat' dir='ltr'>justum</span> <span class='ocrx_word' id='word_1_13' title='bbox 2109 609 2156 665; x_wconf 82' lang='grc' dir='ltr'><strong>Α</strong></span> <span class='ocrx_word' id='word_1_14' title='bbox 2186 605 2323 660; x_wconf 90' lang='lat' dir='ltr'>rium</span> <span class='ocrx_word' id='word_1_15' title='bbox 2351 607 2577 661; x_wconf 82' lang='lat' dir='ltr'>lectione</span> <span class='ocrx_word' id='word_1_16' title='bbox 2597 608 2772 661; x_wconf 84' lang='lat' dir='ltr'>minus</span> <span class='ocrx_word' id='word_1_17' title='bbox 2790 614 3001 660; x_wconf 81' lang='lat' dir='ltr'>versato</span> <span class='ocrx_word' id='word_1_18' title='bbox 3025 604 3191 659; x_wconf 82' lang='lat' dir='ltr'>videri</span> <span class='ocrx_word' id='word_1_19' title='bbox 3227 605 3445 672; x_wconf 83' lang='lat' dir='ltr'>potest),</span> <span class='ocrx_word' id='word_1_20' title='bbox 3480 615 3778 674; x_wconf 55' lang='lat' dir='ltr'>antiquam,</span> 
     </span>
    </p>
   </div>
   <div class='ocr_carea' id='block_1_5' title="bbox 500 694 2072 767">
    <p class='ocr_par' dir='ltr' id='par_1_5' title="bbox 500 694 2072 767">
     <span class='ocr_line' id='line_1_5' title="bbox 500 694 2072 767; baseline -0.002 -16"><span class='ocrx_word' id='word_1_21' title='bbox 500 702 762 767; x_wconf 85' lang='lat' dir='ltr'>tingentes</span> <span class='ocrx_word' id='word_1_22' title='bbox 829 694 1046 751; x_wconf 81' lang='lat' dir='ltr'>relellit.</span> <span class='ocrx_word' id='word_1_23' title='bbox 1098 696 1412 763; x_wconf 86' lang='lat' dir='ltr'>llujusmodi</span> <span class='ocrx_word' id='word_1_24' title='bbox 1461 711 1588 751; x_wconf 87' lang='lat' dir='ltr'>vero</span> <span class='ocrx_word' id='word_1_25' title='bbox 1627 697 1988 767; x_wconf 72' lang='lat' dir='ltr'>digressioxtes</span> <span class='ocrx_word' id='word_1_26' title='bbox 2017 696 2072 749; x_wconf 83' lang='lat' dir='ltr'>in‘</span> 
     </span>
    </p>
   </div>
   <div class='ocr_carea' id='block_1_6' title="bbox 496 785 2082 858">
    <p class='ocr_par' dir='ltr' id='par_1_6' title="bbox 496 785 2082 858">
     <span class='ocr_line' id='line_1_6' title="bbox 496 785 2082 858; baseline 0.001 -16"><span class='ocrx_word' id='word_1_27' title='bbox 496 800 686 842; x_wconf 80' lang='lat' dir='ltr'>nostro</span> <span class='ocrx_word' id='word_1_28' title='bbox 719 788 882 841; x_wconf 89' lang='lat' dir='ltr'>etiam</span> <span class='ocrx_word' id='word_1_29' title='bbox 914 785 1166 857; x_wconf 85' lang='lat' dir='ltr'>tlteologo</span> <span class='ocrx_word' id='word_1_30' title='bbox 1197 789 1431 841; x_wconf 88' lang='lat' dir='ltr'>inveniet</span> <span class='ocrx_word' id='word_1_31' title='bbox 1461 789 1651 842; x_wconf 80' lang='lat' dir='ltr'>lector.</span> <span class='ocrx_word' id='word_1_32' title='bbox 1697 788 1828 841; x_wconf 80' lang='lat' dir='ltr'>Nam</span> <span class='ocrx_word' id='word_1_33' title='bbox 1870 805 1922 858; x_wconf 90' lang='lat' dir='ltr'>p.</span> <span class='ocrx_word' id='word_1_34' title='bbox 1949 787 2082 853; x_wconf 69' lang='grc'>295,</span> 
     </span>
    </p>
   </div>
   <div class='ocr_carea' id='block_1_7' title="bbox 503 880 2083 949">
    <p class='ocr_par' dir='ltr' id='par_1_7' title="bbox 503 880 2083 949">
     <span class='ocr_line' id='line_1_7' title="bbox 503 880 2083 949; baseline 0.004 -21"><span class='ocrx_word' id='word_1_35' title='bbox 503 881 653 934; x_wconf 79' lang='lat' dir='ltr'>verbi</span> <span class='ocrx_word' id='word_1_36' title='bbox 688 880 1087 949; x_wconf 79' lang='lat' dir='ltr'>gratia,&#39;Marei</span> <span class='ocrx_word' id='word_1_37' title='bbox 1118 880 1500 934; x_wconf 70' lang='lat' dir='ltr'>testtmrhaud</span> <span class='ocrx_word' id='word_1_38' title='bbox 1541 883 1757 936; x_wconf 96' lang='lat' dir='ltr'>brevem</span> <span class='ocrx_word' id='word_1_39' title='bbox 1791 883 1862 935; x_wconf 89' lang='lat' dir='ltr'>ita</span> <span class='ocrx_word' id='word_1_40' title='bbox 1913 883 2083 936; x_wconf 82' lang='lat' dir='ltr'>inter-</span> 
     </span>
    </p>
   </div>
   <div class='ocr_carea' id='block_1_8' title="bbox 499 953 2077 1042">
    <p class='ocr_par' dir='ltr' id='par_1_8' title="bbox 499 953 2077 1042">
     <span class='ocr_line' id='line_1_8' title="bbox 499 953 2077 1042; baseline 0.002 -19"><span class='ocrx_word' id='word_1_41' title='bbox 499 953 762 1040; x_wconf 62' lang='lat' dir='ltr'>pretaiur,</span> <span class='ocrx_word' id='word_1_42' title='bbox 795 983 850 1026; x_wconf 90' lang='lat' dir='ltr'>ut</span> <span class='ocrx_word' id='word_1_43' title='bbox 891 988 950 1025; x_wconf 91' lang='lat' dir='ltr'>ea</span> <span class='ocrx_word' id='word_1_44' title='bbox 983 973 1145 1025; x_wconf 89' lang='lat' dir='ltr'>etiam</span> <span class='ocrx_word' id='word_1_45' title='bbox 1179 975 1428 1041; x_wconf 77' lang='lat' dir='ltr'>explane’t</span> <span class='ocrx_word' id='word_1_46' title='bbox 1479 989 1595 1041; x_wconf 72' lang='lat' dir='ltr'>qua:</span> <span class='ocrx_word' id='word_1_47' title='bbox 1627 975 1691 1027; x_wconf 89' lang='lat' dir='ltr'>ad</span> <span class='ocrx_word' id='word_1_48' title='bbox 1742 975 2077 1042; x_wconf 87' lang='lat' dir='ltr'>propositum</span> 
     </span>
    </p>
   </div>
   <div class='ocr_carea' id='block_1_9' title="bbox 501 1063 2084 1132">
    <p class='ocr_par' dir='ltr' id='par_1_9' title="bbox 501 1063 2084 1132">
     <span class='ocr_line' id='line_1_9' title="bbox 501 1063 2084 1132; baseline 0.003 -18"><span class='ocrx_word' id='word_1_49' title='bbox 501 1073 875 1131; x_wconf 85' lang='lat' dir='ltr'>argumentum</span> <span class='ocrx_word' id='word_1_50' title='bbox 913 1063 1045 1116; x_wconf 85' lang='lat' dir='ltr'>nihil</span> <span class='ocrx_word' id='word_1_51' title='bbox 1079 1064 1326 1119; x_wconf 91' lang='lat' dir='ltr'>attinent.</span> <span class='ocrx_word' id='word_1_52' title='bbox 1363 1063 1438 1117; x_wconf 80' lang='lat' dir='ltr'>Ac</span> <span class='ocrx_word' id='word_1_53' title='bbox 1469 1065 1643 1119; x_wconf 81' lang='lat' dir='ltr'>simile</span> <span class='ocrx_word' id='word_1_54' title='bbox 1675 1066 1798 1132; x_wconf 89' lang='lat' dir='ltr'>quid</span> <span class='ocrx_word' id='word_1_55' title='bbox 1845 1067 2084 1120; x_wconf 87' lang='lat' dir='ltr'>occurrit</span> 
     </span>
    </p>
   </div>
   <div class='ocr_carea' id='block_1_10' title="bbox 500 1153 2084 1221">
    <p class='ocr_par' dir='ltr' id='par_1_10' title="bbox 500 1153 2084 1221">
     <span class='ocr_line' id='line_1_10' title="bbox 500 1153 2084 1221; baseline 0.006 -18"><span class='ocrx_word' id='word_1_56' title='bbox 500 1169 623 1221; x_wconf 79' lang='lat' dir='ltr'>pag.</span> <span class='ocrx_word' id='word_1_57' title='bbox 659 1153 785 1218; x_wconf 72' lang='grc'>⁸260,</span> <span class='ocrx_word' id='word_1_58' title='bbox 836 1165 887 1207; x_wconf 90' lang='lat' dir='ltr'>et</span> <span class='ocrx_word' id='word_1_59' title='bbox 917 1155 1283 1221; x_wconf 80' lang='lat' dir='ltr'>sequentibus,</span> <span class='ocrx_word' id='word_1_60' title='bbox 1319 1155 1405 1207; x_wconf 90' lang='lat' dir='ltr'>ubi</span> <span class='ocrx_word' id='word_1_61' title='bbox 1429 1153 1737 1209; x_wconf 68' lang='lat' dir='ltr'>Zachariae</span> <span class='ocrx_word' id='word_1_62' title='bbox 1765 1157 1941 1210; x_wconf 91' lang='lat' dir='ltr'>locum</span> <span class='ocrx_word' id='word_1_63' title='bbox 2007 1158 2084 1212; x_wconf 88' lang='lat' dir='ltr'>sic</span> 
     </span>
    </p>
   </div>
   <div class='ocr_carea' id='block_1_11' title="bbox 500 1243 2087 1314">
    <p class='ocr_par' dir='ltr' id='par_1_11' title="bbox 500 1243 2087 1314">
     <span class='ocr_line' id='line_1_11' title="bbox 500 1243 2087 1314; baseline 0.004 -21"><span class='ocrx_word' id='word_1_64' title='bbox 500 1243 756 1310; x_wconf 76' lang='lat' dir='ltr'>ettplicari</span> <span class='ocrx_word' id='word_1_65' title='bbox 796 1243 1020 1307; x_wconf 81' lang='lat' dir='ltr'>videbis,</span> <span class='ocrx_word' id='word_1_66' title='bbox 1071 1251 1127 1296; x_wconf 88' lang='lat' dir='ltr'>ttt</span> <span class='ocrx_word' id='word_1_67' title='bbox 1161 1243 1273 1310; x_wconf 90' lang='lat' dir='ltr'>jam</span> <span class='ocrx_word' id='word_1_68' title='bbox 1320 1259 1423 1296; x_wconf 87' lang='lat' dir='ltr'>non</span> <span class='ocrx_word' id='word_1_69' title='bbox 1465 1245 1769 1314; x_wconf 83' lang='lat' dir='ltr'>theologum</span> <span class='ocrx_word' id='word_1_70' title='bbox 1811 1247 1875 1299; x_wconf 89' lang='lat' dir='ltr'>de</span> <span class='ocrx_word' id='word_1_71' title='bbox 1913 1247 2087 1314; x_wconf 81' lang='lat' dir='ltr'>Spiri-</span> 
     </span>
    </p>
   </div>
   <div class='ocr_carea' id='block_1_12' title="bbox 505 1334 2083 1406">
    <p class='ocr_par' dir='ltr' id='par_1_12' title="bbox 505 1334 2083 1406">
     <span class='ocr_line' id='line_1_12' title="bbox 505 1334 2083 1406; baseline 0.006 -24"><span class='ocrx_word' id='word_1_72' title='bbox 505 1343 594 1386; x_wconf 89' lang='lat' dir='ltr'>tus</span> <span class='ocrx_word' id='word_1_73' title='bbox 631 1334 800 1388; x_wconf 74' lang='lat' dir='ltr'>sanrti</span> <span class='ocrx_word' id='word_1_74' title='bbox 856 1334 1137 1387; x_wconf 85' lang='lat' dir='ltr'>divinitate</span> <span class='ocrx_word' id='word_1_75' title='bbox 1190 1345 1437 1400; x_wconf 74' lang='lat' dir='ltr'>agentem</span> <span class='ocrx_word' id='word_1_76' title='bbox 1473 1335 1649 1406; x_wconf 83' lang='lat' dir='ltr'>legere</span> <span class='ocrx_word' id='word_1_77' title='bbox 1707 1348 1755 1390; x_wconf 88' lang='lat' dir='ltr'>te</span> <span class='ocrx_word' id='word_1_78' title='bbox 1784 1347 1959 1406; x_wconf 80' lang='lat' dir='ltr'>putes,</span> <span class='ocrx_word' id='word_1_79' title='bbox 1989 1339 2083 1392; x_wconf 85' lang='lat' dir='ltr'>sed</span> 
     </span>
    </p>
   </div>
   <div class='ocr_carea' id='block_1_13' title="bbox 507 1425 2085 1499">
    <p class='ocr_par' dir='ltr' id='par_1_13' title="bbox 507 1425 2085 1499">
     <span class='ocr_line' id='line_1_13' title="bbox 507 1425 2085 1499; baseline 0.004 -23"><span class='ocrx_word' id='word_1_80' title='bbox 507 1425 854 1492; x_wconf 81' lang='lat' dir='ltr'>interpretem</span> <span class='ocrx_word' id='word_1_81' title='bbox 887 1427 1197 1494; x_wconf 86' lang='lat' dir='ltr'>Scripturas</span> <span class='ocrx_word' id='word_1_82' title='bbox 1225 1427 1623 1493; x_wconf 69' lang='lat' dir='ltr'>esplanantem.</span> <span class='ocrx_word' id='word_1_83' title='bbox 1645 1427 1796 1494; x_wconf 82' lang='lat' dir='ltr'>Quod</span> <span class='ocrx_word' id='word_1_84' title='bbox 1837 1430 2085 1499; x_wconf 78' lang='lat' dir='ltr'>paginam</span> 
     </span>
    </p>
   </div>
   <div class='ocr_carea' id='block_1_14' title="bbox 501 1516 2020 1587">
    <p class='ocr_par' dir='ltr' id='par_1_14' title="bbox 501 1516 2020 1587">
     <span class='ocr_line' id='line_1_14' title="bbox 501 1516 2020 1587; baseline 0.004 -19"><span class='ocrx_word' id='word_1_85' title='bbox 501 1516 862 1582; x_wconf 67' lang='lat' dir='ltr'>quoque&#39;Ziii,</span> <span class='ocrx_word' id='word_1_86' title='bbox 895 1517 1129 1583; x_wconf 84' lang='lat' dir='ltr'>aliasque</span> <span class='ocrx_word' id='word_1_87' title='bbox 1183 1517 1466 1572; x_wconf 88' lang='lat' dir='ltr'>nonnullas</span> <span class='ocrx_word' id='word_1_88' title='bbox 1498 1518 1690 1584; x_wconf 81' lang='lat' dir='ltr'>legenti</span> <span class='ocrx_word' id='word_1_89' title='bbox 1725 1524 2020 1587; x_wconf 78' lang='lat' dir='ltr'>continget.</span> 
     </span>
    </p>
   </div>
   <div class='ocr_carea' id='block_1_15' title="bbox 572 1609 2084 1680">
    <p class='ocr_par' dir='ltr' id='par_1_15' title="bbox 572 1609 2084 1680">
     <span class='ocr_line' id='line_1_15' title="bbox 572 1609 2084 1680; baseline 0.003 -20"><span class='ocrx_word' id='word_1_90' title='bbox 572 1609 655 1662; x_wconf 92' lang='lat' dir='ltr'>lll.</span> <span class='ocrx_word' id='word_1_91' title='bbox 703 1610 986 1664; x_wconf 69' lang='lat' dir='ltr'>Dialectice</span> <span class='ocrx_word' id='word_1_92' title='bbox 1038 1627 1098 1664; x_wconf 85' lang='lat' dir='ltr'>ac</span> <span class='ocrx_word' id='word_1_93' title='bbox 1156 1611 1424 1665; x_wconf 78' lang='lat' dir='ltr'>subtiliter</span> <span class='ocrx_word' id='word_1_94' title='bbox 1473 1612 1524 1665; x_wconf 92' lang='lat' dir='ltr'>in</span> <span class='ocrx_word' id='word_1_95' title='bbox 1572 1612 1709 1666; x_wconf 88' lang='lat' dir='ltr'>libro</span> <span class='ocrx_word' id='word_1_96' title='bbox 1759 1612 1831 1665; x_wconf 86' lang='lat' dir='ltr'>I)e</span> <span class='ocrx_word' id='word_1_97' title='bbox 1885 1612 2084 1680; x_wconf 87' lang='lat' dir='ltr'>Spiritu</span> 
     </span>
    </p>
   </div>
   <div class='ocr_carea' id='block_1_16' title="bbox 503 1701 2088 1773">
    <p class='ocr_par' dir='ltr' id='par_1_16' title="bbox 503 1701 2088 1773">
     <span class='ocr_line' id='line_1_16' title="bbox 503 1701 2088 1773; baseline 0.004 -21"><span class='ocrx_word' id='word_1_98' title='bbox 503 1714 682 1753; x_wconf 82' lang='lat' dir='ltr'>sancio</span> <span class='ocrx_word' id='word_1_99' title='bbox 719 1701 974 1772; x_wconf 87' lang='lat' dir='ltr'>Didymus</span> <span class='ocrx_word' id='word_1_100' title='bbox 1009 1704 1381 1766; x_wconf 78' lang='lat' dir='ltr'>ratiocinator,</span> <span class='ocrx_word' id='word_1_101' title='bbox 1435 1704 1536 1758; x_wconf 88' lang='lat' dir='ltr'>etsi</span> <span class='ocrx_word' id='word_1_102' title='bbox 1581 1704 1651 1756; x_wconf 90' lang='lat' dir='ltr'>ibi</span> <span class='ocrx_word' id='word_1_103' title='bbox 1713 1715 2025 1773; x_wconf 81' lang='lat' dir='ltr'>argumenta</span> <span class='ocrx_word' id='word_1_104' title='bbox 2059 1720 2088 1758; x_wconf 89' lang='lat' dir='ltr'>e</span> 
     </span>
    </p>
   </div>
   <div class='ocr_carea' id='block_1_17' title="bbox 502 1793 2087 1865">
    <p class='ocr_par' dir='ltr' id='par_1_17' title="bbox 502 1793 2087 1865">
     <span class='ocr_line' id='line_1_17' title="bbox 502 1793 2087 1865; baseline 0.004 -20"><span class='ocrx_word' id='word_1_105' title='bbox 502 1793 794 1860; x_wconf 87' lang='lat' dir='ltr'>Scripturis</span> <span class='ocrx_word' id='word_1_106' title='bbox 854 1804 1059 1848; x_wconf 91' lang='lat' dir='ltr'>tantum</span> <span class='ocrx_word' id='word_1_107' title='bbox 1109 1795 1265 1849; x_wconf 88' lang='lat' dir='ltr'>ducta</span> <span class='ocrx_word' id='word_1_108' title='bbox 1313 1795 1576 1864; x_wconf 88' lang='lat' dir='ltr'>proferat.</span> <span class='ocrx_word' id='word_1_109' title='bbox 1633 1794 1690 1850; x_wconf 85' lang='lat' dir='ltr'>ld</span> <span class='ocrx_word' id='word_1_110' title='bbox 1719 1798 1892 1865; x_wconf 84' lang='lat' dir='ltr'>ipsum</span> <span class='ocrx_word' id='word_1_111' title='bbox 1957 1796 2087 1852; x_wconf 80' lang='lat' dir='ltr'>facit</span> 
     </span>
    </p>
   </div>
   <div class='ocr_carea' id='block_1_18' title="bbox 497 1893 778 1938">
    <p class='ocr_par' dir='ltr' id='par_1_18' title="bbox 497 1893 778 1938">
     <span class='ocr_line' id='line_1_18' title="bbox 497 1893 778 1938; baseline 0.007 -2"><span class='ocrx_word' id='word_1_112' title='bbox 497 1893 549 1936; x_wconf 72' lang='grc'>(51</span> <span class='ocrx_word' id='word_1_113' title='bbox 580 1895 778 1938; x_wconf 88' lang='lat' dir='ltr'>noster.</span> 
     </span>
    </p>
   </div>
   <div class='ocr_carea' id='block_1_19' title="bbox 545 1977 2074 2052">
    <p class='ocr_par' dir='ltr' id='par_1_19' title="bbox 545 1977 2074 2052">
     <span class='ocr_line' id='line_1_19' title="bbox 545 1977 2074 2052; baseline 0.005 -22"><span class='ocrx_word' id='word_1_114' title='bbox 545 1977 651 2030; x_wconf 87' lang='lat' dir='ltr'>&#39;lV.</span> <span class='ocrx_word' id='word_1_115' title='bbox 698 1979 984 2034; x_wconf 77' lang='lat' dir='ltr'>Verabulis</span> <span class='ocrx_word' id='word_1_116' title='bbox 1043 1991 1269 2048; x_wconf 90' lang='lat' dir='ltr'>uterque</span> <span class='ocrx_word' id='word_1_117' title='bbox 1316 1981 1487 2034; x_wconf 87' lang='lat' dir='ltr'>utitur</span> <span class='ocrx_word' id='word_1_118' title='bbox 1540 1981 1774 2036; x_wconf 79' lang='lat' dir='ltr'>maxime</span> <span class='ocrx_word' id='word_1_119' title='bbox 1841 1983 2074 2052; x_wconf 83' lang='lat' dir='ltr'>propriis</span> 
     </span>
    </p>
   </div>
   <div class='ocr_carea' id='block_1_20' title="bbox 496 2071 2094 2145">
    <p class='ocr_par' dir='ltr' id='par_1_20' title="bbox 496 2071 2094 2145">
     <span class='ocr_line' id='line_1_20' title="bbox 496 2071 2094 2145; baseline 0.004 -23"><span class='ocrx_word' id='word_1_120' title='bbox 496 2071 562 2122; x_wconf 88' lang='lat' dir='ltr'>ad</span> <span class='ocrx_word' id='word_1_121' title='bbox 595 2071 929 2138; x_wconf 67' lang='lat' dir='ltr'>explicanda,</span> <span class='ocrx_word' id='word_1_122' title='bbox 967 2088 1059 2125; x_wconf 86' lang='lat' dir='ltr'>seu</span> <span class='ocrx_word' id='word_1_123' title='bbox 1088 2071 1421 2142; x_wconf 87' lang='lat' dir='ltr'>designanda</span> <span class='ocrx_word' id='word_1_124' title='bbox 1456 2074 1634 2142; x_wconf 90' lang='lat' dir='ltr'>poti-us</span> <span class='ocrx_word' id='word_1_125' title='bbox 1682 2090 1799 2145; x_wconf 69' lang='lat' dir='ltr'>qum</span> <span class='ocrx_word' id='word_1_126' title='bbox 1829 2076 1892 2128; x_wconf 87' lang='lat' dir='ltr'>ad</span> <span class='ocrx_word' id='word_1_127' title='bbox 1939 2073 2022 2128; x_wconf 92' lang='lat' dir='ltr'>Tr</span> <span class='ocrx_word' id='word_1_128' title='bbox 2040 2076 2094 2139; x_wconf 90' lang='lat' dir='ltr'>i-_</span> 
     </span>
    </p>
   </div>
   <div class='ocr_carea' id='block_1_21' title="bbox 497 2162 1338 2232">
    <p class='ocr_par' dir='ltr' id='par_1_21' title="bbox 497 2162 1338 2232">
     <span class='ocr_line' id='line_1_21' title="bbox 497 2162 1338 2232; baseline 0.005 -18"><span class='ocrx_word' id='word_1_129' title='bbox 497 2162 682 2216; x_wconf 86' lang='lat' dir='ltr'>nitatis</span> <span class='ocrx_word' id='word_1_130' title='bbox 719 2164 1032 2232; x_wconf 78' lang='lat' dir='ltr'>mysterium</span> <span class='ocrx_word' id='word_1_131' title='bbox 1071 2173 1338 2231; x_wconf 68' lang='lat' dir='ltr'>Spectant.</span> 
     </span>
    </p>
   </div>
   <div class='ocr_carea' id='block_1_22' title="bbox 569 2249 2079 2321">
    <p class='ocr_par' dir='ltr' id='par_1_22' title="bbox 569 2249 2079 2321">
     <span class='ocr_line' id='line_1_22' title="bbox 569 2249 2079 2321; baseline 0.007 -19"><span class='ocrx_word' id='word_1_132' title='bbox 569 2249 631 2302; x_wconf 69' lang='grc' dir='ltr'><strong>ν.</strong></span> <span class='ocrx_word' id='word_1_133' title='bbox 677 2251 748 2304; x_wconf 84' lang='lat' dir='ltr'>Ea</span> <span class='ocrx_word' id='word_1_134' title='bbox 786 2252 1077 2318; x_wconf 69' lang='lat' dir='ltr'>Scriptura!</span> <span class='ocrx_word' id='word_1_135' title='bbox 1128 2252 1261 2316; x_wconf 87' lang='lat' dir='ltr'>loca,</span> <span class='ocrx_word' id='word_1_136' title='bbox 1326 2268 1391 2306; x_wconf 82' lang='lat' dir='ltr'>ex</span> <span class='ocrx_word' id='word_1_137' title='bbox 1445 2253 1638 2321; x_wconf 87' lang='lat' dir='ltr'>quibus</span> <span class='ocrx_word' id='word_1_138' title='bbox 1702 2257 2079 2312; x_wconf 77' lang='lat' dir='ltr'>ifzereticorum</span> 
     </span>
    </p>
   </div>
   <div class='ocr_carea' id='block_1_23' title="bbox 497 2341 2080 2416">
    <p class='ocr_par' dir='ltr' id='par_1_23' title="bbox 497 2341 2080 2416">
     <span class='ocr_line' id='line_1_23' title="bbox 497 2341 2080 2416; baseline 0.006 -24"><span class='ocrx_word' id='word_1_139' title='bbox 497 2341 856 2408; x_wconf 77' lang='lat' dir='ltr'>blasphemias</span> <span class='ocrx_word' id='word_1_140' title='bbox 892 2341 1109 2406; x_wconf 82' lang='lat' dir='ltr'>refellit,</span> <span class='ocrx_word' id='word_1_141' title='bbox 1139 2359 1299 2397; x_wconf 89' lang='lat' dir='ltr'>sensu</span> <span class='ocrx_word' id='word_1_142' title='bbox 1333 2345 1530 2413; x_wconf 77' lang='lat' dir='ltr'>accipit</span> <span class='ocrx_word' id='word_1_143' title='bbox 1584 2343 1698 2399; x_wconf 89' lang='lat' dir='ltr'>fere</span> <span class='ocrx_word' id='word_1_144' title='bbox 1731 2361 1944 2416; x_wconf 83' lang='lat' dir='ltr'>semper</span> <span class='ocrx_word' id='word_1_145' title='bbox 1979 2365 2080 2402; x_wconf 92' lang='lat' dir='ltr'>nou</span> 
     </span>
    </p>
   </div>
   <div class='ocr_carea' id='block_1_24' title="bbox 499 2432 2081 2500">
    <p class='ocr_par' dir='ltr' id='par_1_24' title="bbox 499 2432 2081 2500">
     <span class='ocr_line' id='line_1_24' title="bbox 499 2432 2081 2500; baseline 0.006 -17"><span class='ocrx_word' id='word_1_146' title='bbox 499 2432 749 2500; x_wconf 87' lang='lat' dir='ltr'>mystico,</span> <span class='ocrx_word' id='word_1_147' title='bbox 810 2433 902 2485; x_wconf 82' lang='lat' dir='ltr'>sed</span> <span class='ocrx_word' id='word_1_148' title='bbox 941 2432 1156 2486; x_wconf 89' lang='lat' dir='ltr'>litterali</span> <span class='ocrx_word' id='word_1_149' title='bbox 1187 2475 1199 2498; x_wconf 96' lang='lat'>,</span> <span class='ocrx_word' id='word_1_150' title='bbox 1244 2446 1348 2486; x_wconf 91' lang='lat' dir='ltr'>non</span> <span class='ocrx_word' id='word_1_151' title='bbox 1390 2434 1649 2499; x_wconf 85' lang='lat' dir='ltr'>violento,</span> <span class='ocrx_word' id='word_1_152' title='bbox 1701 2439 1796 2490; x_wconf 90' lang='lat' dir='ltr'>sed</span> <span class='ocrx_word' id='word_1_153' title='bbox 1844 2439 2081 2492; x_wconf 85' lang='lat' dir='ltr'>naturali</span> 
     </span>
    </p>
   </div>
   <div class='ocr_carea' id='block_1_25' title="bbox 497 2523 1606 2594">
    <p class='ocr_par' dir='ltr' id='par_1_25' title="bbox 497 2523 1606 2594">
     <span class='ocr_line' id='line_1_25' title="bbox 497 2523 1606 2594; baseline 0.004 -19"><span class='ocrx_word' id='word_1_154' title='bbox 497 2537 618 2575; x_wconf 87' lang='lat' dir='ltr'>cum</span> <span class='ocrx_word' id='word_1_155' title='bbox 647 2523 922 2590; x_wconf 78' lang='lat' dir='ltr'>theologus</span> <span class='ocrx_word' id='word_1_156' title='bbox 949 2534 1150 2587; x_wconf 86' lang='lat' dir='ltr'>noster,</span> <span class='ocrx_word' id='word_1_157' title='bbox 1185 2533 1294 2577; x_wconf 89' lang='lat' dir='ltr'>tum</span> <span class='ocrx_word' id='word_1_158' title='bbox 1329 2523 1606 2594; x_wconf 85' lang='lat' dir='ltr'>Didymus.</span> 
     </span>
    </p>
   </div>
   <div class='ocr_carea' id='block_1_26' title="bbox 566 2609 2064 2684">
    <p class='ocr_par' dir='ltr' id='par_1_26' title="bbox 566 2609 2064 2684">
     <span class='ocr_line' id='line_1_26' title="bbox 566 2609 2064 2684; baseline 0.004 -20"><span class='ocrx_word' id='word_1_159' title='bbox 566 2609 655 2664; x_wconf 80' lang='lat' dir='ltr'>Vl.</span> <span class='ocrx_word' id='word_1_160' title='bbox 695 2609 928 2664; x_wconf 89' lang='lat' dir='ltr'>Nimium</span> <span class='ocrx_word' id='word_1_161' title='bbox 978 2613 1188 2667; x_wconf 88' lang='lat' dir='ltr'>subtilis</span> <span class='ocrx_word' id='word_1_162' title='bbox 1216 2629 1318 2666; x_wconf 91' lang='lat' dir='ltr'>non</span> <span class='ocrx_word' id='word_1_163' title='bbox 1353 2624 1438 2667; x_wconf 90' lang='lat' dir='ltr'>est</span> <span class='ocrx_word' id='word_1_164' title='bbox 1469 2612 1753 2684; x_wconf 85' lang='lat' dir='ltr'>Didymus,</span> <span class='ocrx_word' id='word_1_165' title='bbox 1803 2616 1902 2669; x_wconf 82' lang='lat' dir='ltr'>etsi</span> <span class='ocrx_word' id='word_1_166' title='bbox 1937 2617 2064 2670; x_wconf 87' lang='lat' dir='ltr'>sub-</span> 
     </span>
    </p>
   </div>
   <div class='ocr_carea' id='block_1_27' title="bbox 496 2703 2084 2776">
    <p class='ocr_par' dir='ltr' id='par_1_27' title="bbox 496 2703 2084 2776">
     <span class='ocr_line' id='line_1_27' title="bbox 496 2703 2084 2776; baseline 0.004 -20"><span class='ocrx_word' id='word_1_167' title='bbox 496 2703 661 2757; x_wconf 84' lang='lat' dir='ltr'>tiliter</span> <span class='ocrx_word' id='word_1_168' title='bbox 691 2719 752 2756; x_wconf 87' lang='lat' dir='ltr'>ac</span> <span class='ocrx_word' id='word_1_169' title='bbox 783 2705 1061 2767; x_wconf 85' lang='lat' dir='ltr'>dialectice</span> <span class='ocrx_word' id='word_1_170' title='bbox 1119 2714 1544 2775; x_wconf 81' lang='lat' dir='ltr'>argumentetur.</span> <span class='ocrx_word' id='word_1_171' title='bbox 1601 2706 1910 2776; x_wconf 59' lang='lat' dir='ltr'>Eademjue</span> <span class='ocrx_word' id='word_1_172' title='bbox 1968 2709 2084 2763; x_wconf 83' lang='lat' dir='ltr'>laus</span> 
     </span>
    </p>
   </div>
   <div class='ocr_carea' id='block_1_28' title="bbox 496 2795 1224 2864">
    <p class='ocr_par' dir='ltr' id='par_1_28' title="bbox 496 2795 1224 2864">
     <span class='ocr_line' id='line_1_28' title="bbox 496 2795 1224 2864; baseline 0.004 -16"><span class='ocrx_word' id='word_1_173' title='bbox 496 2795 741 2864; x_wconf 86' lang='lat' dir='ltr'>tltcologo</span> <span class='ocrx_word' id='word_1_174' title='bbox 770 2806 952 2849; x_wconf 83' lang='lat' dir='ltr'>nostro</span> <span class='ocrx_word' id='word_1_175' title='bbox 979 2797 1224 2851; x_wconf 85' lang='lat' dir='ltr'>debetur.</span> 
     </span>
    </p>
   </div>
   <div class='ocr_carea' id='block_1_29' title="bbox 565 2883 2068 2959">
    <p class='ocr_par' dir='ltr' id='par_1_29' title="bbox 565 2883 2068 2959">
     <span class='ocr_line' id='line_1_29' title="bbox 565 2883 2068 2959; baseline 0.003 -20"><span class='ocrx_word' id='word_1_176' title='bbox 565 2883 678 2939; x_wconf 80' lang='lat' dir='ltr'>Vll.</span> <span class='ocrx_word' id='word_1_177' title='bbox 721 2886 791 2940; x_wconf 78' lang='lat' dir='ltr'>Se</span> <span class='ocrx_word' id='word_1_178' title='bbox 844 2888 1015 2951; x_wconf 91' lang='lat' dir='ltr'>ipsum</span> <span class='ocrx_word' id='word_1_179' title='bbox 1049 2887 1180 2939; x_wconf 87' lang='lat' dir='ltr'>citat</span> <span class='ocrx_word' id='word_1_180' title='bbox 1215 2902 1319 2940; x_wconf 83' lang='lat' dir='ltr'>non</span> <span class='ocrx_word' id='word_1_181' title='bbox 1375 2902 1500 2942; x_wconf 87' lang='lat' dir='ltr'>raro</span> <span class='ocrx_word' id='word_1_182' title='bbox 1549 2887 1834 2959; x_wconf 72' lang='lat' dir='ltr'>theologus</span> <span class='ocrx_word' id='word_1_183' title='bbox 1883 2899 2068 2944; x_wconf 88' lang='lat' dir='ltr'>noster</span> 
     </span>
    </p>
   </div>
   <div class='ocr_carea' id='block_1_30' title="bbox 494 2976 2081 3048">
    <p class='ocr_par' dir='ltr' id='par_1_30' title="bbox 494 2976 2081 3048">
     <span class='ocr_line' id='line_1_30' title="bbox 494 2976 2081 3048; baseline 0.003 -18"><span class='ocrx_word' id='word_1_184' title='bbox 494 2977 620 3030; x_wconf 89' lang='lat' dir='ltr'>item</span> <span class='ocrx_word' id='word_1_185' title='bbox 659 2987 713 3029; x_wconf 91' lang='lat' dir='ltr'>ut</span> <span class='ocrx_word' id='word_1_186' title='bbox 754 2976 1036 3047; x_wconf 88' lang='lat' dir='ltr'>Didymus.</span> <span class='ocrx_word' id='word_1_187' title='bbox 1067 2976 1306 3047; x_wconf 89' lang='lat' dir='ltr'>Uterque</span> <span class='ocrx_word' id='word_1_188' title='bbox 1347 2979 1509 3032; x_wconf 90' lang='lat' dir='ltr'>etiam</span> <span class='ocrx_word' id='word_1_189' title='bbox 1542 2980 1834 3048; x_wconf 86' lang='lat' dir='ltr'>scriptores</span> <span class='ocrx_word' id='word_1_190' title='bbox 1859 2981 2033 3034; x_wconf 88' lang='lat' dir='ltr'>citans</span> <span class='ocrx_word' id='word_1_191' title='bbox 2066 3021 2081 3047; x_wconf 92' lang='lat'>,</span> 
     </span>
    </p>
   </div>
   <div class='ocr_carea' id='block_1_31' title="bbox 496 3068 2072 3141">
    <p class='ocr_par' dir='ltr' id='par_1_31' title="bbox 496 3068 2072 3141">
     <span class='ocr_line' id='line_1_31' title="bbox 496 3068 2072 3141; baseline 0.004 -21"><span class='ocrx_word' id='word_1_192' title='bbox 496 3078 586 3121; x_wconf 91' lang='lat' dir='ltr'>aut</span> <span class='ocrx_word' id='word_1_193' title='bbox 620 3068 752 3121; x_wconf 89' lang='lat' dir='ltr'>alius</span> <span class='ocrx_word' id='word_1_194' title='bbox 788 3068 994 3136; x_wconf 90' lang='lat' dir='ltr'>aliquos</span> <span class='ocrx_word' id='word_1_195' title='bbox 1025 3069 1329 3133; x_wconf 85' lang='lat' dir='ltr'>nominans,</span> <span class='ocrx_word' id='word_1_196' title='bbox 1380 3069 1540 3123; x_wconf 81' lang='lat' dir='ltr'>breve</span> <span class='ocrx_word' id='word_1_197' title='bbox 1569 3071 1806 3139; x_wconf 87' lang='lat' dir='ltr'>ipsorum</span> <span class='ocrx_word' id='word_1_198' title='bbox 1842 3071 2072 3141; x_wconf 81' lang='lat' dir='ltr'>elegiam</span> 
     </span>
    </p>
   </div>
   <div class='ocr_carea' id='block_1_32' title="bbox 493 3160 2078 3231">
    <p class='ocr_par' dir='ltr' id='par_1_32' title="bbox 493 3160 2078 3231">
     <span class='ocr_line' id='line_1_32' title="bbox 493 3160 2078 3231; baseline 0.004 -19"><span class='ocrx_word' id='word_1_199' title='bbox 493 3162 695 3229; x_wconf 83' lang='lat' dir='ltr'>passim</span> <span class='ocrx_word' id='word_1_200' title='bbox 728 3160 990 3230; x_wconf 87' lang='lat' dir='ltr'>adjuugit.</span> <span class='ocrx_word' id='word_1_201' title='bbox 1023 3160 1261 3231; x_wconf 84' lang='lat' dir='ltr'>Uterque</span> <span class='ocrx_word' id='word_1_202' title='bbox 1295 3162 1523 3218; x_wconf 89' lang='lat' dir='ltr'>lectores</span> <span class='ocrx_word' id='word_1_203' title='bbox 1552 3165 1819 3217; x_wconf 92' lang='lat' dir='ltr'>interdum</span> <span class='ocrx_word' id='word_1_204' title='bbox 1877 3165 1942 3219; x_wconf 87' lang='lat' dir='ltr'>ad</span> <span class='ocrx_word' id='word_1_205' title='bbox 1978 3166 2078 3220; x_wconf 88' lang='lat' dir='ltr'>alia</span> 
     </span>
    </p>
   </div>
   <div class='ocr_carea' id='block_1_33' title="bbox 494 3251 2148 3347">
    <p class='ocr_par' dir='ltr' id='par_1_33' title="bbox 494 3251 2148 3347">
     <span class='ocr_line' id='line_1_33' title="bbox 494 3251 2148 3347; baseline 0.005 -45"><span class='ocrx_word' id='word_1_206' title='bbox 494 3260 692 3318; x_wconf 71' lang='lat' dir='ltr'>praeter</span> <span class='ocrx_word' id='word_1_207' title='bbox 729 3251 838 3317; x_wconf 90' lang='lat' dir='ltr'>illa,</span> <span class='ocrx_word' id='word_1_208' title='bbox 871 3265 992 3320; x_wconf 74' lang='lat' dir='ltr'>qua:</span> <span class='ocrx_word' id='word_1_209' title='bbox 1024 3251 1201 3316; x_wconf 87' lang='lat' dir='ltr'>all‘ert,</span> <span class='ocrx_word' id='word_1_210' title='bbox 1250 3254 1545 3320; x_wconf 75' lang='lat' dir='ltr'>Scriptura:</span> <span class='ocrx_word' id='word_1_211' title='bbox 1581 3254 1886 3308; x_wconf 88' lang='lat' dir='ltr'>testimonia</span> <span class='ocrx_word' id='word_1_212' title='bbox 1935 3272 2148 3347; x_wconf 42' lang='grc' dir='ltr'>(μω-πρ</span> 
     </span>
    </p>
   </div>
   <div class='ocr_carea' id='block_1_34' title="bbox 496 3343 2079 3414">
    <p class='ocr_par' dir='ltr' id='par_1_34' title="bbox 496 3343 2079 3414">
     <span class='ocr_line' id='line_1_34' title="bbox 496 3343 2079 3414; baseline 0.008 -23"><span class='ocrx_word' id='word_1_213' title='bbox 496 3345 660 3392; x_wconf 87' lang='lat' dir='ltr'>renda</span> <span class='ocrx_word' id='word_1_214' title='bbox 713 3343 945 3406; x_wconf 76' lang='lat' dir='ltr'>excitat;</span> <span class='ocrx_word' id='word_1_215' title='bbox 994 3354 1179 3396; x_wconf 85' lang='lat' dir='ltr'>noster</span> <span class='ocrx_word' id='word_1_216' title='bbox 1227 3343 1476 3411; x_wconf 88' lang='lat' dir='ltr'>quidem,</span> <span class='ocrx_word' id='word_1_217' title='bbox 1524 3359 1573 3396; x_wconf 90' lang='lat' dir='ltr'>v.</span> <span class='ocrx_word' id='word_1_218' title='bbox 1599 3359 1706 3412; x_wconf 87' lang='lat' dir='ltr'>gr.,</span> <span class='ocrx_word' id='word_1_219' title='bbox 1741 3362 1857 3414; x_wconf 77' lang='lat' dir='ltr'>pag.</span> <span class='ocrx_word' id='word_1_220' title='bbox 1894 3346 2000 3400; x_wconf 74' lang='lat'>2‘27</span> <span class='ocrx_word' id='word_1_221' title='bbox 2025 3360 2079 3403; x_wconf 92' lang='lat' dir='ltr'>et</span> 
     </span>
    </p>
   </div>
   <div class='ocr_carea' id='block_1_35' title="bbox 488 3430 2073 3512">
    <p class='ocr_par' dir='ltr' id='par_1_35' title="bbox 488 3430 2073 3512">
     <span class='ocr_line' id='line_1_35' title="bbox 488 3430 2073 3512; baseline 0.006 -27"><span class='ocrx_word' id='word_1_222' title='bbox 488 3430 633 3498; x_wconf 66' lang='lat' dir='ltr'>5M;</span> <span class='ocrx_word' id='word_1_223' title='bbox 671 3431 929 3502; x_wconf 85' lang='lat' dir='ltr'>Didymus</span> <span class='ocrx_word' id='word_1_224' title='bbox 967 3450 1094 3489; x_wconf 87' lang='lat' dir='ltr'>vero</span> <span class='ocrx_word' id='word_1_225' title='bbox 1128 3435 1179 3488; x_wconf 92' lang='lat' dir='ltr'>iu</span> <span class='ocrx_word' id='word_1_226' title='bbox 1227 3434 1361 3490; x_wconf 91' lang='lat' dir='ltr'>locis</span> <span class='ocrx_word' id='word_1_227' title='bbox 1388 3449 1419 3488; x_wconf 86' lang='lat' dir='ltr'>a</span> <span class='ocrx_word' id='word_1_228' title='bbox 1461 3452 1545 3491; x_wconf 87' lang='lat' dir='ltr'>me</span> <span class='ocrx_word' id='word_1_229' title='bbox 1577 3452 1694 3508; x_wconf 88' lang='lat' dir='ltr'>pag.</span> <span class='ocrx_word' id='word_1_230' title='bbox 1738 3436 1840 3492; x_wconf 69' lang='lat'>2:27</span> <span class='ocrx_word' id='word_1_231' title='bbox 1874 3440 2073 3512; x_wconf 87' lang='lat' dir='ltr'>allega-</span> 
     </span>
    </p>
   </div>
   <div class='ocr_carea' id='block_1_36' title="bbox 488 3523 577 3577">
    <p class='ocr_par' dir='ltr' id='par_1_36' title="bbox 488 3523 577 3577">
     <span class='ocr_line' id='line_1_36' title="bbox 488 3523 577 3577; baseline 0.045 -4"><span class='ocrx_word' id='word_1_232' title='bbox 488 3523 577 3577; x_wconf 86' lang='lat' dir='ltr'>tis.</span> 
     </span>
    </p>
   </div>
   <div class='ocr_carea' id='block_1_37' title="bbox 565 3613 2069 3679">
    <p class='ocr_par' dir='ltr' id='par_1_37' title="bbox 565 3613 2069 3679">
     <span class='ocr_line' id='line_1_37' title="bbox 565 3613 2069 3679; baseline 0.008 -12"><span class='ocrx_word' id='word_1_233' title='bbox 565 3613 692 3669; x_wconf 72' lang='lat' dir='ltr'>Vill.</span> <span class='ocrx_word' id='word_1_234' title='bbox 735 3615 999 3669; x_wconf 73' lang='lat' dir='ltr'>Nonnulla</span> <span class='ocrx_word' id='word_1_235' title='bbox 1035 3619 1228 3672; x_wconf 90' lang='lat' dir='ltr'>iterum</span> <span class='ocrx_word' id='word_1_236' title='bbox 1270 3633 1333 3672; x_wconf 88' lang='lat' dir='ltr'>ac</span> <span class='ocrx_word' id='word_1_237' title='bbox 1373 3620 1548 3674; x_wconf 74' lang='lat' dir='ltr'>tertio</span> <span class='ocrx_word' id='word_1_238' title='bbox 1579 3618 1916 3677; x_wconf 89' lang='lat' dir='ltr'>inculcantur</span> <span class='ocrx_word' id='word_1_239' title='bbox 1949 3640 2069 3679; x_wconf 86' lang='lat' dir='ltr'>cum</span> 
     </span>
    </p>
   </div>
   <div class='ocr_carea' id='block_1_38' title="bbox 486 3705 1872 3782">
    <p class='ocr_par' dir='ltr' id='par_1_38' title="bbox 486 3705 1872 3782">
     <span class='ocr_line' id='line_1_38' title="bbox 486 3705 1872 3782; baseline 0.006 -23"><span class='ocrx_word' id='word_1_240' title='bbox 486 3705 538 3759; x_wconf 88' lang='lat' dir='ltr'>in</span> <span class='ocrx_word' id='word_1_241' title='bbox 578 3706 710 3759; x_wconf 87' lang='lat' dir='ltr'>libro</span> <span class='ocrx_word' id='word_1_242' title='bbox 740 3707 811 3759; x_wconf 87' lang='lat' dir='ltr'>De</span> <span class='ocrx_word' id='word_1_243' title='bbox 844 3706 1043 3776; x_wconf 84' lang='lat' dir='ltr'>Spiritu</span> <span class='ocrx_word' id='word_1_244' title='bbox 1073 3722 1279 3775; x_wconf 84' lang='lat' dir='ltr'>sancto,</span> <span class='ocrx_word' id='word_1_245' title='bbox 1316 3722 1424 3764; x_wconf 90' lang='lat' dir='ltr'>tum</span> <span class='ocrx_word' id='word_1_246' title='bbox 1465 3713 1513 3765; x_wconf 91' lang='lat' dir='ltr'>in</span> <span class='ocrx_word' id='word_1_247' title='bbox 1553 3714 1654 3768; x_wconf 80' lang='lat' dir='ltr'>hec</span> <span class='ocrx_word' id='word_1_248' title='bbox 1688 3729 1872 3782; x_wconf 87' lang='lat' dir='ltr'>opere.</span> 
     </span>
    </p>
   </div>
   <div class='ocr_carea' id='block_1_39' title="bbox 563 3797 2068 3871">
    <p class='ocr_par' dir='ltr' id='par_1_39' title="bbox 563 3797 2068 3871">
     <span class='ocr_line' id='line_1_39' title="bbox 563 3797 2068 3871; baseline 0.003 -20"><span class='ocrx_word' id='word_1_249' title='bbox 563 3797 653 3852; x_wconf 80' lang='lat' dir='ltr'>IX.</span> <span class='ocrx_word' id='word_1_250' title='bbox 715 3799 858 3852; x_wconf 84' lang='lat' dir='ltr'>Satis</span> <span class='ocrx_word' id='word_1_251' title='bbox 925 3801 1080 3870; x_wconf 76' lang='lat' dir='ltr'>longa</span> <span class='ocrx_word' id='word_1_252' title='bbox 1151 3804 1406 3857; x_wconf 82' lang='lat' dir='ltr'>exscribit</span> <span class='ocrx_word' id='word_1_253' title='bbox 1475 3804 1741 3858; x_wconf 85' lang='lat' dir='ltr'>interdum</span> <span class='ocrx_word' id='word_1_254' title='bbox 1811 3805 2068 3871; x_wconf 81' lang='lat' dir='ltr'>Didymus</span> 
     </span>
    </p>
   </div>
   <div class='ocr_carea' id='block_1_40' title="bbox 485 3891 2068 3964">
    <p class='ocr_par' dir='ltr' id='par_1_40' title="bbox 485 3891 2068 3964">
     <span class='ocr_line' id='line_1_40' title="bbox 485 3891 2068 3964; baseline -0.001 -20"><span class='ocrx_word' id='word_1_255' title='bbox 485 3891 778 3959; x_wconf 69' lang='lat' dir='ltr'>Scriptura)</span> <span class='ocrx_word' id='word_1_256' title='bbox 818 3893 928 3946; x_wconf 87' lang='lat' dir='ltr'>loca</span> <span class='ocrx_word' id='word_1_257' title='bbox 953 3935 966 3957; x_wconf 94' lang='lat'>,</span> <span class='ocrx_word' id='word_1_258' title='bbox 1000 3895 1159 3964; x_wconf 90' lang='lat' dir='ltr'>idque</span> <span class='ocrx_word' id='word_1_259' title='bbox 1193 3898 1308 3950; x_wconf 91' lang='lat' dir='ltr'>sine</span> <span class='ocrx_word' id='word_1_260' title='bbox 1346 3910 1537 3962; x_wconf 88' lang='lat' dir='ltr'>magna</span> <span class='ocrx_word' id='word_1_261' title='bbox 1590 3895 1913 3946; x_wconf 87' lang='lat' dir='ltr'>necessitate</span> <span class='ocrx_word' id='word_1_262' title='bbox 1939 3930 1954 3952; x_wconf 93' lang='lat'>,</span> <span class='ocrx_word' id='word_1_263' title='bbox 2009 3900 2068 3942; x_wconf 88' lang='lat' dir='ltr'>ut</span> 
     </span>
    </p>
   </div>
   <div class='ocr_carea' id='block_1_41' title="bbox 484 3981 2068 4056">
    <p class='ocr_par' dir='ltr' id='par_1_41' title="bbox 484 3981 2068 4056">
     <span class='ocr_line' id='line_1_41' title="bbox 484 3981 2068 4056; baseline -0.006 -14"><span class='ocrx_word' id='word_1_264' title='bbox 484 3986 662 4036; x_wconf 81' lang='lat' dir='ltr'>monui</span> <span class='ocrx_word' id='word_1_265' title='bbox 713 4001 834 4054; x_wconf 77' lang='lat' dir='ltr'>pag.</span> <span class='ocrx_word' id='word_1_266' title='bbox 887 3988 1011 4041; x_wconf 72' lang='grc'>517.</span> <span class='ocrx_word' id='word_1_267' title='bbox 1077 3988 1131 4040; x_wconf 87' lang='lat' dir='ltr'>id</span> <span class='ocrx_word' id='word_1_268' title='bbox 1189 3990 1361 4056; x_wconf 84' lang='lat' dir='ltr'>ipsum</span> <span class='ocrx_word' id='word_1_269' title='bbox 1415 4001 1443 4036; x_wconf 90' lang='lat' dir='ltr'>a</span> <span class='ocrx_word' id='word_1_270' title='bbox 1504 3995 1688 4034; x_wconf 91' lang='lat' dir='ltr'>nostro</span> <span class='ocrx_word' id='word_1_271' title='bbox 1752 3981 1866 4032; x_wconf 85' lang='lat' dir='ltr'>fieri</span> <span class='ocrx_word' id='word_1_272' title='bbox 1922 3989 2068 4046; x_wconf 85' lang='lat' dir='ltr'>patet</span> 
     </span>
    </p>
   </div>
   <div class='ocr_carea' id='block_1_42' title="bbox 481 4069 2061 4149">
    <p class='ocr_par' dir='ltr' id='par_1_42' title="bbox 481 4069 2061 4149">
     <span class='ocr_line' id='line_1_42' title="bbox 481 4069 2061 4149; baseline -0.004 -22"><span class='ocrx_word' id='word_1_273' title='bbox 481 4093 602 4129; x_wconf 79' lang='lat' dir='ltr'>cum</span> <span class='ocrx_word' id='word_1_274' title='bbox 634 4094 697 4130; x_wconf 76' lang='lat' dir='ltr'>ex</span> <span class='ocrx_word' id='word_1_275' title='bbox 748 4083 932 4134; x_wconf 80' lang='lat' dir='ltr'>cadent</span> <span class='ocrx_word' id='word_1_276' title='bbox 970 4098 1092 4149; x_wconf 82' lang='lat' dir='ltr'>pag.</span> <span class='ocrx_word' id='word_1_277' title='bbox 1125 4080 1249 4144; x_wconf 71' lang='lat' dir='ltr'>5W,</span> <span class='ocrx_word' id='word_1_278' title='bbox 1278 4087 1389 4128; x_wconf 89' lang='lat' dir='ltr'>tum</span> <span class='ocrx_word' id='word_1_279' title='bbox 1422 4089 1486 4126; x_wconf 80' lang='lat' dir='ltr'>ex</span> <span class='ocrx_word' id='word_1_280' title='bbox 1516 4085 1671 4140; x_wconf 81' lang='lat' dir='ltr'>pagg.</span> <span class='ocrx_word' id='word_1_281' title='bbox 1705 4070 1773 4123; x_wconf 73' lang='lat'>5&#39;6</span> <span class='ocrx_word' id='word_1_282' title='bbox 1796 4109 1810 4135; x_wconf 91' lang='lat'>,</span> <span class='ocrx_word' id='word_1_283' title='bbox 1841 4070 1929 4136; x_wconf 80' lang='lat'><strong>&#39;57,</strong></span> <span class='ocrx_word' id='word_1_284' title='bbox 1957 4069 2025 4122; x_wconf 74' lang='grc'>44</span> <span class='ocrx_word' id='word_1_285' title='bbox 2047 4111 2061 4135; x_wconf 91' lang='grc'>,</span> 
     </span>
    </p>
   </div>
   <div class='ocr_carea' id='block_1_43' title="bbox 479 4170 1100 4233">
    <p class='ocr_par' dir='ltr' id='par_1_43' title="bbox 479 4170 1100 4233">
     <span class='ocr_line' id='line_1_43' title="bbox 479 4170 1100 4233; baseline -0.005 -8"><span class='ocrx_word' id='word_1_286' title='bbox 479 4170 570 4233; x_wconf 81' lang='grc'>58,</span> <span class='ocrx_word' id='word_1_287' title='bbox 608 4171 728 4233; x_wconf 66' lang='grc'><strong>194,</strong></span> <span class='ocrx_word' id='word_1_288' title='bbox 764 4172 866 4226; x_wconf 70' lang='grc'>258</span> <span class='ocrx_word' id='word_1_289' title='bbox 894 4184 945 4225; x_wconf 94' lang='lat' dir='ltr'>et</span> <span class='ocrx_word' id='word_1_290' title='bbox 976 4171 1100 4224; x_wconf 75' lang='lat'>585.</span> 
     </span>
    </p>
   </div>
   <div class='ocr_carea' id='block_1_44' title="bbox 553 4253 2061 4334">
    <p class='ocr_par' dir='ltr' id='par_1_44' title="bbox 553 4253 2061 4334">
     <span class='ocr_line' id='line_1_44' title="bbox 553 4253 2061 4334; baseline -0.005 -18"><span class='ocrx_word' id='word_1_291' title='bbox 553 4263 790 4334; x_wconf 88' lang='lat' dir='ltr'>Denique</span> <span class='ocrx_word' id='word_1_292' title='bbox 815 4263 1123 4315; x_wconf 79' lang='lat' dir='ltr'>dubitanter</span> <span class='ocrx_word' id='word_1_293' title='bbox 1152 4257 1291 4324; x_wconf 92' lang='lat' dir='ltr'>loqui</span> <span class='ocrx_word' id='word_1_294' title='bbox 1329 4265 1474 4307; x_wconf 90' lang='lat' dir='ltr'>amat</span> <span class='ocrx_word' id='word_1_295' title='bbox 1517 4253 1798 4324; x_wconf 86' lang='lat' dir='ltr'>Didymus,</span> <span class='ocrx_word' id='word_1_296' title='bbox 1834 4253 1910 4309; x_wconf 88' lang='lat' dir='ltr'>ita</span> <span class='ocrx_word' id='word_1_297' title='bbox 1955 4255 2061 4308; x_wconf 90' lang='lat' dir='ltr'>sci-</span> 
     </span>
    </p>
   </div>
   <div class='ocr_carea' id='block_1_45' title="bbox 479 4344 2059 4416">
    <p class='ocr_par' dir='ltr' id='par_1_45' title="bbox 479 4344 2059 4416">
     <span class='ocr_line' id='line_1_45' title="bbox 479 4344 2059 4416; baseline -0.006 -11"><span class='ocrx_word' id='word_1_298' title='bbox 479 4353 603 4406; x_wconf 86' lang='lat' dir='ltr'>licet</span> <span class='ocrx_word' id='word_1_299' title='bbox 660 4364 718 4404; x_wconf 91' lang='lat' dir='ltr'>ut</span> <span class='ocrx_word' id='word_1_300' title='bbox 766 4368 868 4404; x_wconf 87' lang='lat' dir='ltr'>non</span> <span class='ocrx_word' id='word_1_301' title='bbox 902 4349 1028 4416; x_wconf 89' lang='lat' dir='ltr'>quid</span> <span class='ocrx_word' id='word_1_302' title='bbox 1081 4349 1192 4414; x_wconf 89' lang='lat' dir='ltr'>ipse</span> <span class='ocrx_word' id='word_1_303' title='bbox 1237 4348 1455 4410; x_wconf 78' lang='lat' dir='ltr'>sentiat,</span> <span class='ocrx_word' id='word_1_304' title='bbox 1512 4344 1739 4398; x_wconf 87' lang='lat' dir='ltr'>delinire</span> <span class='ocrx_word' id='word_1_305' title='bbox 1770 4345 1916 4410; x_wconf 84' lang='lat' dir='ltr'>velit,</span> <span class='ocrx_word' id='word_1_306' title='bbox 1968 4345 2059 4400; x_wconf 87' lang='lat' dir='ltr'>sed</span> 
     </span>
    </p>
   </div>
   <div class='ocr_carea' id='block_1_46' title="bbox 478 4435 2058 4511">
    <p class='ocr_par' dir='ltr' id='par_1_46' title="bbox 478 4435 2058 4511">
     <span class='ocr_line' id='line_1_46' title="bbox 478 4435 2058 4511; baseline -0.003 -15"><span class='ocrx_word' id='word_1_307' title='bbox 478 4445 653 4511; x_wconf 88' lang='lat' dir='ltr'>aliqua</span> <span class='ocrx_word' id='word_1_308' title='bbox 709 4442 898 4494; x_wconf 89' lang='lat' dir='ltr'>lectori</span> <span class='ocrx_word' id='word_1_309' title='bbox 958 4438 1313 4491; x_wconf 75' lang='lat' dir='ltr'>exntninantla</span> <span class='ocrx_word' id='word_1_310' title='bbox 1396 4445 1682 4506; x_wconf 86' lang='lat' dir='ltr'>proponat.</span> <span class='ocrx_word' id='word_1_311' title='bbox 1757 4435 1925 4507; x_wconf 89' lang='lat' dir='ltr'>llujus</span> <span class='ocrx_word' id='word_1_312' title='bbox 1982 4438 2058 4492; x_wconf 89' lang='lat' dir='ltr'>rei</span> 
     </span>
    </p>
   </div>
   <div class='ocr_carea' id='block_1_47' title="bbox 475 4525 2056 4597">
    <p class='ocr_par' dir='ltr' id='par_1_47' title="bbox 475 4525 2056 4597">
     <span class='ocr_line' id='line_1_47' title="bbox 475 4525 2056 4597; baseline -0.002 -12"><span class='ocrx_word' id='word_1_313' title='bbox 475 4531 716 4597; x_wconf 79' lang='lat' dir='ltr'>exempla</span> <span class='ocrx_word' id='word_1_314' title='bbox 753 4530 804 4580; x_wconf 90' lang='lat' dir='ltr'>in</span> <span class='ocrx_word' id='word_1_315' title='bbox 853 4525 1292 4581; x_wconf 79' lang='lat' dir='ltr'>Enarrationibus</span> <span class='ocrx_word' id='word_1_316' title='bbox 1348 4528 1586 4581; x_wconf 88' lang='lat' dir='ltr'>invenies</span> <span class='ocrx_word' id='word_1_317' title='bbox 1618 4543 1772 4597; x_wconf 76' lang='lat' dir='ltr'>pagg.</span> <span class='ocrx_word' id='word_1_318' title='bbox 1824 4529 1912 4587; x_wconf 82' lang='grc'>50.</span> <span class='ocrx_word' id='word_1_319' title='bbox 1942 4529 2010 4582; x_wconf 70' lang='grc'>54</span> <span class='ocrx_word' id='word_1_320' title='bbox 2041 4568 2056 4593; x_wconf 92' lang='grc'>,</span> 
     </span>
    </p>
   </div>
   <div class='ocr_carea' id='block_1_48' title="bbox 2103 1949 2158 2003">
    <p class='ocr_par' dir='ltr' id='par_1_48' title="bbox 2103 1949 2158 2003">
     <span class='ocr_line' id='line_1_48' title="bbox 2103 1949 2158 2003; baseline 0 0"><span class='ocrx_word' id='word_1_321' title='bbox 2103 1949 2158 2003; x_wconf 79' lang='grc' dir='ltr'>’Β</span> 
     </span>
    </p>
   </div>
   <div class='ocr_carea' id='block_1_49' title="bbox 2188 694 3770 769">
    <p class='ocr_par' dir='ltr' id='par_1_49' title="bbox 2188 694 3770 769">
     <span class='ocr_line' id='line_1_49' title="bbox 2188 694 3770 769; baseline 0.001 -18"><span class='ocrx_word' id='word_1_322' title='bbox 2188 699 2425 766; x_wconf 88' lang='lat' dir='ltr'>inquam,</span> <span class='ocrx_word' id='word_1_323' title='bbox 2455 698 2722 753; x_wconf 75' lang='lat' dir='ltr'>luereticis</span> <span class='ocrx_word' id='word_1_324' title='bbox 2767 699 2952 769; x_wconf 85' lang='lat' dir='ltr'>objicit</span> <span class='ocrx_word' id='word_1_325' title='bbox 3010 713 3108 752; x_wconf 91' lang='lat' dir='ltr'>nec</span> <span class='ocrx_word' id='word_1_326' title='bbox 3174 698 3384 751; x_wconf 84' lang='lat' dir='ltr'>celebre</span> <span class='ocrx_word' id='word_1_327' title='bbox 3423 694 3651 750; x_wconf 76' lang='lat' dir='ltr'>Joannis</span> <span class='ocrx_word' id='word_1_328' title='bbox 3688 706 3770 754; x_wconf 72' lang='lat' dir='ltr'>c8-</span> 
     </span>
    </p>
   </div>
   <div class='ocr_carea' id='block_1_50' title="bbox 2186 788 3774 859">
    <p class='ocr_par' dir='ltr' id='par_1_50' title="bbox 2186 788 3774 859">
     <span class='ocr_line' id='line_1_50' title="bbox 2186 788 3774 859; baseline -0.001 -17"><span class='ocrx_word' id='word_1_329' title='bbox 2186 791 2411 859; x_wconf 89' lang='lat' dir='ltr'>pitulum</span> <span class='ocrx_word' id='word_1_330' title='bbox 2432 835 2445 855; x_wconf 91' lang='lat'>,</span> <span class='ocrx_word' id='word_1_331' title='bbox 2489 791 2614 845; x_wconf 82' lang='lat' dir='ltr'>Tres</span> <span class='ocrx_word' id='word_1_332' title='bbox 2638 794 2758 845; x_wconf 79' lang='lat' dir='ltr'>sunt</span> <span class='ocrx_word' id='word_1_333' title='bbox 2786 793 2872 859; x_wconf 86' lang='lat' dir='ltr'>qui</span> <span class='ocrx_word' id='word_1_334' title='bbox 2900 790 3248 843; x_wconf 82' lang='lat' dir='ltr'>testimonium</span> <span class='ocrx_word' id='word_1_335' title='bbox 3290 790 3415 840; x_wconf 80' lang='lat' dir='ltr'>dunt</span> <span class='ocrx_word' id='word_1_336' title='bbox 3459 788 3513 841; x_wconf 79' lang='lat' dir='ltr'>in</span> <span class='ocrx_word' id='word_1_337' title='bbox 3545 788 3674 841; x_wconf 73' lang='lat' dir='ltr'>caelo</span> <span class='ocrx_word' id='word_1_338' title='bbox 3706 789 3774 857; x_wconf 82' lang='grc'>³⁸,</span> 
     </span>
    </p>
   </div>
   <div class='ocr_carea' id='block_1_51' title="bbox 2187 877 3774 953">
    <p class='ocr_par' dir='ltr' id='par_1_51' title="bbox 2187 877 3774 953">
     <span class='ocr_line' id='line_1_51' title="bbox 2187 877 3774 953; baseline -0.002 -18"><span class='ocrx_word' id='word_1_339' title='bbox 2187 893 2242 935; x_wconf 91' lang='lat' dir='ltr'>et</span> <span class='ocrx_word' id='word_1_340' title='bbox 2278 882 2506 950; x_wconf 63' lang='lat' dir='ltr'>reliqua,</span> <span class='ocrx_word' id='word_1_341' title='bbox 2539 889 2714 953; x_wconf 84' lang='lat' dir='ltr'>neque</span> <span class='ocrx_word' id='word_1_342' title='bbox 2748 881 2942 935; x_wconf 64' lang='lat' dir='ltr'>Niczeui</span> <span class='ocrx_word' id='word_1_343' title='bbox 2974 880 3206 943; x_wconf 87' lang='lat' dir='ltr'>concilii,</span> <span class='ocrx_word' id='word_1_344' title='bbox 3237 891 3410 947; x_wconf 83' lang='lat' dir='ltr'>neque</span> <span class='ocrx_word' id='word_1_345' title='bbox 3453 877 3774 932; x_wconf 83' lang='lat' dir='ltr'>Constanti-</span> 
     </span>
    </p>
   </div>
   <div class='ocr_carea' id='block_1_52' title="bbox 2189 970 3771 1041">
    <p class='ocr_par' dir='ltr' id='par_1_52' title="bbox 2189 970 3771 1041">
     <span class='ocr_line' id='line_1_52' title="bbox 2189 970 3771 1041; baseline -0.003 -15"><span class='ocrx_word' id='word_1_346' title='bbox 2189 973 2485 1041; x_wconf 80' lang='lat' dir='ltr'>nOpolitani</span> <span class='ocrx_word' id='word_1_347' title='bbox 2513 1015 2528 1040; x_wconf 93' lang='lat'>,</span> <span class='ocrx_word' id='word_1_348' title='bbox 2561 975 2836 1040; x_wconf 89' lang='lat' dir='ltr'>multoque</span> <span class='ocrx_word' id='word_1_349' title='bbox 2872 973 3046 1026; x_wconf 89' lang='lat' dir='ltr'>minus</span> <span class='ocrx_word' id='word_1_350' title='bbox 3071 971 3295 1024; x_wconf 87' lang='lat' dir='ltr'>alterius</span> <span class='ocrx_word' id='word_1_351' title='bbox 3329 970 3646 1038; x_wconf 77' lang='lat' dir='ltr'>cujusquam</span> <span class='ocrx_word' id='word_1_352' title='bbox 3677 985 3771 1032; x_wconf 75' lang='lat' dir='ltr'>sv-</span> 
     </span>
    </p>
   </div>
   <div class='ocr_carea' id='block_1_53' title="bbox 2189 1061 3769 1132">
    <p class='ocr_par' dir='ltr' id='par_1_53' title="bbox 2189 1061 3769 1132">
     <span class='ocr_line' id='line_1_53' title="bbox 2189 1061 3769 1132; baseline -0.002 -15"><span class='ocrx_word' id='word_1_353' title='bbox 2189 1066 2312 1118; x_wconf 89' lang='lat' dir='ltr'>nodi</span> <span class='ocrx_word' id='word_1_354' title='bbox 2364 1065 2726 1119; x_wconf 81' lang='lat' dir='ltr'>deﬁnitiones.</span> <span class='ocrx_word' id='word_1_355' title='bbox 2764 1064 3031 1118; x_wconf 60' lang='lat' dir='ltr'>Pragterea</span> <span class='ocrx_word' id='word_1_356' title='bbox 3085 1069 3460 1132; x_wconf 73' lang='lat' dir='ltr'>argumentum</span> <span class='ocrx_word' id='word_1_357' title='bbox 3493 1077 3557 1115; x_wconf 81' lang='lat' dir='ltr'>ex</span> <span class='ocrx_word' id='word_1_358' title='bbox 3603 1061 3769 1114; x_wconf 84' lang='lat' dir='ltr'>tradi-</span> 
     </span>
    </p>
   </div>
   <div class='ocr_carea' id='block_1_54' title="bbox 2191 1154 3770 1229">
    <p class='ocr_par' dir='ltr' id='par_1_54' title="bbox 2191 1154 3770 1229">
     <span class='ocr_line' id='line_1_54' title="bbox 2191 1154 3770 1229; baseline -0.001 -20"><span class='ocrx_word' id='word_1_359' title='bbox 2191 1157 2333 1211; x_wconf 88' lang='lat' dir='ltr'>tione</span> <span class='ocrx_word' id='word_1_360' title='bbox 2367 1158 2590 1228; x_wconf 89' lang='lat' dir='ltr'>petitum</span> <span class='ocrx_word' id='word_1_361' title='bbox 2625 1159 2838 1228; x_wconf 85' lang='lat' dir='ltr'>attingit</span> <span class='ocrx_word' id='word_1_362' title='bbox 2887 1154 3134 1229; x_wconf 73' lang='lat' dir='ltr'>[XXXII]</span> <span class='ocrx_word' id='word_1_363' title='bbox 3172 1155 3387 1222; x_wconf 79' lang='lat' dir='ltr'>quidem</span> <span class='ocrx_word' id='word_1_364' title='bbox 3419 1155 3632 1219; x_wconf 85' lang='lat' dir='ltr'>alicubi,</span> <span class='ocrx_word' id='word_1_365' title='bbox 3675 1154 3770 1208; x_wconf 84' lang='lat' dir='ltr'>sed</span> 
     </span>
    </p>
   </div>
   <div class='ocr_carea' id='block_1_55' title="bbox 2189 1246 3774 1320">
    <p class='ocr_par' dir='ltr' id='par_1_55' title="bbox 2189 1246 3774 1320">
     <span class='ocr_line' id='line_1_55' title="bbox 2189 1246 3774 1320; baseline -0.003 -18"><span class='ocrx_word' id='word_1_366' title='bbox 2189 1264 2292 1302; x_wconf 91' lang='lat' dir='ltr'>non</span> <span class='ocrx_word' id='word_1_367' title='bbox 2335 1251 2511 1320; x_wconf 82' lang='lat' dir='ltr'>urget,</span> <span class='ocrx_word' id='word_1_368' title='bbox 2549 1250 2674 1303; x_wconf 90' lang='lat' dir='ltr'>illud</span> <span class='ocrx_word' id='word_1_369' title='bbox 2702 1261 2907 1302; x_wconf 88' lang='lat' dir='ltr'>tantum</span> <span class='ocrx_word' id='word_1_370' title='bbox 2956 1248 3224 1302; x_wconf 57' lang='lat' dir='ltr'>haereticis</span> <span class='ocrx_word' id='word_1_371' title='bbox 3270 1246 3431 1299; x_wconf 74' lang='lat' dir='ltr'>veluti</span> <span class='ocrx_word' id='word_1_372' title='bbox 3475 1247 3649 1300; x_wconf 83' lang='lat' dir='ltr'>obiter</span> <span class='ocrx_word' id='word_1_373' title='bbox 3680 1261 3774 1299; x_wconf 72' lang='lat' dir='ltr'>ex-</span> 
     </span>
    </p>
   </div>
   <div class='ocr_carea' id='block_1_56' title="bbox 2177 1337 3768 1409">
    <p class='ocr_par' dir='ltr' id='par_1_56' title="bbox 2177 1337 3768 1409">
     <span class='ocr_line' id='line_1_56' title="bbox 2177 1337 3768 1409; baseline -0.004 -15"><span class='ocrx_word' id='word_1_374' title='bbox 2177 1341 2454 1409; x_wconf 77' lang='lat' dir='ltr'>probrare</span> <span class='ocrx_word' id='word_1_375' title='bbox 2480 1351 2785 1405; x_wconf 82' lang='lat' dir='ltr'>contentus,</span> <span class='ocrx_word' id='word_1_376' title='bbox 2822 1355 3008 1393; x_wconf 87' lang='lat' dir='ltr'>novam</span> <span class='ocrx_word' id='word_1_377' title='bbox 3034 1353 3154 1392; x_wconf 88' lang='lat' dir='ltr'>esse</span> <span class='ocrx_word' id='word_1_378' title='bbox 3185 1347 3371 1391; x_wconf 75' lang='lat' dir='ltr'>corum</span> <span class='ocrx_word' id='word_1_379' title='bbox 3423 1337 3720 1390; x_wconf 85' lang='lat' dir='ltr'>doctrinam</span> <span class='ocrx_word' id='word_1_380' title='bbox 3751 1378 3768 1403; x_wconf 95' lang='lat'>,</span> 
     </span>
    </p>
   </div>
   <div class='ocr_carea' id='block_1_57' title="bbox 2188 1428 3772 1502">
    <p class='ocr_par' dir='ltr' id='par_1_57' title="bbox 2188 1428 3772 1502">
     <span class='ocr_line' id='line_1_57' title="bbox 2188 1428 3772 1502; baseline -0.001 -17"><span class='ocrx_word' id='word_1_381' title='bbox 2188 1433 2438 1502; x_wconf 89' lang='lat' dir='ltr'>ipsosque</span> <span class='ocrx_word' id='word_1_382' title='bbox 2469 1447 2534 1487; x_wconf 76' lang='lat' dir='ltr'>ea:</span> <span class='ocrx_word' id='word_1_383' title='bbox 2590 1436 2898 1485; x_wconf 77' lang='lat' dir='ltr'>inconcussa</span> <span class='ocrx_word' id='word_1_384' title='bbox 2949 1431 3103 1482; x_wconf 88' lang='lat' dir='ltr'>domo</span> <span class='ocrx_word' id='word_1_385' title='bbox 3137 1471 3150 1493; x_wconf 95' lang='lat'>,</span> <span class='ocrx_word' id='word_1_386' title='bbox 3212 1439 3268 1481; x_wconf 89' lang='lat' dir='ltr'>ut</span> <span class='ocrx_word' id='word_1_387' title='bbox 3352 1430 3465 1495; x_wconf 87' lang='lat' dir='ltr'>ipse</span> <span class='ocrx_word' id='word_1_388' title='bbox 3536 1428 3772 1496; x_wconf 72' lang='lat' dir='ltr'>loquitur</span> 
     </span>
    </p>
   </div>
   <div class='ocr_carea' id='block_1_58' title="bbox 2183 1521 3773 1594">
    <p class='ocr_par' dir='ltr' id='par_1_58' title="bbox 2183 1521 3773 1594">
     <span class='ocr_line' id='line_1_58' title="bbox 2183 1521 3773 1594; baseline 0 -22"><span class='ocrx_word' id='word_1_389' title='bbox 2183 1541 2308 1594; x_wconf 77' lang='lat' dir='ltr'>pag.</span> <span class='ocrx_word' id='word_1_390' title='bbox 2346 1524 2468 1586; x_wconf 67' lang='grc'>174,</span> <span class='ocrx_word' id='word_1_391' title='bbox 2515 1539 2707 1591; x_wconf 87' lang='lat' dir='ltr'>nempe</span> <span class='ocrx_word' id='word_1_392' title='bbox 2736 1538 2801 1577; x_wconf 79' lang='lat' dir='ltr'>ex</span> <span class='ocrx_word' id='word_1_393' title='bbox 2830 1522 3104 1584; x_wconf 80' lang='lat' dir='ltr'>Ecclesia,</span> <span class='ocrx_word' id='word_1_394' title='bbox 3135 1535 3384 1590; x_wconf 88' lang='lat' dir='ltr'>egressos</span> <span class='ocrx_word' id='word_1_395' title='bbox 3421 1534 3565 1574; x_wconf 77' lang='lat' dir='ltr'>esse.</span> <span class='ocrx_word' id='word_1_396' title='bbox 3604 1521 3773 1574; x_wconf 75' lang='lat' dir='ltr'>insu-</span> 
     </span>
    </p>
   </div>
   <div class='ocr_carea' id='block_1_59' title="bbox 2191 1611 3764 1685">
    <p class='ocr_par' dir='ltr' id='par_1_59' title="bbox 2191 1611 3764 1685">
     <span class='ocr_line' id='line_1_59' title="bbox 2191 1611 3764 1685; baseline -0.003 -17"><span class='ocrx_word' id='word_1_397' title='bbox 2191 1633 2285 1685; x_wconf 85' lang='lat' dir='ltr'>per</span> <span class='ocrx_word' id='word_1_398' title='bbox 2312 1617 2559 1684; x_wconf 80' lang='lat' dir='ltr'>quamvis</span> <span class='ocrx_word' id='word_1_399' title='bbox 2593 1631 2784 1668; x_wconf 88' lang='lat' dir='ltr'>omnes</span> <span class='ocrx_word' id='word_1_400' title='bbox 2813 1613 2928 1668; x_wconf 72' lang='lat' dir='ltr'>fere</span> <span class='ocrx_word' id='word_1_401' title='bbox 2951 1613 3246 1680; x_wconf 69' lang='lat' dir='ltr'>Scripturre</span> <span class='ocrx_word' id='word_1_402' title='bbox 3281 1611 3448 1665; x_wconf 87' lang='lat' dir='ltr'>libros</span> <span class='ocrx_word' id='word_1_403' title='bbox 3494 1613 3643 1674; x_wconf 83' lang='lat' dir='ltr'>citet,</span> <span class='ocrx_word' id='word_1_404' title='bbox 3698 1611 3764 1664; x_wconf 84' lang='lat' dir='ltr'>li-</span> 
     </span>
    </p>
   </div>
   <div class='ocr_carea' id='block_1_60' title="bbox 2177 1704 3768 1768">
    <p class='ocr_par' dir='ltr' id='par_1_60' title="bbox 2177 1704 3768 1768">
     <span class='ocr_line' id='line_1_60' title="bbox 2177 1704 3768 1768; baseline -0.004 -5"><span class='ocrx_word' id='word_1_405' title='bbox 2177 1710 2316 1763; x_wconf 87' lang='lat' dir='ltr'>bros</span> <span class='ocrx_word' id='word_1_406' title='bbox 2383 1719 2558 1762; x_wconf 89' lang='lat' dir='ltr'>tamen</span> <span class='ocrx_word' id='word_1_407' title='bbox 2608 1705 3058 1768; x_wconf 80' lang='lat' dir='ltr'>Machabaeorum,</span> <span class='ocrx_word' id='word_1_408' title='bbox 3110 1705 3306 1758; x_wconf 90' lang='lat' dir='ltr'>librum</span> <span class='ocrx_word' id='word_1_409' title='bbox 3344 1704 3551 1767; x_wconf 83' lang='lat' dir='ltr'>.ludith,</span> <span class='ocrx_word' id='word_1_410' title='bbox 3605 1705 3768 1758; x_wconf 70' lang='lat' dir='ltr'>acli~</span> 
     </span>
    </p>
   </div>
   <div class='ocr_carea' id='block_1_61' title="bbox 2149 1794 3765 1866">
    <p class='ocr_par' dir='ltr' id='par_1_61' title="bbox 2149 1794 3765 1866">
     <span class='ocr_line' id='line_1_61' title="bbox 2149 1794 3765 1866; baseline -0.003 -13"><span class='ocrx_word' id='word_1_411' title='bbox 2149 1800 2345 1853; x_wconf 54' lang='lat' dir='ltr'>&#39;brum</span> <span class='ocrx_word' id='word_1_412' title='bbox 2393 1798 2586 1852; x_wconf 79' lang='lat' dir='ltr'>Esther</span> <span class='ocrx_word' id='word_1_413' title='bbox 2640 1812 2912 1866; x_wconf 87' lang='lat' dir='ltr'>nunquam</span> <span class='ocrx_word' id='word_1_414' title='bbox 2953 1795 3175 1864; x_wconf 79' lang='lat' dir='ltr'>allegat.</span> <span class='ocrx_word' id='word_1_415' title='bbox 3236 1794 3390 1863; x_wconf 68' lang='lat' dir='ltr'>Stepe</span> <span class='ocrx_word' id='word_1_416' title='bbox 3443 1796 3604 1848; x_wconf 87' lang='lat' dir='ltr'>etiam</span> <span class='ocrx_word' id='word_1_417' title='bbox 3637 1795 3765 1848; x_wconf 85' lang='lat' dir='ltr'>dum</span> 
     </span>
    </p>
   </div>
   <div class='ocr_carea' id='block_1_62' title="bbox 2194 1887 3764 1960">
    <p class='ocr_par' dir='ltr' id='par_1_62' title="bbox 2194 1887 3764 1960">
     <span class='ocr_line' id='line_1_62' title="bbox 2194 1887 3764 1960; baseline -0.003 -15"><span class='ocrx_word' id='word_1_418' title='bbox 2194 1893 2306 1945; x_wconf 88' lang='lat' dir='ltr'>ioca</span> <span class='ocrx_word' id='word_1_419' title='bbox 2348 1909 2377 1946; x_wconf 94' lang='lat' dir='ltr'>e</span> <span class='ocrx_word' id='word_1_420' title='bbox 2433 1892 2743 1960; x_wconf 89' lang='lat' dir='ltr'>Scriptura,</span> <span class='ocrx_word' id='word_1_421' title='bbox 2807 1891 2993 1943; x_wconf 88' lang='lat' dir='ltr'>aliisve</span> <span class='ocrx_word' id='word_1_422' title='bbox 3029 1888 3180 1942; x_wconf 84' lang='lat' dir='ltr'>libris</span> <span class='ocrx_word' id='word_1_423' title='bbox 3237 1887 3412 1951; x_wconf 87' lang='lat' dir='ltr'>all&#39;ert,</span> <span class='ocrx_word' id='word_1_424' title='bbox 3443 1900 3721 1941; x_wconf 82' lang='lat' dir='ltr'>auctorum</span> <span class='ocrx_word' id='word_1_425' title='bbox 3749 1927 3764 1953; x_wconf 94' lang='lat'>,</span> 
     </span>
    </p>
   </div>
   <div class='ocr_carea' id='block_1_63' title="bbox 2189 1980 3763 2049">
    <p class='ocr_par' dir='ltr' id='par_1_63' title="bbox 2189 1980 3763 2049">
     <span class='ocr_line' id='line_1_63' title="bbox 2189 1980 3763 2049; baseline -0.004 -13"><span class='ocrx_word' id='word_1_426' title='bbox 2189 1992 2279 2036; x_wconf 88' lang='lat' dir='ltr'>attt</span> <span class='ocrx_word' id='word_1_427' title='bbox 2312 1983 2593 2046; x_wconf 89' lang='lat' dir='ltr'>librurunt,</span> <span class='ocrx_word' id='word_1_428' title='bbox 2627 1983 2768 2034; x_wconf 90' lang='lat' dir='ltr'>unde</span> <span class='ocrx_word' id='word_1_429' title='bbox 2797 1983 3079 2049; x_wconf 84' lang='lat' dir='ltr'>desumpta</span> <span class='ocrx_word' id='word_1_430' title='bbox 3116 1989 3260 2040; x_wconf 88' lang='lat' dir='ltr'>sunt,</span> <span class='ocrx_word' id='word_1_431' title='bbox 3294 1980 3514 2031; x_wconf 85' lang='lat' dir='ltr'>nomina</span> <span class='ocrx_word' id='word_1_432' title='bbox 3555 1980 3763 2032; x_wconf 85' lang='lat' dir='ltr'>reticet.</span> 
     </span>
    </p>
   </div>
   <div class='ocr_carea' id='block_1_64' title="bbox 2185 2071 3764 2143">
    <p class='ocr_par' dir='ltr' id='par_1_64' title="bbox 2185 2071 3764 2143">
     <span class='ocr_line' id='line_1_64' title="bbox 2185 2071 3764 2143; baseline -0.003 -16"><span class='ocrx_word' id='word_1_433' title='bbox 2185 2074 2336 2140; x_wconf 88' lang='lat' dir='ltr'>Quod</span> <span class='ocrx_word' id='word_1_434' title='bbox 2369 2091 2493 2130; x_wconf 89' lang='lat' dir='ltr'>vero</span> <span class='ocrx_word' id='word_1_435' title='bbox 2533 2075 2736 2143; x_wconf 85' lang='lat' dir='ltr'>majore</span> <span class='ocrx_word' id='word_1_436' title='bbox 2765 2074 2976 2126; x_wconf 87' lang='lat' dir='ltr'>videtur</span> <span class='ocrx_word' id='word_1_437' title='bbox 3022 2071 3491 2124; x_wconf 85' lang='lat' dir='ltr'>animadversione</span> <span class='ocrx_word' id='word_1_438' title='bbox 3519 2071 3764 2139; x_wconf 80' lang='lat' dir='ltr'>dignum,</span> 
     </span>
    </p>
   </div>
   <div class='ocr_carea' id='block_1_65' title="bbox 2184 2162 3767 2235">
    <p class='ocr_par' dir='ltr' id='par_1_65' title="bbox 2184 2162 3767 2235">
     <span class='ocr_line' id='line_1_65' title="bbox 2184 2162 3767 2235; baseline -0.003 -15"><span class='ocrx_word' id='word_1_439' title='bbox 2184 2168 2421 2220; x_wconf 75' lang='lat' dir='ltr'>Arianos</span> <span class='ocrx_word' id='word_1_440' title='bbox 2475 2167 2714 2235; x_wconf 84' lang='lat' dir='ltr'>quidem,</span> <span class='ocrx_word' id='word_1_441' title='bbox 2787 2163 3218 2225; x_wconf 73' lang='lat' dir='ltr'>lilacedunianos,</span> <span class='ocrx_word' id='word_1_442' title='bbox 3283 2177 3345 2216; x_wconf 85' lang='lat' dir='ltr'>ac</span> <span class='ocrx_word' id='word_1_443' title='bbox 3403 2162 3767 2217; x_wconf 77' lang='lat' dir='ltr'>Eunomianos</span> 
     </span>
    </p>
   </div>
   <div class='ocr_carea' id='block_1_66' title="bbox 2186 2254 3764 2321">
    <p class='ocr_par' dir='ltr' id='par_1_66' title="bbox 2186 2254 3764 2321">
     <span class='ocr_line' id='line_1_66' title="bbox 2186 2254 3764 2321; baseline -0.004 -10"><span class='ocrx_word' id='word_1_444' title='bbox 2186 2260 2466 2321; x_wconf 89' lang='lat' dir='ltr'>nominat,</span> <span class='ocrx_word' id='word_1_445' title='bbox 2515 2257 2608 2311; x_wconf 88' lang='lat' dir='ltr'>sed</span> <span class='ocrx_word' id='word_1_446' title='bbox 2641 2258 3126 2318; x_wconf 87' lang='lat' dir='ltr'>Setniarianuruut,</span> <span class='ocrx_word' id='word_1_447' title='bbox 3162 2255 3197 2308; x_wconf 66' lang='grc' dir='ltr'>Α</span> <span class='ocrx_word' id='word_1_448' title='bbox 3214 2269 3574 2317; x_wconf 72' lang='lat' dir='ltr'>nummorum,</span> <span class='ocrx_word' id='word_1_449' title='bbox 3614 2254 3764 2306; x_wconf 87' lang='lat' dir='ltr'>aliis-</span> 
     </span>
    </p>
   </div>
   <div class='ocr_carea' id='block_1_67' title="bbox 2186 2346 3762 2419">
    <p class='ocr_par' dir='ltr' id='par_1_67' title="bbox 2186 2346 3762 2419">
     <span class='ocr_line' id='line_1_67' title="bbox 2186 2346 3762 2419; baseline -0.001 -17"><span class='ocrx_word' id='word_1_450' title='bbox 2186 2365 2289 2418; x_wconf 91' lang='lat' dir='ltr'>que</span> <span class='ocrx_word' id='word_1_451' title='bbox 2324 2351 2592 2403; x_wconf 86' lang='lat' dir='ltr'>similibus</span> <span class='ocrx_word' id='word_1_452' title='bbox 2621 2351 3114 2419; x_wconf 82' lang='lat' dir='ltr'>nuncupationibus</span> <span class='ocrx_word' id='word_1_453' title='bbox 3141 2362 3410 2415; x_wconf 89' lang='lat' dir='ltr'>nunquam</span> <span class='ocrx_word' id='word_1_454' title='bbox 3443 2346 3628 2409; x_wconf 84' lang='lat' dir='ltr'>utitur,</span> <span class='ocrx_word' id='word_1_455' title='bbox 3659 2347 3762 2400; x_wconf 87' lang='lat' dir='ltr'>etsi</span> 
     </span>
    </p>
   </div>
   <div class='ocr_carea' id='block_1_68' title="bbox 2187 2433 3763 2509">
    <p class='ocr_par' dir='ltr' id='par_1_68' title="bbox 2187 2433 3763 2509">
     <span class='ocr_line' id='line_1_68' title="bbox 2187 2433 3763 2509; baseline -0.002 -17"><span class='ocrx_word' id='word_1_456' title='bbox 2187 2439 2490 2505; x_wconf 88' lang='lat' dir='ltr'>hujusmodi</span> <span class='ocrx_word' id='word_1_457' title='bbox 2535 2440 2792 2492; x_wconf 84' lang='lat' dir='ltr'>vocabula</span> <span class='ocrx_word' id='word_1_458' title='bbox 2847 2449 3043 2509; x_wconf 91' lang='lat' dir='ltr'>quarto</span> <span class='ocrx_word' id='word_1_459' title='bbox 3073 2439 3236 2493; x_wconf 86' lang='lat' dir='ltr'>etiam</span> <span class='ocrx_word' id='word_1_460' title='bbox 3270 2433 3523 2491; x_wconf 74' lang='lat' dir='ltr'>Ecclesia:</span> <span class='ocrx_word' id='word_1_461' title='bbox 3553 2436 3763 2492; x_wconf 66' lang='lat' dir='ltr'>sarculo</span> 
     </span>
    </p>
   </div>
   <div class='ocr_carea' id='block_1_69' title="bbox 2166 2528 3762 2601">
    <p class='ocr_par' dir='ltr' id='par_1_69' title="bbox 2166 2528 3762 2601">
     <span class='ocr_line' id='line_1_69' title="bbox 2166 2528 3762 2601; baseline -0.001 -18"><span class='ocrx_word' id='word_1_462' title='bbox 2166 2530 2529 2593; x_wconf 66' lang='lat' dir='ltr'>&#39;invaiueriut,</span> <span class='ocrx_word' id='word_1_463' title='bbox 2560 2539 2701 2584; x_wconf 75' lang='lat' dir='ltr'>utex</span> <span class='ocrx_word' id='word_1_464' title='bbox 2741 2530 3042 2601; x_wconf 78' lang='lat' dir='ltr'>Epiphanio</span> <span class='ocrx_word' id='word_1_465' title='bbox 3071 2539 3302 2592; x_wconf 86' lang='lat' dir='ltr'>constat,</span> <span class='ocrx_word' id='word_1_466' title='bbox 3329 2529 3554 2598; x_wconf 82' lang='lat' dir='ltr'>aliisque</span> <span class='ocrx_word' id='word_1_467' title='bbox 3585 2528 3762 2582; x_wconf 89' lang='lat' dir='ltr'>Patri-</span> 
     </span>
    </p>
   </div>
   <div class='ocr_carea' id='block_1_70' title="bbox 2167 2609 3761 2692">
    <p class='ocr_par' dir='ltr' id='par_1_70' title="bbox 2167 2609 3761 2692">
     <span class='ocr_line' id='line_1_70' title="bbox 2167 2609 3761 2692; baseline -0.002 -14"><span class='ocrx_word' id='word_1_468' title='bbox 2167 2623 2306 2678; x_wconf 69' lang='lat' dir='ltr'>~bns.</span> <span class='ocrx_word' id='word_1_469' title='bbox 2336 2621 2616 2676; x_wconf 84' lang='lat' dir='ltr'>Postremo</span> <span class='ocrx_word' id='word_1_470' title='bbox 2647 2623 2811 2688; x_wconf 82' lang='lat' dir='ltr'>Aetii,</span> <span class='ocrx_word' id='word_1_471' title='bbox 2851 2609 3190 2692; x_wconf 83' lang='lat' dir='ltr'>Apollinarii,</span> <span class='ocrx_word' id='word_1_472' title='bbox 3223 2622 3461 2676; x_wconf 76' lang='lat' dir='ltr'>Marcelli</span> <span class='ocrx_word' id='word_1_473' title='bbox 3489 2621 3761 2692; x_wconf 77' lang='lat' dir='ltr'>Ancyraui</span> 
     </span>
    </p>
   </div>
   <div class='ocr_carea' id='block_1_71' title="bbox 2165 2715 3762 2788">
    <p class='ocr_par' dir='ltr' id='par_1_71' title="bbox 2165 2715 3762 2788">
     <span class='ocr_line' id='line_1_71' title="bbox 2165 2715 3762 2788; baseline -0.003 -14"><span class='ocrx_word' id='word_1_474' title='bbox 2165 2715 2491 2775; x_wconf 56' lang='lat' dir='ltr'>&quot;nominibus</span> <span class='ocrx_word' id='word_1_475' title='bbox 2546 2720 2759 2788; x_wconf 89' lang='lat' dir='ltr'>parcit;</span> <span class='ocrx_word' id='word_1_476' title='bbox 2826 2717 3037 2771; x_wconf 87' lang='lat' dir='ltr'>etiamsi</span> <span class='ocrx_word' id='word_1_477' title='bbox 3092 2716 3233 2770; x_wconf 88' lang='lat' dir='ltr'>enim</span> <span class='ocrx_word' id='word_1_478' title='bbox 3284 2717 3495 2770; x_wconf 84' lang='lat' dir='ltr'>Aetium</span> <span class='ocrx_word' id='word_1_479' title='bbox 3550 2716 3762 2785; x_wconf 85' lang='lat' dir='ltr'>quidem</span> 
     </span>
    </p>
   </div>
   <div class='ocr_carea' id='block_1_72' title="bbox 2186 2807 3766 2880">
    <p class='ocr_par' dir='ltr' id='par_1_72' title="bbox 2186 2807 3766 2880">
     <span class='ocr_line' id='line_1_72' title="bbox 2186 2807 3766 2880; baseline -0.001 -17"><span class='ocrx_word' id='word_1_480' title='bbox 2186 2827 2308 2880; x_wconf 86' lang='lat' dir='ltr'>pag.</span> <span class='ocrx_word' id='word_1_481' title='bbox 2349 2811 2414 2864; x_wconf 70' lang='lat' dir='ltr'>l4</span> <span class='ocrx_word' id='word_1_482' title='bbox 2466 2809 2740 2873; x_wconf 87' lang='lat' dir='ltr'>confutet,</span> <span class='ocrx_word' id='word_1_483' title='bbox 2780 2811 2887 2863; x_wconf 88' lang='lat' dir='ltr'>imo</span> <span class='ocrx_word' id='word_1_484' title='bbox 2925 2808 3040 2878; x_wconf 84' lang='lat' dir='ltr'>ejus</span> <span class='ocrx_word' id='word_1_485' title='bbox 3082 2808 3244 2862; x_wconf 87' lang='lat' dir='ltr'>verba</span> <span class='ocrx_word' id='word_1_486' title='bbox 3300 2807 3516 2872; x_wconf 65' lang='lat' dir='ltr'>alferat&#39;;</span> <span class='ocrx_word' id='word_1_487' title='bbox 3569 2807 3766 2875; x_wconf 85' lang='lat' dir='ltr'>Apolli-</span> 
     </span>
    </p>
   </div>
   <div class='ocr_carea' id='block_1_73' title="bbox 2169 2899 3764 2968">
    <p class='ocr_par' dir='ltr' id='par_1_73' title="bbox 2169 2899 3764 2968">
     <span class='ocr_line' id='line_1_73' title="bbox 2169 2899 3764 2968; baseline -0.003 -13"><span class='ocrx_word' id='word_1_488' title='bbox 2169 2903 2321 2955; x_wconf 73' lang='lat' dir='ltr'>uarii</span> <span class='ocrx_word' id='word_1_489' title='bbox 2357 2917 2486 2957; x_wconf 92' lang='lat' dir='ltr'>vero</span> <span class='ocrx_word' id='word_1_490' title='bbox 2532 2900 2778 2955; x_wconf 75' lang='lat' dir='ltr'>lneresim</span> <span class='ocrx_word' id='word_1_491' title='bbox 2814 2911 3072 2954; x_wconf 88' lang='lat' dir='ltr'>memoret</span> <span class='ocrx_word' id='word_1_492' title='bbox 3113 2916 3267 2968; x_wconf 85' lang='lat' dir='ltr'>pagg.</span> <span class='ocrx_word' id='word_1_493' title='bbox 3304 2900 3408 2953; x_wconf 78' lang='lat'>593</span> <span class='ocrx_word' id='word_1_494' title='bbox 3437 2910 3491 2953; x_wconf 84' lang='lat' dir='ltr'>et</span> <span class='ocrx_word' id='word_1_495' title='bbox 3531 2899 3633 2953; x_wconf 79' lang='grc'>596</span> <span class='ocrx_word' id='word_1_496' title='bbox 3658 2917 3672 2964; x_wconf 91' lang='grc'><strong>;</strong></span> <span class='ocrx_word' id='word_1_497' title='bbox 3701 2913 3764 2952; x_wconf 90' lang='lat' dir='ltr'>ac</span> 
     </span>
    </p>
   </div>
   <div class='ocr_carea' id='block_1_74' title="bbox 2185 2990 3758 3056">
    <p class='ocr_par' dir='ltr' id='par_1_74' title="bbox 2185 2990 3758 3056">
     <span class='ocr_line' id='line_1_74' title="bbox 2185 2990 3758 3056; baseline -0.003 -10"><span class='ocrx_word' id='word_1_498' title='bbox 2185 2991 2492 3046; x_wconf 80' lang='lat' dir='ltr'>Marcellum</span> <span class='ocrx_word' id='word_1_499' title='bbox 2552 2991 2797 3054; x_wconf 84' lang='lat' dir='ltr'>refellat,</span> <span class='ocrx_word' id='word_1_500' title='bbox 2858 2999 2914 3044; x_wconf 86' lang='grc' dir='ltr'>ιιι</span> <span class='ocrx_word' id='word_1_501' title='bbox 2979 2991 3273 3043; x_wconf 82' lang='lat' dir='ltr'>verisimile</span> <span class='ocrx_word' id='word_1_502' title='bbox 3325 3001 3450 3056; x_wconf 88' lang='lat' dir='ltr'>est,</span> <span class='ocrx_word' id='word_1_503' title='bbox 3515 2990 3650 3044; x_wconf 84' lang='lat' dir='ltr'>libro</span> <span class='ocrx_word' id='word_1_504' title='bbox 3701 3005 3758 3053; x_wconf 82' lang='lat' dir='ltr'>l,</span> 
     </span>
    </p>
   </div>
   <div class='ocr_carea' id='block_1_75' title="bbox 2185 3081 3760 3152">
    <p class='ocr_par' dir='ltr' id='par_1_75' title="bbox 2185 3081 3760 3152">
     <span class='ocr_line' id='line_1_75' title="bbox 2185 3081 3760 3152; baseline 0 -15"><span class='ocrx_word' id='word_1_505' title='bbox 2185 3099 2298 3152; x_wconf 88' lang='lat' dir='ltr'>cap.</span> <span class='ocrx_word' id='word_1_506' title='bbox 2351 3085 2411 3138; x_wconf 83' lang='grc'><strong>51</strong></span> <span class='ocrx_word' id='word_1_507' title='bbox 2464 3101 2477 3138; x_wconf 93' lang='lat'>:</span> <span class='ocrx_word' id='word_1_508' title='bbox 2511 3084 2649 3137; x_wconf 86' lang='lat' dir='ltr'>Aetii</span> <span class='ocrx_word' id='word_1_509' title='bbox 2690 3093 2896 3146; x_wconf 85' lang='lat' dir='ltr'>tamen,</span> <span class='ocrx_word' id='word_1_510' title='bbox 2941 3081 3259 3151; x_wconf 71' lang='lat' dir='ltr'>Apollinarii</span> <span class='ocrx_word' id='word_1_511' title='bbox 3291 3097 3354 3137; x_wconf 79' lang='lat' dir='ltr'>ac</span> <span class='ocrx_word' id='word_1_512' title='bbox 3389 3082 3621 3136; x_wconf 83' lang='lat' dir='ltr'>Marcelli</span> <span class='ocrx_word' id='word_1_513' title='bbox 3659 3097 3760 3137; x_wconf 78' lang='lat' dir='ltr'>no-</span> 
     </span>
    </p>
   </div>
   <div class='ocr_carea' id='block_1_76' title="bbox 2185 3176 3297 3246">
    <p class='ocr_par' dir='ltr' id='par_1_76' title="bbox 2185 3176 3297 3246">
     <span class='ocr_line' id='line_1_76' title="bbox 2185 3176 3297 3246; baseline 0.001 -16"><span class='ocrx_word' id='word_1_514' title='bbox 2185 3178 2327 3230; x_wconf 90' lang='lat' dir='ltr'>mina</span> <span class='ocrx_word' id='word_1_515' title='bbox 2361 3192 2425 3230; x_wconf 90' lang='lat' dir='ltr'>ne</span> <span class='ocrx_word' id='word_1_516' title='bbox 2455 3177 2621 3231; x_wconf 90' lang='lat' dir='ltr'>semel</span> <span class='ocrx_word' id='word_1_517' title='bbox 2649 3176 2864 3246; x_wconf 87' lang='lat' dir='ltr'>quidem</span> <span class='ocrx_word' id='word_1_518' title='bbox 2893 3186 3297 3231; x_wconf 82' lang='lat' dir='ltr'>commemorat.</span> 
     </span>
    </p>
   </div>
   <div class='ocr_carea' id='block_1_77' title="bbox 2252 3265 3757 3336">
    <p class='ocr_par' dir='ltr' id='par_1_77' title="bbox 2252 3265 3757 3336">
     <span class='ocr_line' id='line_1_77' title="bbox 2252 3265 3757 3336; baseline 0.001 -18"><span class='ocrx_word' id='word_1_519' title='bbox 2252 3265 2326 3318; x_wconf 85' lang='lat' dir='ltr'>ita</span> <span class='ocrx_word' id='word_1_520' title='bbox 2364 3265 2576 3333; x_wconf 91' lang='lat' dir='ltr'>quidem</span> <span class='ocrx_word' id='word_1_521' title='bbox 2615 3266 2894 3336; x_wconf 85' lang='lat' dir='ltr'>theologus</span> <span class='ocrx_word' id='word_1_522' title='bbox 2927 3275 3110 3320; x_wconf 88' lang='lat' dir='ltr'>noster</span> <span class='ocrx_word' id='word_1_523' title='bbox 3140 3280 3197 3319; x_wconf 87' lang='lat' dir='ltr'>se</span> <span class='ocrx_word' id='word_1_524' title='bbox 3233 3265 3414 3334; x_wconf 81' lang='lat' dir='ltr'>gessit.</span> <span class='ocrx_word' id='word_1_525' title='bbox 3447 3265 3586 3332; x_wconf 83' lang='lat' dir='ltr'>Quid</span> <span class='ocrx_word' id='word_1_526' title='bbox 3631 3279 3757 3320; x_wconf 79' lang='lat' dir='ltr'>vero</span> 
     </span>
    </p>
   </div>
   <div class='ocr_carea' id='block_1_78' title="bbox 2180 3352 3752 3427">
    <p class='ocr_par' dir='ltr' id='par_1_78' title="bbox 2180 3352 3752 3427">
     <span class='ocr_line' id='line_1_78' title="bbox 2180 3352 3752 3427; baseline 0.002 -20"><span class='ocrx_word' id='word_1_527' title='bbox 2180 3352 2487 3426; x_wconf 71' lang='lat' dir='ltr'>Didymns&#39;?</span> <span class='ocrx_word' id='word_1_528' title='bbox 2551 3355 2737 3412; x_wconf 72' lang='lat' dir='ltr'>Nonne</span> <span class='ocrx_word' id='word_1_529' title='bbox 2793 3358 2955 3411; x_wconf 88' lang='lat' dir='ltr'>simili</span> <span class='ocrx_word' id='word_1_530' title='bbox 3014 3355 3094 3410; x_wconf 84' lang='lat' dir='ltr'>his</span> <span class='ocrx_word' id='word_1_531' title='bbox 3158 3369 3372 3427; x_wconf 85' lang='lat' dir='ltr'>quoque</span> <span class='ocrx_word' id='word_1_532' title='bbox 3408 3357 3599 3409; x_wconf 81' lang='lat' dir='ltr'>modo?</span> <span class='ocrx_word' id='word_1_533' title='bbox 3641 3356 3752 3411; x_wconf 87' lang='lat' dir='ltr'>ltno</span> 
     </span>
    </p>
   </div>
   <div class='ocr_carea' id='block_1_79' title="bbox 2175 3444 3752 3515">
    <p class='ocr_par' dir='ltr' id='par_1_79' title="bbox 2175 3444 3752 3515">
     <span class='ocr_line' id='line_1_79' title="bbox 2175 3444 3752 3515; baseline 0.003 -17"><span class='ocrx_word' id='word_1_534' title='bbox 2175 3447 2363 3499; x_wconf 87' lang='lat' dir='ltr'>eodem</span> <span class='ocrx_word' id='word_1_535' title='bbox 2394 3460 2636 3513; x_wconf 82' lang='lat' dir='ltr'>prorsus,</span> <span class='ocrx_word' id='word_1_536' title='bbox 2673 3446 2924 3500; x_wconf 85' lang='lat' dir='ltr'>uifallor.</span> <span class='ocrx_word' id='word_1_537' title='bbox 2968 3444 3045 3497; x_wconf 74' lang='lat' dir='ltr'>Ne</span> <span class='ocrx_word' id='word_1_538' title='bbox 3089 3446 3200 3515; x_wconf 87' lang='lat' dir='ltr'>ipse</span> <span class='ocrx_word' id='word_1_539' title='bbox 3257 3447 3473 3515; x_wconf 82' lang='lat' dir='ltr'>quidem</span> <span class='ocrx_word' id='word_1_540' title='bbox 3529 3446 3752 3502; x_wconf 75' lang='lat' dir='ltr'>Joannis</span> 
     </span>
    </p>
   </div>
   <div class='ocr_carea' id='block_1_80' title="bbox 2175 3539 3756 3608">
    <p class='ocr_par' dir='ltr' id='par_1_80' title="bbox 2175 3539 3756 3608">
     <span class='ocr_line' id='line_1_80' title="bbox 2175 3539 3756 3608; baseline 0.003 -18"><span class='ocrx_word' id='word_1_541' title='bbox 2175 3539 2560 3604; x_wconf 87' lang='lat' dir='ltr'>testimonium,</span> <span class='ocrx_word' id='word_1_542' title='bbox 2630 3540 2755 3592; x_wconf 83' lang='lat' dir='ltr'>Tres</span> <span class='ocrx_word' id='word_1_543' title='bbox 2815 3549 2934 3590; x_wconf 77' lang='lat' dir='ltr'>sunt</span> <span class='ocrx_word' id='word_1_544' title='bbox 2979 3547 3034 3590; x_wconf 89' lang='lat' dir='ltr'>et</span> <span class='ocrx_word' id='word_1_545' title='bbox 3065 3550 3276 3605; x_wconf 64' lang='lat' dir='ltr'>caetera,</span> <span class='ocrx_word' id='word_1_546' title='bbox 3327 3545 3561 3608; x_wconf 85' lang='lat' dir='ltr'>unquam</span> <span class='ocrx_word' id='word_1_547' title='bbox 3604 3539 3756 3595; x_wconf 69' lang='lat' dir='ltr'>aﬂen</span> 
     </span>
    </p>
   </div>
   <div class='ocr_carea' id='block_1_81' title="bbox 2175 3627 3754 3699">
    <p class='ocr_par' dir='ltr' id='par_1_81' title="bbox 2175 3627 3754 3699">
     <span class='ocr_line' id='line_1_81' title="bbox 2175 3627 3754 3699; baseline 0.004 -19"><span class='ocrx_word' id='word_1_548' title='bbox 2175 3645 2349 3697; x_wconf 87' lang='lat' dir='ltr'>neque</span> <span class='ocrx_word' id='word_1_549' title='bbox 2390 3630 2441 3680; x_wconf 87' lang='lat' dir='ltr'>itt</span> <span class='ocrx_word' id='word_1_550' title='bbox 2485 3627 2932 3679; x_wconf 79' lang='lat' dir='ltr'>Eum-rationibus</span> <span class='ocrx_word' id='word_1_551' title='bbox 2984 3629 3299 3696; x_wconf 82' lang='lat' dir='ltr'>inprimant</span> <span class='ocrx_word' id='word_1_552' title='bbox 3339 3632 3500 3699; x_wconf 84' lang='lat' dir='ltr'>ipsius</span> <span class='ocrx_word' id='word_1_553' title='bbox 3533 3631 3754 3686; x_wconf 80' lang='lat' dir='ltr'>Joannis</span> 
     </span>
    </p>
   </div>
   <div class='ocr_carea' id='block_1_82' title="bbox 2163 3716 3747 3789">
    <p class='ocr_par' dir='ltr' id='par_1_82' title="bbox 2163 3716 3747 3789">
     <span class='ocr_line' id='line_1_82' title="bbox 2163 3716 3747 3789; baseline 0.009 -29"><span class='ocrx_word' id='word_1_554' title='bbox 2163 3716 2498 3781; x_wconf 72' lang='lat' dir='ltr'>Epistulam;</span> <span class='ocrx_word' id='word_1_555' title='bbox 2526 3731 2698 3784; x_wconf 88' lang='lat' dir='ltr'>neque</span> <span class='ocrx_word' id='word_1_556' title='bbox 2731 3718 2780 3770; x_wconf 93' lang='lat' dir='ltr'>in</span> <span class='ocrx_word' id='word_1_557' title='bbox 2817 3718 2953 3773; x_wconf 87' lang='lat' dir='ltr'>libro</span> <span class='ocrx_word' id='word_1_558' title='bbox 2970 3716 3045 3771; x_wconf 90' lang='lat' dir='ltr'>De</span> <span class='ocrx_word' id='word_1_559' title='bbox 3075 3718 3275 3789; x_wconf 81' lang='lat' dir='ltr'>Spiritu</span> <span class='ocrx_word' id='word_1_560' title='bbox 3295 3732 3491 3786; x_wconf 80' lang='lat' dir='ltr'>sancto,</span> <span class='ocrx_word' id='word_1_561' title='bbox 3525 3737 3623 3776; x_wconf 86' lang='lat' dir='ltr'>nec</span> <span class='ocrx_word' id='word_1_562' title='bbox 3649 3721 3747 3774; x_wconf 86' lang='lat' dir='ltr'>ali-</span> 
     </span>
    </p>
   </div>
   <div class='ocr_carea' id='block_1_83' title="bbox 2176 3803 3749 3884">
    <p class='ocr_par' dir='ltr' id='par_1_83' title="bbox 2176 3803 3749 3884">
     <span class='ocr_line' id='line_1_83' title="bbox 2176 3803 3749 3884; baseline 0.008 -28"><span class='ocrx_word' id='word_1_563' title='bbox 2176 3805 2248 3856; x_wconf 88' lang='lat' dir='ltr'>bi.</span> <span class='ocrx_word' id='word_1_564' title='bbox 2314 3803 2370 3855; x_wconf 89' lang='lat' dir='ltr'>ld</span> <span class='ocrx_word' id='word_1_565' title='bbox 2423 3815 2601 3858; x_wconf 91' lang='lat' dir='ltr'>autem</span> <span class='ocrx_word' id='word_1_566' title='bbox 2645 3823 2708 3861; x_wconf 87' lang='lat' dir='ltr'>ex</span> <span class='ocrx_word' id='word_1_567' title='bbox 2749 3825 2813 3863; x_wconf 90' lang='lat' dir='ltr'>eo</span> <span class='ocrx_word' id='word_1_568' title='bbox 2870 3811 3080 3867; x_wconf 86' lang='lat' dir='ltr'>factum</span> <span class='ocrx_word' id='word_1_569' title='bbox 3131 3829 3234 3868; x_wconf 92' lang='lat' dir='ltr'>non</span> <span class='ocrx_word' id='word_1_570' title='bbox 3286 3815 3490 3878; x_wconf 90' lang='lat' dir='ltr'>dubito,</span> <span class='ocrx_word' id='word_1_571' title='bbox 3525 3817 3662 3884; x_wconf 84' lang='lat' dir='ltr'>quod</span> <span class='ocrx_word' id='word_1_572' title='bbox 3700 3817 3749 3869; x_wconf 91' lang='lat' dir='ltr'>in</span> 
     </span>
    </p>
   </div>
   <div class='ocr_carea' id='block_1_84' title="bbox 2181 3892 3752 3973">
    <p class='ocr_par' dir='ltr' id='par_1_84' title="bbox 2181 3892 3752 3973">
     <span class='ocr_line' id='line_1_84' title="bbox 2181 3892 3752 3973; baseline 0.012 -31"><span class='ocrx_word' id='word_1_573' title='bbox 2181 3892 2566 3948; x_wconf 80' lang='lat' dir='ltr'>Alexandrinis</span> <span class='ocrx_word' id='word_1_574' title='bbox 2611 3897 2905 3954; x_wconf 80' lang='lat' dir='ltr'>Bibliorum</span> <span class='ocrx_word' id='word_1_575' title='bbox 2965 3906 3366 3973; x_wconf 84' lang='lat' dir='ltr'>exemplaribus</span> <span class='ocrx_word' id='word_1_576' title='bbox 3433 3915 3610 3960; x_wconf 72' lang='lat' dir='ltr'>teXlus</span> <span class='ocrx_word' id='word_1_577' title='bbox 3665 3906 3752 3962; x_wconf 83' lang='lat' dir='ltr'>ille</span> 
     </span>
    </p>
   </div>
   <div class='ocr_carea' id='block_1_85' title="bbox 2172 3983 3752 4068">
    <p class='ocr_par' dir='ltr' id='par_1_85' title="bbox 2172 3983 3752 4068">
     <span class='ocr_line' id='line_1_85' title="bbox 2172 3983 3752 4068; baseline 0.011 -34"><span class='ocrx_word' id='word_1_578' title='bbox 2172 3983 2572 4038; x_wconf 88' lang='lat' dir='ltr'>desideraretur</span> <span class='ocrx_word' id='word_1_579' title='bbox 2616 4007 2627 4038; x_wconf 88' lang='lat'>:</span> <span class='ocrx_word' id='word_1_580' title='bbox 2673 4003 2793 4040; x_wconf 91' lang='lat' dir='ltr'>cum</span> <span class='ocrx_word' id='word_1_581' title='bbox 2837 3991 3052 4045; x_wconf 80' lang='lat' dir='ltr'>Arianis</span> <span class='ocrx_word' id='word_1_582' title='bbox 3105 4011 3171 4048; x_wconf 92' lang='lat' dir='ltr'>ne</span> <span class='ocrx_word' id='word_1_583' title='bbox 3205 3997 3273 4048; x_wconf 90' lang='lat' dir='ltr'>ab</span> <span class='ocrx_word' id='word_1_584' title='bbox 3304 3997 3602 4054; x_wconf 78' lang='lat' dir='ltr'>Athanasio</span> <span class='ocrx_word' id='word_1_585' title='bbox 3635 3999 3752 4068; x_wconf 88' lang='lat' dir='ltr'>qui-</span> 
     </span>
    </p>
   </div>
   <div class='ocr_carea' id='block_1_86' title="bbox 2173 4073 3748 4162">
    <p class='ocr_par' dir='ltr' id='par_1_86' title="bbox 2173 4073 3748 4162">
     <span class='ocr_line' id='line_1_86' title="bbox 2173 4073 3748 4162; baseline 0.013 -37"><span class='ocrx_word' id='word_1_586' title='bbox 2173 4073 2290 4125; x_wconf 88' lang='lat' dir='ltr'>dem</span> <span class='ocrx_word' id='word_1_587' title='bbox 2327 4087 2562 4140; x_wconf 88' lang='lat' dir='ltr'>unquam</span> <span class='ocrx_word' id='word_1_588' title='bbox 2597 4076 2841 4146; x_wconf 81' lang='lat' dir='ltr'>objeelns</span> <span class='ocrx_word' id='word_1_589' title='bbox 2881 4081 2969 4144; x_wconf 87' lang='lat' dir='ltr'>sit,</span> <span class='ocrx_word' id='word_1_590' title='bbox 2998 4085 3094 4136; x_wconf 83' lang='lat' dir='ltr'>nec</span> <span class='ocrx_word' id='word_1_591' title='bbox 3132 4087 3181 4138; x_wconf 91' lang='lat' dir='ltr'>in</span> <span class='ocrx_word' id='word_1_592' title='bbox 3219 4087 3603 4156; x_wconf 82' lang='lat' dir='ltr'>Alexandrino,</span> <span class='ocrx_word' id='word_1_593' title='bbox 3659 4091 3748 4162; x_wconf 90' lang='lat' dir='ltr'>qui</span> 
     </span>
    </p>
   </div>
   <div class='ocr_carea' id='block_1_87' title="bbox 2167 4163 3746 4252">
    <p class='ocr_par' dir='ltr' id='par_1_87' title="bbox 2167 4163 3746 4252">
     <span class='ocr_line' id='line_1_87' title="bbox 2167 4163 3746 4252; baseline 0.016 -42"><span class='ocrx_word' id='word_1_594' title='bbox 2167 4167 2434 4226; x_wconf 87' lang='lat' dir='ltr'>superest,</span> <span class='ocrx_word' id='word_1_595' title='bbox 2494 4163 2680 4218; x_wconf 86' lang='lat' dir='ltr'>codice</span> <span class='ocrx_word' id='word_1_596' title='bbox 2737 4165 2963 4237; x_wconf 86' lang='lat' dir='ltr'>legatur.</span> <span class='ocrx_word' id='word_1_597' title='bbox 3024 4168 3230 4227; x_wconf 81' lang='lat' dir='ltr'>Nullius</span> <span class='ocrx_word' id='word_1_598' title='bbox 3279 4191 3495 4248; x_wconf 88' lang='lat' dir='ltr'>quoque</span> <span class='ocrx_word' id='word_1_599' title='bbox 3558 4183 3746 4252; x_wconf 85' lang='lat' dir='ltr'>synodi</span> 
     </span>
    </p>
   </div>
   <div class='ocr_carea' id='block_1_88' title="bbox 2169 4253 3744 4344">
    <p class='ocr_par' dir='ltr' id='par_1_88' title="bbox 2169 4253 3744 4344">
     <span class='ocr_line' id='line_1_88' title="bbox 2169 4253 3744 4344; baseline 0.017 -41"><span class='ocrx_word' id='word_1_600' title='bbox 2169 4253 2496 4308; x_wconf 88' lang='lat' dir='ltr'>mentionem</span> <span class='ocrx_word' id='word_1_601' title='bbox 2528 4257 2688 4311; x_wconf 89' lang='lat' dir='ltr'>ullam</span> <span class='ocrx_word' id='word_1_602' title='bbox 2725 4259 2855 4316; x_wconf 86' lang='lat' dir='ltr'>facit</span> <span class='ocrx_word' id='word_1_603' title='bbox 2888 4263 3142 4332; x_wconf 83' lang='lat' dir='ltr'>Didymus</span> <span class='ocrx_word' id='word_1_604' title='bbox 3173 4284 3186 4332; x_wconf 89' lang='lat'>;</span> <span class='ocrx_word' id='word_1_605' title='bbox 3220 4271 3409 4335; x_wconf 89' lang='lat' dir='ltr'>satius,</span> <span class='ocrx_word' id='word_1_606' title='bbox 3448 4285 3504 4326; x_wconf 85' lang='lat' dir='ltr'>ut</span> <span class='ocrx_word' id='word_1_607' title='bbox 3534 4277 3744 4344; x_wconf 90' lang='lat' dir='ltr'>opinor,</span> 
     </span>
    </p>
   </div>
   <div class='ocr_carea' id='block_1_89' title="bbox 2131 4346 3743 4421">
    <p class='ocr_par' dir='ltr' id='par_1_89' title="bbox 2131 4346 3743 4421">
     <span class='ocr_line' id='line_1_89' title="bbox 2131 4346 3743 4421; baseline 0.015 -25"><span class='ocrx_word' id='word_1_608' title='bbox 2131 4357 2286 4398; x_wconf 71' lang='lat' dir='ltr'>&#39;esse</span> <span class='ocrx_word' id='word_1_609' title='bbox 2338 4346 2540 4401; x_wconf 88' lang='lat' dir='ltr'>ducens</span> <span class='ocrx_word' id='word_1_610' title='bbox 2591 4365 2620 4404; x_wconf 91' lang='lat' dir='ltr'>e</span> <span class='ocrx_word' id='word_1_611' title='bbox 2705 4350 3022 4419; x_wconf 84' lang='lat' dir='ltr'>Scripturis,</span> <span class='ocrx_word' id='word_1_612' title='bbox 3087 4362 3311 4421; x_wconf 78' lang='lat' dir='ltr'>qttarum</span> <span class='ocrx_word' id='word_1_613' title='bbox 3371 4367 3743 4420; x_wconf 88' lang='lat' dir='ltr'>auctoritatem</span> 
     </span>
    </p>
   </div>
   <div class='ocr_carea' id='block_1_90' title="bbox 2163 4441 3748 4522">
    <p class='ocr_par' dir='ltr' id='par_1_90' title="bbox 2163 4441 3748 4522">
     <span class='ocr_line' id='line_1_90' title="bbox 2163 4441 3748 4522; baseline 0.012 -29"><span class='ocrx_word' id='word_1_614' title='bbox 2163 4441 2523 4510; x_wconf 79' lang='lat' dir='ltr'>agnoscebant</span> <span class='ocrx_word' id='word_1_615' title='bbox 2559 4442 2821 4508; x_wconf 71' lang='lat' dir='ltr'>hazretici,</span> <span class='ocrx_word' id='word_1_616' title='bbox 2850 4461 3008 4514; x_wconf 87' lang='lat' dir='ltr'>quam</span> <span class='ocrx_word' id='word_1_617' title='bbox 3041 4462 3105 4502; x_wconf 83' lang='lat' dir='ltr'>ex</span> <span class='ocrx_word' id='word_1_618' title='bbox 3138 4451 3525 4522; x_wconf 84' lang='lat' dir='ltr'>synodis,quas</span> <span class='ocrx_word' id='word_1_619' title='bbox 3557 4457 3627 4510; x_wconf 91' lang='lat' dir='ltr'>illi</span> <span class='ocrx_word' id='word_1_620' title='bbox 3659 4459 3748 4512; x_wconf 85' lang='lat' dir='ltr'>de-</span> 
     </span>
    </p>
   </div>
   <div class='ocr_carea' id='block_1_91' title="bbox 2164 4532 3738 4618">
    <p class='ocr_par' dir='ltr' id='par_1_91' title="bbox 2164 4532 3738 4618">
     <span class='ocr_line' id='line_1_91' title="bbox 2164 4532 3738 4618; baseline 0.012 -32"><span class='ocrx_word' id='word_1_621' title='bbox 2164 4532 2488 4603; x_wconf 87' lang='lat' dir='ltr'>spiciebant,</span> <span class='ocrx_word' id='word_1_622' title='bbox 2547 4539 2938 4604; x_wconf 87' lang='lat' dir='ltr'>argumentari.</span> <span class='ocrx_word' id='word_1_623' title='bbox 2995 4539 3142 4596; x_wconf 88' lang='lat' dir='ltr'>llane</span> <span class='ocrx_word' id='word_1_624' title='bbox 3196 4543 3318 4596; x_wconf 90' lang='lat' dir='ltr'>item</span> <span class='ocrx_word' id='word_1_625' title='bbox 3375 4547 3444 4599; x_wconf 93' lang='lat' dir='ltr'>ob</span> <span class='ocrx_word' id='word_1_626' title='bbox 3502 4563 3738 4618; x_wconf 87' lang='lat' dir='ltr'>causam,</span> 
     </span>
    </p>
   </div>
   <div class='ocr_carea' id='block_1_92' title="bbox 475 4617 3743 4706">
    <p class='ocr_par' dir='ltr' id='par_1_92' title="bbox 475 4617 3743 4706">
     <span class='ocr_line' id='line_1_92' title="bbox 475 4617 3743 4706; baseline 0.006 -29"><span class='ocrx_word' id='word_1_627' title='bbox 475 4624 566 4684; x_wconf 76' lang='lat'>55,</span> <span class='ocrx_word' id='word_1_628' title='bbox 628 4620 690 4673; x_wconf 82' lang='lat' dir='ltr'>7i</span> <span class='ocrx_word' id='word_1_629' title='bbox 720 4630 774 4672; x_wconf 89' lang='lat' dir='ltr'>et</span> <span class='ocrx_word' id='word_1_630' title='bbox 815 4618 902 4678; x_wconf 87' lang='lat'>88,</span> <span class='ocrx_word' id='word_1_631' title='bbox 952 4617 1288 4672; x_wconf 74' lang='lat' dir='ltr'>Bibliotheca:</span> <span class='ocrx_word' id='word_1_632' title='bbox 1323 4617 1544 4673; x_wconf 75' lang='lat' dir='ltr'>Patrum</span> <span class='ocrx_word' id='word_1_633' title='bbox 1599 4622 1851 4675; x_wconf 89' lang='lat' dir='ltr'>editionis</span> <span class='ocrx_word' id='word_1_634' title='bbox 1901 4622 2046 4675; x_wconf 82' lang='lat' dir='ltr'>Pari-</span> <span class='ocrx_word' id='word_1_635' title='bbox 2085 4619 2128 4673; x_wconf 90' lang='lat' dir='ltr'>D</span> <span class='ocrx_word' id='word_1_636' title='bbox 2159 4627 2210 4679; x_wconf 90' lang='lat' dir='ltr'>ni</span> <span class='ocrx_word' id='word_1_637' title='bbox 2244 4627 2416 4688; x_wconf 87' lang='lat' dir='ltr'>fallor,</span> <span class='ocrx_word' id='word_1_638' title='bbox 2491 4641 2559 4678; x_wconf 90' lang='lat' dir='ltr'>ne</span> <span class='ocrx_word' id='word_1_639' title='bbox 2616 4627 2958 4686; x_wconf 86' lang='lat' dir='ltr'>traditionem</span> <span class='ocrx_word' id='word_1_640' title='bbox 3012 4636 3229 4702; x_wconf 85' lang='lat' dir='ltr'>quidem</span> <span class='ocrx_word' id='word_1_641' title='bbox 3285 4653 3608 4706; x_wconf 81' lang='lat' dir='ltr'>magnOpere</span> <span class='ocrx_word' id='word_1_642' title='bbox 3653 4617 3743 4698; x_wconf 87' lang='lat' dir='ltr'>us-</span> 
     </span>
    </p>
   </div>
   <div class='ocr_carea' id='block_1_93' title="bbox 475 4709 2051 4780">
    <p class='ocr_par' dir='ltr' id='par_1_93' title="bbox 475 4709 2051 4780">
     <span class='ocr_line' id='line_1_93' title="bbox 475 4709 2051 4780; baseline -0.002 -13"><span class='ocrx_word' id='word_1_643' title='bbox 475 4713 669 4767; x_wconf 83' lang='lat' dir='ltr'>siensis</span> <span class='ocrx_word' id='word_1_644' title='bbox 701 4711 823 4762; x_wconf 84' lang='lat' dir='ltr'>anni</span> <span class='ocrx_word' id='word_1_645' title='bbox 856 4709 1029 4773; x_wconf 50' lang='lat' dir='ltr'>lli—lli;</span> <span class='ocrx_word' id='word_1_646' title='bbox 1065 4710 1114 4762; x_wconf 89' lang='lat' dir='ltr'>itt</span> <span class='ocrx_word' id='word_1_647' title='bbox 1143 4709 1275 4762; x_wconf 84' lang='lat' dir='ltr'>libro</span> <span class='ocrx_word' id='word_1_648' title='bbox 1302 4723 1479 4764; x_wconf 90' lang='lat' dir='ltr'>autem</span> <span class='ocrx_word' id='word_1_649' title='bbox 1520 4709 1596 4764; x_wconf 84' lang='lat' dir='ltr'>De</span> <span class='ocrx_word' id='word_1_650' title='bbox 1628 4711 1835 4780; x_wconf 83' lang='lat' dir='ltr'>Spiritu</span> <span class='ocrx_word' id='word_1_651' title='bbox 1871 4722 2051 4764; x_wconf 83' lang='lat' dir='ltr'>sancto</span> 
     </span>
    </p>
   </div>
   <div class='ocr_carea' id='block_1_94' title="bbox 475 4802 2050 4871">
    <p class='ocr_par' dir='ltr' id='par_1_94' title="bbox 475 4802 2050 4871">
     <span class='ocr_line' id='line_1_94' title="bbox 475 4802 2050 4871; baseline 0.004 -20"><span class='ocrx_word' id='word_1_652' title='bbox 475 4817 631 4871; x_wconf 78' lang='lat' dir='ltr'>pagg.</span> <span class='ocrx_word' id='word_1_653' title='bbox 683 4802 798 4865; x_wconf 85' lang='grc'>166,</span> <span class='ocrx_word' id='word_1_654' title='bbox 840 4804 958 4867; x_wconf 86' lang='grc'>161,</span> <span class='ocrx_word' id='word_1_655' title='bbox 993 4803 1114 4866; x_wconf 70' lang='grc'>162,</span> <span class='ocrx_word' id='word_1_656' title='bbox 1151 4803 1257 4857; x_wconf 68' lang='grc'>164</span> <span class='ocrx_word' id='word_1_657' title='bbox 1288 4804 1538 4858; x_wconf 90' lang='lat' dir='ltr'>editionis</span> <span class='ocrx_word' id='word_1_658' title='bbox 1571 4803 1920 4857; x_wconf 86' lang='lat' dir='ltr'>Veronensis.</span> <span class='ocrx_word' id='word_1_659' title='bbox 1965 4804 2050 4858; x_wconf 88' lang='lat' dir='ltr'>Si-</span> 
     </span>
    </p>
   </div>
   <div class='ocr_carea' id='block_1_95' title="bbox 476 4894 2051 4965">
    <p class='ocr_par' dir='ltr' id='par_1_95' title="bbox 476 4894 2051 4965">
     <span class='ocr_line' id='line_1_95' title="bbox 476 4894 2051 4965; baseline 0.003 -20"><span class='ocrx_word' id='word_1_660' title='bbox 476 4894 620 4945; x_wconf 84' lang='lat' dir='ltr'>milia</span> <span class='ocrx_word' id='word_1_661' title='bbox 651 4909 776 4947; x_wconf 76' lang='lat' dir='ltr'>vero</span> <span class='ocrx_word' id='word_1_662' title='bbox 831 4896 1074 4964; x_wconf 77' lang='lat' dir='ltr'>exempla</span> <span class='ocrx_word' id='word_1_663' title='bbox 1140 4896 1189 4948; x_wconf 93' lang='lat' dir='ltr'>in</span> <span class='ocrx_word' id='word_1_664' title='bbox 1245 4895 1489 4965; x_wconf 84' lang='lat' dir='ltr'>theologo</span> <span class='ocrx_word' id='word_1_665' title='bbox 1517 4906 1699 4950; x_wconf 89' lang='lat' dir='ltr'>nostro</span> <span class='ocrx_word' id='word_1_666' title='bbox 1758 4906 2051 4951; x_wconf 86' lang='lat' dir='ltr'>occurrunt</span> 
     </span>
    </p>
   </div>
   <div class='ocr_carea' id='block_1_96' title="bbox 473 4987 1453 5056">
    <p class='ocr_par' dir='ltr' id='par_1_96' title="bbox 473 4987 1453 5056">
     <span class='ocr_line' id='line_1_96' title="bbox 473 4987 1453 5056; baseline 0.002 -19"><span class='ocrx_word' id='word_1_667' title='bbox 473 5004 626 5056; x_wconf 74' lang='lat' dir='ltr'>pagg.</span> <span class='ocrx_word' id='word_1_668' title='bbox 657 4987 777 5051; x_wconf 88' lang='lat' dir='ltr'>l98,</span> <span class='ocrx_word' id='word_1_669' title='bbox 800 4989 924 5053; x_wconf 72' lang='lat' dir='ltr'>C2.6l,</span> <span class='ocrx_word' id='word_1_670' title='bbox 955 4989 1079 5052; x_wconf 73' lang='grc' dir='ltr'>ΞΠΙ,</span> <span class='ocrx_word' id='word_1_671' title='bbox 1113 4987 1220 5041; x_wconf 60' lang='grc'>514</span> <span class='ocrx_word' id='word_1_672' title='bbox 1251 4987 1453 5041; x_wconf 74' lang='grc'><strong>01417.</strong></span> 
     </span>
    </p>
   </div>
   <div class='ocr_carea' id='block_1_97' title="bbox 467 5101 2048 5184">
    <p class='ocr_par' dir='ltr' id='par_1_97' title="bbox 467 5101 2048 5184">
     <span class='ocr_line' id='line_1_97' title="bbox 467 5101 2048 5184; baseline 0.001 -30"><span class='ocrx_word' id='word_1_673' title='bbox 467 5102 596 5155; x_wconf 61' lang='lat' dir='ltr'>Car.</span> <span class='ocrx_word' id='word_1_674' title='bbox 640 5102 826 5159; x_wconf 72' lang='lat' dir='ltr'>XXlll.</span> <span class='ocrx_word' id='word_1_675' title='bbox 867 5101 1140 5156; x_wconf 67' lang='lat' dir='ltr'>Notabile:</span> <span class='ocrx_word' id='word_1_676' title='bbox 1177 5103 1418 5184; x_wconf 56' lang='lat' dir='ltr'>quantum</span> <span class='ocrx_word' id='word_1_677' title='bbox 1459 5104 1511 5155; x_wconf 86' lang='lat' dir='ltr'>in</span> <span class='ocrx_word' id='word_1_678' title='bbox 1555 5112 1770 5172; x_wconf 81' lang='lat' dir='ltr'>utroque</span> <span class='ocrx_word' id='word_1_679' title='bbox 1797 5103 2048 5172; x_wconf 78' lang='lat' dir='ltr'>scriptore.</span> 
     </span>
    </p>
   </div>
   <div class='ocr_carea' id='block_1_98' title="bbox 1087 5190 1410 5226">
    <p class='ocr_par' dir='ltr' id='par_1_98' title="bbox 1087 5190 1410 5226">
     <span class='ocr_line' id='line_1_98' title="bbox 1087 5190 1410 5226; baseline -0.006 0"><span class='ocrx_word' id='word_1_680' title='bbox 1087 5190 1410 5226; x_wconf 67' lang='lat' dir='ltr'>OHHSSIONBS.</span> 
     </span>
    </p>
   </div>
   <div class='ocr_carea' id='block_1_99' title="bbox 539 5259 2050 5328">
    <p class='ocr_par' dir='ltr' id='par_1_99' title="bbox 539 5259 2050 5328">
     <span class='ocr_line' id='line_1_99' title="bbox 539 5259 2050 5328; baseline 0.001 -14"><span class='ocrx_word' id='word_1_681' title='bbox 539 5262 684 5315; x_wconf 87' lang='lat' dir='ltr'>Satis</span> <span class='ocrx_word' id='word_1_682' title='bbox 727 5263 922 5315; x_wconf 90' lang='lat' dir='ltr'>multas</span> <span class='ocrx_word' id='word_1_683' title='bbox 961 5259 1070 5328; x_wconf 88' lang='lat' dir='ltr'>jam</span> <span class='ocrx_word' id='word_1_684' title='bbox 1103 5274 1168 5313; x_wconf 80' lang='lat' dir='ltr'>ex</span> <span class='ocrx_word' id='word_1_685' title='bbox 1218 5260 1282 5312; x_wconf 91' lang='lat' dir='ltr'>iis</span> <span class='ocrx_word' id='word_1_686' title='bbox 1311 5275 1429 5328; x_wconf 71' lang='lat' dir='ltr'>qua:</span> <span class='ocrx_word' id='word_1_687' title='bbox 1474 5259 1688 5328; x_wconf 88' lang='lat' dir='ltr'>scripsit</span> <span class='ocrx_word' id='word_1_688' title='bbox 1736 5271 1925 5314; x_wconf 89' lang='lat' dir='ltr'>auctor</span> <span class='ocrx_word' id='word_1_689' title='bbox 1953 5278 2050 5315; x_wconf 89' lang='lat' dir='ltr'>no—</span> 
     </span>
    </p>
   </div>
   <div class='ocr_carea' id='block_1_100' title="bbox 471 5350 2039 5420">
    <p class='ocr_par' dir='ltr' id='par_1_100' title="bbox 471 5350 2039 5420">
     <span class='ocr_line' id='line_1_100' title="bbox 471 5350 2039 5420; baseline 0.001 -16"><span class='ocrx_word' id='word_1_690' title='bbox 471 5363 599 5416; x_wconf 88' lang='lat' dir='ltr'>ster,</span> <span class='ocrx_word' id='word_1_691' title='bbox 649 5354 987 5420; x_wconf 87' lang='lat' dir='ltr'>conjecturas</span> <span class='ocrx_word' id='word_1_692' title='bbox 1033 5352 1338 5403; x_wconf 84' lang='lat' dir='ltr'>rationesve</span> <span class='ocrx_word' id='word_1_693' title='bbox 1373 5351 1821 5419; x_wconf 83' lang='lat' dir='ltr'>deprompsimus.</span> <span class='ocrx_word' id='word_1_694' title='bbox 1862 5350 2039 5418; x_wconf 85' lang='lat' dir='ltr'>Quid-</span> 
     </span>
    </p>
   </div>
   <div class='ocr_carea' id='block_1_101' title="bbox 471 5441 2042 5511">
    <p class='ocr_par' dir='ltr' id='par_1_101' title="bbox 471 5441 2042 5511">
     <span class='ocr_line' id='line_1_101' title="bbox 471 5441 2042 5511; baseline 0.003 -19"><span class='ocrx_word' id='word_1_695' title='bbox 471 5441 522 5493; x_wconf 90' lang='lat' dir='ltr'>ui</span> <span class='ocrx_word' id='word_1_696' title='bbox 569 5457 634 5495; x_wconf 71' lang='lat' dir='ltr'>ex</span> <span class='ocrx_word' id='word_1_697' title='bbox 682 5441 765 5497; x_wconf 93' lang='lat' dir='ltr'>his</span> <span class='ocrx_word' id='word_1_698' title='bbox 806 5443 970 5497; x_wconf 84' lang='lat' dir='ltr'>etiam</span> <span class='ocrx_word' id='word_1_699' title='bbox 1020 5452 1462 5511; x_wconf 84' lang='lat' dir='ltr'>argumentemur</span> <span class='ocrx_word' id='word_1_700' title='bbox 1506 5456 1624 5509; x_wconf 62' lang='lat' dir='ltr'>quae</span> <span class='ocrx_word' id='word_1_701' title='bbox 1671 5441 1783 5511; x_wconf 89' lang='lat' dir='ltr'>ipse</span> <span class='ocrx_word' id='word_1_702' title='bbox 1833 5443 2042 5496; x_wconf 87' lang='lat' dir='ltr'>tacuit?</span> 
     </span>
    </p>
   </div>
   <div class='ocr_carea' id='block_1_102' title="bbox 467 5532 2041 5604">
    <p class='ocr_par' dir='ltr' id='par_1_102' title="bbox 467 5532 2041 5604">
     <span class='ocr_line' id='line_1_102' title="bbox 467 5532 2041 5604; baseline 0.002 -19"><span class='ocrx_word' id='word_1_703' title='bbox 467 5547 591 5585; x_wconf 75' lang='lat' dir='ltr'>cum</span> <span class='ocrx_word' id='word_1_704' title='bbox 647 5533 759 5587; x_wconf 76' lang='lat' dir='ltr'>[nec</span> <span class='ocrx_word' id='word_1_705' title='bbox 814 5550 1030 5604; x_wconf 85' lang='lat' dir='ltr'>quoque</span> <span class='ocrx_word' id='word_1_706' title='bbox 1081 5550 1187 5588; x_wconf 92' lang='lat' dir='ltr'>non</span> <span class='ocrx_word' id='word_1_707' title='bbox 1235 5535 1578 5587; x_wconf 87' lang='lat' dir='ltr'>mediocriter</span> <span class='ocrx_word' id='word_1_708' title='bbox 1605 5532 1795 5601; x_wconf 87' lang='lat' dir='ltr'>juvent</span> <span class='ocrx_word' id='word_1_709' title='bbox 1821 5549 2041 5589; x_wconf 86' lang='lat' dir='ltr'>causam</span> 
     </span>
    </p>
   </div>
   <div class='ocr_carea' id='block_1_103' title="bbox 472 5623 2039 5696">
    <p class='ocr_par' dir='ltr' id='par_1_103' title="bbox 472 5623 2039 5696">
     <span class='ocr_line' id='line_1_103' title="bbox 472 5623 2039 5696; baseline 0.004 -21"><span class='ocrx_word' id='word_1_710' title='bbox 472 5639 664 5679; x_wconf 88' lang='lat' dir='ltr'>meam.</span> <span class='ocrx_word' id='word_1_711' title='bbox 705 5623 978 5693; x_wconf 81' lang='lat' dir='ltr'>Nusquam</span> <span class='ocrx_word' id='word_1_712' title='bbox 1006 5628 1165 5695; x_wconf 83' lang='lat' dir='ltr'>igitur</span> <span class='ocrx_word' id='word_1_713' title='bbox 1199 5628 1248 5680; x_wconf 90' lang='lat' dir='ltr'>itt</span> <span class='ocrx_word' id='word_1_714' title='bbox 1287 5627 1459 5681; x_wconf 90' lang='lat' dir='ltr'>tribus</span> <span class='ocrx_word' id='word_1_715' title='bbox 1508 5625 1654 5680; x_wconf 86' lang='lat' dir='ltr'>ltiscc</span> <span class='ocrx_word' id='word_1_716' title='bbox 1689 5625 1844 5680; x_wconf 87' lang='lat' dir='ltr'>libris</span> <span class='ocrx_word' id='word_1_717' title='bbox 1877 5628 2039 5696; x_wconf 85' lang='lat' dir='ltr'>(quod</span> 
     </span>
    </p>
   </div>
   <div class='ocr_carea' id='block_1_104' title="bbox 470 5714 2041 5786">
    <p class='ocr_par' dir='ltr' id='par_1_104' title="bbox 470 5714 2041 5786">
     <span class='ocr_line' id='line_1_104' title="bbox 470 5714 2041 5786; baseline 0.003 -20"><span class='ocrx_word' id='word_1_718' title='bbox 470 5715 664 5767; x_wconf 85' lang='lat' dir='ltr'>mirum</span> <span class='ocrx_word' id='word_1_719' title='bbox 697 5715 927 5782; x_wconf 72' lang='lat' dir='ltr'>cuipiam</span> <span class='ocrx_word' id='word_1_720' title='bbox 963 5718 1012 5768; x_wconf 88' lang='lat' dir='ltr'>in</span> <span class='ocrx_word' id='word_1_721' title='bbox 1043 5729 1285 5770; x_wconf 84' lang='lat' dir='ltr'>veterum</span> <span class='ocrx_word' id='word_1_722' title='bbox 1327 5717 1541 5771; x_wconf 79' lang='lat' dir='ltr'>Patrum</span> <span class='ocrx_word' id='word_1_723' title='bbox 1587 5714 1800 5785; x_wconf 81' lang='lat' dir='ltr'>Didymi</span> <span class='ocrx_word' id='word_1_724' title='bbox 1845 5732 2041 5786; x_wconf 87' lang='lat' dir='ltr'>suppa-</span> 
     </span>
    </p>
   </div>
   <div class='ocr_carea' id='block_1_105' title="bbox 546 5893 1120 5961">
    <p class='ocr_par' dir='ltr' id='par_1_105' title="bbox 546 5893 1120 5961">
     <span class='ocr_line' id='line_1_105' title="bbox 546 5893 1120 5961; baseline -0.009 -10"><span class='ocrx_word' id='word_1_725' title='bbox 546 5900 587 5931; x_wconf 79' lang='lat'>“</span> <span class='ocrx_word' id='word_1_726' title='bbox 631 5895 646 5950; x_wconf 91' lang='lat' dir='ltr'>l</span> <span class='ocrx_word' id='word_1_727' title='bbox 676 5893 834 5950; x_wconf 85' lang='lat' dir='ltr'>Joan.</span> <span class='ocrx_word' id='word_1_728' title='bbox 867 5909 919 5959; x_wconf 89' lang='lat' dir='ltr'>v,</span> <span class='ocrx_word' id='word_1_729' title='bbox 945 5893 975 5945; x_wconf 89' lang='lat'><strong>7</strong></span> <span class='ocrx_word' id='word_1_730' title='bbox 1002 5907 1120 5961; x_wconf 80' lang='lat' dir='ltr'>sqq.</span> 
     </span>
    </p>
   </div>
   <div class='ocr_carea' id='block_1_106' title="bbox 2160 4720 3737 4800">
    <p class='ocr_par' dir='ltr' id='par_1_106' title="bbox 2160 4720 3737 4800">
     <span class='ocr_line' id='line_1_106' title="bbox 2160 4720 3737 4800; baseline 0.015 -35"><span class='ocrx_word' id='word_1_731' title='bbox 2160 4733 2318 4784; x_wconf 86' lang='lat' dir='ltr'>quant</span> <span class='ocrx_word' id='word_1_732' title='bbox 2349 4726 2519 4786; x_wconf 75' lang='lat' dir='ltr'>urget,</span> <span class='ocrx_word' id='word_1_733' title='bbox 2540 4720 2630 4772; x_wconf 87' lang='lat' dir='ltr'>sed</span> <span class='ocrx_word' id='word_1_734' title='bbox 2655 4723 2832 4775; x_wconf 89' lang='lat' dir='ltr'>obiter</span> <span class='ocrx_word' id='word_1_735' title='bbox 2857 4732 3063 4779; x_wconf 88' lang='lat' dir='ltr'>tantum</span> <span class='ocrx_word' id='word_1_736' title='bbox 3097 4742 3213 4781; x_wconf 91' lang='lat' dir='ltr'>eam</span> <span class='ocrx_word' id='word_1_737' title='bbox 3239 4731 3452 4800; x_wconf 87' lang='lat' dir='ltr'>attingit</span> <span class='ocrx_word' id='word_1_738' title='bbox 3478 4747 3492 4784; x_wconf 88' lang='lat'><strong>:</strong></span> <span class='ocrx_word' id='word_1_739' title='bbox 3526 4741 3581 4784; x_wconf 93' lang='lat' dir='ltr'>ut</span> <span class='ocrx_word' id='word_1_740' title='bbox 3611 4749 3737 4788; x_wconf 91' lang='lat' dir='ltr'>cum</span> 
     </span>
    </p>
   </div>
   <div class='ocr_carea' id='block_1_107' title="bbox 2161 4809 3738 4892">
    <p class='ocr_par' dir='ltr' id='par_1_107' title="bbox 2161 4809 3738 4892">
     <span class='ocr_line' id='line_1_107' title="bbox 2161 4809 3738 4892; baseline 0.011 -31"><span class='ocrx_word' id='word_1_741' title='bbox 2161 4809 2312 4862; x_wconf 91' lang='lat' dir='ltr'>initio</span> <span class='ocrx_word' id='word_1_742' title='bbox 2365 4809 2483 4862; x_wconf 92' lang='lat' dir='ltr'>libri</span> <span class='ocrx_word' id='word_1_743' title='bbox 2528 4809 2605 4864; x_wconf 88' lang='lat' dir='ltr'>De</span> <span class='ocrx_word' id='word_1_744' title='bbox 2656 4811 2858 4880; x_wconf 82' lang='lat' dir='ltr'>Spiritu</span> <span class='ocrx_word' id='word_1_745' title='bbox 2909 4829 3088 4872; x_wconf 83' lang='lat' dir='ltr'>sancto</span> <span class='ocrx_word' id='word_1_746' title='bbox 3142 4823 3219 4875; x_wconf 89' lang='lat' dir='ltr'>sic</span> <span class='ocrx_word' id='word_1_747' title='bbox 3271 4822 3562 4892; x_wconf 87' lang='lat' dir='ltr'>loquitur:</span> <span class='ocrx_word' id='word_1_748' title='bbox 3608 4822 3738 4877; x_wconf 68' lang='grc' dir='ltr'><em>Ηαεσ</em></span> 
     </span>
    </p>
   </div>
   <div class='ocr_carea' id='block_1_108' title="bbox 2157 4901 3732 4985">
    <p class='ocr_par' dir='ltr' id='par_1_108' title="bbox 2157 4901 3732 4985">
     <span class='ocr_line' id='line_1_108' title="bbox 2157 4901 3732 4985; baseline 0.011 -33"><span class='ocrx_word' id='word_1_749' title='bbox 2157 4905 2219 4953; x_wconf 82' lang='lat' dir='ltr'>de</span> <span class='ocrx_word' id='word_1_750' title='bbox 2249 4901 2448 4966; x_wconf 81' lang='lat' dir='ltr'>Spiritu</span> <span class='ocrx_word' id='word_1_751' title='bbox 2476 4915 2656 4956; x_wconf 75' lang='lat' dir='ltr'>sancto</span> <span class='ocrx_word' id='word_1_752' title='bbox 2700 4905 2974 4974; x_wconf 78' lang='lat' dir='ltr'>jactilam,</span> <span class='ocrx_word' id='word_1_753' title='bbox 3005 4921 3123 4981; x_wconf 70' lang='lat' dir='ltr'>qua:</span> <span class='ocrx_word' id='word_1_754' title='bbox 3154 4930 3315 4985; x_wconf 84' lang='lat' dir='ltr'>neque</span> <span class='ocrx_word' id='word_1_755' title='bbox 3356 4919 3408 4969; x_wconf 84' lang='lat' dir='ltr'>in</span> <span class='ocrx_word' id='word_1_756' title='bbox 3442 4915 3732 4981; x_wconf 78' lang='lat' dir='ltr'>Scriptttris</span> 
     </span>
    </p>
   </div>
   <div class='ocr_carea' id='block_1_109' title="bbox 2155 4993 3734 5071">
    <p class='ocr_par' dir='ltr' id='par_1_109' title="bbox 2155 4993 3734 5071">
     <span class='ocr_line' id='line_1_109' title="bbox 2155 4993 3734 5071; baseline 0.011 -26"><span class='ocrx_word' id='word_1_757' title='bbox 2155 4993 2310 5054; x_wconf 81' lang='lat' dir='ltr'>lecta,</span> <span class='ocrx_word' id='word_1_758' title='bbox 2367 5001 2527 5063; x_wconf 76' lang='lat' dir='ltr'>neque</span> <span class='ocrx_word' id='word_1_759' title='bbox 2584 5011 2614 5048; x_wconf 88' lang='lat' dir='ltr'>a</span> <span class='ocrx_word' id='word_1_760' title='bbox 2661 5013 2919 5071; x_wconf 82' lang='lat' dir='ltr'>quoquam</span> <span class='ocrx_word' id='word_1_761' title='bbox 2975 5007 3452 5064; x_wconf 72' lang='lat' dir='ltr'>ecclesiasticarum</span> <span class='ocrx_word' id='word_1_762' title='bbox 3508 5021 3734 5064; x_wconf 83' lang='lat' dir='ltr'>veterum</span> 
     </span>
    </p>
   </div>
   <div class='ocr_carea' id='block_1_110' title="bbox 2157 5088 3736 5160">
    <p class='ocr_par' dir='ltr' id='par_1_110' title="bbox 2157 5088 3736 5160">
     <span class='ocr_line' id='line_1_110' title="bbox 2157 5088 3736 5160; baseline 0.014 -23"><span class='ocrx_word' id='word_1_763' title='bbox 2157 5095 2412 5152; x_wconf 82' lang='lat' dir='ltr'>usurpata</span> <span class='ocrx_word' id='word_1_764' title='bbox 2491 5099 2631 5142; x_wconf 84' lang='lat' dir='ltr'>sunt.</span> <span class='ocrx_word' id='word_1_765' title='bbox 2691 5088 2941 5150; x_wconf 84' lang='lat' dir='ltr'>Veterum</span> <span class='ocrx_word' id='word_1_766' title='bbox 3007 5101 3147 5155; x_wconf 90' lang='lat' dir='ltr'>enim</span> <span class='ocrx_word' id='word_1_767' title='bbox 3205 5101 3425 5157; x_wconf 83' lang='lat' dir='ltr'>Patrum</span> <span class='ocrx_word' id='word_1_768' title='bbox 3485 5105 3736 5160; x_wconf 84' lang='lat' dir='ltr'>testimo-</span> 
     </span>
    </p>
   </div>
   <div class='ocr_carea' id='block_1_111' title="bbox 2161 5175 3730 5263">
    <p class='ocr_par' dir='ltr' id='par_1_111' title="bbox 2161 5175 3730 5263">
     <span class='ocr_line' id='line_1_111' title="bbox 2161 5175 3730 5263; baseline 0.013 -37"><span class='ocrx_word' id='word_1_769' title='bbox 2161 5175 2248 5227; x_wconf 90' lang='lat' dir='ltr'>nia</span> <span class='ocrx_word' id='word_1_770' title='bbox 2300 5175 2407 5228; x_wconf 92' lang='lat' dir='ltr'>illis</span> <span class='ocrx_word' id='word_1_771' title='bbox 2486 5176 2761 5246; x_wconf 86' lang='lat' dir='ltr'>objectare</span> <span class='ocrx_word' id='word_1_772' title='bbox 2821 5198 3275 5252; x_wconf 85' lang='lat' dir='ltr'>supervacaneum</span> <span class='ocrx_word' id='word_1_773' title='bbox 3333 5193 3572 5258; x_wconf 80' lang='lat' dir='ltr'>fuiSset,</span> <span class='ocrx_word' id='word_1_774' title='bbox 3643 5196 3730 5263; x_wconf 89' lang='lat' dir='ltr'>qui</span> 
     </span>
    </p>
   </div>
   <div class='ocr_carea' id='block_1_112' title="bbox 2158 5267 3724 5352">
    <p class='ocr_par' dir='ltr' id='par_1_112' title="bbox 2158 5267 3724 5352">
     <span class='ocr_line' id='line_1_112' title="bbox 2158 5267 3724 5352; baseline 0.012 -32"><span class='ocrx_word' id='word_1_775' title='bbox 2158 5267 2288 5320; x_wconf 83' lang='lat' dir='ltr'>alios</span> <span class='ocrx_word' id='word_1_776' title='bbox 2339 5275 2535 5335; x_wconf 74' lang='lat' dir='ltr'>praeter</span> <span class='ocrx_word' id='word_1_777' title='bbox 2590 5268 2800 5339; x_wconf 88' lang='lat' dir='ltr'>Arium,</span> <span class='ocrx_word' id='word_1_778' title='bbox 2868 5275 3204 5348; x_wconf 83' lang='lat' dir='ltr'>Eunomium,</span> <span class='ocrx_word' id='word_1_779' title='bbox 3235 5299 3297 5338; x_wconf 90' lang='lat' dir='ltr'>ac</span> <span class='ocrx_word' id='word_1_780' title='bbox 3326 5279 3724 5352; x_wconf 80' lang='lat' dir='ltr'>Macedoniam,</span> 
     </span>
    </p>
   </div>
   <div class='ocr_carea' id='block_1_113' title="bbox 2149 5361 3728 5451">
    <p class='ocr_par' dir='ltr' id='par_1_113' title="bbox 2149 5361 3728 5451">
     <span class='ocr_line' id='line_1_113' title="bbox 2149 5361 3728 5451; baseline 0.011 -36"><span class='ocrx_word' id='word_1_781' title='bbox 2149 5377 2211 5415; x_wconf 86' lang='lat' dir='ltr'>ne</span> <span class='ocrx_word' id='word_1_782' title='bbox 2252 5361 2439 5451; x_wconf 73' lang='lat' dir='ltr'>audire</span> <span class='ocrx_word' id='word_1_783' title='bbox 2470 5363 2677 5431; x_wconf 81' lang='lat' dir='ltr'>quidem</span> <span class='ocrx_word' id='word_1_784' title='bbox 2723 5367 2976 5438; x_wconf 80' lang='lat' dir='ltr'>volebant,</span> <span class='ocrx_word' id='word_1_785' title='bbox 3013 5384 3068 5427; x_wconf 85' lang='lat' dir='ltr'>ut</span> <span class='ocrx_word' id='word_1_786' title='bbox 3109 5378 3182 5429; x_wconf 89' lang='lat' dir='ltr'>ait</span> <span class='ocrx_word' id='word_1_787' title='bbox 3221 5379 3500 5451; x_wconf 83' lang='lat' dir='ltr'>theologus</span> <span class='ocrx_word' id='word_1_788' title='bbox 3548 5389 3728 5433; x_wconf 81' lang='lat' dir='ltr'>noster</span> 
     </span>
    </p>
   </div>
   <div class='ocr_carea' id='block_1_114' title="bbox 2150 5447 3727 5533">
    <p class='ocr_par' dir='ltr' id='par_1_114' title="bbox 2150 5447 3727 5533">
     <span class='ocr_line' id='line_1_114' title="bbox 2150 5447 3727 5533; baseline 0.011 -32"><span class='ocrx_word' id='word_1_789' title='bbox 2150 5467 2269 5521; x_wconf 85' lang='lat' dir='ltr'>pag.</span> <span class='ocrx_word' id='word_1_790' title='bbox 2322 5447 2448 5516; x_wconf 73' lang='lat'>260,</span> <span class='ocrx_word' id='word_1_791' title='bbox 2504 5454 2701 5524; x_wconf 89' lang='lat' dir='ltr'>quique</span> <span class='ocrx_word' id='word_1_792' title='bbox 2733 5473 2852 5511; x_wconf 90' lang='lat' dir='ltr'>cum</span> <span class='ocrx_word' id='word_1_793' title='bbox 2881 5474 3008 5516; x_wconf 89' lang='lat' dir='ltr'>suas</span> <span class='ocrx_word' id='word_1_794' title='bbox 3038 5467 3317 5533; x_wconf 67' lang='lat' dir='ltr'>Opiliiones</span> <span class='ocrx_word' id='word_1_795' title='bbox 3359 5447 3478 5523; x_wconf 70' lang='lat' dir='ltr'>[niei</span> <span class='ocrx_word' id='word_1_796' title='bbox 3506 5471 3727 5522; x_wconf 82' lang='lat' dir='ltr'>Patrum</span> 
     </span>
    </p>
   </div>
   <div class='ocr_carea' id='block_1_115' title="bbox 2150 5544 3724 5628">
    <p class='ocr_par' dir='ltr' id='par_1_115' title="bbox 2150 5544 3724 5628">
     <span class='ocr_line' id='line_1_115' title="bbox 2150 5544 3724 5628; baseline 0.011 -33"><span class='ocrx_word' id='word_1_797' title='bbox 2150 5544 2514 5613; x_wconf 64' lang='lat' dir='ltr'>doctrinarque</span> <span class='ocrx_word' id='word_1_798' title='bbox 2549 5549 2855 5604; x_wconf 87' lang='lat' dir='ltr'>contrarias</span> <span class='ocrx_word' id='word_1_799' title='bbox 2915 5551 3034 5608; x_wconf 82' lang='lat' dir='ltr'>esSe</span> <span class='ocrx_word' id='word_1_800' title='bbox 3079 5561 3183 5612; x_wconf 83' lang='lat' dir='ltr'>non</span> <span class='ocrx_word' id='word_1_801' title='bbox 3227 5544 3540 5628; x_wconf 75' lang='lat' dir='ltr'>ignorarent</span> <span class='ocrx_word' id='word_1_802' title='bbox 3567 5598 3584 5622; x_wconf 92' lang='lat'>,</span> <span class='ocrx_word' id='word_1_803' title='bbox 3623 5559 3724 5612; x_wconf 83' lang='lat' dir='ltr'>Ca-</span> 
     </span>
    </p>
   </div>
   <div class='ocr_carea' id='block_1_116' title="bbox 2151 5633 3726 5717">
    <p class='ocr_par' dir='ltr' id='par_1_116' title="bbox 2151 5633 3726 5717">
     <span class='ocr_line' id='line_1_116' title="bbox 2151 5633 3726 5717; baseline 0.014 -33"><span class='ocrx_word' id='word_1_804' title='bbox 2151 5633 2380 5688; x_wconf 88' lang='lat' dir='ltr'>tholicos</span> <span class='ocrx_word' id='word_1_805' title='bbox 2439 5635 2504 5690; x_wconf 91' lang='lat' dir='ltr'>ad</span> <span class='ocrx_word' id='word_1_806' title='bbox 2559 5635 3126 5710; x_wconf 76' lang='lat' dir='ltr'>Scripturamsolam</span> <span class='ocrx_word' id='word_1_807' title='bbox 3186 5650 3548 5717; x_wconf 84' lang='lat' dir='ltr'>provocabant</span> <span class='ocrx_word' id='word_1_808' title='bbox 3583 5689 3599 5714; x_wconf 93' lang='lat'>,</span> <span class='ocrx_word' id='word_1_809' title='bbox 3668 5657 3726 5707; x_wconf 76' lang='lat' dir='ltr'>ut</span> 
     </span>
    </p>
   </div>
   <div class='ocr_carea' id='block_1_117' title="bbox 2152 5724 3722 5807">
    <p class='ocr_par' dir='ltr' id='par_1_117' title="bbox 2152 5724 3722 5807">
     <span class='ocr_line' id='line_1_117' title="bbox 2152 5724 3722 5807; baseline 0.014 -32"><span class='ocrx_word' id='word_1_810' title='bbox 2152 5724 2334 5778; x_wconf 82' lang='lat' dir='ltr'>multis</span> <span class='ocrx_word' id='word_1_811' title='bbox 2393 5737 2512 5795; x_wconf 84' lang='lat' dir='ltr'>post</span> <span class='ocrx_word' id='word_1_812' title='bbox 2541 5729 2753 5787; x_wconf 66' lang='lat' dir='ltr'>saeculis</span> <span class='ocrx_word' id='word_1_813' title='bbox 2803 5735 2993 5792; x_wconf 77' lang='lat' dir='ltr'>nefarii</span> <span class='ocrx_word' id='word_1_814' title='bbox 3044 5746 3300 5807; x_wconf 62' lang='lat' dir='ltr'>apostatte</span> <span class='ocrx_word' id='word_1_815' title='bbox 3335 5738 3582 5796; x_wconf 87' lang='lat' dir='ltr'>fecerunt</span> <span class='ocrx_word' id='word_1_816' title='bbox 3614 5741 3722 5796; x_wconf 71' lang='grc' dir='ltr'>ιιι-</span> 
     </span>
    </p>
   </div>
  </div>
