4108 6436
331 492 420 548 175

324 611 496 664 thcrus
548 611 713 669 atque
776 600 1027 656 Calvinus
1068 615 1084 651 :

326 698 646 757 intoleranda
682 695 771 750 illa
810 705 974 762 atque
1007 688 1397 744 absurdissima
1434 684 1620 754 opinio
1650 684 1702 737 in
1733 696 1885 736 men-

325 804 421 848 tem
450 800 695 851 venerat,
728 797 787 841 ttt
819 787 1007 840 Patres
1043 781 1258 836 Nicatuo
1290 778 1523 835 concilio
1558 775 1886 830 vetustiores

321 886 381 939 de
406 882 552 945 Filii,
579 890 672 933 aut
705 878 943 947 Spiritus
975 873 1145 929 sancti
1178 871 1463 926 divinitate
1503 883 1609 921 non
1661 865 1732 918 ita
1760 878 1886 918 sen—

321 978 535 1038 sissent,
568 968 1023 1043 quemadmodum
1060 964 1319 1019 catbolica
1359 961 1530 1016 sensit
1558 956 1816 1012 Ecclesia.

321 1083 335 1120 ·.
386 1068 582 1123 Libros
612 1078 742 1117 vero
770 1061 1221 1122 Machabaaorum,
1249 1054 1455 1115 .Indith,
1499 1060 1555 1103 et
1588 1049 1784 1103 Esther
1823 1058 1892 1099 ne

324 1162 583 1231 Didymus
609 1156 826 1222 quidem
873 1153 927 1205 in
962 1149 1072 1203 ullo
1097 1163 1161 1202 ex
1186 1146 1343 1200 editis
1382 1141 1640 1213 operibus
1672 1138 1889 1206 allegat,

324 1228 468 1316 quod
500 1245 672 1298 sciam
712 1240 870 1294 :sive
896 1238 1037 1306 quod
1064 1234 1209 1288 milia
1259 1233 1358 1302 ipsi
1411 1245 1507 1285 eos
1555 1228 1754 1284 citandi
1798 1241 1891 1279 oc-

324 1340 471 1395 casio
503 1336 683 1391 oblata
714 1334 807 1397 sit,
833 1331 951 1386 sive
972 1329 1115 1398 quod
1147 1329 1286 1390 illos,
1338 1337 1522 1392 utpme
1577 1319 1889 1379 historicos,

306 1410 419 1486 nec
454 1427 737 1484 memoriae
764 1424 1095 1486 mandasset,
1123 1434 1298 1489 neque
1346 1413 1751 1472 commentariis
1774 1411 1896 1464 illu—

325 1531 575 1578 strasset.

387 1613 546 1682 Quod
593 1612 806 1664 demum
883 1606 1123 1676 pertinet
1146 1604 1213 1659 ad
1254 1603 1491 1671 reliquas
1531 1598 1854 1652 emissiones
1880 1635 1894 1655 .

322 1706 585 1777 Didymus
633 1715 845 1772 quoque
891 1699 1086 1767 saepius
1145 1696 1450 1752 testimonia
1495 1691 1720 1760 profert,
1766 1688 1896 1757 quin

304 1780 516 1859 libros,
543 1804 637 1847 aut
670 1800 940 1857 auctores,
962 1790 1106 1843 unde
1133 1789 1412 1855 desumpta
1443 1793 1589 1846 sunt,
1628 1780 1894 1834 nominet.

325 1887 571 1954 Cumque
617 1884 757 1938 edita
807 1883 1072 1936 hactenus
1129 1879 1272 1933 illius
1306 1889 1471 1945 opera
1532 1880 1624 1926 aut
1675 1869 1895 1937 legerim

327 1978 476 2040 olim,
504 1986 597 2028 aut
622 1974 811 2027 saltem
836 1969 1195 2041 percurrerim
1227 1967 1340 2020 fere
1368 1964 1571 2025 omnia,
1604 1960 1900 2014 Semiaria-

326 2083 558 2130 norum,
625 2067 1121 2127 Anommorumque
1169 2054 1687 2116 denominationes,
1743 2058 1904 2116 atque

325 2159 488 2225 Aetii,
523 2154 834 2225 Apollinarii
858 2195 872 2217 ,
904 2166 966 2204 ac
993 2145 1230 2202 Marcelli
1265 2143 1481 2196 nomina
1537 2153 1809 2206 nunquam
1853 2136 1905 2189 in

328 2252 394 2307 iis
422 2248 664 2318 reperire
718 2257 804 2298 me
858 2240 1104 2302 memini,
1151 2234 1362 2291 etiamsi
1400 2233 1593 2287 horum
1659 2227 1899 2283 omnium

256 2318 261 2325 ³
328 2343 575 2398 hat-eses
608 2340 1017 2391 commemoret.
1071 2328 1200 2384 lure
1229 2327 1478 2395 igiturac
1526 2320 1719 2376 merito
1778 2333 1910 2373 con-

332 2432 561 2489 cludere
596 2428 706 2498 jam
746 2425 893 2487 licet,
923 2421 1209 2477 maximam
1252 2431 1370 2470 esse
1401 2413 1482 2468 vel
1515 2414 1566 2465 in
1598 2407 1907 2464 omissioni-

335 2525 451 2577 bus
475 2521 617 2572 inter
648 2514 936 2581 utrumque
964 2509 1268 2578 theologum
1302 2500 1732 2559 similitudinem.

340 2638 343 2641 -
414 2609 611 2664 Fateor
661 2604 950 2673 equidem,
1027 2605 1398 2669 argumentum
1456 2607 1523 2647 ex
1568 2589 1909 2646 ethnicorum

334 2692 584 2762 scriptis,
644 2670 983 2755 maximeque
1016 2699 1080 2738 ex
1115 2682 1181 2736 iis
1211 2695 1328 2749 quae
1360 2678 1610 2747 Orpheo,
1668 2689 1733 2727 ac
1766 2670 1909 2725 Mer-

329 2785 489 2839 curio
539 2778 890 2848 Trismegisto
945 2773 1340 2835 tribuebantur,
1408 2769 1691 2822 deductum
1747 2761 1911 2828 objici

330 2887 362 2927 a
399 2871 644 2937 theologo
677 2878 861 2921 nosuo
888 2860 1240 2925 adversariis,
1288 2873 1319 2912 a
1372 2856 1601 2928 Didymo
1651 2861 1829 2907 autem
1861 2851 1912 2904 in

334 2963 476 3016 libro
501 2961 575 3013 De
597 2957 798 3026 Spiritu
831 2964 1011 3009 sancto
1043 2963 1265 3020 prorsus
1295 2944 1658 3016 praetermitti.
1701 2946 1770 2997 At
1822 2940 1912 2995 Di-

334 3058 532 3125 dymus
586 3053 655 3106 ibi
695 3067 801 3105 non
854 3048 1098 3102 ethnicos
1137 3043 1414 3105 confutat,
1474 3036 1569 3093 sed
1626 3037 1913 3091 haereticos

335 3148 622 3206 duntaxat,
672 3157 701 3195 a
750 3142 946 3209 quibus
980 3137 1176 3206 Orphei
1206 3151 1269 3189 ac
1306 3130 1557 3187 Mercurii
1616 3128 1914 3183 anetoritas

338 3239 495 3293 nihili
528 3235 710 3287 liebat.
735 3230 1037 3299 Theologus
1060 3235 1447 3281 autem'noster
1473 3220 1719 3277 ethnicos
1749 3219 1912 3272 etiam

337 3331 671 3398 redarguere
716 3323 905 3385 voluit,
949 3332 1005 3375 ut
1045 3318 1333 3374 manifesto
1380 3320 1528 3385 patet
1576 3326 1642 3367 ex
1680 3324 1798 3381 cap.
1847 3308 1918 3363 2L

343 3422 490 3477 tertii
518 3419 662 3473 libri.
695 3414 758 3469 lli
786 3424 917 3469 vero
941 3412 1172 3481 Orphei,
1205 3406 1565 3474 Mercuriique
1594 3418 1756 3472 opera
1784 3401 1919 3454 tanti

344 3510 635 3573 faciebant,
665 3518 721 3562 ut
747 3506 931 3562 Theon
961 3503 1378 3566 Alexandrinus,
1404 3499 1496 3568 qui
1527 3494 1738 3565 Didymi
1763 3503 1922 3548 aetate

352 3603 531 3656 lloruit
590 3596 951 3658 Alexandriae,
1008 3604 1092 3649 ea'
1124 3591 1334 3661 publice
1388 3590 1774 3657 interpretatus
1830 3581 1924 3645 sit,

358 3692 802 3759 quemadmodum
834 3700 956 3758 pag.
985 3686 1083 3741 501
1118 3686 1320 3740 dictum
1352 3690 1455 3736 est.

354 3802 626 3879 {XXXIII}
641 3804 766 3858 Car.
782 3796 1132 3879 XXIX.i‘Vihil
1151 3799 1205 3850 in
1224 3796 1458 3863 theologo
1473 3804 1663 3879 .nostro
1678 3790 1931 3859 reperitur

726 3878 860 3942 quod
892 3870 1119 3938 Didyme
1147 3883 1249 3919 non
1273 3866 1561 3919 conveniat.

428 3962 708 4019 Postremo
751 3978 817 4017 ne
866 3959 996 4014 illud
1041 3957 1256 4027 quidem
1291 3955 1467 4023 exigui
1533 3949 1790 4006 momenti
1823 3955 1929 4012 est,

361 4058 501 4128 quod
529 4056 595 4111 de
628 4055 875 4122 theologo
916 4062 1104 4105 nostro
1139 4056 1261 4118 post
1324 4046 1634 4100 diuturnam
1684 4039 1934 4095 conside-

363 4151 628 4204 rationem
678 4159 805 4201 vere
851 4141 1121 4198 aﬂlrmare
1172 4154 1331 4209 posse
1389 4135 1522 4191 mihi
1561 4136 1766 4198 videor,
1801 4129 1932 4184 nihil

367 4241 652 4297 admodum
694 4240 748 4294 in
788 4252 853 4292 eo
882 4251 1027 4300 esse,
1084 4232 1229 4303 quod
1284 4232 1339 4285 in
1403 4228 1688 4298 Didymum
1732 4227 1935 4293 optime

364 4347 467 4386 non
501 4332 751 4400 quadret.
792 4327 883 4382 Sic
909 4340 968 4381 se
1001 4340 1089 4380 res
1117 4324 1299 4385 habet,
1330 4320 1560 4389 benigne
1589 4317 1776 4372 lector.
1806 4310 1935 4366 Nulv

365 4420 447 4478 lus
481 4425 534 4478 in
571 4424 676 4476 hoc
704 4430 869 4488 opere
903 4427 1098 4472 auctor
1141 4416 1362 4477 citatur,
1400 4421 1494 4465 aut
1523 4408 1829 4463 nominatur
1855 4419 1939 4458 re-

364 4517 577 4570 centior
604 4514 863 4585 Didyme;
896 4511 1038 4565 nulla
1078 4515 1537 4564 commemoratur
1559 4501 1942 4567 haeresis,quaa

366 4608 511 4662 illum
543 4622 650 4661 non
686 4605 1060 4675 praecesserit;
1100 4602 1305 4656 nullum
1333 4614 1398 4653 ex
1424 4595 1703 4651 catholicis
1720 4594 1941 4657 dogma-
1970 4596 2016 4651 ι)

369 4698 509 4753 tibus
543 4697 866 4759 inculcetur,
895 4695 1039 4763 quod
1092 4692 1179 4746 alii
1228 4688 1417 4744 Patres
1463 4699 1557 4742 aut
1592 4683 1937 4746 vetustiores,

372 4800 463 4842 aut
490 4801 758 4856 suppares
786 4802 888 4842 non
922 4784 1280 4847 inculcarint;
1308 4781 1489 4836 nullus
1529 4779 1666 4832 liber
1690 4775 1942 4830 laudatur

377 4893 433 4934 ut
460 4880 785 4941 canonicos,
826 4892 984 4947 quem
1015 4876 1104 4929 alii
1122 4889 1187 4928 ex
1211 4870 1591 4927 Alexandrinis
1607 4865 1945 4938 potissimum

374 4970 626 5027 Patribus
661 4980 720 5024 ut
742 4970 902 5023 talem
927 4977 1084 5021 antea
1111 4980 1215 5019 non
1270 4962 1629 5031 allegassent;
1663 4956 1809 5012 nulla
1831 4966 1951 5009 tan-

376 5066 494 5119 dem
531 5065 587 5117 in
624 5077 690 5117 eo
743 5060 1012 5129 reperitur
1051 5056 1239 5118 dictio,
1282 5054 1427 5108 nulla
1485 5049 1779 5113 sententia,
1834 5059 1954 5115 quae

374 5153 586 5225 Didymi
608 5152 779 5217 aetati,
808 5150 1070 5214 moribus,
1104 5145 1264 5218 stylo,
1318 5144 1580 5199 doctrina:
1613 5138 1955 5211 perapposita

378 5262 481 5299 non
517 5246 610 5300 sit.

449 5337 528 5389 Ac
566 5348 637 5390 ne
657 5334 784 5389 illud
824 5332 1036 5404 quidem
1087 5330 1320 5385 alienum
1372 5343 1400 5380 a
1464 5325 1742 5397 proposito
1774 5332 1959 5377 nostro

382 5437 482 5492 est,
515 5427 657 5494 quod
699 5428 788 5480 vix
823 5441 985 5479 unum
1015 5424 1196 5491 operis
1252 5421 1619 5490 apographum
1672 5416 1954 5484 supersit;

384 5526 518 5587 opus
556 5531 687 5572 vero
729 5518 902 5586 ipsum
927 5515 1105 5570 nullus
1130 5526 1195 5568 ex
1220 5513 1428 5569 Graecis
1466 5509 1624 5564 medii
1684 5508 1783 5562 aevi
1824 5506 1961 5562 scri—

386 5610 652 5678 ptoribus,
693 5609 762 5665 iis
785 5608 1082 5679 praesertim
1114 5606 1204 5677 qui
1239 5616 1358 5675 post
1391 5600 1678 5658 Justiniani
1712 5611 1962 5670 tempora

390 5704 743 5770 scripserunt,
765 5699 1293 5757 commemoraverit.
1322 5694 1429 5749 Nec
1453 5693 1595 5747 enim
1622 5693 1783 5746 ullam
1809 5692 1966 5760 bnjns

337 5795 465 5874 .rei
527 5793 944 5863 probabiliorem
1004 5800 1223 5846 causam
1295 5788 1602 5857 excogitare
1658 5786 1804 5847 licet,
1863 5783 1965 5836 nisi

395 5884 533 5951 quod
563 5883 678 5952 ejus
729 5893 917 5943 auctor
967 5882 1233 5952 Didymus
1293 5877 1431 5933 male
1456 5878 1523 5933 ob
1559 5874 1962 5945 Origenismum

1460 426 2024 531 committimus.
2064 495 2138 507 --
2172 463 2303 520 LIB.
2343 464 2394 518 ι.

1127 596 1387 673 nondum;
1430 598 1576 648 enim
1633 590 1885 659 cuiquam
1916 590 1964 647 Α
1993 586 2225 642 audiret.
2262 584 2466 638 Eadem’
2499 592 2731 648 namque
2752 592 2818 633 ex
2838 592 2999 632 causa
3029 576 3226 632 factum
3250 588 3353 638 est.
3387 581 3434 632 ni
3461 579 3559 632 fal-

3450 458 3555 513 174

1987 677 2089 743 lor,
2115 686 2174 730 ut
2198 671 2610 729 Enarrationum
2632 683 2845 738 quoque
2874 668 2926 721 in
2960 667 3224 737 Epistolas
3253 669 3560 736 catholicas,

1989 782 2055 823 ac
2082 766 2203 821 libri
2239 766 2489 818 adversus
2522 761 2872 823 Manichwos,
2908 758 3158 829 quamvis
3205 760 3563 814 orthodoxam

1990 858 2287 914 doctrinam
2332 854 2678 919 continentis,
2741 853 2959 907 unicum
3020 852 3295 918 exemplar
3345 867 3446 906 ms.
3479 864 3563 904 re-

1992 962 2200 1021 pertum
2225 949 2315 1015 sit,
2339 964 2401 1003 ex
2456 962 2563 1017 quo
2607 946 3086 1014 imprimerentur;
3167 942 3389 997 Graecus
3435 954 3564 997 vero

1995 1055 2175 1100 textus
2207 1058 2327 1096 cum
2362 1041 2482 1095 libri
2519 1039 2596 1092 De
2622 1037 2826 1106 Spiritu
2849 1045 3054 1099 sancto,
3096 1043 3209 1090 tum
3249 1037 3563 1089 Eitnrratio-

1994 1153 2117 1190 unm
2144 1134 2369 1189 omnino
2419 1132 2707 1196 interierit,
2763 1140 2820 1183 ut
2876 1129 3107 1183 videtur.
3166 1127 3314 1180 Adeo
3359 1128 3568 1180 scilicet

1996 1224 2270 1286 monachi,
2332 1231 2493 1290 atque
2552 1232 2917 1275 amanuenses
2968 1221 3034 1271 ab
3077 1217 3142 1270 iis
3174 1215 3564 1277 abhorrebant.

1996 1318 2084 1385 qui
2112 1316 2180 1369 de
2219 1314 2415 1368 violata
2451 1312 2553 1366 ﬁde
2579 1310 2818 1381 suspecti
2856 1320 3058 1372 essent,
3084 1317 3179 1362 aut
3216 1308 3480 1368 damnati,
3510 1317 3568 1359 ut

2000 1409 2238 1477 ipsorum
2270 1421 2431 1473 opera
2473 1404 2555 1457 vel
2582 1404 2731 1457 nullo
2756 1417 2944 1457 errore
2993 1401 3190 1455 infecta
3229 1401 3563 1458 exscribere.

1999 1508 2089 1554 aut
2113 1495 2469 1552 exscribenda
2528 1509 2721 1549 curare
2773 1494 3156 1547 detrectarent.
3210 1490 3344 1544 llinc
3370 1490 3570 1544 factum

2001 1592 2165 1661 igitur
2193 1599 2348 1659 puto,
2379 1596 2439 1641 ut
2468 1600 2591 1640 cum
2622 1585 2845 1639 aliorum
2875 1586 3250 1655 plurimorum,
3276 1599 3412 1653 quos
3436 1599 3573 1649 enu-
3662 1599 3671 1606 ’

2003 1698 2213 1738 merare
2246 1695 2472 1736 necesse
2512 1694 2618 1732 non
2679 1686 2783 1739 est,
2826 1686 2935 1730 tum
2966 1678 3133 1730 etiam
3170 1675 3376 1744 Didymi
3409 1688 3571 1742 opera

2003 1787 2097 1831 aut
2132 1762 2463 1837 interierint,
2505 1780 2600 1826 aut
2631 1769 2905 1840 plerisque
2950 1769 3129 1837 ignota
3168 1767 3408 1820 fuerint:
3440 1767 3576 1820 adeo

2004 1878 2066 1923 ut
2093 1868 2380 1939 Egyptius
2414 1866 2650 1935 scriptor
2681 1864 2908 1919 Cosmas
2933 1860 3448 1927 Indic0plenstes,p.
3470 1859 3577 1913 485

2005 1974 2034 2012 a
2065 1973 2148 2011 me
2189 1958 2476 2027 allegatus,
2504 1954 2794 2009 manifesto
2831 1953 3030 2008 indicet
3056 1951 3158 2004 sibi
3192 1950 3398 2020 ignotas
3416 1948 3580 2004 luisse

2007 2048 2246 2117 Egyptii
2314 2047 2485 2099 nostri
2540 2045 2774 2114 theologi
2834 2042 3256 2105 Enarrationes,
3312 2056 3434 2094 cum
3483 2042 3579 2102 ait,
3673 2084 3679 2089 .

2010 2141 2263 2214 neminem
2291 2139 2462 2202 exiis,
2499 2140 2588 2208 qui
2633 2138 2687 2190 in
2736 2137 2941 2189 divinas
2983 2134 3285 2201 Scriptui'as
3315 2148 3579 2186 commen-

2009 2233 2145 2285 taria
2182 2233 2474 2294 ediderunt,
2506 2229 2885 2283 catholicarum
2910 2227 3262 2294 Epistolarum
3300 2225 3463 2278 ullam
3495 2241 3585 2278 ra-

2009 2325 2200 2377 tionem
2254 2322 2521 2376 habuisse.
2573 2321 2826 2388 Quinimo
2862 2319 3082 2373 Phatius
3141 2318 3275 2386 ipse,
3336 2318 3435 2372 etsi
3469 2332 3576 2370 non

2009 2411 2206 2466 minori
2238 2421 2374 2464 esset
2416 2410 2721 2464 eruditione
2758 2424 2919 2475 quam
2962 2407 3328 2476 improbitate,
3379 2407 3583 2459 nullum

2011 2503 2063 2558 itt
2092 2501 2419 2555 Bibliotheca
2449 2515 2513 2554 ex
2553 2509 2660 2553 tam
2696 2498 2877 2552 multis
2929 2497 3138 2567 Didymi
3187 2496 3439 2564 operibus
3475 2512 3586 2549 mo.-

2013 2594 2283 2657 moravit;
2316 2593 2369 2646 in
2400 2594 2536 2646 libro
2563 2602 2742 2646 autem
2771 2590 2947 2659 primo
2978 2589 3227 2643 adversus
3265 2588 3584 2642 Manichacus

2014 2684 2195 2754 plures
2223 2684 2440 2753 quidem
2483 2680 2884 2749 cnumeratqui
2937 2689 3125 2734 contra
3169 2692 3261 2731 eos
3301 2680 3588 2734 haereticos

2018 2776 2373 2843 scripserant,
2410 2774 2697 2844 Didymnm
2736 2786 2861 2825 vero
2887 2770 3273 2839 praetermittit.

2469 2883 2596 2938 CAP.
2637 2881 2806 2937 XXV.
2848 2882 3144 2937 Conclusio.

2087 2999 2265 3068 Atque
2314 3000 2428 3053 haec
2478 2997 2818 3065 potissimum
2872 3006 3146 3066 suntqure
3204 3010 3301 3066 pro
3326 2999 3591 3053 sententia

2021 3104 2138 3143 mea
2177 3086 2450 3143 adoranda
2490 3089 2699 3142 censui.
2728 3086 2868 3141 Nihil
2923 3088 3106 3157 itaque
3143 3087 3283 3141 aliud
3326 3104 3467 3145 nunc
3507 3105 3593 3144 re-

2024 3179 2229 3248 liquum
2262 3187 2365 3242 est,
2406 3178 2506 3231 nisi
2535 3185 2594 3230 ut
2622 3178 2729 3231 duo
2767 3176 2987 3230 tandem
3018 3191 3083 3230 ex
3114 3176 3219 3240 bis,
3246 3190 3367 3247 quae
3412 3179 3598 3232 hacte-

1945 3263 1988 3320 C
2027 3284 2127 3323 nus
2150 3269 2285 3333 dixi,
2341 3267 2593 3338 colligam
2653 3275 2992 3336 argumenta,
3041 3281 3160 3334 quae
3207 3277 3461 3337 quantam
3490 3268 3596 3321 vim

2024 3360 2277 3425 habeant,
2312 3360 2534 3414 lectoris
2580 3359 2685 3413 erit
2730 3360 2997 3428 judicare.
3035 3358 3273 3412 Primum
3292 3369 3378 3413 est
3412 3357 3599 3426 hujus-

2027 3451 2195 3513 modi,
2244 3451 2596 3505 siruLinitio
2656 3451 2913 3505 diximus.
2965 3451 3109 3506 Fieri
3169 3466 3273 3505 non
3324 3460 3519 3520 potest,
3542 3460 3601 3506 ut

2030 3542 2169 3594 alius
2199 3555 2228 3592 a
2257 3542 2482 3611 Didyme
2506 3543 2578 3597 sit
2606 3550 2791 3596 auctor
2818 3542 2926 3607 ille,
2956 3543 3011 3596 in
3047 3557 3154 3613 quo
3180 3557 3444 3596 summam
3479 3558 3600 3596 cum

2033 3629 2258 3699 Didymo
2288 3632 2463 3698 quoad
2492 3633 2672 3685 omnia
2696 3632 3100 3687 similitudinem
3125 3632 3600 3701 deprehendimus.

2032 3720 2178 3775 Talis
2200 3730 2378 3774 autem
2403 3730 2486 3775 est
2512 3722 2793 3789 theologus
2825 3732 3030 3783 noster.
3067 3735 3124 3776 ut
3156 3731 3434 3777 ostensum
3478 3722 3601 3777 luit.

2032 3812 2148 3867 Non
2171 3823 2254 3866 est
2282 3813 2442 3882 igitur
2458 3812 2595 3866 alius
2626 3822 2653 3864 a
2676 3813 2921 3882 Didyme.
2948 3814 3191 3868 Alterum
3223 3815 3302 3867 sic
3327 3828 3384 3868 se
3418 3815 3601 3869 habet.

2034 3905 2265 3975 Didyme
2295 3905 2638 3959 tribuendum
2671 3912 2753 3958 est
2786 3904 2887 3958 hoc
2911 3919 3067 3973 opus,
3094 3907 3137 3960 si
3166 3906 3341 3962 nullus
3362 3907 3605 3972 omnino,

2034 4007 2231 4067 praeter
2260 3996 2570 4068 Didymum,
2608 3995 2918 4051 inveniatur
2971 3996 3254 4066 Aﬁgyptius
3307 3998 3606 4067 theologus,

2038 4091 2091 4144 in
2120 4104 2278 4158 quem
2312 4104 2401 4155 ea,
2436 4103 2553 4160 mite
2574 4089 2825 4158 superius
2848 4089 3118 4152 recensni,
3144 4091 3465 4144 conveniant
3486 4090 3574 4142 uni
3596 4118 3609 4128 -

2037 4197 2215 4238 versa.
2252 4182 2418 4252 Atqui
2461 4181 2662 4235 nullum
2695 4181 2858 4234 alimn
2915 4181 3167 4250 reperiet,
3222 4182 3273 4233 ni
3313 4181 3485 4242 fallor,
3519 4182 3610 4247 qui

2040 4291 2155 4330 rem
2194 4274 2333 4328 hanc
2364 4274 2622 4327 attentius
2646 4274 2961 4327 examinare
2987 4272 3239 4335 voluerit,
3280 4286 3342 4325 ac
3370 4272 3612 4339 singulos

2039 4382 2109 4421 ex
2145 4366 2434 4436 Egyptiis,
2462 4364 2908 4419 Alexandrinisve
2937 4362 3185 4418 Patribus
3211 4377 3333 4417 cum
3368 4362 3614 4431 theologo

2043 4468 2233 4512 nostro
2265 4456 2532 4511 conferre.
2571 4456 2780 4527 Didymi
2836 4470 2966 4525 ergo
3001 4471 3122 4511 esse
3180 4471 3282 4510 non
3348 4455 3616 4509 immerito

2044 4547 2374 4602 alilrmamus
2410 4556 2518 4601 tres
2554 4549 2716 4602 hosce
2771 4545 2842 4600 De
2895 4546 3160 4602 Trinitate
3216 4547 3400 4602 libros.
3466 4545 3615 4612 Quod

2046 4650 2163 4694 erat
2199 4639 2612 4695 ostendendum.

2048 4773 2227 4830 Cum
2263 4789 2604 4829 posrnsuuu.
2656 4773 2928 4828 Nonnulla
2970 4774 3272 4825 indicantur
3293 4788 3410 4842 qua:
3461 4771 3622 4843 objici

2630 4845 2774 4897 nobis
2804 4853 3039 4911 possunt.

2123 4959 2289 5015 Libro
2319 4960 2499 5029 itaque
2523 4958 2650 5013 huic
2686 4957 2844 5012 linem
2896 4958 3108 5010 tandem
3172 4958 3441 5026 imponam
3471 4997 3486 5020 ,
3525 4958 3626 5010 hu-

2055 5052 2371 5107 manissime
2400 5051 2589 5105 lector.
2632 5050 2978 5117 Quaecunque
3004 5049 3147 5103 enim
3179 5049 3465 5103 sententiae
3494 5063 3626 5102 mea:

2055 5145 2214 5214 objici
2244 5158 2406 5214 posse
2444 5143 2746 5212 suspicatus
2780 5157 2920 5205 sum,
2951 5140 3296 5209 quantumvis
3323 5139 3481 5204 levia,
3509 5141 3629 5193 uni-

2060 5250 2214 5291 versa
2248 5245 2340 5288 aut
2378 5236 2431 5289 in
2466 5234 2710 5288 secundo
2736 5233 2873 5287 libro
2901 5234 2968 5285 ad
3024 5233 3285 5286 trutinam
3328 5229 3629 5285 revocaturi

2062 5342 2270 5389 sumus,
2315 5337 2407 5393 aut
2459 5325 2583 5380 alibi
2632 5325 2742 5393 jam
2774 5325 3061 5379 diluimus:
3101 5324 3290 5393 pagina
3329 5337 3517 5392 nempe
3543 5322 3627 5387 l8,

2062 5420 2161 5484 94,
2201 5417 2340 5479 124,
2389 5418 2497 5472 258
2529 5427 2583 5472 et
2635 5417 2759 5472 556.
2821 5417 2950 5483 Quae
3007 5426 3183 5467 tamen
3237 5414 3288 5466 iu
3346 5411 3634 5479 Litteruria

2063 5504 2388 5580 ephemeride
2418 5507 2667 5562 Parisina
2695 5507 2905 5572 obieeta
2942 5504 3179 5569 luerunt,
3210 5519 3453 5558 seorsum
3482 5519 3636 5557 com-

2066 5601 2409 5657 memoranda
2428 5600 2514 5653 hic
2528 5608 2675 5663 sunt,
2707 5592 2977 5670 [ΧΧΧΝ]
3004 5612 3241 5650 noncum
3277 5597 3495 5663 reliquis
3514 5610 3637 5662 per-

2067 5693 2370 5755 miscenda,
2406 5706 2473 5744 ne
2501 5691 2868 5743 adversarium
2899 5689 3083 5743 videar
3123 5692 3273 5756 parvi
3312 5687 3638 5741 facere:sed

2067 5785 2253 5855 paucis
2284 5782 2462 5837 verbis
2494 5797 2577 5836 me
2599 5782 2910 5849 expediam,
2948 5782 3088 5851 quod
3121 5793 3175 5837 et
3203 5783 3335 5836 alias
3377 5782 3462 5834 bis
3508 5793 3642 5848 quoe

2069 5890 2172 5947 que
2200 5874 2642 5940 occurrerimget
2673 5873 2738 5929 ad
2769 5873 2927 5928 linem
2966 5872 3077 5943 jam
3141 5881 3394 5944 properet
3441 5870 3634 5935 oratio.

2704 6404 2713 6409 ς
2734 6404 2759 6415 ν.
2778 6395 3077 6411 σμὴγύ-ισσν-Ὸ-ηΑ-
3100 6394 3163 6405 ..-ικ-
3186 6394 3197 6403 ι
