4108 6430
435 487 541 550 ΠΒ

1868 478 1955 531 DE
1987 477 2244 535 DlDYllO

3592 476 3694 536 l76

432 603 567 657 Sunt
584 596 1050 668 ergohujusmotli.
1073 596 1108 648 ι.
1134 595 1389 664 Didymus
1410 591 2003 661 πεοςτεηδὲλλόγιμος,

2122 592 2333 647 videtur
2356 604 2478 645 esse
2514 591 2809 646 monachus
2838 588 3031 659 aliquis
3057 590 3217 645 medii
3249 589 3386 656 :cvi;
3425 604 3524 645 nec
3549 593 3693 645 enim

435 692 485 745 id
518 698 599 745 est
630 688 873 758 eloquens
909 687 1084 740 dictus
1109 695 1227 750 est;
1285 684 1570 753 theologus
1633 699 1762 738 vero
1818 694 2001 738 noster

435 799 538 837 non
566 792 648 837 est
672 780 955 849 ejusmodi.
981 777 1043 833 ll.
1065 778 1228 833 Deum
1246 787 1399 831 vocat
1418 787 1602 831 auctor
1620 776 1720 829 iste
1736 774 2006 846 ἀμεγέθη,

431 884 485 927 et
519 873 777 937 ἀνείδεον,
810 873 910 925 hoc
937 879 1019 925 cst
1050 868 1428 939 magnitudinis
1444 875 1699 932 expertem
1718 882 1778 918 ac
1801 865 2006 932 ferrum.

434 971 504 1023 At
536 968 687 1023 Petri
708 964 1008 1021 Lombardi
1033 973 1115 1017 est
1143 962 1330 1016 isthme
1377 960 1579 1014 locutio
1602 999 1617 1022 ,
1669 970 1761 1012 aut
1791 958 2009 1012 alterius

438 1060 718 1128 cujusdam
751 1052 1311 1125 theologi-bombardo
1341 1052 1612 1120 supparis.
1643 1048 1726 1102 lll.
1764 1047 2011 1102 Vocabu-

435 1150 547 1203 lum
577 1146 928 1216 ἀνεθελησία,
976 1144 1118 1215 quod
1179 1144 1267 1197 hic
1330 1154 1519 1196 auctor
1557 1141 1794 1205 adhil-ct,
1845 1153 2009 1191 Itllllm

434 1252 520 1295 est
544 1255 609 1294 ex
650 1240 735 1302 iis,
761 1236 1084 1307 qutemnlto
1108 1243 1231 1303 post
1256 1233 1468 1303 Didymi
1497 1244 1711 1285 relatum
1740 1232 2012 1283 cullei-unt

436 1331 773 1396 scholastici;
819 1326 1262 1397 signiﬁcatenim
1314 1326 1754 1384 nouvotuntatem,
1792 1335 1885 1375 seu
1917 1335 2010 1374 no-

436 1424 708 1477 luntatem.
735 1421 822 1476 IV.
854 1420 1114 1490 Didymus
1135 1419 1195 1470 ὲν
1236 1417 1386 1489 πάσῃ
1416 1415 1719 1477 παιδεύσει,
1757 1413 1807 1465 id
1845 1424 1929 1466 est
1950 1413 2006 1465 in

438 1518 580 1569 omni
610 1514 877 1576 doctrina,
909 1520 1155 1565 versatus
1189 1518 1325 1575 crat,
1383 1517 1518 1561 teste
1570 1505 1791 1560 Socrate
1820 1522 1835 1571 ;
1861 1506 2013 1559 theo-

341 1633 349 1639 -
436 1606 590 1676 logos
619 1620 748 1658 vero
775 1603 927 1658 hicce
977 1616 1045 1655 ne
1100 1598 1440 1670 geographiae
1492 1598 1711 1665 quidem
1742 1595 2010 1649 elementa

437 1707 634 1753 norat:
667 1696 987 1767 Golgotham
1021 1694 1162 1747 enim
1199 1700 1434 1745 montem
1463 1701 1619 1743 teme
1655 1696 1893 1741 centrum
1919 1702 2006 1740 vo-

437 1790 816 1858 cab-Denique
838 1786 1285 1855 cum'Orpheum,
1343 1783 1670 1836 Mercurium
1714 1778 2013 1850 Trismcgi-

437 1895 603 1945 stum,
637 1880 947 1946 Pindarum,
989 1879 1233 1947 aliosque
1256 1876 1508 1931 ethnicos
1534 1874 1758 1944 alleget,
1799 1880 1853 1926 et
1893 1869 2016 1940 qui-

2113 685 2194 737 ita
2227 697 2285 736 se
2319 681 2576 750 gessisset
2603 680 2743 735 ullus
2769 694 2837 734 ex
2866 678 3121 735 Patribus
3164 682 3342 749 quarti
3386 680 3588 735 saeculi.
3616 677 3696 735 Ita

2118 774 2228 829 ille.
2261 774 2500 828 Primum
2530 781 2708 827 autem
2732 780 3108 840 argumentum
3141 769 3375 825 solutum
3412 779 3497 826 cst
3532 771 3693 839 paulo

2116 877 2266 919 ante.
2291 864 2532 919 Alterum
2550 863 2822 916 inﬁrmum
2848 876 2969 916 esse
2993 871 3174 932 patet:
3199 861 3519 917 vocabulum
3545 862 3690 915 enim

2114 954 2399 1026 ἀμεγέθης
2425 953 2527 1007 alia
2555 952 2796 1020 quidem,
2834 950 2942 1004 imo
2973 951 3247 1004 contraria
3296 951 3695 1019 signiﬁcatione

2113 1046 2416 1117 axLongino
2467 1045 2519 1098 in
2555 1045 2691 1098 libro
2720 1041 2864 1110 Hepl
2902 1041 3101 1110 ὕψους
3146 1042 3445 1096 adhibitum
3485 1042 3693 1108 fuerat,

2115 1138 2305 1193 eodem
2328 1145 2532 1198 autem,
2558 1150 2666 1204 quo
2694 1134 2745 1187 in
2776 1132 3021 1187 hisceDe
3057 1131 3312 1186 Trinitate
3337 1132 3510 1197 libris,
3530 1148 3693 1191 sensu

2117 1239 2444 1298 usurpatum
2478 1226 2643 1280 fuisse
2681 1227 2844 1299 etiam
2873 1241 2901 1277 a
2929 1222 3159 1295 Didymo
3187 1223 3300 1292 jam
3352 1226 3689 1280 ostendimus

2113 1321 2359 1389 superius
2385 1334 2505 1388 cap.
2559 1318 2644 1383 1‘2,
2695 1318 2934 1385 itemque
2973 1331 3093 1387 pag.
3130 1316 3220 1383 39,
3260 1316 3351 1380 84,
3383 1316 3506 1370 “2.
3557 1316 3695 1372 Ter-

2114 1412 2246 1465 tium
2274 1411 2431 1479 paulo
2470 1409 2719 1478 superius
2748 1406 3013 1461 diluimus
3041 1422 3157 1477 cap.
3207 1407 3262 1471 8,
3313 1416 3367 1462 et
3410 1422 3528 1477 pag.
3568 1407 3696 1475 151,

2118 1511 2173 1556 et
2204 1517 2391 1557 rursus
2427 1517 2546 1572 pag.
2604 1500 2744 1566 “8;
2789 1510 3076 1569 quartum,
3122 1514 3244 1569 pag.
3297 1499 3400 1567 55;
3449 1500 3694 1568 quintum

2114 1594 2367 1663 denique,
2425 1609 2541 1663 pag.
2579 1593 2669 1659 69,
2722 1601 2885 1661 atque
2914 1592 2965 1646 in
3017 1593 3157 1648 netis
3186 1592 3252 1646 ad
3295 1591 3363 1646 27
3398 1600 3563 1661 caput.
3600 1605 3698 1646 se-

2114 1688 2271 1741 cundi
2318 1686 2463 1742 libri.
2499 1686 2661 1755 Lege,
2716 1701 2921 1753 quaeso,
2958 1684 3139 1738 omnia
3191 1683 3370 1738 hiecce
3398 1699 3516 1754 qum
3558 1683 3700 1737 indi-

2115 1778 2230 1832 cavi
2267 1777 2423 1844 loca;
2482 1777 2763 1845 apparebit
2810 1780 2975 1841 enim,
3003 1786 3088 1831 ιιι
3119 1775 3352 1841 conﬁdo,
3400 1774 3698 1830 rationibus

2117 1871 2185 1924 ab
2209 1870 2523 1924 adversario
2541 1869 2713 1923 allatis
2736 1884 2841 1923 non
2862 1868 3124 1923 inlirmari
3147 1869 3472 1924 sententiam
3487 1881 3697 1932 meam,

436 1975 557 2026 dem
582 1972 651 2028 de
675 1982 1025 2027 sacrosancto
1056 1968 1338 2023 Trinitatis
1404 1966 1663 2036 mysterio
1713 1963 2014 2032 disputans,
2048 1962 2090 2016 B
2121 1961 2212 2016 sed
2249 1958 2578 2015 conﬁrmari.

441 2175 494 2194 ~
508 2165 1038 2190 —w-Us;-—-

1507 2330 1875 2416 LIBER
1953 2326 2609 2416 SECUNDUS.

1366 2547 1452 2588 DE
1502 2544 1725 2588 DIDYMI
1774 2540 2046 2586 PLACITIS
2102 2540 2305 2589 ATQUE
2361 2539 2778 2583 Ol’lNIONIBUS.

510 2832 773 2902 Quoniam
809 2834 998 2898 trium,
1025 2847 1159 2901 quos
1186 2831 1240 2885 in
1268 2829 1442 2884 lucem
1485 2844 1623 2884 nunc
1647 2827 1876 2899 primum
1901 2826 2017 2881 cdi-

444 2941 582 2985 mus,
607 2925 867 2978 librorum
894 2930 1165 2977 auctorem
1192 2920 1359 2975 fuisse
1386 2919 1690 2988 Didymum,
1726 2916 1883 2980 satis,
1911 2915 2013 2968 nisi

448 3031 565 3070 mea
588 3030 674 3070 me
699 3014 831 3067 l'allit
857 3014 1061 3082 opinio,
1087 3012 1367 3081 superiore
1407 3009 1545 3064 libro
1575 3022 1853 3063 ostensum
1885 3006 2011 3071 fuit;

2120 2824 2412 2879 levioribus
2479 2838 2617 2877 nunc
2678 2821 2912 2875 breviter
2980 2822 3176 2886 dicam,
3244 2822 3309 2876 ile
3359 2823 3697 2893 gravioribus

2125 2915 2292 2970 lusius
2320 2916 2369 2969 in
2398 2924 2692 2984 posterum.

2192 3007 2373 3061 Primo
2409 3007 2572 3076 igitur
2607 3006 2684 3058 sic
2726 3020 2849 3059 cum
2909 3014 3149 3060 accusat.
3185 3004 3373 3061 Nescio
3418 3024 3567 3079 quos,
3616 3009 3702 3060 in-

449 3111 514 3156 de
556 3102 714 3171 hujus
752 3101 849 3155 viri
880 3100 1095 3170 placitis
1135 3113 1424 3169 parumper
1477 3113 1619 3152 nunc
1664 3098 1808 3167 loqui
1835 3110 2014 3166 operte
2045 3149 2086 3208 Ο
2122 3102 2256 3170 quit,
2305 3100 2647 3167 evangelistas
2688 3099 2854 3167 carpit
2905 3101 2955 3153 in
2996 3099 3014 3152 l
3060 3100 3214 3155 Joan.
3252 3099 3492 3174 [XXXV]
3545 3103 3699 3172 quasi

445 3195 674 3258 pretium
722 3209 843 3249 esse
901 3193 1174 3256 existimo,
1232 3189 1523 3245 Francisce
1556 3189 1758 3245 Caraln
1820 3188 2015 3258 praesul

444 3287 799 3354 amplissime,
831 3300 894 3339 ac
924 3283 1203 3354 proposito
1232 3296 1351 3335 meo
1404 3293 1746 3348 summopere
1788 3292 2017 3333 consen-

447 3389 686 3431 taneum.
719 3377 833 3431 Etsi
872 3360 1013 3430 enim
1043 3377 1226 3444 plures
1256 3375 1321 3429 de
1348 3373 1517 3443 ipsius
1532 3371 1661 3435 vita,
1691 3371 2018 3440 scriptisque

444 3467 655 3536 egerint
682 3464 1065 3534 perdiligenter
1089 3507 1102 3529 ,
1134 3478 1290 3518 nemo
1328 3472 1505 3516 tamen
1532 3462 1792 3515 hactenus
1814 3500 1829 3524 ,
1855 3475 2014 3529 quem

446 3556 648 3617 norim,
668 3554 822 3607 illius
841 3554 1120 3621 opiniones
1141 3553 1274 3609 satis
1298 3562 1552 3606 accurate
1570 3561 1888 3621 persecutus
1912 3558 2015 3604 est.

444 3642 631 3713 Itaque
654 3646 766 3709 ipse
800 3645 979 3715 priora
1009 3645 1097 3697 illa
1130 3644 1414 3707 omittens,
1457 3642 1524 3696 de
1552 3639 1845 3711 postremis
1870 3638 2018 3694 hisce

445 3734 706 3789 duntaxat
740 3751 917 3804 agam,
962 3750 1064 3790 non
1093 3734 1234 3803 quod
1263 3733 1498 3787 arbitrer
1542 3742 1654 3786 toto
1679 3746 1778 3786 nos
1819 3730 2018 3799 ubique

442 3825 554 3893 jam
583 3842 738 3894 posse
764 3827 1038 3888 incedere,
1060 3841 1123 3881 ac
1178 3825 1340 3879 veluti
1390 3824 1580 3894 pedem
1633 3821 2020 3892 ﬁgerc(plera-

446 3933 553 3988 que
583 3921 727 3975 enim
763 3920 865 3974 alia
924 3917 1157 3987 theologi
1218 3914 1442 3983 hujusce
1498 3928 1662 3982 Opera
1716 3927 1783 3966 ex
1826 3912 2020 3978 quibus

446 4014 620 4084 major
648 4024 830 4084 posset
863 4014 948 4068 lux
976 4014 1253 4083 allulgere,
1287 4007 1728 4076 interciderunt),
1760 4007 1852 4061 sed
1872 4007 2016 4077 quod

449 4121 585 4161 nova
613 4105 806 4161 afferre
833 4123 987 4175 posse
1015 4108 1147 4161 mihi
1177 4107 1388 4169 videar,
1430 4117 1602 4172 eaque
1635 4102 1732 4156 tibi
1770 4101 2018 4157 veritatis

450 4199 818 4254 amantissimo
845 4216 948 4253 non
973 4199 1199 4253 omnino
1234 4196 1522 4265 injucunda
1570 4193 1686 4248 lore
1728 4193 2014 4249 conﬁdam.

449 4290 524 4343 lta
548 4292 688 4344 enim
716 4291 796 4344 his
825 4292 891 4343 de
949 4289 1109 4342 rebus
1146 4288 1389 4342 scribere
1439 4287 1651 4340 animus
1698 4295 1801 4351 est,
1833 4295 1891 4339 ut
1921 4284 2015 4338 Di-

447 4380 606 4450 dymo
627 4380 922 4450 generatim
952 4391 1049 4431 nec
1086 4376 1263 4431 favere
1304 4384 1510 4429 certum
1560 4375 1652 4441 sit,
1692 4391 1866 4442 neque
1920 4375 2016 4429 ad-

448 4471 677 4531 versari,
713 4471 808 4521 sed
846 4467 933 4520 illa
963 4466 1354 4528 tantummodo,
1387 4481 1507 4536 qua:
1554 4479 1681 4519 vera
1741 4465 1897 4528 mihi,
1922 4472 2017 4518 aut

450 4559 826 4616 verisimiliora
858 4558 1199 4620 videbuntur,
1241 4558 1475 4612 breviter
1506 4572 1825 4625 proponere,
1858 4566 2021 4624 atque

449 4651 699 4721 amplecti
726 4667 741 4713 ;
769 4664 889 4716 qnze
920 4658 1097 4702 autem
1124 4650 1439 4703 obscuriora
1469 4647 1667 4701 fuerint
1695 4686 1713 4713 ,
1749 4657 1910 4717 atque
1941 4647 2022 4700 in-

449 4747 619 4802 certa,
641 4738 694 4790 in
727 4736 903 4791 medio
930 4735 1255 4805 relinquere.
1280 4738 1359 4791 Ac
1408 4751 1478 4791 ne
1519 4736 1703 4792 multis
1755 4746 1807 4791 te
1841 4735 2022 4790 verbis

453 4831 712 4884 inutiliter
733 4844 875 4884 nunc
895 4827 1474 4896 detineam,exordior
1522 4831 1705 4884 statim
1771 4830 1823 4883 in
1877 4829 2023 4883 hunc

452 4924 689 4978 modum.

451 5037 580 5093 CAP.
621 5037 659 5093 l.
701 5036 779 5092 De
807 5040 1081 5093 levioribus
1119 5038 1305 5093 Jacobi
1356 5037 1606 5108 Basnagii
1652 5037 1709 5090 in
1745 5036 2022 5105 Didymum

1018 5108 1460 5162 accusationibus.

526 5198 765 5254 Plurima
803 5201 1086 5270 Didymum
1128 5200 1181 5253 in
1234 5198 1716 5259 Enarrationibus,
1761 5204 1923 5263 atque
1970 5193 2023 5247 in

455 5291 591 5344 libro
620 5291 740 5346 adv.
788 5290 1132 5356 Manicltwos,
1199 5290 1407 5343 veritati
1454 5291 1624 5341 minus
1678 5297 2025 5340 consentanea

455 5384 721 5446 docuisse,
750 5383 980 5436 aﬁirmat
1006 5385 1166 5437 homo
1186 5382 1548 5436 heterodoxus
1568 5378 1801 5435 Jacobus
1823 5375 2025 5431 Basna-

454 5477 575 5542 gius
596 5485 741 5531 tomo
774 5474 1116 5529 lLectionum
1132 5475 1466 5542 antiquarum
1503 5470 1726 5537 Canisii,
1761 5486 1880 5539 pag.
1902 5468 2023 5535 199,

457 5567 547 5621 ubi
571 5582 630 5621 ea
654 5567 830 5619 omnia
864 5577 1274 5631 commemorat,
1330 5566 1548 5634 ohqua:
1600 5560 1792 5615 metito
1853 5561 2025 5631 ipsum

459 5651 705 5719 vedargui
742 5666 897 5720 posse
951 5654 1264 5709 arbitratur.
1311 5651 1445 5707 Cum
1492 5661 1670 5704 autem
1721 5647 2024 5717 huiusmodi

457 5745 863 5797 accusationum
901 5746 1015 5800 alite
1038 5746 1268 5802 leviores
1313 5746 1438 5808 sint,
1472 5743 1748 5813 graxiorcs
1774 5742 1889 5797 alia:
1918 5759 1932 5807 ;
1964 5741 2028 5794 de

532 5919 575 5953 ⁸⁷
603 5920 623 5975 Ι
655 5918 808 5977 Joan.
847 5940 904 5987 ll,
938 5925 994 5977 'i.

2121 3192 2349 3262 antiqua:
2404 3190 2503 3260 legi
2557 3191 2712 3245 nimis
2777 3192 2972 3246 addicti
3044 3205 3297 3264 prwcepta
3358 3211 3486 3249 nova
3545 3211 3699 3263 repn-

2120 3285 2348 3337 diarent.
2378 3282 2483 3338 Sed
2513 3285 2765 3353 equidem
2824 3287 3011 3351 miror,
3058 3296 3117 3340 ut
3145 3287 3317 3341 dicam
3343 3288 3393 3343 id
3429 3289 3572 3357 quod
3610 3303 3696 3343 res

2120 3386 2202 3431 est
2241 3376 2465 3447 Didyme
2495 3377 2617 3431 talia
2644 3376 2824 3445 ohjici.
2871 3376 3047 3432 Aﬂ'ert
3072 3379 3139 3431 ibi
3166 3378 3425 3448 Didymus
3456 3384 3567 3447 ipse
3584 3383 3697 3436 haec

2119 3466 2396 3535 Epistolzc,
2455 3484 2615 3537 quam
2652 3469 2924 3536 explanat,
2963 3470 3120 3521 verba
3155 3486 3169 3522 :
3205 3467 3536 3535 Cltarissimi,
3592 3487 3698 3526 non

2120 3574 2310 3613 novum
2343 3561 2650 3612 mandatum
2700 3561 2867 3611 scribo
2901 3560 3038 3613 vobis
3074 3560 3137 3625 ⁸⁷,
3193 3572 3296 3614 etc.
3354 3560 3488 3612 Tum
3525 3577 3585 3614 ea
3619 3563 3698 3616 sic

2120 3651 2395 3719 explicare
2429 3651 2772 3721 aggreditur:
2809 3650 2946 3715 Quia
2995 3650 3130 3720 forte
3180 3652 3499 3721 derogabant
3533 3654 3697 3724 aliqu:

2126 3742 2460 3812 evangelista
2515 3752 2639 3795 tunc
2687 3743 2962 3809 doctrinm,
3022 3753 3270 3811 tanquam
3322 3746 3430 3797 lteri
3457 3756 3504 3799 et
3538 3763 3699 3813 nuper

2122 3835 2360 3899 inceptat,
2400 3833 2547 3886 docet
2580 3835 2703 3903 quia
2730 3835 3042 3887 mandatum
3079 3836 3256 3888 scribit
3294 3853 3397 3889 non
3421 3847 3542 3889 tunc
3588 3838 3697 3906 pri-

2118 3926 2279 3978 mitus
2307 3925 2603 3978 hominibus
2630 3926 2835 3979 datum.
2868 3926 3000 3991 Quis
3048 3942 3212 3996 porro
3244 3943 3346 3980 non
3401 3929 3562 3987 videt,
3599 3942 3694 3981 vo-

2122 4013 2390 4078 cabulum,
2445 4016 2800 4083 evangelistre,
2862 4032 2967 4069 non
3006 4032 3127 4070 esse
3173 4017 3261 4071 hic
3308 4018 3693 4073 nominativum

2121 4106 2384 4176 pluralem
2417 4122 2602 4160 casum
2637 4110 2822 4176 (pudet
2849 4124 2953 4172 me,
2990 4108 3178 4175 lector,
3228 4111 3293 4163 ad
3347 4112 3696 4180 grammatica

2127 4207 2176 4252 te
2204 4201 2508 4269 revocare),
2562 4201 2653 4254 sed
2689 4216 2808 4254 esse
2858 4202 3153 4269 genitivum
3208 4203 3555 4274 singularem,
3589 4218 3699 4274 quo

2122 4284 2353 4342 Joannes
2380 4288 2496 4357 ipse
2524 4288 2776 4356 Epistolze
2812 4291 2952 4344 illius
2983 4301 3169 4344 auctor
3211 4292 3559 4362 designatur?

2192 4377 2282 4430 Ait
2330 4379 2566 4432 secundo
2628 4377 2955 4446 Basnagius;
3007 4398 3025 4431 ι
3060 4379 3316 4435 Homines
3371 4398 3584 4451 pravos,
3641 4395 3695 4438 et

2049 4468 2229 4555 Djam
2261 4479 2462 4526 artemo
2500 4471 2783 4525 damnatos
2841 4473 3101 4545 supplicio
3148 4476 3519 4541 paenitentiam
3568 4477 3694 4531 olim

2126 4574 2366 4629 acturos,
2398 4575 2455 4617 ut
2504 4574 2558 4618 et
2606 4566 2900 4631 da‘monas,
2972 4570 3271 4623 credidit...
3323 4568 3573 4635 Quinimo
3629 4569 3694 4624 de

2126 4655 2477 4709 conversione
2528 4655 2745 4719 diaboli,
2782 4658 2936 4726 quasi
2975 4657 3084 4725 jam
3121 4658 3283 4724 facta,
3310 4658 3451 4726 loqui
3481 4659 3695 4711 videtur

2126 4746 2201 4816 (in
2237 4745 2336 4813 Ep.
2373 4744 2552 4807 ludat,
2584 4763 2636 4815 p.
2668 4747 2760 4818 88)
2787 4767 2801 4802 :
2833 4746 3140 4803 Ostenditur
3176 4753 3310 4802 enim
3339 4765 3403 4802 ex
3435 4749 3695 4802 communi

2124 4850 2300 4898 sensu,
2331 4851 2480 4902 quem
2510 4836 2761 4889 habemus
2785 4839 2847 4890 de
2883 4839 3084 4890 cunctis
3118 4838 3418 4901 animabus,
3445 4838 3694 4904 quoniam

2126 4941 2240 4977 cum
2266 4925 2368 4978 sint
2408 4927 2553 4979 liberi
2579 4929 2804 4991 arbitrii,
2827 4941 2872 4981 et
2903 4929 3167 4982 conversio
3212 4930 3277 4980 sit
3308 4928 3450 4997 facta
3471 4928 3692 4992 diaboli,

2124 5015 2262 5083 quod
2294 5032 2398 5068 non
2441 5020 2511 5069 sit
2572 5019 2762 5072 malus.
2794 5038 2811 5068 ι
2870 5019 2973 5073 Sed
3024 5018 3112 5072 hic
3166 5032 3382 5087 quoque
3423 5028 3472 5071 te
3506 5020 3694 5085 miror,

2127 5105 2377 5176 Basnagi,
2411 5124 2509 5162 nec
2558 5108 2870 5162 vocabulum
2925 5110 3192 5163 conversio
3232 5111 3579 5178 intellexisse,
3620 5124 3695 5178 et,

2127 5198 2267 5266 quod
2309 5198 2460 5268 pejus
2500 5209 2602 5264 est,
2657 5199 2864 5269 Didymi
2906 5200 3066 5254 verba
3102 5210 3208 5254 tam
3256 5202 3546 5260 inﬁdeliter
3577 5220 3698 5275 pro-

2127 5286 2285 5343 ferre.
2328 5289 2397 5342 Ea
2433 5290 2509 5345 sic
2545 5305 2603 5344 se
2634 5290 2834 5343 habent
2868 5305 2881 5342 :
2916 5288 3041 5344 Nec.
3073 5301 3147 5346 est
3191 5292 3438 5348 diabolus
3491 5304 3697 5353 terrena

2126 5383 2460 5446 substantia;
2485 5382 2666 5435 habuit
2707 5384 2842 5436 enim
2869 5383 3155 5454 aliquando
3192 5384 3423 5441 divinam
3452 5386 3696 5458 gloriam,

2128 5483 2174 5526 et
2210 5488 2445 5527 sanctam
2477 5472 2571 5527 Dei
2606 5475 2900 5538 scientiam,
2939 5476 3058 5530 licet
3095 5495 3372 5534 conversus
3401 5481 3467 5532 de
3492 5478 3699 5547 magni-

2131 5563 2312 5614 tudine
2340 5571 2489 5615 tnnta
2529 5563 2788 5618 ceciderit.
2815 5564 3128 5619 Ostenditur
3158 5568 3334 5636 itaque
3366 5582 3429 5622 ea:
3466 5581 3699 5619 commu-

2131 5651 2183 5703 ni
2239 5668 2414 5715 sensu,
2460 5670 2610 5723 quem
2657 5653 2904 5710 habemus
2946 5658 3010 5712 de
3061 5662 3263 5712 cunctis
3316 5656 3698 5718 rationalibus.

2129 5742 2397 5811 quoniam,
2454 5761 2568 5797 cum
2621 5748 2722 5800 sint
2776 5746 2926 5803 liberi
2961 5751 3192 5817 arbitrii,
3232 5761 3278 5804 ct
3332 5750 3595 5804 conversio
3635 5752 3703 5804 sit
