4108 6438
333 424 441 479 l'l"

1513 427 2081 489 liOMMENTARlES.
2127 465 2193 473 -
2234 434 2359 489 LIB.
2403 434 2465 489 li.

3500 443 3598 499 ΠΒ

324 544 473 608 facta
527 540 742 606 diaboli,
796 552 985 596 natura
1030 560 1129 597 non
1184 545 1354 599 malus
1404 556 1502 599 est.
1545 546 1675 614 Cur,
1711 565 1913 617 quaeso,
1950 554 1988 608 Α
2021 552 2236 620 dymnm
2273 569 2374 605 non
2410 554 2564 606 modo
2620 570 2721 606 non
2774 555 3000 621 iuticior,
3033 557 3124 611 sed
3157 566 3209 611 et
3247 560 3400 622 addo,
3440 560 3522 617 bis
3544 563 3599 617 ld

326 635 514 688 addita
548 635 735 689 vocula
767 636 907 702 quod
944 637 1263 689 sententiam
1294 653 1507 709 omnem
1565 641 1912 708 pcrturhasti,

321 738 501 793 atque
531 726 584 779 in
612 724 862 779 Latinam
898 725 1276 797 Didytncarum
1311 728 1717 784 lz'narrutionum
1751 732 1915 793 inter-

318 817 715 882 pretationem,
763 833 882 885 qua:
924 819 1056 872 satis
1084 820 1371 888 creteroqui
1418 836 1513 889 per
1542 837 1600 874 se
1641 822 1914 891 inelegans

312 921 422 969 est,
463 924 667 963 novum
695 909 1088 963 barbarismum
1158 910 1445 966 invexisti?
1476 914 1585 966 Cur
1617 914 1732 968 loco
1773 917 1914 968 vocis

312 999 708 1063 rationalibus,
756 1015 877 1069 qure
938 1011 1157 1057 naturas
1214 1008 1421 1058 ratione
1478 1022 1582 1057 non
1633 1006 1915 1060 destitutas

312 1090 579 1155 denotat,
616 1092 881 1163 subrogas
926 1108 1109 1147 vocem
1163 1095 1480 1152 animabus?
1528 1096 1637 1150 Cur
1685 1099 1916 1167 denique

313 1184 675 1248 vocabulum,
709 1198 923 1248 natura,
974 1187 1113 1254 quod
1163 1189 1307 1242 nullo
1348 1190 1505 1242 modo
1558 1191 1912 1245 omittendum

319 1284 470 1339 erat,
511 1274 783 1329 omisisti?
807 1274 1021 1328 Falsum
1076 1291 1205 1331 Sane
1241 1288 1339 1341 est,
1367 1280 1631 1333 diabolum
1675 1298 1778 1335 non
1808 1299 1915 1337 esse

310 1364 532 1418 malum
562 1377 581 1416 :
613 1365 704 1419 sed
750 1380 936 1419 verum
977 1375 1081 1432 est,
1116 1369 1384 1422 diabolum
1429 1387 1531 1424 non
1575 1388 1686 1424 esse
1723 1384 1914 1426 natura

309 1456 559 1511 malum.
598 1456 731 1511 lllud
777 1456 912 1511 falso
947 1459 1136 1514 tribuis
1177 1460 1436 1527 Didymo;
1472 1463 1576 1516 hoc
1627 1480 1753 1518 vere
1781 1466 1917 1519 dixit

314 1544 639 1615 Didymus:
671 1559 736 1601 eo
781 1546 924 1601 enim
958 1562 1117 1602 sensu
1156 1561 1314 1620 negat
1361 1553 1629 1607 diabolum
1667 1569 1788 1609 esse
1821 1573 1916 1609 na-

311 1644 442 1690 tura
483 1638 709 1703 malum,
744 1653 850 1706 quo
886 1649 1075 1693 natura
1110 1643 1303 1696 malum
1357 1659 1476 1697 eum
1511 1647 1758 1701 dicebant
1792 1650 1913 1703 Ma-

317 1726 557 1793 nicliaei,
590 1744 725 1797 quos
772 1729 843 1783 ibi
886 1730 1080 1785 refellit
1126 1734 1406 1804 theologus
1442 1749 1624 1791 noster
1654 1757 1666 1792 :
1697 1740 1767 1791 ita
1804 1742 1911 1794 sci—

312 1819 452 1877 licet
488 1822 608 1876 vult
653 1824 825 1893 ipsum
876 1842 994 1880 esse
1045 1827 1263 1895 malum,
1298 1839 1437 1882 uter
1470 1830 1715 1885 electione
1743 1835 1914 1889 malus

2018 646 2083 694 ah
2110 660 2174 695 eo
2199 643 2448 696 allii-mari
2495 645 2544 697 in
2572 646 2651 698 his
2683 646 2840 698 etiam
2880 645 2951 698 De
2991 646 3246 702 Trinitate
3280 649 3445 718 libris,
3469 666 3594 722 pag.

2020 733 2219 796 latet
2257 751 2423 799 segni.
2481 734 2569 798 67,
2614 751 2705 788 seu
2761 752 2880 805 pag.
2946 738 3069 798 lSl,
3123 748 3233 792 not.
3308 738 3479 794 Tuum
3512 758 3600 795 er-

2017 840 2082 894 go
2116 824 2219 877 erit
2243 827 2547 889 ostendere,
2586 829 2635 878 ιιι
2663 826 2795 880 falso
2825 828 2928 880 dici
2964 845 2976 879 :
3008 844 3106 897 ego
3133 846 3263 884 sane
3300 849 3400 899 qua
3431 833 3597 885 ratio-

2021 932 2086 970 ne
2115 918 2342 984 prohare
2376 917 2477 970 hoc
2512 918 2709 985 possis,
2746 932 2848 970 non
2878 919 3051 974 video.
3086 919 3179 973 Sin
3218 932 3398 976 autem
3435 922 3598 992 Didy—

2020 1007 2088 1058 mi
2123 1021 2225 1061 non
2261 1010 2579 1062 sententiam
2631 1011 2928 1079 redargnis,
2960 1011 3051 1064 sed
3110 1015 3593 1076 ratiocinationem.

2021 1096 2069 1149 id
2104 1097 2381 1165 redarguis
2433 1101 2574 1165 quod
2628 1100 3045 1166 non'intclligis.
3104 1099 3211 1155 Nec
3262 1104 3594 1172 enimargu-

2018 1196 2305 1247 mentatur,
2344 1196 2400 1241 ιιι
2448 1198 2500 1240 ιιι
2550 1197 2727 1257 putas,
2779 1189 3035 1258 Didymus
3078 1191 3143 1243 ad
3175 1193 3314 1244 hunc
3356 1195 3593 1249 modum.

2016 1280 2180 1333 ludas
2229 1289 2341 1334 erat
2379 1281 2495 1333 ovis
2531 1280 2731 1334 Christi
2765 1299 2777 1333 :
2806 1297 2934 1349 ergo
2976 1297 3078 1335 non
3107 1292 3223 1336 erat
3267 1284 3455 1337 malus.
3489 1285 3593 1338 SeJ

2017 1372 2119 1426 hoc
2153 1383 2330 1439 pacto.
2367 1371 2531 1427 ludas
2564 1384 2681 1427 erat
2726 1375 2844 1427 ovis
2888 1374 3086 1429 Christi
3115 1391 3129 1423 :
3155 1390 3282 1445 ergo
3327 1392 3429 1430 non
3478 1385 3597 1430 erat

2018 1476 2206 1516 natura
2238 1463 2432 1525 malus,
2464 1479 2621 1517 sensu
2657 1463 2981 1530 Manichaeo;
3010 1466 3101 1519 sed
3138 1464 3307 1519 lactus
3337 1477 3421 1519 est
3449 1476 3596 1534 post-

2017 1570 2078 1610 ea
2110 1553 2280 1608 malus
2328 1569 2394 1609 ex
2429 1557 2721 1607 mutatione
2779 1557 2960 1608 libera:
3001 1557 3307 1610 voluntatis.
3344 1556 3471 1622 Quze
3510 1572 3596 1611 ar-

2016 1646 2346 1716 gumentatio
2381 1647 2449 1699 ab
2494 1660 2559 1699 eo
2602 1653 2810 1698 tantum
2846 1646 3044 1712 chpici
3078 1656 3270 1714 potest,
3304 1648 3391 1714 qui
3425 1647 3594 1700 Mani-

2016 1742 2287 1793 chaeorum
2313 1749 2548 1809 systema
2587 1737 2815 1807 ignoret.
2855 1737 2907 1789 Id
2945 1744 3123 1789 autem
3157 1752 3297 1790 nunc
3326 1752 3592 1805 exponere

2019 1844 2194 1881 meum
2225 1845 2327 1881 non
2352 1838 2454 1882 est.

316 1912 513 1969 laetus
550 1916 640 1982 sit,
666 1932 767 1971 non
803 1934 868 1971 ex
900 1922 1201 1973 necessitate
1249 1932 1452 1973 naturw
1476 1940 1586 1976 sum
1615 1925 1681 1976 sit
1717 1926 1909 1980 malus.
1950 1892 1990 1945 Β
2085 1915 2288 1982 Quarto
2328 1918 2606 1985 Didymum
2660 1917 2731 1970 ita
2793 1919 2967 1986 carpit
3034 1916 3343 1985 Basnagius.
3405 1937 3420 1967 ι
3456 1915 3598 1971 Inter

389 2005 561 2070 Quod
607 2024 736 2063 vero
782 2019 991 2078 spectat
1028 2011 1094 2064 ad
1139 2011 1333 2064 dialioli
1374 2014 1779 2077 conversionem,
1829 2031 1913 2069 re-

315 2099 581 2157 ctissime
622 2116 744 2156 cam
788 2102 1006 2156 admisit
1052 2103 1308 2171 Didymus
1349 2117 1466 2156 cum
1498 2105 1549 2157 in
1585 2106 1747 2159 allato
1773 2107 1911 2174 loco,

312 2200 438 2245 tum
469 2193 527 2246 in
560 2208 744 2263 opere,
775 2192 912 2260 quod
944 2207 1089 2246 nunc
1125 2194 1249 2252 edo,
1285 2207 1403 2263 pag.
1442 2194 1544 2248 l50
1560 2208 1613 2249 et
1642 2202 1911 2266 sequenti,

314 2292 439 2337 tum
483 2285 699 2338 demum
729 2285 782 2337 in
815 2285 951 2338 libro
986 2283 1060 2336 De
1101 2282 1302 2352 Spiritu
1334 2295 1531 2345 sancto,
1566 2304 1713 2343 num.
1759 2291 1825 2344 12
1858 2302 1915 2345 et

310 2376 488 2430 alibi.
526 2374 636 2430 Nec
662 2376 804 2429 enim
830 2377 1114 2441 conversio,
1145 2390 1303 2444 quam
1333 2375 1519 2431 Gra‘ce
1550 2381 1759 2452 τροπήν
1785 2383 1915 2437 dicit

309 2464 619 2535 Didymus,
650 2468 1005 2534 pwnitentt’am
1038 2468 1409 2529 tantummodo
1452 2469 1741 2538 signiﬁcat,
1770 2483 1825 2526 ιιι
1857 2483 1910 2529 ιιι

313 2564 527 2624 putas,
552 2557 692 2624 quod
718 2566 929 2611 veteres
962 2556 1148 2611 Patres
1177 2566 1269 2612 aut
1302 2573 1407 2612 non
1436 2559 1647 2631 legeris,
1683 2574 1776 2618 aut
1804 2581 1909 2620 non

326 2644 714 2713 intellexeris;
747 2648 840 2701 sed
871 2661 1251 2715 quamcunque
1286 2647 1470 2715 animi,
1508 2661 1596 2706 aut
1627 2653 1915 2711 voluntatis

318 2735 715 2801 mutationem,
747 2736 861 2791 sive
886 2737 1024 2791 mala
1082 2739 1175 2791 tiat
1222 2753 1288 2792 ex
1339 2739 1502 2806 bona,
1533 2757 1626 2799 seu
1677 2746 1913 2801 vicissim

317 2826 476 2880 bona
528 2824 790 2882 eﬂiciatur
840 2841 905 2881 ex
948 2827 1109 2882 tnala.
1151 2826 1296 2883 Nihil
1332 2844 1462 2899 ergo
1505 2833 1650 2888 aliud
1696 2835 1806 2890 vult
1843 2838 1914 2893 ibi

320 2913 616 2984 Didymus,
653 2913 756 2969 nisi
795 2916 1067 2970 diabolum
1098 2932 1204 2972 non
1225 2933 1345 2973 esse
1373 2923 1648 2977 conditum
1691 2926 1912 2993 malum,

318 3005 424 3059 sed
483 3005 632 3074 prius
677 3005 844 3062 fuisse
883 3007 1102 3073 bonum,
1149 3018 1262 3064 tum
1300 3010 1499 3068 factum
1536 3028 1656 3070 esse
1693 3016 1911 3082 ntalem,

321 3095 570 3167 ideoque
604 3113 710 3152 non
745 3101 1070 3168 necessario,
1094 3100 1188 3155 sed
1222 3101 1411 3159 libere.

2013 2020 2105 2059 eas
2152 2007 2469 2071 sententias,
2503 2029 2521 2060 ι
2562 2022 2695 2074 quas
2762 2023 2956 2075 nempe
3008 2023 3071 2062 ex
3146 2009 3367 2076 Didytno
3443 2006 3595 2061 all‘ert

2017 2094 2074 2149 S.
2095 2095 2405 2162 lllaximus,c
2431 2095 2621 2165 legitur
2639 2113 2739 2149 una
2764 2100 2847 2150 vix
2873 2100 3219 2163 admittenda,
3238 2114 3396 2168 quam
3421 2109 3594 2154 tamen

2017 2185 2278 2240 Maximus
2321 2187 2423 2240 sibi
2477 2187 2750 2257 propriam
2794 2189 2921 2241 facit
2953 2209 2965 2243 :
2994 2188 3217 2243 Peccata
3253 2207 3353 2243 non
3401 2207 3465 2245 ea:
3515 2207 3598 2244 voc

2015 2279 2234 2343 luntate,
2275 2279 2359 2332 lex
2399 2281 2678 2345 condonat,
2709 2290 2757 2334 et
2805 2281 2943 2334 Deus
2988 2297 3116 2348 pene
3154 2283 3391 2350 despicit,
3420 2291 3476 2335 ut
3502 2281 3596 2353 qui

2015 2371 2079 2423 sit
2111 2370 2333 2423 clemens
2361 2386 2423 2423 ac
2449 2371 2768 2435 misericors,
2787 2387 2881 2424 nec
2925 2370 3002 2425 vel
3031 2387 3230 2435 eorum,
3266 2388 3382 2442 qua:
3412 2371 3600 2426 volun-

2015 2461 2155 2514 taria
2181 2470 2329 2526 sunt,
2360 2462 2575 2516 immitis
2609 2461 2753 2516 ultor
2785 2464 3025 2517 exsistat.
3054 2482 3072 2515 ι
3101 2463 3369 2519 Hactenus
3397 2463 3598 2518 Basna-

2015 2554 2153 2623 gius.
2188 2553 2302 2623 Ego
2338 2569 2464 2608 vero
2496 2563 2785 2623 antequam
2811 2554 2931 2609 dico
2964 2556 3089 2624 quid
3125 2557 3377 2621 sentiam,
3409 2554 3595 2610 Grieca

2016 2645 2223 2717 Didymi
2271 2647 2431 2701 verba
2473 2646 2688 2716 profero
2716 2663 2746 2702 e
2787 2646 3003 2699 Maximi
3056 2662 3305 2701 sermone
3341 2648 3430 2713 55,
3470 2664 3592 2719 pag.

2016 2735 2141 2790 660.
2176 2734 2258 2790 Τὰ
2290 2736 2387 2806 μὲν
2411 2736 2645 2790 ἀκούσια
2670 2738 3064 2808 ἁμαρτήματα,
3098 2737 3288 2805 inquit,
3322 2738 3413 2791 καὶ
3437 2738 3597 2809 νόμος

2019 2831 2313 2899 συγχωρεῖ,
2354 2830 2449 2882 καὶ
2475 2829 2608 2892 Θεὸς
2640 2830 2855 2899 παρορᾷ
2884 2828 3263 2900 φιλάνθρωπος
3281 2827 3357 2883 ὢν
3383 2828 3478 2883 καὶ
3498 2829 3598 2883 οὐκ
3662 2902 3665 2909 ἱ

2017 2920 2232 2991 ἀπηνὴς
2266 2920 2360 2974 καὶ
2380 2920 2904 2976 τῶν-ὲκουσίων.....
2944 2920 3167 2990 Reliqua
3199 2920 3593 2975 desiderantur.

2017 3010 2270 3066 Eantdem
2316 3023 2497 3065 autem
2545 3014 2867 3065 sententiam
2912 3013 3100 3065 eodem
3150 3013 3308 3066 modo
3349 3011 3596 3067 aliertex

2018 3101 2242 3173 Didymo
2269 3101 2504 3158 Joannes
2547 3105 2914 3160 Damascenus
2968 3105 3020 3159 in
3055 3101 3356 3169 Paratlelis,
3394 3106 3475 3158 tit.
3505 3104 3594 3168 Si,

403 3186 601 3287 Tertio
624 3188 904 3259 Didymum
938 3193 1278 3261 reprehendit
1311 3193 1603 3266 Basnagius
1628 3198 1777 3255 hisce
1797 3216 1917 3257 ver-
1944 3227 1987 3287 ε
2020 3208 2142 3265 pag.
2175 3195 2298 3260 5‘20,
2335 3195 2438 3250 nisi
2487 3197 2631 3264 quod
2684 3211 2781 3265 pro
2822 3197 3089 3287 adjective
3119 3196 3383 3249 ἑκουσίων
3410 3196 3600 3266 legitur

322 3277 413 3333 bis
443 3294 457 3329 :
491 3294 511 3328 ι
540 3275 733 3332 Judam
762 3280 1021 3348 Optimum
1055 3280 1220 3338 fuisse
1242 3298 1362 3339 cum
1380 3285 1670 3355 eligeretur
1697 3305 1725 3342 a
1757 3291 1917 3345 Chri-

331 3384 446 3441 sto,
484 3374 580 3429 scd
613 3382 801 3443 postea
832 3391 861 3428 a
915 3385 1061 3432 recto
1116 3380 1330 3434 tramite
1383 3380 1625 3435 deviasse
1660 3383 1922 3449 probabat

334 3480 401 3519 cx
437 3480 530 3529 eo,
563 3466 708 3535 quod
741 3467 991 3522 Christus
1025 3469 1231 3523 miserit
1263 3485 1393 3525 oves
1434 3472 1577 3526 inter
1610 3473 1785 3541 lupos.
1829 3473 1923 3528 Ju-

335 3557 441 3611 ὠιιὶ
480 3557 622 3613 etiim
661 3559 879 3614 luerunt
919 3560 991 3615 illi
1044 3577 1268 3632 rapaces
1299 3563 1437 3633 lupi;
1468 3578 1598 3619 oves
1641 3581 1768 3620 vero
1796 3582 1919 3635 apo-

338 3648 506 3702 stoli:
537 3647 697 3705 ludas
749 3650 849 3704 init
915 3650 1066 3719 ovis;
1110 3654 1297 3708 debuit
1353 3654 1518 3725 igitur
1580 3656 1721 3711 inter
1758 3658 1924 3713 bonos

340 3740 636 3794 reccnseri.
670 3759 693 3794 ι
720 3741 793 3795 lla
830 3742 1148 3812 Basnagius.
1184 3744 1377 3800 Verum
1409 3762 1516 3816 quo
1539 3749 1733 3803 melius
1765 3750 1921 3806 intel-

338 3827 592 3897 ligamus,
622 3832 667 3886 si
697 3833 808 3889 ﬁeri
834 3844 1033 3905 potest,
1058 3837 1186 3905 quid
1218 3838 1288 3892 sit
1317 3839 1367 3891 id
1408 3841 1550 3909 quod
1580 3842 1628 3895 ei
1659 3858 1765 3896 non
1795 3858 1921 3911 pro-

338 3929 520 3993 batur,
555 3929 763 4004 Didymi
790 3933 956 3987 verba
983 3934 1339 3989 exscribenda
1372 3948 1517 3990 sunt.
1545 3937 1595 3990 ls
1625 3953 1755 4007 ergo
1788 3937 1924 3992 lihro

339 4023 457 4077 adv.
503 4021 841 4088 Maniclueos,
898 4040 1019 4095 cap.
1066 4025 1155 4092 il,
1199 4026 1279 4080 sic
1327 4026 1564 4096 loquitur
1609 4044 1620 4078 :
1684 4046 1702 4078 ι
1750 4028 1814 4081 Ει
1858 4030 1924 4083 de

339 4112 473 4171 Juda
500 4118 760 4186 scriptum
794 4127 896 4182 est,
925 4118 1067 4188 quod
1110 4127 1254 4173 esset
1284 4118 1423 4173 illius
1454 4121 1793 4188 perditionis.
1827 4121 1916 4175 Sic

343 4209 483 4261 enim
509 4207 770 4265 Dominus
804 4209 870 4265 de
903 4225 967 4265 eo
1004 4210 1180 4266 dixit:
1217 4208 1384 4263 Nemo
1422 4225 1486 4264 ex
1512 4211 1784 4279 discipulis
1799 4213 1924 4266 meis

343 4300 514 4364 periit,
561 4301 664 4355 nisi
690 4301 835 4371 ﬁlius
877 4302 1187 4370 perditionis
1212 4302 1278 4358 ¹⁸.
1309 4301 1445 4357 Eum
1478 4306 1696 4358 vocavit
1748 4303 1927 4371 ﬁlium

345 4392 675 4459 perditionis,
705 4394 833 4462 quia
860 4392 987 4448 fecit
1013 4407 1133 4463 qua:
1163 4393 1320 4463 digna
1353 4393 1571 4448 interitu
1595 4403 1750 4449 erant
1779 4411 1795 4449 :
1822 4408 1924 4448 non

343 4485 481 4537 enim
526 4498 649 4538 cum
679 4493 799 4540 erat
839 4499 978 4540 unus
1006 4498 1074 4539 ex
1101 4486 1385 4554 apostolis,
1419 4495 1475 4540 et
1506 4501 1610 4540 una
1647 4502 1769 4540 cum
1808 4487 1915 4541 illis

2022 3286 2095 3341 ibi
2126 3285 2440 3340 adverbium
2474 3286 2761 3351 ἑκουσίως,
2795 3287 2845 3341 id
2867 3296 2951 3341 est
2977 3286 3288 3344 voluntarie.

2094 3377 2188 3432 llis
2219 3379 2529 3445 prazmissis,
2561 3378 2730 3433 lateor
2771 3380 3020 3447 equidem
3048 3381 3400 3433 consuevisse
3426 3379 3599 3449 Didy-

2026 3451 2170 3523 mum
2201 3471 2433 3524 divinam
2460 3470 2800 3524 clementiam
2830 3471 2985 3524 valde
3011 3471 3290 3535 extollere,
3328 3482 3384 3523 ut
3418 3486 3485 3525 ex
3517 3471 3600 3525 his

2027 3561 2189 3613 etiam
2225 3559 2300 3613 De
2341 3561 2600 3614 Trinitate
2628 3561 2783 3615 libris
2809 3562 3061 3630 cognosci
3106 3572 3299 3630 potest.
3332 3561 3437 3614 Sed
3466 3560 3599 3614 alla.-

2036 3659 2143 3703 tam
2189 3667 2218 3703 a
2265 3650 2501 3705 Maximo
2552 3654 2872 3706 sententiam
2915 3653 3039 3722 jure
3079 3668 3236 3723 posse
3282 3652 3597 3720 reprehendi

2028 3740 2237 3797 inﬁcias
2267 3757 2349 3797 eo.
2388 3742 2529 3795 Duas
2570 3756 2764 3811 nempe
2816 3742 2931 3809 ipsa
2974 3745 3137 3798 habet
3186 3754 3385 3813 partes.
3421 3743 3601 3799 Ριίιιιιι

2025 3834 2240 3904 quidem
2276 3835 2354 3889 sic
2412 3832 2480 3887 ad
2521 3832 2742 3886 verbum
2793 3836 3153 3888 convertenda
3191 3845 3273 3890 est
3304 3853 3316 3889 :
3347 3834 3599 3891 Incolun-

2027 3928 2165 3980 taria
2193 3927 2399 3996 quidem
2426 3932 2663 3997 peccata,
2699 3935 2746 3979 et
2783 3926 2865 3979 lex
2890 3926 3235 3993 condonat,et
3270 3927 3408 3983 Deus
3448 3931 3604 3984 dissi—

2027 4019 2356 4083 mulat,cum
2391 4020 2455 4073 sit
2501 4018 2771 4087 benignus,
2825 4034 2926 4071 non
2964 4019 3213 4077 crudelis.
3259 4022 3329 4075 At
3373 4023 3494 4092 quis
3534 4021 3604 4076 ob

2031 4112 2145 4166 haae
2171 4110 2458 4182 Didymmn
2496 4109 2801 4164 insimulet?
2823 4125 2945 4164 cum
2978 4110 3044 4165 de
3073 4110 3309 4181 peccatis
3333 4114 3600 4183 loquatur,

2027 4218 2147 4271 qua:
2183 4203 2292 4256 sint
2335 4202 2654 4270 simpliciter
2708 4199 3090 4269 involuntaria,
3127 4218 3233 4257 non
3283 4205 3350 4259 de
3391 4205 3457 4259 iis
3486 4220 3605 4274 qua:

2029 4294 2260 4362 theologi
2301 4294 2579 4364 appellant
2625 4280 2928 4349 voluntaria
2964 4299 3018 4350 in
3060 4312 3245 4354 causa.
3284 4295 3436 4364 Quod
3476 4312 3602 4352 vero

2028 4386 2219 4440 attinet
2250 4386 2317 4439 ad
2360 4385 2587 4439 alteram
2619 4389 2905 4442 sententia}
2935 4397 3165 4458 partem,
3196 4389 3318 4458 quis
3355 4403 3474 4442 eam
3507 4402 3601 4444 aut

2030 4477 2258 4544 probare
2303 4475 2463 4539 ausit,
2510 4484 2604 4530 aut
2655 4476 2984 4545 improbare,
3027 4493 3148 4533 cum
3195 4481 3266 4532 sit
3309 4478 3497 4532 mutila
3554 4490 3607 4534 et.

344 4575 691 4631 ministrabat
737 4576 1025 4641 Salvatori,
1068 4576 1192 4633 talis
1241 4586 1394 4644 erat;
1445 4577 1539 4631 sed
1585 4591 1707 4631 cum
1747 4578 1921 4632 lactus
1953 4565 1998 4620 Ι)
2030 4582 2189 4621 sensu
2237 4566 2466 4621 carens?
2501 4567 2859 4623 Combelisius
2908 4569 3149 4639 quidem.
3180 4570 3333 4640 cuius
3386 4569 3607 4633 ινξιυειθ-

346 4678 422 4721 est
470 4668 717 4738 proditor
740 4667 861 4722 Filii
890 4668 1007 4733 Dei,
1047 4677 1101 4723 et
1126 4666 1391 4739 Magistri,
1422 4682 1609 4722 amans
1644 4676 1923 4737 argentum

270 4786 276 4794 -
347 4761 690 4825 perditionis.
720 4759 786 4815 Et
816 4761 940 4832 quia
969 4774 1075 4816 non
1115 4752 1234 4815 erat
1282 4766 1473 4814 natura
1501 4758 1689 4819 malus,
1725 4758 1929 4828 pariter

354 4863 475 4905 cum
506 4851 631 4907 aliis
656 4851 934 4921 discipulis
954 4850 1207 4906 omnibus
1228 4849 1432 4904 audivit
1457 4865 1471 4902 :
1507 4848 1639 4902 Ecce
1662 4864 1755 4919 ego
1779 4849 1929 4902 mitto

350 4955 433 4997 vos
478 4951 731 5013 tanquam
765 4959 879 4996 oves
910 4942 963 4996 in
993 4941 1163 4996 medio
1202 4939 1445 5010 luporum
1466 4939 1532 4994 η.
1571 4937 1628 4994 Si
1671 4939 1824 5009 lupos
1849 4937 1932 4991 di-

352 5031 420 5086 cit
452 5048 550 5088 cos
572 5034 664 5103 qui
700 5044 960 5103 peccant;
989 5048 1120 5087 oves
1148 5046 1279 5086 vero
1309 5043 1426 5099 eos,
1453 5031 1545 5100 qui
1585 5029 1767 5084 virtuti
1804 5043 1932 5099 ope-

354 5138 464 5179 ram
517 5135 753 5190 navant;
781 5124 950 5180 ludas
989 5133 1167 5178 autem
1211 5132 1405 5177 natura
1451 5122 1626 5176 malus
1653 5130 1794 5188 erat,
1824 5138 1929 5176 non

354 5226 467 5271 erat
513 5216 631 5271 ovis
670 5216 896 5282 Christi,
932 5216 1057 5285 quia
1090 5230 1194 5269 non
1230 5223 1313 5270 est
1340 5222 1497 5283 aptus
1525 5213 1597 5268 ad
1635 5212 1929 5267 vacandum

354 5308 535 5363 virtuti
570 5308 661 5378 qui
701 5318 891 5363 natura
929 5307 1102 5361 malus
1144 5315 1245 5360 est.
1276 5324 1295 5358 ι
1328 5304 1537 5359 Amabo
1576 5313 1647 5372 te,
1677 5302 1928 5373 Basnagi,

357 5400 479 5466 quid
515 5400 601 5454 bis
630 5400 682 5454 in
712 5400 896 5455 verbis
939 5397 1359 5468 reprehensione
1398 5397 1617 5466 dignum
1650 5398 1850 5465 putas?
1873 5398 1930 5451 Si

358 5487 484 5543 illud
523 5491 737 5545 crimini
781 5491 950 5546 vertis
980 5491 1227 5559 Didymo,
1272 5488 1415 5557 quod
1476 5487 1697 5550 dixerit,
1740 5488 1929 5543 Judam

363 5575 629 5654 [XXXVI]
658 5581 827 5636 fuisse
872 5581 1095 5646 bonum,
1127 5595 1251 5635 cum
1282 5588 1403 5633 erat
1435 5594 1573 5633 unus
1621 5594 1685 5634 ex
1712 5591 1930 5651 aposto-

364 5668 442 5737 lis,
475 5682 527 5727 et
556 5683 844 5743 antequam
880 5672 1160 5726 Dominum
1191 5672 1471 5742 proderet;
1510 5673 1560 5726 id
1598 5672 1796 5727 dixisse
1835 5672 1922 5727 Di-

433 5854 476 5887 "
501 5853 652 5912 Joan.
697 5871 828 5920 xvu,
871 5856 951 5913 l2.
1020 5855 1062 5889 "
1089 5856 1275 5912 Matth.
1300 5872 1349 5915 χ,
1383 5854 1466 5910 16.

1330 6396 1719 6412 κ-ηψ--νι--ι-τή
1730 6397 1753 6401 -τ

2032 4657 2179 4711 tione
2223 4656 2390 4709 utitur
2431 4656 2745 4727 Basnagius,
2787 4658 2861 4712 ita
2912 4661 3235 4715 sententiam
3278 4660 3503 4728 perfecit
3548 4675 3607 4716 ut

2031 4748 2134 4816 ipsi
2165 4746 2384 4817 placuit.
2417 4745 2637 4802 Possem
2663 4764 2760 4818 ego
2785 4749 2975 4803 eodem
2998 4748 3120 4816 jure
3146 4748 3303 4803 aliter
3320 4764 3439 4804 eam
3460 4766 3605 4807 com-

2027 4840 2195 4908 plere,
2226 4852 2289 4891 ac
2319 4837 2520 4907 legere,
2544 4840 2773 4908 exetnpli
2807 4841 2978 4908 gratia
3006 4857 3019 4892 :
3049 4839 3158 4895 Καὶ
3204 4840 3313 4896 τῶν
3344 4843 3611 4897 ἑκουσίων

2027 4926 2269 4999 τιμωρός
2285 4927 2422 4995 ἐστι,
2449 4931 2498 4983 id
2522 4939 2624 4995 est,
2646 4940 2692 4983 et
2724 4930 3134 4984 voluntariorum
3160 4933 3348 4987 uindex
3375 4948 3471 4989 est.
3500 4934 3607 4987 Sed

2030 5021 2288 5089 quidquid
2343 5020 2412 5075 sit
2460 5020 2513 5075 id
2558 5023 2704 5089 quod
2757 5021 2994 5091 suppleri
3041 5035 3308 5090 oporteat,
3339 5024 3465 5077 illud
3513 5039 3610 5092 pro

2031 5122 2180 5166 certo
2209 5112 2407 5166 habere
2452 5128 2609 5183 posse
2653 5114 2784 5168 mihi
2817 5115 3021 5179 videor,
3064 5129 3187 5169 cum
3241 5114 3357 5169 haec
3403 5114 3606 5185 Didymi

2031 5203 2300 5257 sententia
2358 5203 2591 5257 Maximo
2641 5219 2707 5259 ac
2756 5205 3110 5268 Damasceno,
3158 5219 3294 5275 quos
3345 5205 3607 5275 integram

2038 5295 2231 5365 legisse
2267 5295 2556 5351 verisimile
2603 5306 2707 5360 est,
2739 5297 2962 5367 probata
2995 5296 3182 5362 fuerit,
3230 5297 3370 5350 haud
3427 5300 3605 5369 magni

2037 5390 2241 5444 referre
2273 5388 2318 5443 si
2351 5404 2455 5444 non
2485 5388 2741 5459 probatur
2764 5388 3053 5459 Basnagio.
3084 5390 3190 5444 Sed
3223 5391 3290 5444 ab
3322 5391 3467 5446 hisce
3487 5390 3600 5460 jam

2039 5484 2187 5539 tricis
2254 5482 2484 5553 expediti
2536 5485 2604 5536 ad
2659 5484 2908 5554 graviora
2968 5493 3325 5551 transeamus,
3379 5486 3612 5557 reliquas

2035 5581 2283 5654 llasnagii
2323 5584 2378 5638 in
2424 5584 2703 5653 Didymnm
2754 5579 3124 5637 accusationes
3144 5584 3612 5640 memoraturisuo

2036 5673 2173 5729 loco.
2214 5729 2228 5743 ,
2702 5672 2707 5675 ’
