4108 6424
467 435 572 493 {79

856 553 985 608 CAP.
1026 549 1089 605 II.
1118 549 1191 603 De
1224 549 1522 603 tisibilitato
1549 550 1663 603 Dei.

545 644 710 696 Deum
754 655 784 694 a
827 641 998 696 beatis
1029 641 1302 694 mentibus
1337 657 1457 694 cum
1487 642 1768 711 angelicis,
1807 651 1916 695 tum
1953 641 2046 695 bu-

483 733 683 796 manis,
718 747 812 801 per
844 734 1019 786 lumen
1063 731 1527 802 gloriariutuitive
1553 733 1830 802 c0uspici;
1861 749 2048 786 eorum

473 840 600 879 vero
639 823 942 889 animabus,
981 825 1069 893 qui
1115 825 1433 893 purgatione
1467 841 1570 880 non
1620 825 1914 894 indigeant,
1951 826 2050 879 hu-

468 916 707 986 jusmodi
739 916 997 970 visionem
1042 926 1167 970 ante
1210 926 1508 970 extremum
1534 917 1720 986 judicii
1750 918 1890 972 diem
1922 933 2046 972 con-

473 1007 592 1061 cedi
619 1024 632 1060 ε
671 1010 776 1062 duo
811 1018 934 1062 sunt
962 1008 1238 1062 catholica:
1264 1007 1516 1064 Ecclesiae
1541 1009 1812 1080 dogmata,
1842 1009 1906 1064 de
1930 1009 2048 1080 qui-

473 1099 575 1154 bus
616 1100 741 1168 quid
776 1100 1058 1153 tradiderit
1092 1099 1374 1172 Didymus,
1398 1101 1687 1156 videndum
1719 1110 1823 1158 est.

547 1189 698 1256 Quod
728 1200 938 1258 spectat
981 1190 1046 1244 ad
1103 1193 1360 1260 primum,
1402 1207 1506 1247 non
1551 1207 1614 1246 ea
1674 1208 1816 1246 nune
1861 1206 2047 1246 rursus

474 1296 792 1350 persequar,
825 1299 942 1351 qua
989 1284 1205 1351 capiosc
1263 1283 1396 1338 alias
1442 1283 1552 1338 dixi
1605 1284 1655 1337 in
1713 1283 1935 1351 epistola
1980 1283 2045 1336 ad

476 1371 685 1427 clariss.
719 1373 996 1441 prmsulem
1039 1371 1235 1427 Joann.
1281 1373 1598 1427 Arcbiutum
1625 1389 1638 1424 :
1669 1373 1760 1426 sed
1793 1386 2046 1439 quaecun-

475 1479 581 1532 que
613 1463 667 1517 in
705 1464 928 1533 Didymo
960 1463 1162 1527 notavi,
1195 1464 1262 1516 ad
1309 1478 1497 1516 novem
1556 1463 1731 1530 capita
1764 1477 2044 1526 revocans,

477 1556 664 1624 paucis
720 1571 830 1610 rem
875 1556 1118 1623 expedio.
1153 1556 1190 1610 Ι.
1227 1554 1390 1608 Deum
1418 1569 1446 1606 a
1473 1554 1615 1607 nulla
1673 1563 1850 1608 creata
1891 1554 2046 1608 intel-

476 1647 693 1716 ligentia
726 1643 1112 1716 comprehendi
1145 1662 1300 1715 posse
1351 1647 1506 1700 docet
1561 1646 1612 1700 in
1672 1646 2046 1700 Enarrationi-

476 1740 568 1790 (ms
604 1739 656 1790 in
701 1735 799 1804 Ep.
830 1737 858 1790 I
894 1738 1051 1791 Joan.
1088 1751 1206 1804 cap.
1237 1751 1276 1801 ι,
1313 1745 1368 1791 et
1409 1736 1544 1790 libro
1576 1752 1591 1789 ι
1626 1734 1700 1789 De
1732 1735 1879 1790 Trin.
1920 1752 2042 1806 pag.

476 1829 567 1892 ‘26,
606 1838 658 1882 et
691 1829 838 1882 alibi.
870 1828 927 1883 ll.
963 1828 1323 1882 Stultissimos
1372 1827 1736 1883 Eunomianos
1769 1827 1886 1880 l‘usc
1912 1843 2041 1881 con-

479 2013 643 2068 Deum
705 2012 947 2082 perfecte
991 2026 1316 2075 cegnoscere
1356 2011 1704 2065 alIirmarent.
1733 2010 1819 2065 Ill.
1851 2010 2053 2079 Corpo-

475 2104 580 2165 rcis
601 2102 771 2158 oculis
809 2103 977 2157 videri
1017 2103 1182 2156 Deum
1235 2117 1338 2156 non
1366 2117 1523 2172 posse
1559 2101 1720 2156 tradit
1750 2101 1947 2157 Enarr.
1983 2104 2052 2156 ad

471 2212 586 2262 cap.
619 2210 672 2252 tv
696 2197 797 2262 Ep.
830 2192 859 2246 1
893 2193 1139 2256 Joannis,
1167 2202 1220 2247 et
1255 2193 1349 2247 lib.
1386 2209 1445 2248 ιιι
1485 2191 1557 2247 De
1599 2194 1748 2247 Trin.
1803 2209 1923 2262 cap.
1960 2193 2049 2248 16.

471 2285 561 2340 IV.
599 2288 765 2343 Deum
817 2287 885 2344 ab
928 2285 1132 2356 Moyse,
1185 2285 1514 2352 Abrahamo,
1558 2284 1692 2342 Isaia
1735 2286 1907 2340 visum
1947 2302 2050 2341 non

472 2394 594 2436 osse
625 2379 677 2436 in
711 2379 810 2433 bac
850 2379 978 2442 vita,
1017 2378 1196 2432 multis
1236 2378 1416 2432 verbis
1457 2380 1646 2448 probat
1695 2379 1760 2434 ad
1815 2387 1975 2444 caput
1998 2393 2052 2432 tv

472 2469 770 2538 Epistolaal
820 2467 1066 2534 Joannis,
1114 2479 1432 2533 argumento
1510 2469 1634 2522 inde
1706 2469 2047 2537 potissimum

474 2566 662 2622 ducto,
723 2562 863 2630 quod
934 2560 1071 2614 Deus
1157 2561 1478 2614 sensibiliter
1568 2560 1735 2614 videri
1819 2569 2051 2628 nequeat

471 2653 714 2707 omnino.
751 2651 814 2710 V.
866 2650 1023 2706 Juxta
1050 2651 1329 2722 Didymum
1355 2650 1495 2705 aliud
1529 2661 1611 2705 est
1656 2651 1858 2715 videre,
1905 2650 2049 2706 aliud

476 2745 759 2812 inspicere,
803 2745 902 2799 etsi
941 2759 1322 2812 nonnunquam
1373 2743 1606 2798 alterum
1661 2751 1906 2797 sumatur
1949 2757 2050 2812 pro

471 2836 677 2903 altero;
718 2848 771 2892 et
805 2837 948 2892 aliud
973 2848 1056 2892 est
1084 2837 1440 2900 seusibiliter,
1485 2837 1631 2891 aliud
1664 2837 2047 2892 intellectuali-

473 2940 555 2985 ter
585 2928 873 3001 [XXXVII]
919 2931 1086 2984 Deum
1138 2929 1438 2997 percipere.
1490 2927 1581 2982 Sic
1619 2928 1762 2982 enim
1809 2927 2049 2996 loquitur

471 3023 538 3076 ad
573 3031 734 3090 caput
782 3037 796 3074 ι
846 3019 947 3090 Ep.
986 3020 1002 3075 I
1033 3018 1258 3074 Joannis
1289 3037 1302 3074 :
1337 3037 1354 3070 ι
1378 3018 1513 3087 Quia
1554 3033 1683 3074 vero
1735 3020 2046 3088 inspiciendi

469 3127 652 3168 sermo
681 3110 1097 3166 intellectualem
1131 3109 1398 3180 signiﬁcat
1425 3111 1843 3180 perceptionem,
1875 3113 2046 3164 mani-

481 3205 680 3259 l'cstant
733 3204 893 3260 etiam
943 3204 1041 3258 hoc
1088 3200 1175 3256 illa
1216 3201 1415 3256 verba:
1447 3199 1598 3256 Beati
1635 3202 1828 3256 mundo
1863 3202 2042 3268 corde,

467 3297 714 3364 quoniam
733 3295 830 3359 ipsi
852 3293 1126 3361 inspicient
1161 3292 1324 3346 Deum
1346 3284 1413 3345 ὀἱ
1445 3291 1568 3346 ΙΙαλο
1593 3292 1771 3361 itaque
1792 3291 2042 3346 diliereu-

473 3390 547 3441 tia
592 3386 800 3441 videndi
847 3395 902 3441 et
955 3385 1264 3453 inspiciendi
1336 3385 1416 3439 sic
1473 3393 1708 3451 maneat,
1773 3384 2043 3452 quomodo

469 3488 698 3546 utraque
751 3485 876 3532 sunt
917 3476 1096 3532 simul.
1153 3476 1285 3532 Nam
1349 3475 1643 3545 aliquando
1694 3471 2044 3546 intelligibilis

471 3571 733 3639 inspectio
788 3571 1003 3624 visionis
1055 3584 1188 3624 voce
1235 3569 1599 3639 signiﬁcatur;
1635 3579 1692 3622 ut
1736 3580 1818 3622 est
1863 3569 1988 3622 illud
2025 3584 2039 3620 :

473 3679 494 3711 ι
519 3661 622 3727 Qui
642 3661 772 3715 videt
809 3676 909 3726 me,
937 3659 1071 3714 uidet
1107 3669 1154 3716 et
1198 3658 1522 3724 Patrem“,»
1545 3675 1647 3713 non
1679 3659 1800 3728 quia
1827 3657 2040 3713 Patrem

467 3751 590 3819 quis
613 3749 783 3804 oculis
817 3749 995 3804 carnis
1023 3749 1196 3815 vidit;
1233 3748 1479 3817 quisquis
1513 3748 1656 3802 enim
1703 3758 1878 3802 estex
1908 3747 2040 3814 Deo,

469 3845 610 3897 videt
647 3844 864 3896 Deum.)
893 3840 980 3896 VI.
1008 3841 1170 3895 Deum
1202 3854 1253 3894 et
1273 3840 1326 3894 in
1345 3838 1643 3908 Scripturis
1667 3839 1847 3893 vocari
1873 3839 2040 3908 dropa-

465 3952 582 3998 τον,
620 3936 670 3989 id
709 3945 792 3990 est
840 3934 1235 3998 inuisibilem",
1271 3949 1372 3988 nec
1418 3933 1487 3988 ab
1518 3933 1624 3988 ulla
1652 3942 1897 3986 creatura
1930 3933 2042 3988 sive

469 4027 734 4095 angelica,
770 4026 884 4080 sive
929 4027 1162 4080 humana
1197 4025 1363 4080 videri
1409 4037 1567 4091 posse
1602 4021 1803 4090 pluries
1830 4021 1909 4074 ait
1943 4039 1956 4075 :
1986 4030 2043 4075 ut

471 4115 560 4169 lib.
597 4131 610 4169 ι
643 4115 717 4168 De
769 4114 915 4172 Trin.
951 4132 1070 4186 pag.
1115 4117 1206 4182 26,
1251 4115 1339 4168 lib.
1387 4130 1444 4179 ιι,
1483 4128 1603 4182 pag.
1659 4112 1778 4176 191,
1809 4122 1862 4168 et
1890 4113 2037 4170 alibi.

468 4205 593 4262 Ilaec
645 4217 822 4261 autem
852 4207 1115 4261 catholico
1145 4219 1306 4260 sensu
1341 4204 1408 4258 ab
1430 4218 1493 4258 eo
1527 4204 1653 4269 dici,
1705 4220 1828 4258 mox
1871 4220 2002 4274 appa
2024 4235 2038 4244 -

471 4299 626 4352 retit.
682 4296 790 4352 VII.
841 4296 1258 4350 Manichaeorum
1325 4293 1544 4362 impiam
1593 4293 1899 4364 opinionem
1955 4311 2040 4348 re-

467 4388 600 4442 l'cllit
651 4389 714 4443 ad
771 4397 926 4457 caput
976 4401 1029 4440 ιν
1072 4385 1323 4454 Epistolac
1372 4383 1394 4437 ι
1437 4384 1694 4451 Joannis,
1727 4387 1867 4453 quod
1909 4388 2041 4440 duos

465 4480 1001 4544 comminisccgntur
1065 4477 1228 4540 deos,
1288 4475 1514 4530 alterum
1572 4476 1780 4530 Veteris
1848 4475 2038 4531 Testa-

1911 431 1994 486 Di‘.
2016 431 2275 487 DIDYIIO

2083 550 2128 606 Α
2158 545 2244 599 nis
2283 563 2296 599 :
2325 544 2419 598 sed
2443 559 2507 598 ea
2535 545 2870 612 potissimum
2901 554 3018 613 qum
3057 543 3175 600 fuse
3222 559 3284 599 ac
3315 544 3737 614 locupletissime

3638 435 3738 491 £80

2161 637 2412 692 edisserit
2464 637 2530 689 ad
2579 644 2738 706 caput
2767 651 2820 690 tv
2855 636 3096 704 ejusdem
3160 636 3411 705 Epistulae
3456 653 3738 708 exponens

2167 728 2393 784 Joannis
2429 728 2590 783 verba
2625 747 2637 783 :
2679 727 2847 782 Deum
2900 745 3050 782 nemo
3097 729 3226 782 vidit
3271 745 3505 799 unquam
3522 731 3588 785 ⁸³.
3628 732 3739 802 Ego

2164 821 2309 876 enim
2340 820 2625 875 brevitatis
2657 835 2816 874 causa
2841 820 2956 873 haec
2983 834 3086 872 non
3110 818 3296 876 aﬂ'ero.

2227 913 2378 979 Quod
2421 927 2549 966 vero
2596 913 2660 966 ad
2711 911 2938 965 alterum
2985 911 3178 982 dogma
3227 913 3482 980 pertinet,
3527 917 3734 970 nullum

2160 1003 2422 1058 hactenus
2458 1003 2510 1056 in
2553 1002 2779 1072 Didymo
2808 1002 2985 1056 locum
3028 1017 3113 1056 me
3145 1004 3325 1072 legere
3369 1005 3615 1068 memini,
3646 1005 3735 1060 ubi

2165 1096 2452 1166 perspicue
2479 1095 2529 1149 id
2557 1093 2909 1148 conﬁrmetur
2935 1111 2947 1148 :
2976 1095 3077 1149 etsi
3105 1096 3248 1150 enim
3283 1108 3498 1152 creatas
3531 1099 3732 1154 Intelli-

2156 1186 2366 1254 gentias
2395 1201 2518 1240 cum
2541 1167 2831 1253 angelicas,
2863 1194 2973 1238 tum
3008 1186 3273 1242 humanas
3323 1188 3464 1243 haud
3504 1193 3740 1250 obscure

2156 1275 2430 1342 admittat,
2471 1291 2591 1346 quae
2623 1277 2800 1329 beata:
2825 1273 2936 1342 jam
2983 1278 3124 1342 sint,
3174 1279 3474 1350 quibusque
3507 1284 3734 1351 proinde

2166 1368 2470 1424 beatiﬁcam
2501 1369 2762 1422 visionem
2797 1369 2863 1423 ab
2885 1384 2949 1424 eo
2983 1371 3142 1424 tribui
3173 1373 3430 1429 credibile
3458 1377 3560 1440 sit;
3592 1378 3730 1432 haud

2160 1462 2273 1515 scio
2332 1469 2508 1515 tamen
2556 1476 2622 1513 an
2679 1463 2990 1517 beatitatem
3046 1465 3351 1532 hujusmodi
3405 1483 3461 1522 re
3514 1469 3625 1537 ipsa
3677 1473 3729 1525 iu

2160 1550 2406 1606 intuitiva
2438 1550 2527 1604 Dei
2552 1551 2779 1616 visione,
2813 1568 2915 1622 qua
2943 1552 3054 1620 jam
3090 1556 3360 1620 fruantur,
3408 1557 3565 1612 sitam
3611 1574 3731 1614 esse

2155 1642 2387 1702 dilucide
2403 1640 2630 1696 allirmet
2649 1643 2754 1696 ullo
2774 1645 2825 1696 in
2848 1644 2984 1698 loco.
3006 1645 3136 1702 Illud
3161 1656 3364 1702 tantum
3381 1650 3512 1712 scio.
3529 1651 3728 1704 nullum

2155 1732 2286 1787 mihi
2311 1732 2426 1801 ejus
2465 1749 2630 1803 opera
2672 1735 2870 1804 legenti
2919 1753 3086 1806 usque
3131 1739 3306 1794 adhuc
3364 1744 3726 1798 testimonium

2154 1825 2476 1888 occurrisse,
2493 1827 2634 1895 quod
2647 1827 2913 1883 catholico
2932 1830 3056 1883 huic
3077 1830 3307 1901 dogmati
3323 1835 3726 1889 adversaretur.

376 1938 381 1944 ’
474 1921 611 1974 futat
641 1916 994 1974 Enarratione
1041 1920 1096 1972 in
1142 1917 1240 1986 Ep.
1278 1935 1292 1972 t
1332 1918 1492 1972 Joan.
1528 1933 1647 1988 cap.
1700 1934 1779 1981 ιιι,
1816 1919 1954 1987 quod
1995 1933 2053 1972 se
2085 1914 2127 1968 B
2227 1913 2492 1981 Quocirca
2538 1917 2673 1971 nihil
2730 1919 2876 1972 aliud
2930 1931 3129 1986 restat,
3177 1923 3280 1978 nisi
3330 1935 3388 1978 ut
3437 1927 3728 1995 praecipua,

2155 2020 2270 2074 qua:
2301 2007 2350 2058 in
2381 2005 2608 2076 Didyme
2646 2010 2829 2062 notavi
2874 2009 2990 2065 loca
3035 2013 3100 2066 de
3142 2011 3408 2080 justornm
3435 2025 3576 2070 statu
3610 2025 3729 2086 post

2156 2103 2406 2160 mortem,
2447 2096 2634 2152 lectori
2679 2099 2981 2155 exhibeam.
3011 2099 3050 2154 I.
3102 2102 3268 2172 Igitur
3311 2105 3727 2162 Millenariorum

2151 2187 2458 2255 Opinionem
2501 2200 2682 2260 aperte
2716 2192 2919 2259 respuit
2945 2195 2996 2244 in
3037 2192 3237 2248 Enarr.
3274 2198 3342 2249 ad
3368 2213 3482 2263 cap.
3517 2214 3530 2251 ι
3565 2197 3664 2266 Ep.
3695 2197 3733 2253 Ι

2151 2275 2326 2332 Petri.
2353 2278 2412 2332 Si
2434 2296 2554 2350 ergo
2586 2281 2641 2336 in
2673 2284 2836 2349 cretis,
2864 2284 3052 2354 inquit,
3081 2285 3322 2353 ﬁdelibus
3349 2288 3458 2342 liwc
3488 2300 3730 2348 servatur

2151 2375 2453 2440 litereditas,
2485 2375 2675 2444 frivola
2712 2379 2953 2448 quaedam
2989 2390 3036 2434 et
3067 2382 3239 2448 tepida
3263 2382 3531 2450 proferunt
3563 2384 3728 2452 aliqui

2150 2475 2392 2533 putantes
2446 2484 2560 2520 eam
2623 2484 2677 2522 se
2728 2473 2992 2538 percipere
3046 2473 3101 2524 in
3156 2481 3363 2526 terrena
3411 2471 3724 2530 Jerusalem.

2152 2557 2303 2612 Mille
2345 2561 2501 2614 armis
2548 2563 2844 2616 existimant
2872 2579 2982 2616 esse
3011 2564 3320 2622 deliciarum
3359 2569 3576 2630 prtemia
3603 2584 3726 2635 pro-

2148 2651 2371 2718 prietate
2431 2664 2768 2721 recepturos,
2847 2666 2901 2710 et
2959 2656 3184 2726 reliqua.
3264 2656 3326 2714 II.
3381 2657 3574 2716 Omnes
3638 2661 3736 2729 qui

2149 2743 2436 2794 secundum
2467 2741 2729 2806 Christum
2751 2745 3029 2813 ﬁniuntur,
3066 2749 3118 2800 in
3142 2749 3367 2806 Abrahae
3390 2751 3564 2806 sinum
3600 2767 3724 2819 pro-

2149 2831 2314 2900 ﬁcisci
2355 2834 2430 2887 ait
2457 2835 2677 2902 ibidem,
2707 2845 2762 2890 et
2807 2837 2901 2892 lib.
2929 2853 2986 2894 ιιι
3036 2838 3115 2896 De
3149 2839 3403 2897 Trinitate
3436 2859 3553 2912 pag.
3597 2843 3723 2899 425.

2149 2922 2233 2978 Ill.
2275 2923 2461 2979 Sinum
2511 2927 3050 2996 hujusmodivocare
3096 2931 3311 2986 videtur
3358 2934 3525 2990 locum
3563 2936 3729 2989 (etne-

2158 3031 2305 3068 reum
2343 3017 2394 3070 in
2429 3016 2730 3088 fragmento
2755 3022 2894 3086 quod
2923 3023 3186 3090 exscripsi
3217 3039 3280 3078 ex
3306 3027 3493 3094 pagina
3523 3025 3592 3086 92
3619 3042 3727 3080 ms..

2149 3108 2356 3162 codicis
2423 3109 2492 3163 23
2570 3110 2744 3166 Graaei
2797 3113 3132 3170 bibliothecae
3180 3115 3390 3171 Veneta:
3445 3118 3501 3171 8.
3559 3118 3721 3172 Marci

2151 3197 2362 3253 titulum
2421 3199 2564 3258 hunc
2641 3217 2749 3269 pra:
2815 3219 2872 3259 se
2928 3204 3196 3262 ferentis:
3242 3208 3491 3276 Ἐκλογαὶ
3551 3211 3726 3280 ἑρμη-

2146 3289 2305 3344 νειῶν
2350 3290 2430 3356 εἰς
2469 3292 2568 3356 τὰς
2602 3293 2908 3368 Παροιμίας
2955 3298 3298 3368 Σολομῶντος
3341 3301 3408 3352 ἐκ
3453 3300 3732 3370 διαφόρων

2148 3381 2432 3453 Πατὲρων,
2482 3384 2533 3438 id
2567 3397 2670 3453 est,
2716 3385 2935 3442 Selecta:
2966 3390 3417 3458 interpretationes
3461 3393 3516 3444 in
3554 3390 3725 3448 Para-

2148 3474 2290 3529 bolas
2343 3475 2644 3534 Salomonis
2721 3496 2786 3534 ea:
2846 3481 3061 3536 diversis
3137 3482 3382 3536 Patribus
3446 3494 3720 3552 excerpta'.

2150 3564 2442 3635 Explicatis
2474 3570 2616 3624 enim
2653 3570 2722 3624 ibi
2765 3570 3023 3640 Didymus
3066 3570 3369 3628 Salomonis
3413 3573 3610 3638 locum,
3641 3574 3724 3628 ὅτι

2146 3658 2326 3721 εὐθεῖς
2346 3659 2827 3730 κατασκηνώσουσι
2861 3662 2985 3732 γῆν,
3024 3663 3073 3717 id
3101 3674 3205 3727 eat,
3229 3665 3349 3733 quia
3394 3667 3516 3720 recti
3560 3677 3725 3722 tento-

2147 3751 2224 3802 ria
2257 3750 2412 3819 ﬁgent
2458 3752 2510 3804 in
2553 3759 2714 3817 terra,
2749 3767 2870 3822 qua:
2918 3762 3132 3814 exstant
3171 3770 3313 3812 vers.
3343 3757 3406 3810 21
3453 3759 3646 3825 capitis
3683 3774 3722 3814 ιι

2145 3837 2598 3904 Proverbiorum,
2649 3851 2704 3897 et
2765 3843 2925 3900 verba
2986 3845 3280 3913 respiciens
3332 3847 3533 3902 Christi
3582 3851 3720 3915 apud

2145 3927 2455 3984 Ilattbaeum
2511 3931 2822 4000 inquientis,
2879 3935 3031 3992 Beati
3077 3940 3267 4001 mites,
3313 3941 3560 4007 quoniam
3624 3940 3720 4008 ipsi

2142 4020 2479 4088 possidebunt
2518 4030 2711 4074 terram
2760 4024 2827 4087 “,
2871 4025 2950 4078 sic
2996 4024 3232 4096 loquitur
3271 4042 3284 4078 :
3323 4027 3443 4080 Τῶν
3500 4029 3719 4100 «potius;

2143 4110 2306 4173 τόπος
2333 4110 2573 4183 αἰθέριος
2604 4112 2679 4166 ὢν
2699 4130 2712 4143 ⁸
2745 4113 2818 4178 ὡς
2849 4115 2984 4186 πρὸς
3007 4117 3098 4169 τὸν
3127 4119 3519 4190 ὑπερκείμενον
3558 4121 3719 4194 οὐραί-

2143 4202 2264 4255 νόν·
2319 4205 2389 4274 γῆ
2450 4202 2557 4258 τῶν
2595 4205 2883 4262 οἰκούντων
2933 4208 3097 4260 ἐστίν.
3142 4210 3229 4262 Ἐν
3277 4211 3410 4283 αὐτῇ
3440 4213 3617 4266 τοίνυν
3670 4215 3719 4266 oi

2144 4296 2338 4362 πραεῖς
2365 4296 2936 4366 κατασκηνώσουσιν·
2977 4300 3054 4360 εἰς
3101 4301 3261 4355 αὑτὸν
3306 4304 3720 4374 προσδεχόμενοι

2141 4386 2232 4439 τὸν
2263 4387 2488 4458 οὐρανὸν
2530 4389 2928 4460 ἐμφανισθῆναι
2981 4392 3058 4462 τῷ
3101 4392 3373 4465 προσώπῳ
3418 4396 3510 4448 τοῦ
3560 4395 3715 4450 Θεοῦ.

2143 4476 2324 4547 Μήπω
2354 4475 2462 4547 γὰρ
2494 4477 2601 4528 τῶν
2637 4477 2978 4547 ἐπαγγελιῶν
3013 4482 3266 4552 τυχόντες
3312 4485 3410 4536 οὐκ
3443 4483 3681 4536 οἰκοῦσιν
3701 4500 3715 4514 ο

466 4573 632 4658 tuenti
688 4568 976 4634 visibilem,
1026 4567 1252 4621 alterum
1321 4567 1451 4621 Novi
1525 4569 1856 4622 'I‘estamcnti
1903 4570 2033 4622 invi-

2148 4565 2278 4618 ἀλλὰ
2318 4568 2786 4638 κατασκηνοῦσιν·
2839 4569 2891 4624 id
2937 4581 3041 4634 est,
3083 4572 3290 4628 Milium
3321 4574 3466 4628 locus
3505 4591 3620 4628 cum
3651 4578 3719 4630 sit

466 4641 697 4716 sibilem.
733 4660 861 4715 VIII.
911 4658 1128 4728 Angelis
1181 4659 1372 4712 Filium
1425 4670 1548 4714 ante
1603 4657 2035 4716 Incarnatioaem

467 4753 633 4808 fuisse
677 4753 1020 4813 invisibilem,
1049 4766 1201 4820 mque
1243 4767 1306 4805 ac
1333 4752 1582 4816 Patrem;
1617 4762 1737 4822 post
1781 4753 2036 4809 Incarna-

469 4844 668 4897 tionem
704 4857 830 4895 vero
889 4842 956 4896 ab
1017 4843 1145 4910 ipsis
1194 4841 1364 4897 visum
1406 4858 1527 4898 csse
1586 4844 1742 4899 docet
1789 4844 1875 4900 lib.
1913 4861 1928 4899 ι
1962 4844 2038 4898 De

468 4929 616 4984 Trin.
646 4945 766 4999 pag.
809 4929 897 4992 84,
932 4945 995 4984 ex
1027 4929 1172 4984 Pauli
1198 4930 1423 4997 apostoli
1455 4931 1781 4984 testimonio.
1812 4929 1941 4997 Quzc
1965 4932 2036 4984 ita

467 5021 781 5090 accipienda
815 5021 1084 5086 existimo,
1119 5031 1174 5075 ut
1204 5022 1402 5076 vidisse
1451 5022 1702 5074 dicantur
1741 5037 1769 5074 a
1809 5021 2034 5092 Didymo

465 5115 636 5187 angeli
672 5115 866 5170 Filium
918 5115 1253 5169 incarnatutn
1297 5123 1390 5168 aut
1419 5115 1694 5182 corporeis
1715 5113 1904 5179 oculis,
1942 5125 2034 5170 aut

465 5223 530 5261 eo
561 5209 720 5261 modo
744 5222 902 5275 quem
940 5207 991 5258 in
1016 5208 1177 5260 citata
1211 5205 1275 5258 ad
1322 5204 1632 5258 Arehintum
1681 5206 1903 5273 epistola
1935 5222 2031 5261 ex-

467 5298 678 5365 plicavi.
705 5297 794 5351 IX.
821 5296 1155 5351 Catholicum
1183 5297 1369 5365 dogma
1403 5307 1508 5346 tam
1544 5293 1688 5348 clare
1714 5296 1871 5354 tradit
1900 5295 2033 5348 mul-

466 5390 532 5443 IIS
573 5389 625 5443 in
669 5389 822 5452 locis,
849 5390 1011 5442 Deum
1042 5402 1070 5440 a
1101 5387 1268 5442 beatis
1301 5387 1567 5440 tuentibus
1617 5386 1779 5438 videri
1814 5389 2032 5452 docens,

466 5488 525 5531 ιιι
555 5478 732 5533 nullus
777 5478 905 5533 mihi
947 5491 1231 5546 superesse
1280 5476 1524 5530 videatur
1555 5472 1830 5526 dubitandi
1867 5474 2031 5528 locus.

459 5569 630 5640 Lege,
689 5585 890 5638 quaeso,
933 5583 1053 5638 qua:
1101 5568 1152 5621 in
1203 5567 1343 5624 hanc
1379 5583 1489 5619 rem
1537 5566 1695 5620 habet
1753 5565 1843 5620 lib.
1889 5582 1922 5619 ιι
1962 5567 2033 5621 De

463 5657 612 5712 Trin.
642 5673 762 5727 pag.
795 5657 887 5712 171
929 5669 984 5712 et
1027 5656 1225 5720 ‘2l6,et
1249 5659 1314 5711 ad
1349 5667 1509 5726 caput
1556 5671 1614 5708 ιιι
1677 5655 1770 5725 Ep.
1823 5654 2032 5712 lloau-

2147 4659 2422 4722 a’tlterens,
2460 4672 2688 4727 respectu
2728 4663 3009 4729 superioris
3043 4664 3189 4728 caeli,
3233 4674 3370 4720 terra
3398 4676 3471 4720 est
3506 4666 3719 4728 illorum

2144 4749 2234 4817 qui
2263 4748 2335 4801 ibi
2365 4751 2622 4803 habitant.
2679 4749 2746 4804 in
2777 4753 2889 4820 ipsa
2921 4770 3041 4823 ergo
3077 4758 3228 4810 mites
3275 4759 3494 4810 tentoria
3536 4758 3718 4827 ﬁgent,
3795 4816 3802 4823 .

2143 4851 2495 4908 exspectantes
2520 4844 2642 4897 dum
2672 4843 2727 4895 in
2754 4843 2877 4900 calo
2918 4844 3028 4912 ipso
3069 4856 3350 4914 appareant
3377 4861 3496 4900 ante
3530 4847 3718 4916 faciem

2144 4931 2239 4984 Dei
2267 4947 2284 4983 :
2311 4948 2426 4986 cum
2469 4933 2606 4988 enim
2654 4936 2870 4990 necdum
2913 4936 3088 5004 adepti
3124 4938 3226 4990 sint
3273 4941 3715 5006 repromissiones,

2143 5024 2197 5074 in
2221 5041 2281 5076 ea
2311 5040 2412 5076 non
2446 5027 2704 5089 habitant,
2731 5027 2822 5080 sed
2853 5029 3075 5086 tentoria
3111 5029 3321 5084 habent.
3369 5030 3457 5084 IV.
3507 5030 3716 5088 Eiectos

2140 5116 2360 5170 salutent
2400 5118 2661 5186 primum,
2710 5118 2894 5172 deinde
2940 5135 3186 5176 coronant
3235 5122 3416 5190 gloriae
3473 5126 3717 5193 consequi

2142 5209 2298 5263 docet
2333 5210 2383 5263 in
2414 5210 2549 5264 libro
2597 5209 2669 5264 De
2700 5210 2902 5277 Spiritu
2949 5221 3130 5265 sancto
3167 5229 3315 5270 num.
3371 5215 3424 5272 8.
3497 5215 3558 5269 γ.
3590 5215 3714 5281 Eos,

2143 5299 2233 5368 qui
2269 5301 2379 5370 jam
2411 5317 2550 5356 mine
2589 5303 2730 5356 beati
2765 5302 2892 5365 siut,
2926 5303 3158 5356 admittit
3194 5305 3245 5358 in
3277 5304 3716 5366 Euarrationilms

2140 5393 2208 5446 ad
2239 5403 2390 5458 caput
2448 5408 2483 5456 ι,
2543 5408 2674 5446 vers.
2720 5393 2806 5456 12,
2845 5392 3013 5459 Epist.
3071 5393 3097 5447 1
3139 5395 3304 5463 Petri,
3356 5401 3481 5454 dum
3537 5400 3603 5453 ad
3654 5416 3718 5454 ea

2143 5485 2326 5552 verba,
2362 5483 2426 5536 In
2461 5501 2575 5554 qua:
2617 5486 2986 5554 concupiscunt
3023 5489 3194 5557 angeli
3225 5491 3514 5558 prospicere
3537 5529 3551 5552 ,
3603 5489 3716 5544 lucc

2141 5572 2520 5628 sel'ibitzNon
2578 5575 2641 5630 ab
2696 5591 2750 5628 re
2800 5586 2872 5629 est
2930 5578 3087 5630 etiam
3142 5578 3366 5647 intelligi
3411 5578 3475 5630 de
3517 5575 3714 5630 sanctis

2140 5664 2372 5732 angelis,
2437 5674 2486 5717 et
2550 5667 2854 5735 simpliciter
2905 5670 3103 5722 cunctis
3155 5663 3491 5740 [XXXVIII]
3549 5667 3714 5724 beatis

535 5869 580 5898 ’°
605 5866 791 5923 Matth.
821 5881 870 5934 ν,
897 5867 948 5922 8.
1027 5868 1068 5897 ¹¹
1105 5854 1257 5921 Joau.
1294 5883 1404 5936 XIV,
1440 5868 1488 5923 9.
1570 5871 1610 5898 ²²
1649 5867 1662 5920 l
1702 5867 1836 5923 'l'im.
1872 5886 1905 5930 ι,
1943 5871 2020 5924 17.

2175 5868 2326 5925 Joau.
2359 5887 2395 5936 ι,
2437 5871 2516 5925 18.
2595 5872 2636 5904 ³³
2671 5871 2857 5928 Matth.
2901 5889 2951 5938 ν,
2992 5874 3042 5928 6.
