4108 6428
298 383 392 438 {Si

1468 382 2037 443 COMMENTARIUS.
2080 414 2144 429 —-
2184 388 2315 445 LIB.
2360 388 2424 444 ll.
2468 336 2471 337 ν

3456 387 3559 443 182

298 497 642 553 rationalibus
661 496 757 549 Itoc
780 496 999 561 dictant,
1024 511 1332 552 cumontnes
1355 502 1639 570 appetitum
1660 501 1880 559 habeam
1910 507 1959 565 Α
1987 519 2071 559 me
2101 504 2233 559 fallit
2257 521 2407 559 amor
2434 520 2537 557 non
2568 504 2802 568 Didvmi,
2829 503 2922 558 sed
2955 503 3216 559 veritatis.
3248 501 3378 568 Quis
3413 505 3554 557 enim

294 588 585 658 prospicere
606 603 667 641 ea
698 602 816 657 qua:
845 588 898 640 in
930 586 1036 655 ﬁne
1064 588 1247 641 sreculi
1275 599 1394 645 sunt
1418 596 1640 659 agenda.
1665 592 1754 647 Vl.
1781 592 1883 647 Eos

294 681 380 752 qui
416 680 512 736 Dei
547 679 757 734 visione
776 679 886 750 jam
924 679 1194 745 fruantur,
1228 695 1429 749 ponere
1458 682 1670 739 videtur
1694 685 1747 739 in
1775 684 1882 739 alio

293 776 637 847 fragmento,
688 774 830 844 quod
887 773 1151 842 exscripsi
1192 790 1258 839 ex
1311 774 1501 845 pagina
1558 775 1627 831 99
1680 774 1882 830 codicis

294 882 463 936 nuper
490 867 801 930 memorati,
834 865 923 920 ubi
956 865 1210 935 explanat
1243 865 1356 925 haec
1399 867 1561 921 verba
1595 884 1609 919 :
1639 865 1881 937 Χρηστοὶ

288 958 503 1011 ἔσονται
534 958 817 1029 οἰκήτορες
841 956 966 1027 γῆς,
999 957 1196 1011 ἄκακοι
1220 957 1277 1010 δὲ
1298 956 1783 1029 ὑποληφθήσονται
1817 960 1879 1013 ὲν

287 1051 445 1122 αὐτῇ,
480 1049 538 1104 id
565 1057 669 1115 est,
708 1048 847 1102 Boni
884 1056 1038 1101 erunt
1069 1047 1387 1101 habitatores
1427 1059 1614 1117 terrte;
1660 1049 1880 1103 malitia:

286 1158 399 1197 vero
422 1151 665 1211 expertes
695 1140 1055 1207 relinquentur
1083 1143 1137 1191 in
1191 1156 1251 1193 ea
1281 1155 1303 1192 .'
1323 1153 1443 1209 quae
1485 1140 1646 1193 verba
1684 1139 1737 1193 in
1773 1137 1879 1192 La-

286 1235 411 1289 tinis
452 1234 652 1288 Bibliis
686 1247 788 1299 non
814 1232 1085 1303 leguntur,
1118 1231 1215 1311 sed
1242 1231 1294 1285 in
1327 1232 1515 1285 Grteca
1548 1230 1881 1286 Francofur-

285 1324 419 1378 tensi
475 1323 724 1387 editione
771 1332 988 1377 essunt
1030 1338 1149 1389 cap.
1198 1336 1236 1375 ιι
1279 1322 1540 1377 Proverb.
1596 1338 1735 1377 vers.
1785 1322 1875 1378 ΞΟ.

285 1414 406 1469 Ihee
447 1429 591 1488 ergo
624 1412 692 1466 ibi
726 1415 883 1469 habet
920 1415 1177 1485 Didymus
1211 1429 1223 1465 :
1253 1414 1351 1467 Διὰ
1392 1413 1483 1467 τοῦ
1521 1413 1755 1486 χρηστοῦ
1786 1415 1879 1469 καὶ

284 1505 500 1558 ἀκάκου
566 1504 818 1575 δηλοῦται
864 1506 892 1558 ὁ
935 1504 1073 1575 ἔχων
1125 1505 1435 1577 πρακτικὴν
1490 1508 1726 1579 ἀρετήν·
1783 1505 1878 1559 τοῦ

284 1596 631 1670 θεωρητικοῦ
682 1598 1087 1670 παρισταμένου
1149 1598 1267 1670 βίου
1319 1599 1388 1652 δι’
1432 1598 1725 1672 εὐθύτητος
1785 1597 1878 1652 καὶ

284 1688 589 1754 ὁσιότητος.
626 1689 701 1741 Οὐ
744 1688 920 1760 μάτην
946 1689 1003 1742 δὲ
1030 1691 1159 1761 περὶ
1195 1688 1305 1743 τῶν
1330 1690 1587 1744 τοιούτων
1632 1690 1694 1743 τὺ
1740 1690 1878 1743 ὑπο-

1985 597 2050 650 de
2093 597 2286 653 timore
2320 597 2505 654 servili
2557 610 2838 667 perperam
2892 597 3128 657 sensisse
3175 596 3554 657 dixerit‘emn,

1984 688 2076 757 qui
2109 697 2165 743 et
2188 689 2494 758 bujusmodi
2546 687 2791 742 timorem
2822 687 3005 741 utilem
3042 703 3163 743 esse
3195 689 3472 759 agnoscit,
3505 700 3555 741 ct

1981 795 2105 835 eum
2154 780 2517 844 commendat,
2568 795 2631 834 ac
2671 781 2837 836 veluli
2882 781 3225 851 paedagogum
3254 821 3268 844 ,
3329 796 3435 851 quo
3491 780 3556 834 ad

1982 871 2302 926 charitatem
2354 871 2636 935 ducamur,
2685 872 2856 940 ipsum
2910 870 3113 925 habet?
3145 873 3239 940 qui
3291 883 3550 941 praeterea

1981 958 2129 1015 illum
2161 961 2422 1017 duntaxat
2450 976 2645 1031 ptume,
2687 971 2740 1016 et
2769 961 2985 1031 quidem
3016 962 3327 1029 temporalis
3354 1002 3369 1024 ,
3408 962 3561 1014 timo-

1982 1066 2118 1115 rem,
2161 1066 2268 1121 quo
2293 1053 2416 1121 quis
2457 1054 2525 1107 ab
2551 1051 2727 1108 ollicio
2759 1054 3117 1117 deterrentur,
3152 1053 3429 1121 explodit?
3469 1053 3557 1120 qui

1980 1142 2195 1197 demum
2224 1144 2542 1199 charitatem
2590 1145 2785 1199 timore
2819 1144 3000 1198 servili
3035 1143 3411 1213 perfectiorcm
3433 1183 3448 1209 ,
3495 1158 3558 1196 ac

1980 1232 2407 1301 prtestantiorem
2466 1232 2648 1305 ducit?
2693 1233 2772 1288 Ad
2808 1232 2920 1287 lucc
2953 1243 3131 1288 tamen
3176 1232 3356 1301 capita
3411 1230 3557 1285 redi-

1980 1332 2198 1391 guntur,
2256 1323 2306 1376 ni
2369 1323 2548 1388 fallor,
2604 1337 2941 1393 quaecunque
2996 1324 3062 1378 de
3120 1323 3298 1378 servili
3367 1323 3560 1375 timore

1981 1416 2161 1469 docuit
2212 1414 2488 1486 Didymus,
2546 1427 2639 1473 aut
2693 1428 2839 1473 certe
2886 1434 3008 1489 qum
3055 1417 3168 1486 ipse
3218 1415 3270 1470 iu
3336 1413 3562 1485 Didyme

1980 1504 2243 1560 hactenus
2267 1506 2563 1563 observavi.

2050 1594 2187 1651 Nam
2240 1597 2416 1665 primo
2456 1596 2573 1664 ejus
2622 1598 2831 1653 timoris
2862 1598 3147 1652 utilitatem
3208 1594 3451 1665 agnoscit
3508 1593 3569 1648 in.

1981 1689 2118 1744 libro
2143 1690 2406 1749 Adversus
2434 1689 2758 1745 Manicha’os
2792 1705 2910 1758 cap.
2955 1690 3044 1755 17,
3092 1689 3177 1743 ubi
3214 1689 3329 1742 haec
3357 1687 3516 1740 habet
3545 1707 3557 1739 :

283 1776 666 1850 ληφθήσεσθαι
700 1779 897 1844 αὐτοὺς
934 1783 991 1834 ἐν
1028 1784 1095 1853 τῇ
1124 1780 1246 1852 θείᾳ
1280 1783 1349 1852 γῇ
1400 1783 1648 1853 εἴρηται·
1681 1782 1741 1834 οὐ
1767 1780 1877 1854 γὰρ

1989 1780 2148 1846 Quem
2179 1782 2319 1837 enim
2347 1798 2589 1847 peccasse
2620 1782 2855 1850 paenitet,
2882 1780 2996 1833 ideo
3031 1780 3272 1844 poenitet,
3307 1786 3359 1829 ut
3388 1776 3449 1830 ab
3481 1778 3563 1830 ira

288 1870 713 1943 μετῳκίσθησαν
738 1874 841 1927 ἀπ’
864 1874 1034 1945 αὐτῆς
1062 1852 1111 1927 οἱ
1137 1876 1516 1946 περιεχόμενοι
1538 1874 1643 1929 τῶν
1667 1852 1876 1944 λεχθειο

1989 1871 2034 1922 in
2066 1881 2335 1939 peccantes
2383 1872 2566 1941 futura
2602 1872 2799 1943 fugiat,
2852 1887 2954 1925 non
3008 1869 3234 1936 amplius
3279 1870 3555 1938 peccando.

286 1961 394 2015 σῶν
427 1962 667 2035 ἀρετῶν.
727 1963 924 2034 Ἡμῶν
965 1965 1094 2035 γὰρ,
1141 1967 1295 2037 φησὶ,
1331 1966 1395 2018 τὸ
1431 1967 1761 2036 πολίτευμα
1809 1968 1883 2021 ἐν

284 2056 572 2122 οὐρανοῖς
603 2055 880 2124 ὑπάρχει.
922 2057 1062 2126 Περὶ
1106 2056 1207 2126 τῆς
1246 2056 1543 2127 εἰρημένης
1573 2058 1676 2128 γῆς
1716 2058 1811 2110 καὶ
1853 2059 1882 2110 ὁ

283 2144 601 2217 Ψαλμῳδὸς
657 2146 835 2215 ἔλεγεο
907 2146 1180 2199 Πιστεύω
1230 2146 1338 2201 τοῦ
1391 2146 1538 2201 ἰδεῖν
1572 2147 1643 2201 τὰ
1692 2148 1883 2219 ἀγαθὰ

282 2234 517 2302 Κυρίου
544 2235 716 2305 ἐνγῇ
741 2234 992 2301 ζώντων,
1030 2236 1081 2289 id
1113 2243 1216 2300 est,
1253 2235 1353 2290 Per
1393 2238 1582 2293 bonum
1634 2248 1686 2292 et
1731 2240 1884 2292 mali-

280 2326 373 2380 tia,
413 2335 685 2395 expertem
731 2328 1019 2381 denotatur
1055 2327 1100 2381 is
1135 2327 1224 2396 qui
1269 2329 1564 2395 practicam
1627 2328 1878 2385 virtutem

280 2416 500 2480 habet;
525 2431 620 2485 per
653 2418 1015 2471 rectitudiuem
1057 2432 1187 2473 vero
1229 2426 1282 2472 et
1311 2420 1642 2481 sanctitatem
1668 2421 1880 2491 signifi-

275 2516 459 2561 catur
509 2505 612 2559 vita
663 2508 1101 2576 contemplativa.
1160 2507 1276 2563 Non
1334 2508 1536 2564 l‘ruSIra
1586 2521 1767 2569 autem
1815 2512 1883 2568 de

279 2597 607 2666 bujusmodi
637 2599 945 2652 hominibus
975 2598 1176 2653 dictum
1205 2606 1309 2665 est,
1337 2598 1449 2668 fore
1492 2610 1548 2657 ut
1578 2601 1883 2672 relinquan-

281 2688 459 2741 turin
496 2688 669 2742 divina
708 2699 882 2752 terra;
936 2705 1036 2749 nec
1081 2690 1227 2745 enim
1284 2690 1527 2747 translati
1572 2702 1696 2755 sunt
1723 2709 1787 2748 ex
1819 2709 1883 2753 ea

291 2777 551 2831 homines
602 2780 913 2834 memoratis
976 2781 1269 2835 virtutibus
1320 2782 1677 2836 adhaerentes.
1747 2782 1880 2838 Nam

289 2864 497 2921 Paulus
537 2867 610 2921 ait
644 2890 655 2922 :
686 2867 1029 2923 Conversatio
1068 2878 1248 2922 nostra
1287 2869 1341 2922 in
1379 2870 1523 2925 cmlis
1564 2880 1639 2924 est
1678 2872 1744 2925 ”.
1812 2874 1885 2927 De

292 2958 555 3024 praedicta
598 2967 742 3013 terra
787 2959 996 3015 Psaltes
1034 2976 1252 3030 quoque
1288 2962 1424 3014 dixit
1458 2978 1472 3014 :
1515 2962 1683 3016 Credo
1717 2964 1887 3018 videre

293 3046 433 3100 bona
467 3046 682 3102 Domini
730 3050 784 3103 in
826 3059 965 3104 terra
994 3052 1275 3105 viventium
1319 3051 1385 3104 ".
1452 3042 1558 3105 Vll.
1603 3052 1886 3108 Beatorum

295 3135 661 3190 Irazreditatem
689 3137 743 3191 in
765 3140 1029 3207 inﬁnitum
1049 3156 1446 3209 permansurum
1493 3143 1567 3196 ait
1597 3141 1666 3196 ad
1723 3158 1840 3214 cap.
1867 3128 1885 3199 ι

299 3226 397 3295 Ep.
446 3227 464 3281 I
496 3227 663 3283 Petri.
715 3230 953 3301 Denique
998 3248 1093 3287 nos
1131 3248 1252 3288 cum
1289 3233 1506 3289 Christo
1541 3244 1665 3303 post
1704 3252 1884 3291 resur-

299 3319 601 3372 rectionem
628 3332 945 3390 regnaturos
972 3339 1091 3379 esse
1131 3325 1288 3379 docet
1326 3324 1422 3380 lib.
1462 3341 1476 3380 ι
1508 3326 1582 3380 De
1629 3325 1888 3384 Triuitate

302 3422 424 3479 pag.
460 3410 550 3480 95,
578 3420 634 3466 et
668 3412 761 3466 lib.
795 3429 832 3467 ιι
873 3429 995 3485 pag.
1022 3415 1145 3469 258.

377 3500 455 3555 Et
493 3502 576 3556 his
601 3518 767 3571 porro
788 3506 1039 3561 omnibus
1064 3508 1223 3562 simul
1255 3507 1502 3565 collectis
1541 3516 1703 3581 atque
1729 3509 1895 3564 colla-

312 3589 384 3642 tis
407 3589 540 3646 locis
569 3592 773 3646 inferre
804 3608 961 3663 posse
990 3596 1254 3665 videmur,
1299 3599 1438 3652 hanc
1485 3596 1650 3652 fuisse
1682 3598 1890 3670 Didymi

315 3677 384 3731 de
418 3683 700 3747 proborum
729 3694 870 3738 statu
900 3696 1023 3756 post
1053 3689 1259 3743 obitum
1306 3689 1649 3744 sententiam.
1693 3689 1891 3744 Eorum

315 3769 530 3825 scilicet
575 3774 802 3841 animas,
856 3778 959 3831 nisi
993 3779 1315 3850 purgatione
1349 3774 1643 3852 indigeant,
1692 3782 1746 3835 in
1785 3795 1895 3835 cte-

316 3860 440 3915 lesti
468 3867 721 3933 quodam,
750 3870 862 3924 sive
889 3872 1126 3925 acthereo
1155 3871 1276 3925 loco
1303 3871 1566 3941 detineri,
1601 3874 1780 3944 ibique
1805 3881 1896 3927 aut

318 3950 409 4006 Dei
448 3954 651 4011 visione
683 3956 811 4024 frui,
866 3970 958 4015 aut
1001 3971 1149 4016 certe
1182 3962 1441 4017 beatitate
1483 3964 1664 4033 aliqua
1711 3965 1895 4018 beatas

316 4056 437 4099 esse
468 4064 482 4100 :
511 4048 727 4103 easdem
775 4064 905 4105 vero
951 4053 1065 4107 sive
1106 4062 1232 4107 ante
1270 4056 1747 4120 resurrectionem,
1782 4055 1896 4109 sive

318 4137 494 4201 potius
538 4147 661 4208 post
726 4140 872 4194 illam
922 4142 975 4196 in
1021 4132 1272 4212 superius
1325 4145 1521 4198 cmlum
1577 4159 1897 4200 ascensuras

321 4242 474 4285 esse:
508 4242 795 4302 postquam
839 4240 1018 4288 autem
1072 4235 1201 4304 ipsa:
1242 4237 1562 4304 corporibus
1610 4236 1663 4289 iu
1718 4250 1899 4289 resur-

325 4319 559 4375 rectione
625 4337 814 4376 rursus
879 4321 1179 4393 conjuncta:
1233 4322 1457 4390 fuerint,
1513 4325 1627 4381 fore
1689 4336 1746 4379 ut
1801 4342 1898 4381 nos

324 4422 529 4477 omnes,
595 4412 765 4468 Electi
822 4429 1035 4485 nempe,
1089 4430 1212 4469 cum
1255 4415 1471 4472 Christo
1528 4417 1580 4471 in
1639 4427 1896 4474 aeternum

324 4514 627 4573 regnemus,
653 4521 718 4560 ac
753 4507 1002 4562 beatiﬂca
1045 4508 1135 4563 Dei
1165 4508 1368 4562 visione
1394 4510 1756 4577 perfruamur.

672 4596 803 4655 Car.
854 4599 1106 4655 lll.—De
1138 4602 1324 4654 timore
1345 4589 1541 4656 seruili.

394 4689 467 4746 De
516 4691 713 4746 timore
746 4691 926 4745 servili
984 4707 1087 4745 non
1138 4702 1284 4746 recte
1335 4695 1569 4748 sensisse
1619 4694 1771 4749 visus
1816 4703 1901 4749 est

332 4777 587 4853 Didymus
636 4785 843 4839 auctori
899 4784 1230 4847 notularum,
1283 4800 1402 4852 qua:
1457 4784 1900 4842 Enarrationibus

328 4877 584 4944 appositae
614 4877 865 4946 leguntur
920 4878 970 4930 in
1015 4877 1259 4947 margine
1296 4876 1573 4942 Parisinte,
1611 4894 1716 4948 qua
1758 4888 1900 4941 utor,

329 4966 577 5022 editionis
612 4967 950 5023 Bibliotheca:
986 4965 1208 5021 Patrum
1244 4984 1387 5022 anno
1434 4968 1571 5023 1644
1618 4970 1899 5041 evulgatre.

332 5057 405 5111 Ad
440 5067 603 5129 caput
631 5060 773 5113 enim
809 5074 848 5113 tt
875 5058 1123 5131 Epistolas
1150 5058 1168 5111 1
1201 5058 1342 5113 Petri
1370 5076 1489 5130 pag.
1511 5061 1576 5114 57
1602 5061 1714 5116 haec
1737 5062 1904 5115 adno-

336 5152 457 5204 t.vit
499 5168 515 5205 :
549 5151 714 5206 Caute
761 5152 869 5222 lege
899 5168 918 5207 :
954 5167 1077 5204 nam
1112 5150 1317 5206 videtur
1364 5153 1617 5208 damnare
1666 5155 1902 5208 timorem

334 5255 513 5307 ptenat,
561 5261 653 5297 seu
686 5246 944 5309 servilem,
984 5256 1232 5313 tanquam
1289 5244 1751 5308 irrationabilem;
1789 5261 1905 5299 cum

337 5339 503 5388 tamen
527 5351 591 5388 ea:
613 5353 667 5389 se
700 5339 888 5403 bonus,
920 5350 966 5390 et
1000 5339 1148 5393 utilis
1171 5339 1263 5400 sit,
1297 5354 1355 5392 eo
1378 5337 1531 5391 ntodo
1555 5352 1656 5405 quo
1679 5333 1736 5390 S.
1767 5334 1907 5389 Tho-

338 5437 441 5480 mas
506 5429 721 5495 exponit
769 5427 893 5494 2-2,
932 5445 989 5498 q.
1036 5427 1121 5493 19,
1168 5435 1272 5481 art.
1326 5427 1379 5481 4.
1444 5425 1568 5479 Vide
1633 5426 1911 5479 concilium

342 5510 484 5572 Trid.
509 5535 642 5573 sess.
669 5535 745 5583 vt,
772 5538 819 5575 c.
850 5520 882 5575 6
910 5532 955 5576 et
981 5538 1177 5576 canone
1206 5521 1259 5576 8.
1290 5518 1364 5573 Ita
1392 5518 1674 5588 Didymum
1696 5526 1916 5573 accusat

345 5610 644 5665 uotnlarum
677 5622 890 5668 auctor.
932 5612 1037 5667 Sed
1073 5611 1229 5681 plane
1262 5610 1561 5674 immerito,
1614 5609 1714 5664 nisi
1766 5623 1914 5664 meus

408 5807 453 5841 ³⁵
478 5807 706 5879 Philipp.
743 5824 826 5877 ιιι,
857 5807 944 5862 20.
1018 5808 1062 5840 "
1099 5806 1238 5864 Psal.
1270 5822 1416 5875 xxvr,
1448 5807 1528 5863 15.

1985 1960 2244 2015 Eumdem
2299 1964 2641 2017 commendat
2700 1962 2751 2016 in
2814 1962 2901 2015 illa
2964 1960 3354 2022 Euarratione,
3403 1972 3562 2025 quam

1984 2052 2156 2119 carpit
2197 2061 2529 2107 memoratus
2570 2054 2875 2107 notularum
2926 2063 3134 2107 auctor.
3174 2050 3305 2104 Nam
3344 2051 3410 2101 ad
3441 2063 3563 2115 cap.

1983 2142 2036 2206 4,
2072 2156 2190 2212 pag.
2219 2141 2306 2206 66,
2332 2157 2606 2211 exponens
2638 2144 2752 2198 haec
2771 2144 2930 2199 verba
2963 2159 2978 2197 :
3012 2141 3071 2195 Si
3099 2154 3270 2195 autem
3302 2140 3509 2193 initium
3532 2156 3563 2191 a

1984 2238 2152 2301 nobis,
2201 2237 2313 2305 quis
2340 2235 2463 2304 ﬁnis
2496 2251 2697 2302 eorum,
2727 2237 2816 2305 qui
2860 2251 2960 2289 non
2989 2233 3209 2289 credunt
3255 2232 3347 2286 Dei
3394 2231 3567 2285 Evan-

1981 2328 2114 2397 gelio
2149 2327 2235 2381 ’7?
2279 2326 2371 2381 Sic
2417 2326 2653 2395 loquitur
2685 2344 2698 2380 :
2736 2324 2841 2383 Per
2895 2327 3014 2390 hoc,
3071 2333 3372 2385 certamen,
3425 2322 3566 2376 mul-

1982 2430 2194 2490 tumque
2237 2419 2473 2490 timorem
2523 2416 2764 2485 ﬁdelibus
2821 2418 3023 2486 infert,
3092 2425 3349 2485 quatenus
3413 2423 3566 2468 caute

1982 2488 2178 2564 discent
2196 2488 2456 2578 jtidicem,
2487 2509 2558 2563 ad
2590 2522 2739 2577 quem
2778 2506 2965 2563 habere
2991 2515 3228 2574 poterunt
3253 2505 3364 2558 sine
3404 2502 3562 2555 dubio

1984 2602 2260 2654 rationem.
2295 2597 2406 2654 Hos
2446 2615 2568 2669 ergo
2597 2600 2854 2663 excitans,
2896 2600 2964 2655 ad
3010 2598 3247 2653 timorem
3288 2597 3399 2663 ejus
3432 2595 3565 2648 inri-

1985 2701 2081 2756 tat,
2108 2690 2307 2755 dicens,
2347 2705 2450 2743 non
2486 2688 2752 2743 credentes
2789 2687 2978 2741 diuina
3008 2686 3261 2739 doctrinm
3294 2683 3567 2736 inevitabi-

1985 2781 2084 2838 lem
2128 2793 2174 2836 et
2209 2780 2639 2835 indeclinabilem
2659 2787 2988 2845 suscepturus
3023 2778 3217 2831 scilicet
3262 2774 3511 2829 ultionem
3542 2788 3559 2826 :

1986 2890 2140 2948 quam
2179 2874 2338 2929 linem
2369 2889 2551 2928 eorum
2582 2872 2896 2926 nominavit.
2954 2870 3225 2923 Timorem
3272 2862 3566 2939 [XXXlX]

1986 2982 2114 3021 vero
2151 2967 2293 3021 hunc
2323 2966 2476 3035 quasi
2513 2964 2869 3033 pzedagogum
2901 2960 3211 3030 quemdam.
3239 2974 3346 3028 quo
3374 2957 3439 3011 ad
3471 2957 3561 3011 Dei

1989 3072 2227 3112 amorem
2286 3057 2569 3119 ducamur,
2625 3052 2884 3108 describit
2934 3052 2984 3105 in
3045 3051 3370 3120 fragmento,
3429 3050 3569 3116 quod

1989 3150 2115 3205 olim
2150 3148 2410 3219 exscripsi
2481 3162 2547 3202 ex
2580 3161 2712 3215 pag.
2752 3144 2824 3200 92
2875 3142 3203 3197 membranei
3255 3140 3458 3195 codicis
3499 3139 3574 3194 25

1986 3243 2322 3300 bibliotheca:
2351 3239 2567 3297 Veneta:
2598 3237 2657 3292 S.
2691 3236 2854 3291 Marci
2898 3233 3056 3306 paulo
3077 3243 3203 3288 ante
3240 3246 3572 3287 commemo-

1989 3336 2117 3390 rati.
2140 3334 2347 3389 Etenim
2385 3330 2691 3387 Salomonis
2720 3328 2904 3393 verba,
2937 3324 3104 3398 φοϐοῦ
3127 3326 3184 3378 δὲ
3208 3324 3301 3378 τὸν
3339 3323 3571 3396 Κύριον,

1992 3426 2180 3490 idest,
2213 3425 2337 3477 time
2366 3432 2541 3477 autem
2570 3423 2878 3486 Dominum,
2915 3438 3034 3491 qua:
3074 3430 3287 3475 exstant
3332 3420 3382 3471 in
3410 3418 3575 3471 Prov.

1991 3527 2075 3576 ιιι,
2106 3513 2160 3575 7,
2192 3511 2268 3564 sic
2302 3512 2371 3565 ibi
2400 3512 2786 3579 interpretatur
2819 3530 2831 3564 :
2859 3511 3030 3565 Φόϐου
3058 3528 3141 3574 τις
3168 3507 3376 3579 Κυρίου
3406 3523 3575 3559 κατα-

1994 3600 2205 3672 φρονῶν
2238 3600 2341 3670 πρὸ
2370 3604 2470 3671 τῆς
2501 3600 2712 3665 τελείας
2752 3602 2969 3673 ἀγάπης
2998 3603 3097 3672 τῆς
3127 3598 3231 3663 ἔξω
3278 3595 3575 3664 θαλλούσης

1992 3691 2082 3745 τὸν
2124 3689 2321 3760 φόϐον,
2371 3690 2430 3741 ού
2464 3691 2722 3759 κτήσεται
2763 3692 3003 3761 ταύτηΨ
3056 3690 3177 3743 οὐδὲ
3230 3686 3424 3757 φθάσει
3477 3686 3575 3756 τὴν

1993 3783 2303 3853 τελειότητα
2338 3782 2411 3854 μὴ
2446 3780 2884 3852 παιδαγωγηθεὶς
2909 3783 2987 3853 τῷ
3018 3783 3173 3853 φόϐῳ
3194 3782 3454 3835 κωλύοντι
3482 3782 3574 3835 τοῦ

1995 3874 2168 3930 κακοῦ
2195 3875 2292 3947 τὴν
2316 3875 2620 3947 ἐνέργειαν.
2660 3873 2796 3927 Μεθ’
2823 3874 2880 3927 ὃν
2920 3877 2952 3946 ἡ
2988 3876 3174 3943 ἀγάπη
3207 3876 3470 3946 προσάγει
3498 3875 3576 3946 τῷ

1997 3966 2262 4039 κρείττονι
2295 3982 2355 4020 τε
2405 3965 2498 4018 καὶ
2529 3961 2738 4035 ἀγαθῷ.
2784 3962 2887 4029 Qui
2934 3964 3024 4017 Dei
3076 3966 3335 4030 timorem,
3384 3965 3575 4035 inquit,

1998 4061 2296 4124 contemnit,
2351 4069 2630 4127 antequam
2681 4057 2967 4126 perfectam
3013 4056 3319 4109 cltaritatem
3366 4057 3574 4117 turbent,

1997 4167 2110 4220 qua:
2130 4150 2274 4219 foras
2303 4150 2461 4202 mittit
2484 4150 2745 4211 timorem,
2774 4149 2909 4201 hanc
2931 4165 3031 4201 non
3051 4158 3354 4215 assequetur
3377 4164 3394 4211 ;
3420 4164 3579 4216 neque

2000 4245 2067 4296 ad
2092 4242 2455 4312 perfectionem
2484 4242 2762 4309 perueniet,
2795 4240 2892 4293 nisi
2912 4241 3069 4293 timor
3092 4239 3243 4307 quasi
3266 4238 3578 4307 pmdagogus

2000 4334 2214 4405 quidam
2257 4349 2461 4409 euntla
2510 4334 2854 4401 perpetrando
2915 4331 3054 4385 malo
3113 4330 3415 4399 prohibeat;
3467 4340 3583 4396 post

2003 4426 2239 4479 timorem
2277 4439 2395 4477 vero
2434 4424 2663 4476 cltaritas
2710 4424 2780 4476 ad
2827 4423 2880 4476 id
2929 4422 3069 4493 quod
3116 4420 3450 4501 praestantius
3482 4428 3579 4501 _est

1927 4515 2144 4605 D[vel,
2205 4517 2274 4569 ad
2330 4514 2553 4587 Deum],
2612 4523 2661 4569 et
2703 4515 2771 4568 ad
2819 4515 3009 4567 bonum
3067 4497 3305 4568 adducit.
3344 4497 3582 4581 Respicit

1965 4649 1969 4652 .
2003 4619 2182 4663 autem
2217 4608 2304 4661 hic
2348 4607 2602 4675 Didymus
2642 4605 2962 4660 versiculum
3005 4606 3069 4659 l8
3105 4621 3223 4673 cap.
3267 4616 3319 4658 tv
3371 4605 3527 4672 epist.
3563 4603 3585 4657 ι

1998 4691 2219 4748 Joannis
2254 4709 2269 4746 :
2310 4690 2553 4759 Perfecta
2578 4692 2819 4744 charitas-
2839 4690 2998 4743 mittit
3032 4690 3178 4757 [oras
3213 4690 3472 4742 timorem.

2074 4785 2275 4839 Deinde
2305 4783 2392 4837 ubi
2435 4784 2682 4836 timorem
2714 4782 2966 4836 servilem
3005 4779 3267 4848 deprimit
3295 4778 3573 4849 Didymus,

2002 4877 2073 4932 ibi
2113 4884 2206 4929 aut
2260 4874 2336 4928 illi
2390 4874 2711 4928 cbaritatent
2752 4871 3066 4940 anteponit,
3117 4878 3171 4924 ut
3224 4870 3276 4924 in
3326 4869 3464 4926 libro
3506 4869 3584 4925 De

2004 4968 2211 5038 Spiritu
2246 4974 2452 5043 sancto,
2497 4980 2647 5019 nutu.
2678 4964 2768 5028 4‘2,
2809 4963 2896 5016 ubi
2933 4964 3046 5017 hanc
3079 4962 3342 5035 legimus:
3389 4981 3406 5013 ι
3437 4962 3579 5015 ιὶιιι-

2011 5077 2128 5118 sum
2182 5058 2490 5115 relocillans
2539 5072 2655 5123 eos,
2703 5065 2758 5110 et
2810 5053 3119 5118 consolans,
3164 5062 3218 5107 et
3272 5066 3579 5120 provocans

2011 5164 2232 5222 sperare
2260 5149 2516 5215 meliora;
2549 5149 2745 5218 quibus
2771 5146 3111 5217 loquebatur,
3142 5143 3254 5197 ait:
3292 5141 3413 5197 Non
3447 5143 3585 5196 enim

2010 5242 2279 5310 accepistis
2330 5243 2519 5296 iterum
2570 5242 2810 5310 spiritum
2859 5238 3123 5295 servitutis
3174 5237 3228 5289 in
3271 5237 3484 5301 timore,
3536 5236 3586 5290 id

2011 5343 2127 5399 est,
2169 5348 2276 5388 nou
2330 5333 2686 5388 similitudine
2738 5347 3055 5393 servorum,
3106 5339 3247 5382 metu
3287 5337 3340 5381 et
3381 5336 3589 5382 terrore

2014 5436 2297 5496 poenarum
2330 5439 2424 5479 vos
2460 5422 2744 5478 abstinetis
2772 5439 2800 5477 a
2831 5422 3001 5486 vitiis,
3032 5421 3156 5489 quia
3188 5419 3400 5475 habetis
3436 5418 3588 5474 vobis

2016 5518 2200 5572 datum
2243 5532 2272 5569 a
2306 5515 2465 5571 Patre
2504 5514 2769 5584 Spiritum
2820 5513 3154 5583 adeptionis,
3190 5514 3241 5567 id
3281 5524 3365 5568 est
3412 5512 3589 5582 Spiri-

2017 5616 2128 5663 tum
2157 5616 2424 5664 sanctum.
2456 5626 2474 5661 ι
2514 5608 2620 5662 Aut
2650 5606 2716 5662 de
2749 5605 2947 5663 timore
2976 5606 3235 5677 loquitur,
3269 5605 3360 5678 qui
3391 5605 3593 5676 injuste

1603 5807 1644 5839 "
1673 5806 1860 5863 ll‘etr.
1893 5822 1967 5874 tv,
2000 5806 2094 5861 l7.
