4108 6432
490 416 595 475 185

489 634 666 682 reant.
714 624 793 682 Ita
847 632 905 683 in
949 631 1139 683 eadem
1178 630 1559 697 Enarratione,
1603 636 1691 688 cui
1749 636 1931 690 notnla
1987 639 2073 691 illa

488 717 734 783 apposita
784 728 907 784 est,
960 734 1081 789 cap.
1109 720 1164 784 '5,
1200 736 1321 789 pag.
1365 722 1464 789 64,
1517 726 1605 778 ubi
1656 725 1802 781 Petri
1854 729 2016 783 verba
2057 747 2069 784 :

487 806 652 875 Cujus
683 811 810 864 estis
840 810 990 878 ﬁlim,
1022 813 1142 866 bene
1175 814 1446 883 facientes,
1483 834 1575 870 nec
1624 819 1858 872 timentes
1902 820 2069 874 ullam

484 902 925 961 perturbationem
962 904 1028 968 ⁸⁸,
1078 908 1332 969 explanat
1380 909 1431 961 in
1478 909 1622 963 hunc
1670 912 1932 966 modum:
1972 911 2072 966 ln-

485 991 614 1043 ritat
652 993 918 1059 mulieres,
955 1012 1047 1062 per
1083 996 1217 1050 bona
1267 1014 1422 1067 opera
1472 1009 1691 1054 matrem
1727 1002 1916 1056 habere
1964 1003 2072 1058 Sa-
2110 994 2118 1019 τ

486 1096 621 1148 ram,
649 1092 699 1136 et
726 1094 883 1151 super
909 1088 1085 1139 omnia
1119 1090 1421 1151 consistere,
1457 1107 1548 1143 nec
1596 1092 1786 1145 habere
1828 1094 2069 1146 timorem

484 1174 674 1239 illum,
715 1190 868 1243 quem
911 1177 1295 1231 rationabiliter
1345 1181 1577 1247 perfecta
1628 1181 1861 1234 charitas
1911 1183 2071 1235 mittit

483 1266 663 1331 foras;
687 1268 934 1336 quoniam
958 1284 1120 1335 poema
1155 1273 1320 1337 magis
1340 1281 1435 1337 est,
1460 1288 1562 1325 non
1592 1272 1705 1325 Dei.
1751 1272 1902 1326 Hunc
1934 1277 2069 1328 enim

483 1372 577 1421 per
622 1358 798 1411 omnia
828 1358 1035 1412 divinus
1082 1361 1342 1415 interdicit
1382 1380 1571 1427 sermo,
1617 1364 1814 1417 alicubi
1860 1367 2069 1433 quidem

483 1449 660 1501 dicens
682 1462 703 1502 :
732 1466 748 1493 ι
774 1446 903 1512 Quis
925 1458 1021 1510 est,
1050 1459 1105 1501 ut
1135 1451 1320 1505 timeas
1343 1454 1604 1505 hominem
1644 1454 1915 1506 mortalem
1934 1455 2015 1508 "?
2038 1474 2057 1506 ι
2091 1450 2096 1459 ”

482 1540 675 1593 alicubi
708 1551 880 1595 autem
905 1556 924 1595 :
946 1560 964 1592 ι
996 1540 1177 1595 Nolite
1216 1542 1393 1596 timere
1422 1561 1507 1597 eos
1536 1547 1625 1609 qui
1667 1546 1910 1599 occidunt
1945 1564 2063 1600 cor-

480 1648 579 1693 pus
605 1632 649 1664 ³⁸
673 1649 688 1698 ;
716 1651 735 1684 ι
767 1645 814 1685 et
848 1632 954 1685 alia
990 1635 1069 1686 his
1113 1634 1302 1686 vicina.
1337 1633 1402 1686 Et
1458 1636 1601 1705 apud
1641 1633 1906 1691 Joannem
1961 1636 2066 1691 Da-

485 1737 791 1776 mascenum
822 1722 875 1776 in
912 1723 1194 1777 Parallelis
1225 1741 1347 1795 pag.
1374 1723 1501 1790 507,
1545 1727 1616 1780 ita
1654 1727 1894 1797 loquitur
1923 1731 2062 1782 idem

479 1812 777 1882 Didymus:
811 1811 958 1867 Fieri
986 1830 1088 1868 non
1118 1824 1308 1884 potest,
1340 1818 1513 1885 utqui
1544 1834 1657 1872 vere
1699 1822 1840 1873 timet
1875 1820 2060 1886 Deum,

1903 426 1994 481 DE
2033 429 2293 487 DIDYMO

490 535 559 589 ab
606 534 922 592 hominibus
971 536 1265 604 injiciatur,
1312 548 1366 593 ut
1416 556 1515 596 nos
1568 542 1632 595 ah
1666 542 1849 599 cilicio,
1894 546 2075 600 dctcr-
2104 550 2150 609 Α

1838 8 1847 15 ι
1868 8 1877 13 ι
1934 6 1943 11 -
1956 6 2047 11 ——--*
2064 0 2451 18 νἸ-υ-ι-μ-Ὴ--πτηπ-τ

3664 442 3779 497 184

2182 546 2328 621 [XL]
2372 548 2637 603 duntaxat
2679 548 2939 619 Didymus
2985 548 3253 618 improbet
3284 553 3615 619 possibilem,
3649 559 3778 609 sive

2180 639 2425 711 ἐμπαθῆ,
2471 656 2535 696 ac
2587 642 2654 695 de
2706 639 2799 695 illo
2835 640 3026 694 timore
3063 646 3438 698 tantummodo
3488 645 3771 715 loquatur,

2176 746 2285 801 quo
2340 733 2481 788 servi
2533 733 2783 788 dominos
2828 732 2981 800 juxta
3030 733 3343 803 Apostolnm
3412 738 3603 792 timere
3662 740 3774 793 de-

2179 825 2342 889 bent,
2387 832 2480 879 aut
2525 840 2633 879 non
2686 825 2923 879 timere:
2971 840 3157 879 revera
3207 828 3351 880 enim
3403 841 3507 882 non
3549 841 3774 897 propter

2175 916 2407 980 verbera,
2452 915 2544 970 sed
2583 924 2793 985 propter
2838 911 3108 968 Christum
3150 915 3323 970 iberos
3366 917 3509 971 servi
3568 919 3769 975 timere

2164 1000 2389 1060 \lebent.

2245 1095 2375 1151 CAP.
2394 1096 2649 1152 lV.—De
2678 1098 2903 1154 hominis
2934 1098 3126 1169 spiritu
3158 1099 3223 1152 ab
3251 1100 3429 1153 anima
3456 1100 3678 1153 diverso.

2247 1187 2527 1258 Didymum
2560 1189 2832 1256 redarguit
2864 1189 3177 1245 Gennadius
3212 1191 3263 1244 in
3309 1191 3448 1245 libro
3477 1190 3557 1261 De
3590 1192 3761 1247 eccle-

2170 1278 2401 1331 siasticis
2444 1282 2792 1349 dogmatibus,
2826 1282 2969 1350 quod
2997 1284 3205 1335 tertium
3231 1285 3288 1336 in
3322 1283 3618 1336 substantia
3652 1283 3758 1337 lto-

2171 1369 2325 1422 minis
2363 1373 2603 1439 spiritum
2645 1374 2960 1428 admiserit:
2994 1375 3085 1427 sed
3125 1376 3361 1442 spiritus,
3397 1376 3591 1444 inquit,
3635 1377 3755 1440 ipsa

2168 1449 2242 1511 est
2277 1460 2477 1525 anima,
2504 1478 2598 1530 pro
2627 1464 2853 1529 spiritali
2884 1474 3094 1529 natura,
3125 1465 3203 1519 rel
3230 1483 3323 1535 pro
3342 1483 3403 1521 eo
3425 1468 3564 1537 quod
3591 1468 3753 1536 spirct

2168 1550 2224 1603 in
2256 1567 2488 1620 corpore,
2514 1554 2732 1622 spiritus
2756 1556 3069 1625 appellatus.
3104 1556 3303 1627 Reipsa
3332 1573 3460 1613 vero
3489 1561 3588 1613 etsi
3624 1574 3748 1614 cum

2170 1641 2221 1694 in
2244 1642 2377 1696 libro
2390 1646 2519 1698 Adv.
2537 1644 2875 1712 Manichaeos,
2894 1657 3003 1700 tum
3025 1648 3076 1701 in
3095 1647 3230 1702 libro
3245 1648 3319 1702 De
3331 1650 3530 1717 Spiritu
3547 1661 3748 1713 sancto,

2170 1750 2316 1788 num.
2346 1734 2415 1788 54
2444 1736 2689 1791 docuerit
2724 1739 3015 1809 Didymus,
3048 1741 3311 1794 vocabulo
3358 1742 3581 1812 spiritus
3632 1742 3752 1795 ani-

2168 1842 2309 1880 mant
2357 1826 2624 1883 interdum
2662 1829 2983 1900 signiﬁcari;
3019 1835 3146 1900 quin
3182 1840 3358 1886 tamen
3414 1806 3515 1887 iria
3553 1835 3661 1903 ipse
3694 1835 3747 1888 in

484 1906 818 1959 meticulosus
857 1908 946 1971 sit,
974 1924 1091 1961 cum
1128 1909 1324 1962 dictum
1361 1910 1567 1979 fuerit:
1607 1931 1625 1963 ι
1658 1912 1860 1968 Praeter
1891 1915 2056 1977 ipsum
2095 1887 2135 1939 Β
2165 1918 2380 1974 homine
2418 1920 2757 1986 distinxerit,
2806 1938 3025 1993 corpus,
3083 1924 3318 1978 animam
3367 1935 3421 1979 et
3458 1926 3706 1994 Spiritum
3731 1968 3745 1992 ,

478 2014 541 2049 ne
567 1999 751 2051 timeas
773 2001 959 2055 alium.
985 2019 1004 2052 ο

549 2090 677 2157 Qua:
712 2106 833 2145 cum
872 2092 943 2146 ita
994 2094 1125 2158 sint,
1160 2102 1383 2165 apparet
1423 2096 1560 2166 jam,
1591 2105 1648 2151 ut
1700 2108 1843 2164 reor,
1877 2098 2059 2151 rectis-

478 2182 612 2236 sime
643 2182 925 2253 Didymum
957 2184 1024 2239 de
1058 2186 1251 2242 timore
1299 2189 1480 2242 servili
1524 2188 1761 2243 locutum
1809 2205 1956 2243 esse.
1989 2192 2053 2242 At

478 2289 585 2328 non
621 2275 694 2327 ita
734 2275 994 2344 loquitur,
1029 2277 1260 2347 inquies,
1297 2280 1350 2333 in
1386 2279 1529 2344 loco,
1558 2296 1717 2350 quem
1754 2281 2056 2335 notnlarum

478 2375 671 2420 auctor
704 2369 1073 2436 reprehendit.
1103 2368 1409 2440 Antequam
1447 2374 1836 2441 respondeam,
1878 2389 1941 2425 at:
1984 2373 2061 2426 lo-

480 2473 602 2509 rum
654 2458 831 2526 ipsum
888 2459 1150 2525 aﬂ'eram,
1199 2462 1307 2517 duo
1357 2463 1803 2537 animadvertere
1844 2481 2061 2520 necesse

478 2562 560 2601 est
592 2568 606 2603 :
638 2550 814 2617 primo
866 2552 1248 2611 Enarrationes
1298 2556 1419 2611 illas
1465 2572 1583 2612 esse
1627 2573 1732 2611 non
1785 2559 1943 2610 modo
1978 2558 2060 2609 in-

481 2642 765 2712 eleganter
811 2660 1101 2701 conversas
1151 2661 1181 2703 e
1222 2646 1451 2712 Graeco.
1495 2663 1683 2703 verum
1736 2650 1901 2702 etiam
1948 2649 2062 2703 sive

486 2736 683 2790 vetusti
742 2739 1121 2806 amanuensis,
1164 2740 1278 2796 sive
1330 2740 1785 2812 typographorum
1830 2740 2060 2804 incuria,

483 2824 594 2875 sive
628 2823 732 2877 alia
767 2826 832 2880 de
862 2840 1052 2895 causa,
1086 2828 1299 2884 mendis
1333 2830 1605 2884 refertas:
1644 2830 1783 2883 hanc
1818 2830 1999 2898 itaque
2032 2845 2059 2881 a

483 2916 681 2971 hit-tore
730 2922 939 2976 veniam
1004 2935 1160 2994 peto,
1214 2934 1277 2979 ut
1330 2941 1451 2979 eum
1511 2925 1686 2980 locum
1745 2942 1773 2980 a
1828 2942 1913 2981 me
1960 2943 2062 2981 non

482 3012 859 3068 ostentationis
891 3029 1076 3081 causa,
1116 3019 1210 3071 sed
1260 3020 1401 3087 quod
1446 3019 1518 3072 ita
1554 3021 1851 3075 necessitas
1896 3019 2063 3081 ferat.

483 3102 826 3157 emendatum
868 3105 1047 3162 aﬂ'erri
1105 3111 1363 3179 patiatur.
1414 3110 1614 3166 Deinde
1660 3126 1801 3181 saepe
1855 3113 2067 3167 contin-

2160 2008 2395 2061 dnbitari
2434 2011 2637 2078 nequit.
2681 2010 2747 2065 Ut
2791 2013 2933 2065 enim
2972 2013 3092 2067 libri
3144 2029 3205 2068 ιιι
3240 2015 3315 2067 De
3357 2013 3629 2080 Trinitate,
3660 2031 3750 2068 ca-

2160 2109 2254 2170 put
2292 2100 2355 2153 51
2418 2103 2863 2170 praetermittam,
2912 2106 2999 2159 ubi
3060 2107 3383 2160 sententiam
3441 2107 3745 2176 hujnsmodi

2161 2191 2360 2247 indicat
2390 2194 2766 2264 potius,quam
2796 2196 3168 2263 amplectitur;
3199 2199 3538 2266 apertissime
3568 2213 3664 2267 pro
3684 2214 3746 2254 ea

2168 2294 2354 2354 pugnat
2389 2285 2441 2339 in
2470 2285 2606 2340 libro
2640 2286 2713 2340 De
2742 2286 2943 2353 Spiritu
2967 2301 3169 2354 sancto,
3197 2306 3342 2343 num.
3365 2291 3452 2351 Si,
3479 2290 3546 2345 55
3573 2300 3626 2345 ct
3654 2292 3745 2353 59.

2160 2379 2513 2447 eamdemque
2559 2381 2845 2434 manifesto
2894 2381 3131 2435 admittit
3166 2384 3304 2451 apud
3338 2382 3651 2435 Corderinm
3688 2382 3745 2436 in

2161 2471 2358 2524 Catena
2388 2470 2452 2522 ad
2489 2484 2627 2524 vers.
2688 2469 2753 2523 Η
2785 2471 2972 2540 psalmi
3005 2488 3054 2537 L,
3086 2486 3212 2541 pag.
3239 2472 3377 2525 l002
3405 2488 3418 2525 :
3448 2472 3645 2525 etenim
3691 2471 3745 2526 in

2165 2562 2357 2617 Psaltis
2396 2562 2598 2628 verbis,
2630 2560 2833 2628 Spiritu
2863 2563 3141 2631 principali
3174 2562 3428 2631 conﬁrma
3462 2579 3560 2628 me,
3593 2562 3751 2617 intel-

2166 2653 2255 2721 ligi
2284 2666 2438 2721 posse
2462 2653 2531 2705 ait
2575 2653 2791 2705 nomine
2819 2653 3036 2720 spiritus
3062 2661 3155 2705 aut
3183 2652 3442 2720 Spiritum
3477 2661 3746 2717 sanctum,

2167 2755 2256 2798 aut
2282 2744 2343 2797 τὸ
2370 2742 2461 2797 τοῦ
2495 2742 2784 2815 ἀνθρώπου
2813 2743 3069 2813 (πνεῦμα)
3110 2743 3170 2796 τὸ
3198 2745 3257 2796 ὲν
3292 2741 3441 2812 αὑτῷ
3477 2741 3663 2814 ἕτερον
3687 2741 3748 2796 ὃν

2165 2832 2267 2903 τῆς
2294 2832 2390 2886 τοῦ
2416 2832 2708 2902 ἀνθρώπου
2761 2833 2970 2903 ψυχῆς,
3006 2834 3057 2886 id
3094 2842 3176 2886 est
3208 2833 3434 2885 hominis
3482 2834 3743 2901 spiritum,

2167 2926 2255 2996 qui
2284 2929 2336 2979 in
2366 2926 2477 2993 ipso
2511 2936 2605 2991 est,
2636 2925 2698 2977 ab
2735 2926 2957 2979 hominis
2989 2925 3168 2978 anima
3199 2923 3525 2977 distinctum.

2240 3019 2309 3071 At
2362 3018 2628 3071 sententia
2691 3014 2998 3084 hujusmodi
3066 3030 3171 3069 non
3230 3014 3510 3070 Gennadio
3571 3015 3745 3069 solum

2171 3110 2475 3178 displicuit,
2521 3110 2613 3164 sed
2657 3117 2713 3163 et
2764 3118 2956 3162 sancto
3008 3108 3210 3163 doctori
3254 3106 3506 3173 Titomac,
3553 3108 3641 3177 qui
3695 3109 3747 3161 in

482 3210 612 3264 gere
643 3199 935 3253 notandum
966 3209 1065 3265 est,
1102 3213 1162 3256 ut
1194 3204 1245 3256 in
1281 3204 1505 3257 vetustis
1536 3204 1867 3259 membranis
1906 3219 2065 3259 voces
2092 3230 2134 3286 ε
2173 3200 2567 3270 Explanatione
2598 3200 2852 3268 Epistula:
2895 3196 2922 3251 I
2958 3196 3115 3251 Pauli
3150 3198 3218 3251 ad
3251 3197 3487 3254 Tltessal.
3517 3201 3580 3253 ad
3637 3199 3748 3252 haec

488 3287 624 3340 Deus
678 3302 741 3343 ac
770 3288 1028 3346 Dominus
1063 3293 1203 3347 inter
1249 3308 1307 3348 se
1346 3292 1768 3359 conlututantur,
1801 3296 2062 3364 quemad—

484 3378 702 3430 modum
734 3388 933 3433 norunt
964 3382 1050 3450 qui
1086 3382 1138 3437 in
1176 3383 1242 3437 iis
1277 3384 1475 3438 versati
1513 3393 1671 3451 sunt;
1711 3386 1817 3439 imo
1869 3386 2063 3455 smpins

484 3468 683 3521 factum
713 3485 853 3534 esse.
890 3482 949 3526 ut
982 3474 1071 3528 ubi
1107 3477 1443 3530 membranas
1481 3476 1754 3530 habebant
1788 3477 2059 3541 Dominus,

487 3563 809 3630 typographi
844 3563 1218 3634 impresserint
1251 3565 1417 3633 Deus,
1456 3578 1510 3622 et
1552 3569 1824 3622 viceversa
1860 3586 1873 3621 :
1920 3569 2069 3639 quod

484 3658 925 3724 rompondiarias
953 3661 1405 3734 utriusquevocis
1428 3664 1727 3733 scripturas
1760 3664 1924 3733 probe
1954 3682 1981 3718 a
2007 3681 2064 3721 se

486 3748 714 3804 invicem
748 3767 852 3806 non
892 3768 1259 3813 secernerent.
1305 3755 1400 3813 liis
1445 3758 1712 3813 adnotatis
1745 3757 1951 3827 Didymi
1986 3757 2064 3810 lo-

432 3865 439 3872 -
486 3854 604 3889 t-otn
636 3843 905 3898 exscribo.
938 3843 1236 3915 Propositis
1264 3847 1444 3916 itaque
1478 3847 1619 3902 Petri
1656 3848 1835 3901 verbis
1864 3867 1877 3901 :
1915 3846 2065 3901 Servi

487 3929 690 3983 nbeilite
719 3948 836 3985 cum
869 3936 1011 3987 omni
1045 3940 1231 3991 timore
1274 3937 1501 3991 dominis
1532 3938 1713 3991 vestris
1735 3936 1802 3997 ³⁸,
1835 3947 1965 3995 etc.,
1992 3935 2061 3995 ita

487 4019 722 4086 loquitur
751 4022 1031 4094 theologus
1064 4038 1246 4081 noster
1272 4045 1286 4080 :
1317 4026 1437 4080 Non
1473 4026 1773 4095 passibilem
1826 4025 2064 4078 timorem

486 4125 658 4163 soreos
698 4110 887 4168 habere
924 4118 1158 4187 pra'cipit
1199 4118 1338 4184 apud
1385 4118 1662 4179 dominos;
1698 4116 1782 4169 hic
1813 4122 1946 4169 enim
1987 4117 2058 4166 ir-

487 4200 835 4264 rationabilis.
865 4216 914 4259 et
946 4206 1016 4259 ad
1046 4209 1439 4261 irrationabilia
1474 4208 1789 4261 constitutus
1819 4217 1931 4271 est;
1972 4207 2065 4260 sed

486 4306 600 4343 eum
645 4295 734 4362 qui
778 4312 897 4349 eum
940 4298 1245 4365 disciplina,
1274 4307 1321 4352 et
1360 4309 1497 4353 recta
1544 4298 1748 4351 ratione
1792 4297 2065 4359 consistit;

486 4384 633 4450 t-ujus
681 4387 951 4453 proprium
1003 4396 1077 4439 est
1132 4388 1437 4441 reverentia.
1491 4386 1594 4451 Qui
1649 4388 1789 4441 enim
1856 4396 2067 4456 propter

485 4474 754 4528 {itii-istum
791 4486 838 4529 et
872 4477 1165 4531 doctrinam
1195 4479 1309 4549 ejus
1352 4479 1516 4533 Deum
1572 4479 1690 4548 (pro
1728 4478 1887 4532 Deum
1936 4489 2065 4545 puto

2166 3297 2328 3351 verba
2348 3294 2391 3326 ³³
2420 3310 2435 3347 :
2462 3290 2528 3347 Ut
2559 3293 2757 3362 integer
2783 3291 2999 3358 spiritus
3030 3297 3217 3353 vester,
3248 3299 3295 3343 et
3325 3291 3523 3355 anima,
3551 3301 3596 3343 et
3632 3306 3747 3343 cor-

2164 3407 2294 3460 pus.
2411 3425 2424 3440 .
2462 3396 2712 3448 servetur,
2742 3383 2821 3437 sic
2852 3382 3086 3451 loquitur
3116 3399 3132 3436 :
3168 3380 3453 3435 Occasione
3480 3382 3745 3434 verborum

2165 3483 2388 3536 istorum
2417 3479 2663 3532 dixerunt
2706 3474 2945 3545 quidam,
2975 3476 3114 3543 quod
3152 3475 3207 3527 in
3240 3475 3449 3526 homine
3497 3473 3643 3525 aliud
3672 3484 3753 3526 est

2165 3573 2404 3643 spiritus,
2440 3580 2489 3623 et
2542 3567 2688 3622 aliud
2729 3568 2943 3629 anima;
2979 3576 3222 3631 ponentes
3264 3568 3396 3619 duas
3441 3566 3498 3618 in
3540 3565 3747 3619 homine

2167 3667 2371 3719 animos
2395 3676 2414 3715 :
2445 3676 2603 3715 unam
2636 3675 2753 3729 quae
2799 3658 3035 3722 animat,
3072 3659 3231 3711 aliam
3274 3674 3391 3727 quae
3458 3658 3744 3711 ratiocina-

2167 3766 2273 3811 tur.
2303 3755 2369 3808 Et
2407 3756 2517 3808 haec
2563 3761 2686 3806 sunt
2728 3750 3005 3821 reprobate
3031 3752 3082 3802 in
3120 3748 3503 3803 Ecclesiasticis
3541 3752 3747 3818 dogma-

2166 3846 2331 3900 tibus.
2367 3843 2517 3898 Unde
2577 3842 2849 3896 sciendum
2898 3841 3035 3902 quod
3074 3841 3184 3895 lucc
3220 3857 3321 3894 non
3374 3841 3621 3909 ili/ferunt
3669 3856 3746 3891 se-

2167 3940 2398 3993 cundum
2461 3936 2769 3999 essentiam,
2833 3936 2922 3988 sed
2989 3935 3272 3988 secundum
3321 3932 3631 4000 potentiam.
3679 3928 3744 3982 In

2167 4030 2343 4083 anima
2382 4028 2522 4081 enim
2580 4035 2759 4079 nostra
2809 4034 2930 4078 sunt
2979 4026 3219 4095 qua'dam
3269 4024 3430 4088 vires,
3472 4038 3588 4092 qua:
3625 4030 3742 4074 sunt

2167 4130 2311 4173 artus
2347 4117 2699 4184 corporalium
2757 4133 3107 4187 organorum,
3153 4116 3286 4170 sicut
3341 4122 3462 4168 sunt
3509 4112 3744 4181 potentia!

2168 4211 2426 4265 sensitira:
2457 4211 2645 4279 partis.
2684 4210 2816 4263 Alite
2854 4219 2974 4263 sunt
3018 4225 3135 4278 qua:
3175 4223 3280 4260 non
3322 4216 3440 4259 sunt
3481 4219 3629 4259 actus
3663 4215 3744 4255 ta-

2168 4303 2302 4356 lium
2351 4318 2697 4371 organorum,
2734 4305 2824 4355 sed
2867 4310 2987 4353 sunt
3036 4301 3317 4351 abstractae
3365 4298 3431 4349 ab
3475 4299 3569 4359 cis,
3614 4297 3744 4350 sicut

2168 4403 2289 4447 sunt
2352 4395 2594 4461 potentia:
2643 4391 2967 4444 intellectira:
3013 4390 3177 4457 partis
3218 4404 3236 4442 :
3280 4397 3327 4440 et
3380 4387 3461 4441 hre
3500 4388 3747 4438 dicuntur

2168 4483 2403 4552 spiritus,
2426 4483 2574 4549 quasi
2610 4478 3003 4542 immateriules,
3031 4489 3078 4531 et
3109 4487 3363 4545 separata:
3393 4475 3565 4544 aliquo
3593 4473 3745 4525 modo

484 4568 747 4633 scriptum
794 4566 961 4623 fuisse
997 4569 1048 4623 in
1092 4573 1419 4625 membranis
1452 4574 1742 4632 dominum,
1780 4571 1828 4623 id
1873 4581 1955 4623 est
1986 4569 2069 4623 he-
2099 4565 2144 4619 Ι)
2171 4589 2201 4625 a
2231 4588 2468 4641 corpore,
2509 4573 2564 4623 in
2612 4581 2862 4638 quantum
2912 4584 3014 4621 non
3056 4577 3177 4621 sunt
3215 4577 3363 4619 actus
3400 4567 3632 4634 corporis
3654 4581 3672 4617 .·
3699 4576 3743 4618 et

485 4656 638 4730 rum)
680 4659 1019 4727 timet,{cum
1074 4666 1354 4717 reverentia
1383 4665 1431 4718 ei
1480 4664 1740 4733 subjectus
1782 4674 1857 4717 est
1887 4680 1908 4718 :
1947 4682 2063 4718 cum

486 4751 576 4801 νίίε
609 4752 699 4818 qui
734 4769 825 4821 per
875 4753 990 4824 (aut
1040 4754 1304 4810 barbarus
1356 4757 1640 4826 interpres,
1682 4766 1775 4810 aut
1820 4757 2065 4811 indoctus

488 4842 740 4897 librarius
776 4847 948 4913 posuit
978 4863 1069 4914 per
1096 4862 1193 4916 pro
1218 4851 1447 4918 prapter)
1472 4850 1702 4913 verbera,
1727 4847 1934 4917 aliaque
1959 4859 2065 4902 tor-

486 4943 662 4987 menta
693 4935 838 4988 timet
881 4936 1041 4991 Deum
1072 4938 1182 5010 (hic
1206 4954 1418 5009 quoque
1452 4955 1546 5007 pro
1588 4939 1751 4993 Deum
1786 4938 2064 5009 legendum

489 5035 618 5090 puto
676 5026 1008 5094 dominum),
1057 5030 1354 5099 passibilem
1407 5033 1644 5085 timorem
1701 5032 1887 5085 habere
1931 5034 2067 5086 videt

493 5113 509 5165 ί
529 5128 624 5179 pro
657 5116 794 5168 videt
838 5116 955 5187 lego
1004 5119 1252 5185 videtur).
1291 5119 1405 5173 liae
1458 5120 1840 5191 signiﬁcatione
1874 5131 1923 5175 et
1960 5121 2068 5186 hic,

491 5217 607 5270 post
635 5210 762 5274 alia,
797 5211 965 5264 utitur
993 5213 1061 5264 ad
1102 5211 1324 5280 feminas
1364 5215 1584 5267 dicens:
1617 5231 1637 5265 s
1667 5211 2069 5269 Considerantes

492 5307 715 5354 vestram
760 5303 815 5356 in
871 5304 1058 5357 timore
1109 5312 1309 5358 castam
1370 5306 1899 5359 conversationem".
1936 5325 1953 5358 ι
2004 5305 2068 5360 Et

497 5394 788 5459 frequenter
812 5394 1093 5464 Scriptura
1128 5397 1238 5450 Iure
1268 5399 1331 5452 de
1366 5400 1552 5451 timore
1577 5398 1672 5451 tali
1703 5398 1856 5452 modo
1892 5399 2068 5468 perlo-

489 5487 689 5551 quitur.
722 5483 800 5538 Ita
828 5501 887 5541 se
918 5487 1079 5543 habet
1120 5486 1328 5559 Didymi
1362 5488 1513 5542 locus
1556 5502 1583 5540 a
1616 5502 1843 5542 censore
1887 5504 2070 5556 reprc-

492 5574 719 5629 ttensus.
745 5574 882 5642 Quid
930 5587 1107 5633 autem
1151 5581 1398 5634 censoria
1434 5576 1641 5649 virgula
1690 5579 1906 5648 dignum
1945 5580 2071 5633 insit

496 5662 552 5716 in
587 5664 670 5719 nis
706 5666 911 5731 verbis,
941 5685 1047 5724 non
1089 5671 1244 5726 video
1279 5691 1291 5727 ε
1327 5671 1625 5742 prmscrtitn
1669 5686 1789 5725 cum
1825 5674 2070 5726 timorem

570 5839 613 5872 ³¹
654 5838 669 5892 ι
698 5839 842 5895 Petr.
873 5855 949 5895 ιιι.
976 5842 1027 5896 ὃ.
1106 5846 1146 5874 ’³
1189 5843 1290 5898 lsa.
1318 5860 1391 5916 ιιι,
1422 5844 1506 5898 ιε.

1583 5844 1627 5875 ³⁸
1668 5843 1858 5898 Matth.
1889 5861 1940 5908 .\',
1970 5843 2058 5897 9.8.
2096 5844 2136 5873 ³⁸
2182 5841 2197 5896 l
2233 5840 2373 5895 Petr.
2413 5854 2479 5903 Il,
2509 5841 2588 5895 l8.

2172 4665 2422 4717 dicuntur
2456 4664 2612 4717 etiam
2646 4678 2877 4716 mens....
2911 4660 2973 4713 ln
3007 4669 3260 4731 quantum
3311 4670 3481 4712 autem
3522 4659 3744 4720 animat,

2173 4757 2372 4808 dicitur
2410 4757 2611 4820 anima,
2653 4756 2778 4823 quia
2820 4755 2916 4807 hoc
2945 4763 3023 4806 est
3068 4752 3116 4806 ei
3153 4752 3442 4822 proprium.
3480 4749 3748 4803 llactcnus

2174 4845 2230 4898 S.
2260 4843 2517 4900 Thomas.

2245 4936 2364 4993 Iam
2399 4953 2527 4992 vero
2562 4935 2812 5006 quamvis
2858 4936 2983 4991 huic
3037 4936 3276 5005 opinioni
3332 4935 3614 5004 Didymum
3655 4931 3746 4983 ad-

2175 5032 2399 5085 haesisse
2448 5030 2832 5095 concedamus,
2880 5029 3024 5097 quod
3060 5043 3088 5081 a
3130 5028 3364 5087 nemine,
3411 5026 3500 5094 qui
3538 5026 3747 5078 sincere

2177 5133 2319 5193 agat,
2355 5121 2540 5191 negari
2598 5130 2803 5191 potest;
2839 5119 3110 5190 arquitatis
3156 5128 3331 5172 tamen
3364 5131 3517 5170 amor
3555 5129 3618 5168 ac
3662 5129 3749 5167 ve-

2176 5213 2355 5268 ritatis
2390 5212 2440 5266 id
2473 5226 2500 5265 a
2526 5210 2680 5265 nobis
2714 5210 2980 5279 esposcit,
3013 5217 3072 5262 ut
3095 5205 3346 5261 nonnulla
3388 5205 3473 5258 hic
3506 5202 3747 5256 animad-

2175 5315 2389 5359 vertere
2456 5317 2523 5357 ne
2571 5302 2903 5364 omittamus.
2950 5315 3069 5370 quae
3119 5301 3292 5369 ipsum
3373 5298 3586 5351 valeant
3656 5293 3750 5346 al‘t-

2176 5394 2495 5466 qnantulnm
2540 5408 2821 5447 excusare.
2871 5391 3111 5446 Primum
3168 5392 3312 5445 enim
3346 5390 3660 5459 longissime
3709 5386 3749 5437 is

2179 5486 2351 5541 abfuit
2404 5485 2473 5539 ab
2518 5485 2605 5539 illa
2662 5484 2888 5548 hmresi,
2939 5498 3101 5553 quam
3152 5482 3518 5551 Apollinarius
3564 5478 3747 5533 eadem

2180 5575 2296 5629 fere
2331 5575 2589 5646 opinione
2637 5576 2838 5629 abusus
2871 5571 3240 5643 excogitavit:
3278 5571 3368 5640 qui
3400 5567 3611 5623 cum-in
3659 5565 3751 5615 lto-

2183 5669 2329 5721 ntine
2379 5666 2480 5720 tria
2521 5675 2575 5721 et
2624 5666 2737 5735 ipse
2784 5665 3176 5735 distingueret,
3215 5677 3433 5731 corpus,
3485 5657 3749 5724 animam,

2671 5842 2713 5873 ³³
2756 5843 2770 5896 l
2805 5841 2947 5897 Petr.
2980 5838 3176 5905 nt,l(i.
3256 5833 3303 5867 ³³
3336 5830 3747 5893 l'l‘ltcss.v.‘25.
