4108 6484
290 446 397 505 ηδ
1485 456 2053 513 COMMENTARIUS.
2096 487 2164 497 ——
2203 456 2331 510 LIB.
2376 454 2438 508 ιι.
3496 445 3600 501 iss

292 581 344 627 et
373 570 573 639 λόγον,
620 569 674 625 id
729 581 813 626 est
867 581 1128 635 mentem,
1163 587 1257 626 seu
1296 574 1592 641 rationem;
1640 576 1744 629 duo
1780 578 1904 645 qui-
1936 583 1982 641 Α
2015 577 2094 630 vel
2131 587 2266 629 certe
2294 576 2561 642 spiritum,
2590 573 2821 624 animum
2860 568 3100 623 debemus
3139 569 3392 635 accipere.
3444 569 3507 623 Et
3537 571 3588 622 in

292 665 419 718 dem
475 664 673 731 priora
717 679 747 717 a
797 661 976 717 Verbo
1044 676 1320 732 assumpta
1376 665 1545 721 fuisse
1603 666 1898 730 fatebatur,
2006 668 2296 722 Comment.
2336 667 2393 719 in
2426 664 2594 733 Epist.
2628 665 2694 715 ad
2757 660 2947 729 lt‘pltes.
2983 660 3075 713 lib.
3112 676 3192 723 ιιι,
3229 675 3346 726 cap.
3381 661 3433 724 4,
3474 678 3597 731 pag.

291 764 480 809 mente
512 766 708 809 autem
743 754 1018 809 Christum
1073 757 1313 810 caruisse
1344 759 1729 822 contendebat,
1760 759 1902 826 ejus-
2006 757 2110 811 639.
2144 777 2156 811 :
2197 756 2403 825 Signati
2436 765 2607 808 autem
2643 769 2820 807 sumus
2854 750 3056 819 Spiritu
3084 751 3181 804 Dei
3217 761 3419 817 sancto,
3462 764 3514 803 ut
3547 766 3592 804 et

288 862 395 916 que
434 846 695 899 animam
736 846 950 914 ἄλογον,
989 848 1039 900 id
1073 857 1174 911 est,
1213 848 1420 902 ratione
1450 851 1760 903 destitutam
1808 865 1903 920 ap-
2004 851 2220 919 spiritus
2251 862 2426 901 noster
2486 856 2533 900 et
2564 847 2740 899 anima
2776 845 3151 912 imprimuntur
3173 843 3441 911 signaculo
3479 842 3572 897 Dei

286 936 564 1005 pellebat.
617 938 798 1005 Atque
849 937 989 991 hanc
1037 937 1267 994 fortasse
1314 940 1629 1009 Apollinarii
1677 950 1906 995 seuten-
2005 946 2069 1000 Et
2100 961 2216 1014 cap.
2252 944 2284 997 5
2339 942 2575 1008 ejusdem
2614 940 2736 993 libri
2775 954 2897 1008 pag.
2929 937 3079 991 658:
3132 936 3349 991 Necnon
3380 948 3425 991 et
3462 938 3595 991 illud

287 1028 416 1079 tiam
472 1028 780 1097 Spectabat
818 1028 1043 1083 Michael
1093 1029 1322 1101 Glycas,
1371 1047 1492 1085 cum
1544 1033 1595 1085 in
1638 1032 1899 1097 Qua’stio-

2004 1049 2078 1091 est
2119 1036 2504 1097 disserendum,
2542 1033 2797 1102 quomodo
2850 1032 2940 1083 uni
2977 1042 3129 1097 atque
3170 1031 3341 1082 eidem
3389 1031 3599 1085 dicatur

286 1117 442 1169 nibus
506 1115 751 1171 Biblicis
806 1121 1035 1172 necdum
1089 1120 1249 1174 editis
1301 1122 1601 1189 quaestione
1648 1120 1740 1184 ἕο,
1776 1137 1899 1190 pag.
2003 1131 2154 1199 quasi
2186 1128 2395 1189 ιιὶιςεηιξ,
2432 1145 2450 1177 ι
2482 1125 2650 1191 Surge
2680 1123 2769 1192 qui
2796 1122 2993 1174 dormis
3024 1120 3089 1185 ³⁸,
3129 1139 3147 1173 ι
3187 1131 3233 1172 et
3269 1121 3418 1189 quasi
3452 1136 3593 1173 ηιοιο-

281 1209 390 1263 ‘26:!
424 1209 657 1265 codicis
691 1209 919 1264 Naniani
948 1212 1202 1281 scripsit:
1241 1213 1303 1264 Ἡ
1333 1212 1544 1283 αἵρεσις
1574 1214 1606 1283 ἡ
1642 1213 1706 1264 ἐκ
1734 1211 1899 1282 τριῶν

2006 1232 2094 1273 tuo
2118 1260 2133 1283 ,
2180 1238 2197 1269 ‹
2237 1217 2475 1285 Exsurge
2514 1233 2545 1267 a
2577 1214 2796 1266 mortuis
2828 1213 2892 1265 ³⁸.
2930 1231 2947 1263 ι
2999 1211 3170 1280 Igitur
3194 1214 3314 1280 quia
3357 1221 3402 1263 et
3439 1211 3594 1280 spiri-

283 1299 536 1369 λέγουσα
606 1300 923 1369 συγκεῖσθαι
983 1302 1076 1355 τὸν
1124 1303 1442 1374 ἄνθρωπον,
1507 1302 1756 1371 σώματος
1812 1302 1899 1373 δη-

2004 1322 2084 1364 lus
2113 1323 2186 1364 est
2222 1312 2466 1369 hominis,
2509 1323 2658 1376 quem
2693 1322 2885 1374 semper
2923 1306 2975 1356 in
3005 1305 3192 1355 bonam
3238 1314 3437 1368 partem
3464 1304 3596 1355 scri—

281 1390 497 1459 λονότι,
549 1392 741 1462 ψυχῆς
778 1392 994 1461 ἀλόγου,
1045 1394 1137 1446 καὶ
1186 1392 1363 1465 ψυχῆς
1417 1396 1640 1464 νοερᾶς,
1693 1396 1741 1447 id
1784 1405 1899 1458 e—t,

2003 1414 2150 1470 ptum
2200 1401 2555 1461 meminimus,
2607 1407 2655 1451 et
2695 1398 2893 1460 anima,
2947 1398 3097 1459 cuius
3132 1403 3179 1446 et
3235 1395 3591 1461 inﬁrmitates,

283 1483 515 1537 ha'resis
580 1501 705 1552 qua:
760 1485 1020 1537 hominem
1067 1502 1131 1538 ea:
1179 1486 1346 1540 tribus
1406 1493 1555 1539 rebus
1612 1487 1901 1539 coalescere
2004 1505 2050 1546 et
2081 1506 2269 1545 mortes
2294 1492 2510 1561 legimus
2544 1500 2912 1556 peccatorum;
2962 1489 3013 1538 id
3040 1488 3177 1556 quod
3210 1503 3345 1539 nunc
3376 1488 3590 1548 (lii-itur,

282 1576 437 1635 dicit.
488 1594 725 1645 corpore
772 1579 1037 1643 videlicet,
1088 1581 1264 1633 anima
1313 1579 1533 1631 rationis
1587 1588 1792 1645 experte
1852 1588 1898 1630 εἰ
2008 1606 2026 1638 s
2063 1587 2232 1655 Surge
2284 1585 2373 1654 qui
2425 1582 2643 1644 dormis,
2680 1602 2696 1632 ι
2763 1582 3025 1650 referatur
3080 1585 3146 1632 ad
3202 1580 3441 1647 spiritum
3490 1588 3593 1632 :et

285 1668 472 1719 απῖηια
521 1667 871 1736 intelligente.
2002 1679 2139 1747 quod
2193 1675 2448 1744 sequitur,
2513 1692 2530 1723 ι
2576 1670 2813 1739 Exsurge
2845 1687 2874 1722 α
2909 1671 3165 1735 mortuis,
3205 1688 3221 1719 ι
3261 1671 3450 1720 anima:
3503 1684 3593 1719 co-

362 1757 600 1811 Deinde
629 1758 954 1810 sententiam
991 1772 1144 1811 suam
1179 1756 1323 1811 clare
1360 1773 1621 1825 nusquam
1661 1758 1902 1826 explicat
2002 1778 2230 1839 aptetur.
2267 1785 2285 1817 ‹
2317 1767 2510 1818 Anima
2543 1765 2685 1816 cnim
2719 1778 2836 1829 qttu:
2868 1761 3190 1829 pet'CnVCI'il,
3232 1760 3343 1827 ipsa
3400 1761 3595 1811 morie-

285 1844 597 1917 Didymus°
649 1846 780 1901 Nam
817 1848 1068 1917 εΡῘΓῘίηιη
1118 1849 1333 1916 quidem
1389 1848 1621 1901 "ominis
1662 1865 1691 1899 ³
1752 1849 1901 1901 δετῖ·
2008 1873 2094 1914 ῑιιι·
2124 1861 2186 1911 ³⁷.
2234 1879 2251 1909 ι
2322 1857 2551 1924 Spiritus
2589 1867 2762 1908 autem
2812 1863 3028 1904 mortem
3069 1868 3331 1931 nunqua‘nt
3386 1852 3595 1904 omnino

284 1950 449 2006 ptura
492 1939 703 2007 sacpius
742 1941 1032 1994 memorari
1081 1940 1191 2002 ait,
1242 1938 1611 2005 eumdemque
1654 1941 1900 2007 spiritum
1938 1924 1978 1976 Β
2016 1954 2252 2020 (egimus.
2307 1948 2534 2002 Βριηιιηι
2589 1948 2642 2000 in
2700 1944 2921 2012 epistola
2980 1943 3116 2008 ΗΟ,
3177 1943 3243 1995 ad
3275 1924 3589 2009 iledibiam,

285 2030 527 2083 tertium
603 2031 860 2100 quiddam
918 2032 970 2082 in
1034 2030 1275 2090 homine,
1314 2041 1510 2096 prseter
1566 2029 1802 2081 animant
1851 2040 1946 2081 et‘
2010 2058 2283 2111 exponi-ns
2351 2041 2709 2109 Hieronymus
2766 2037 2878 2103 ipse
2934 2036 3090 2087 allata
3148 2033 3297 2087 Pauli
3348 2033 3509 2088 verba
3573 2053 3586 2088 ;

283 2136 531 2190 corpus,
582 2137 703 2176 esse
755 2120 1058 2182 contendit,
1102 2120 1313 2172 duobus
1369 2117 1708 2192 pqtissimum
1752 2119 1899 2173 Pauli

2016 2131 2080 2185 Ut
2143 2134 2334 2200 integer
2406 2131 2618 2198 spiritus
2686 2138 2869 2190 vester,
2935 2134 2983 2178 et
3050 2125 3273 2190 anima,
3351 2134 3397 2177 et
3480 2142 3596 2178 σοι-ς

285 2212 644 2266 testimoniis
700 2210 953 2271 innixus,
1004 2223 1230 2276 quorum
1286 2209 1521 2275 primum
1562 2207 1611 2259 in
1667 2208 1901 2275 Ep.la.l
2010 2243 2107 2295 μηδ
2146 2225 2212 2285 εδ,
2263 2234 2394 2287 εισι,
2437 2231 2557 2292 post
2610 2221 2882 2290 explosa...
2943 2220 3319 2272 ιηρισριίοοιιιηη
3361 2218 3595 2287 explica-

281 2299 571 2357 Tltessal.
617 2318 734 2370 cap.
765 2318 812 2364 ν,
847 2316 992 2353 vers.
1021 2299 1113 2362 2'5,
1148 2298 1227 2352 sic
1266 2315 1322 2351 se
1357 2299 1517 2351 habet
1549 2316 1562 2353 :
1597 2297 1663 2351 Ut
1706 2301 1899 2365 integer

2014 2321 2234 2379 tionem,
2273 2326 2506 2384 quatuor
2536 2315 2670 2366 alias
2716 2312 2874 2366 affert
2904 2311 3401 2379 interpretationes,
3432 2321 3594 2379 atque

274 2394 532 2459 "norim"
570 2403 749 2455 rem"
792 2402 839 2444 εί
890 2392 1090 2453 αηίηητν
1131 2402 1176 2442 εί
1213 2403 1490 2458 ⁶⁰²Ῥ²⁴³ηον
1529 2403 1788 2453 δεντεηίνῖ
1823 2389 1900 2442 ²¹¹’
2008 2409 2147 2461 inter
2204 2417 2428 2460 czeteras
2490 2404 2697 2475 Didymi
2739 2405 2901 2458 etiant
2945 2402 3278 2472 Opinionem.
3329 2400 3419 2455 illa
3467 2403 3589 2471 qui«

277 2491 491 2537 terum
539 2496 669 2536 vero
714 2482 766 2535 in
812 2482 909 2551 Ep.
942 2482 959 2535 l
992 2482 1055 2535 ad
1086 2481 1213 2535 Cor.
1260 2497 1378 2549 cap.
1411 2497 1470 2544 tt,
1504 2496 1644 2535 vers.
1688 2482 1772 2547 ll,
1805 2498 1899 2535 ex-

2004 2500 2148 2564 detn,
2203 2514 2361 2567 quam
2420 2496 2784 2566 Hieronymus
2832 2495 2944 2563 ipse
2996 2494 3362 2562 amplectitur,
3417 2493 3467 2546 in
3528 2509 3592 2547 eo

269 2582 424 2636 stat,
457 2581 524 2625 et
560 2581 639 2626 est
677 2571 985 2638 hujusmodi
1017 2588 1029 2625 :
1069 2572 1196 2635 Quis
1222 2572 1357 2624 enim
1397 2572 1492 2625 scit
1536 2573 1802 2625 hominum
1837 2590 1897 2625 ea

2008 2588 2111 2641 sita
2148 2597 2251 2650 est,
2284 2597 2337 2640 ut
2376 2588 2592 2656 spiritus
2653 2584 2869 2639 nomine
2928 2584 3126 2636 Paulus
3169 2599 3273 2637 non
3332 2584 3589 2652 Spiritum

275 2679 415 2734 quer
470 2673 602 2717 sunt
645 2665 892 2728 hominis,
941 2665 1040 2716 nisi
1087 2665 1305 2730 spiritus
1351 2665 1577 2717 hominis
1615 2665 1705 2733 qui
1741 2664 1792 2717 in
1839 2682 1899 2717 eo

2006 2689 2279 2742 sanctum,
2315 2687 2374 2731 ut
2404 2677 2655 2732 volebant
2711 2677 2978 2738 haeretici,
3028 2678 3119 2728 sed
3156 2675 3389 2744 Spiritus
3418 2677 3590 2729 satcti

279 2765 359 2808 est
387 2755 419 2808 ?
448 2753 534 2807 At
575 2754 701 2822 quid
747 2754 974 2820 hujusce
1018 2756 1236 2823 spiritus
1284 2755 1546 2808 vacabulo
1601 2755 1898 2825 intelligen-

285 2846 424 2898 dum
471 2844 624 2908 velit,
670 2860 776 2897 non
830 2842 1095 2898 declarat.
1128 2843 1280 2909 Quod
1317 2844 1360 2896 si
1406 2843 1677 2897 hominem
1725 2845 1899 2898 tribus

287 2936 657 2999 substantiis,
706 2951 955 3003 corpore,
1000 2938 1178 2989 anima
1229 2934 1514 2998 rationali,
1563 2944 1617 2989 et
1664 2936 1895 3005 spiritu,

290 3037 567 3082 coostare
621 3026 788 3101 [XLI]
842 3029 1247 3091 existimasset,
1297 3027 1585 3093 rejicienda
1656 3027 1898 3096 profecm

291 3119 619 3187 hujusmodi
652 3121 836 3188 opinio
871 3120 1043 3185 foret;
1076 3120 1168 3174 sed
1205 3121 1276 3172 ita
1302 3134 1425 3173 eum
1457 3120 1715 3183 sensisse,
1754 3120 1892 3173 haud

292 3213 413 3268 scio
447 3229 524 3267 an
560 3221 676 3265 tuto
727 3210 981 3265 aiiirmari
1022 3212 1208 3280 possit.
1238 3212 1418 3265 Potuit
1474 3212 1617 3266 enim
1674 3214 1893 3282 spiritus

293 3305 531 3359 nomine
570 3305 809 3357 animum
848 3305 914 3358 ab
951 3305 1126 3357 anima
1183 3304 1405 3357 rationis
1436 3316 1654 3372 experte
1704 3305 1894 3358 dissiti-

299 3484 469 3539 detur
516 3496 624 3540 tant
680 3486 1023 3541 confidenter
1067 3476 1448 3555 improbanda,
1503 3493 1562 3539 ut
1617 3501 1734 3538 eam
1792 3486 1895 3537 int-

298 3580 511 3645 probat
554 3578 890 3633 Gennadius.
947 3577 1263 3630 Lactantius
1313 3592 1445 3630 sane
1516 3577 1567 3629 in
1636 3576 1774 3629 libro
1824 3574 1897 3627 De

302 3667 530 3734 opiﬁcio
570 3669 658 3722 Dei
690 3686 813 3740 cap.
839 3671 929 3732 18,
962 3685 1066 3722 non
1096 3679 1201 3720 tam
1236 3667 1447 3721 facilem
1478 3669 1656 3722 solutu
1688 3668 1899 3719 censuit

304 3759 695 3823 qumstiouem,
722 3775 826 3826 qua
862 3761 1143 3828 qnzeritur,
1183 3767 1366 3810 utrum
1405 3759 1615 3811 aniums
1653 3758 1790 3810 ideut
1828 3756 1898 3808 sit

305 3860 438 3900 cum
493 3849 688 3902 anima.
727 3849 991 3919 Sequitur,
1037 3850 1232 3919 inquit,
1282 3848 1387 3901 alia
1430 3859 1476 3901 et
1523 3852 1633 3917 ipsa
1671 3848 1895 3902 inextri-

308 3939 502 3992 cabilis
544 3942 763 4010 qua‘stio
808 3955 825 3992 :
865 3942 1072 3994 idemne
1112 3941 1180 3993 sit
1223 3940 1422 4002 anima,
1465 3947 1514 3992 et
1561 3941 1800 4002 animus;
1830 3955 1897 3992 an

307 4034 429 4085 vero
460 4035 608 4087 aliud
657 4036 722 4088 sit
758 4034 914 4097 illud,
959 4048 1060 4104 quo
1105 4034 1346 4095 vivimus,
1389 4031 1537 4084 aliud
1577 4041 1750 4084 autem
1794 4048 1896 4101 quo

312 4124 589 4189 sentimus,
636 4134 683 4177 et
732 4126 990 4191 sapimus.
1047 4121 1169 4176 Non
1229 4126 1418 4175 desunt
1486 4132 1791 4190 argumenta
1845 4123 1897 4174 in

315 4228 588 4280 utramque
632 4226 857 4286 portent.
904 4214 1088 4269 Potuit
1137 4214 1303 4267 etiam
1360 4212 1619 4266 vocabulo
1683 4213 1897 4278 spiritus

316 4317 421 4358 non
456 4308 671 4361 tertiam
725 4307 1016 4375 quamdam
1059 4304 1418 4360 substantiam
1466 4302 1767 4371 intelligere
1807 4301 1897 4355 Di-

317 4397 529 4465 dymus,
560 4400 655 4454 sed
696 4398 877 4468 λόγον,
909 4399 961 4452 id
993 4408 1071 4452 est
1117 4406 1375 4460 mentem,
1416 4404 1509 4450 aut
1553 4396 1696 4448 aliud
1737 4394 1898 4465 quid-

317 4488 454 4555 piam
493 4491 562 4546 ab
593 4492 775 4545 anima
809 4492 1122 4544 distinctum
1157 4506 1263 4542 non
1290 4504 1353 4542 ea
1400 4488 1768 4549 distinctione,
1803 4501 1899 4555 per

1922 3257 1969 3314 C

294 3404 451 3450 etum
497 3395 818 3466 intelligere.
850 3395 980 3461 Qua:
1008 3399 1050 3448 si
1099 3395 1194 3449 fuit
1240 3394 1356 3460 ejus
1405 3395 1614 3462 Opinio,
1653 3409 1761 3448 non
1817 3394 1939 3447 vE-'

2006 2771 2144 2823 dona
2178 2772 2438 2839 designet.
2474 2768 2646 2835 Quam
2678 2782 2805 2820 vero
2854 2765 3118 2837 Didymus
3168 2766 3433 2833 probavit,
3487 2782 3591 2819 una

2007 2872 2090 2914 est
2124 2876 2188 2914 ex
2222 2861 2415 2923 tribus,
2451 2873 2587 2928 quas
2621 2858 2769 2911 hisce
2797 2858 2977 2911 verbis
3000 2858 3221 2925 exponit
3250 2869 3473 2910 saueius
3495 2857 3591 2911 do-

2005 2967 2161 3007 Ctor:
2206 2950 2362 3004 Multi
2404 2949 2718 3017 simpliciter
2750 2949 2887 2999 hunc
2923 2946 3092 2998 locum
3126 2947 3190 2999 de
3252 2948 3590 3000 resurrectio-

2007 3062 2068 3098 ne
2099 3044 2435 3113 intelligunt;
2482 3054 2533 3095 ut
2573 3050 2621 3095 et
2654 3043 2890 3111 spiritus,
2919 3048 2965 3094 et
3001 3042 3199 3103 anima,
3233 3050 3278 3093 et
3307 3056 3492 3107 corpus
3535 3042 3589 3093 in

2005 3139 2227 3191 adventu
2294 3135 2507 3189 Domini
2556 3136 2755 3204 integra
2812 3142 3198 3188 conserventur.
3232 3132 3338 3185 Alii
3378 3150 3442 3186 ea:
3495 3134 3590 3187 hoc

2004 3230 2116 3284 loco
2155 3230 2410 3295 triplicem
2444 3232 2496 3281 in
2544 3229 2752 3282 homine
2810 3228 2986 3281 volunt
3041 3227 3301 3296 aﬁirmare
3347 3224 3591 3280 substan-

2000 3325 2126 3384 (iam
2156 3338 2175 3376 :
2218 3321 2459 3390 spiritus,
2483 3337 2583 3389 quo
2611 3321 2860 3373 sentimus
2885 3336 2904 3383 ;
2945 3320 3161 3383 animre,
3188 3336 3293 3388 qua
3328 3319 3544 3372 vivimus
3569 3335 3588 3381 ;

1996 3415 2249 3476 corporis,
2280 3429 2379 3480 quo
2420 3413 2730 3464 incedimus.
2771 3409 2901 3463 Sunt
2936 3410 3025 3479 qui
3056 3425 3120 3463 ea:
3162 3412 3342 3463 anima
3364 3422 3586 3464 tantum.

1997 3514 2045 3553 et
2080 3518 2292 3568 corpore
2325 3501 2604 3553 subsistere
2657 3500 2917 3553 hominem
2965 3502 3298 3561 disserentes,
3351 3502 3588 3567 spiritum

1998 3591 2053 3643 in
2096 3607 2154 3643 eo
2195 3591 2410 3641 tertium
2458 3606 2558 3642 non
2610 3588 2957 3643 substantiam
3006 3589 3161 3643 velint
3211 3588 3454 3658 intelligi,
3500 3592 3589 3642 sed

1999 3681 2351 3750 e/ﬁcientiam,
2391 3695 2481 3747 per
2508 3696 2665 3748 quam
2697 3689 2744 3732 et
2776 3696 2918 3732 mens
2948 3681 3001 3733 iu
3034 3681 3201 3742 nobis,
3244 3690 3289 3732 et
3318 3696 3520 3741 sensus,
3542 3690 3588 3732 et

2000 3771 2270 3840 cogitatio,
2306 3779 2352 3821 et
2402 3769 2610 3820 animus
2654 3769 3004 3836 appellamur,
3032 3780 3078 3822 et
3128 3773 3300 3837 utique
3330 3787 3431 3821 non
3469 3781 3589 3823 sunt
3628 3830 3633 3833 _

2002 3876 2073 3918 tot
2105 3863 2429 3922 substantite.
2463 3869 2585 3929 quot
2620 3861 2854 3913 nomina.
2889 3858 3119 3929 Cumque
3158 3861 3294 3913 illud
3327 3862 3399 3915 eis
3430 3878 3590 3931 Oppo-

1998 3957 2160 4008 situm
2220 3952 2376 4020 fuerit
2414 3953 2478 4016 '9,
2521 3969 2540 4002 ‹
2567 3948 2885 4016 Βεηείίὶεἱιε,
2916 3951 3128 4018 spiritus
3179 3964 3224 4005 et
3258 3954 3447 4007 anima?
3494 3953 3590 4023 ju-

1999 4058 2197 4101 storum
2237 4045 2477 4109 Domino,
2520 4063 2538 4094 ι
2566 4043 2892 4110 Scripturam
2942 4059 3042 4096 nott
3084 4046 3364 4110 recipiunt,
3412 4049 3588 4100 dicen-

2000 4149 2073 4192 tes
2132 4154 2249 4206 eant
2305 4138 2359 4189 in
2407 4135 2667 4189 llebruico
2729 4150 2832 4188 non
2884 4135 3084 4187 haberi.
3160 4133 3273 4188 Nos
3323 4150 3491 4189 autem
3526 4140 3580 4189 in

1999 4228 2241 4296 prwseuti
2277 4225 2425 4292 loco,
2460 4235 2516 4278 ut
2547 4241 2713 4292 supra
2752 4224 3006 4287 diximus,
3043 4224 3307 4291 spiritum,
3340 4226 3427 4293 qui
3468 4242 3585 4277 cum

2002 4320 2177 4371 anima
2212 4328 2258 4371 et
2318 4333 2531 4385 corpore
2575 4319 2773 4384 integer
2807 4326 3160 4379 conservatur,
3203 4333 3303 4369 non
3345 4317 3588 4370 substan-

2001 4407 2127 4459 tiam
2152 4405 2380 4472 Spiritus
2406 4406 2603 4468 sancti,
2636 4404 2726 4474 qui
2760 4420 2862 4458 non
2892 4415 3056 4472 potest
3083 4407 3319 4467 interire,
3346 4413 3431 4461 sed
3467 4423 3592 4474 gru-

2003 4486 2101 4550 tias
2127 4496 2259 4562 ejus,
2279 4495 2684 4564 donationesque
2710 4496 3017 4564 accip‘mus,
3034 4512 3151 4565 quae
3182 4506 3363 4551 nostra
3387 4497 3462 4550 vel
3484 4501 3589 4551 vir-

319 4591 473 4645 quam
518 4583 826 4637 substantia
855 4581 1209 4650 distinguitur
1247 4596 1275 4634 a
1302 4580 1631 4642 substantia,
1661 4581 1752 4633 sed
1787 4594 1891 4647 qua
1926 4593 1974 4651 ι)
2002 4598 2129 4653 tute,
2148 4592 2223 4641 vel
2244 4590 2366 4642 vitio
2389 4599 2434 4641 et
2454 4588 2829 4653 accenduntur,
2848 4599 2894 4640 et
2917 4591 3323 4658 exstinguuntur
3341 4591 3393 4643 in
3419 4592 3577 4645 nobis.

320 4676 509 4729 modus
539 4675 897 4745 distinguitur
924 4690 952 4727 a
988 4674 1312 4740 substantia,
1338 4689 1431 4728 seu
1465 4688 1570 4742 qua
1600 4673 1674 4726 rei
1709 4671 1899 4725 modus

319 4762 661 4839 distinguitur
685 4770 753 4820 ab
782 4767 898 4836 ipsa
930 4779 1007 4831 re,
1034 4766 1185 4833 cujus
1214 4775 1295 4819 est
1330 4765 1539 4819 modus.

389 4857 588 4914 Verum
621 4873 959 4928 quaecunque
999 4859 1159 4912 interit
1194 4856 1422 4926 theologi
1476 4855 1646 4910 nostri
1686 4865 1903 4908 senten-

322 4947 412 5013 tia,
442 4952 637 5006 eodem
673 4967 782 5020 quo
813 4951 927 5021 ipse
963 4951 1121 5005 modo
1148 4958 1201 5004 et
1230 4949 1585 5018 Augustinaes,
1615 4956 1669 5002 et
1715 4948 1902 5004 lliero—

321 5053 506 5108 nytnus
546 5042 712 5097 locuti
773 5051 920 5098 sunt.
984 5040 1116 5094 Nam
1166 5039 1254 5095 ille
1294 5041 1510 5109 quidem
1565 5041 1617 5093 in
1670 5050 1901 5093 tractatu

324 5133 394 5187 lle
439 5135 691 5206 Symbolo
754 5136 855 5190 tria
887 5135 940 5189 in
983 5135 1202 5191 herniae
1268 5132 1566 5203 distinguit,
1626 5135 1897 5204 spiritum,

322 5228 577 5291 animam,
613 5238 668 5283 et
717 5243 934 5297 corpus.
990 5228 1088 5282 Hic
1116 5242 1245 5281 vero
1294 5226 1388 5281 lib.
1416 5242 1456 5280 ιι
1512 5225 1801 5279 Comment.
1848 5228 1903 5279 in

329 5320 475 5375 Amos
532 5336 658 5389 cap.
700 5319 755 5384 5,
804 5337 926 5392 pag.
987 5320 1114 5382 ετξ),
1149 5323 1227 5375 sic
1259 5320 1493 5388 loquitur
1546 5336 1559 5372 :

330 5424 345 5454 ι
379 5421 513 5465 creat
546 5413 834 5480 spiritum;
879 5432 895 5463 ι
939 5430 1088 5481 quem
1121 5414 1174 5465 in
1227 5415 1322 5464 hac
1368 5412 1480 5463 loco
1512 5426 1614 5462 non
1650 5408 1906 5477 Spiritum

327 5513 575 5568 sanctum,
634 5513 694 5557 ut
744 5506 976 5558 lueretici
1030 5505 1401 5570 suspicantur;
1437 5502 1525 5554 sed
1576 5512 1781 5554 ventum
1824 5501 1905 5553 iu-

329 5594 620 5661 tellzgimus,
658 5597 764 5648 sive
806 5595 1047 5663 spiritum
1092 5594 1353 5654 hominis;
1410 5592 1533 5660 quia
1576 5610 1593 5640 ι
1633 5608 1778 5645 nemo
1804 5593 1905 5644 scit

330 5693 434 5745 qme
466 5695 586 5737 sunt
616 5692 671 5740 in
695 5685 923 5749 homine,
943 5687 1041 5738 nisi
1070 5686 1286 5753 spiritus
1314 5686 1403 5753 qui
1434 5684 1486 5735 in
1514 5699 1573 5736 eo
1605 5694 1677 5736 est
1713 5682 1846 5745 ³⁵...;
1877 5703 1895 5735 ι

391 5854 432 5886 ⁸⁸
472 5857 490 5912 Ι
539 5861 668 5916 Cor.
703 5876 763 5927 tt,
806 5858 885 5915 Η.
966 5862 1009 5894 ⁷⁸⁸
1043 5862 1234 5932 Ephes.
1276 5879 1326 5927 ν,
1367 5862 1448 5916 Η.
1527 5863 1569 5893 ³⁸
1617 5861 1741 5917 ibid.

1611 5337 1628 5369 ι
1654 5317 1764 5372 Iste
1814 5319 1904 5387 qui

1824 5864 1866 5892 ³⁷
1900 5862 2096 5917 Ειρυιι.
2138 5878 2288 5928 xvm,
2341 5863 2425 5915 20.

2183 4681 2311 4735 CAP.
2351 4678 2415 4733 V.
2478 4678 2555 4733 De
2584 4683 2909 4747 processioue
2954 4680 3184 4749 Spiritus
3220 4682 3408 4737 sancti.

2078 4771 2357 4826 Catholice
2391 4769 2674 4838 Didymum
2708 4771 2774 4823 de
2806 4772 3150 4837 processione
3180 4770 3415 4838 Spiritus
3461 4788 3585 4826 san-

2016 4865 2086 4918 cti
2124 4865 2383 4927 sensisse,
2415 4863 2558 4930 quod
2588 4863 2731 4916 hunc
2772 4877 2877 4915 non
2909 4877 2938 4915 a
2986 4860 3145 4916 Patre
3183 4863 3379 4929 solum,
3410 4867 3502 4919 sed
3534 4876 3590 4922 et

2008 4970 2036 5007 a
2078 4953 2211 5007 Filio
2259 4953 2557 5022 procedere
2607 4952 2868 5014 docuerit,
2920 4960 3026 5004 tam
3065 4965 3268 5005 certum
3301 4966 3382 5008 est
3425 4971 3584 5021 quant

2009 5044 2149 5113 quod
2197 5042 2449 5095 maxime.
2485 5040 2625 5107 Quid
2652 5041 2794 5093 eniut
2852 5040 3072 5107 clarius,
3108 5044 3387 5111 magisque
3447 5042 3588 5097 Pho-

1994 5138 2281 5192 .tianorum
2311 5134 2658 5203 blasphemiae
2691 5134 3046 5198 contrarium,
3078 5148 3237 5203 quam
3278 5150 3395 5202 quae
3439 5134 3488 5187 in
3523 5133 3590 5187 li-

2012 5230 2109 5284 hro
2146 5228 2221 5281 De
2261 5228 2469 5296 Spiritu
2521 5237 2703 5280 sancto
2738 5228 2837 5279 hac
2869 5227 2935 5280 de
2970 5244 3026 5281 re
3056 5227 3319 5295 legimus?
3352 5227 3589 5282 Numero

2011 5322 2226 5389 quidem
2259 5319 2328 5372 54
2368 5318 2484 5387 ejus
2513 5318 2632 5371 libri
2662 5316 2854 5371 Filium
2888 5318 2952 5371 de
2978 5317 3179 5386 Spiritu
3203 5329 3386 5372 sancto
3409 5320 3485 5375 sic
3514 5321 3587 5373 lo—

2007 5422 2256 5482 quentem
2277 5411 2480 5465 inducit
2501 5427 2515 5464 :
2538 5409 2621 5464 Ex
2635 5408 2791 5463 Patre
2812 5409 2996 5484 [XLII]
3017 5423 3062 5465 et
3089 5427 3168 5464 me
3188 5422 3260 5464 est
3282 5428 3298 5464 :
3318 5414 3413 5465 hac
3441 5417 3580 5469 enim

2007 5506 2174 5570 ipsum
2216 5504 2353 5573 quod
2382 5503 2637 5565 subsistit,
2668 5511 2713 5555 et
2748 5502 2999 5572 loquitur,
3036 5519 3068 5554 α
3098 5499 3282 5568 Patre,
3323 5514 3370 5556 et
3398 5522 3475 5559 me
3506 5506 3583 5557 illi

2006 5604 2103 5648 est.
2139 5592 2376 5648 Numero
2405 5603 2586 5646 autem
2626 5592 2716 5656 37,
2757 5595 2837 5646 sic
2878 5588 3116 5662 loquitur
3150 5612 3163 5648 ε
3220 5595 3397 5666 Neque
3444 5599 3579 5651 enim

2007 5686 2134 5755 quid
2166 5684 2313 5737 aliud
2347 5693 2424 5738 est
2453 5682 2649 5749 Filius,
2686 5685 2912 5752 exceptis
2953 5686 3036 5739 his
3068 5702 3183 5754 qua:
3212 5688 3257 5740 ei
3311 5689 3504 5741 duntur
3549 5707 3581 5741 α

2506 5864 2550 5893 ³⁸
2593 5863 2607 5917 l
2646 5862 2832 5918 Thess.
2872 5880 2921 5931 ν,
2960 5865 3048 5919 25.
3129 5869 3171 5898 ³⁵⁷
3198 5868 3326 5919 Dan.
3374 5881 3449 5917 ιιι,
3487 5861 3576 5918 36.
