4108 6470
538 435 639 488 137

2024 391 2110 490 ne
2138 435 2393 491 oxovuo

3703 437 3822 496 183

537 545 728 607 Patre;
782 564 942 618 neque
993 549 1100 601 alia
1159 549 1457 602 substantia
1520 558 1593 603 est
1633 547 1863 618 Spiritus
1917 551 2086 604 sancti
2105 598 2122 626 ,
2150 552 2199 611 Α
2229 557 2354 614 tein,
2394 546 2509 602 sive
2539 545 2748 600 initium
2781 543 2950 600 ﬁdet?
3001 543 3081 599 Ab
3117 559 3180 600 eo
3214 560 3366 612 sane,
3395 548 3488 616 qui
3517 556 3639 602 ante
3668 553 3826 604 scri-

533 652 723 708 prazter
756 640 810 691 id
838 641 978 708 quod
1011 640 1170 692 datur
1203 643 1249 693 ei
1286 658 1318 694 a
1357 639 1519 693 Filio.

606 727 679 776 At-
707 724 757 776 in
795 725 947 778 libris
981 724 1057 778 De
1097 723 1372 789 Trinitate,
1407 726 1646 792 inquies,
1680 727 1877 794 saepius
1912 725 1990 782 ait
2025 726 2119 780 Di-

535 815 726 884 dyinus
763 813 1023 883 Spiritum
1075 827 1320 870 sanctum
1362 831 1390 870 a
1426 815 1590 872 Patre
1642 819 1861 888 quidem
1921 832 2112 887 proce-

537 905 683 965 dere,
719 905 772 959 in
806 905 942 960 Filio
969 917 1149 962 autem
1181 916 1272 962 aut
1305 909 1442 978 apud
1477 909 1671 963 Filium
1723 925 1964 965 manere.
2006 909 2116 964 Ve-

541 1011 662 1049 rum
698 998 812 1050 haec
838 1004 964 1052 item
1007 999 1194 1052 utalia
1225 999 1466 1066 ejusdem
1504 1001 1669 1063 modi,
1699 1016 1819 1069 quae
1866 1015 2119 1070 regerere

540 1087 658 1154 quis
685 1097 887 1156 posset,
915 1089 1048 1142 satis
1077 1087 1182 1157 iam
1215 1097 1442 1144 tractata
1471 1106 1534 1144 ac
1549 1091 1713 1144 diluta
1745 1101 1870 1146 sunt
1895 1107 1927 1145 a
1949 1107 2033 1147 me
2061 1093 2116 1146 in

539 1179 770 1246 epistola
795 1179 859 1232 ad
893 1182 1362 1249 przeclarissimum
1405 1183 1688 1252 prtesulem
1715 1183 1978 1238 Joannem
2011 1187 2116 1238 Ar-

540 1271 800 1326 chintum.
838 1271 1040 1344 Nempe
1063 1275 1186 1328 dum
1221 1275 1298 1328 ait
1336 1276 1614 1347 Didymus,
1675 1275 1873 1330 Filium
1907 1293 2118 1332 manere

541 1365 683 1434 apud
716 1364 944 1429 Putrem,
990 1366 1120 1419 nihil
1152 1366 1295 1421 aliud
1333 1370 1473 1434 vult,
1520 1368 1622 1424 nisi
1680 1384 1796 1421 eam
1852 1369 2114 1431 indicare,

541 1469 703 1522 quam
759 1454 987 1524 theologi
1026 1466 1218 1510 vocant
1267 1457 1572 1510 divinarum
1611 1472 1965 1527 personarum
2006 1461 2114 1512 cir-

541 1547 1010 1600 cuminsessionem.
1049 1547 1210 1617 quue
1243 1563 1306 1602 ex
1357 1563 1421 1603 eo
1454 1549 1612 1603 etiam
1671 1552 1997 1605 conllrmare
2050 1551 2114 1605 li-

545 1643 650 1695 cet,
685 1636 822 1701 quod
857 1636 991 1690 libro
1019 1653 1080 1699 ιι,
1112 1653 1230 1705 pag.
1259 1637 1384 1700 500,
1422 1647 1607 1706 aperte
1648 1639 1812 1702 dicat,
1851 1638 2114 1708 Spiritum

545 1734 788 1777 sanctum
822 1741 1038 1780 manere
1066 1727 1204 1794 apud
1247 1726 1496 1791 Patrem;
1547 1744 1645 1782 nec
1673 1731 1814 1782 enim
1849 1732 1988 1798 apud
2019 1730 2119 1785 Pa-

545 1827 680 1870 trem
726 1818 796 1870 ita
859 1827 1041 1872 manet
1101 1816 1357 1886 profecto,
1417 1830 1475 1873 ut
1528 1820 1595 1874 ab
1631 1819 1743 1888 ipso
1797 1819 1956 1876 Patre
2006 1839 2114 1877 non

493 1970 496 1972 γ
541 1908 814 1978 procedat.

926 1998 1055 2053 CAP.
1092 2000 1174 2052 \'l.
1220 1999 1294 2052 De
1322 2000 1497 2053 dicina
1536 2001 1733 2069 gratia.

611 2088 743 2144 Cum
795 2099 920 2142 ante
990 2100 1230 2154 exortas,
1297 2092 1651 2146 damnatasve
1707 2091 2117 2162 Pelagianorum

541 2196 605 2236 ac
665 2181 1215 2250 Semipelagianorum
1279 2185 1512 2238 haereses
1579 2185 1774 2239 obierit
1841 2187 2119 2257 Didymus,

544 2273 738 2327 mirum
777 2275 976 2326 nemini
1007 2275 1178 2328 videri
1215 2275 1392 2340 debet,
1431 2277 1474 2330 si
1516 2277 1587 2330 ita
1629 2287 1787 2331 caute
1833 2278 1899 2331 de
1941 2279 2118 2332 divina

548 2365 717 2431 gratia
750 2365 964 2419 locutus
998 2367 1192 2434 ubique
1220 2383 1324 2420 non
1370 2369 1462 2432 sit,
1495 2379 1550 2422 ut
1581 2369 1617 2423 ii
1667 2369 1756 2438 qui
1794 2379 1914 2438 post
1974 2371 2126 2425 Pela—

543 2457 702 2523 giana
750 2465 984 2524 tempora
1027 2457 1378 2526 scripserunt.
1440 2459 1704 2514 Nimirum
1763 2462 2014 2515 nonnulla
2066 2463 2120 2515 in

545 2559 611 2597 eo
651 2547 872 2614 reperiri
905 2548 1130 2602 candide
1165 2548 1360 2613 lateor,
1385 2565 1502 2618 qua:
1532 2551 1575 2604 si
1607 2552 1815 2620 quinto,
1851 2561 1942 2605 aut
1972 2562 2124 2606 sexto

547 2637 801 2694 Ecclesite
831 2640 1027 2694 saeculo
1073 2643 1270 2696 dictata
1312 2641 1506 2707 forent,
1554 2645 1641 2698 vix
1673 2661 1735 2699 ac
1786 2661 1852 2699 ne
1884 2646 1972 2699 vix
2003 2647 2124 2714 qui-

547 2728 666 2782 dem
721 2745 749 2782 a
824 2730 1344 2800 Semipelagiamsmi
1403 2735 1524 2788 labe
1597 2736 1855 2789 immunia
1910 2737 2126 2792 sincero

549 2821 797 2889 theologo
831 2822 999 2876 videri
1035 2836 1280 2892 possent.
1323 2826 1521 2880 Verum
1560 2843 1701 2898 saepe
1747 2829 2026 2897 contingit,
2065 2839 2124 2882 ut

543 2927 646 2965 una
688 2915 985 2984 eademque
1044 2916 1242 2971 locutio
1289 2933 1391 2972 non
1444 2920 1688 2974 eamdem
1746 2936 1961 2989 semper
2014 2923 2121 2975 vim

546 3003 737 3057 habeat
759 3043 775 3068 ,
820 3021 883 3059 ac
914 3005 1264 3070 sententiam,
1297 3008 1388 3060 sed
1421 3011 1653 3064 diversis
1687 3001 2019 3079 temporibus
2045 3013 2124 3067 di-

546 3111 705 3151 verso
741 3099 900 3153 modo
953 3103 1270 3170 accipiatur.
1306 3104 1441 3168 Quid
1488 3119 1616 3173 ergo
1675 3104 1952 3172 miremur,
1984 3107 2026 3159 si
2059 3105 2124 3160 de

548 3205 614 3242 eo
646 3190 862 3260 quidem
907 3193 1141 3248 maxime
1191 3194 1453 3250 sollicitus
1504 3211 1718 3265 semper
1750 3197 1912 3251 fuerit
1958 3199 2121 3269 Didy-
2150 3224 2192 3281 ο

550 3295 689 3340 nius.
743 3290 800 3334 ut
834 3281 1040 3336 arbitrii
1077 3284 1381 3338 libertatem
1439 3296 1727 3351 astrueret,
1767 3303 1994 3358 eamque
2046 3290 2120 3343 ita

547 3371 864 3437 defenderit,
894 3385 949 3430 ut
979 3377 1173 3431 divina:
1212 3380 1398 3448 gratiae
1427 3381 1803 3434 necessitatem
1839 3398 1942 3434 non
1975 3398 2120 3435 sem—

547 3478 645 3532 per
674 3477 929 3532 expresse
975 3469 1286 3532 nominarit,
1318 3471 1410 3524 sed
1443 3470 1628 3524 lectori
1663 3471 1956 3540 aliquando‘
1984 3472 2118 3526 sub-

551 3554 945 3622 intelligendam
1013 3559 1323 3627 reliquerit;
1391 3577 1514 3615 cum
1569 3576 1630 3615 ea
1681 3560 1923 3616 ﬂoruerit
1983 3573 2122 3617 tem-

547 3655 907 3715 pestate,qna
963 3647 1237 3703 Mauicbazi
1282 3651 1500 3720 quidem
1551 3651 1853 3708 libertatem
1914 3655 2121 3711 arbitrii

551 3737 616 3790 de
657 3739 830 3791 medio
885 3739 1130 3794 tollentes
1192 3741 1482 3796 Ecclesium
1529 3746 1814 3810 vexabant,
1873 3745 2123 3814 Pelagius

548 3844 677 3882 vero
731 3831 1029 3885 libertatem
1074 3834 1280 3888 arbitrii
1329 3837 1488 3889 nimis
1538 3836 1864 3899 extollendo,
1917 3837 2111 3892 divinze

551 3922 736 3990 gratiae
765 3925 829 3976 ad
872 3925 1006 3978 bona
1039 3940 1103 3978 ac
1137 3927 1390 3980 salutaria
1435 3942 1595 3994 Opera
1634 3928 1994 3996 perpetranda
2026 3943 2123 3982 ne-

551 4014 855 4067 cessitatem
901 4017 1132 4069 nondum
1164 4017 1493 4072 sustulerat?

625 4104 753 4168 Qua:
779 4119 897 4157 cum
937 4106 1005 4158 ita
1037 4120 1095 4159 se
1127 4107 1374 4169 habeant,
1410 4105 1608 4167 mullus,
1641 4116 1695 4159 ut
1731 4122 1871 4171 reor,
1915 4106 2122 4177 Didymi

557 4193 702 4247 licus
738 4195 983 4264 tht-ologo
1006 4197 1271 4263 mquitatis
1312 4195 1515 4248 amanti
1574 4195 1696 4250 talis
1743 4197 2031 4263 videbitur,
2070 4206 2127 4251 ut

555 4290 876 4356 persuadere
908 4290 1104 4352 Valeat,
1135 4289 1419 4358 Didymum
1447 4290 1740 4352 erroribus,
1769 4291 1858 4359 qui
1893 4292 1943 4344 in
1975 4288 2126 4344 Pela-

554 4379 640 4446 gio
670 4391 760 4431 aut
795 4379 846 4432 in
885 4379 1329 4448 Setnipelagianis
1363 4390 1544 4448 postea
1585 4382 1819 4434 damnati
1853 4392 1996 4444 sunt,
2027 4383 2124 4436 ad-

557 4469 796 4522 ha:sisse.
825 4471 901 4521 Ac
932 4469 982 4520 in
1017 4468 1100 4521 his
1129 4470 1341 4537 quidem
1390 4469 1461 4522 De
1503 4469 1758 4523 Trinitate
1787 4470 1939 4526 libris
1991 4470 2125 4524 nihil

2222 639 2404 704 bebat,
2430 653 2591 709 quam
2623 636 2779 691 (idem
2814 636 3160 706 incipientem
3197 636 3610 710 Semipelagiani
3643 658 3671 696 a
3707 643 3827 698 fide

2219 729 2424 793 adulta,
2453 728 2618 782 utsic
2653 726 2867 797 loquar,
2908 738 3279 793 secernerent,
3313 737 3368 783 et
3399 731 3560 794 hanc,
3600 747 3704 785 non
3745 733 3823 788 il-

2219 818 2334 874 lam
2384 819 2577 874 divinte
2612 819 2797 888 gratia:
2848 816 3166 884 tribuerent,
3201 819 3342 885 exigi
3395 819 3518 886 jure
3551 838 3656 875 non
3709 838 3815 892 po-

2220 919 2347 975 test,
2371 920 2428 964 ut
2457 909 2662 976 apertis
2690 909 2870 963 verbis
2899 909 3062 971 dicat,
3114 924 3177 961 ex
3224 909 3407 963 divina
3457 914 3632 980 gratia
3685 931 3820 971 esse

2219 1017 2324 1056 non
2363 1001 2702 1069 incipientem
2735 1001 2918 1063 modo,
2949 1003 3040 1054 sed
3077 1008 3132 1053 et
3162 1013 3468 1066 provectam
3513 1003 3694 1060 ﬁdem.

2292 1093 2542 1149 Secundo
2611 1093 2788 1157 docet,
2858 1092 3090 1161 gratiam
3164 1092 3445 1147 nobiscum
3508 1100 3811 1162 cooiierari.

2219 1187 2352 1241 Nam
2401 1185 2578 1254 capite
2624 1185 2648 1237 1
2706 1183 3075 1236 Enarrationis
3107 1185 3160 1236 in
3190 1181 3358 1250 Epist.
3401 1183 3589 1239 Jacobi
3619 1204 3637 1241 :
3702 1187 3811 1254 Qui

2221 1277 2440 1340 fruitur,
2467 1276 2659 1344 inquit,
2692 1290 2885 1328 corona
2915 1272 3245 1336 deliciarum,
3273 1285 3324 1326 et
3356 1278 3445 1344 qui
3479 1277 3642 1331 habet
3673 1297 3810 1346 gra-

2221 1369 2346 1422 tiam
2374 1369 2464 1421 Dei
2492 1375 3162 1435 cooperantem,coronam
3185 1367 3477 1432 gratiarum
3501 1372 3748 1440 percipit.
3782 1391 3801 1425 ι

2220 1457 2504 1524 Similique
2542 1458 2702 1510 modo
2738 1456 2789 1508 in
2841 1465 3031 1510 catena
3078 1453 3406 1509 Corderiana
3446 1459 3510 1511 atl
3567 1476 3710 1514 vers.
3769 1477 3808 1514 ιι

2220 1549 2407 1617 psalmi
2445 1564 2495 1610 L,
2519 1563 2640 1616 pag.
2671 1547 2778 1600 995
2809 1564 2820 1599 :
2851 1545 2947 1617 τὴν
2973 1545 3110 1599 Θεοῦ
3142 1548 3485 1619 συνέργειαν,
3521 1552 3571 1604 id
3599 1564 3678 1606 est
3709 1553 3810 1608 Dei

2220 1639 2658 1706 cooperationem,
2685 1653 2783 1691 seu
2807 1638 3038 1705 gratiam
3061 1649 3460 1706 c00perantem,
3485 1656 3549 1694 ex
3573 1658 3674 1709 qua
3701 1644 3810 1696 vir-

2222 1738 2306 1783 tus
2339 1729 2708 1798 sit,agnoscit,
2729 1740 2784 1781 ut
2806 1728 3008 1797 patebit
3047 1743 3110 1784 ex
3139 1729 3318 1783 verbis
3339 1747 3466 1783 mox
3493 1731 3806 1789 all‘ercndis.

2294 1820 2478 1873 Tertio
2509 1820 2684 1883 docet,
2718 1836 2820 1871 non
2849 1809 3054 1872 viribus
3082 1820 3302 1884 nostris,
3329 1820 3426 1873 sed
3445 1821 3639 1877 divina:
3671 1839 3803 1893 gra-

2150 1897 2192 1952 Β
2225 1911 2310 1965 tite
2351 1910 2694 1963 tribuendum
2728 1924 2866 1972 esse,
2909 1910 2951 1962 si
2988 1925 3090 1963 non
3133 1910 3524 1979 dclinqnmuus.
3572 1913 3704 1966 Nam
3747 1918 3804 1971 in

2223 2002 2392 2056 citato
2425 2010 2630 2054 calente
2661 1999 3006 2054 Corderiana:
3052 2000 3168 2054 loco
3197 2002 3275 2054 sic
3304 2003 3539 2070 loquitur
3575 2024 3588 2058 :
3629 2004 3731 2068 Ne,
3759 2008 3807 2061 si

2222 2109 2324 2146 non
2380 2093 2758 2161 delinquerent,
2807 2092 3032 2160 propriis
3071 2092 3287 2156 viribus,
3337 2110 3439 2146 non
3497 2112 3613 2148 vero
3664 2096 3804 2151 Θεοῦ

2224 2183 2536 2255 συνεργείᾳ,
2567 2183 2620 2236 id
2649 2191 2733 2237 est
2764 2182 2858 2235 Dei
2881 2184 3258 2250 cooperationi,
3296 2185 3533 2238 rirtutem
3573 2189 3804 2241 ascribe-

2223 2286 2356 2331 rent.
2396 2278 2458 2329 Et
2493 2285 2671 2345 capite
2708 2275 2741 2328 5
2785 2274 3156 2328 Enarrationis
3181 2278 3233 2328 in
3268 2273 3367 2343 Ep.
3404 2274 3433 2328 1
3463 2277 3686 2332 Joannis
3717 2295 3809 2332 ex-

2224 2368 2428 2433 plicans
2456 2368 2569 2421 htec
2617 2366 2800 2430 verba,
2836 2366 2937 2431 Qui
2970 2377 3122 2420 natus
3157 2374 3232 2419 est
3268 2383 3330 2419 ex
3357 2365 3484 2430 Deo,
3523 2378 3689 2421 servat
3722 2386 3808 2424 se-

2226 2458 2522 2523 metipsum,
2555 2468 2602 2509 et
2633 2455 2895 2524 malignus
2925 2472 3026 2509 non
3057 2457 3221 2525 tangit
3254 2473 3368 2509 eum
3394 2456 3461 2520 5",
3497 2469 3677 2525 aperte
3704 2460 3802 2525 ait,

2225 2547 2494 2600 hominem
2523 2562 2628 2600 non
2689 2547 2820 2600 solis
2872 2547 2983 2601 suis
3035 2547 3256 2613 viribus,
3301 2549 3392 2600 sed
3437 2563 3529 2616 per
3576 2551 3804 2618 gratiam

2224 2654 2431 2692 servare
2460 2654 2513 2691 se
2541 2653 2568 2689 a
2604 2650 2861 2707 peetato;
2892 2655 3038 2691 onum
3073 2647 3128 2692 ut
3177 2641 3435 2695 custodia)
3470 2653 3667 2695 nostra,
3720 2641 3804 2696 di-

2225 2735 2347 2784 vina
2388 2729 2599 2802 [XLIII]
2633 2733 2874 2786 custodia
2927 2733 3248 2801 adjnngatur
3280 2737 3640 2788 necessarium
3686 2750 3805 2790 esse

2226 2823 2492 2884 afﬁrmat;
2544 2825 2622 2878 sic
2660 2827 2801 2877 enim
2833 2825 3070 2892 loquitur
3103 2844 3115 2878 :
3155 2824 3212 2879 Si
3243 2827 3358 2894 quis
3393 2839 3566 2880 autem
3621 2839 3805 2883 semet-

2226 2914 2395 2978 ipsum
2423 2923 2746 2978 servat,orat
2775 2916 3029 2967 divinitus
3061 2918 3339 2978 custodiri,
3361 2928 3412 2969 ut
3439 2920 3664 2970 intactus
3689 2935 3804 2984 per-

2226 3014 2436 3057 maneat
2475 3022 2507 3057 a
2557 3006 2806 3074 maligno.
2869 3003 3201 3075 Pi'wceptum
3255 3023 3474 3078 namque
3532 3010 3801 3071 custodite,

2225 3112 2340 3162 qua:
2396 3096 2571 3148 studio
2625 3105 2802 3148 nostra
2831 3097 2913 3164 ﬁt,
2962 3097 3058 3149 hoc
3087 3107 3163 3150 est
3215 3099 3352 3166 quod
3388 3100 3508 3152 ait:
3545 3119 3561 3149 ι
3588 3099 3804 3154 Custodi

2227 3199 2371 3239 tuum
2399 3204 2490 3240 cor
2513 3186 2578 3251 "",
2615 3205 2633 3238 ι
2669 3200 2719 3242 et
2754 3197 2869 3255 past
2893 3205 3061 3255 pauca
3085 3205 3102 3241 :
3125 3207 3144 3239 ι
3185 3187 3455 3242 Custodite
3485 3207 3567 3243 vos
3593 3192 3653 3243 ab
3689 3191 3804 3246 ido-

2226 3277 2291 3332 lis
2321 3280 2385 3330 δ’.
2423 3297 2442 3330 ι
2509 3276 2778 3332 ϐυιιοιιὶίε
2817 3295 2931 3333 vero
2979 3280 3169 3332 dicina:
3211 3284 3496 3348 exemplum
3543 3289 3618 3334 est
3665 3283 3803 3351 quod

2225 3371 2299 3422 ait
2327 3386 2347 3425 :
2386 3387 2404 3420 ι
2436 3371 2675 3436 Domine,
2691 3372 2919 3424 servabis
2943 3387 3056 3434 nos,
3085 3384 3130 3424 et
3149 3373 3410 3426 custodies
3441 3389 3552 3426 nos.
3587 3392 3605 3422 δ
3646 3373 3707 3425 Et
3739 3375 3804 3426 il-

2225 3460 2316 3513 lud
2346 3477 2363 3514 :
2402 3479 2419 3512 ι
2449 3459 2556 3515 Sub
2584 3462 2770 3514 umbra
2795 3461 2999 3513 alarum
3032 3471 3240 3512 tuarum
3260 3474 3466 3530 protcge
3493 3479 3571 3515 me
3587 3462 3653 3515 “.
3681 3483 3701 3515 ι
3737 3463 3800 3516 Et

2226 3550 2356 3603 illud
2390 3567 2408 3605 :
2450 3568 2470 3601 ι
2504 3550 2662 3603 Ραιει·
2695 3564 2888 3613 sancte,
2917 3551 3122 3602 custodi
3154 3567 3238 3604 eos
3275 3551 3340 3603 “.
3377 3571 3395 3603 ι
3561 3619 3567 3624 α

2301 3643 2520 3696 Demum
2566 3642 2740 3694 omnia
2784 3643 3004 3694 omnino
3055 3655 3239 3709 opera,
3294 3657 3412 3711 quae
3459 3645 3524 3696 ad
3569 3643 3792 3699 salutem

2226 3735 2528 3794 conferant,
2582 3733 2810 3802 ideoque
2849 3733 3011 3786 etiam
3061 3733 3271 3786 initium
3323 3734 3465 3796 ﬁdei,
3514 3751 3582 3788 ex
3627 3737 3800 3790 divina

2227 3826 2398 3896 gratia
2426 3839 2548 3879 esse
2585 3824 2826 3892 pluribus
2852 3825 2904 3878 in
2938 3825 3071 3880 locis
3100 3837 3399 3880 asseverat.
3429 3826 3501 3880 Ita
3529 3828 3578 3879 in
3604 3828 3798 3881 Corde-

2228 3917 2378 3970 riaua
2410 3927 2602 3968 catena
2660 3917 2726 3969 ad
2762 3931 2908 3970 vers.
2966 3915 3039 3969 ΞΟ
3087 3918 3275 3986 psalmi
3324 3934 3448 3972 itcnt
3495 3935 3611 3987 pag.
3659 3918 3798 3972 956:

2228 4008 2449 4072 Curam,
2494 4009 2686 4077 inquit,
2717 4011 2881 4062 nostri
2917 4010 3092 4072 habes,
3142 4009 3382 4062 Domine.
3429 4008 3573 4062 Unde
3597 4011 3801 4080 si.quid

2227 4101 2372 4152 adest
2394 4099 2541 4152 nobis
2567 4099 2700 4157 boui.
2727 4101 2917 4152 scimus
2937 4099 2989 4150 id
3011 4100 3199 4167 ipsum,
3226 4112 3682 4170 qumrtumcunque
3708 4113 3798 4163 est,

2227 4207 2259 4242 a
2293 4199 2340 4242 te
2366 4192 2523 4242 etiam
2546 4191 2812 4243 exsistere.
2845 4189 2909 4241 Et
2939 4190 3034 4244 lib.
3073 4206 3107 4244 ιι
3145 4191 3216 4244 De
3243 4191 3388 4245 Trin.
3424 4209 3543 4261 pag.
3573 4192 3667 4245 167
3698 4193 3805 4245 haec

2229 4280 2431 4334 habet:
2468 4278 2652 4344 'Quod
2701 4295 2878 4343 neinpe
2923 4280 3035 4332 sine
3094 4279 3325 4346 Spiritus
3375 4282 3543 4333 sancti
3585 4281 3803 4333 adventu

2231 4373 2377 4424 nulla
2405 4373 2549 4424 nobis
2575 4373 2645 4423 ad
2680 4372 2863 4423 'Deum
2891 4373 2952 4422 sit
2994 4372 3068 4422 vis
3106 4380 3194 4422 aut
3237 4388 3371 4437 spes.
3423 4370 3487 4422 Et
3538 4387 3657 4440 pag.
3705 4371 3805 4424 282

2231 4463 2494 4528 allirmat,
2533 4461 2735 4516 nullum
2771 4473 3067 4515 creaturam
3092 4463 3282 4515 bonum
3315 4462 3502 4514 habere
3539 4461 3648 4514 sine
3692 4461 3806 4528 Spi-

557 4558 660 4609 tale
689 4568 920 4618 exstare,
959 4558 1090 4612 satis
1120 4573 1148 4610 a
1184 4573 1267 4610 me
1300 4566 1572 4611 ostensum
1605 4569 1733 4627 puto
1763 4575 1882 4613 cum
1912 4560 1962 4612 in
2015 4562 2126 4628 epi-
2160 4554 2203 4608 D
2235 4559 2335 4610 ritu
2364 4565 2558 4609 sancto.
2578 4554 3100 4607 Acdemuminlibro
3128 4553 3199 4606 De
3225 4551 3429 4620 Spiritu
3455 4561 3638 4607 sancto
3663 4569 3802 4604 num.

555 4648 712 4711 stola,
743 4663 901 4716 quam
927 4647 1081 4714 paulo
1113 4659 1236 4702 ante
1289 4649 1600 4712 memoravi,
1641 4659 1749 4704 tum
1787 4651 1838 4704 in
1898 4652 2127 4704 adnota-

556 4740 788 4792 tionibus
820 4755 940 4809 pag.
985 4739 1041 4793 H
1074 4750 1126 4792 et
1162 4740 1284 4797 270.
1313 4741 1463 4807 Quod
1496 4756 1620 4794 vero
1672 4750 1874 4809 spectat
1905 4743 1970 4794 ad
2026 4743 2127 4796 alia

558 4826 766 4897 Didymi
801 4845 984 4898 Opera,
1025 4831 1073 4883 id
1105 4832 1276 4898 ipsum
1309 4847 1447 4884 nunc
1480 4831 1715 4885 breviter
1746 4832 2129 4886 demonstrau-

557 4919 682 4973 dum
715 4931 817 4975 est.
848 4923 950 4974 Sed
981 4933 1267 4992 antequam
1315 4922 1414 4976 hoc
1449 4931 1718 4990 przestem,
1751 4933 1983 4991 quatuor
2007 4939 2131 4992 pro-

556 5027 754 5082 ponere
786 5013 958 5082 placet
999 5014 1180 5078 eﬂ‘ata,
1216 5014 1332 5067 sive
1386 5013 1652 5082 dogmata,
1687 5030 1806 5083 quae
1832 5015 1898 5068 ab
1927 5030 1990 5070 eo
2040 5030 2132 5084 po-

558 5106 825 5172 tissimum
868 5107 1130 5161 inculcata
1162 5107 1537 5160 animadverti.

626 5196 806 5251 Primo
835 5213 1022 5266 nempe
1043 5201 1216 5254 docet.
1252 5197 1405 5248 [idem
1434 5211 1552 5249 esse
1576 5211 1639 5248 ex
1656 5196 1833 5250 divina
1867 5195 2056 5265 gratia.
2075 5195 2128 5250 Id

559 5301 740 5356 aperte
772 5291 936 5342 tradit
964 5305 1082 5340 cum
1110 5289 1160 5340 iu
1195 5288 1329 5341 libro
1361 5289 1433 5342 De
1461 5289 1660 5353 Spiritu
1679 5300 1882 5350 sancto,
1913 5306 2057 5341 unm.
2095 5289 2128 5342 9

560 5377 643 5433 his
659 5379 832 5432 verbis
850 5396 862 5432 :
883 5377 1032 5431 Fidei
1068 5378 1279 5445 eﬂ'ectus
1303 5381 1670 5446 estparticeps,
1698 5396 1814 5448 qua:
1841 5395 1904 5431 ex
1931 5378 2131 5444 Spiritu

560 5483 743 5524 sancto
782 5473 952 5534 venit;
992 5482 1102 5523 tum
1151 5472 1201 5524 in
1258 5473 1394 5535 loco,
1427 5487 1584 5540 quem
1637 5487 1759 5523 mox
1801 5472 2018 5523 all'eram
2067 5487 2129 5523 ex

563 5574 685 5631 pag.
720 5561 820 5614 189
877 5574 1080 5616 catena:
1111 5563 1163 5615 in
1195 5561 1473 5616 Joannem.
1512 5563 1578 5615 At
1607 5561 1731 5628 ﬁdei
1766 5561 1978 5615 nomine
2012 5562 2134 5629 quis

563 5663 721 5721 neget
746 5651 1080 5721 designatum
1108 5654 1174 5708 ab
1205 5669 1269 5707 eo
1302 5653 1466 5707 fuisse
1501 5653 1659 5706 etiam
1695 5654 1852 5719 ﬁdem
1883 5652 2132 5716 incipien-

2228 4648 2318 4713 44,
2340 4646 2689 4734 Ιιιεριιίειιι.νίι
2718 4663 2732 4700 :
2759 4645 3016 4699 Dominus
3043 4646 3276 4699 videlicet
3297 4657 3490 4705 uoster,
3513 4657 3664 4712 atque
3690 4643 3808 4698 Sal-

2233 4753 2381 4794 vator
2436 4739 2593 4808 infert
2666 4738 2814 4792 nobis
2868 4740 3153 4792 secundum
3204 4739 3610 4791 misericordiam
3661 4751 3806 4790 suam

2233 4832 2405 4885 omnia
2428 4846 2542 4892 qua:
2567 4845 2656 4882 nos
2668 4831 2946 4894 prove/iant
2968 4831 3035 4883 ad
3057 4830 3300 4883 salutem.
3323 4830 3452 4894 Quis
3466 4843 3591 4898 ergo
3611 4824 3808 4880 inlicie-

2241 4933 2330 4975 tur
2353 4923 2465 4992 jam
2501 4933 2651 4977 recte
2686 4908 2969 4990 Didymum
3003 4921 3070 4974 de
3098 4921 3423 4974 necessitate
3451 4919 3643 4971 divinze
3690 4931 3807 4985 gra-

2241 5015 2326 5068 tia:
2356 5014 2634 5068 sensisse?
2665 5013 2962 5067 Videndum
2994 5022 3171 5064 tamen
3208 5012 3384 5064 adhuc
3432 5018 3516 5063 est
3563 5023 3804 5078 quaenam

2242 5105 2337 5174 ipsi
2368 5104 2682 5174 exprobrari
2711 5117 2867 5171 posse
2890 5104 3194 5166 videantur,
3224 5110 3313 5154 aut
3345 5087 3668 5170 exprobrata
3697 5098 3806 5164 jam

2240 5197 2439 5250 fuerint
2465 5197 2532 5250 ab
2565 5195 2859 5264 aliquibus.
2907 5193 3147 5260 Quatuor
3173 5203 3375 5258 autem,
3405 5191 3455 5245 ni
3483 5191 3656 5255 fallor,
3701 5191 3807 5244 lites

2239 5288 2576 5358 potissimum
2608 5294 2755 5341 sunt.

2308 5379 2546 5432 Primum
2572 5387 2750 5431 exstat
2788 5377 2838 5430 in
2879 5385 3072 5429 catena
3103 5377 3154 5427 in
3199 5374 3459 5428 Joannem
3513 5391 3630 5443 pag.
3690 5371 3802 5436 189,

2240 5470 2326 5523 ubi
2361 5469 2638 5538 explicans
2685 5467 2893 5520 Domini
2938 5467 3123 5528 verba,
3170 5468 3354 5518 Uninis
3405 5469 3492 5534 qui
3545 5462 3737 5515 audivit
3777 5477 3806 5514 α

2241 5560 2426 5624 Patre,
2453 5573 2500 5615 et
2520 5560 2724 5621 ditlicit,
2753 5560 2885 5612 venit
2916 5562 2984 5611 ad
3016 5576 3117 5624 me,
3143 5575 3260 5624 quae
3289 5559 3340 5610 in
3373 5555 3577 5609 Joanne
3601 5560 3807 5605 exstant

2241 5666 2359 5720 cap.
2395 5651 2638 5715 vt,'vers.
2675 5649 2764 5713 ιδ,
2823 5649 2902 5704 sic
2960 5647 3237 5716 loquitur:
3301 5644 3435 5699 Κατ’
3488 5639 3669 5696 εἰκόνα
3720 5643 3806 5696 καὶ

637 5823 682 5856 ⁸⁸
718 5823 919 5880 Huall.
953 5843 1000 5892 γ,
1037 5829 1114 5885 18.
1195 5830 1233 5861 ⁸⁸
1278 5829 1432 5884 Prov.
1472 5847 1542 5894 ιν,
1582 5831 1652 5883 25
1750 5831 1790 5861 ’δ’
1819 5828 2010 5884 Ezcch.
2046 5843 2123 5883 ιιιν

2226 5867 2238 5882 .
2319 5824 2531 5880 "Psal.
2575 5841 2649 5891 ιιι,
2719 5827 2769 5878 8.
2850 5825 3220 5881 “Joan.xvn
3289 5824 3374 5878 ll.
