4108 6486
287 410 388 468 180

1468 413 2047 473 COMMENTARIUS.
2088 448 2156 458 —
2197 415 2327 472 LIB.
2368 419 2430 473 11.

3469 421 3570 478 illi)

284 536 574 606 ὁμοίωσιν,
610 538 704 591 καὶ
736 538 869 593 αὐτὸ
905 540 1066 594 τοῦτο
1112 539 1420 612 [legendum
1474 542 1732 605 fortasse,
1780 541 1858 603 καί

1983 542 2097 611 ipso
2112 542 2180 597 ".
2204 561 2224 597 υ
2254 539 2709 611 Pelagianismum
2726 550 2905 597 autem
2927 540 3169 597 redolere
3184 538 3436 596 videntur
3456 542 3569 596 haec

283 627 433 700 αὑτῷ
461 629 676 702 τούτῳ]
708 630 926 702 λογικοῦ
972 633 1264 704 γενομένου
1291 633 1385 689 τοῦ
1433 633 1749 705 ἀνθρώπου,
1796 636 1878 713 ἦν·

272 722 632 801 ,εσπαρμέναι
662 724 801 778 εἰσὶν
826 723 974 795 αὐτῷ
1000 726 1104 778 ὑπό
1132 726 1267 780 Θεοῦ
1321 728 1377 785 αἱ
1408 727 1538 799 περὶ
1575 727 1876 781 ἐπαινετῶν

281 812 538 885 πράξεων
582 815 806 881 ἔννοιαι,
849 817 986 870 ἀλλὰ
1031 818 1126 873 καὶ
1172 817 1568 888 τῆς,γνώσεως
1611 819 1713 889 τῆς
1738 819 1875 890 ἀλη-

280 905 444 970 θείας.
492 907 559 960 '0
587 908 769 962 τοίνυν
802 909 947 962 κατὰ
988 910 1086 974 τὰς
1126 911 1311 973 κοινὰς
1357 910 1565 973 ἐννοίας
1611 910 1871 977 ἀκούσας,

278 999 367 1052 καὶ
404 999 607 1069 μαθὼν
634 1001 788 1073 παρὰ
823 1001 918 1056 τοῦ
967 1003 1199 1074 Πατρδς,
1253 1002 1471 1074 ἔρχεται
1506 1003 1592 1055 διὰ
1638 1003 1874 1066 πίστεως

277 1092 406 1164 πρὸς
438 1092 538 1146 τὸν
568 1093 798 1162 Κύριον.
827 1094 958 1160 Quae
990 1096 1067 1149 sic
1092 1096 1257 1149 vertit
1295 1098 1564 1163 interpres
1591 1094 1706 1148 :Ad
1741 1096 1874 1148 ima-

274 1184 448 1253 ginem
508 1201 581 1241 ac
610 1185 1007 1239 similitudinem
1033 1203 1183 1240 suam
1229 1186 1528 1256 eformato,
1575 1194 1732 1256 atque
1775 1186 1872 1240 Itoc

274 1275 379 1342 ipsa
412 1275 634 1329 ratione
658 1276 879 1342 prtrdito
904 1276 1127 1344 homini,
1157 1278 1311 1348 quasi
1356 1278 1556 1333 semina
1602 1278 1869 1347 quaedam,

271 1382 329 1427 ac
351 1382 536 1425 rerum
568 1377 705 1425 recte
732 1369 1075 1438 gerendarum
1124 1372 1412 1425 dictumina
1463 1373 1635 1426 indita
1677 1380 1798 1425 sunt
1820 1389 1870 1437 7a

272 1456 394 1519 Deo,
428 1459 859 1528 cognitionisque
882 1462 1138 1516 ueritatis.
1167 1460 1417 1534 Quisquis
1452 1464 1615 1534 igitur
1632 1481 1868 1519 commu-

273 1566 357 1605 nes
381 1552 509 1609 illos
547 1551 833 1609 instincms
858 1553 1029 1616 audit,
1054 1570 1121 1608 ac
1142 1554 1293 1609 discit
1324 1572 1356 1609 a
1389 1553 1571 1623 Putre,
1597 1572 1689 1624 per
1709 1558 1868 1625 ﬁdem

269 1642 334 1701 ad
363 1641 647 1705 Christum
699 1646 857 1699 venit.
918 1645 992 1699 lla
1040 1646 1309 1715 interpres
1359 1649 1499 1716 :qui
1553 1662 1736 1711 vocem
1785 1648 1867 1702 εν-

270 1749 407 1793 νοιαι
436 1750 551 1789 cur
579 1736 802 1793 verterit
828 1735 1059 1804 primum
1093 1738 1382 1811 dictamina
1406 1778 1420 1803 ,
1448 1740 1641 1794 deinde
1686 1740 1867 1794 instin-

269 1834 419 1894 ctus,
455 1825 698 1896 ignoro:
732 1841 795 1880 ea
822 1827 964 1880 enim
1000 1828 1256 1890 nationes,
1311 1829 1450 1895 sive,
1504 1840 1562 1884 ut
1596 1829 1754 1899 vulgo
1789 1829 1868 1883 lo-

1976 636 2193 692 Wollio.
2225 636 2304 691 Ac
2338 651 2525 691 revera
2545 636 2589 690 si
2613 635 2936 689 denotarent
2959 648 3120 701 posse
3153 635 3425 689 hominem
3451 636 3568 691 sine

1977 732 2164 800 gratia:
2208 730 2411 783 auxilio
2462 727 2659 783 mereri
2711 736 2771 781 ut
2824 727 3057 794 accipiat
3110 725 3374 797 Spiritum
3435 744 3564 782 san-

1977 832 2143 883 ctnm.
2171 831 2264 876 aut
2293 822 2454 876 ullam
2492 821 2744 892 gratiam,
2774 818 3064 885 Pelagiana
3091 819 3210 873 sine
3275 820 3436 874 dubio
3484 818 3565 873 fo-

1979 922 2118 969 rent.
2151 914 2257 967 Sed
2287 914 2428 968 hanc
2456 927 2577 967 esse
2610 910 2819 982 Didymi
2871 912 3161 966 verborum
3210 912 3561 978 sententiam,

1977 1015 2081 1053 non
2116 998 2374 1055 concedo.
2408 997 2522 1052 lino
2563 1012 2686 1053 cum
2739 998 2807 1051 ab
2859 1011 2923 1051 eo
2971 997 3172 1055 dictata
3219 996 3350 1059 sint,
3397 1011 3560 1065 quem

1975 1098 2191 1147 constat
2227 1090 2427 1157 saepius
2448 1088 2738 1159 docuisse,
2770 1087 2930 1145 fidem
2969 1102 3094 1144 esse
3115 1103 3179 1141 ex
3208 1089 3408 1157 gratia,
3436 1088 3559 1141 nul-

1975 1181 2195 1252 lumque
2225 1184 2448 1248 bonum,
2481 1196 2587 1250 quo
2612 1181 2977 1251 provehantur
3008 1179 3075 1241 ad
3105 1180 3360 1243 salutem,
3403 1179 3557 1235 nobis

1972 1286 2092 1328 esse
2112 1274 2227 1327 sine
2254 1274 2463 1344 gratia;
2497 1286 2554 1328 et
2582 1277 2801 1344 insuper
2817 1273 2886 1328 ab
2910 1287 2976 1329 eo
3009 1272 3101 1342 qui
3132 1271 3261 1326 illud
3294 1283 3558 1342 perpetuo

1972 1368 2259 1436 spectavit,
2287 1369 2413 1427 dum
2444 1368 2756 1437 Scripturas
2780 1365 3126 1440 explanabat‘,
3152 1373 3209 1419 ut
3230 1353 3556 1421 Manichaios

1974 1459 2261 1523 refelleret,
2322 1475 2387 1514 ac
2452 1460 2654 1514 nullam
2704 1474 2827 1514 esse
2883 1458 3199 1515 rationalem
3248 1467 3553 1513 creaturam

1972 1560 2188 1615 natura,
2233 1565 2299 1610 ac
2346 1550 2660 1606 necessario
2718 1552 2938 1613 malam,
2999 1558 3155 1620 capta
3197 1549 3556 1617 undecunque

1975 1650 2159 1708 posset
2183 1639 2495 1703 occasione,
2524 1638 2956 1705 demonstraret;
2994 1639 3195 1693 idcirco
3234 1637 3368 1692 nihil
3410 1636 3555 1690 aliud

1973 1733 2063 1789 hie
2091 1749 2215 1788 eum
2254 1734 2495 1788 voluisse
2519 1731 2871 1794 crediderim,
2904 1730 3009 1784 nisi
3043 1730 3348 1784 libertatem
3379 1728 3556 1781 homi-

1971 1822 2059 1876 nis
2099 1822 2212 1878 Deo
2263 1822 2713 1892 obtemperantis,
2755 1820 3103 1888 divinamque
3160 1819 3390 1888 gratiam
3448 1832 3563 1872 non.

268 1891 517 1985 quoumi-
572 1918 899 1988 philosophi,
957 1919 1105 1974 ideas
1163 1891 1445 1989 designati
1489 1922 1568 1976 Ac
1610 1891 1715 1976 ne-
1739 1922 1868 1976 illud
1899 1891 1943 1946 Β
1975 1915 2278 1984 respuentis
2305 1891 2552 1969 astruere
2579 1931 2594 1967 :
2620 1913 2687 1969 de
2738 1927 2804 1968 eo
2856 1921 3037 1967 autem
3082 1923 3419 1980 nequaquam
3464 1906 3554 1962 Di-

265 2008 488 2077 quidem
524 2006 666 2070 scio,
696 2023 797 2062 cur
826 2008 1072 2063 voculam
1102 2008 1266 2070 κατὰ,
1324 2009 1376 2066 id
1421 2019 1505 2067 est
1540 2009 1724 2077 juxta,
1777 2027 1868 2067 se-

266 2101 443 2159 cundo
473 2100 604 2162 loco
640 2099 890 2159 omiserit
918 2099 969 2151 in
1003 2097 1202 2159 Latina
1263 2099 1736 2169 interpretatione.
1782 2103 1873 2157 Di-

266 2190 408 2260 dymi
458 2206 601 2261 ergo
635 2190 813 2247 locum
859 2189 926 2249 ad
974 2191 1199 2247 verbum
1253 2189 1489 2258 imprimi
1527 2191 1809 2251 reddemus
1849 2211 1866 2250 :

264 2293 361 2341 nec
388 2284 553 2345 enim
579 2292 931 2351 aequumest,
985 2290 1045 2336 ut
1102 2296 1165 2344 ea
1217 2281 1575 2343 translatione
1628 2296 1865 2350 utamur,

259 2388 380 2441 quae
436 2374 662 2443 Didymi
719 2382 953 2435 mentem
1007 2385 1260 2431 accurate
1304 2389 1409 2431 non
1451 2372 1669 2433 referat.
1730 2375 1863 2432 Cum

255 2464 423 2530 iuxta
462 2466 773 2535 imaginem,
799 2477 845 2526 et
888 2467 1287 2526 similitudinem
1337 2466 1514 2536 factus
1563 2469 1633 2523 sit
1681 2470 1862 2534 Immo,

252 2564 425 2624 atque
449 2553 556 2611 hoc
588 2555 700 2622 ipso
726 2557 1000 2611 rationalis
1022 2555 1198 2625 [uetus
1225 2558 1313 2623 sit,
1357 2558 1569 2613 inserta:
1605 2571 1727 2614 sunt
1763 2561 1865 2624 ipsi

256 2662 288 2705 tt
319 2644 449 2705 Deo
484 2646 727 2701 notiones
757 2646 822 2707 de
844 2646 1202 2709 laudabilibtts
1229 2650 1548 2714 actionibus,
1582 2651 1689 2705 imo
1720 2662 1767 2705 et
1798 2653 1864 2707 de

257 2735 577 2805 cognitione
607 2738 861 2799 ueritatis.
891 2736 994 2803 Qui
1038 2754 1160 2808 ergo
1184 2738 1345 2808 juxta
1371 2756 1672 2799 communes
1694 2744 1864 2797 notio-

259 2840 345 2889 περι
383 2842 404 2877 s
438 2825 667 2893 audiuit,
693 2835 739 2881 et
770 2827 954 2887 didicit
996 2845 1029 2881 a
1073 2828 1250 2896 Patre,
1286 2830 1421 2889 venit
1453 2848 1473 2883 ι
1505 2830 1766 2899 per/idem
1792 2832 1861 2887 ad

264 2913 578 2977 Dominum.
611 2936 631 2977 ι
662 2915 783 2983 lam
820 2933 950 2972 vero
989 2918 1044 2981 in
1084 2919 1169 2975 his
1209 2919 1389 2999 verbis
1422 2919 1559 2980 nihil
1589 2934 1709 2979 esse
1741 2936 1862 2975 con-

263 3007 455 3069 tando.
489 3011 635 3077 Quod
660 3011 1022 3067 orthodoxum
1056 3026 1163 3071 non
1211 3012 1322 3073 sit:
1379 3027 1479 3071 nec
1537 3014 1682 3069 enim
1738 3014 1813 3068 ait
1842 3033 1856 3069 :

261 3095 585 3159 Communes
621 3108 829 3153 tantum
859 3101 985 3159 recti
1036 3102 1258 3170 bonique
1315 3102 1549 3159 notiones
1596 3105 1859 3174 suﬁciunt

264 3200 317 3253 ut
342 3191 466 3260 quis
494 3192 669 3246 veniat
700 3193 769 3245 ad
797 3191 1080 3247 Dominum
1101 3209 1120 3246 :
1151 3198 1244 3250 sed
1286 3195 1383 3257 ait.
1415 3194 1538 3255 illos
1573 3210 1668 3265 per
1697 3198 1854 3252 fidem

263 3283 454 3345 venire
483 3286 551 3344 ad
586 3283 898 3351 Dominum,
930 3286 1022 3354 qui
1056 3302 1158 3344 non
1191 3289 1352 3345 modo
1404 3285 1559 3356 juxta
1612 3303 1857 3342 commu-

267 3390 363 3437 nes
395 3379 652 3439 notiones
685 3379 1002 3442 audiverim,
1057 3378 1150 3439 sed
1187 3378 1353 3441 etiam
1380 3378 1662 3439 didicerint
1682 3396 1713 3437 α
1745 3377 1854 3436 Pa-

268 3474 384 3525 tre:
418 3468 571 3527 hisce
617 3478 799 3527 autem
848 3469 1030 3529 verbis
1075 3469 1310 3531 divinam
1357 3469 1591 3539 gratiam
1644 3484 1768 3524 cum
1825 3482 1855 3522 a

265 3556 491 3615 Christo
525 3560 754 3622 Domino
783 3562 837 3620 in
865 3561 1031 3619 citato
1081 3560 1220 3623 loco,
1275 3569 1335 3615 ut
1389 3559 1551 3616 docet
1602 3559 1857 3630 Augusti-

273 3663 405 3712 sua.
431 3658 542 3707 tum
568 3667 595 3704 a
632 3650 859 3722 Didyme
886 3650 976 3709 hic
1011 3650 1310 3720 signiﬁcari
1343 3650 1704 3709 dubitanium
1748 3663 1853 3702 non

264 3747 372 3797 est.
411 3738 568 3805 Quod
595 3750 653 3798 ut
674 3742 1013 3799 manifestius
1039 3750 1321 3810 appareat,
1350 3741 1574 3811 legenda
1596 3750 1855 3807 suntquae

266 3830 494 3899 scripsit
518 3831 570 3889 in
611 3832 705 3889 lib.
755 3833 825 3891 De
860 3832 1067 3900 Spiritu
1095 3841 1279 3888 sancto
1312 3849 1462 3887 num.
1488 3834 1551 3888 51
1575 3851 1591 3900 ;
1613 3834 1685 3911 ibi
1707 3832 1851 3887 enim

267 3918 465 3982 divina!
509 3923 698 3992 statim
740 3924 1087 3983 tribuendum
1131 3937 1255 3981 esse
1300 3924 1479 3988 docet,
1531 3924 1677 3992 quod
1728 3922 1851 3993 quis

271 4008 356 4071 lla!
388 4012 630 4071 dacibilis
658 4013 777 4078 Dei,
807 4013 861 4076 id
891 4024 996 4080 eat,
1030 4032 1065 4075 α
1100 4012 1261 4073 Patre
1299 4017 1509 4082 audiat,
1551 4025 1599 4074 et
1655 4017 1847 4073 discat.

271 4100 416 4168 Qum!
447 4121 576 4164 vero
600 4108 799 4165 attinet
826 4107 893 4167 ad
924 4121 1256 4166 communes
1302 4108 1435 4165 recti
1488 4108 1709 4176 verique
1748 4122 1850 4162 no-

277 4192 441 4257 tiones
476 4197 681 4260 homini
706 4212 735 4259 a
779 4197 887 4258 Deo
922 4198 1181 4263 insertas,
1209 4211 1347 4267 quas
1395 4198 1633 4257 admittit
1688 4197 1851 4270 Didy-

274 4296 406 4349 mea.
462 4287 702 4349 viderint
764 4287 879 4354 alii,
931 4298 1111 4349 utrum
1159 4287 1360 4347 innatae
1424 4287 1665 4348 dicende
1717 4289 1846 4353 sint,

277 4386 471 4432 necne:
500 4391 603 4447 ego
635 4377 765 4437 illud
813 4387 1021 4441 tantum
1075 4379 1236 4446 addo,
1297 4392 1393 4441 eas
1441 4394 1562 4439 cum
1611 4379 1680 4439 ab
1729 4379 1850 4437 aliis

275 4461 513 4529 Panibus
567 4470 816 4540 agnosci,
863 4480 977 4529 tum
1028 4471 1193 4531 etiam
1228 4482 1276 4528 ‘a
1325 4470 1598 4542 Prospero
1654 4473 1851 4529 divina:

1973 2005 2195 2075 dymum
2221 2006 2510 2074 cogitasse,
2544 2015 2601 2057 ut
2635 2004 2824 2073 gratia!
2851 2002 3116 2059 salutaria
3148 2016 3312 2071 opera
3347 2014 3557 2071 praeve-

1972 2094 2171 2153 nieotis
2200 2095 2577 2152 necessitatem
2607 2094 2943 2149 excluderet.

2042 2183 2224 2251 Quid?
2268 2184 2410 2254 quod
2464 2184 2637 2250 locus,
2686 2185 2753 2238 de
2795 2200 2904 2252 quo
2954 2184 3186 2254 agimus,
3235 2180 3394 2261 paulo
3433 2197 3563 2250 per-

1969 2276 2179 2344 plesior
2206 2276 2419 2333 videtur
2443 2316 2458 2341 ,
2483 2286 2542 2335 ut
2567 2277 2818 2333 dubitare
2848 2291 2954 2330 non
3009 2285 3212 2330 temere
3254 2276 3437 2338 liceat,
3485 2291 3555 2329 an

1968 2383 2159 2422 revera
2224 2369 2296 2425 ita
2355 2368 2637 2425 dictaverit
2679 2368 2955 2439 Didymus,
3010 2376 3066 2421 ut
3111 2367 3241 2437 legit
3299 2368 3559 2423 Wolfius.

1966 2455 2150 2511 Grzera
2181 2460 2325 2513 enim
2351 2461 2429 2514 sic
2465 2459 2593 2528 legit
2615 2478 2629 2514 :
2650 2460 2724 2512 Τὸ
2749 2461 2858 2532 γὰρ
2876 2459 3193 2532 πειθαρχεῖν
3214 2459 3333 2531 Θεῷ
3361 2478 3552 2532 προαι-

1970 2548 2202 2618 ρετικὸν,
2246 2550 2435 2622 ὥσπερ
2474 2551 2536 2604 τὸ
2591 2552 2891 2616 πιστεύειν,
2946 2547 3029 2616 οἷς
3076 2552 3216 2608 κατὰ
3259 2553 3551 2622 ἀναλογίαν

1962 2639 2173 2697 δέδοται
2203 2643 2265 2696 τὸ
2293 2645 2538 2715 Πνεῦμα,
2568 2647 2680 2708 τοῖς
2715 2644 2821 2700 τῶν
2844 2646 3201 2717 χαρισμάτων
3228 2644 3392 2698 αὐτοῦ
3420 2662 3553 2714 τυγ-

1965 2733 2209 2803 χάνουσι.
2249 2736 2378 2801 Quae
2406 2738 2470 2789 ad
2502 2736 2725 2793 verbum
2759 2752 3018 2793 conversa
3054 2739 3131 2792 sic
3158 2747 3349 2791 sonant
3371 2754 3382 2788 :
3408 2735 3550 2789 Nunt

1965 2825 2175 2877 obedire
2199 2824 2330 2892 Deo,
2357 2827 2709 2885 voluntarium
2739 2839 2814 2883 est
2849 2826 2989 2900 [seu,
3015 2828 3237 2882 liberum
3281 2826 3404 2900 cst],
3445 2829 3552 2881 sir-

1964 2924 2019 2966 ut
2047 2926 2093 2967 ct
2132 2918 2360 2979 credere,
2396 2918 2462 2972 iis
2505 2920 2692 2989 quibus
2724 2921 2886 2990 juxta
2936 2920 3238 2990 analogiam
3280 2923 3438 2975 datus
3471 2931 3553 2974 est

1964 3005 2220 3072 Spiritus,
2267 3008 2357 3078 qui
2394 3011 2533 3065 dona
2577 3011 2739 3076 ipsius
2781 3027 3193 3081 consequuntur.
3233 3013 3365 3067 Cum
3420 3028 3553 3068 vero

1964 3102 2141 3172 pigeat
2174 3117 2259 3159 me
2289 3103 2342 3162 in
2391 3108 2747 3173 grammatico
2798 3124 2988 3162 vocum
3037 3108 3289 3163 examine
3339 3119 3548 3178 tempus

1964 3200 2159 3258 terere,
2211 3209 2435 3250 missum
2488 3195 2591 3253 hoc
2638 3194 2840 3252 faciens
2876 3198 2958 3255 sic
3016 3209 3385 3270 argumentor.
3441 3202 3549 3254 Aut

1964 3281 2142 3350 lectio,
2168 3300 2328 3353 quam
2358 3284 2589 3341 Wolfius
2622 3288 2865 3352 exhibet,
2907 3291 3166 3345 utendos:
3201 3300 3305 3355 est,
3336 3302 3426 3345 aut
3454 3306 3547 3360 ge-

1962 3375 2144 3433 nuina.
2184 3374 2239 3431 Si
2279 3378 2592 3431 mendosam
2625 3378 2747 3445 quis
2787 3394 2907 3435 eam
2959 3394 3078 3435 esse
3128 3389 3372 3448 reponat,
3428 3391 3548 3433 tan-

1961 3465 2048 3519 diu
2088 3481 2218 3535 ergo
2249 3467 2452 3522 incerta
2481 3480 2563 3522 cst
2591 3467 2800 3541 Didymi
2832 3473 2931 3528 hoc
3001 3474 3052 3528 in
3109 3472 3226 3526 loco
3270 3474 3546 3528 sententia

1957 3568 2020 3608 ac
2048 3570 2232 3627 tuens,
2270 3560 2506 3625 quandiu
2541 3574 2644 3617 non
2676 3573 2911 3627 constat,
2946 3564 3218 3632 quomodo
3249 3565 3546 3617 emendan-

1956 3648 2057 3700 dus
2089 3646 2158 3700 sit
2200 3648 2299 3702 iste
2334 3648 2506 3705 locus.
2541 3650 2634 3706 Sin
2674 3663 2854 3711 autem
2888 3657 3175 3725 genuinam
3222 3670 3341 3710 esse
3392 3655 3546 3709 dixe-

1956 3738 2050 3803 ris,
2080 3754 2142 3797 ea
2179 3739 2443 3795 duntaxat
2475 3743 2685 3811 Didymi
2732 3745 2913 3800 verbis
2966 3746 3341 3813 interpretatio
3391 3747 3544 3799 adhi-

1955 3830 2130 3885 benda
2157 3843 2266 3895 est,
2304 3848 2468 3899 quam
2524 3832 2666 3887 ferre
2714 3845 2959 3903 possunt.
3007 3836 3208 3899 Vocula
3257 3853 3386 3909 ergo
3436 3834 3541 3906 οἷς,

1954 3922 2005 3977 id
2027 3932 2109 3977 est
2142 3926 2206 3979 iis
2227 3926 2441 3996 quibus,
2471 3924 2754 3981 referenda
2785 3935 2870 3982 est
2901 3929 2966 3983 ad
3001 3930 3291 3988 dictionem
3341 3951 3541 4009 προαι-

1954 4014 2186 4085 ρετικόν,
2223 4016 2273 4070 id
2311 4026 2394 4073 est
2433 4015 2693 4081 liberum;
2726 4032 2825 4077 nec
2851 4019 2994 4074 enim
3034 4018 3222 4077 referri
3264 4032 3438 4091 potest
3473 4026 3539 4078 ad

1951 4111 2176 4165 verbum
2216 4108 2521 4174 πιστεύειν,
2559 4109 2611 4165 id
2641 4121 2724 4169 est
2754 4111 3002 4166 credere:
3028 4112 3264 4183 alioquin
3314 4132 3420 4172 non
3472 4118 3541 4171 de

1950 4199 2058 4255 ﬁde
2095 4200 2394 4270 theologica
2424 4218 2527 4272 qua
2567 4203 2842 4259 credimus
2881 4204 2933 4258 in
2985 4206 3173 4271 Deum,
3226 4206 3540 4278 loqueretur

1953 4291 2231 4364 Didymus,
2271 4294 2365 4349 sed
2404 4296 2469 4350 de
2503 4295 2606 4351 fide
2650 4311 2813 4365 quam
2871 4296 3134 4354 habemus
3180 4301 3311 4354 viris
3360 4302 3537 4370 gratia

1952 4385 2328 4447 sanctificante
2359 4387 2613 4445 donatis:
2655 4373 2814 4460 quod
2866 4404 2951 4448 est
3007 4393 3325 4448 absurdum.
3371 4392 3441 4446 At
3492 4393 3537 4446 si

1954 4493 2056 4537 vox
2084 4471 2167 4542 οἷς
2192 4477 2475 4539 referenda
2502 4490 2589 4535 est
2624 4482 2691 4535 ad
2728 4498 2914 4538 vocem
2966 4486 3372 4557 προαιρετικόν,
3413 4485 3537 4554 quis

273 4561 443 4659 statim
473 4572 876 4634 propugnatore
903 4565 1247 4633 gravissimo,
1286 4566 1376 4635 qui
1409 4564 1488 4621 ait
1539 4578 1555 4618 :
1608 4561 1849 4623 Genuam
1883 4603 1931 4659 Β
1957 4585 2061 4629 non
2103 4570 2265 4650 videt,
2300 4569 2509 4642 Didymi
2553 4573 2717 4629 verba
2778 4590 2809 4628 a
2863 4578 3107 4647 qualibet
3154 4577 3535 4647 Pelagianismi

272 4651 516 4713 vobiscum
544 4655 810 4724 agnoscite
833 4654 1016 4725 legem.
1458 4704 1475 4713 .

334 4742 478 4801 Alter
510 4742 751 4815 theologi
782 4748 949 4800 nostri
989 4747 1138 4803 locus
1185 4757 1362 4807 exstat
1416 4752 1469 4806 in
1526 4753 1844 4826 fragmentis

279 4839 305 4883 a
364 4828 760 4905 Cbristoplioro
811 4833 1009 4889 Wolﬁo
1066 4836 1351 4907 evulgalis,
1387 4841 1454 4895 ad
1489 4858 1607 4912 cap.
1630 4860 1671 4898 av
1700 4861 1842 4900 vers.

274 4915 352 4973 52.
397 4923 636 4994 Expooit
686 4924 831 4979 enim
888 4926 959 4979 ibi
1017 4925 1132 4981 haec
1182 4929 1439 4985 Actorum
1506 4934 1709 4997 verba,
1778 4936 1845 4990 Et

273 5009 465 5075 spiritus
534 5024 800 5080 sanctus,
867 5033 1020 5082 quem
1092 5018 1232 5075 dedit
1293 5019 1434 5081 Deus
1484 5025 1843 5083 obedientibus

275 5100 433 5172 sibi“,
479 5107 535 5165 in
585 5108 731 5163 hunc
776 5109 994 5163 modum
1033 5126 1048 5164 :
1081 5108 1207 5167 Non
1247 5113 1416 5167 solum
1470 5116 1524 5174 in
1573 5118 1669 5171 hoc
1696 5158 1709 5181 ,
1755 5121 1840 5173 itt-

276 5193 395 5259 quit,
446 5202 538 5253 sed
574 5208 626 5253 et
669 5198 792 5255 aliis
844 5199 1134 5268 Scriptura:
1171 5202 1301 5257 locis
1333 5206 1679 5274 signiﬁcatur,
1723 5207 1845 5278 Spi-

279 5281 413 5340 ritum
431 5300 679 5345 sanctum
707 5290 851 5357 dari,
876 5291 924 5346 si
953 5308 1045 5347 nos
1069 5292 1169 5358 ipsi
1196 5295 1525 5351 occasionem
1546 5308 1594 5350 et
1620 5314 1840 5355 causam

279 5365 389 5425 illud
425 5380 721 5447 accipiendi
740 5383 1150 5450 suppeditemus.
1183 5384 1409 5445 Obedire
1446 5392 1581 5455 enim
1609 5390 1715 5447 Deo
1763 5402 1839 5457 et!

280 5471 346 5511 res
383 5468 586 5523 arbitris
644 5471 837 5536 nostri,
885 5472 1017 5525 sicut
1064 5482 1112 5531 et
1174 5478 1402 5543 credere,
1468 5480 1654 5548 quibus
1698 5483 1842 5538 scili-

280 5558 345 5604 tet
388 5562 751 5616 convenienter
804 5562 1037 5629 Spiritus
1103 5582 1316 5623 sanctus
1366 5571 1523 5627 datus
1572 5584 1669 5637 est,
1721 5586 1841 5630 tau-

276 5654 411 5709 quam
451 5656 608 5710 donis
633 5654 843 5729 [XLIV]
880 5659 1069 5726 gratia:
1115 5659 1229 5728 ejus
1275 5661 1502 5729 a/fcctis.
1562 5663 1663 5719 llis
1693 5667 1844 5736 afﬁne

280 5737 515 5799 “lillud:
579 5764 599 5797 s
635 5746 793 5801 Dabit
850 5747 1107 5818 Spiritum
1149 5763 1385 5805 sanctum
1444 5755 1732 5821 petentibus
1775 5760 1837 5810 ab
1890 5750 1895 5755 ’

338 5920 376 5954 ’⁵³
400 5925 518 5987 Act.
551 5946 607 5999 v,
636 5932 725 5986 5‘2.
807 5933 849 5964 ⁸⁵
885 5931 1011 5989 Luc.
1040 5950 1112 6002 vi,
1140 5934 1220 5989 l5.

1955 4661 2259 4730 suspicione
2286 4661 2551 4721 immania
2592 4666 2749 4727 esse?
2776 4666 2899 4723 Loci
2936 4670 3081 4727 enim
3117 4671 3387 4723 sententia
3422 4669 3537 4724 haec

1954 4762 2079 4809 est:
2116 4752 2443 4813 Iisliberum
2478 4769 2599 4813 esse
2639 4757 2749 4814 Deo
2781 4759 3025 4823 obedire,
3061 4770 3117 4814 et
3161 4762 3406 4826 credere,
3444 4761 3539 4831 qui

1953 4841 2186 4911 Spiritus
2219 4846 2393 4901 sancti
2429 4847 2569 4902 dona
2604 4860 3034 4918 consequantur.
3508 4918 3515 4921 ‘

2023 4936 2493 5004 Supervacaneum
2522 4955 2650 4996 vero
2680 4940 2820 4997 foret
2849 4942 2903 4997 in
2934 4942 3055 4998 aliis
3084 4941 3241 5011 hujus
3272 4944 3413 4999 modi
3448 4945 3537 5000 lo-

1948 5028 2029 5087 cis
2075 5029 2407 5096 explicandis
2450 5033 2752 5101 immorari,
2809 5036 2864 5091 in
2898 5036 3095 5106 quibus
3130 5038 3208 5091 ait
3252 5038 3539 5109 Didymus,

1951 5118 2213 5191 Spiritum
2248 5132 2491 5181 sanctum
2526 5125 2632 5182 illis
2664 5126 2922 5193 conferri,
2978 5137 3074 5183 aut
3120 5128 3174 5182 in
3223 5128 3333 5184 illis
3379 5129 3535 5182 habi-

1951 5222 2065 5271 tare
2088 5253 2106 5279 ,
2137 5214 2226 5284 qui
2249 5213 2393 5284 digni
2420 5218 2644 5275 aduentu
2679 5218 2794 5287 ejus
2820 5219 3135 5285 exstiterint,
3184 5229 3245 5274 ut
3291 5219 3531 5289 loquitur

1946 5322 2100 5365 tium.
2127 5306 2198 5363 38
2242 5306 2365 5364 libri
2403 5307 2480 5366 De
2526 5308 2734 5379 Spiritu
2783 5320 2986 5377 sancto,
3031 5313 3183 5380 quiue
3231 5327 3288 5365 se
3341 5312 3530 5381 dignos

1946 5398 2061 5467 ejus
2084 5414 2298 5455 munere
2334 5402 2766 5470 pra'paraverint,
2790 5411 2848 5457 ut
2882 5402 2959 5456 ait
2992 5403 3187 5457 ibidem
3239 5417 3387 5455 uuln.
3433 5400 3525 5459 57.

1947 5486 2045 5545 His
2079 5491 2224 5545 enim
2262 5490 2526 5556 formulis,
2562 5507 2699 5562 quas
2739 5507 2844 5547 non
2890 5508 3015 5548 raro
3062 5492 3226 5547 etiam
3277 5493 3331 5547 in
3379 5493 3530 5551 libris

1945 5578 2025 5634 De
2054 5579 2313 5635 Triuitate
2345 5581 2528 5649 habet,
2560 5583 2899 5654 perspicuum
2922 5591 3006 5638 est
3031 5583 3222 5653 dignos
3270 5599 3367 5638 eos
3418 5584 3522 5640 diei

1946 5670 2177 5727 adventu
2205 5671 2440 5741 Spiritus
2458 5673 2655 5741 sancti,
2683 5677 2771 5744 qui
2797 5674 3165 5745 praecedentes
3190 5679 3390 5747 gratias
3412 5691 3524 5733 non

1946 5763 2291 5832 reSpucrint,
2343 5765 2435 5820 sed
2491 5763 2671 5820 divina
2733 5766 3021 5837 adiuvante
3073 5768 3241 5840 gratia
3293 5783 3321 5823 a
3376 5768 3524 5825 vitiis
