4108 6480
870 14 1283 42 μι..-,.-.-.λυ-πνι
1326 30 1335 35 -
1414 28 1489 37 η-ηη
1512 22 1715 41 ,τηρ-θυι
1768 22 1851 39 ἔτι-π

564 451 660 507 illi

1995 448 2081 503 ΒΕ
2109 448 2369 506 DIDYMO

3752 454 3881 508 192

504 584 507 587 π
568 560 786 616 liberali
827 559 955 617 sint.
988 558 1089 615 His
1118 560 1251 614 enim
1277 559 1633 633 tantummodo
1680 558 1912 629 Spiritus
1953 573 2161 614 sanctas
2192 568 2239 620 A
2268 575 2321 617 et
2351 580 2575 633 npmtm
2606 564 2947 620 salutarium.
2983 564 3048 620 Ut
3081 565 3223 618 enim
3256 563 3516 636 Didymus
3549 565 3660 633 ipse
3688 566 3774 618 ait
3812 568 3875 620 in

565 653 837 718 inseritur,
866 653 1324 721 inquitipscnnm.
1342 650 1411 705 49
1438 652 1679 720 ejusdem
1712 651 1837 706 libri
1864 652 1935 705 De
1954 651 2156 721 Spiritu

568 753 777 808 sancto,
806 744 897 814 qui
921 744 1060 798 vitiis
1073 743 1355 808 derelictis,
1380 742 1626 796 virtutum
1644 745 2153 809 sectanturchorum,

567 847 614 891 et
636 837 799 906 juxta
826 854 938 903 eas,
974 846 1020 890 et
1047 852 1138 903 per
1169 852 1257 889 eas
1286 836 1338 889 in
1375 836 1480 903 ﬁde
1508 834 1708 889 Christi
1740 838 2001 891 victitant.

641 927 858 982 Tertius
923 928 1072 983 locus
1115 937 1297 981 exstat
1346 928 1527 980 Iibr0t
1580 927 1657 980 De
1694 927 1840 981 Trin.
1894 943 2014 998 pag.
2067 929 2154 983 5|.

569 1018 850 1083 Creatura,
885 1020 1078 1089 inquit,
1132 1036 1223 1083 per
1251 1020 1708 1090 participationem
1745 1021 1898 1074 habet
1945 1022 2155 1075 bonita-

575 1124 699 1177 tem,
729 1114 1028 1167 imitatione
1054 1115 1347 1183 exprimens
1379 1132 1472 1179 pro
1506 1115 1614 1168 suis
1650 1116 1814 1184 ipsius
1856 1117 2063 1176 viribus,
2114 1119 2160 1171 si

574 1204 653 1257 ita
677 1203 821 1273 loqui
855 1204 937 1270 [as
963 1214 1060 1267 cst,
1094 1206 1357 1266 innatam,
1394 1216 1440 1258 et
1486 1205 1769 1273 perfectam
1810 1205 1904 1259 Dei
1951 1207 2158 1259 bonita-

574 1303 701 1358 tem,
727 1304 775 1348 et
808 1311 900 1362 per
931 1295 1066 1348 hanc
1088 1300 1233 1351 salva
1259 1297 1421 1364 facta.
1458 1296 1654 1350 Verum
1709 1312 1812 1351 non
1863 1314 2014 1362 casu,
2066 1299 2159 1353 sed

575 1384 823 1438 consulto
858 1385 1003 1439 addit
1036 1386 1332 1458 Didymus:
1378 1405 1471 1456 per
1500 1389 1633 1442 hanc
1683 1390 1796 1458 (Dei
1840 1390 2158 1458 bonitatem)

572 1475 717 1530 salva
738 1475 884 1545 facta
902 1517 917 1539 ,
943 1485 1021 1541 et,
1041 1478 1085 1531 si
1109 1478 1183 1530 ita
1208 1479 1346 1547 loqui
1365 1480 1447 1548 [as
1461 1491 1559 1533 est.
1583 1479 1736 1533 Vires
1760 1494 1888 1548 ergo
1914 1480 2161 1535 humanm

576 1581 715 1637 quas
744 1579 1030 1633 memorat,
1058 1585 1162 1624 non
1198 1580 1323 1622 sunt
1352 1585 1501 1622 mere
1548 1569 1842 1637 naturales,
1893 1572 1986 1625 sed
2038 1587 2158 1626 cum

524 1702 527 1703 ν
576 1659 760 1713 divina
794 1661 967 1729 gratia
996 1673 1368 1729 conparantes.
1402 1663 1519 1729 Quo
1549 1678 1709 1716 sensu
1745 1665 1796 1717 in
1826 1663 1965 1717 libro
1996 1664 2158 1718 etiam

577 1750 876 1820 DeSpir.'tu
906 1765 1087 1807 sancto
1123 1770 1268 1806 num.
1304 1755 1395 1820 ‘22,
1432 1757 1544 1808 ait:
1588 1755 1720 1810 Cum
1760 1768 1934 1809 atttem
1990 1755 2162 1811 Filius

574 1844 748 1912 imago
770 1845 838 1897 sit
869 1843 963 1896 Dei
997 1845 1298 1913 invisibilis,
1350 1857 1397 1899 et
1438 1848 1613 1915 forma
1659 1847 1968 1902 substantia:
2014 1848 2159 1916 ejus,-

575 1935 870 2006 quicunque
896 1936 966 1989 ad
998 1937 1134 1990 hanc
1157 1938 1459 2008 imaginem,
1493 1941 1567 1993 vel
1600 1939 1823 2007 formam
1855 1940 2158 2009 imaginan-

576 2037 664 2079 tur
699 2035 857 2095 atque
908 2026 1229 2096 formantur,
1284 2030 1613 2081 adducentur
1659 2030 1711 2081 in
1756 2030 2158 2083 similitudinem

582 2115 697 2179 Dei,
726 2116 887 2186 juxta
921 2119 1051 2171 vires
1076 2129 1248 2171 tamen
1269 2120 1487 2172 humani
1543 2119 1825 2188 profectus,
1863 2121 2160 2173 istiuxmodi

574 2208 825 2275 formam,
848 2221 893 2262 et
924 2209 1210 2280 imaginem
1246 2220 1634 2280 consequentes.
1683 2210 1951 2265 Czcterum
1993 2214 2159 2264 verba

576 2299 715 2364 hinc,
739 2316 832 2368 pro
858 2303 969 2354 suis
999 2302 1161 2370 ipsius
1185 2302 1420 2365 viribus;
1450 2314 1524 2368 ct,
1563 2302 1720 2371 juxta
1762 2306 1893 2356 vires
1945 2304 2161 2357 humani

577 2390 865 2459 profectus,
895 2406 1049 2461 teque
1087 2392 1267 2447 valere
1296 2394 1508 2462 opinor,
1541 2404 1703 2463 atque
1751 2396 1873 2463 ista,
1901 2376 2159 2466 quantum

578 2481 778 2535 homini
809 2484 1054 2553 possibile
1083 2496 1176 2539 est.

652 2574 968 2632 Postremus
1034 2577 1186 2633 locus
1236 2589 1413 2634 exstat
1475 2581 1528 2634 in
1582 2580 2036 2635 Enarrotionibns
2094 2582 2164 2634 ad

579 2683 695 2732 cap.
726 2683 740 2721 ι
778 2665 946 2737 Epist.
982 2667 1011 2722 1
1044 2669 1207 2726 Petri.
1259 2670 1333 2726 lbi
1385 2673 1548 2726 verba
1596 2672 1777 2736 Petri,
1805 2674 1849 2704 "
1875 2672 2161 2727 Electis....

584 2760 868 2813 secundant
919 2764 1302 2831 prwscientiam
1354 2764 1447 2818 Dei
1501 2762 1707 2831 Patris,
1761 2766 1841 2820 sic
1889 2766 2160 2830 explicat:

546 2846 705 2904 'sHis
724 2855 1060 2908 concordant
1107 2871 1227 2924 qua:
1271 2871 1300 2908 a
1331 2855 1497 2911 Paulo
1531 2858 1672 2911 dicta
1709 2866 1835 2911 sunt
1867 2857 1978 2912 ita:
2018 2856 2164 2911 Sicut

580 2940 767 3016 {XLV}
801 2944 957 3013 elegit
990 2962 1081 2999 uos
1125 2948 1179 3000 in
1202 2948 1314 3015 ipso
1349 2958 1469 3002 ante
1514 2949 1773 3017 originem
1831 2950 2012 3002 mundi
2055 2967 2165 3003 esse

578 3043 791 3088 sanctos
836 3045 885 3088 et
911 3036 1285 3091 immaculatos
1311 3055 1487 3092 coram
1515 3056 1575 3093 eo
1603 3042 1658 3093 in
1696 3041 1996 3105 dilectione,
2028 3056 2166 3109 pra:-

579 3124 848 3177 tlestinans
874 3140 968 3178 nos
999 3126 1052 3179 in
1102 3129 1434 3195 adeptionem
1463 3128 1777 3197 filiorum".
1827 3130 1978 3184 Licet
2020 3131 2163 3185 enim

576 3214 803 3284 quidam
835 3214 1039 3279 dicant,
1076 3219 1332 3286 quoniam
1364 3234 1596 3289 semper,
1638 3231 1691 3274 et
1728 3231 1853 3275 ante
1881 3223 2163 3285 mundum,

582 3307 986 3361 rationabilium
1041 3320 1238 3365 natura
1283 3312 1385 3378 sit;
1441 3323 1812 3368 verumtamen
1866 3316 2166 3383 praevidens

581 3399 726 3454 Deus
784 3400 964 3465 (idem,
1019 3411 1073 3457 et
1131 3416 1284 3458 actus
1343 3405 1646 3469 hominum,
1695 3423 1813 3475 qua:
1869 3407 2166 3479 [tegendum

580 3504 730 3563 puto,
787 3496 902 3568 qui]
973 3508 1208 3564 aguntur
1268 3514 1362 3567 per
1410 3499 1776 3568 evangelicant
1832 3502 2162 3565 doctrinam,

583 3586 931 3653 prtescienter
960 3588 1108 3657 elegit
1139 3605 1224 3642 eos
1258 3591 1309 3641 in
1353 3587 1561 3643 Christo
1604 3599 1726 3644 ante
1771 3593 1948 3645 mundi
1997 3594 2164 3662 origi-

583 3693 719 3742 nem,
754 3677 866 3745 jam
910 3687 1037 3732 tunc
1074 3679 1465 3749 pra'destinans
1493 3697 1578 3735 eos
1607 3681 1747 3749 ﬁlios
1790 3698 1910 3736 esse
1940 3685 2168 3752 partici-

584 3769 671 3836 pio
701 3778 919 3825 sanctos
953 3771 1276 3838 adoptionis.
1320 3772 1666 3827 Prtescientia
1700 3773 1842 3827 enim
1871 3776 1998 3827 nihil
2024 3775 2168 3830 aliud

581 3871 665 3916 est
697 3863 958 3931 putanda,
992 3879 1156 3933 quam
1204 3866 1590 3936 contemplatio
1651 3865 1997 3920 futurorum:
2051 3882 2170 3936 quae

585 3970 691 4008 non
725 3953 944 4024 estiam
972 3957 1312 4026 prtescientia
1347 3968 1555 4026 postea,
1583 3957 1676 4011 sed
1729 3957 1981 4021 scicntia,
2041 3959 2167 4012 dum

584 4062 648 4100 ea
677 4062 797 4116 quae
824 4050 1075 4120 primitus
1109 4053 1476 4121 contemplata
1506 4061 1654 4115 sunt,
1703 4053 1927 4106 veniunt
1972 4053 2041 4107 ad
2085 4053 2165 4108 el"-

589 4137 809 4193 l'eetum.
855 4138 1008 4196 Licet
1055 4142 1219 4212 igitur
1262 4141 1548 4195 secundum
1600 4144 1982 4211 pra’scientiam
2022 4144 2171 4198 electi

584 4238 742 4283 erant
773 4232 970 4301 quibus
999 4233 1192 4288 Petrus
1222 4234 1450 4298 scribit;
1488 4244 1863 4290 verumtamen
1897 4237 2169 4292 exsistan-

587 4321 730 4378 tibns
785 4324 866 4379 eis
904 4323 1100 4379 Petrus
1127 4324 1384 4394 loquitur.
1433 4325 1635 4392 Abjicit
1692 4326 1873 4394 itaque
1936 4327 2167 4383 fabulam

586 4413 1009 4471 Manichaeorum
1049 4418 1115 4471 de
1141 4418 1352 4472 naturis
1380 4429 1432 4472 et
1464 4417 1772 4473 intellectus
1799 4433 2059 4485 praesens.
2088 4439 2106 4473 ι

658 4506 857 4561 Parum
908 4523 1037 4563 vero
1083 4507 1198 4564 haec
1248 4509 1494 4565 arrident
1546 4510 1759 4564 censori
1813 4509 1925 4575 illi,
1973 4511 2064 4581 qui
2117 4511 2169 4566 in

2262 658 2450 710 iisdem
2484 656 2926 711 Enarrationibus
2952 660 3021 710 at!
3046 668 3199 724 caput
3227 673 3285 712 ttt
3317 657 3488 726 Epist.
3520 656 3549 711 I
3579 655 3831 713 Joannis
3854 675 3879 713 :

2263 743 2389 799 Filii
2433 746 2527 799 Dei
2566 763 2748 800 sumus
2780 747 2898 817 jam
2938 765 2972 801 a
3009 751 3257 816 prtesenti
3291 749 3506 802 sa'eulo.
3534 787 3548 801 .
3579 788 3594 802 .
3623 789 3636 804 .
3670 788 3685 800 .
3723 751 3875 804 dum

2260 848 2459 891 constat
2496 840 2548 891 in
2591 839 2763 903 nobis,
2792 840 2926 892 sicut
2964 839 3210 908 possibile
3247 848 3339 903 est,
3377 840 3441 893 in
3460 842 3710 910 prtesent'i
3744 843 3876 896 vita

2260 930 2494 998 ﬁliorum
2525 930 2757 1001 adoptio.
3196 932 3199 935 λ

2708 1020 2836 1074 CAP.
2872 1018 2980 1073 VII.
3022 1020 3094 1074 De
3121 1021 3383 1084 apatlteia.

2339 1108 2673 1164 Vocabulum
2701 1111 2959 1174 ἀπάθεια,
2991 1112 3157 1180 quod,
3193 1121 3436 1181 spectata
3464 1113 3582 1181 ejus
3611 1116 3868 1185 origine,

2264 1199 2730 1267 impatibilitatem,
2768 1201 2882 1254 sive
2917 1203 3303 1254 immunitatem
3336 1218 3367 1254 a
3397 1204 3642 1269 passione
3677 1204 3872 1273 signi-

2267 1291 2413 1354 l‘tcat,
2479 1301 2600 1360 post
2650 1292 2861 1362 Didymi
2894 1291 3101 1345 obitum
3139 1293 3430 1348 Calltolicis
3462 1295 3616 1349 valde
3656 1312 3869 1367 suspe-

2266 1393 2411 1435 ctum
2441 1384 2632 1447 evasit,
2668 1383 2811 1451 quod
2843 1398 2907 1435 co
2946 1383 3218 1453 Pelagiani
3254 1387 3485 1454 turpiter
3516 1387 3672 1441 abusi
3711 1389 3861 1444 sint.

2265 1472 2400 1527 Cum
2459 1474 2625 1544 igitur
2654 1474 2912 1545 Didymus
2948 1475 3061 1543 ipse
3099 1475 3226 1528 illud
3264 1478 3626 1544 usurpaverit,
3663 1479 3865 1534 videa-

2264 1582 2386 1621 mus
2419 1582 2583 1629 nunc,
2618 1577 2798 1620 tttrum
2836 1581 3002 1634 pravo
3066 1581 3131 1619 an
3165 1578 3312 1622 recto
3342 1583 3502 1622 sensu
3536 1570 3586 1623 id
3621 1585 3862 1639 accepe-

2265 1658 2358 1712 rit.
2409 1658 2564 1724 ρυοά
2618 1660 2931 1727 priusquam
2985 1659 3355 1727 perpendam,
3417 1661 3859 1720 animadvertere

2264 1764 2401 1818 opus
2432 1761 2544 1815 est,
2580 1751 2750 1804 tribus
2791 1751 3061 1819 praecipue
3105 1750 3277 1802 modis
3321 1765 3438 1803 eam
3488 1767 3673 1805 vocem
3716 1752 3856 1807 olim

2267 1852 2534 1911 sumptam
2587 1857 2728 1897 esse.
2776 1839 2912 1895 Nam
2963 1841 3139 1908 primo
3192 1842 3391 1895 dicitur
3441 1842 3677 1915 ἀπαθής,
3736 1846 3859 1900 sive

2265 1936 2612 2005 intpassibilis
2637 1937 2886 1991 absolute
2910 1948 2963 1990 ct
2989 1937 3328 2006 simpliciter.
3359 1937 3534 2005 Atque
3559 1940 3657 1991 hoc
3683 1952 3856 1993 sensu

2266 2028 2522 2098 Didymus
2555 2030 2647 2083 lib.
2677 2045 2712 2082 ll
2738 2028 2814 2082 De
2843 2028 3128 2098 Trimpag.
3156 2028 3284 2095 2H,
3313 2030 3388 2082 ait
3417 2048 3431 2084 :
3463 2027 3566 2093 Qui
3597 2021 3715 2082 vero
3749 2031 3860 2082 im-

2261 2121 2526 2189 passibilis
2539 2129 2638 2185 est,
2669 2120 2805 2173 Deus
2817 2131 2912 2175 est.
2938 2121 2993 2174 In
3011 2121 3143 2175 libro
3165 2130 3340 2174 autem
3356 2119 3429 2173 De
3442 2118 3641 2189 Spiritu
3663 2129 3857 2175 saneto

2274 2228 2424 2267 nutu.
2462 2212 2517 2277 9,
2547 2223 2704 2266 vocat
2732 2212 2993 2282 Spiritum
3039 2221 3288 2266 sanctum
3320 2212 3708 2279 impassibilem.
3746 2210 3858 2266 Se-

2267 2308 2445 2360 cundo
2474 2306 2694 2377 ἀπαθής
2730 2307 2929 2359 dicitur
2959 2305 3070 2365 ille,
3105 2305 3220 2373 qui,
3254 2315 3311 2357 ttt
3340 2304 3519 2356 verbis
3547 2313 3671 2356 utar
3715 2302 3853 2356 Ilie-

2267 2398 2478 2468 ronymi
2527 2402 2595 2451 ad
2651 2397 3042 2466 Ctesiphontem
3107 2397 3420 2460 scribentis,
3472 2395 3540 2448 ad
3593 2396 3853 2449 virtutum

2266 2489 2622 2542 summitatem
2684 2505 2802 2542 cum
2854 2491 3045 2543 venerit
3103 2488 3473 2552 meditatione,
3527 2496 3574 2539 et
3630 2487 3853 2540 assidua

2266 2581 2506 2649 ipsarum
2547 2582 2794 2634 virtutum
2831 2582 3238 2643 exercitatione,
3279 2581 3578 2648 passiones,
3610 2596 3699 2633 seu
3732 2596 3855 2645 per—

2268 2670 2595 2724 turbationes
2626 2672 2700 2724 ita
2728 2674 2793 2725 tle
2828 2682 2997 2725 mente
3024 2672 3384 2740 exstirparerit
3406 2712 3420 2736 ,
3452 2680 3505 2725 ut
3532 2671 3683 2742 nulla
3710 2671 3849 2739 ﬁbra

2271 2766 2525 2835 radixque
2571 2765 2819 2818 vitiorum
2865 2765 2921 2818 in
2969 2781 3029 2818 eo
3076 2765 3300 2818 resideat
3351 2778 3370 2817 :
3408 2764 3537 2817 adeo
3583 2774 3637 2816 ut
3684 2779 3747 2817 ne
3795 2764 3853 2816 in

2269 2867 2417 2908 nocte
2464 2857 2673 2927 quidem
2719 2873 2779 2910 ea
2823 2857 3063 2926 patiatur
3104 2871 3227 2924 qum
3263 2855 3533 2907 hominum
3561 2863 3717 2919 sunt,
3761 2868 3853 2906 nec

2272 2949 2584 3016 cogitatione
2610 2948 2854 3000 vitiorum
2886 2947 3062 3018 aliqua
3083 2944 3342 2998 titilletur.
3365 2943 3475 2998 lloc
3502 2959 3660 2998 sensu
3688 2959 3855 3012 quos-

2271 3042 2391 3090 tlant
2421 3048 2638 3091 sanctos
2681 3038 2928 3091 homines
2976 3039 3208 3091 evadere
3246 3034 3612 3103 impossibiles,
3654 3035 3841 3088 docue-

2273 3136 2395 3179 runt
2431 3126 2733 3197 Pelagiani.
2770 3130 2887 3194 Quo
2920 3134 3100 3181 autem
3137 3127 3351 3180 illorum
3388 3126 3676 3180 absurdior
3712 3123 3853 3180 foret

2195 3245 2240 3302 ε
2273 3222 2489 3290 Opinio,
2535 3222 2665 3274 illud
2714 3221 2889 3275 etiam
2934 3221 3227 3291 aliquando
3262 3220 3451 3274 saltem
3502 3221 3846 3279 addiderunt,

2277 3326 2438 3381 posse
2469 3312 2746 3366 hominem
2786 3311 2915 3364 solis
2962 3323 3169 3364 natura:
3205 3310 3409 3365 viribus
3441 3311 3506 3364 ad
3544 3310 3845 3379 ltujnsmod:

2271 3412 2476 3458 statum
2510 3404 2816 3472 pervenire.
2853 3403 2946 3457 llis
2975 3404 3308 3473 Augustinus
3344 3403 3394 3456 in
3429 3403 3563 3457 libro
3598 3403 3672 3455 De
3710 3402 3846 3455 dono

2269 3493 2824 3560 perseverantiw,cap.
2852 3491 2909 3554 2,
2953 3494 3054 3545 hoc
3086 3490 3340 3545 Ecclesia:
3366 3493 3555 3559 dogma
3586 3492 3843 3560 opponit-

2272 3580 2338 3634 In
2364 3583 2996 3651 quantacunquejustitia
3020 3582 3133 3635 sine
3151 3583 3599 3652 qualibuscunque
3622 3582 3845 3665 peccatis

2271 3670 2327 3722 in
2371 3671 2469 3723 hoc
2507 3668 2843 3737 corruptibili
2886 3685 3099 3738 corpore
3134 3687 3282 3724 nemo
3319 3671 3458 3725 vivit.
3502 3672 3633 3725 Cum
3677 3669 3841 3741 gratis

2271 3773 2470 3829 nempe
2512 3759 2807 3823 ordinaria,
2846 3769 2903 3813 ut
2934 3774 3032 3830 ego
3067 3742 3412 3829 interpretor.
3454 3763 3674 3815 [lentum
3710 3760 3845 3814 ἀπά-

2273 3848 2420 3914 θεια,
2452 3851 2569 3903 sive
2602 3851 2979 3920 impatibilitas
3011 3854 3245 3907 sumitur
3278 3854 3440 3907 etiam
3479 3870 3573 3922 pro
3599 3869 3658 3906 eo
3687 3866 3842 3915 statu,

2271 3943 2449 4013 inquit
2500 3943 2802 4000 Cotelerius
2856 3957 3000 4000 tomo
3060 3944 3079 3998 1
3150 3944 3373 3998 Patrum
3417 3945 3838 4013 apostolicorum,

2273 4053 2397 4108 pag.
2449 4037 2586 4102 548,
2622 4039 2677 4092 in
2714 4055 2814 4109 quo
2859 4041 3063 4107 positus
3099 4039 3176 4093 rir
3215 4050 3456 4103 sanctus,
3492 4053 3583 4104 per
3623 4037 3840 4105 gratian

2273 4127 2373 4181 Dei
2404 4129 2577 4182 minus
2606 4131 2801 4183 crebris
2821 4171 2837 4197 ,
2872 4129 3263 4200 minoribusque
3291 4129 3663 4183 tentationibus
3689 4126 3842 4181 obito:

2272 4221 2393 4276 zius
2420 4232 2520 4287 est,
2554 4239 2645 4277 nec
2672 4223 3004 4293 gravioribus
3035 4224 3263 4292 peccatis
3288 4223 3596 4276 succumbit.
3619 4223 3699 4277 Ac
3722 4235 3843 4275 sane

2272 4314 2546 4371 ἀπάθειαν
2599 4317 2679 4371 sic
2732 4317 2921 4370 delinit
2994 4315 3053 4369 S.
3109 4315 3376 4370 Maximus
3431 4317 3673 4369 centuria
3717 4330 3732 4369 t
3777 4314 3844 4367 De

2275 4405 2558 4471 charitate,
2601 4422 2720 4474 cap.
2772 4407 2882 4471 56,
2942 4414 3000 4460 ttt
3046 4393 3119 4461 sit
3166 4416 3386 4475 pacatus
3433 4409 3624 4462 anima:
3663 4416 3840 4473 status,

2274 4496 2559 4550 secundum
2592 4514 2745 4567 quem
2774 4496 3052 4568 diﬁiculter
3084 4510 3319 4551 movetur
3347 4501 3529 4552 anima
3551 4516 3672 4568 erga
3704 4498 3843 4553 ntali—

589 4594 1008 4652 Εηατηιιὶοηυηι
1055 4600 1298 4668 margine
1331 4601 1523 4655 breves
1554 4608 1710 4655 notas
1746 4604 2033 4670 apposuil;
2078 4617 2168 4656 ar-
2202 4594 2245 4649 Ι)
2276 4591 2427 4644 tiam.
2452 4589 2683 4646 Sanctus
2697 4606 2823 4646 vero
2851 4592 3067 4646 lsaacns
3092 4593 3435 4663 Syrus,libro
3461 4610 3495 4647 11
3521 4592 3838 4660 sermonum,

600 4691 840 4745 bitratur
867 4690 1014 4746 enim
1048 4691 1114 4757 is,
1143 4700 1201 4744 ut
1238 4692 1454 4763 Opinor,
1490 4702 1584 4746 aut
1616 4692 1807 4746 saltem
1838 4694 2165 4762 suspicatur,

595 4784 881 4856 ltidyntum
913 4785 1001 4840 hic
1032 4784 1175 4855 loqui
1211 4785 1277 4841 de
1307 4786 1783 4855 prcedestinatione
1824 4802 1943 4856 qua:
1976 4786 2169 4842 subse-

593 4886 798 4941 quatur
847 4877 1178 4932 naturalium
1235 4878 1552 4931 meritorum
1614 4877 2022 4946 praevisioncm,
2078 4886 2173 4931 aut

593 4965 791 5020 saltem
828 4968 892 5021 de
926 4967 1399 5036 prmdestinatione
1426 4967 1491 5021 ad
1532 4967 1777 5037 gloriam.
1809 4967 1901 5030 At,
1938 4967 2039 5022 nisi
2074 4982 2171 5036 ego

601 5058 780 5122 fallor,
816 5058 1070 5130 Didymus
1108 5074 1284 5129 neque
1326 5059 1394 5115 de
1431 5059 1909 5129 praedestinatione
1953 5060 2018 5113 ad
2050 5058 2166 5128 glo-

597 5156 733 5206 riam
759 5152 1020 5221 loquitur,
1053 5168 1228 5222 neque
1250 5152 1315 5207 de
1343 5151 1814 5222 prmdestinatione
1842 5151 1908 5205 ad
1936 5152 2167 5222 gratiam

594 5261 658 5297 cx
694 5244 937 5313 przcvisis
970 5245 1180 5301 meritis
1217 5245 1556 5299 naturalibus
1589 5261 1602 5298 :
1635 5243 1834 5297 nullam
1879 5244 2022 5299 enim
2071 5258 2168 5297 ne-

591 5350 699 5401 que
730 5336 948 5404 gloriae,
982 5351 1081 5390 nec
1112 5336 1430 5390 meritorum
1468 5335 1797 5389 naturalium
1840 5334 2168 5388 mcntionem

599 5428 722 5481 facit
749 5445 763 5487 :
796 5444 917 5482 natn
956 5427 1461 5483 sermonemltabet
1487 5427 1554 5482 de
1595 5426 2070 5497 praedestinatioue
2102 5426 2169 5480 ad

593 5522 823 5587 gratiam
859 5520 1201 5588 adoptionis,
1238 5521 1354 5575 sive
1389 5519 1820 5575 sanctiﬁcantem
1844 5558 1857 5583 ,
1887 5534 2007 5588 quae
2042 5533 2172 5587 prte-

593 5610 887 5664 dt:stiuatio
951 5605 1316 5680 subsequatur
1388 5611 1778 5680 pra-scientiam
1853 5612 2168 5665 meritorum

594 5715 690 5769 per
713 5711 940 5768 gratiam
971 5702 1381 5770 acquisitorum,
1413 5701 1533 5756 lidei
1577 5717 1769 5771 nempe
1803 5701 2171 5773 potissimum,

670 5898 711 5930 ‘7
742 5897 924 5953 ll‘etr.
956 5914 993 5962 t,
1036 5900 1077 5964 l,
1112 5900 1162 5953 2.
1246 5902 1287 5931 ³⁸
1331 5900 1521 5969 1ἷνίιυε.
1554 5917 1587 5967 ι,
1622 5902 1673 5967 1,
1704 5903 1749 5956 5.

2272 4701 2521 4739 sermone
2551 4684 2642 4748 5i,
2690 4700 2817 4755 pag.
2849 4684 2956 4738 200
2990 4684 3218 4740 Naniani
3249 4688 3450 4741 codicis
3487 4688 3702 4741 eosdem
3737 4703 3841 4741 ser-

2273 4794 2462 4832 mones
2496 4778 2823 4831 continentis
2851 4796 2863 4831 :
2896 4776 2962 4830 Τί
3040 4780 3206 4842 ἐστιν,
3260 4778 3454 4847 inquit,
3489 4779 3523 4848 ή
3559 4776 3840 4844 ἀπάθειαὴ

2274 4865 2627 4936 ἀνθρωπίνη;
2684 4865 2948 4933 Ἀπάθειᾳ
2985 4866 3045 4918 οὺ
3072 4866 3133 4919 τὸ
3160 4867 3235 4938 μὴ
3270 4866 3596 4937 αἰσθηθῆναι
3620 4867 3724 4920 τῶν
3752 4884 3844 4920 πα-

2276 4958 2384 5013 Θῶν
2418 4960 2565 5012 ἐστιν
2588 4975 2601 4989 ·
2634 4957 2772 5012 ἀλλὰ
2802 4959 2863 5012 τὸ
2906 4959 2981 5031 μὴ
3016 4959 3268 5024 δέξασθαι
3303 4959 3373 5012 τὰ
3416 4959 3595 5029 πάθη’
3628 4960 3693 5013 ὲκ
3727 4958 3843 5012 πολ-

2275 5050 2383 5104 λῶν
2416 5051 2525 5123 γὰρ
2572 5051 2668 5104 καὶ
2712 5051 2974 5105 ποικίλων
3024 5051 3237 5123 ἀρετῶν
3279 5044 3356 5104 ὧν
3406 5051 3708 5121 ἐκτήσαντο
3744 5049 3843 5104 τῶν

2278 5149 2528 5220 φανερῶν
2558 5151 2652 5205 καὶ
2691 5149 2948 5223 κρυπτῶν
2969 5190 2983 5213 ,
3018 5151 3324 5221 ἡσθένηςαν
3357 5151 3543 5215 αὐτοῖς
3570 5151 3636 5204 τὰ
3675 5150 3805 5219 πάθη
3824 5166 3836 5178 ’

2248 5242 2371 5294 ¹κοιὶ
2422 5242 2483 5294 οὐ
2529 5240 2783 5295 δύνανται
2834 5242 3076 5314 εὐχερῶς
3123 5242 3499 5313 ὲπαναστῆναι
3560 5242 3699 5295 κατὰ
3752 5240 3840 5308 τῆς

2278 5333 2482 5405 ψυχῆς,
2515 5334 2550 5387 i.
2578 5349 2629 5387 ο.
2658 5332 2799 5398 Quid
2825 5344 2899 5388 est
2931 5335 3161 5388 huntana
3194 5335 3565 5404 impatibilitas
3587 5335 3612 5387 Ζ)
3640 5332 3840 5400 Impati-

2280 5426 2458 5480 bilitas
2496 5424 2710 5497 [XLVI]
2749 5442 2852 5478 non
2892 5428 2945 5480 in
2984 5443 3043 5480 eo
3087 5430 3189 5480 sita
3225 5441 3317 5492 est,
3360 5440 3413 5480 ut
3445 5427 3712 5496 passiones
3752 5439 3839 5477 non

2281 5519 2595 5584 sentiantur,
2626 5520 2718 5572 sed
2757 5519 2815 5572 in
2845 5535 2905 5573 eo
2944 5530 2997 5572 ut
3041 5521 3312 5588 passiones
3346 5536 3447 5572 non
3499 5519 3839 5584 recipiantur:

2280 5628 2403 5664 nam
2445 5627 2508 5665 ea:
2543 5612 2723 5666 multis
2756 5612 3015 5682 variisque
3058 5612 3337 5667 virtutibus
3387 5627 3503 5665 cum
3539 5608 3835 5675 manifestis.

2282 5712 2389 5753 tum
2421 5702 2655 5768 occultis,
2689 5719 2817 5772 quas
2854 5704 3268 5773 acquisiveruut,
3313 5701 3503 5757 debiles
3537 5700 3695 5769 lactt:
3736 5712 3837 5755 sunt
