  <div class='ocr_page' id='page_1' title='image "/cluster/home/n/w/nwhite01/storage/ocr_20150623/39/mdp.39015010572892/103.png"; bbox 0 0 4108 6456; ppageno 0'>
   <div class='ocr_carea' id='block_1_1' title="bbox 552 469 744 555">
    <p class='ocr_par' dir='ltr' id='par_1_1' title="bbox 552 469 744 555">
     <span class='ocr_line' id='line_1_1' title="bbox 552 469 744 555; baseline -0.016 0"><span class='ocrx_word' id='word_1_1' title='bbox 552 495 660 555; x_wconf 74' lang='lat' dir='ltr'><strong>tas</strong></span> <span class='ocrx_word' id='word_1_2' title='bbox 736 469 744 476; x_wconf 82' lang='grc'><em>’</em></span> 
     </span>
    </p>
   </div>
   <div class='ocr_carea' id='block_1_2' title="bbox 1971 472 2361 529">
    <p class='ocr_par' dir='ltr' id='par_1_2' title="bbox 1971 472 2361 529">
     <span class='ocr_line' id='line_1_2' title="bbox 1971 472 2361 529; baseline 0.003 -2"><span class='ocrx_word' id='word_1_3' title='bbox 1971 475 2058 529; x_wconf 81' lang='lat' dir='ltr'><strong>DE</strong></span> <span class='ocrx_word' id='word_1_4' title='bbox 2107 472 2361 528; x_wconf 72' lang='lat' dir='ltr'><strong>DIDYMO</strong></span> 
     </span>
    </p>
   </div>
   <div class='ocr_carea' id='block_1_3' title="bbox 3710 464 3809 520">
    <p class='ocr_par' dir='ltr' id='par_1_3' title="bbox 3710 464 3809 520">
     <span class='ocr_line' id='line_1_3' title="bbox 3710 464 3809 520; baseline 0.01 -1"><span class='ocrx_word' id='word_1_5' title='bbox 3710 464 3809 520; x_wconf 64' lang='lat' dir='ltr'><strong>I95</strong></span> 
     </span>
    </p>
   </div>
   <div class='ocr_carea' id='block_1_4' title="bbox 554 575 3806 682">
    <p class='ocr_par' dir='ltr' id='par_1_4' title="bbox 554 575 3806 682">
     <span class='ocr_line' id='line_1_4' title="bbox 554 575 3806 682; baseline -0.011 -13"><span class='ocrx_word' id='word_1_6' title='bbox 554 617 815 682; x_wconf 80' lang='lat' dir='ltr'><strong>Quoniam</strong></span> <span class='ocrx_word' id='word_1_7' title='bbox 853 609 1111 672; x_wconf 73' lang='lat' dir='ltr'><strong>nonnulli,</strong></span> <span class='ocrx_word' id='word_1_8' title='bbox 1168 606 1255 675; x_wconf 83' lang='lat' dir='ltr'><strong>qui</strong></span> <span class='ocrx_word' id='word_1_9' title='bbox 1308 601 1624 671; x_wconf 78' lang='lat' dir='ltr'><strong>negligenter</strong></span> <span class='ocrx_word' id='word_1_10' title='bbox 1680 599 1733 650; x_wconf 89' lang='lat' dir='ltr'><strong>in</strong></span> <span class='ocrx_word' id='word_1_11' title='bbox 1779 595 1952 649; x_wconf 85' lang='lat' dir='ltr'><strong>studio</strong></span> <span class='ocrx_word' id='word_1_12' title='bbox 2006 607 2126 660; x_wconf 84' lang='lat' dir='ltr'><strong>per-</strong></span> <span class='ocrx_word' id='word_1_13' title='bbox 2157 607 2200 653; x_wconf 75' lang='grc' dir='ltr'>Α</span> <span class='ocrx_word' id='word_1_14' title='bbox 2233 601 2451 653; x_wconf 78' lang='lat' dir='ltr'><strong>tionem,</strong></span> <span class='ocrx_word' id='word_1_15' title='bbox 2481 594 2799 641; x_wconf 90' lang='lat' dir='ltr'><strong>ostensuma</strong></span> <span class='ocrx_word' id='word_1_16' title='bbox 2821 597 2904 636; x_wconf 87' lang='lat' dir='ltr'><strong>me</strong></span> <span class='ocrx_word' id='word_1_17' title='bbox 2925 580 3027 634; x_wconf 76' lang='lat' dir='ltr'><strong>fuit</strong></span> <span class='ocrx_word' id='word_1_18' title='bbox 3051 579 3102 632; x_wconf 90' lang='lat' dir='ltr'><strong>in</strong></span> <span class='ocrx_word' id='word_1_19' title='bbox 3128 587 3236 633; x_wconf 90' lang='lat' dir='ltr'><strong>not.</strong></span> <span class='ocrx_word' id='word_1_20' title='bbox 3271 579 3338 632; x_wconf 86' lang='lat' dir='ltr'><strong>ad</strong></span> <span class='ocrx_word' id='word_1_21' title='bbox 3370 590 3491 648; x_wconf 84' lang='lat' dir='ltr'><strong>pag.</strong></span> <span class='ocrx_word' id='word_1_22' title='bbox 3522 575 3649 630; x_wconf 71' lang='lat'><strong>257.</strong></span> <span class='ocrx_word' id='word_1_23' title='bbox 3672 577 3806 643; x_wconf 79' lang='lat' dir='ltr'><strong>Quis</strong></span> 
     </span>
    </p>
   </div>
   <div class='ocr_carea' id='block_1_5' title="bbox 554 683 2129 773">
    <p class='ocr_par' dir='ltr' id='par_1_5' title="bbox 554 683 2129 773">
     <span class='ocr_line' id='line_1_5' title="bbox 554 683 2129 773; baseline -0.017 -12"><span class='ocrx_word' id='word_1_24' title='bbox 554 710 698 773; x_wconf 75' lang='lat' dir='ltr'><strong>fecttt’</strong></span> <span class='ocrx_word' id='word_1_25' title='bbox 730 704 937 759; x_wconf 83' lang='lat' dir='ltr'><strong>virtutis</strong></span> <span class='ocrx_word' id='word_1_26' title='bbox 971 705 1263 757; x_wconf 72' lang='lat' dir='ltr'><strong>versantur,</strong></span> <span class='ocrx_word' id='word_1_27' title='bbox 1323 688 1439 760; x_wconf 80' lang='lat' dir='ltr'><strong>ﬁeri</strong></span> <span class='ocrx_word' id='word_1_28' title='bbox 1469 705 1615 758; x_wconf 86' lang='lat' dir='ltr'><strong>posse</strong></span> <span class='ocrx_word' id='word_1_29' title='bbox 1641 694 1853 753; x_wconf 83' lang='lat' dir='ltr'><strong>negant,</strong></span> <span class='ocrx_word' id='word_1_30' title='bbox 1891 693 1945 736; x_wconf 87' lang='lat' dir='ltr'><strong>ut</strong></span> <span class='ocrx_word' id='word_1_31' title='bbox 1974 683 2129 736; x_wconf 84' lang='lat' dir='ltr'><strong>homo</strong></span> 
     </span>
    </p>
   </div>
   <div class='ocr_carea' id='block_1_6' title="bbox 555 777 2173 864">
    <p class='ocr_par' dir='ltr' id='par_1_6' title="bbox 555 777 2173 864">
     <span class='ocr_line' id='line_1_6' title="bbox 555 777 2173 864; baseline -0.015 -14"><span class='ocrx_word' id='word_1_32' title='bbox 555 795 924 864; x_wconf 88' lang='lat' dir='ltr'><strong>inculpabilem</strong></span> <span class='ocrx_word' id='word_1_33' title='bbox 979 791 1139 844; x_wconf 88' lang='lat' dir='ltr'><strong>vitam</strong></span> <span class='ocrx_word' id='word_1_34' title='bbox 1185 796 1341 855; x_wconf 88' lang='lat' dir='ltr'><strong>agat;</strong></span> <span class='ocrx_word' id='word_1_35' title='bbox 1389 781 1631 851; x_wconf 73' lang='lat' dir='ltr'><strong>pra’senti</strong></span> <span class='ocrx_word' id='word_1_36' title='bbox 1680 780 1792 831; x_wconf 92' lang='lat' dir='ltr'><strong>loco</strong></span> <span class='ocrx_word' id='word_1_37' title='bbox 1841 777 2173 842; x_wconf 79' lang='lat' dir='ltr'><strong>Scriptnrte&#39;</strong></span> 
     </span>
    </p>
   </div>
   <div class='ocr_carea' id='block_1_7' title="bbox 554 867 2131 955">
    <p class='ocr_par' dir='ltr' id='par_1_7' title="bbox 554 867 2131 955">
     <span class='ocr_line' id='line_1_7' title="bbox 554 867 2131 955; baseline -0.015 -14"><span class='ocrx_word' id='word_1_38' title='bbox 554 887 821 955; x_wconf 86' lang='lat' dir='ltr'><strong>confutari</strong></span> <span class='ocrx_word' id='word_1_39' title='bbox 868 890 1108 951; x_wconf 84' lang='lat' dir='ltr'><strong>possunt,</strong></span> <span class='ocrx_word' id='word_1_40' title='bbox 1155 895 1253 948; x_wconf 81' lang='lat' dir='ltr'><strong>quo</strong></span> <span class='ocrx_word' id='word_1_41' title='bbox 1299 875 1496 928; x_wconf 80' lang='lat' dir='ltr'><strong>Dorcas</strong></span> <span class='ocrx_word' id='word_1_42' title='bbox 1535 871 1693 940; x_wconf 84' lang='lat' dir='ltr'><strong>plena</strong></span> <span class='ocrx_word' id='word_1_43' title='bbox 1728 868 1892 937; x_wconf 71' lang='lat' dir='ltr'><strong>fuisse</strong></span> <span class='ocrx_word' id='word_1_44' title='bbox 1931 867 2131 918; x_wconf 85' lang='lat' dir='ltr'><strong>dicitur</strong></span> 
     </span>
    </p>
   </div>
   <div class='ocr_carea' id='block_1_8' title="bbox 557 956 2135 1044">
    <p class='ocr_par' dir='ltr' id='par_1_8' title="bbox 557 956 2135 1044">
     <span class='ocr_line' id='line_1_8' title="bbox 557 956 2135 1044; baseline -0.016 -12"><span class='ocrx_word' id='word_1_45' title='bbox 557 980 701 1032; x_wconf 85' lang='lat' dir='ltr'><strong>bonis</strong></span> <span class='ocrx_word' id='word_1_46' title='bbox 738 976 980 1044; x_wconf 73' lang='lat' dir='ltr'><strong>operibus</strong></span> <span class='ocrx_word' id='word_1_47' title='bbox 1013 974 1273 1031; x_wconf 79' lang='lat' dir='ltr'><strong>omnibus,</strong></span> <span class='ocrx_word' id='word_1_48' title='bbox 1298 976 1351 1022; x_wconf 87' lang='lat' dir='ltr'><strong>et</strong></span> <span class='ocrx_word' id='word_1_49' title='bbox 1379 965 1606 1031; x_wconf 85' lang='lat' dir='ltr'><strong>erogatis</strong></span> <span class='ocrx_word' id='word_1_50' title='bbox 1645 964 1699 1014; x_wconf 80' lang='lat' dir='ltr'><strong>in</strong></span> <span class='ocrx_word' id='word_1_51' title='bbox 1724 975 1974 1029; x_wconf 82' lang='lat' dir='ltr'><strong>pauperes</strong></span> <span class='ocrx_word' id='word_1_52' title='bbox 2003 956 2135 1008; x_wconf 82' lang='lat' dir='ltr'><strong>elec-</strong></span> 
     </span>
    </p>
   </div>
   <div class='ocr_carea' id='block_1_9' title="bbox 557 1049 2136 1139">
    <p class='ocr_par' dir='ltr' id='par_1_9' title="bbox 557 1049 2136 1139">
     <span class='ocr_line' id='line_1_9' title="bbox 557 1049 2136 1139; baseline -0.016 -15"><span class='ocrx_word' id='word_1_53' title='bbox 557 1071 810 1139; x_wconf 81' lang='lat' dir='ltr'><strong>mosynis.</strong></span> <span class='ocrx_word' id='word_1_54' title='bbox 858 1067 959 1130; x_wconf 81' lang='lat' dir='ltr'><strong>Qui</strong></span> <span class='ocrx_word' id='word_1_55' title='bbox 989 1066 1122 1119; x_wconf 85' lang='lat' dir='ltr'><strong>enim</strong></span> <span class='ocrx_word' id='word_1_56' title='bbox 1154 1065 1229 1115; x_wconf 88' lang='lat' dir='ltr'><strong>ita</strong></span> <span class='ocrx_word' id='word_1_57' title='bbox 1261 1060 1421 1113; x_wconf 88' lang='lat' dir='ltr'><strong>vitam</strong></span> <span class='ocrx_word' id='word_1_58' title='bbox 1453 1055 1687 1117; x_wconf 82' lang='lat' dir='ltr'><strong>instruit,</strong></span> <span class='ocrx_word' id='word_1_59' title='bbox 1731 1065 1848 1103; x_wconf 91' lang='lat' dir='ltr'><strong>eum</strong></span> <span class='ocrx_word' id='word_1_60' title='bbox 1873 1049 1985 1102; x_wconf 85' lang='lat' dir='ltr'><strong>sine</strong></span> <span class='ocrx_word' id='word_1_61' title='bbox 2020 1063 2136 1100; x_wconf 90' lang='lat' dir='ltr'><strong>sor-</strong></span> 
     </span>
    </p>
   </div>
   <div class='ocr_carea' id='block_1_10' title="bbox 557 1160 1364 1223">
    <p class='ocr_par' dir='ltr' id='par_1_10' title="bbox 557 1160 1364 1223">
     <span class='ocr_line' id='line_1_10' title="bbox 557 1160 1364 1223; baseline -0.011 -10"><span class='ocrx_word' id='word_1_62' title='bbox 557 1160 708 1213; x_wconf 81' lang='lat' dir='ltr'><strong>dibus</strong></span> <span class='ocrx_word' id='word_1_63' title='bbox 743 1161 904 1212; x_wconf 86' lang='lat' dir='ltr'><strong>vivere</strong></span> <span class='ocrx_word' id='word_1_64' title='bbox 928 1169 1242 1223; x_wconf 85' lang='lat' dir='ltr'><strong>consequens</strong></span> <span class='ocrx_word' id='word_1_65' title='bbox 1269 1161 1364 1204; x_wconf 88' lang='lat' dir='ltr'><strong>est.</strong></span> 
     </span>
    </p>
   </div>
   <div class='ocr_carea' id='block_1_11' title="bbox 631 1228 2132 1314">
    <p class='ocr_par' dir='ltr' id='par_1_11' title="bbox 631 1228 2132 1314">
     <span class='ocr_line' id='line_1_11' title="bbox 631 1228 2132 1314; baseline -0.015 -11"><span class='ocrx_word' id='word_1_66' title='bbox 631 1252 700 1303; x_wconf 77' lang='lat' dir='ltr'><strong>At</strong></span> <span class='ocrx_word' id='word_1_67' title='bbox 746 1264 815 1304; x_wconf 87' lang='lat' dir='ltr'><strong>ne</strong></span> <span class='ocrx_word' id='word_1_68' title='bbox 849 1249 963 1301; x_wconf 74' lang='lat' dir='ltr'><strong>haec</strong></span> <span class='ocrx_word' id='word_1_69' title='bbox 1009 1247 1228 1314; x_wconf 80' lang='lat' dir='ltr'><strong>quidem</strong></span> <span class='ocrx_word' id='word_1_70' title='bbox 1263 1253 1508 1296; x_wconf 56' lang='lat' dir='ltr'><strong>censura!</strong></span> <span class='ocrx_word' id='word_1_71' title='bbox 1541 1237 1698 1305; x_wconf 88' lang='lat' dir='ltr'><strong>digna</strong></span> <span class='ocrx_word' id='word_1_72' title='bbox 1732 1232 2003 1287; x_wconf 74' lang='lat' dir='ltr'><strong>existimo.</strong></span> <span class='ocrx_word' id='word_1_73' title='bbox 2053 1228 2132 1283; x_wconf 82' lang='lat' dir='ltr'><strong>Ab</strong></span> 
     </span>
    </p>
   </div>
   <div class='ocr_carea' id='block_1_12' title="bbox 563 1325 2131 1404">
    <p class='ocr_par' dir='ltr' id='par_1_12' title="bbox 563 1325 2131 1404">
     <span class='ocr_line' id='line_1_12' title="bbox 563 1325 2131 1404; baseline -0.017 -7"><span class='ocrx_word' id='word_1_74' title='bbox 563 1344 651 1398; x_wconf 87' lang='lat' dir='ltr'><strong>illo</strong></span> <span class='ocrx_word' id='word_1_75' title='bbox 685 1343 826 1396; x_wconf 80' lang='lat' dir='ltr'><strong>cnim</strong></span> <span class='ocrx_word' id='word_1_76' title='bbox 878 1341 1155 1401; x_wconf 87' lang='lat' dir='ltr'><strong>dicuntur,</strong></span> <span class='ocrx_word' id='word_1_77' title='bbox 1190 1336 1279 1404; x_wconf 90' lang='lat' dir='ltr'><strong>qui</strong></span> <span class='ocrx_word' id='word_1_78' title='bbox 1329 1341 1513 1401; x_wconf 85' lang='lat' dir='ltr'><strong>aperte</strong></span> <span class='ocrx_word' id='word_1_79' title='bbox 1553 1331 1753 1389; x_wconf 87' lang='lat' dir='ltr'><strong>docuit,</strong></span> <span class='ocrx_word' id='word_1_80' title='bbox 1787 1336 1844 1377; x_wconf 92' lang='lat' dir='ltr'><strong>ut</strong></span> <span class='ocrx_word' id='word_1_81' title='bbox 1869 1325 1978 1393; x_wconf 85' lang='lat' dir='ltr'><strong>jam</strong></span> <span class='ocrx_word' id='word_1_82' title='bbox 2016 1337 2131 1374; x_wconf 86' lang='lat' dir='ltr'><strong>mo-</strong></span> 
     </span>
    </p>
   </div>
   <div class='ocr_carea' id='block_1_13' title="bbox 563 1417 2136 1500">
    <p class='ocr_par' dir='ltr' id='par_1_13' title="bbox 563 1417 2136 1500">
     <span class='ocr_line' id='line_1_13' title="bbox 563 1417 2136 1500; baseline -0.017 -9"><span class='ocrx_word' id='word_1_83' title='bbox 563 1439 677 1500; x_wconf 81' lang='lat' dir='ltr'><strong>nui,</strong></span> <span class='ocrx_word' id='word_1_84' title='bbox 706 1451 807 1488; x_wconf 90' lang='lat' dir='ltr'><strong>non</strong></span> <span class='ocrx_word' id='word_1_85' title='bbox 836 1449 986 1499; x_wconf 85' lang='lat' dir='ltr'><strong>posse</strong></span> <span class='ocrx_word' id='word_1_86' title='bbox 1011 1430 1232 1484; x_wconf 77' lang='lat' dir='ltr'><strong>hominis</strong></span> <span class='ocrx_word' id='word_1_87' title='bbox 1265 1429 1422 1481; x_wconf 86' lang='lat' dir='ltr'><strong>vitam</strong></span> <span class='ocrx_word' id='word_1_88' title='bbox 1455 1429 1523 1478; x_wconf 90' lang='lat' dir='ltr'><strong>ad</strong></span> <span class='ocrx_word' id='word_1_89' title='bbox 1552 1425 1830 1491; x_wconf 76' lang='lat' dir='ltr'><strong>perfectam</strong></span> <span class='ocrx_word' id='word_1_90' title='bbox 1856 1417 1979 1485; x_wconf 83' lang='lat' dir='ltr'><strong>legis</strong></span> <span class='ocrx_word' id='word_1_91' title='bbox 2011 1430 2136 1468; x_wconf 83' lang='lat' dir='ltr'><strong>nor-</strong></span> 
     </span>
    </p>
   </div>
   <div class='ocr_carea' id='block_1_14' title="bbox 563 1507 2132 1596">
    <p class='ocr_par' dir='ltr' id='par_1_14' title="bbox 563 1507 2132 1596">
     <span class='ocr_line' id='line_1_14' title="bbox 563 1507 2132 1596; baseline -0.017 -12"><span class='ocrx_word' id='word_1_92' title='bbox 563 1545 703 1584; x_wconf 82' lang='lat' dir='ltr'><strong>mam</strong></span> <span class='ocrx_word' id='word_1_93' title='bbox 732 1528 888 1596; x_wconf 69' lang='lat' dir='ltr'><strong>exigi.</strong></span> <span class='ocrx_word' id='word_1_94' title='bbox 919 1528 1262 1592; x_wconf 85' lang='lat' dir='ltr'><strong>Quapropter</strong></span> <span class='ocrx_word' id='word_1_95' title='bbox 1295 1535 1414 1573; x_wconf 82' lang='lat' dir='ltr'><strong>cum</strong></span> <span class='ocrx_word' id='word_1_96' title='bbox 1449 1515 1720 1570; x_wconf 85' lang='lat' dir='ltr'><strong>hominem</strong></span> <span class='ocrx_word' id='word_1_97' title='bbox 1753 1507 2132 1576; x_wconf 88' lang='lat' dir='ltr'><strong>inculpabilem</strong></span> 
     </span>
    </p>
   </div>
   <div class='ocr_carea' id='block_1_15' title="bbox 566 1599 2130 1689">
    <p class='ocr_par' dir='ltr' id='par_1_15' title="bbox 566 1599 2130 1689">
     <span class='ocr_line' id='line_1_15' title="bbox 566 1599 2130 1689; baseline -0.013 -16"><span class='ocrx_word' id='word_1_98' title='bbox 566 1624 728 1675; x_wconf 85' lang='lat' dir='ltr'><strong>vitam</strong></span> <span class='ocrx_word' id='word_1_99' title='bbox 775 1631 1020 1689; x_wconf 84' lang='lat' dir='ltr'><strong>agentem</strong></span> <span class='ocrx_word' id='word_1_100' title='bbox 1072 1615 1158 1668; x_wconf 85' lang='lat' dir='ltr'><strong>hic</strong></span> <span class='ocrx_word' id='word_1_101' title='bbox 1201 1611 1483 1670; x_wconf 77' lang='lat' dir='ltr'><strong>nominat,</strong></span> <span class='ocrx_word' id='word_1_102' title='bbox 1535 1622 1640 1660; x_wconf 91' lang='lat' dir='ltr'><strong>non</strong></span> <span class='ocrx_word' id='word_1_103' title='bbox 1694 1617 1813 1657; x_wconf 91' lang='lat' dir='ltr'><strong>eum</strong></span> <span class='ocrx_word' id='word_1_104' title='bbox 1861 1599 2130 1668; x_wconf 83' lang='lat' dir='ltr'><strong>intelligit,</strong></span> 
     </span>
    </p>
   </div>
   <div class='ocr_carea' id='block_1_16' title="bbox 563 1691 2135 1781">
    <p class='ocr_par' dir='ltr' id='par_1_16' title="bbox 563 1691 2135 1781">
     <span class='ocr_line' id='line_1_16' title="bbox 563 1691 2135 1781; baseline -0.014 -17"><span class='ocrx_word' id='word_1_105' title='bbox 563 1714 774 1781; x_wconf 82' lang='lat' dir='ltr'><strong><em>opinor,</em></strong></span> <span class='ocrx_word' id='word_1_106' title='bbox 821 1709 910 1776; x_wconf 87' lang='lat' dir='ltr'><strong>qui</strong></span> <span class='ocrx_word' id='word_1_107' title='bbox 945 1707 997 1759; x_wconf 92' lang='lat' dir='ltr'><strong><em>in</em></strong></span> <span class='ocrx_word' id='word_1_108' title='bbox 1038 1704 1238 1758; x_wconf 90' lang='lat' dir='ltr'><strong>nullum</strong></span> <span class='ocrx_word' id='word_1_109' title='bbox 1279 1714 1512 1768; x_wconf 91' lang='lat' dir='ltr'><strong>unquam</strong></span> <span class='ocrx_word' id='word_1_110' title='bbox 1563 1707 1630 1750; x_wconf 85' lang='lat' dir='ltr'><strong>ne</strong></span> <span class='ocrx_word' id='word_1_111' title='bbox 1674 1693 1882 1749; x_wconf 89' lang='lat' dir='ltr'><strong>veniale</strong></span> <span class='ocrx_word' id='word_1_112' title='bbox 1921 1691 2135 1759; x_wconf 88' lang='lat' dir='ltr'><strong>quidem</strong></span> 
     </span>
    </p>
   </div>
   <div class='ocr_carea' id='block_1_17' title="bbox 563 1783 2138 1864">
    <p class='ocr_par' dir='ltr' id='par_1_17' title="bbox 563 1783 2138 1864">
     <span class='ocr_line' id='line_1_17' title="bbox 563 1783 2138 1864; baseline -0.014 -9"><span class='ocrx_word' id='word_1_113' title='bbox 563 1804 643 1855; x_wconf 79' lang='lat' dir='ltr'><strong>vel</strong></span> <span class='ocrx_word' id='word_1_114' title='bbox 688 1801 1018 1854; x_wconf 81' lang='lat' dir='ltr'><strong>levissimum</strong></span> <span class='ocrx_word' id='word_1_115' title='bbox 1055 1801 1335 1864; x_wconf 90' lang='lat' dir='ltr'><strong>peccatum</strong></span> <span class='ocrx_word' id='word_1_116' title='bbox 1379 1790 1614 1853; x_wconf 82' lang='lat' dir='ltr'><strong>labatur,</strong></span> <span class='ocrx_word' id='word_1_117' title='bbox 1647 1787 1738 1842; x_wconf 90' lang='lat' dir='ltr'><strong>sed</strong></span> <span class='ocrx_word' id='word_1_118' title='bbox 1776 1785 1863 1853; x_wconf 91' lang='lat' dir='ltr'><strong>qui</strong></span> <span class='ocrx_word' id='word_1_119' title='bbox 1899 1783 2138 1853; x_wconf 76' lang='lat' dir='ltr'><strong>graviter</strong></span> 
     </span>
    </p>
   </div>
   <div class='ocr_carea' id='block_1_18' title="bbox 564 1873 2137 1962">
    <p class='ocr_par' dir='ltr' id='par_1_18' title="bbox 564 1873 2137 1962">
     <span class='ocr_line' id='line_1_18' title="bbox 564 1873 2137 1962; baseline -0.011 -17"><span class='ocrx_word' id='word_1_120' title='bbox 564 1893 778 1962; x_wconf 88' lang='lat' dir='ltr'><strong>quidem</strong></span> <span class='ocrx_word' id='word_1_121' title='bbox 829 1901 1126 1956; x_wconf 84' lang='lat' dir='ltr'><strong>nunquam,</strong></span> <span class='ocrx_word' id='word_1_122' title='bbox 1176 1881 1462 1936; x_wconf 89' lang='lat' dir='ltr'><strong>venialiter</strong></span> <span class='ocrx_word' id='word_1_123' title='bbox 1515 1889 1694 1933; x_wconf 91' lang='lat' dir='ltr'><strong>autem</strong></span> <span class='ocrx_word' id='word_1_124' title='bbox 1749 1876 1915 1929; x_wconf 90' lang='lat' dir='ltr'><strong>multo</strong></span> <span class='ocrx_word' id='word_1_125' title='bbox 1963 1873 2137 1928; x_wconf 88' lang='lat' dir='ltr'><strong>rarius</strong></span> 
     </span>
    </p>
   </div>
   <div class='ocr_carea' id='block_1_19' title="bbox 2233 669 3805 740">
    <p class='ocr_par' dir='ltr' id='par_1_19' title="bbox 2233 669 3805 740">
     <span class='ocr_line' id='line_1_19' title="bbox 2233 669 3805 740; baseline -0.009 -6"><span class='ocrx_word' id='word_1_126' title='bbox 2233 697 2360 734; x_wconf 87' lang='lat' dir='ltr'><strong>vero</strong></span> <span class='ocrx_word' id='word_1_127' title='bbox 2400 693 2504 732; x_wconf 91' lang='lat' dir='ltr'><strong>non</strong></span> <span class='ocrx_word' id='word_1_128' title='bbox 2555 677 2800 737; x_wconf 91' lang='lat' dir='ltr'><strong>miretur,</strong></span> <span class='ocrx_word' id='word_1_129' title='bbox 2841 688 2960 726; x_wconf 88' lang='lat' dir='ltr'><strong>eum</strong></span> <span class='ocrx_word' id='word_1_130' title='bbox 3009 671 3234 740; x_wconf 90' lang='lat' dir='ltr'><strong>Didymo</strong></span> <span class='ocrx_word' id='word_1_131' title='bbox 3281 683 3518 724; x_wconf 77' lang='lat' dir='ltr'><strong>errorem</strong></span> <span class='ocrx_word' id='word_1_132' title='bbox 3561 669 3725 722; x_wconf 90' lang='lat' dir='ltr'><strong>tribui</strong></span> <span class='ocrx_word' id='word_1_133' title='bbox 3777 687 3805 720; x_wconf 74' lang='grc' dir='ltr'>τι</span> 
     </span>
    </p>
   </div>
   <div class='ocr_carea' id='block_1_20' title="bbox 2233 759 3806 838">
    <p class='ocr_par' dir='ltr' id='par_1_20' title="bbox 2233 759 3806 838">
     <span class='ocr_line' id='line_1_20' title="bbox 2233 759 3806 838; baseline -0.007 -14"><span class='ocrx_word' id='word_1_134' title='bbox 2233 771 2527 838; x_wconf 85' lang='lat' dir='ltr'><strong>Basnagio.</strong></span> <span class='ocrx_word' id='word_1_135' title='bbox 2553 783 2710 835; x_wconf 87' lang='lat' dir='ltr'><strong>quem</strong></span> <span class='ocrx_word' id='word_1_136' title='bbox 2753 774 2935 832; x_wconf 86' lang='lat' dir='ltr'><strong>aperte</strong></span> <span class='ocrx_word' id='word_1_137' title='bbox 2961 763 3200 832; x_wconf 75' lang='lat' dir='ltr'><strong>explodit</strong></span> <span class='ocrx_word' id='word_1_138' title='bbox 3232 761 3345 830; x_wconf 87' lang='lat' dir='ltr'><strong>ipse</strong></span> <span class='ocrx_word' id='word_1_139' title='bbox 3385 759 3640 830; x_wconf 78' lang='lat' dir='ltr'><strong>Didymus</strong></span> <span class='ocrx_word' id='word_1_140' title='bbox 3683 776 3806 814; x_wconf 88' lang='lat' dir='ltr'><strong>cum</strong></span> 
     </span>
    </p>
   </div>
   <div class='ocr_carea' id='block_1_21' title="bbox 2235 850 3807 919">
    <p class='ocr_par' dir='ltr' id='par_1_21' title="bbox 2235 850 3807 919">
     <span class='ocr_line' id='line_1_21' title="bbox 2235 850 3807 919; baseline -0.007 -4"><span class='ocrx_word' id='word_1_141' title='bbox 2235 863 2286 915; x_wconf 91' lang='lat' dir='ltr'><strong>in</strong></span> <span class='ocrx_word' id='word_1_142' title='bbox 2318 861 2452 914; x_wconf 83' lang='lat' dir='ltr'><strong>libro</strong></span> <span class='ocrx_word' id='word_1_143' title='bbox 2484 862 2604 911; x_wconf 87' lang='lat' dir='ltr'><strong>adv.</strong></span> <span class='ocrx_word' id='word_1_144' title='bbox 2654 854 2993 916; x_wconf 65' lang='lat' dir='ltr'><strong>Ilanicltaros,</strong></span> <span class='ocrx_word' id='word_1_145' title='bbox 3027 862 3084 906; x_wconf 89' lang='lat' dir='ltr'><strong>ut</strong></span> <span class='ocrx_word' id='word_1_146' title='bbox 3130 853 3311 905; x_wconf 89' lang='lat' dir='ltr'><strong>monui</strong></span> <span class='ocrx_word' id='word_1_147' title='bbox 3357 856 3545 919; x_wconf 79' lang='lat' dir='ltr'><strong>pagina</strong></span> <span class='ocrx_word' id='word_1_148' title='bbox 3579 850 3688 918; x_wconf 85' lang='lat' dir='ltr'><strong>jam</strong></span> <span class='ocrx_word' id='word_1_149' title='bbox 3729 857 3807 904; x_wconf 82' lang='lat' dir='ltr'><strong>ct-</strong></span> 
     </span>
    </p>
   </div>
   <div class='ocr_carea' id='block_1_22' title="bbox 2239 936 3811 1016">
    <p class='ocr_par' dir='ltr' id='par_1_22' title="bbox 2239 936 3811 1016">
     <span class='ocr_line' id='line_1_22' title="bbox 2239 936 3811 1016; baseline -0.008 -11"><span class='ocrx_word' id='word_1_150' title='bbox 2239 964 2366 1016; x_wconf 85' lang='lat' dir='ltr'><strong>tata,</strong></span> <span class='ocrx_word' id='word_1_151' title='bbox 2411 961 2519 1003; x_wconf 88' lang='lat' dir='ltr'><strong>tum</strong></span> <span class='ocrx_word' id='word_1_152' title='bbox 2580 947 2754 1014; x_wconf 88' lang='lat' dir='ltr'><strong>capite</strong></span> <span class='ocrx_word' id='word_1_153' title='bbox 2803 945 2855 1008; x_wconf 87' lang='lat'><strong>5,</strong></span> <span class='ocrx_word' id='word_1_154' title='bbox 2894 943 2979 1007; x_wconf 79' lang='lat' dir='ltr'><strong>I9,</strong></span> <span class='ocrx_word' id='word_1_155' title='bbox 3023 942 3393 996; x_wconf 81' lang='lat' dir='ltr'><strong>Enarrutionis</strong></span> <span class='ocrx_word' id='word_1_156' title='bbox 3427 943 3480 994; x_wconf 88' lang='lat' dir='ltr'><strong>in</strong></span> <span class='ocrx_word' id='word_1_157' title='bbox 3519 936 3811 1009; x_wconf 76' lang='lat' dir='ltr'><strong>Epistulam</strong></span> 
     </span>
    </p>
   </div>
   <div class='ocr_carea' id='block_1_23' title="bbox 2235 1024 3814 1112">
    <p class='ocr_par' dir='ltr' id='par_1_23' title="bbox 2235 1024 3814 1112">
     <span class='ocr_line' id='line_1_23' title="bbox 2235 1024 3814 1112; baseline -0.008 -17"><span class='ocrx_word' id='word_1_158' title='bbox 2235 1045 2457 1112; x_wconf 84' lang='lat' dir='ltr'><strong>primam</strong></span> <span class='ocrx_word' id='word_1_159' title='bbox 2507 1038 2755 1100; x_wconf 84' lang='lat' dir='ltr'><strong><em>Joannis,</em></strong></span> <span class='ocrx_word' id='word_1_160' title='bbox 2809 1036 2896 1088; x_wconf 91' lang='lat' dir='ltr'><strong>ubi</strong></span> <span class='ocrx_word' id='word_1_161' title='bbox 2948 1033 3181 1102; x_wconf 76' lang='lat' dir='ltr'><strong>explicat</strong></span> <span class='ocrx_word' id='word_1_162' title='bbox 3229 1033 3341 1085; x_wconf 54' lang='lat' dir='ltr'><strong>haec</strong></span> <span class='ocrx_word' id='word_1_163' title='bbox 3381 1031 3540 1085; x_wconf 86' lang='lat' dir='ltr'><strong>verba</strong></span> <span class='ocrx_word' id='word_1_164' title='bbox 3597 1048 3609 1083; x_wconf 93' lang='lat'><strong>:</strong></span> <span class='ocrx_word' id='word_1_165' title='bbox 3652 1024 3814 1082; x_wconf 85' lang='lat' dir='ltr'><strong>Totus</strong></span> 
     </span>
    </p>
   </div>
   <div class='ocr_carea' id='block_1_24' title="bbox 2238 1123 3809 1198">
    <p class='ocr_par' dir='ltr' id='par_1_24' title="bbox 2238 1123 3809 1198">
     <span class='ocr_line' id='line_1_24' title="bbox 2238 1123 3809 1198; baseline -0.009 -12"><span class='ocrx_word' id='word_1_166' title='bbox 2238 1136 2461 1187; x_wconf 85' lang='lat' dir='ltr'><strong>mundus</strong></span> <span class='ocrx_word' id='word_1_167' title='bbox 2503 1132 2556 1185; x_wconf 89' lang='lat' dir='ltr'><strong>in</strong></span> <span class='ocrx_word' id='word_1_168' title='bbox 2588 1131 2817 1198; x_wconf 87' lang='lat' dir='ltr'><strong>maligno</strong></span> <span class='ocrx_word' id='word_1_169' title='bbox 2858 1127 3057 1194; x_wconf 89' lang='lat' dir='ltr'><strong>positus</strong></span> <span class='ocrx_word' id='word_1_170' title='bbox 3092 1133 3187 1178; x_wconf 79' lang='lat' dir='ltr'><strong>est.</strong></span> <span class='ocrx_word' id='word_1_171' title='bbox 3235 1123 3434 1178; x_wconf 86' lang='lat' dir='ltr'><strong>Horum</strong></span> <span class='ocrx_word' id='word_1_172' title='bbox 3462 1123 3604 1176; x_wconf 89' lang='lat' dir='ltr'><strong>enim</strong></span> <span class='ocrx_word' id='word_1_173' title='bbox 3643 1126 3809 1175; x_wconf 82' lang='lat' dir='ltr'><strong>inter-</strong></span> 
     </span>
    </p>
   </div>
   <div class='ocr_carea' id='block_1_25' title="bbox 2239 1215 3814 1297">
    <p class='ocr_par' dir='ltr' id='par_1_25' title="bbox 2239 1215 3814 1297">
     <span class='ocr_line' id='line_1_25' title="bbox 2239 1215 3814 1297; baseline -0.007 -18"><span class='ocrx_word' id='word_1_174' title='bbox 2239 1228 2592 1297; x_wconf 86' lang='lat' dir='ltr'><strong>pretationem</strong></span> <span class='ocrx_word' id='word_1_175' title='bbox 2612 1223 2690 1278; x_wconf 91' lang='lat' dir='ltr'><strong>sic</strong></span> <span class='ocrx_word' id='word_1_176' title='bbox 2712 1221 2988 1276; x_wconf 79' lang='lat' dir='ltr'><strong>exorditur</strong></span> <span class='ocrx_word' id='word_1_177' title='bbox 3021 1239 3034 1273; x_wconf 92' lang='lat'>:</span> <span class='ocrx_word' id='word_1_178' title='bbox 3071 1237 3088 1267; x_wconf 77' lang='grc' dir='ltr'><strong>ι</strong></span> <span class='ocrx_word' id='word_1_179' title='bbox 3125 1215 3379 1281; x_wconf 79' lang='lat' dir='ltr'><strong>Mundus,</strong></span> <span class='ocrx_word' id='word_1_180' title='bbox 3418 1217 3467 1270; x_wconf 93' lang='lat' dir='ltr'><strong>id</strong></span> <span class='ocrx_word' id='word_1_181' title='bbox 3495 1225 3598 1281; x_wconf 90' lang='lat' dir='ltr'><strong>est,</strong></span> <span class='ocrx_word' id='word_1_182' title='bbox 3630 1215 3814 1268; x_wconf 84' lang='lat' dir='ltr'><strong>mundi</strong></span> 
     </span>
    </p>
   </div>
   <div class='ocr_carea' id='block_1_26' title="bbox 2239 1305 3812 1382">
    <p class='ocr_par' dir='ltr' id='par_1_26' title="bbox 2239 1305 3812 1382">
     <span class='ocr_line' id='line_1_26' title="bbox 2239 1305 3812 1382; baseline -0.008 -11"><span class='ocrx_word' id='word_1_183' title='bbox 2239 1326 2508 1371; x_wconf 76' lang='lat' dir='ltr'><strong>amatores</strong></span> <span class='ocrx_word' id='word_1_184' title='bbox 2560 1314 2792 1382; x_wconf 83' lang='lat' dir='ltr'><strong>maligno</strong></span> <span class='ocrx_word' id='word_1_185' title='bbox 2841 1310 2982 1365; x_wconf 88' lang='lat' dir='ltr'><strong>ortui</strong></span> <span class='ocrx_word' id='word_1_186' title='bbox 3032 1321 3156 1364; x_wconf 89' lang='lat' dir='ltr'><strong>sunt</strong></span> <span class='ocrx_word' id='word_1_187' title='bbox 3192 1309 3442 1377; x_wconf 72' lang='lat' dir='ltr'><strong>subjecti.</strong></span> <span class='ocrx_word' id='word_1_188' title='bbox 3482 1305 3674 1369; x_wconf 84' lang='lat' dir='ltr'><strong>Totus,</strong></span> <span class='ocrx_word' id='word_1_189' title='bbox 3719 1307 3812 1369; x_wconf 89' lang='lat' dir='ltr'><strong>ait,</strong></span> 
     </span>
    </p>
   </div>
   <div class='ocr_carea' id='block_1_27' title="bbox 2237 1397 3817 1478">
    <p class='ocr_par' dir='ltr' id='par_1_27' title="bbox 2237 1397 3817 1478">
     <span class='ocr_line' id='line_1_27' title="bbox 2237 1397 3817 1478; baseline -0.006 -18"><span class='ocrx_word' id='word_1_190' title='bbox 2237 1412 2378 1478; x_wconf 87' lang='lat' dir='ltr'><strong>quod</strong></span> <span class='ocrx_word' id='word_1_191' title='bbox 2424 1420 2611 1461; x_wconf 89' lang='lat' dir='ltr'><strong>omnes</strong></span> <span class='ocrx_word' id='word_1_192' title='bbox 2656 1407 2756 1458; x_wconf 94' lang='lat' dir='ltr'><strong>sub</strong></span> <span class='ocrx_word' id='word_1_193' title='bbox 2799 1413 3023 1471; x_wconf 87' lang='lat' dir='ltr'><strong>peccato</strong></span> <span class='ocrx_word' id='word_1_194' title='bbox 3052 1401 3352 1462; x_wconf 82' lang='lat' dir='ltr'><strong>nascimur,</strong></span> <span class='ocrx_word' id='word_1_195' title='bbox 3394 1399 3646 1466; x_wconf 88' lang='lat' dir='ltr'><strong>quoniam</strong></span> <span class='ocrx_word' id='word_1_196' title='bbox 3703 1397 3817 1466; x_wconf 88' lang='lat' dir='ltr'><strong>ipse</strong></span> 
     </span>
    </p>
   </div>
   <div class='ocr_carea' id='block_1_28' title="bbox 2237 1490 3814 1560">
    <p class='ocr_par' dir='ltr' id='par_1_28' title="bbox 2237 1490 3814 1560">
     <span class='ocr_line' id='line_1_28' title="bbox 2237 1490 3814 1560; baseline -0.009 -6"><span class='ocrx_word' id='word_1_197' title='bbox 2237 1510 2388 1554; x_wconf 89' lang='lat' dir='ltr'><strong>ortus</strong></span> <span class='ocrx_word' id='word_1_198' title='bbox 2423 1499 2474 1552; x_wconf 89' lang='lat' dir='ltr'><strong>in</strong></span> <span class='ocrx_word' id='word_1_199' title='bbox 2507 1497 2639 1550; x_wconf 88' lang='lat' dir='ltr'><strong>vitio</strong></span> <span class='ocrx_word' id='word_1_200' title='bbox 2669 1507 2804 1548; x_wconf 65' lang='lat' dir='ltr'><strong>est.»</strong></span> <span class='ocrx_word' id='word_1_201' title='bbox 2825 1493 2962 1560; x_wconf 88' lang='lat' dir='ltr'><strong>Quid</strong></span> <span class='ocrx_word' id='word_1_202' title='bbox 2997 1493 3226 1560; x_wconf 85' lang='lat' dir='ltr'><strong>amplius</strong></span> <span class='ocrx_word' id='word_1_203' title='bbox 3256 1490 3396 1558; x_wconf 81' lang='lat' dir='ltr'><strong>exigi</strong></span> <span class='ocrx_word' id='word_1_204' title='bbox 3425 1491 3491 1543; x_wconf 87' lang='lat' dir='ltr'><strong>ab</strong></span> <span class='ocrx_word' id='word_1_205' title='bbox 3523 1505 3588 1544; x_wconf 87' lang='lat' dir='ltr'><strong>eo</strong></span> <span class='ocrx_word' id='word_1_206' title='bbox 3620 1499 3814 1558; x_wconf 88' lang='lat' dir='ltr'><strong>potest,</strong></span> 
     </span>
    </p>
   </div>
   <div class='ocr_carea' id='block_1_29' title="bbox 2239 1579 3816 1660">
    <p class='ocr_par' dir='ltr' id='par_1_29' title="bbox 2239 1579 3816 1660">
     <span class='ocr_line' id='line_1_29' title="bbox 2239 1579 3816 1660; baseline -0.006 -17"><span class='ocrx_word' id='word_1_207' title='bbox 2239 1591 2328 1660; x_wconf 91' lang='lat' dir='ltr'><strong>qui</strong></span> <span class='ocrx_word' id='word_1_208' title='bbox 2357 1602 2466 1642; x_wconf 89' lang='lat' dir='ltr'><strong>tum</strong></span> <span class='ocrx_word' id='word_1_209' title='bbox 2500 1589 2610 1641; x_wconf 78' lang='lat' dir='ltr'><strong>haec</strong></span> <span class='ocrx_word' id='word_1_210' title='bbox 2641 1586 2902 1646; x_wconf 84' lang='lat' dir='ltr'><strong>dictabat,</strong></span> <span class='ocrx_word' id='word_1_211' title='bbox 2935 1597 3057 1636; x_wconf 90' lang='lat' dir='ltr'><strong>cum</strong></span> <span class='ocrx_word' id='word_1_212' title='bbox 3092 1589 3371 1650; x_wconf 88' lang='lat' dir='ltr'><strong>peccatum</strong></span> <span class='ocrx_word' id='word_1_213' title='bbox 3402 1579 3663 1649; x_wconf 82' lang='lat' dir='ltr'><strong>originale</strong></span> <span class='ocrx_word' id='word_1_214' title='bbox 3691 1594 3816 1634; x_wconf 85' lang='lat' dir='ltr'><strong>uec-</strong></span> 
     </span>
    </p>
   </div>
   <div class='ocr_carea' id='block_1_30' title="bbox 2241 1670 3077 1748">
    <p class='ocr_par' dir='ltr' id='par_1_30' title="bbox 2241 1670 3077 1748">
     <span class='ocr_line' id='line_1_30' title="bbox 2241 1670 3077 1748; baseline -0.014 -12"><span class='ocrx_word' id='word_1_215' title='bbox 2241 1683 2364 1737; x_wconf 89' lang='lat' dir='ltr'><strong>dum</strong></span> <span class='ocrx_word' id='word_1_216' title='bbox 2404 1685 2732 1748; x_wconf 77' lang='lat' dir='ltr'><strong>negaverant</strong></span> <span class='ocrx_word' id='word_1_217' title='bbox 2765 1670 3077 1742; x_wconf 83' lang='lat' dir='ltr'><strong>Pelagiani?</strong></span> 
     </span>
    </p>
   </div>
   <div class='ocr_carea' id='block_1_31' title="bbox 2321 1759 3816 1840">
    <p class='ocr_par' dir='ltr' id='par_1_31' title="bbox 2321 1759 3816 1840">
     <span class='ocr_line' id='line_1_31' title="bbox 2321 1759 3816 1840; baseline -0.01 -12"><span class='ocrx_word' id='word_1_218' title='bbox 2321 1773 2426 1828; x_wconf 88' lang='lat' dir='ltr'><strong>Sed</strong></span> <span class='ocrx_word' id='word_1_219' title='bbox 2461 1777 2835 1840; x_wconf 80' lang='lat' dir='ltr'><strong>argumentum</strong></span> <span class='ocrx_word' id='word_1_220' title='bbox 2869 1765 3137 1836; x_wconf 84' lang='lat' dir='ltr'><strong>paulisper</strong></span> <span class='ocrx_word' id='word_1_221' title='bbox 3156 1762 3518 1831; x_wconf 82' lang='lat' dir='ltr'><strong>expendamus</strong></span> <span class='ocrx_word' id='word_1_222' title='bbox 3541 1759 3816 1830; x_wconf 80' lang='lat' dir='ltr'><strong>Basuagit,</strong></span> 
     </span>
    </p>
   </div>
   <div class='ocr_carea' id='block_1_32' title="bbox 2241 1854 3815 1938">
    <p class='ocr_par' dir='ltr' id='par_1_32' title="bbox 2241 1854 3815 1938">
     <span class='ocr_line' id='line_1_32' title="bbox 2241 1854 3815 1938; baseline -0.01 -16"><span class='ocrx_word' id='word_1_223' title='bbox 2241 1869 2383 1938; x_wconf 90' lang='lat' dir='ltr'><strong>quod</strong></span> <span class='ocrx_word' id='word_1_224' title='bbox 2433 1867 2477 1920; x_wconf 89' lang='lat' dir='ltr'><strong>is</strong></span> <span class='ocrx_word' id='word_1_225' title='bbox 2523 1863 2677 1918; x_wconf 78' lang='lat' dir='ltr'><strong>affert</strong></span> <span class='ocrx_word' id='word_1_226' title='bbox 2714 1863 2767 1917; x_wconf 89' lang='lat' dir='ltr'><strong>in</strong></span> <span class='ocrx_word' id='word_1_227' title='bbox 2805 1862 2948 1914; x_wconf 91' lang='lat' dir='ltr'><strong>hunc</strong></span> <span class='ocrx_word' id='word_1_228' title='bbox 2986 1859 3106 1935; x_wconf 72' lang='lat' dir='ltr'><strong>fere</strong></span> <span class='ocrx_word' id='word_1_229' title='bbox 3143 1858 3378 1909; x_wconf 87' lang='lat' dir='ltr'><strong>modum.</strong></span> <span class='ocrx_word' id='word_1_230' title='bbox 3431 1854 3579 1908; x_wconf 87' lang='lat' dir='ltr'><strong>Pauli</strong></span> <span class='ocrx_word' id='word_1_231' title='bbox 3630 1855 3815 1918; x_wconf 87' lang='lat' dir='ltr'><strong>verba,</strong></span> 
     </span>
    </p>
   </div>
   <div class='ocr_carea' id='block_1_33' title="bbox 564 1944 3816 2048">
    <p class='ocr_par' dir='ltr' id='par_1_33' title="bbox 564 1944 3816 2048">
     <span class='ocr_line' id='line_1_33' title="bbox 564 1944 3816 2048; baseline -0.012 -12"><span class='ocrx_word' id='word_1_232' title='bbox 564 1984 862 2048; x_wconf 85' lang='lat' dir='ltr'><strong>delinquat,</strong></span> <span class='ocrx_word' id='word_1_233' title='bbox 894 1991 1054 2046; x_wconf 91' lang='lat' dir='ltr'><strong>quam</strong></span> <span class='ocrx_word' id='word_1_234' title='bbox 1099 1972 1282 2029; x_wconf 80' lang='lat' dir='ltr'><strong>caueri</strong></span> <span class='ocrx_word' id='word_1_235' title='bbox 1315 1970 1475 2040; x_wconf 81' lang='lat' dir='ltr'><strong>vulgo</strong></span> <span class='ocrx_word' id='word_1_236' title='bbox 1512 1969 1777 2022; x_wconf 87' lang='lat' dir='ltr'><strong>homines.</strong></span> <span class='ocrx_word' id='word_1_237' title='bbox 1817 1966 2132 2033; x_wconf 87' lang='lat' dir='ltr'><strong>Quanquam</strong></span> <span class='ocrx_word' id='word_1_238' title='bbox 2165 1970 2210 2026; x_wconf 82' lang='grc' dir='ltr'><strong>Β</strong></span> <span class='ocrx_word' id='word_1_239' title='bbox 2240 1962 2466 2014; x_wconf 84' lang='lat' dir='ltr'><strong>Eramus</strong></span> <span class='ocrx_word' id='word_1_240' title='bbox 2507 1966 2695 2008; x_wconf 89' lang='lat' dir='ltr'><strong>natura</strong></span> <span class='ocrx_word' id='word_1_241' title='bbox 2731 1952 2830 2021; x_wconf 84' lang='lat' dir='ltr'><strong>filii</strong></span> <span class='ocrx_word' id='word_1_242' title='bbox 2873 1953 2966 2004; x_wconf 77' lang='lat' dir='ltr'><strong>ine</strong></span> <span class='ocrx_word' id='word_1_243' title='bbox 2986 1949 3053 2014; x_wconf 72' lang='grc' dir='ltr'>δι,</span> <span class='ocrx_word' id='word_1_244' title='bbox 3102 1949 3175 2001; x_wconf 87' lang='lat' dir='ltr'><strong>ita</strong></span> <span class='ocrx_word' id='word_1_245' title='bbox 3217 1947 3413 2015; x_wconf 86' lang='lat' dir='ltr'><strong>accipit</strong></span> <span class='ocrx_word' id='word_1_246' title='bbox 3461 1944 3715 2014; x_wconf 82' lang='lat' dir='ltr'><strong>Didymus</strong></span> <span class='ocrx_word' id='word_1_247' title='bbox 3764 1945 3816 1997; x_wconf 88' lang='lat' dir='ltr'><strong>in</strong></span> 
     </span>
    </p>
   </div>
   <div class='ocr_carea' id='block_1_34' title="bbox 566 2054 2135 2141">
    <p class='ocr_par' dir='ltr' id='par_1_34' title="bbox 566 2054 2135 2141">
     <span class='ocr_line' id='line_1_34' title="bbox 566 2054 2135 2141; baseline -0.013 -17"><span class='ocrx_word' id='word_1_248' title='bbox 566 2085 723 2141; x_wconf 82' lang='lat' dir='ltr'><strong>posse</strong></span> <span class='ocrx_word' id='word_1_249' title='bbox 765 2068 1036 2123; x_wconf 86' lang='lat' dir='ltr'><strong>hominem</strong></span> <span class='ocrx_word' id='word_1_250' title='bbox 1064 2063 1292 2132; x_wconf 85' lang='lat' dir='ltr'><strong>justum,</strong></span> <span class='ocrx_word' id='word_1_251' title='bbox 1324 2075 1444 2114; x_wconf 90' lang='lat' dir='ltr'><strong>cum</strong></span> <span class='ocrx_word' id='word_1_252' title='bbox 1487 2057 1661 2129; x_wconf 87' lang='lat' dir='ltr'><strong>gratia</strong></span> <span class='ocrx_word' id='word_1_253' title='bbox 1687 2054 2135 2118; x_wconf 83' lang='lat' dir='ltr'><strong>extraordinaria,</strong></span> 
     </span>
    </p>
   </div>
   <div class='ocr_carea' id='block_1_35' title="bbox 567 2145 2189 2226">
    <p class='ocr_par' dir='ltr' id='par_1_35' title="bbox 567 2145 2189 2226">
     <span class='ocr_line' id='line_1_35' title="bbox 567 2145 2189 2226; baseline -0.014 -9"><span class='ocrx_word' id='word_1_254' title='bbox 567 2165 746 2217; x_wconf 87' lang='lat' dir='ltr'><strong>vitare</strong></span> <span class='ocrx_word' id='word_1_255' title='bbox 773 2161 956 2214; x_wconf 88' lang='lat' dir='ltr'><strong>omnia</strong></span> <span class='ocrx_word' id='word_1_256' title='bbox 1007 2163 1230 2226; x_wconf 89' lang='lat' dir='ltr'><strong>peccata</strong></span> <span class='ocrx_word' id='word_1_257' title='bbox 1276 2152 1439 2207; x_wconf 82' lang='lat' dir='ltr'><strong>etiam</strong></span> <span class='ocrx_word' id='word_1_258' title='bbox 1472 2149 1724 2214; x_wconf 87' lang='lat' dir='ltr'><strong>venialia,</strong></span> <span class='ocrx_word' id='word_1_259' title='bbox 1764 2163 1828 2201; x_wconf 91' lang='lat' dir='ltr'><strong>ne</strong></span> <span class='ocrx_word' id='word_1_260' title='bbox 1858 2148 1971 2215; x_wconf 89' lang='lat' dir='ltr'><strong>ipse</strong></span> <span class='ocrx_word' id='word_1_261' title='bbox 2019 2145 2141 2214; x_wconf 79' lang='lat' dir='ltr'><strong>qui-</strong></span> <span class='ocrx_word' id='word_1_262' title='bbox 2183 2164 2189 2169; x_wconf 86' lang='lat'><strong><em>-</em></strong></span> 
     </span>
    </p>
   </div>
   <div class='ocr_carea' id='block_1_36' title="bbox 567 2233 2142 2320">
    <p class='ocr_par' dir='ltr' id='par_1_36' title="bbox 567 2233 2142 2320">
     <span class='ocr_line' id='line_1_36' title="bbox 567 2233 2142 2320; baseline -0.014 -12"><span class='ocrx_word' id='word_1_263' title='bbox 567 2257 686 2308; x_wconf 88' lang='lat' dir='ltr'><strong>dem</strong></span> <span class='ocrx_word' id='word_1_264' title='bbox 724 2251 1056 2320; x_wconf 77' lang='lat' dir='ltr'><strong>Augustinus</strong></span> <span class='ocrx_word' id='word_1_265' title='bbox 1086 2255 1262 2314; x_wconf 88' lang='lat' dir='ltr'><strong>negat.</strong></span> <span class='ocrx_word' id='word_1_266' title='bbox 1291 2243 1396 2309; x_wconf 82' lang='lat' dir='ltr'><strong>Qui</strong></span> <span class='ocrx_word' id='word_1_267' title='bbox 1424 2243 1624 2305; x_wconf 86' lang='lat' dir='ltr'><strong>dicunt,</strong></span> <span class='ocrx_word' id='word_1_268' title='bbox 1645 2238 1817 2305; x_wconf 88' lang='lat' dir='ltr'><strong>inquit</strong></span> <span class='ocrx_word' id='word_1_269' title='bbox 1843 2237 1976 2290; x_wconf 91' lang='lat' dir='ltr'><strong>libro</strong></span> <span class='ocrx_word' id='word_1_270' title='bbox 2004 2249 2042 2288; x_wconf 92' lang='grc' dir='ltr'><strong>ιι</strong></span> <span class='ocrx_word' id='word_1_271' title='bbox 2068 2233 2142 2286; x_wconf 84' lang='lat' dir='ltr'><strong>De</strong></span> 
     </span>
    </p>
   </div>
   <div class='ocr_carea' id='block_1_37' title="bbox 565 2325 2143 2414">
    <p class='ocr_par' dir='ltr' id='par_1_37' title="bbox 565 2325 2143 2414">
     <span class='ocr_line' id='line_1_37' title="bbox 565 2325 2143 2414; baseline -0.013 -17"><span class='ocrx_word' id='word_1_272' title='bbox 565 2351 896 2414; x_wconf 90' lang='lat' dir='ltr'><strong>peccatorum</strong></span> <span class='ocrx_word' id='word_1_273' title='bbox 921 2337 1115 2391; x_wconf 90' lang='lat' dir='ltr'><strong>meritis</strong></span> <span class='ocrx_word' id='word_1_274' title='bbox 1142 2346 1188 2389; x_wconf 88' lang='lat' dir='ltr'><strong>et</strong></span> <span class='ocrx_word' id='word_1_275' title='bbox 1215 2334 1518 2387; x_wconf 78' lang='lat' dir='ltr'><strong>remissione</strong></span> <span class='ocrx_word' id='word_1_276' title='bbox 1544 2345 1660 2397; x_wconf 84' lang='lat' dir='ltr'><strong>cap.</strong></span> <span class='ocrx_word' id='word_1_277' title='bbox 1687 2327 1740 2393; x_wconf 87' lang='lat'><strong>6,</strong></span> <span class='ocrx_word' id='word_1_278' title='bbox 1765 2343 1932 2395; x_wconf 75' lang='lat' dir='ltr'><strong>segni.</strong></span> <span class='ocrx_word' id='word_1_279' title='bbox 1959 2325 2010 2390; x_wconf 91' lang='lat'><strong>7,</strong></span> <span class='ocrx_word' id='word_1_280' title='bbox 2035 2341 2143 2378; x_wconf 85' lang='lat' dir='ltr'><strong>esse</strong></span> 
     </span>
    </p>
   </div>
   <div class='ocr_carea' id='block_1_38' title="bbox 568 2417 2143 2503">
    <p class='ocr_par' dir='ltr' id='par_1_38' title="bbox 568 2417 2143 2503">
     <span class='ocr_line' id='line_1_38' title="bbox 568 2417 2143 2503; baseline -0.013 -15"><span class='ocrx_word' id='word_1_281' title='bbox 568 2450 717 2503; x_wconf 88' lang='lat' dir='ltr'><strong>posse</strong></span> <span class='ocrx_word' id='word_1_282' title='bbox 746 2434 799 2485; x_wconf 89' lang='lat' dir='ltr'><strong>in</strong></span> <span class='ocrx_word' id='word_1_283' title='bbox 830 2433 929 2483; x_wconf 79' lang='lat' dir='ltr'><strong>hac</strong></span> <span class='ocrx_word' id='word_1_284' title='bbox 964 2431 1068 2482; x_wconf 87' lang='lat' dir='ltr'><strong>vita</strong></span> <span class='ocrx_word' id='word_1_285' title='bbox 1111 2426 1370 2480; x_wconf 85' lang='lat' dir='ltr'><strong>hominem</strong></span> <span class='ocrx_word' id='word_1_286' title='bbox 1402 2423 1515 2476; x_wconf 83' lang='lat' dir='ltr'><strong>sine</strong></span> <span class='ocrx_word' id='word_1_287' title='bbox 1546 2432 1754 2488; x_wconf 85' lang='lat' dir='ltr'><strong>peccato</strong></span> <span class='ocrx_word' id='word_1_288' title='bbox 1777 2457 1791 2483; x_wconf 90' lang='lat'><strong>,</strong></span> <span class='ocrx_word' id='word_1_289' title='bbox 1820 2433 1921 2471; x_wconf 89' lang='lat' dir='ltr'><strong>non</strong></span> <span class='ocrx_word' id='word_1_290' title='bbox 1955 2426 2028 2471; x_wconf 88' lang='lat' dir='ltr'><strong>est</strong></span> <span class='ocrx_word' id='word_1_291' title='bbox 2071 2417 2143 2469; x_wconf 88' lang='lat' dir='ltr'><strong>eis</strong></span> 
     </span>
    </p>
   </div>
   <div class='ocr_carea' id='block_1_39' title="bbox 570 2507 2144 2581">
    <p class='ocr_par' dir='ltr' id='par_1_39' title="bbox 570 2507 2144 2581">
     <span class='ocr_line' id='line_1_39' title="bbox 570 2507 2144 2581; baseline -0.013 -2"><span class='ocrx_word' id='word_1_292' title='bbox 570 2527 819 2581; x_wconf 83' lang='lat' dir='ltr'><strong>continuo</strong></span> <span class='ocrx_word' id='word_1_293' title='bbox 862 2523 1078 2575; x_wconf 88' lang='lat' dir='ltr'><strong>incauta</strong></span> <span class='ocrx_word' id='word_1_294' title='bbox 1131 2516 1418 2571; x_wconf 82' lang='lat' dir='ltr'><strong>temeritate</strong></span> <span class='ocrx_word' id='word_1_295' title='bbox 1465 2511 1836 2566; x_wconf 84' lang='lat' dir='ltr'><strong>obsistendum.</strong></span> <span class='ocrx_word' id='word_1_296' title='bbox 1895 2507 1952 2563; x_wconf 91' lang='lat' dir='ltr'><strong>Si</strong></span> <span class='ocrx_word' id='word_1_297' title='bbox 2005 2510 2144 2562; x_wconf 88' lang='lat' dir='ltr'><strong>enim</strong></span> 
     </span>
    </p>
   </div>
   <div class='ocr_carea' id='block_1_40' title="bbox 571 2597 2143 2684">
    <p class='ocr_par' dir='ltr' id='par_1_40' title="bbox 571 2597 2143 2684">
     <span class='ocr_line' id='line_1_40' title="bbox 571 2597 2143 2684; baseline -0.014 -13"><span class='ocrx_word' id='word_1_298' title='bbox 571 2632 721 2684; x_wconf 85' lang='lat' dir='ltr'><strong>posse</strong></span> <span class='ocrx_word' id='word_1_299' title='bbox 766 2613 1157 2682; x_wconf 78' lang='lat' dir='ltr'><strong>negaverimus;</strong></span> <span class='ocrx_word' id='word_1_300' title='bbox 1204 2618 1251 2660; x_wconf 88' lang='lat' dir='ltr'><strong>et</strong></span> <span class='ocrx_word' id='word_1_301' title='bbox 1296 2604 1522 2659; x_wconf 79' lang='lat' dir='ltr'><strong>hominis</strong></span> <span class='ocrx_word' id='word_1_302' title='bbox 1571 2603 1730 2655; x_wconf 89' lang='lat' dir='ltr'><strong>libero</strong></span> <span class='ocrx_word' id='word_1_303' title='bbox 1779 2599 2021 2663; x_wconf 86' lang='lat' dir='ltr'><strong>arbitrio,</strong></span> <span class='ocrx_word' id='word_1_304' title='bbox 2054 2597 2143 2665; x_wconf 87' lang='lat' dir='ltr'><strong>qui</strong></span> 
     </span>
    </p>
   </div>
   <div class='ocr_carea' id='block_1_41' title="bbox 570 2688 2142 2766">
    <p class='ocr_par' dir='ltr' id='par_1_41' title="bbox 570 2688 2142 2766">
     <span class='ocr_line' id='line_1_41' title="bbox 570 2688 2142 2766; baseline -0.01 -10"><span class='ocrx_word' id='word_1_305' title='bbox 570 2706 670 2756; x_wconf 80' lang='lat' dir='ltr'><strong>hoc</strong></span> <span class='ocrx_word' id='word_1_306' title='bbox 701 2699 915 2754; x_wconf 77' lang='lat' dir='ltr'><strong>valendo</strong></span> <span class='ocrx_word' id='word_1_307' title='bbox 945 2699 1165 2766; x_wconf 86' lang='lat' dir='ltr'><strong>appetit,</strong></span> <span class='ocrx_word' id='word_1_308' title='bbox 1208 2704 1256 2748; x_wconf 87' lang='lat' dir='ltr'><strong>et</strong></span> <span class='ocrx_word' id='word_1_309' title='bbox 1301 2693 1396 2746; x_wconf 88' lang='lat' dir='ltr'><strong>Dei</strong></span> <span class='ocrx_word' id='word_1_310' title='bbox 1430 2693 1609 2746; x_wconf 82' lang='lat' dir='ltr'><strong>virtuti</strong></span> <span class='ocrx_word' id='word_1_311' title='bbox 1635 2691 1712 2743; x_wconf 89' lang='lat' dir='ltr'><strong>vel</strong></span> <span class='ocrx_word' id='word_1_312' title='bbox 1747 2688 2142 2753; x_wconf 63' lang='lat' dir='ltr'><strong>misericordiae,</strong></span> 
     </span>
    </p>
   </div>
   <div class='ocr_carea' id='block_1_42' title="bbox 571 2777 2146 2862">
    <p class='ocr_par' dir='ltr' id='par_1_42' title="bbox 571 2777 2146 2862">
     <span class='ocr_line' id='line_1_42' title="bbox 571 2777 2146 2862; baseline -0.01 -16"><span class='ocrx_word' id='word_1_313' title='bbox 571 2794 659 2862; x_wconf 86' lang='lat' dir='ltr'><strong>qui</strong></span> <span class='ocrx_word' id='word_1_314' title='bbox 695 2791 790 2844; x_wconf 78' lang='lat' dir='ltr'><strong>hoc</strong></span> <span class='ocrx_word' id='word_1_315' title='bbox 818 2789 1118 2858; x_wconf 84' lang='lat' dir='ltr'><strong>adjuvando</strong></span> <span class='ocrx_word' id='word_1_316' title='bbox 1151 2787 1322 2856; x_wconf 72' lang='lat' dir='ltr'><strong>efﬁcit,</strong></span> <span class='ocrx_word' id='word_1_317' title='bbox 1367 2781 1754 2852; x_wconf 80' lang='lat' dir='ltr'><strong>derogabitnus.</strong></span> <span class='ocrx_word' id='word_1_318' title='bbox 1786 2819 1801 2835; x_wconf 89' lang='lat'><strong>.</strong></span> <span class='ocrx_word' id='word_1_319' title='bbox 1831 2819 1846 2834; x_wconf 94' lang='lat'><strong>.</strong></span> <span class='ocrx_word' id='word_1_320' title='bbox 1879 2822 1894 2835; x_wconf 92' lang='lat'><strong>.</strong></span> <span class='ocrx_word' id='word_1_321' title='bbox 1921 2821 1934 2832; x_wconf 94' lang='lat'><strong>.</strong></span> <span class='ocrx_word' id='word_1_322' title='bbox 1970 2817 1986 2833; x_wconf 91' lang='lat'><strong>.</strong></span> <span class='ocrx_word' id='word_1_323' title='bbox 2025 2777 2088 2833; x_wconf 88' lang='lat' dir='ltr'><strong>Si</strong></span> <span class='ocrx_word' id='word_1_324' title='bbox 2115 2794 2146 2831; x_wconf 80' lang='grc' dir='ltr'><em>α</em></span> 
     </span>
    </p>
   </div>
   <div class='ocr_carea' id='block_1_43' title="bbox 569 2872 2147 2954">
    <p class='ocr_par' dir='ltr' id='par_1_43' title="bbox 569 2872 2147 2954">
     <span class='ocr_line' id='line_1_43' title="bbox 569 2872 2147 2954; baseline -0.01 -15"><span class='ocrx_word' id='word_1_325' title='bbox 569 2902 651 2940; x_wconf 87' lang='lat' dir='ltr'><strong>me</strong></span> <span class='ocrx_word' id='word_1_326' title='bbox 674 2893 965 2954; x_wconf 70' lang='lat' dir='ltr'><strong>quaratur,</strong></span> <span class='ocrx_word' id='word_1_327' title='bbox 991 2891 1167 2932; x_wconf 87' lang='lat' dir='ltr'><strong>utrum</strong></span> <span class='ocrx_word' id='word_1_328' title='bbox 1201 2880 1355 2930; x_wconf 82' lang='lat' dir='ltr'><strong>homo</strong></span> <span class='ocrx_word' id='word_1_329' title='bbox 1398 2877 1507 2928; x_wconf 87' lang='lat' dir='ltr'><strong>sine</strong></span> <span class='ocrx_word' id='word_1_330' title='bbox 1536 2885 1747 2941; x_wconf 87' lang='lat' dir='ltr'><strong>peccato</strong></span> <span class='ocrx_word' id='word_1_331' title='bbox 1775 2873 1931 2938; x_wconf 81' lang='lat' dir='ltr'><strong>possit</strong></span> <span class='ocrx_word' id='word_1_332' title='bbox 1955 2887 2064 2924; x_wconf 86' lang='lat' dir='ltr'><strong>esse</strong></span> <span class='ocrx_word' id='word_1_333' title='bbox 2092 2872 2147 2924; x_wconf 86' lang='lat' dir='ltr'><strong>in</strong></span> 
     </span>
    </p>
   </div>
   <div class='ocr_carea' id='block_1_44' title="bbox 571 2961 2148 3040">
    <p class='ocr_par' dir='ltr' id='par_1_44' title="bbox 571 2961 2148 3040">
     <span class='ocr_line' id='line_1_44' title="bbox 571 2961 2148 3040; baseline -0.011 -9"><span class='ocrx_word' id='word_1_334' title='bbox 571 2982 669 3031; x_wconf 85' lang='lat' dir='ltr'><strong>hac</strong></span> <span class='ocrx_word' id='word_1_335' title='bbox 695 2976 824 3035; x_wconf 84' lang='lat' dir='ltr'><strong>vita,</strong></span> <span class='ocrx_word' id='word_1_336' title='bbox 866 2973 1148 3040; x_wconf 77' lang='lat' dir='ltr'><strong>confitebor</strong></span> <span class='ocrx_word' id='word_1_337' title='bbox 1195 2985 1345 3032; x_wconf 85' lang='lat' dir='ltr'><strong>posse</strong></span> <span class='ocrx_word' id='word_1_338' title='bbox 1381 2983 1472 3035; x_wconf 89' lang='lat' dir='ltr'><strong>per</strong></span> <span class='ocrx_word' id='word_1_339' title='bbox 1521 2965 1620 3019; x_wconf 86' lang='lat' dir='ltr'><strong>Dei</strong></span> <span class='ocrx_word' id='word_1_340' title='bbox 1650 2964 1902 3034; x_wconf 88' lang='lat' dir='ltr'><strong>gratiant,</strong></span> <span class='ocrx_word' id='word_1_341' title='bbox 1936 2972 1985 3016; x_wconf 88' lang='lat' dir='ltr'><strong>et</strong></span> <span class='ocrx_word' id='word_1_342' title='bbox 2015 2961 2148 3014; x_wconf 85' lang='lat' dir='ltr'><strong>libe-</strong></span> 
     </span>
    </p>
   </div>
   <div class='ocr_carea' id='block_1_45' title="bbox 574 3053 2146 3134">
    <p class='ocr_par' dir='ltr' id='par_1_45' title="bbox 574 3053 2146 3134">
     <span class='ocr_line' id='line_1_45' title="bbox 574 3053 2146 3134; baseline -0.009 -14"><span class='ocrx_word' id='word_1_343' title='bbox 574 3084 690 3121; x_wconf 88' lang='lat' dir='ltr'><strong>rum</strong></span> <span class='ocrx_word' id='word_1_344' title='bbox 711 3066 824 3134; x_wconf 83' lang='lat' dir='ltr'><strong>ejus</strong></span> <span class='ocrx_word' id='word_1_345' title='bbox 864 3063 1159 3116; x_wconf 82' lang='lat' dir='ltr'><strong>arbitrium.</strong></span> <span class='ocrx_word' id='word_1_346' title='bbox 1202 3060 1314 3113; x_wconf 92' lang='lat' dir='ltr'><strong>Imo</strong></span> <span class='ocrx_word' id='word_1_347' title='bbox 1352 3058 1560 3125; x_wconf 89' lang='lat' dir='ltr'><strong>aliquos</strong></span> <span class='ocrx_word' id='word_1_348' title='bbox 1612 3059 1788 3124; x_wconf 83' lang='lat' dir='ltr'><strong>reipsa</strong></span> <span class='ocrx_word' id='word_1_349' title='bbox 1840 3054 2029 3119; x_wconf 76' lang='lat' dir='ltr'><strong>fuisse,</strong></span> <span class='ocrx_word' id='word_1_350' title='bbox 2066 3053 2146 3107; x_wconf 92' lang='lat' dir='ltr'><strong>vel</strong></span> 
     </span>
    </p>
   </div>
   <div class='ocr_carea' id='block_1_46' title="bbox 573 3143 2145 3220">
    <p class='ocr_par' dir='ltr' id='par_1_46' title="bbox 573 3143 2145 3220">
     <span class='ocr_line' id='line_1_46' title="bbox 573 3143 2145 3220; baseline -0.011 -9"><span class='ocrx_word' id='word_1_351' title='bbox 573 3172 694 3210; x_wconf 88' lang='lat' dir='ltr'><strong>esse</strong></span> <span class='ocrx_word' id='word_1_352' title='bbox 724 3155 968 3208; x_wconf 85' lang='lat' dir='ltr'><strong>homines</strong></span> <span class='ocrx_word' id='word_1_353' title='bbox 995 3151 1170 3220; x_wconf 84' lang='lat' dir='ltr'><strong>justos</strong></span> <span class='ocrx_word' id='word_1_354' title='bbox 1206 3151 1323 3203; x_wconf 85' lang='lat' dir='ltr'><strong>sine</strong></span> <span class='ocrx_word' id='word_1_355' title='bbox 1358 3157 1598 3216; x_wconf 86' lang='lat' dir='ltr'><strong>peccatu.</strong></span> <span class='ocrx_word' id='word_1_356' title='bbox 1646 3155 1841 3214; x_wconf 72' lang='lat' dir='ltr'><strong>prauer</strong></span> <span class='ocrx_word' id='word_1_357' title='bbox 1871 3143 2145 3197; x_wconf 83' lang='lat' dir='ltr'><strong>Christum</strong></span> 
     </span>
    </p>
   </div>
   <div class='ocr_carea' id='block_1_47' title="bbox 573 3237 2146 3310">
    <p class='ocr_par' dir='ltr' id='par_1_47' title="bbox 573 3237 2146 3310">
     <span class='ocr_line' id='line_1_47' title="bbox 573 3237 2146 3310; baseline -0.009 -10"><span class='ocrx_word' id='word_1_358' title='bbox 573 3247 881 3308; x_wconf 90' lang='lat' dir='ltr'><strong>Dominum,</strong></span> <span class='ocrx_word' id='word_1_359' title='bbox 907 3259 969 3298; x_wconf 86' lang='lat' dir='ltr'><strong>ac</strong></span> <span class='ocrx_word' id='word_1_360' title='bbox 1009 3243 1071 3296; x_wconf 86' lang='lat' dir='ltr'><strong>B.</strong></span> <span class='ocrx_word' id='word_1_361' title='bbox 1114 3242 1421 3310; x_wconf 80' lang='lat' dir='ltr'><strong>Virginem,</strong></span> <span class='ocrx_word' id='word_1_362' title='bbox 1460 3237 1793 3292; x_wconf 83' lang='lat' dir='ltr'><strong>conﬁdenter</strong></span> <span class='ocrx_word' id='word_1_363' title='bbox 1820 3251 2014 3303; x_wconf 82' lang='lat' dir='ltr'><strong>negare</strong></span> <span class='ocrx_word' id='word_1_364' title='bbox 2043 3249 2146 3287; x_wconf 77' lang='lat' dir='ltr'><strong>non</strong></span> 
     </span>
    </p>
   </div>
   <div class='ocr_carea' id='block_1_48' title="bbox 573 3314 2211 3403">
    <p class='ocr_par' dir='ltr' id='par_1_48' title="bbox 573 3314 2211 3403">
     <span class='ocr_line' id='line_1_48' title="bbox 573 3314 2211 3403; baseline -0.013 -10"><span class='ocrx_word' id='word_1_365' title='bbox 573 3342 732 3393; x_wconf 85' lang='lat' dir='ltr'><strong>audet</strong></span> <span class='ocrx_word' id='word_1_366' title='bbox 761 3338 814 3390; x_wconf 89' lang='lat' dir='ltr'><strong>in</strong></span> <span class='ocrx_word' id='word_1_367' title='bbox 846 3336 982 3389; x_wconf 89' lang='lat' dir='ltr'><strong>libro</strong></span> <span class='ocrx_word' id='word_1_368' title='bbox 1002 3335 1072 3388; x_wconf 90' lang='lat' dir='ltr'><strong>De</strong></span> <span class='ocrx_word' id='word_1_369' title='bbox 1099 3332 1409 3403; x_wconf 77' lang='lat' dir='ltr'><strong>perfectione</strong></span> <span class='ocrx_word' id='word_1_370' title='bbox 1434 3330 1672 3397; x_wconf 68' lang='lat' dir='ltr'><strong>iustitiae,</strong></span> <span class='ocrx_word' id='word_1_371' title='bbox 1700 3343 1820 3396; x_wconf 90' lang='lat' dir='ltr'><strong>cap.</strong></span> <span class='ocrx_word' id='word_1_372' title='bbox 1853 3327 1942 3391; x_wconf 76' lang='grc'><strong>21,</strong></span> <span class='ocrx_word' id='word_1_373' title='bbox 1970 3340 2138 3392; x_wconf 84' lang='lat' dir='ltr'><strong>segm.</strong></span> <span class='ocrx_word' id='word_1_374' title='bbox 2169 3314 2211 3370; x_wconf 89' lang='lat' dir='ltr'><strong><em>C</em></strong></span> 
     </span>
    </p>
   </div>
   <div class='ocr_carea' id='block_1_49' title="bbox 573 3420 2144 3495">
    <p class='ocr_par' dir='ltr' id='par_1_49' title="bbox 573 3420 2144 3495">
     <span class='ocr_line' id='line_1_49' title="bbox 573 3420 2144 3495; baseline -0.01 -11"><span class='ocrx_word' id='word_1_375' title='bbox 573 3432 664 3484; x_wconf 68' lang='grc'><strong>44.</strong></span> <span class='ocrx_word' id='word_1_376' title='bbox 705 3430 827 3484; x_wconf 84' lang='lat' dir='ltr'><strong>Scio</strong></span> <span class='ocrx_word' id='word_1_377' title='bbox 853 3429 1011 3488; x_wconf 83' lang='lat' dir='ltr'><strong>enim,</strong></span> <span class='ocrx_word' id='word_1_378' title='bbox 1039 3425 1230 3495; x_wconf 90' lang='lat' dir='ltr'><strong>inquit,</strong></span> <span class='ocrx_word' id='word_1_379' title='bbox 1273 3423 1589 3491; x_wconf 85' lang='lat' dir='ltr'><strong>quibusdam</strong></span> <span class='ocrx_word' id='word_1_380' title='bbox 1624 3435 1732 3473; x_wconf 83' lang='lat' dir='ltr'><strong>esse</strong></span> <span class='ocrx_word' id='word_1_381' title='bbox 1764 3420 1930 3473; x_wconf 89' lang='lat' dir='ltr'><strong>visum</strong></span> <span class='ocrx_word' id='word_1_382' title='bbox 1962 3434 1982 3471; x_wconf 86' lang='lat'><strong><em>:</em></strong></span> <span class='ocrx_word' id='word_1_383' title='bbox 2011 3433 2144 3486; x_wconf 83' lang='lat' dir='ltr'><strong>quo-</strong></span> 
     </span>
    </p>
   </div>
   <div class='ocr_carea' id='block_1_50' title="bbox 575 3509 2144 3578">
    <p class='ocr_par' dir='ltr' id='par_1_50' title="bbox 575 3509 2144 3578">
     <span class='ocr_line' id='line_1_50' title="bbox 575 3509 2144 3578; baseline -0.009 -4"><span class='ocrx_word' id='word_1_384' title='bbox 575 3536 692 3574; x_wconf 88' lang='lat' dir='ltr'><strong>rum</strong></span> <span class='ocrx_word' id='word_1_385' title='bbox 719 3521 783 3571; x_wconf 88' lang='lat' dir='ltr'><strong>de</strong></span> <span class='ocrx_word' id='word_1_386' title='bbox 817 3519 914 3570; x_wconf 83' lang='lat' dir='ltr'><strong>hac</strong></span> <span class='ocrx_word' id='word_1_387' title='bbox 952 3533 1007 3571; x_wconf 84' lang='lat' dir='ltr'><strong>rs</strong></span> <span class='ocrx_word' id='word_1_388' title='bbox 1051 3517 1372 3570; x_wconf 82' lang='lat' dir='ltr'><strong>sententiam</strong></span> <span class='ocrx_word' id='word_1_389' title='bbox 1406 3528 1506 3565; x_wconf 89' lang='lat' dir='ltr'><strong>non</strong></span> <span class='ocrx_word' id='word_1_390' title='bbox 1543 3513 1709 3564; x_wconf 83' lang='lat' dir='ltr'><strong>audeo</strong></span> <span class='ocrx_word' id='word_1_391' title='bbox 1743 3509 2105 3578; x_wconf 82' lang='lat' dir='ltr'><strong>reprehendere</strong></span> <span class='ocrx_word' id='word_1_392' title='bbox 2129 3547 2144 3572; x_wconf 92' lang='lat'><strong>,</strong></span> 
     </span>
    </p>
   </div>
   <div class='ocr_carea' id='block_1_51' title="bbox 573 3603 1561 3681">
    <p class='ocr_par' dir='ltr' id='par_1_51' title="bbox 573 3603 1561 3681">
     <span class='ocr_line' id='line_1_51' title="bbox 573 3603 1561 3681; baseline -0.008 -17"><span class='ocrx_word' id='word_1_393' title='bbox 573 3624 873 3681; x_wconf 83' lang='lat' dir='ltr'><strong>quanquam</strong></span> <span class='ocrx_word' id='word_1_394' title='bbox 900 3622 992 3661; x_wconf 89' lang='lat' dir='ltr'><strong>nec</strong></span> <span class='ocrx_word' id='word_1_395' title='bbox 1025 3606 1303 3674; x_wconf 76' lang='lat' dir='ltr'><strong>defendere</strong></span> <span class='ocrx_word' id='word_1_396' title='bbox 1336 3603 1561 3657; x_wconf 83' lang='lat' dir='ltr'><strong>valeam.</strong></span> 
     </span>
    </p>
   </div>
   <div class='ocr_carea' id='block_1_52' title="bbox 1057 3693 1655 3750">
    <p class='ocr_par' dir='ltr' id='par_1_52' title="bbox 1057 3693 1655 3750">
     <span class='ocr_line' id='line_1_52' title="bbox 1057 3693 1655 3750; baseline -0.003 -1"><span class='ocrx_word' id='word_1_397' title='bbox 1057 3697 1184 3750; x_wconf 69' lang='lat' dir='ltr'><strong>Car.</strong></span> <span class='ocrx_word' id='word_1_398' title='bbox 1227 3693 1356 3749; x_wconf 86' lang='lat' dir='ltr'><strong>VIII.</strong></span> <span class='ocrx_word' id='word_1_399' title='bbox 1395 3694 1466 3747; x_wconf 82' lang='lat' dir='ltr'><strong>De</strong></span> <span class='ocrx_word' id='word_1_400' title='bbox 1495 3696 1655 3747; x_wconf 72' lang='lat' dir='ltr'><strong>etatis.</strong></span> 
     </span>
    </p>
   </div>
   <div class='ocr_carea' id='block_1_53' title="bbox 643 3782 2146 3856">
    <p class='ocr_par' dir='ltr' id='par_1_53' title="bbox 643 3782 2146 3856">
     <span class='ocr_line' id='line_1_53' title="bbox 643 3782 2146 3856; baseline -0.009 -8"><span class='ocrx_word' id='word_1_401' title='bbox 643 3792 821 3848; x_wconf 72' lang='lat' dir='ltr'><strong>leos</strong></span> <span class='ocrx_word' id='word_1_402' title='bbox 844 3792 1022 3845; x_wconf 88' lang='lat' dir='ltr'><strong>anima</strong></span> <span class='ocrx_word' id='word_1_403' title='bbox 1063 3786 1524 3856; x_wconf 83' lang='lat' dir='ltr'><strong>intelligentiaque</strong></span> <span class='ocrx_word' id='word_1_404' title='bbox 1570 3784 1820 3854; x_wconf 82' lang='lat' dir='ltr'><strong>praeditos</strong></span> <span class='ocrx_word' id='word_1_405' title='bbox 1845 3797 1987 3844; x_wconf 87' lang='lat' dir='ltr'><strong>esse,</strong></span> <span class='ocrx_word' id='word_1_406' title='bbox 2012 3782 2146 3835; x_wconf 83' lang='lat' dir='ltr'><strong>adeo</strong></span> 
     </span>
    </p>
   </div>
   <div class='ocr_carea' id='block_1_54' title="bbox 575 3873 2148 3953">
    <p class='ocr_par' dir='ltr' id='par_1_54' title="bbox 575 3873 2148 3953">
     <span class='ocr_line' id='line_1_54' title="bbox 575 3873 2148 3953; baseline -0.007 -16"><span class='ocrx_word' id='word_1_407' title='bbox 575 3894 760 3953; x_wconf 90' lang='lat' dir='ltr'><strong>aperte</strong></span> <span class='ocrx_word' id='word_1_408' title='bbox 790 3891 949 3950; x_wconf 84' lang='lat' dir='ltr'><strong>negat</strong></span> <span class='ocrx_word' id='word_1_409' title='bbox 998 3880 1255 3950; x_wconf 84' lang='lat' dir='ltr'><strong>Didymus</strong></span> <span class='ocrx_word' id='word_1_410' title='bbox 1297 3877 1389 3932; x_wconf 91' lang='lat' dir='ltr'><strong>lib.</strong></span> <span class='ocrx_word' id='word_1_411' title='bbox 1425 3893 1443 3931; x_wconf 92' lang='grc' dir='ltr'><strong>ι</strong></span> <span class='ocrx_word' id='word_1_412' title='bbox 1477 3877 1549 3929; x_wconf 87' lang='lat' dir='ltr'><strong>De</strong></span> <span class='ocrx_word' id='word_1_413' title='bbox 1583 3875 1752 3941; x_wconf 84' lang='lat' dir='ltr'><strong>Trin.,</strong></span> <span class='ocrx_word' id='word_1_414' title='bbox 1791 3889 1912 3941; x_wconf 79' lang='lat' dir='ltr'><strong>pag.</strong></span> <span class='ocrx_word' id='word_1_415' title='bbox 1945 3873 2034 3937; x_wconf 85' lang='lat'><strong>97,</strong></span> <span class='ocrx_word' id='word_1_416' title='bbox 2094 3880 2148 3926; x_wconf 87' lang='lat' dir='ltr'><strong>et</strong></span> 
     </span>
    </p>
   </div>
   <div class='ocr_carea' id='block_1_55' title="bbox 576 3965 2147 4043">
    <p class='ocr_par' dir='ltr' id='par_1_55' title="bbox 576 3965 2147 4043">
     <span class='ocr_line' id='line_1_55' title="bbox 576 3965 2147 4043; baseline -0.008 -12"><span class='ocrx_word' id='word_1_417' title='bbox 576 3979 669 4031; x_wconf 91' lang='lat' dir='ltr'><strong>lib.</strong></span> <span class='ocrx_word' id='word_1_418' title='bbox 721 3991 780 4040; x_wconf 89' lang='grc' dir='ltr'><strong>ιι,</strong></span> <span class='ocrx_word' id='word_1_419' title='bbox 818 3989 938 4043; x_wconf 86' lang='lat' dir='ltr'><strong>pag.</strong></span> <span class='ocrx_word' id='word_1_420' title='bbox 982 3972 1106 4035; x_wconf 75' lang='lat' dir='ltr'><strong>I92,</strong></span> <span class='ocrx_word' id='word_1_421' title='bbox 1157 3970 1361 4038; x_wconf 82' lang='lat' dir='ltr'><strong>utjure</strong></span> <span class='ocrx_word' id='word_1_422' title='bbox 1403 3968 1568 4024; x_wconf 88' lang='lat' dir='ltr'><strong>statui</strong></span> <span class='ocrx_word' id='word_1_423' title='bbox 1603 3982 1760 4035; x_wconf 88' lang='lat' dir='ltr'><strong>posse</strong></span> <span class='ocrx_word' id='word_1_424' title='bbox 1806 3965 2147 4029; x_wconf 81' lang='lat' dir='ltr'><strong>existimem,</strong></span> 
     </span>
    </p>
   </div>
   <div class='ocr_carea' id='block_1_56' title="bbox 576 4056 2146 4138">
    <p class='ocr_par' dir='ltr' id='par_1_56' title="bbox 576 4056 2146 4138">
     <span class='ocr_line' id='line_1_56' title="bbox 576 4056 2146 4138; baseline -0.008 -16"><span class='ocrx_word' id='word_1_425' title='bbox 576 4070 748 4138; x_wconf 88' lang='lat' dir='ltr'><strong>ipsum</strong></span> <span class='ocrx_word' id='word_1_426' title='bbox 798 4063 1138 4133; x_wconf 81' lang='lat' dir='ltr'><strong>Origenianis</strong></span> <span class='ocrx_word' id='word_1_427' title='bbox 1179 4065 1279 4116; x_wconf 86' lang='lat' dir='ltr'><strong>hac</strong></span> <span class='ocrx_word' id='word_1_428' title='bbox 1326 4063 1377 4114; x_wconf 93' lang='lat' dir='ltr'><strong>iu</strong></span> <span class='ocrx_word' id='word_1_429' title='bbox 1414 4076 1470 4114; x_wconf 89' lang='lat' dir='ltr'><strong>re</strong></span> <span class='ocrx_word' id='word_1_430' title='bbox 1509 4069 1846 4127; x_wconf 84' lang='lat' dir='ltr'><strong>nequaquam</strong></span> <span class='ocrx_word' id='word_1_431' title='bbox 1876 4056 2146 4126; x_wconf 84' lang='lat' dir='ltr'><strong>sull‘raga-</strong></span> 
     </span>
    </p>
   </div>
   <div class='ocr_carea' id='block_1_57' title="bbox 579 4148 2150 4222">
    <p class='ocr_par' dir='ltr' id='par_1_57' title="bbox 579 4148 2150 4222">
     <span class='ocr_line' id='line_1_57' title="bbox 579 4148 2150 4222; baseline -0.008 -10"><span class='ocrx_word' id='word_1_432' title='bbox 579 4170 687 4212; x_wconf 90' lang='lat' dir='ltr'><strong>tum</strong></span> <span class='ocrx_word' id='word_1_433' title='bbox 731 4172 875 4212; x_wconf 88' lang='lat' dir='ltr'><strong>esse.</strong></span> <span class='ocrx_word' id='word_1_434' title='bbox 912 4155 1047 4222; x_wconf 85' lang='lat' dir='ltr'><strong>Quid</strong></span> <span class='ocrx_word' id='word_1_435' title='bbox 1083 4169 1214 4222; x_wconf 83' lang='lat' dir='ltr'><strong>ergo</strong></span> <span class='ocrx_word' id='word_1_436' title='bbox 1272 4153 1374 4208; x_wconf 88' lang='lat' dir='ltr'><strong>sibi</strong></span> <span class='ocrx_word' id='word_1_437' title='bbox 1429 4150 1560 4214; x_wconf 88' lang='lat' dir='ltr'><strong>vult,</strong></span> <span class='ocrx_word' id='word_1_438' title='bbox 1615 4148 1845 4216; x_wconf 78' lang='lat' dir='ltr'><strong>inquies,</strong></span> <span class='ocrx_word' id='word_1_439' title='bbox 1898 4163 2021 4202; x_wconf 91' lang='lat' dir='ltr'><strong>cum</strong></span> <span class='ocrx_word' id='word_1_440' title='bbox 2076 4149 2150 4200; x_wconf 88' lang='lat' dir='ltr'><strong>ait</strong></span> 
     </span>
    </p>
   </div>
   <div class='ocr_carea' id='block_1_58' title="bbox 577 4239 2150 4316">
    <p class='ocr_par' dir='ltr' id='par_1_58' title="bbox 577 4239 2150 4316">
     <span class='ocr_line' id='line_1_58' title="bbox 577 4239 2150 4316; baseline -0.008 -14"><span class='ocrx_word' id='word_1_441' title='bbox 577 4249 667 4302; x_wconf 89' lang='lat' dir='ltr'><strong>lib.</strong></span> <span class='ocrx_word' id='word_1_442' title='bbox 697 4263 759 4311; x_wconf 89' lang='grc' dir='ltr'><strong>ιι,</strong></span> <span class='ocrx_word' id='word_1_443' title='bbox 793 4263 913 4316; x_wconf 84' lang='lat' dir='ltr'><strong>pag.</strong></span> <span class='ocrx_word' id='word_1_444' title='bbox 954 4245 1075 4308; x_wconf 63' lang='lat' dir='ltr'><strong>lli,</strong></span> <span class='ocrx_word' id='word_1_445' title='bbox 1101 4243 1268 4296; x_wconf 78' lang='lat' dir='ltr'><strong>caelos</strong></span> <span class='ocrx_word' id='word_1_446' title='bbox 1305 4257 1333 4294; x_wconf 89' lang='lat' dir='ltr'><strong>a</strong></span> <span class='ocrx_word' id='word_1_447' title='bbox 1372 4239 1574 4309; x_wconf 88' lang='lat' dir='ltr'><strong>Spiritu</strong></span> <span class='ocrx_word' id='word_1_448' title='bbox 1606 4250 1798 4293; x_wconf 89' lang='lat' dir='ltr'><strong>sancto</strong></span> <span class='ocrx_word' id='word_1_449' title='bbox 1840 4241 2150 4291; x_wconf 88' lang='lat' dir='ltr'><strong>corrobora-</strong></span> 
     </span>
    </p>
   </div>
   <div class='ocr_carea' id='block_1_59' title="bbox 577 4329 2150 4404">
    <p class='ocr_par' dir='ltr' id='par_1_59' title="bbox 577 4329 2150 4404">
     <span class='ocr_line' id='line_1_59' title="bbox 577 4329 2150 4404; baseline -0.008 -8"><span class='ocrx_word' id='word_1_450' title='bbox 577 4351 655 4395; x_wconf 88' lang='lat' dir='ltr'><strong>tos</strong></span> <span class='ocrx_word' id='word_1_451' title='bbox 704 4355 844 4403; x_wconf 84' lang='lat' dir='ltr'><strong>esse,</strong></span> <span class='ocrx_word' id='word_1_452' title='bbox 903 4348 1064 4404; x_wconf 89' lang='lat' dir='ltr'><strong>atque</strong></span> <span class='ocrx_word' id='word_1_453' title='bbox 1126 4332 1524 4399; x_wconf 80' lang='lat' dir='ltr'><strong>sanctificatos?</strong></span> <span class='ocrx_word' id='word_1_454' title='bbox 1560 4330 1797 4398; x_wconf 76' lang='lat' dir='ltr'><strong>Respicit</strong></span> <span class='ocrx_word' id='word_1_455' title='bbox 1846 4329 1940 4393; x_wconf 90' lang='lat' dir='ltr'><strong>ibi,</strong></span> <span class='ocrx_word' id='word_1_456' title='bbox 1989 4340 2150 4398; x_wconf 86' lang='lat' dir='ltr'><strong>atque</strong></span> 
     </span>
    </p>
   </div>
   <div class='ocr_carea' id='block_1_60' title="bbox 577 4420 2150 4498">
    <p class='ocr_par' dir='ltr' id='par_1_60' title="bbox 577 4420 2150 4498">
     <span class='ocr_line' id='line_1_60' title="bbox 577 4420 2150 4498; baseline -0.013 -7"><span class='ocrx_word' id='word_1_457' title='bbox 577 4437 711 4490; x_wconf 88' lang='lat' dir='ltr'><strong>adeo</strong></span> <span class='ocrx_word' id='word_1_458' title='bbox 742 4431 975 4498; x_wconf 82' lang='lat' dir='ltr'><strong>explicat</strong></span> <span class='ocrx_word' id='word_1_459' title='bbox 1013 4426 1207 4480; x_wconf 86' lang='lat' dir='ltr'><strong>Psaltis</strong></span> <span class='ocrx_word' id='word_1_460' title='bbox 1243 4425 1369 4479; x_wconf 88' lang='lat' dir='ltr'><strong>illud</strong></span> <span class='ocrx_word' id='word_1_461' title='bbox 1405 4440 1420 4478; x_wconf 88' lang='lat'><strong>:</strong></span> <span class='ocrx_word' id='word_1_462' title='bbox 1464 4421 1628 4476; x_wconf 87' lang='lat' dir='ltr'><strong>Verbo</strong></span> <span class='ocrx_word' id='word_1_463' title='bbox 1656 4423 1865 4474; x_wconf 89' lang='lat' dir='ltr'><strong>Domini</strong></span> <span class='ocrx_word' id='word_1_464' title='bbox 1902 4420 2014 4474; x_wconf 64' lang='lat' dir='ltr'><strong>caeli</strong></span> <span class='ocrx_word' id='word_1_465' title='bbox 2057 4420 2150 4487; x_wconf 84' lang='lat' dir='ltr'><strong>fir-</strong></span> 
     </span>
    </p>
   </div>
   <div class='ocr_carea' id='block_1_61' title="bbox 576 4511 2149 4583">
    <p class='ocr_par' dir='ltr' id='par_1_61' title="bbox 576 4511 2149 4583">
     <span class='ocr_line' id='line_1_61' title="bbox 576 4511 2149 4583; baseline -0.011 -4"><span class='ocrx_word' id='word_1_466' title='bbox 576 4529 702 4580; x_wconf 88' lang='lat' dir='ltr'><strong>mati</strong></span> <span class='ocrx_word' id='word_1_467' title='bbox 729 4534 847 4576; x_wconf 86' lang='lat' dir='ltr'><strong>sunt</strong></span> <span class='ocrx_word' id='word_1_468' title='bbox 875 4521 945 4583; x_wconf 82' lang='lat'><strong>&#39;°,</strong></span> <span class='ocrx_word' id='word_1_469' title='bbox 970 4527 1075 4572; x_wconf 87' lang='lat' dir='ltr'><strong>etc.</strong></span> <span class='ocrx_word' id='word_1_470' title='bbox 1113 4517 1246 4571; x_wconf 88' lang='lat' dir='ltr'><strong>Eum</strong></span> <span class='ocrx_word' id='word_1_471' title='bbox 1272 4529 1401 4568; x_wconf 90' lang='lat' dir='ltr'><strong>vero</strong></span> <span class='ocrx_word' id='word_1_472' title='bbox 1431 4513 1604 4567; x_wconf 89' lang='lat' dir='ltr'><strong>locum</strong></span> <span class='ocrx_word' id='word_1_473' title='bbox 1641 4511 1809 4579; x_wconf 86' lang='lat' dir='ltr'><strong>accipi</strong></span> <span class='ocrx_word' id='word_1_474' title='bbox 1839 4525 1995 4579; x_wconf 86' lang='lat' dir='ltr'><strong>posse</strong></span> <span class='ocrx_word' id='word_1_475' title='bbox 2027 4524 2149 4563; x_wconf 90' lang='lat' dir='ltr'><strong>cum</strong></span> 
     </span>
    </p>
   </div>
   <div class='ocr_carea' id='block_1_62' title="bbox 575 4600 2149 4673">
    <p class='ocr_par' dir='ltr' id='par_1_62' title="bbox 575 4600 2149 4673">
     <span class='ocr_line' id='line_1_62' title="bbox 575 4600 2149 4673; baseline -0.012 -2"><span class='ocrx_word' id='word_1_476' title='bbox 575 4621 642 4673; x_wconf 90' lang='lat' dir='ltr'><strong>de</strong></span> <span class='ocrx_word' id='word_1_477' title='bbox 667 4615 927 4672; x_wconf 75' lang='lat' dir='ltr'><strong>ctelorum</strong></span> <span class='ocrx_word' id='word_1_478' title='bbox 955 4609 1286 4673; x_wconf 87' lang='lat' dir='ltr'><strong>substantia,</strong></span> <span class='ocrx_word' id='word_1_479' title='bbox 1314 4616 1426 4661; x_wconf 91' lang='lat' dir='ltr'><strong>tum</strong></span> <span class='ocrx_word' id='word_1_480' title='bbox 1456 4607 1522 4659; x_wconf 91' lang='lat' dir='ltr'><strong>de</strong></span> <span class='ocrx_word' id='word_1_481' title='bbox 1550 4603 1754 4672; x_wconf 82' lang='lat' dir='ltr'><strong>angelis</strong></span> <span class='ocrx_word' id='word_1_482' title='bbox 1779 4600 2036 4656; x_wconf 82' lang='lat' dir='ltr'><strong>caelorum</strong></span> <span class='ocrx_word' id='word_1_483' title='bbox 2069 4601 2149 4654; x_wconf 91' lang='lat' dir='ltr'><strong>in-</strong></span> 
     </span>
    </p>
   </div>
   <div class='ocr_carea' id='block_1_63' title="bbox 577 4693 2146 4780">
    <p class='ocr_par' dir='ltr' id='par_1_63' title="bbox 577 4693 2146 4780">
     <span class='ocr_line' id='line_1_63' title="bbox 577 4693 2146 4780; baseline -0.013 -16"><span class='ocrx_word' id='word_1_484' title='bbox 577 4710 734 4770; x_wconf 89' lang='lat' dir='ltr'><strong>colis,</strong></span> <span class='ocrx_word' id='word_1_485' title='bbox 769 4707 924 4780; x_wconf 76' lang='lat' dir='ltr'><strong>docet.</strong></span> <span class='ocrx_word' id='word_1_486' title='bbox 968 4703 1196 4771; x_wconf 89' lang='lat' dir='ltr'><strong>ipsemet</strong></span> <span class='ocrx_word' id='word_1_487' title='bbox 1238 4699 1332 4753; x_wconf 92' lang='lat' dir='ltr'><strong>lib.</strong></span> <span class='ocrx_word' id='word_1_488' title='bbox 1373 4713 1433 4762; x_wconf 90' lang='grc' dir='ltr'><strong>ιι,</strong></span> <span class='ocrx_word' id='word_1_489' title='bbox 1474 4712 1596 4765; x_wconf 85' lang='lat' dir='ltr'><strong>pag.</strong></span> <span class='ocrx_word' id='word_1_490' title='bbox 1634 4695 1754 4749; x_wconf 76' lang='grc'><strong>174.</strong></span> <span class='ocrx_word' id='word_1_491' title='bbox 1793 4693 1978 4762; x_wconf 86' lang='lat' dir='ltr'><strong>Itaque</strong></span> <span class='ocrx_word' id='word_1_492' title='bbox 2022 4707 2146 4745; x_wconf 91' lang='lat' dir='ltr'><strong>cum</strong></span> 
     </span>
    </p>
   </div>
   <div class='ocr_carea' id='block_1_64' title="bbox 578 4784 2146 4868">
    <p class='ocr_par' dir='ltr' id='par_1_64' title="bbox 578 4784 2146 4868">
     <span class='ocr_line' id='line_1_64' title="bbox 578 4784 2146 4868; baseline -0.015 -10"><span class='ocrx_word' id='word_1_493' title='bbox 578 4803 744 4858; x_wconf 65' lang='lat' dir='ltr'><strong>caelos</strong></span> <span class='ocrx_word' id='word_1_494' title='bbox 771 4797 986 4868; x_wconf 88' lang='lat' dir='ltr'><strong>quidem</strong></span> <span class='ocrx_word' id='word_1_495' title='bbox 1017 4801 1173 4846; x_wconf 87' lang='lat' dir='ltr'><strong>vocat</strong></span> <span class='ocrx_word' id='word_1_496' title='bbox 1201 4807 1280 4843; x_wconf 90' lang='lat' dir='ltr'><strong>res</strong></span> <span class='ocrx_word' id='word_1_497' title='bbox 1312 4789 1650 4851; x_wconf 86' lang='lat' dir='ltr'><strong>inanimatas,</strong></span> <span class='ocrx_word' id='word_1_498' title='bbox 1683 4796 1738 4838; x_wconf 89' lang='lat' dir='ltr'><strong>et</strong></span> <span class='ocrx_word' id='word_1_499' title='bbox 1777 4795 2045 4837; x_wconf 86' lang='lat' dir='ltr'><strong>creaturas</strong></span> <span class='ocrx_word' id='word_1_500' title='bbox 2069 4784 2146 4835; x_wconf 89' lang='lat' dir='ltr'><strong>ir-</strong></span> 
     </span>
    </p>
   </div>
   <div class='ocr_carea' id='block_1_65' title="bbox 582 4875 2140 4951">
    <p class='ocr_par' dir='ltr' id='par_1_65' title="bbox 582 4875 2140 4951">
     <span class='ocr_line' id='line_1_65' title="bbox 582 4875 2140 4951; baseline -0.012 -6"><span class='ocrx_word' id='word_1_501' title='bbox 582 4890 891 4951; x_wconf 82' lang='lat' dir='ltr'><strong>rationales,</strong></span> <span class='ocrx_word' id='word_1_502' title='bbox 921 4887 986 4940; x_wconf 87' lang='lat' dir='ltr'><strong>de</strong></span> <span class='ocrx_word' id='word_1_503' title='bbox 1028 4887 1286 4937; x_wconf 69' lang='lat' dir='ltr'><strong>canorum</strong></span> <span class='ocrx_word' id='word_1_504' title='bbox 1333 4877 1635 4933; x_wconf 85' lang='lat' dir='ltr'><strong>substantia</strong></span> <span class='ocrx_word' id='word_1_505' title='bbox 1693 4875 1964 4945; x_wconf 82' lang='lat' dir='ltr'><strong>loquitur;</strong></span> <span class='ocrx_word' id='word_1_506' title='bbox 2019 4885 2140 4928; x_wconf 90' lang='lat' dir='ltr'><strong>cum</strong></span> 
     </span>
    </p>
   </div>
   <div class='ocr_carea' id='block_1_66' title="bbox 583 4964 2146 5042">
    <p class='ocr_par' dir='ltr' id='par_1_66' title="bbox 583 4964 2146 5042">
     <span class='ocr_line' id='line_1_66' title="bbox 583 4964 2146 5042; baseline -0.01 -10"><span class='ocrx_word' id='word_1_507' title='bbox 583 4995 709 5033; x_wconf 87' lang='lat' dir='ltr'><strong>vero</strong></span> <span class='ocrx_word' id='word_1_508' title='bbox 749 4992 842 5031; x_wconf 88' lang='lat' dir='ltr'><strong>eos</strong></span> <span class='ocrx_word' id='word_1_509' title='bbox 882 4993 912 5028; x_wconf 90' lang='lat' dir='ltr'><strong>a</strong></span> <span class='ocrx_word' id='word_1_510' title='bbox 951 4974 1154 5042; x_wconf 88' lang='lat' dir='ltr'><strong>Spiritu</strong></span> <span class='ocrx_word' id='word_1_511' title='bbox 1201 4967 1571 5024; x_wconf 86' lang='lat' dir='ltr'><strong>sanctiticatos</strong></span> <span class='ocrx_word' id='word_1_512' title='bbox 1599 4965 1751 5029; x_wconf 90' lang='lat' dir='ltr'><strong>dicit,</strong></span> <span class='ocrx_word' id='word_1_513' title='bbox 1790 4964 2015 5017; x_wconf 87' lang='lat' dir='ltr'><strong>alteram</strong></span> <span class='ocrx_word' id='word_1_514' title='bbox 2061 4977 2146 5016; x_wconf 86' lang='lat' dir='ltr'><strong>se-</strong></span> 
     </span>
    </p>
   </div>
   <div class='ocr_carea' id='block_1_67' title="bbox 582 5054 2141 5142">
    <p class='ocr_par' dir='ltr' id='par_1_67' title="bbox 582 5054 2141 5142">
     <span class='ocr_line' id='line_1_67' title="bbox 582 5054 2141 5142; baseline -0.011 -17"><span class='ocrx_word' id='word_1_515' title='bbox 582 5072 768 5142; x_wconf 85' lang='lat' dir='ltr'><strong>quitur</strong></span> <span class='ocrx_word' id='word_1_516' title='bbox 797 5064 1314 5134; x_wconf 87' lang='lat' dir='ltr'><strong>interpretationem.</strong></span> <span class='ocrx_word' id='word_1_517' title='bbox 1347 5058 1511 5129; x_wconf 84' lang='lat' dir='ltr'><strong>Lege,</strong></span> <span class='ocrx_word' id='word_1_518' title='bbox 1543 5071 1745 5126; x_wconf 69' lang='lat' dir='ltr'><strong>quasso,</strong></span> <span class='ocrx_word' id='word_1_519' title='bbox 1776 5071 1896 5125; x_wconf 62' lang='lat' dir='ltr'><strong>qua:</strong></span> <span class='ocrx_word' id='word_1_520' title='bbox 1949 5054 2141 5124; x_wconf 87' lang='lat' dir='ltr'><strong>scripsi</strong></span> 
     </span>
    </p>
   </div>
   <div class='ocr_carea' id='block_1_68' title="bbox 580 5151 1298 5229">
    <p class='ocr_par' dir='ltr' id='par_1_68' title="bbox 580 5151 1298 5229">
     <span class='ocr_line' id='line_1_68' title="bbox 580 5151 1298 5229; baseline -0.019 -10"><span class='ocrx_word' id='word_1_521' title='bbox 580 5173 688 5219; x_wconf 90' lang='lat' dir='ltr'><strong>not.</strong></span> <span class='ocrx_word' id='word_1_522' title='bbox 726 5161 790 5215; x_wconf 86' lang='lat' dir='ltr'><strong>ad</strong></span> <span class='ocrx_word' id='word_1_523' title='bbox 822 5176 942 5229; x_wconf 79' lang='lat' dir='ltr'><strong>pag.</strong></span> <span class='ocrx_word' id='word_1_524' title='bbox 974 5157 1041 5212; x_wconf 91' lang='lat'><strong>87</strong></span> <span class='ocrx_word' id='word_1_525' title='bbox 1072 5165 1128 5209; x_wconf 90' lang='lat' dir='ltr'><strong>et</strong></span> <span class='ocrx_word' id='word_1_526' title='bbox 1179 5151 1298 5207; x_wconf 66' lang='lat' dir='ltr'><strong>Hi.</strong></span> 
     </span>
    </p>
   </div>
   <div class='ocr_carea' id='block_1_69' title="bbox 632 5237 1968 5325">
    <p class='ocr_par' dir='ltr' id='par_1_69' title="bbox 632 5237 1968 5325">
     <span class='ocr_line' id='line_1_69' title="bbox 632 5237 1968 5325; baseline -0.016 -14"><span class='ocrx_word' id='word_1_527' title='bbox 632 5237 646 5247; x_wconf 85' lang='grc'><em>’</em></span> <span class='ocrx_word' id='word_1_528' title='bbox 755 5246 1016 5325; x_wconf 75' lang='lat' dir='ltr'><strong>[XLVIII]</strong></span> <span class='ocrx_word' id='word_1_529' title='bbox 1049 5246 1178 5300; x_wconf 75' lang='lat' dir='ltr'><strong>CAP.</strong></span> <span class='ocrx_word' id='word_1_530' title='bbox 1214 5243 1305 5298; x_wconf 83' lang='lat' dir='ltr'><strong>Ix.</strong></span> <span class='ocrx_word' id='word_1_531' title='bbox 1349 5242 1424 5295; x_wconf 89' lang='lat' dir='ltr'><strong>De</strong></span> <span class='ocrx_word' id='word_1_532' title='bbox 1457 5250 1664 5307; x_wconf 85' lang='lat' dir='ltr'><strong>peccato</strong></span> <span class='ocrx_word' id='word_1_533' title='bbox 1702 5239 1968 5307; x_wconf 87' lang='lat' dir='ltr'><strong>originali.</strong></span> 
     </span>
    </p>
   </div>
   <div class='ocr_carea' id='block_1_70' title="bbox 650 5327 2151 5401">
    <p class='ocr_par' dir='ltr' id='par_1_70' title="bbox 650 5327 2151 5401">
     <span class='ocr_line' id='line_1_70' title="bbox 650 5327 2151 5401; baseline -0.013 -3"><span class='ocrx_word' id='word_1_534' title='bbox 650 5345 794 5399; x_wconf 91' lang='lat' dir='ltr'><strong>Inter</strong></span> <span class='ocrx_word' id='word_1_535' title='bbox 817 5351 1043 5397; x_wconf 70' lang='lat' dir='ltr'><strong>caeteros</strong></span> <span class='ocrx_word' id='word_1_536' title='bbox 1065 5350 1304 5399; x_wconf 89' lang='lat' dir='ltr'><strong>errores,</strong></span> <span class='ocrx_word' id='word_1_537' title='bbox 1331 5347 1468 5401; x_wconf 89' lang='lat' dir='ltr'><strong>quos</strong></span> <span class='ocrx_word' id='word_1_538' title='bbox 1500 5330 1782 5400; x_wconf 89' lang='lat' dir='ltr'><strong>Didymum</strong></span> <span class='ocrx_word' id='word_1_539' title='bbox 1813 5330 1867 5381; x_wconf 89' lang='lat' dir='ltr'><strong>in</strong></span> <span class='ocrx_word' id='word_1_540' title='bbox 1911 5327 2151 5381; x_wconf 78' lang='lat' dir='ltr'><strong>Enarra-</strong></span> 
     </span>
    </p>
   </div>
   <div class='ocr_carea' id='block_1_71' title="bbox 580 5419 2150 5498">
    <p class='ocr_par' dir='ltr' id='par_1_71' title="bbox 580 5419 2150 5498">
     <span class='ocr_line' id='line_1_71' title="bbox 580 5419 2150 5498; baseline -0.011 -10"><span class='ocrx_word' id='word_1_541' title='bbox 580 5435 825 5496; x_wconf 79' lang='lat' dir='ltr'><strong>tionibus,</strong></span> <span class='ocrx_word' id='word_1_542' title='bbox 875 5444 1039 5498; x_wconf 86' lang='lat' dir='ltr'><strong>atque</strong></span> <span class='ocrx_word' id='word_1_543' title='bbox 1087 5428 1142 5480; x_wconf 87' lang='lat' dir='ltr'><strong>in</strong></span> <span class='ocrx_word' id='word_1_544' title='bbox 1191 5425 1329 5479; x_wconf 83' lang='lat' dir='ltr'><strong>libro</strong></span> <span class='ocrx_word' id='word_1_545' title='bbox 1364 5425 1482 5476; x_wconf 85' lang='lat' dir='ltr'><strong>adv.</strong></span> <span class='ocrx_word' id='word_1_546' title='bbox 1534 5421 1855 5475; x_wconf 78' lang='lat' dir='ltr'><strong>Manic/tteos</strong></span> <span class='ocrx_word' id='word_1_547' title='bbox 1903 5419 2150 5474; x_wconf 83' lang='lat' dir='ltr'><strong>docuisse</strong></span> 
     </span>
    </p>
   </div>
   <div class='ocr_carea' id='block_1_72' title="bbox 580 5512 2152 5592">
    <p class='ocr_par' dir='ltr' id='par_1_72' title="bbox 580 5512 2152 5592">
     <span class='ocr_line' id='line_1_72' title="bbox 580 5512 2152 5592; baseline -0.01 -14"><span class='ocrx_word' id='word_1_548' title='bbox 580 5524 887 5592; x_wconf 88' lang='lat' dir='ltr'><strong>suspicatur</strong></span> <span class='ocrx_word' id='word_1_549' title='bbox 920 5519 1156 5575; x_wconf 78' lang='lat' dir='ltr'><strong>Jacohus</strong></span> <span class='ocrx_word' id='word_1_550' title='bbox 1204 5516 1498 5583; x_wconf 85' lang='lat' dir='ltr'><strong>Basnagius</strong></span> <span class='ocrx_word' id='word_1_551' title='bbox 1523 5554 1537 5577; x_wconf 91' lang='lat'><strong>,</strong></span> <span class='ocrx_word' id='word_1_552' title='bbox 1575 5515 1716 5567; x_wconf 89' lang='lat' dir='ltr'><strong>hunc</strong></span> <span class='ocrx_word' id='word_1_553' title='bbox 1750 5512 1912 5567; x_wconf 88' lang='lat' dir='ltr'><strong>etiam</strong></span> <span class='ocrx_word' id='word_1_554' title='bbox 1963 5526 2152 5566; x_wconf 87' lang='lat' dir='ltr'><strong>recen-</strong></span> 
     </span>
    </p>
   </div>
   <div class='ocr_carea' id='block_1_73' title="bbox 582 5602 2148 5682">
    <p class='ocr_par' dir='ltr' id='par_1_73' title="bbox 582 5602 2148 5682">
     <span class='ocr_line' id='line_1_73' title="bbox 582 5602 2148 5682; baseline -0.009 -13"><span class='ocrx_word' id='word_1_555' title='bbox 582 5627 683 5681; x_wconf 83' lang='lat' dir='ltr'><strong>set,</strong></span> <span class='ocrx_word' id='word_1_556' title='bbox 716 5615 858 5680; x_wconf 88' lang='lat' dir='ltr'><strong>quod</strong></span> <span class='ocrx_word' id='word_1_557' title='bbox 900 5623 1165 5682; x_wconf 81' lang='lat' dir='ltr'><strong>peccatum</strong></span> <span class='ocrx_word' id='word_1_558' title='bbox 1197 5608 1450 5678; x_wconf 81' lang='lat' dir='ltr'><strong>originale</strong></span> <span class='ocrx_word' id='word_1_559' title='bbox 1484 5623 1695 5674; x_wconf 85' lang='lat' dir='ltr'><strong>negasse</strong></span> <span class='ocrx_word' id='word_1_560' title='bbox 1732 5606 1992 5658; x_wconf 85' lang='lat' dir='ltr'><strong>videatur.</strong></span> <span class='ocrx_word' id='word_1_561' title='bbox 2042 5602 2148 5656; x_wconf 89' lang='lat' dir='ltr'><strong>Sed</strong></span> 
     </span>
    </p>
   </div>
   <div class='ocr_carea' id='block_1_74' title="bbox 583 5695 2148 5776">
    <p class='ocr_par' dir='ltr' id='par_1_74' title="bbox 583 5695 2148 5776">
     <span class='ocr_line' id='line_1_74' title="bbox 583 5695 2148 5776; baseline -0.008 -15"><span class='ocrx_word' id='word_1_562' title='bbox 583 5707 834 5776; x_wconf 76' lang='lat' dir='ltr'><strong>injustam</strong></span> <span class='ocrx_word' id='word_1_563' title='bbox 894 5704 1052 5774; x_wconf 83' lang='lat' dir='ltr'><strong>plane</strong></span> <span class='ocrx_word' id='word_1_564' title='bbox 1089 5717 1153 5756; x_wconf 87' lang='lat' dir='ltr'><strong>ac</strong></span> <span class='ocrx_word' id='word_1_565' title='bbox 1201 5701 1388 5755; x_wconf 80' lang='lat' dir='ltr'><strong>falsam</strong></span> <span class='ocrx_word' id='word_1_566' title='bbox 1431 5713 1552 5753; x_wconf 82' lang='lat' dir='ltr'><strong>esse</strong></span> <span class='ocrx_word' id='word_1_567' title='bbox 1593 5695 1893 5765; x_wconf 83' lang='lat' dir='ltr'><strong>hujusmodi</strong></span> <span class='ocrx_word' id='word_1_568' title='bbox 1928 5709 2148 5750; x_wconf 81' lang='lat' dir='ltr'><strong>accusa-</strong></span> 
     </span>
    </p>
   </div>
   <div class='ocr_carea' id='block_1_75' title="bbox 656 5897 1705 5966">
    <p class='ocr_par' dir='ltr' id='par_1_75' title="bbox 656 5897 1705 5966">
     <span class='ocr_line' id='line_1_75' title="bbox 656 5897 1705 5966; baseline -0.005 -12"><span class='ocrx_word' id='word_1_569' title='bbox 656 5900 702 5931; x_wconf 86' lang='grc'><strong>⁸⁰</strong></span> <span class='ocrx_word' id='word_1_570' title='bbox 746 5899 883 5954; x_wconf 78' lang='lat' dir='ltr'><strong>Psal.</strong></span> <span class='ocrx_word' id='word_1_571' title='bbox 913 5915 1082 5962; x_wconf 66' lang='lat' dir='ltr'><strong>xxxii,</strong></span> <span class='ocrx_word' id='word_1_572' title='bbox 1120 5899 1171 5951; x_wconf 85' lang='grc'>6.</span> <span class='ocrx_word' id='word_1_573' title='bbox 1249 5901 1289 5931; x_wconf 71' lang='grc' dir='ltr'>δι</span> <span class='ocrx_word' id='word_1_574' title='bbox 1331 5897 1526 5966; x_wconf 79' lang='lat' dir='ltr'><strong>Ephes.</strong></span> <span class='ocrx_word' id='word_1_575' title='bbox 1565 5911 1624 5962; x_wconf 85' lang='grc' dir='ltr'><strong>ιι,</strong></span> <span class='ocrx_word' id='word_1_576' title='bbox 1653 5898 1705 5949; x_wconf 76' lang='grc'><strong>’.5.</strong></span> 
     </span>
    </p>
   </div>
   <div class='ocr_carea' id='block_1_76' title="bbox 2246 2037 3820 2104">
    <p class='ocr_par' dir='ltr' id='par_1_76' title="bbox 2246 2037 3820 2104">
     <span class='ocr_line' id='line_1_76' title="bbox 2246 2037 3820 2104; baseline -0.01 0"><span class='ocrx_word' id='word_1_577' title='bbox 2246 2052 2384 2104; x_wconf 89' lang='lat' dir='ltr'><strong>libro</strong></span> <span class='ocrx_word' id='word_1_578' title='bbox 2417 2050 2533 2100; x_wconf 80' lang='lat' dir='ltr'><strong>adv.</strong></span> <span class='ocrx_word' id='word_1_579' title='bbox 2571 2045 2918 2103; x_wconf 78' lang='lat' dir='ltr'><strong>Manicltteos,</strong></span> <span class='ocrx_word' id='word_1_580' title='bbox 2959 2049 3017 2092; x_wconf 92' lang='lat' dir='ltr'><strong>ut</strong></span> <span class='ocrx_word' id='word_1_581' title='bbox 3058 2053 3241 2092; x_wconf 87' lang='lat' dir='ltr'><strong>vocem</strong></span> <span class='ocrx_word' id='word_1_582' title='bbox 3291 2047 3479 2088; x_wconf 89' lang='lat' dir='ltr'><strong>natura</strong></span> <span class='ocrx_word' id='word_1_583' title='bbox 3514 2037 3820 2104; x_wconf 78' lang='lat' dir='ltr'><strong>signiﬁcare</strong></span> 
     </span>
    </p>
   </div>
   <div class='ocr_carea' id='block_1_77' title="bbox 2245 2122 3822 2202">
    <p class='ocr_par' dir='ltr' id='par_1_77' title="bbox 2245 2122 3822 2202">
     <span class='ocr_line' id='line_1_77' title="bbox 2245 2122 3822 2202; baseline -0.013 -7"><span class='ocrx_word' id='word_1_584' title='bbox 2245 2142 2390 2195; x_wconf 83' lang='lat' dir='ltr'><strong>dicat</strong></span> <span class='ocrx_word' id='word_1_585' title='bbox 2427 2153 2558 2192; x_wconf 90' lang='lat' dir='ltr'><strong>vere.</strong></span> <span class='ocrx_word' id='word_1_586' title='bbox 2590 2155 2606 2186; x_wconf 81' lang='grc' dir='ltr'><strong>ι</strong></span> <span class='ocrx_word' id='word_1_587' title='bbox 2639 2136 2708 2187; x_wconf 86' lang='lat' dir='ltr'><strong>At</strong></span> <span class='ocrx_word' id='word_1_588' title='bbox 2743 2131 2924 2202; x_wconf 80' lang='grc' dir='ltr'><strong>φύσει,</strong></span> <span class='ocrx_word' id='word_1_589' title='bbox 2955 2129 3150 2196; x_wconf 91' lang='lat' dir='ltr'><strong>inquit,</strong></span> <span class='ocrx_word' id='word_1_590' title='bbox 3191 2141 3524 2194; x_wconf 87' lang='lat' dir='ltr'><strong>nequaquam</strong></span> <span class='ocrx_word' id='word_1_591' title='bbox 3553 2122 3822 2193; x_wconf 79' lang='lat' dir='ltr'><strong>signiﬁcat</strong></span> 
     </span>
    </p>
   </div>
   <div class='ocr_carea' id='block_1_78' title="bbox 2246 2218 3821 2294">
    <p class='ocr_par' dir='ltr' id='par_1_78' title="bbox 2246 2218 3821 2294">
     <span class='ocr_line' id='line_1_78' title="bbox 2246 2218 3821 2294; baseline -0.01 -10"><span class='ocrx_word' id='word_1_592' title='bbox 2246 2246 2380 2284; x_wconf 83' lang='lat' dir='ltr'><strong>vere.</strong></span> <span class='ocrx_word' id='word_1_593' title='bbox 2415 2237 2469 2281; x_wconf 90' lang='lat' dir='ltr'><strong>et</strong></span> <span class='ocrx_word' id='word_1_594' title='bbox 2495 2224 2783 2294; x_wconf 87' lang='lat' dir='ltr'><strong>Apostolus</strong></span> <span class='ocrx_word' id='word_1_595' title='bbox 2817 2221 3001 2285; x_wconf 88' lang='lat' dir='ltr'><strong>voluit,</strong></span> <span class='ocrx_word' id='word_1_596' title='bbox 3033 2235 3128 2273; x_wconf 89' lang='lat' dir='ltr'><strong>nos</strong></span> <span class='ocrx_word' id='word_1_597' title='bbox 3154 2219 3242 2272; x_wconf 84' lang='lat' dir='ltr'><strong>Dei</strong></span> <span class='ocrx_word' id='word_1_598' title='bbox 3274 2218 3560 2270; x_wconf 77' lang='lat' dir='ltr'><strong>vindictam</strong></span> <span class='ocrx_word' id='word_1_599' title='bbox 3605 2219 3672 2268; x_wconf 92' lang='lat' dir='ltr'><strong>ob</strong></span> <span class='ocrx_word' id='word_1_600' title='bbox 3700 2231 3821 2283; x_wconf 88' lang='lat' dir='ltr'><strong>pec-</strong></span> 
     </span>
    </p>
   </div>
   <div class='ocr_carea' id='block_1_79' title="bbox 2246 2307 3817 2384">
    <p class='ocr_par' dir='ltr' id='par_1_79' title="bbox 2246 2307 3817 2384">
     <span class='ocr_line' id='line_1_79' title="bbox 2246 2307 3817 2384; baseline -0.009 -10"><span class='ocrx_word' id='word_1_601' title='bbox 2246 2329 2426 2375; x_wconf 85' lang='lat' dir='ltr'><strong>catum</strong></span> <span class='ocrx_word' id='word_1_602' title='bbox 2479 2314 2742 2384; x_wconf 80' lang='lat' dir='ltr'><strong>originale</strong></span> <span class='ocrx_word' id='word_1_603' title='bbox 2793 2313 3020 2375; x_wconf 88' lang='lat' dir='ltr'><strong>mereri;</strong></span> <span class='ocrx_word' id='word_1_604' title='bbox 3057 2312 3197 2380; x_wconf 91' lang='lat' dir='ltr'><strong>quod</strong></span> <span class='ocrx_word' id='word_1_605' title='bbox 3237 2320 3413 2362; x_wconf 88' lang='lat' dir='ltr'><strong>tamen</strong></span> <span class='ocrx_word' id='word_1_606' title='bbox 3455 2307 3521 2360; x_wconf 86' lang='lat' dir='ltr'><strong>ibi</strong></span> <span class='ocrx_word' id='word_1_607' title='bbox 3563 2308 3817 2376; x_wconf 81' lang='lat' dir='ltr'><strong>Didymus</strong></span> 
     </span>
    </p>
   </div>
   <div class='ocr_carea' id='block_1_80' title="bbox 2247 2398 3822 2472">
    <p class='ocr_par' dir='ltr' id='par_1_80' title="bbox 2247 2398 3822 2472">
     <span class='ocr_line' id='line_1_80' title="bbox 2247 2398 3822 2472; baseline -0.011 -6"><span class='ocrx_word' id='word_1_608' title='bbox 2247 2429 2353 2467; x_wconf 89' lang='lat' dir='ltr'><strong>non</strong></span> <span class='ocrx_word' id='word_1_609' title='bbox 2387 2415 2801 2470; x_wconf 88' lang='lat' dir='ltr'><strong>commemorat,</strong></span> <span class='ocrx_word' id='word_1_610' title='bbox 2834 2406 3058 2472; x_wconf 76' lang='lat' dir='ltr'><strong>itlquue</strong></span> <span class='ocrx_word' id='word_1_611' title='bbox 3106 2409 3385 2470; x_wconf 84' lang='lat' dir='ltr'><strong>peccatum</strong></span> <span class='ocrx_word' id='word_1_612' title='bbox 3425 2398 3688 2467; x_wconf 81' lang='lat' dir='ltr'><strong>originale</strong></span> <span class='ocrx_word' id='word_1_613' title='bbox 3727 2411 3822 2450; x_wconf 83' lang='lat' dir='ltr'><strong>ne-</strong></span> 
     </span>
    </p>
   </div>
   <div class='ocr_carea' id='block_1_81' title="bbox 2247 2505 2729 2576">
    <p class='ocr_par' dir='ltr' id='par_1_81' title="bbox 2247 2505 2729 2576">
     <span class='ocr_line' id='line_1_81' title="bbox 2247 2505 2729 2576; baseline -0.017 -18"><span class='ocrx_word' id='word_1_614' title='bbox 2247 2519 2402 2576; x_wconf 85' lang='lat' dir='ltr'><strong>gasse</strong></span> <span class='ocrx_word' id='word_1_615' title='bbox 2434 2505 2663 2556; x_wconf 86' lang='lat' dir='ltr'><strong>videtur.</strong></span> <span class='ocrx_word' id='word_1_616' title='bbox 2711 2519 2729 2550; x_wconf 82' lang='grc' dir='ltr'><strong>ι</strong></span> 
     </span>
    </p>
   </div>
   <div class='ocr_carea' id='block_1_82' title="bbox 2318 2577 3820 2659">
    <p class='ocr_par' dir='ltr' id='par_1_82' title="bbox 2318 2577 3820 2659">
     <span class='ocr_line' id='line_1_82' title="bbox 2318 2577 3820 2659; baseline -0.009 -13"><span class='ocrx_word' id='word_1_617' title='bbox 2318 2593 2424 2646; x_wconf 84' lang='lat' dir='ltr'><strong>Sed</strong></span> <span class='ocrx_word' id='word_1_618' title='bbox 2479 2591 2834 2659; x_wconf 82' lang='lat' dir='ltr'><strong>Hieronymus</strong></span> <span class='ocrx_word' id='word_1_619' title='bbox 2884 2597 3097 2654; x_wconf 88' lang='lat' dir='ltr'><strong>quoque</strong></span> <span class='ocrx_word' id='word_1_620' title='bbox 3155 2585 3293 2640; x_wconf 87' lang='lat' dir='ltr'><strong>libro</strong></span> <span class='ocrx_word' id='word_1_621' title='bbox 3344 2598 3360 2636; x_wconf 93' lang='grc' dir='ltr'><strong>ι</strong></span> <span class='ocrx_word' id='word_1_622' title='bbox 3416 2581 3706 2636; x_wconf 84' lang='lat' dir='ltr'><strong>Comment.</strong></span> <span class='ocrx_word' id='word_1_623' title='bbox 3751 2577 3820 2632; x_wconf 85' lang='lat' dir='ltr'><strong>In</strong></span> 
     </span>
    </p>
   </div>
   <div class='ocr_carea' id='block_1_83' title="bbox 2250 2675 3823 2754">
    <p class='ocr_par' dir='ltr' id='par_1_83' title="bbox 2250 2675 3823 2754">
     <span class='ocr_line' id='line_1_83' title="bbox 2250 2675 3823 2754; baseline -0.007 -15"><span class='ocrx_word' id='word_1_624' title='bbox 2250 2685 2543 2754; x_wconf 72' lang='lat' dir='ltr'><strong>Epistulam</strong></span> <span class='ocrx_word' id='word_1_625' title='bbox 2578 2685 2645 2735; x_wconf 87' lang='lat' dir='ltr'><strong>ad</strong></span> <span class='ocrx_word' id='word_1_626' title='bbox 2689 2681 2939 2749; x_wconf 81' lang='lat' dir='ltr'><strong>Ephesios</strong></span> <span class='ocrx_word' id='word_1_627' title='bbox 2979 2695 3099 2749; x_wconf 90' lang='lat' dir='ltr'><strong>cap.</strong></span> <span class='ocrx_word' id='word_1_628' title='bbox 3139 2694 3201 2742; x_wconf 90' lang='grc' dir='ltr'>ιι,</span> <span class='ocrx_word' id='word_1_629' title='bbox 3229 2693 3292 2732; x_wconf 88' lang='lat' dir='ltr'><strong>ea</strong></span> <span class='ocrx_word' id='word_1_630' title='bbox 3341 2675 3489 2729; x_wconf 85' lang='lat' dir='ltr'><strong>Pauli</strong></span> <span class='ocrx_word' id='word_1_631' title='bbox 3542 2677 3701 2728; x_wconf 87' lang='lat' dir='ltr'><strong>verba</strong></span> <span class='ocrx_word' id='word_1_632' title='bbox 3743 2678 3823 2728; x_wconf 85' lang='lat' dir='ltr'><strong>sic</strong></span> 
     </span>
    </p>
   </div>
   <div class='ocr_carea' id='block_1_84' title="bbox 2249 2764 3816 2846">
    <p class='ocr_par' dir='ltr' id='par_1_84' title="bbox 2249 2764 3816 2846">
     <span class='ocr_line' id='line_1_84' title="bbox 2249 2764 3816 2846; baseline -0.009 -13"><span class='ocrx_word' id='word_1_633' title='bbox 2249 2777 2492 2846; x_wconf 78' lang='lat' dir='ltr'><strong>exponit,</strong></span> <span class='ocrx_word' id='word_1_634' title='bbox 2519 2787 2577 2828; x_wconf 93' lang='lat' dir='ltr'><strong>ut</strong></span> <span class='ocrx_word' id='word_1_635' title='bbox 2607 2789 2780 2843; x_wconf 88' lang='lat' dir='ltr'><strong>neque</strong></span> <span class='ocrx_word' id='word_1_636' title='bbox 2813 2775 3020 2843; x_wconf 82' lang='lat' dir='ltr'><strong>peccati</strong></span> <span class='ocrx_word' id='word_1_637' title='bbox 3059 2769 3335 2838; x_wconf 82' lang='lat' dir='ltr'><strong>originalis</strong></span> <span class='ocrx_word' id='word_1_638' title='bbox 3368 2766 3695 2821; x_wconf 87' lang='lat' dir='ltr'><strong>mentionem</strong></span> <span class='ocrx_word' id='word_1_639' title='bbox 3741 2764 3816 2820; x_wconf 78' lang='lat' dir='ltr'><strong>fa-</strong></span> 
     </span>
    </p>
   </div>
   <div class='ocr_carea' id='block_1_85' title="bbox 2258 2857 3822 2933">
    <p class='ocr_par' dir='ltr' id='par_1_85' title="bbox 2258 2857 3822 2933">
     <span class='ocr_line' id='line_1_85' title="bbox 2258 2857 3822 2933; baseline -0.006 -11"><span class='ocrx_word' id='word_1_640' title='bbox 2258 2871 2386 2931; x_wconf 88' lang='lat' dir='ltr'><strong>ciat,</strong></span> <span class='ocrx_word' id='word_1_641' title='bbox 2421 2879 2477 2920; x_wconf 85' lang='lat' dir='ltr'><strong>et</strong></span> <span class='ocrx_word' id='word_1_642' title='bbox 2504 2866 2820 2921; x_wconf 86' lang='lat' dir='ltr'><strong>vocabulum</strong></span> <span class='ocrx_word' id='word_1_643' title='bbox 2861 2863 3021 2933; x_wconf 83' lang='grc' dir='ltr'><strong>φύσει</strong></span> <span class='ocrx_word' id='word_1_644' title='bbox 3063 2861 3368 2931; x_wconf 85' lang='lat' dir='ltr'><strong>ambiguum</strong></span> <span class='ocrx_word' id='word_1_645' title='bbox 3413 2875 3533 2915; x_wconf 84' lang='lat' dir='ltr'><strong>esse</strong></span> <span class='ocrx_word' id='word_1_646' title='bbox 3568 2857 3822 2922; x_wconf 71' lang='lat' dir='ltr'><strong>animiet,</strong></span> 
     </span>
    </p>
   </div>
   <div class='ocr_carea' id='block_1_86' title="bbox 2252 2949 3822 3026">
    <p class='ocr_par' dir='ltr' id='par_1_86' title="bbox 2252 2949 3822 3026">
     <span class='ocr_line' id='line_1_86' title="bbox 2252 2949 3822 3026; baseline -0.008 -11"><span class='ocrx_word' id='word_1_647' title='bbox 2252 2968 2309 3015; x_wconf 90' lang='lat' dir='ltr'><strong>ut</strong></span> <span class='ocrx_word' id='word_1_648' title='bbox 2335 2959 2471 3013; x_wconf 82' lang='lat' dir='ltr'><strong>verti</strong></span> <span class='ocrx_word' id='word_1_649' title='bbox 2511 2959 2674 3012; x_wconf 89' lang='lat' dir='ltr'><strong>etiam</strong></span> <span class='ocrx_word' id='word_1_650' title='bbox 2707 2958 2875 3026; x_wconf 86' lang='lat' dir='ltr'><strong>possit</strong></span> <span class='ocrx_word' id='word_1_651' title='bbox 2903 2969 3136 3022; x_wconf 83' lang='lat' dir='ltr'><strong>prorsus,</strong></span> <span class='ocrx_word' id='word_1_652' title='bbox 3165 2954 3278 3006; x_wconf 89' lang='lat' dir='ltr'><strong>sive</strong></span> <span class='ocrx_word' id='word_1_653' title='bbox 3307 2952 3540 3005; x_wconf 89' lang='lat' dir='ltr'><strong>omnino.</strong></span> <span class='ocrx_word' id='word_1_654' title='bbox 3571 2949 3822 3018; x_wconf 80' lang='lat' dir='ltr'><strong>Nunquid</strong></span> 
     </span>
    </p>
   </div>
   <div class='ocr_carea' id='block_1_87' title="bbox 2250 3043 3816 3121">
    <p class='ocr_par' dir='ltr' id='par_1_87' title="bbox 2250 3043 3816 3121">
     <span class='ocr_line' id='line_1_87' title="bbox 2250 3043 3816 3121; baseline -0.008 -15"><span class='ocrx_word' id='word_1_655' title='bbox 2250 3068 2378 3121; x_wconf 81' lang='lat' dir='ltr'><strong>ergo</strong></span> <span class='ocrx_word' id='word_1_656' title='bbox 2417 3050 2804 3118; x_wconf 85' lang='lat' dir='ltr'><strong>Hieronymum</strong></span> <span class='ocrx_word' id='word_1_657' title='bbox 2842 3063 3056 3114; x_wconf 85' lang='lat' dir='ltr'><strong>quoque</strong></span> <span class='ocrx_word' id='word_1_658' title='bbox 3092 3047 3232 3098; x_wconf 89' lang='lat' dir='ltr'><strong>inter</strong></span> <span class='ocrx_word' id='word_1_659' title='bbox 3265 3060 3359 3098; x_wconf 85' lang='lat' dir='ltr'><strong>eos</strong></span> <span class='ocrx_word' id='word_1_660' title='bbox 3393 3043 3816 3103; x_wconf 88' lang='lat' dir='ltr'><strong>numerabimus,</strong></span> 
     </span>
    </p>
   </div>
   <div class='ocr_carea' id='block_1_88' title="bbox 2251 3131 3821 3213">
    <p class='ocr_par' dir='ltr' id='par_1_88' title="bbox 2251 3131 3821 3213">
     <span class='ocr_line' id='line_1_88' title="bbox 2251 3131 3821 3213; baseline -0.006 -19"><span class='ocrx_word' id='word_1_661' title='bbox 2251 3145 2344 3213; x_wconf 86' lang='lat' dir='ltr'><strong>qui</strong></span> <span class='ocrx_word' id='word_1_662' title='bbox 2381 3153 2486 3196; x_wconf 88' lang='lat' dir='ltr'><strong>tam</strong></span> <span class='ocrx_word' id='word_1_663' title='bbox 2533 3142 2763 3210; x_wconf 84' lang='lat' dir='ltr'><strong>turpiter</strong></span> <span class='ocrx_word' id='word_1_664' title='bbox 2796 3147 3086 3202; x_wconf 84' lang='lat' dir='ltr'><strong>errarunt,</strong></span> <span class='ocrx_word' id='word_1_665' title='bbox 3141 3141 3200 3190; x_wconf 84' lang='lat' dir='ltr'><strong>ut</strong></span> <span class='ocrx_word' id='word_1_666' title='bbox 3234 3142 3510 3205; x_wconf 86' lang='lat' dir='ltr'><strong>peccatum</strong></span> <span class='ocrx_word' id='word_1_667' title='bbox 3559 3131 3821 3202; x_wconf 83' lang='lat' dir='ltr'><strong>originale</strong></span> 
     </span>
    </p>
   </div>
   <div class='ocr_carea' id='block_1_89' title="bbox 2255 3231 2747 3302">
    <p class='ocr_par' dir='ltr' id='par_1_89' title="bbox 2255 3231 2747 3302">
     <span class='ocr_line' id='line_1_89' title="bbox 2255 3231 2747 3302; baseline -0.012 -14"><span class='ocrx_word' id='word_1_668' title='bbox 2255 3249 2358 3288; x_wconf 90' lang='lat' dir='ltr'><strong>nou</strong></span> <span class='ocrx_word' id='word_1_669' title='bbox 2392 3231 2747 3302; x_wconf 79' lang='lat' dir='ltr'><strong>agnoverint?</strong></span> 
     </span>
    </p>
   </div>
   <div class='ocr_carea' id='block_1_90' title="bbox 2458 3318 3606 3388">
    <p class='ocr_par' dir='ltr' id='par_1_90' title="bbox 2458 3318 3606 3388">
     <span class='ocr_line' id='line_1_90' title="bbox 2458 3318 3606 3388; baseline -0.006 -10"><span class='ocrx_word' id='word_1_670' title='bbox 2458 3324 2585 3378; x_wconf 73' lang='lat' dir='ltr'><strong>CAP.</strong></span> <span class='ocrx_word' id='word_1_671' title='bbox 2625 3321 2692 3375; x_wconf 80' lang='grc' dir='ltr'><strong>Χ.</strong></span> <span class='ocrx_word' id='word_1_672' title='bbox 2733 3322 2810 3376; x_wconf 91' lang='lat' dir='ltr'><strong>De</strong></span> <span class='ocrx_word' id='word_1_673' title='bbox 2835 3331 3132 3374; x_wconf 75' lang='lat' dir='ltr'><strong>animarum</strong></span> <span class='ocrx_word' id='word_1_674' title='bbox 3161 3318 3606 3388; x_wconf 72' lang='lat' dir='ltr'><strong>prwexsistentta.</strong></span> 
     </span>
    </p>
   </div>
   <div class='ocr_carea' id='block_1_91' title="bbox 2317 3410 3819 3486">
    <p class='ocr_par' dir='ltr' id='par_1_91' title="bbox 2317 3410 3819 3486">
     <span class='ocr_line' id='line_1_91' title="bbox 2317 3410 3819 3486; baseline -0.008 -14"><span class='ocrx_word' id='word_1_675' title='bbox 2317 3417 2640 3486; x_wconf 82' lang='lat' dir='ltr'><strong>Origeniano</strong></span> <span class='ocrx_word' id='word_1_676' title='bbox 2691 3416 2756 3469; x_wconf 90' lang='lat' dir='ltr'><strong>de</strong></span> <span class='ocrx_word' id='word_1_677' title='bbox 2795 3416 3096 3467; x_wconf 87' lang='lat' dir='ltr'><strong>animarum</strong></span> <span class='ocrx_word' id='word_1_678' title='bbox 3151 3410 3578 3482; x_wconf 68' lang='lat' dir='ltr'><strong>praeexsistentia</strong></span> <span class='ocrx_word' id='word_1_679' title='bbox 3633 3422 3819 3463; x_wconf 88' lang='lat' dir='ltr'><strong>errore</strong></span> 
     </span>
    </p>
   </div>
   <div class='ocr_carea' id='block_1_92' title="bbox 2249 3499 3822 3575">
    <p class='ocr_par' dir='ltr' id='par_1_92' title="bbox 2249 3499 3822 3575">
     <span class='ocr_line' id='line_1_92' title="bbox 2249 3499 3822 3575; baseline -0.008 -11"><span class='ocrx_word' id='word_1_680' title='bbox 2249 3510 2503 3564; x_wconf 83' lang='lat' dir='ltr'><strong>inlectum</strong></span> <span class='ocrx_word' id='word_1_681' title='bbox 2537 3509 2706 3562; x_wconf 62' lang='lat' dir='ltr'><strong>fuisse</strong></span> <span class='ocrx_word' id='word_1_682' title='bbox 2737 3507 3046 3575; x_wconf 87' lang='lat' dir='ltr'><strong>Didymmn,</strong></span> <span class='ocrx_word' id='word_1_683' title='bbox 3079 3505 3213 3558; x_wconf 89' lang='lat' dir='ltr'><strong>adeo</strong></span> <span class='ocrx_word' id='word_1_684' title='bbox 3250 3504 3394 3558; x_wconf 85' lang='lat' dir='ltr'><strong>clare</strong></span> <span class='ocrx_word' id='word_1_685' title='bbox 3429 3511 3657 3555; x_wconf 86' lang='lat' dir='ltr'><strong>testatur</strong></span> <span class='ocrx_word' id='word_1_686' title='bbox 3687 3499 3822 3553; x_wconf 89' lang='lat' dir='ltr'><strong>mul-</strong></span> 
     </span>
    </p>
   </div>
   <div class='ocr_carea' id='block_1_93' title="bbox 2249 3593 3822 3665">
    <p class='ocr_par' dir='ltr' id='par_1_93' title="bbox 2249 3593 3822 3665">
     <span class='ocr_line' id='line_1_93' title="bbox 2249 3593 3822 3665; baseline -0.006 -13"><span class='ocrx_word' id='word_1_687' title='bbox 2249 3601 2320 3653; x_wconf 91' lang='lat' dir='ltr'><strong>tis</strong></span> <span class='ocrx_word' id='word_1_688' title='bbox 2355 3600 2406 3652; x_wconf 92' lang='lat' dir='ltr'><strong>in</strong></span> <span class='ocrx_word' id='word_1_689' title='bbox 2453 3598 2583 3652; x_wconf 90' lang='lat' dir='ltr'><strong>locis</strong></span> <span class='ocrx_word' id='word_1_690' title='bbox 2623 3596 3022 3665; x_wconf 88' lang='lat' dir='ltr'><strong>Hieronymus,</strong></span> <span class='ocrx_word' id='word_1_691' title='bbox 3061 3605 3119 3648; x_wconf 92' lang='lat' dir='ltr'><strong>ut</strong></span> <span class='ocrx_word' id='word_1_692' title='bbox 3164 3593 3410 3647; x_wconf 87' lang='lat' dir='ltr'><strong>dubitare</strong></span> <span class='ocrx_word' id='word_1_693' title='bbox 3452 3593 3671 3645; x_wconf 89' lang='lat' dir='ltr'><strong>omnino</strong></span> <span class='ocrx_word' id='word_1_694' title='bbox 3717 3605 3822 3644; x_wconf 86' lang='lat' dir='ltr'><strong>nOn</strong></span> 
     </span>
    </p>
   </div>
   <div class='ocr_carea' id='block_1_94' title="bbox 2249 3682 3824 3758">
    <p class='ocr_par' dir='ltr' id='par_1_94' title="bbox 2249 3682 3824 3758">
     <span class='ocr_line' id='line_1_94' title="bbox 2249 3682 3824 3758; baseline -0.006 -14"><span class='ocrx_word' id='word_1_695' title='bbox 2249 3690 2426 3750; x_wconf 85' lang='lat' dir='ltr'><strong>liceat,</strong></span> <span class='ocrx_word' id='word_1_696' title='bbox 2469 3689 2598 3758; x_wconf 90' lang='lat' dir='ltr'><strong>quin</strong></span> <span class='ocrx_word' id='word_1_697' title='bbox 2647 3687 2760 3756; x_wconf 89' lang='lat' dir='ltr'><strong>ipse</strong></span> <span class='ocrx_word' id='word_1_698' title='bbox 2805 3700 2834 3740; x_wconf 89' lang='lat' dir='ltr'><strong>a</strong></span> <span class='ocrx_word' id='word_1_699' title='bbox 2869 3698 3056 3740; x_wconf 88' lang='lat' dir='ltr'><strong>sancto</strong></span> <span class='ocrx_word' id='word_1_700' title='bbox 3100 3685 3342 3748; x_wconf 78' lang='lat' dir='ltr'><strong>doctore,</strong></span> <span class='ocrx_word' id='word_1_701' title='bbox 3384 3694 3440 3738; x_wconf 93' lang='lat' dir='ltr'><strong>ut</strong></span> <span class='ocrx_word' id='word_1_702' title='bbox 3475 3698 3650 3752; x_wconf 71' lang='lat' dir='ltr'><strong>Pravo:</strong></span> <span class='ocrx_word' id='word_1_703' title='bbox 3682 3682 3824 3735; x_wconf 83' lang='lat' dir='ltr'><strong>illius</strong></span> 
     </span>
    </p>
   </div>
   <div class='ocr_carea' id='block_1_95' title="bbox 2240 3775 3821 3850">
    <p class='ocr_par' dir='ltr' id='par_1_95' title="bbox 2240 3775 3821 3850">
     <span class='ocr_line' id='line_1_95' title="bbox 2240 3775 3821 3850; baseline -0.006 -15"><span class='ocrx_word' id='word_1_704' title='bbox 2240 3782 2508 3846; x_wconf 74' lang='lat' dir='ltr'><strong>doctrina:</strong></span> <span class='ocrx_word' id='word_1_705' title='bbox 2573 3786 2829 3850; x_wconf 88' lang='lat' dir='ltr'><strong>patronus</strong></span> <span class='ocrx_word' id='word_1_706' title='bbox 2905 3779 3120 3832; x_wconf 88' lang='lat' dir='ltr'><strong>habitus</strong></span> <span class='ocrx_word' id='word_1_707' title='bbox 3193 3776 3374 3830; x_wconf 81' lang='lat' dir='ltr'><strong>fuerit.</strong></span> <span class='ocrx_word' id='word_1_708' title='bbox 3441 3775 3507 3829; x_wconf 87' lang='lat' dir='ltr'><strong>Ut</strong></span> <span class='ocrx_word' id='word_1_709' title='bbox 3561 3775 3702 3827; x_wconf 84' lang='lat' dir='ltr'><strong>enim</strong></span> <span class='ocrx_word' id='word_1_710' title='bbox 3759 3789 3821 3827; x_wconf 85' lang='lat' dir='ltr'><strong>ea</strong></span> 
     </span>
    </p>
   </div>
   <div class='ocr_carea' id='block_1_96' title="bbox 2251 3866 3815 3943">
    <p class='ocr_par' dir='ltr' id='par_1_96' title="bbox 2251 3866 3815 3943">
     <span class='ocr_line' id='line_1_96' title="bbox 2251 3866 3815 3943; baseline -0.008 -16"><span class='ocrx_word' id='word_1_711' title='bbox 2251 3883 2564 3943; x_wconf 70' lang='lat' dir='ltr'><strong>praeteream</strong></span> <span class='ocrx_word' id='word_1_712' title='bbox 2601 3883 2720 3941; x_wconf 66' lang='lat' dir='ltr'><strong>qum</strong></span> <span class='ocrx_word' id='word_1_713' title='bbox 2753 3873 2818 3926; x_wconf 89' lang='lat' dir='ltr'><strong>de</strong></span> <span class='ocrx_word' id='word_1_714' title='bbox 2865 3871 3090 3941; x_wconf 85' lang='lat' dir='ltr'><strong>Didytno</strong></span> <span class='ocrx_word' id='word_1_715' title='bbox 3131 3870 3346 3937; x_wconf 87' lang='lat' dir='ltr'><strong>scripsit</strong></span> <span class='ocrx_word' id='word_1_716' title='bbox 3381 3867 3467 3921; x_wconf 90' lang='lat' dir='ltr'><strong>ille</strong></span> <span class='ocrx_word' id='word_1_717' title='bbox 3495 3868 3585 3920; x_wconf 90' lang='lat' dir='ltr'><strong>lib.</strong></span> <span class='ocrx_word' id='word_1_718' title='bbox 3626 3881 3639 3919; x_wconf 93' lang='grc' dir='ltr'><strong>ι</strong></span> <span class='ocrx_word' id='word_1_719' title='bbox 3697 3866 3815 3916; x_wconf 78' lang='lat' dir='ltr'><strong>adv.</strong></span> 
     </span>
    </p>
   </div>
   <div class='ocr_carea' id='block_1_97' title="bbox 2254 3958 3822 4035">
    <p class='ocr_par' dir='ltr' id='par_1_97' title="bbox 2254 3958 3822 4035">
     <span class='ocr_line' id='line_1_97' title="bbox 2254 3958 3822 4035; baseline -0.006 -17"><span class='ocrx_word' id='word_1_720' title='bbox 2254 3965 2525 4034; x_wconf 78' lang='lat' dir='ltr'><strong>Ruﬁnum,</strong></span> <span class='ocrx_word' id='word_1_721' title='bbox 2551 3979 2719 4035; x_wconf 88' lang='lat' dir='ltr'><strong>segm.</strong></span> <span class='ocrx_word' id='word_1_722' title='bbox 2751 3964 2803 4026; x_wconf 85' lang='lat'><strong>6,</strong></span> <span class='ocrx_word' id='word_1_723' title='bbox 2836 3973 2889 4018; x_wconf 89' lang='lat' dir='ltr'><strong>et</strong></span> <span class='ocrx_word' id='word_1_724' title='bbox 2921 3964 3013 4016; x_wconf 87' lang='lat' dir='ltr'><strong>lib.</strong></span> <span class='ocrx_word' id='word_1_725' title='bbox 3052 3977 3112 4027; x_wconf 90' lang='grc' dir='ltr'>ιι,</span> <span class='ocrx_word' id='word_1_726' title='bbox 3160 3976 3328 4028; x_wconf 85' lang='lat' dir='ltr'><strong>segm.</strong></span> <span class='ocrx_word' id='word_1_727' title='bbox 3364 3961 3451 4023; x_wconf 81' lang='grc'><strong>16,</strong></span> <span class='ocrx_word' id='word_1_728' title='bbox 3498 3974 3558 4011; x_wconf 92' lang='lat' dir='ltr'><strong>ac</strong></span> <span class='ocrx_word' id='word_1_729' title='bbox 3598 3958 3690 4010; x_wconf 88' lang='lat' dir='ltr'><strong>lib.</strong></span> <span class='ocrx_word' id='word_1_730' title='bbox 3737 3971 3822 4017; x_wconf 90' lang='lat' dir='ltr'><strong>Ill,</strong></span> 
     </span>
    </p>
   </div>
   <div class='ocr_carea' id='block_1_98' title="bbox 2249 4049 3822 4126">
    <p class='ocr_par' dir='ltr' id='par_1_98' title="bbox 2249 4049 3822 4126">
     <span class='ocr_line' id='line_1_98' title="bbox 2249 4049 3822 4126; baseline -0.006 -14"><span class='ocrx_word' id='word_1_731' title='bbox 2249 4071 2418 4125; x_wconf 74' lang='lat' dir='ltr'><strong>segni.</strong></span> <span class='ocrx_word' id='word_1_732' title='bbox 2448 4057 2534 4121; x_wconf 73' lang='grc'><strong>12,</strong></span> <span class='ocrx_word' id='word_1_733' title='bbox 2571 4059 2699 4125; x_wconf 87' lang='lat' dir='ltr'><strong>quid</strong></span> <span class='ocrx_word' id='word_1_734' title='bbox 2731 4057 2969 4126; x_wconf 86' lang='lat' dir='ltr'><strong>apertius</strong></span> <span class='ocrx_word' id='word_1_735' title='bbox 3005 4055 3088 4108; x_wconf 88' lang='lat' dir='ltr'><strong>his</strong></span> <span class='ocrx_word' id='word_1_736' title='bbox 3121 4067 3240 4122; x_wconf 81' lang='lat' dir='ltr'><strong>qua:</strong></span> <span class='ocrx_word' id='word_1_737' title='bbox 3269 4051 3493 4120; x_wconf 85' lang='lat' dir='ltr'><strong>legimus</strong></span> <span class='ocrx_word' id='word_1_738' title='bbox 3549 4063 3716 4116; x_wconf 77' lang='lat' dir='ltr'><strong>segni.</strong></span> <span class='ocrx_word' id='word_1_739' title='bbox 3753 4049 3822 4103; x_wconf 73' lang='lat'><strong>28</strong></span> 
     </span>
    </p>
   </div>
   <div class='ocr_carea' id='block_1_99' title="bbox 2252 4140 3822 4212">
    <p class='ocr_par' dir='ltr' id='par_1_99' title="bbox 2252 4140 3822 4212">
     <span class='ocr_line' id='line_1_99' title="bbox 2252 4140 3822 4212; baseline -0.006 -11"><span class='ocrx_word' id='word_1_740' title='bbox 2252 4148 2371 4201; x_wconf 81' lang='lat' dir='ltr'><strong>libri</strong></span> <span class='ocrx_word' id='word_1_741' title='bbox 2411 4149 2595 4201; x_wconf 88' lang='lat' dir='ltr'><strong>tertii?</strong></span> <span class='ocrx_word' id='word_1_742' title='bbox 2624 4147 2874 4201; x_wconf 80' lang='lat' dir='ltr'><strong>Ruﬁnum</strong></span> <span class='ocrx_word' id='word_1_743' title='bbox 2911 4148 2981 4202; x_wconf 91' lang='lat' dir='ltr'><strong>ibi</strong></span> <span class='ocrx_word' id='word_1_744' title='bbox 3011 4147 3089 4200; x_wconf 89' lang='lat' dir='ltr'><strong>sie</strong></span> <span class='ocrx_word' id='word_1_745' title='bbox 3117 4145 3403 4212; x_wconf 77' lang='lat' dir='ltr'><strong>allaquitur</strong></span> <span class='ocrx_word' id='word_1_746' title='bbox 3436 4158 3450 4194; x_wconf 87' lang='lat'><strong>:</strong></span> <span class='ocrx_word' id='word_1_747' title='bbox 3490 4140 3628 4194; x_wconf 87' lang='lat' dir='ltr'><strong>llinc</strong></span> <span class='ocrx_word' id='word_1_748' title='bbox 3657 4150 3730 4192; x_wconf 88' lang='lat' dir='ltr'><strong>est</strong></span> <span class='ocrx_word' id='word_1_749' title='bbox 3775 4150 3822 4192; x_wconf 86' lang='lat' dir='ltr'><strong>et</strong></span> 
     </span>
    </p>
   </div>
   <div class='ocr_carea' id='block_1_100' title="bbox 2251 4233 3826 4308">
    <p class='ocr_par' dir='ltr' id='par_1_100' title="bbox 2251 4233 3826 4308">
     <span class='ocr_line' id='line_1_100' title="bbox 2251 4233 3826 4308; baseline -0.006 -13"><span class='ocrx_word' id='word_1_750' title='bbox 2251 4240 2344 4295; x_wconf 89' lang='lat' dir='ltr'><strong>illa</strong></span> <span class='ocrx_word' id='word_1_751' title='bbox 2375 4249 2464 4293; x_wconf 69' lang='lat' dir='ltr'><strong>tua</strong></span> <span class='ocrx_word' id='word_1_752' title='bbox 2496 4255 2692 4293; x_wconf 87' lang='lat' dir='ltr'><strong>arcana</strong></span> <span class='ocrx_word' id='word_1_753' title='bbox 2721 4241 3060 4308; x_wconf 78' lang='lat' dir='ltr'><strong>interrogatio</strong></span> <span class='ocrx_word' id='word_1_754' title='bbox 3082 4279 3097 4304; x_wconf 97' lang='lat'><strong>,</strong></span> <span class='ocrx_word' id='word_1_755' title='bbox 3128 4253 3291 4308; x_wconf 84' lang='lat' dir='ltr'><strong>quare</strong></span> <span class='ocrx_word' id='word_1_756' title='bbox 3321 4237 3618 4289; x_wconf 90' lang='lat' dir='ltr'><strong>moriantur</strong></span> <span class='ocrx_word' id='word_1_757' title='bbox 3647 4233 3826 4300; x_wconf 87' lang='lat' dir='ltr'><strong>infan-</strong></span> 
     </span>
    </p>
   </div>
   <div class='ocr_carea' id='block_1_101' title="bbox 2252 4324 3826 4399">
    <p class='ocr_par' dir='ltr' id='par_1_101' title="bbox 2252 4324 3826 4399">
     <span class='ocr_line' id='line_1_101' title="bbox 2252 4324 3826 4399; baseline -0.006 -13"><span class='ocrx_word' id='word_1_758' title='bbox 2252 4345 2343 4399; x_wconf 90' lang='lat' dir='ltr'><strong>tes,</strong></span> <span class='ocrx_word' id='word_1_759' title='bbox 2376 4349 2492 4386; x_wconf 86' lang='lat' dir='ltr'><strong>cum</strong></span> <span class='ocrx_word' id='word_1_760' title='bbox 2526 4344 2739 4399; x_wconf 86' lang='lat' dir='ltr'><strong>propter</strong></span> <span class='ocrx_word' id='word_1_761' title='bbox 2773 4343 3002 4399; x_wconf 87' lang='lat' dir='ltr'><strong>peccata,</strong></span> <span class='ocrx_word' id='word_1_762' title='bbox 3032 4345 3255 4397; x_wconf 84' lang='lat' dir='ltr'><strong>corpora</strong></span> <span class='ocrx_word' id='word_1_763' title='bbox 3281 4329 3590 4393; x_wconf 89' lang='lat' dir='ltr'><strong>acceperint.</strong></span> <span class='ocrx_word' id='word_1_764' title='bbox 3632 4324 3826 4378; x_wconf 76' lang='lat' dir='ltr'><strong>Exstat</strong></span> 
     </span>
    </p>
   </div>
   <div class='ocr_carea' id='block_1_102' title="bbox 2253 4415 3827 4491">
    <p class='ocr_par' dir='ltr' id='par_1_102' title="bbox 2253 4415 3827 4491">
     <span class='ocr_line' id='line_1_102' title="bbox 2253 4415 3827 4491; baseline -0.006 -16"><span class='ocrx_word' id='word_1_765' title='bbox 2253 4423 2380 4476; x_wconf 85' lang='lat' dir='ltr'><strong>liber</strong></span> <span class='ocrx_word' id='word_1_766' title='bbox 2410 4415 2622 4491; x_wconf 83' lang='lat' dir='ltr'><strong>Didymi</strong></span> <span class='ocrx_word' id='word_1_767' title='bbox 2651 4423 2718 4473; x_wconf 86' lang='lat' dir='ltr'><strong>ad</strong></span> <span class='ocrx_word' id='word_1_768' title='bbox 2747 4430 2816 4483; x_wconf 89' lang='lat' dir='ltr'><strong>te,</strong></span> <span class='ocrx_word' id='word_1_769' title='bbox 2842 4436 2941 4489; x_wconf 85' lang='lat' dir='ltr'><strong>quo</strong></span> <span class='ocrx_word' id='word_1_770' title='bbox 2971 4418 3263 4472; x_wconf 82' lang='lat' dir='ltr'><strong>sciscitanti</strong></span> <span class='ocrx_word' id='word_1_771' title='bbox 3291 4415 3380 4469; x_wconf 81' lang='lat' dir='ltr'><strong>tibi</strong></span> <span class='ocrx_word' id='word_1_772' title='bbox 3412 4416 3698 4483; x_wconf 87' lang='lat' dir='ltr'><strong>respondit,</strong></span> <span class='ocrx_word' id='word_1_773' title='bbox 3723 4430 3827 4469; x_wconf 87' lang='lat' dir='ltr'><strong>non</strong></span> 
     </span>
    </p>
   </div>
   <div class='ocr_carea' id='block_1_103' title="bbox 2252 4512 3825 4580">
    <p class='ocr_par' dir='ltr' id='par_1_103' title="bbox 2252 4512 3825 4580">
     <span class='ocr_line' id='line_1_103' title="bbox 2252 4512 3825 4580; baseline -0.008 -11"><span class='ocrx_word' id='word_1_774' title='bbox 2252 4532 2337 4569; x_wconf 90' lang='lat' dir='ltr'><strong>eos</strong></span> <span class='ocrx_word' id='word_1_775' title='bbox 2364 4513 2528 4568; x_wconf 86' lang='lat' dir='ltr'><strong>multa</strong></span> <span class='ocrx_word' id='word_1_776' title='bbox 2553 4523 2810 4580; x_wconf 80' lang='lat' dir='ltr'><strong>peccasse,</strong></span> <span class='ocrx_word' id='word_1_777' title='bbox 2840 4521 2886 4564; x_wconf 88' lang='lat' dir='ltr'><strong>et</strong></span> <span class='ocrx_word' id='word_1_778' title='bbox 2913 4512 3026 4563; x_wconf 86' lang='lat' dir='ltr'><strong>ideo</strong></span> <span class='ocrx_word' id='word_1_779' title='bbox 3049 4526 3324 4578; x_wconf 88' lang='lat' dir='ltr'><strong>corporum</strong></span> <span class='ocrx_word' id='word_1_780' title='bbox 3358 4524 3587 4563; x_wconf 89' lang='lat' dir='ltr'><strong>carceres</strong></span> <span class='ocrx_word' id='word_1_781' title='bbox 3623 4517 3825 4562; x_wconf 87' lang='lat' dir='ltr'><strong>tantum</strong></span> 
     </span>
    </p>
   </div>
   <div class='ocr_carea' id='block_1_104' title="bbox 2252 4599 3824 4676">
    <p class='ocr_par' dir='ltr' id='par_1_104' title="bbox 2252 4599 3824 4676">
     <span class='ocr_line' id='line_1_104' title="bbox 2252 4599 3824 4676; baseline -0.007 -15"><span class='ocrx_word' id='word_1_782' title='bbox 2252 4610 2326 4661; x_wconf 87' lang='lat' dir='ltr'><strong>eis</strong></span> <span class='ocrx_word' id='word_1_783' title='bbox 2367 4609 2592 4676; x_wconf 84' lang='lat' dir='ltr'><strong>tetigisse</strong></span> <span class='ocrx_word' id='word_1_784' title='bbox 2624 4605 2892 4674; x_wconf 76' lang='lat' dir='ltr'><strong>sufﬁcere.</strong></span> <span class='ocrx_word' id='word_1_785' title='bbox 2929 4603 3268 4672; x_wconf 87' lang='lat' dir='ltr'><strong>Quapropter</strong></span> <span class='ocrx_word' id='word_1_786' title='bbox 3291 4601 3577 4672; x_wconf 90' lang='lat' dir='ltr'><strong>Didymum</strong></span> <span class='ocrx_word' id='word_1_787' title='bbox 3613 4602 3681 4653; x_wconf 88' lang='lat' dir='ltr'><strong>ab</strong></span> <span class='ocrx_word' id='word_1_788' title='bbox 3715 4599 3824 4653; x_wconf 86' lang='lat' dir='ltr'><strong>Ori-</strong></span> 
     </span>
    </p>
   </div>
   <div class='ocr_carea' id='block_1_105' title="bbox 2253 4690 3826 4771">
    <p class='ocr_par' dir='ltr' id='par_1_105' title="bbox 2253 4690 3826 4771">
     <span class='ocr_line' id='line_1_105' title="bbox 2253 4690 3826 4771; baseline -0.006 -19"><span class='ocrx_word' id='word_1_789' title='bbox 2253 4701 2478 4771; x_wconf 82' lang='lat' dir='ltr'><strong>genismi</strong></span> <span class='ocrx_word' id='word_1_790' title='bbox 2537 4699 2655 4752; x_wconf 90' lang='lat' dir='ltr'><strong>labe</strong></span> <span class='ocrx_word' id='word_1_791' title='bbox 2695 4697 2984 4751; x_wconf 77' lang='lat' dir='ltr'><strong>defendere</strong></span> <span class='ocrx_word' id='word_1_792' title='bbox 3027 4711 3184 4748; x_wconf 89' lang='lat' dir='ltr'><strong>nemo</strong></span> <span class='ocrx_word' id='word_1_793' title='bbox 3219 4704 3417 4764; x_wconf 87' lang='lat' dir='ltr'><strong>potest,</strong></span> <span class='ocrx_word' id='word_1_794' title='bbox 3462 4693 3589 4761; x_wconf 88' lang='lat' dir='ltr'><strong>quin</strong></span> <span class='ocrx_word' id='word_1_795' title='bbox 3635 4690 3826 4759; x_wconf 89' lang='lat' dir='ltr'><strong>probet</strong></span> 
     </span>
    </p>
   </div>
   <div class='ocr_carea' id='block_1_106' title="bbox 2255 4785 3827 4861">
    <p class='ocr_par' dir='ltr' id='par_1_106' title="bbox 2255 4785 3827 4861">
     <span class='ocr_line' id='line_1_106' title="bbox 2255 4785 3827 4861; baseline -0.008 -15"><span class='ocrx_word' id='word_1_796' title='bbox 2255 4802 2346 4846; x_wconf 86' lang='lat' dir='ltr'><strong>aut</strong></span> <span class='ocrx_word' id='word_1_797' title='bbox 2372 4791 2580 4861; x_wconf 87' lang='lat' dir='ltr'><strong>Didymi</strong></span> <span class='ocrx_word' id='word_1_798' title='bbox 2623 4791 2848 4858; x_wconf 86' lang='lat' dir='ltr'><strong>scripta,</strong></span> <span class='ocrx_word' id='word_1_799' title='bbox 2873 4790 2941 4843; x_wconf 91' lang='lat' dir='ltr'><strong>ob</strong></span> <span class='ocrx_word' id='word_1_800' title='bbox 2973 4801 3092 4858; x_wconf 72' lang='lat' dir='ltr'><strong>quae</strong></span> <span class='ocrx_word' id='word_1_801' title='bbox 3127 4788 3298 4857; x_wconf 86' lang='lat' dir='ltr'><strong>ipsum</strong></span> <span class='ocrx_word' id='word_1_802' title='bbox 3335 4785 3693 4853; x_wconf 87' lang='lat' dir='ltr'><strong>Hieronymus</strong></span> <span class='ocrx_word' id='word_1_803' title='bbox 3735 4795 3827 4834; x_wconf 86' lang='lat' dir='ltr'><strong>ac-</strong></span> 
     </span>
    </p>
   </div>
   <div class='ocr_carea' id='block_1_107' title="bbox 2257 4874 3826 4952">
    <p class='ocr_par' dir='ltr' id='par_1_107' title="bbox 2257 4874 3826 4952">
     <span class='ocr_line' id='line_1_107' title="bbox 2257 4874 3826 4952; baseline -0.007 -15"><span class='ocrx_word' id='word_1_804' title='bbox 2257 4895 2430 4947; x_wconf 84' lang='lat' dir='ltr'><strong>cusat,</strong></span> <span class='ocrx_word' id='word_1_805' title='bbox 2455 4884 2522 4935; x_wconf 89' lang='lat' dir='ltr'><strong>ab</strong></span> <span class='ocrx_word' id='word_1_806' title='bbox 2550 4881 2869 4952; x_wconf 88' lang='lat' dir='ltr'><strong>Origenistis</strong></span> <span class='ocrx_word' id='word_1_807' title='bbox 2893 4892 3167 4948; x_wconf 87' lang='lat' dir='ltr'><strong>corrupta,</strong></span> <span class='ocrx_word' id='word_1_808' title='bbox 3193 4879 3273 4931; x_wconf 85' lang='lat' dir='ltr'><strong>vel</strong></span> <span class='ocrx_word' id='word_1_809' title='bbox 3304 4879 3426 4929; x_wconf 86' lang='lat' dir='ltr'><strong>tieta</strong></span> <span class='ocrx_word' id='word_1_810' title='bbox 3453 4875 3640 4937; x_wconf 78' lang='lat' dir='ltr'><strong>fuisse,</strong></span> <span class='ocrx_word' id='word_1_811' title='bbox 3665 4874 3826 4941; x_wconf 88' lang='lat' dir='ltr'><strong>idque</strong></span> 
     </span>
    </p>
   </div>
   <div class='ocr_carea' id='block_1_108' title="bbox 2260 4967 3826 5043">
    <p class='ocr_par' dir='ltr' id='par_1_108' title="bbox 2260 4967 3826 5043">
     <span class='ocr_line' id='line_1_108' title="bbox 2260 4967 3826 5043; baseline -0.006 -17"><span class='ocrx_word' id='word_1_812' title='bbox 2260 4971 2644 5043; x_wconf 82' lang='lat' dir='ltr'><strong>Hieronymum</strong></span> <span class='ocrx_word' id='word_1_813' title='bbox 2677 4974 2955 5043; x_wconf 82' lang='lat' dir='ltr'><strong>ignorasse</strong></span> <span class='ocrx_word' id='word_1_814' title='bbox 2991 4986 3009 5026; x_wconf 85' lang='lat'><strong>:</strong></span> <span class='ocrx_word' id='word_1_815' title='bbox 3045 4979 3137 5024; x_wconf 86' lang='lat' dir='ltr'><strong>aut</strong></span> <span class='ocrx_word' id='word_1_816' title='bbox 3171 4969 3223 5023; x_wconf 91' lang='lat' dir='ltr'><strong>id</strong></span> <span class='ocrx_word' id='word_1_817' title='bbox 3270 4967 3595 5036; x_wconf 80' lang='lat' dir='ltr'><strong>Hieronymo</strong></span> <span class='ocrx_word' id='word_1_818' title='bbox 3628 4979 3826 5034; x_wconf 85' lang='lat' dir='ltr'><strong>propo-</strong></span> 
     </span>
    </p>
   </div>
   <div class='ocr_carea' id='block_1_109' title="bbox 2255 5054 3829 5133">
    <p class='ocr_par' dir='ltr' id='par_1_109' title="bbox 2255 5054 3829 5133">
     <span class='ocr_line' id='line_1_109' title="bbox 2255 5054 3829 5133; baseline -0.007 -15"><span class='ocrx_word' id='word_1_819' title='bbox 2255 5066 2416 5118; x_wconf 90' lang='lat' dir='ltr'><strong>situm</strong></span> <span class='ocrx_word' id='word_1_820' title='bbox 2441 5062 2631 5127; x_wconf 82' lang='lat' dir='ltr'><strong>fuisse,</strong></span> <span class='ocrx_word' id='word_1_821' title='bbox 2663 5072 2721 5116; x_wconf 90' lang='lat' dir='ltr'><strong>ut</strong></span> <span class='ocrx_word' id='word_1_822' title='bbox 2743 5063 3023 5133; x_wconf 83' lang='lat' dir='ltr'><strong>Didymum</strong></span> <span class='ocrx_word' id='word_1_823' title='bbox 3047 5061 3473 5116; x_wconf 87' lang='lat' dir='ltr'><strong>calumniaretur</strong></span> <span class='ocrx_word' id='word_1_824' title='bbox 3500 5071 3514 5108; x_wconf 91' lang='lat'><strong>:</strong></span> <span class='ocrx_word' id='word_1_825' title='bbox 3545 5065 3637 5109; x_wconf 87' lang='lat' dir='ltr'><strong>aut</strong></span> <span class='ocrx_word' id='word_1_826' title='bbox 3672 5054 3829 5109; x_wconf 91' lang='lat' dir='ltr'><strong>deni-</strong></span> 
     </span>
    </p>
   </div>
   <div class='ocr_carea' id='block_1_110' title="bbox 2254 5155 3826 5227">
    <p class='ocr_par' dir='ltr' id='par_1_110' title="bbox 2254 5155 3826 5227">
     <span class='ocr_line' id='line_1_110' title="bbox 2254 5155 3826 5227; baseline -0.005 -19"><span class='ocrx_word' id='word_1_827' title='bbox 2254 5171 2358 5224; x_wconf 86' lang='lat' dir='ltr'><strong>que</strong></span> <span class='ocrx_word' id='word_1_828' title='bbox 2386 5157 2531 5210; x_wconf 91' lang='lat' dir='ltr'><strong>illum</strong></span> <span class='ocrx_word' id='word_1_829' title='bbox 2562 5157 2772 5227; x_wconf 90' lang='lat' dir='ltr'><strong>Didymi</strong></span> <span class='ocrx_word' id='word_1_830' title='bbox 2807 5165 3040 5210; x_wconf 88' lang='lat' dir='ltr'><strong>mentem</strong></span> <span class='ocrx_word' id='word_1_831' title='bbox 3069 5155 3236 5223; x_wconf 86' lang='lat' dir='ltr'><strong>probe</strong></span> <span class='ocrx_word' id='word_1_832' title='bbox 3266 5167 3372 5207; x_wconf 92' lang='lat' dir='ltr'><strong>non</strong></span> <span class='ocrx_word' id='word_1_833' title='bbox 3403 5161 3736 5211; x_wconf 87' lang='lat' dir='ltr'><strong>assecutum,</strong></span> <span class='ocrx_word' id='word_1_834' title='bbox 3765 5161 3826 5202; x_wconf 87' lang='lat' dir='ltr'><strong>ea</strong></span> 
     </span>
    </p>
   </div>
   <div class='ocr_carea' id='block_1_111' title="bbox 2255 5241 3828 5316">
    <p class='ocr_par' dir='ltr' id='par_1_111' title="bbox 2255 5241 3828 5316">
     <span class='ocr_line' id='line_1_111' title="bbox 2255 5241 3828 5316; baseline -0.006 -15"><span class='ocrx_word' id='word_1_835' title='bbox 2255 5247 2580 5316; x_wconf 76' lang='lat' dir='ltr'><strong>Origeniano</strong></span> <span class='ocrx_word' id='word_1_836' title='bbox 2615 5261 2777 5301; x_wconf 88' lang='lat' dir='ltr'><strong>sensu</strong></span> <span class='ocrx_word' id='word_1_837' title='bbox 2825 5247 2966 5301; x_wconf 90' lang='lat' dir='ltr'><strong>dicta</strong></span> <span class='ocrx_word' id='word_1_838' title='bbox 3000 5246 3366 5311; x_wconf 83' lang='lat' dir='ltr'><strong>existimasse,</strong></span> <span class='ocrx_word' id='word_1_839' title='bbox 3406 5259 3527 5314; x_wconf 75' lang='lat' dir='ltr'><strong>qua:</strong></span> <span class='ocrx_word' id='word_1_840' title='bbox 3561 5241 3828 5297; x_wconf 89' lang='lat' dir='ltr'><strong>catholico</strong></span> 
     </span>
    </p>
   </div>
   <div class='ocr_carea' id='block_1_112' title="bbox 2251 5330 3829 5411">
    <p class='ocr_par' dir='ltr' id='par_1_112' title="bbox 2251 5330 3829 5411">
     <span class='ocr_line' id='line_1_112' title="bbox 2251 5330 3829 5411; baseline -0.003 -24"><span class='ocrx_word' id='word_1_841' title='bbox 2251 5335 2554 5411; x_wconf 78' lang='lat' dir='ltr'><strong>dictaverat</strong></span> <span class='ocrx_word' id='word_1_842' title='bbox 2587 5336 2862 5406; x_wconf 85' lang='lat' dir='ltr'><strong>Didymus.</strong></span> <span class='ocrx_word' id='word_1_843' title='bbox 2898 5337 3135 5402; x_wconf 89' lang='lat' dir='ltr'><strong>Quorum</strong></span> <span class='ocrx_word' id='word_1_844' title='bbox 3179 5337 3410 5404; x_wconf 89' lang='lat' dir='ltr'><strong>primum</strong></span> <span class='ocrx_word' id='word_1_845' title='bbox 3446 5351 3510 5389; x_wconf 91' lang='lat' dir='ltr'><strong>ne</strong></span> <span class='ocrx_word' id='word_1_846' title='bbox 3533 5330 3829 5388; x_wconf 87' lang='lat' dir='ltr'><strong>verisimile</strong></span> 
     </span>
    </p>
   </div>
   <div class='ocr_carea' id='block_1_113' title="bbox 2252 5420 3822 5494">
    <p class='ocr_par' dir='ltr' id='par_1_113' title="bbox 2252 5420 3822 5494">
     <span class='ocr_line' id='line_1_113' title="bbox 2252 5420 3822 5494; baseline -0.003 -18"><span class='ocrx_word' id='word_1_847' title='bbox 2252 5425 2465 5493; x_wconf 89' lang='lat' dir='ltr'><strong>quidem</strong></span> <span class='ocrx_word' id='word_1_848' title='bbox 2525 5425 2737 5478; x_wconf 87' lang='lat' dir='ltr'><strong>videtur</strong></span> <span class='ocrx_word' id='word_1_849' title='bbox 2785 5442 2799 5479; x_wconf 89' lang='lat'><strong>:</strong></span> <span class='ocrx_word' id='word_1_850' title='bbox 2855 5427 3082 5480; x_wconf 87' lang='lat' dir='ltr'><strong>alterum</strong></span> <span class='ocrx_word' id='word_1_851' title='bbox 3138 5426 3243 5481; x_wconf 86' lang='lat' dir='ltr'><strong>dici</strong></span> <span class='ocrx_word' id='word_1_852' title='bbox 3304 5442 3409 5480; x_wconf 90' lang='lat' dir='ltr'><strong>non</strong></span> <span class='ocrx_word' id='word_1_853' title='bbox 3457 5431 3634 5494; x_wconf 88' lang='lat' dir='ltr'><strong>potest</strong></span> <span class='ocrx_word' id='word_1_854' title='bbox 3697 5420 3822 5488; x_wconf 89' lang='lat' dir='ltr'><strong>quin</strong></span> 
     </span>
    </p>
   </div>
   <div class='ocr_carea' id='block_1_114' title="bbox 2253 5511 3824 5585">
    <p class='ocr_par' dir='ltr' id='par_1_114' title="bbox 2253 5511 3824 5585">
     <span class='ocr_line' id='line_1_114' title="bbox 2253 5511 3824 5585; baseline -0.002 -17"><span class='ocrx_word' id='word_1_855' title='bbox 2253 5515 2486 5568; x_wconf 81' lang='lat' dir='ltr'><strong>maxima</strong></span> <span class='ocrx_word' id='word_1_856' title='bbox 2529 5517 2764 5570; x_wconf 73' lang='lat' dir='ltr'><strong>niaximo</strong></span> <span class='ocrx_word' id='word_1_857' title='bbox 2791 5518 2997 5572; x_wconf 87' lang='lat' dir='ltr'><strong>doctori</strong></span> <span class='ocrx_word' id='word_1_858' title='bbox 3023 5556 3039 5582; x_wconf 93' lang='lat'><strong>,</strong></span> <span class='ocrx_word' id='word_1_859' title='bbox 3063 5518 3514 5585; x_wconf 83' lang='lat' dir='ltr'><strong>sanctissimeque</strong></span> <span class='ocrx_word' id='word_1_860' title='bbox 3537 5514 3652 5566; x_wconf 89' lang='lat' dir='ltr'><strong>viro</strong></span> <span class='ocrx_word' id='word_1_861' title='bbox 3681 5511 3824 5580; x_wconf 79' lang='lat' dir='ltr'><strong>inju-</strong></span> 
     </span>
    </p>
   </div>
   <div class='ocr_carea' id='block_1_115' title="bbox 2253 5605 3826 5666">
    <p class='ocr_par' dir='ltr' id='par_1_115' title="bbox 2253 5605 3826 5666">
     <span class='ocr_line' id='line_1_115' title="bbox 2253 5605 3826 5666; baseline -0.001 -7"><span class='ocrx_word' id='word_1_862' title='bbox 2253 5606 2330 5659; x_wconf 88' lang='lat' dir='ltr'><strong>ria</strong></span> <span class='ocrx_word' id='word_1_863' title='bbox 2388 5617 2589 5662; x_wconf 88' lang='lat' dir='ltr'><strong>temere</strong></span> <span class='ocrx_word' id='word_1_864' title='bbox 2637 5608 2927 5664; x_wconf 82' lang='lat' dir='ltr'><strong>inferatur:</strong></span> <span class='ocrx_word' id='word_1_865' title='bbox 2970 5612 3186 5666; x_wconf 89' lang='lat' dir='ltr'><strong>tertium</strong></span> <span class='ocrx_word' id='word_1_866' title='bbox 3249 5625 3377 5665; x_wconf 89' lang='lat' dir='ltr'><strong>vero</strong></span> <span class='ocrx_word' id='word_1_867' title='bbox 3417 5606 3557 5662; x_wconf 90' lang='lat' dir='ltr'><strong>nulla</strong></span> <span class='ocrx_word' id='word_1_868' title='bbox 3603 5605 3826 5659; x_wconf 88' lang='lat' dir='ltr'><strong>omnino</strong></span> 
     </span>
    </p>
   </div>
   <div class='ocr_carea' id='block_1_116' title="bbox 2254 5680 3830 5771">
    <p class='ocr_par' dir='ltr' id='par_1_116' title="bbox 2254 5680 3830 5771">
     <span class='ocr_line' id='line_1_116' title="bbox 2254 5680 3830 5771; baseline 0.002 -20"><span class='ocrx_word' id='word_1_869' title='bbox 2254 5699 2464 5752; x_wconf 85' lang='lat' dir='ltr'><strong>ratione</strong></span> <span class='ocrx_word' id='word_1_870' title='bbox 2493 5687 2813 5755; x_wconf 83' lang='lat' dir='ltr'><strong>ctmtlrmarc</strong></span> <span class='ocrx_word' id='word_1_871' title='bbox 2855 5701 2964 5769; x_wconf 74' lang='lat' dir='ltr'><strong>iam</strong></span> <span class='ocrx_word' id='word_1_872' title='bbox 3009 5703 3155 5770; x_wconf 89' lang='lat' dir='ltr'><strong>licet,</strong></span> <span class='ocrx_word' id='word_1_873' title='bbox 3189 5703 3329 5771; x_wconf 88' lang='lat' dir='ltr'><strong>quod</strong></span> <span class='ocrx_word' id='word_1_874' title='bbox 3360 5709 3413 5756; x_wconf 86' lang='lat' dir='ltr'><strong>et</strong></span> <span class='ocrx_word' id='word_1_875' title='bbox 3444 5680 3700 5769; x_wconf 84' lang='lat' dir='ltr'><strong>pleraque</strong></span> <span class='ocrx_word' id='word_1_876' title='bbox 3739 5697 3830 5752; x_wconf 83' lang='lat' dir='ltr'><strong>Ui-</strong></span> 
     </span>
    </p>
   </div>
  </div>
