4108 6424
242 441 319 498 197

1392 432 1963 494 COMMENTARIUS.
2000 469 2064 479 —-
2108 438 2236 493 LIB.
2281 440 2343 493 ll.

3377 441 3481 500 198

239 554 358 629 dyud
410 520 610 621 scripta
662 550 1009 616 interierint,
1054 560 1110 605 et
1151 520 1295 607 circa
1345 553 1548 621 quintae
1596 550 1786 623 synodi
1815 555 1863 614 Α
1891 551 2212 607 habitatores
2246 562 2401 609 terrae
2429 572 2445 608 :
2473 550 2744 624 rapientes
2781 553 2968 624 utique
3013 568 3074 610 ea
3109 560 3228 625 quae
3264 567 3479 614 terrena

242 658 473 713 tempora,
503 650 739 717 acpost\
754 656 872 694 eam
904 642 1169 711 synodum
1205 642 1588 711 quampluritni
1611 679 1626 706 ,
1668 642 1790 711 qui-

238 740 317 793 bus
348 736 577 787 fortasse
610 746 673 785 ea
713 733 891 801 legere
925 734 1107 787 datum
1156 744 1295 799 erat,
1327 735 1597 798 eamdem,
1630 748 1791 801 quam

238 828 594 894 Hieronymus,
642 823 870 893 Didyme
912 833 1094 877 notam
1139 822 1457 877 inusserint.
1490 822 1633 888 ’ρειαί
1667 834 1792 876 cum

235 919 292 972 ita
315 917 438 978 sint,
468 916 520 967 in
551 915 777 967 dubium
810 914 1050 967 revocari
1085 927 1190 966 non
1231 923 1428 981 potest,
1454 914 1582 982 quin
1613 912 1792 981 aliqua

235 1012 399 1065 saltem
428 1023 496 1062 ex
529 1007 739 1077 Didymi
768 1006 1023 1075 scriptis,
1058 1022 1179 1074 quae
1216 1006 1630 1071 interciderunt,
1673 1004 1795 1060 Ori-

233 1102 443 1173 geuiana
476 1101 595 1156 labe
626 1100 897 1169 inquinata
924 1100 1170 1154 fuerint:
1211 1114 1275 1154 ae
1300 1098 1429 1155 illud
1465 1110 1670 1153 tantum
1698 1112 1795 1152 no-

232 1194 299 1248 bis
333 1193 600 1261 integrum
647 1199 733 1245 est
775 1202 1054 1259 quaerere,
1102 1198 1282 1244 utrum
1329 1188 1637 1257 huiusmodi
1685 1187 1794 1244 sint

231 1287 368 1340 etiam
399 1300 525 1353 qua:
562 1292 870 1351 supersunt.

288 1378 486 1447 Itaque,
517 1387 577 1429 ut
608 1377 658 1429 iu
690 1374 1117 1445 praeexsislenlia
1158 1374 1463 1427 animarum
1508 1371 1792 1434 sistamus,

229 1469 409 1524 nullum
447 1467 564 1533 eius
600 1468 882 1536 vestigium
933 1480 1110 1535 neque
1156 1467 1206 1518 in
1248 1465 1385 1519 libro
1438 1466 1555 1518 adv.
1607 1461 1793 1516 Μαηῖο

228 1561 396 1623 clunes,
455 1573 631 1627 neque
680 1558 733 1612 in
774 1558 909 1612 libro
959 1556 1035 1612 De
1086 1557 1291 1624 Spiritu
1334 1566 1539 1620 saneto,
1591 1571 1688 1609 nec
1738 1555 1790 1608 in

231 1649 557 1717 fragmentis,
601 1662 720 1718 qua:
774 1648 1001 1717 Didyme
1059 1649 1111 1701 iu
1164 1646 1386 1703 Catenis
1457 1648 1790 1711 tribuuntur,

228 1742 500 1795 observare
540 1756 625 1794 me
678 1741 919 1794 memini.
959 1739 1016 1793 In
1069 1739 1220 1795 libris
1252 1750 1384 1796 vero
1426 1739 1501 1793 De
1536 1737 1793 1792 Trinitate

230 1832 481 1885 nonnulla!
508 1832 726 1901 quidem
755 1842 1049 1887 occurrunt
1077 1833 1392 1896 locutiones,
1419 1846 1538 1901 quae
1568 1831 1634 1884 ad
1675 1830 1795 1884 Ori-

1892 629 2041 708 sunt,
2085 650 2140 699 et
2177 647 2379 700 terreni
2443 647 2662 700 indutos
2721 646 2975 715 imagine.
3004 658 3023 697 ι
3084 645 3161 701 ita
3198 646 3476 719 Didymus.

1895 732 1994 800 Qui
2028 748 2159 787 vero
2191 742 2346 788 uetas
2387 736 2437 788 in
2474 736 2717 803 margine
2765 734 2961 803 adjecit
2997 758 3009 791 :
3045 735 3213 789 Caute
3238 737 3366 805 lege,
3395 740 3481 791 in—

1895 824 2030 892 quit,
2064 832 2186 878 nant
2211 824 2429 879 subdole
2447 826 2653 880 videtur
2680 826 2952 880 insinuare
2977 828 3212 881 Ita’resim
3238 826 3481 898 Origenis

1893 917 1959 969 de
2009 918 2434 985 prwexsis'tentia
2469 920 2768 971 animarum
2815 926 2938 971 ante
2965 928 3211 986 corpora,
3253 931 3300 973 et
3327 930 3483 973 inuno

1891 1009 2017 1062 dum
2044 1009 2315 1063 visibilem.

1964 1102 2072 1156 Sed
2126 1103 2398 1172 equidem,
2438 1111 2497 1156 ut
2528 1112 2715 1157 verum
2749 1099 2943 1169 fatear,
3006 1106 3104 1155 cur
3131 1106 3235 1154 nun
3274 1100 3484 1170 possint

1892 1193 2160 1248 catholico
2213 1193 2326 1248 haec
2358 1206 2519 1248 sensu
2547 1193 2744 1261 accipi,
2774 1206 2882 1247 non
2911 1193 3091 1246 video.
3143 1191 3297 1246 Nulla
3328 1194 3472 1246 enim

1892 1284 1980 1338 hic
2005 1286 2472 1354 prmexsistentize,
2506 1284 2652 1338 nulla
2678 1285 3096 1354 praecedentium
3134 1286 3480 1354 peccatorum

1894 1376 2112 1439 mentio,
2164 1377 2256 1427 sed
2311 1383 2669 1444 temporaneze
2722 1375 2982 1427 duntaxat
3061 1374 3366 1426 animarum
3422 1373 3472 1425 iit

1892 1466 2208 1536 Corporibus
2264 1465 2610 1519 habitationis
2652 1482 2666 1518 :
2701 1478 2802 1519 nec
2850 1465 2995 1519 aliud
3067 1476 3315 1533 spectare
3350 1458 3480 1520 milli

1891 1559 2103 1613 videtur
2142 1556 2422 1627 Didymus,
2487 1556 2587 1609 nisi
2649 1566 2701 1609 ut
2746 1564 2983 1620 moueat,
3033 1570 3138 1610 non
3196 1566 3315 1610 e5se
3362 1556 3481 1609 ani-

1894 1660 2009 1700 mas
2067 1660 2133 1700 ex
2191 1656 2402 1699 terréna
2451 1645 2793 1709 substantia;
2859 1646 3103 1714 alioquin
3159 1645 3479 1699 dicerentur

1895 1748 2000 1792 non
2051 1738 2285 1801 adveme,
2350 1737 2443 1791 sed
2476 1735 2814 1789 hobitatrices
2841 1745 3026 1800 terrm;
3065 1750 3160 1789 eas
3208 1748 3337 1789 vero
3364 1734 3484 1787 auia-

1898 1844 2034 1894 mas,
2061 1844 2181 1898 qua:
2219 1829 2406 1882 habent
2447 1829 2862 1894 compassionem
2908 1827 3105 1890 carnis,
3159 1826 3209 1879 id
3237 1832 3339 1887 est,
3363 1832 3484 1894 qua!

226 1925 498 1993 geniauum
543 1916 684 1978 hunc
716 1938 955 1978 errorem
996 1924 1185 1978 refcrri
1230 1930 1461 1993 queant,
1493 1921 1791 1989 cuiusmodi
1826 1896 1869 1953 Β
1905 1920 2143 1974 carnalia
2181 1919 2471 1981 desideria,
2518 1920 2907 1987 passionesque
2944 1928 3240 1981 sectantur,
3286 1920 3486 1988 indige-

227 2015 408 2068 catilla
438 2031 560 2084 qum
597 2031 719 2085 pag.
764 2015 872 2069 248
908 2015 1142 2083 legitur:
1178 2012 1285 2065 Pro
1323 2024 1463 2065 terra
1494 2028 1677 2065 rursus
1700 2011 1795 2063 do-

225 2117 300 2157 nat
327 2105 555 2171 caelum;
596 2105 689 2159 sed
729 2103 970 2173 singulas
1010 2101 1285 2155 catholico
1315 2114 1478 2154 sensu
1517 2100 1797 2153 commode

226 2198 378 2266 accipi
409 2213 571 2266 posse
621 2196 856 2257 ostendi,
899 2196 951 2248 ni
1001 2193 1177 2258 fallor,
1216 2193 1269 2245 iit
1321 2193 1483 2254 notis,
1529 2201 1587 2245 ut
1616 2192 1797 2245 videre

222 2283 329 2337 licet
363 2300 489 2353 pag.
532 2282 599 2335 87
623 2280 836 2343 eti”,
871 2276 1087 2350 [XLIX]
1145 2278 1248 2331 ’514
1298 2286 1351 2329 et
1396 2276 1522 2341 268,
1571 2276 1795 2345 aliisque

220 2373 332 2428 locis
372 2375 449 2428 ibi
489 2371 760 2425 indicatis.
810 2370 949 2435 Quin
1003 2370 1084 2421 vel
1132 2368 1247 2435 ipse
1288 2367 1616 2436 Augustinus
1675 2373 1794 2433 post

215 2467 526 2519 damnatum
583 2462 696 2531 iam
747 2463 814 2516 ab
875 2461 1108 2516 Ecclesia
1167 2459 1607 2527 Origenismum,
1670 2472 1791 2512 cum

214 2556 445 2623 quadarn
521 2568 584 2606 ex
631 2553 929 2619 ltnjusmoli
1010 2551 1367 2604 locationibus
1428 2562 1563 2603 usus
1605 2558 1790 2613 esset,

210 2658 321 2698 eam
365 2643 423 2696 in
470 2637 939 2695 Retractationibus
985 2640 1075 2693 lib.
1122 2656 1174 2704 r,
1232 2654 1353 2709 cap.
1402 2639 1469 2700 l,
1517 2638 1618 2693 sibi
1679 2640 1794 2708 qui-

213 2733 324 2787 dem
366 2748 476 2785 nou
523 2731 744 2785 onmino
789 2731 1029 2785 arridere
1078 2730 1314 2793 iudicat,
1362 2729 1453 2784 sed
1496 2739 1550 2783 ut
1600 2727 1794 2782 absuro

213 2825 324 2878 dam
370 2839 481 2877 non
516 2823 723 2890 respuit
764 2838 779 2874 :
814 2824 895 2876 sic
931 2822 1075 2875 enim
1127 2837 1244 2875 eam
1269 2828 1526 2874 retractat
1569 2836 1585 2873 :
1622 2837 1640 2870 ι
1673 2819 1794 2874 ΑΙἰο

216 2915 324 2972 loco
349 2933 476 2971 cum
499 2931 714 2986 agerem
740 2917 806 2969 de
830 2915 1038 2978 animo,
1066 2914 1175 2968 dixi
1210 2933 1222 2968 :
1251 2912 1505 2968 Securior
1526 2914 1793 2966 rediturus

215 3009 262 3061 in
286 3008 495 3063 caelum.
534 3007 719 3061 [turus
754 3019 955 3071 autem,
997 3022 1157 3075 quam
1205 3005 1507 3068 rediturus;
1530 3004 1793 3059 ditissem

214 3103 453 3155 securius
475 3139 492 3163 ,
527 3110 744 3169 propter
776 3113 870 3154 eos
912 3098 1003 3168 qui
1044 3106 1235 3166 putant
1271 3096 1484 3150 animos
1524 3098 1794 3151 humanos

214 3204 305 3260 pro
346 3192 561 3246 meritis
586 3199 927 3259 peccatorum
957 3202 1175 3243 suorum
1209 3189 1273 3242 de
1300 3188 1440 3242 coelo
1471 3189 1647 3257 lapsos
1677 3188 1793 3243 sive

218 3280 470 3350 deiectos,
516 3282 566 3334 in
608 3294 833 3347 corpora
867 3278 964 3332 ista
995 3278 1227 3332 detrudi.
1268 3279 1373 3332 Sed
1401 3292 1502 3348 ego
1536 3288 1789 3348 propter-

218 3386 272 3427 ea
322 3392 428 3427 non
473 3371 713 3426 dubitavi
762 3372 972 3435 dicere,
1002 3372 1126 3438 quia
1178 3371 1250 3426 ita
1287 3371 1438 3435 dixi,
1481 3372 1537 3424 in
1583 3371 1791 3437 caelum,

218 3472 468 3531 tanquam
513 3463 769 3528 dicerem,
793 3462 861 3513 ad
902 3460 1087 3515 Deum.
1119 3499 1135 3514 .
1162 3456 1186 3513 “.
1221 3502 1237 3517 .
1272 3501 1287 3516 .
1333 3461 1395 3517 Et
1427 3462 1478 3515 in
1524 3460 1659 3515 libro
1692 3462 1797 3516 Ec.

216 3553 481 3607 clesiasta:
504 3556 763 3623 scriptum
784 3563 870 3607 est
896 3569 910 3605 ι
937 3551 1169 3621 Spiritus
1196 3563 1491 3608 reuertatur
1512 3553 1581 3606 ad
1604 3552 1795 3619 Deum,

210 3644 301 3712 qui
327 3645 471 3695 dedit
497 3644 643 3698 illum
671 3644 739 3697 ".
780 3662 800 3695 ι

284 3731 576 3801 Reliquum
606 3744 688 3788 est
733 3749 865 3804 ergo
901 3742 959 3788 ut
1012 3736 1369 3803 quaestionem
1400 3737 1542 3790 hanc
1577 3749 1795 3790 omnem

214 3823 279 3876 ad
314 3821 702 3878 Enarrationes
755 3824 1143 3880 contrahamus
1190 3839 1205 3878 :
1259 3825 1311 3879 in
1363 3826 1447 3880 his
1476 3827 1619 3880 enim
1648 3840 1795 3891 eum,

217 3917 279 3972 de
303 3934 417 3985 quo
443 3916 733 3986 loquimur,
765 3935 1008 3974 errorem
1045 3917 1285 3972 nonnulli
1317 3932 1376 3973 se
1406 3919 1681 3974 detexisse
1707 3935 1801 3973 ara-

217 4010 397 4064 bitrati
441 4022 593 4065 sunt.
619 4010 796 4067 Locus
822 4022 1027 4077 autem,
1052 4028 1211 4081 quem
1246 4008 1666 4082 reprehendunt,
1698 4026 1801 4070 ex-

218 4112 317 4155 stat
352 4103 511 4157 initio
539 4103 912 4158 Enarrationis
945 4106 1001 4157 in
1035 4105 1265 4172 primam
1303 4105 1444 4159 Petri
1478 4103 1792 4173 Epistulam,

221 4194 300 4246 ubi
321 4197 610 4263 esplicatis
647 4195 955 4251 litteratiter
999 4197 1086 4251 bis
1111 4197 1317 4263 verbis,
1349 4199 1562 4251 advenis
1593 4199 1800 4266 disper-

220 4285 373 4339 siom's
404 4286 588 4353 Ponti,
618 4289 672 4342 in
707 4288 849 4341 hunc
894 4289 1109 4342 modum
1146 4289 1321 4358 pergit
1352 4305 1367 4341 :
1404 4306 1424 4340 ‹
1452 4289 1508 4342 Si
1544 4290 1670 4357 quid
1699 4303 1799 4343 au—

220 4386 316 4432 tem
350 4395 515 4449 supra
545 4390 752 4434 textum
789 4380 876 4434 hic
928 4389 1105 4450 potest
1165 4380 1411 4451 intelligi,
1454 4382 1799 4435 animtdver-

216 4473 425 4526 tendum
458 4485 551 4529 est
604 4475 707 4529 hoc
737 4474 804 4527 de
834 4474 1033 4527 anima:
1087 4474 1319 4539 ratione,
1350 4474 1503 4543 quasi
1536 4479 1792 4528 advenam

1897 2012 1978 2064 nis
2008 2011 2184 2079 putius
2208 2016 2366 2079 quain
2403 2012 2611 2065 advenis
2634 2010 2940 2065 assimilari.

1969 2100 2147 2168 Quid?
2174 2103 2314 2170 quod
2374 2103 2662 2155 absurdam
2718 2101 2970 2171 Origenis
3004 2104 3070 2157 de
3108 2104 3487 2172 praecisislen-

1901 2194 2313 2269 tia_opiuionem
2343 2203 2534 2264 aperte
2562 2192 2757 2248 ibidem
2798 2202 2918 2263 post
2945 2196 3270 2263 paucissima
3322 2197 3483 2250 verba

1898 2296 2333 2342 commemorans
2359 2287 2639 2356 Didymus,
2678 2287 2748 2339 ita
2779 2288 3097 2354 quibusdam
3121 2298 3239 2341 eam
3276 2288 3483 2352 tribuit,

1897 2386 1953 2430 ut
1985 2378 2228 2432 indicare
2253 2380 2497 2433 videatur
2546 2381 2648 2435 sibi
2711 2381 2855 2436 illam
2909 2397 3013 2435 non
3064 2380 3329 2446 arridere,
3389 2390 3483 2436 aut

1895 2467 1969 2522 ita
1992 2477 2162 2528 certe.
2233 2470 2293 2522 ut
2347 2468 2493 2523 illam
2541 2470 2615 2525 ibi
2672 2484 2781 2525 non
2811 2473 3186 2542 amplectatur.
3226 2466 3292 2527 Ut
3338 2473 3482 2525 enim

1896 2558 2055 2629 paulo
2082 2561 2335 2629 superius
2359 2562 2619 2629 diXimus,
2668 2562 2900 2618 adieretis
2941 2558 3087 2617 Pauii
3113 2565 3297 2629 verba,
3334 2562 3484 2618 Sicut

1895 2650 2045 2720 elegit
2067 2667 2160 2705 nos
2189 2653 2244 2705 in
2275 2653 2390 2721 ipso
2417 2666 2540 2707 ante
2569 2656 2819 2724 originem
2849 2652 3028 2708 nnmdi
3053 2668 3162 2709 esse
3186 2667 3394 2709 sanctas
3413 2652 3480 2719 ⁸⁸,

1895 2744 1973 2797 ait:
2006 2757 2067 2796 ea
2096 2745 2317 2811 exponit
2352 2761 2365 2798 :
2418 2744 2559 2799 Licet
2599 2748 2734 2799 enim
2760 2746 2971 2816 quidam
3013 2747 3212 2809 dicunt,
3236 2750 3484 2816 quoniam

1894 2837 2093 2901 ieritper
2111 2845 2158 2887 et
2188 2842 2308 2888 ante
2331 2836 2583 2890 mandunt
2614 2838 3009 2890 rationabiliunt
3062 2839 3353 2892 substantia
3381 2839 3485 2904 sit;

1897 2930 2249 2979 t'ei'utnlarnen
2273 2928 2560 2994 praevidens
2613 2927 2753 2982 Deus
2785 2928 2967 2997 fidem,
3026 2938 3073 2984 et
3133 2936 3281 2983 actus
3312 2932 3482 2984 Itami—

1896 3022 2019 3072 num
2130 3009 2465 3087 prmtéientei'
2496 3021 2647 3091 elegit
2695 3030 2780 3076 eos
2822 3024 2875 3075 in
2901 3021 2974 3076 δὴ
2987 3022 3111 3077 rislo
3157 3033 3277 3077 ante
3302 3023 3485 3077 mundi

1896 3110 2168 3180 originem.
2214 3152 2217 3155 η

1820 3230 1866 3290 c
1965 3201 2033 3254 At
2057 3200 2101 3255 si
2140 3200 2253 3256 hate
2290 3202 2360 3255 ita
2395 3215 2453 3256 se
2486 3196 2712 3271 habent,
2752 3204 2844 3273 qui
2881 3205 2937 3258 lit
2968 3218 3117 3275 ergo,
3159 3207 3398 3275 inquies,
3427 3212 3485 3259 ut

1900 3292 2257 3365 Hieronymus
2294 3293 2687 3363 Origenlauum
2722 3298 2788 3350 de
2843 3299 3272 3367 prmcxsi‘stentia
3330 3304 3484 3350 erro-

1901 3390 2010 3442 rem
2041 3386 2267 3458 Didyme
2295 3389 2535 3444 tribuat?
2565 3386 2770 3458 Nempe
2798 3387 3160 3461 Hieronymus
3182 3405 3242 3445 ea
3274 3389 3483 3460 Didymi

1897 3479 2096 3546 scripta
2135 3484 2356 3548 respicit
2410 3495 2530 3548 quae
2576 3481 2687 3551 iam
2744 3481 2887 3537 nulla
2929 3493 3087 3549 sum;
3124 3496 3221 3537 nos
3262 3492 3389 3537 Vero
3418 3496 3483 3536 ea

1898 3567 2164 3623 duntaxat
2187 3582 2308 3639 qua:
2336 3573 2513 3626 adhuc
2543 3578 2778 3628 exstant.

2188 3718 2319 3775 Car.
2354 3719 2444 3774 XI.
2488 3720 2566 3775 De
2591 3723 2765 3777 carnis
2796 3727 3190 3781 resurrectione.

1974 3833 2341 3892 Transeamus
2403 3838 2562 3892 modo
2610 3834 2676 3893 ad
2740 3842 2923 3896 carnis
2982 3844 3480 3911 resurrectionem;

1900 3943 2025 3985 nam
2057 3931 2123 3984 de
2156 3930 2256 3984 ista
2282 3944 2498 3998 quoque
2527 3940 2808 4001 perperam
2836 3938 3121 3989 senserunt
3145 3932 3482 4009 Origenistae.

1902 4020 1978 4077 De
2010 4020 2238 4093 Didyme
2271 4032 2448 4076 autem
2479 4023 2557 4077 sic
2595 4032 2776 4079 statuo
2825 4043 2840 4080 :
2878 4027 3085 4081 nullum
3115 4043 3356 4098 exstare,
3391 4045 3485 4089 aut

1902 4113 2105 4167 nullum
2144 4122 2293 4168 certe
2351 4116 2483 4172 mihi
2528 4124 2713 4172 notum
2772 4124 2892 4173 esse
2927 4119 3121 4185 locum,
3170 4122 3224 4174 in
3283 4139 3390 4191 quo
3416 4124 3483 4180 de

1903 4207 2305 4263 resurrectione
2327 4224 2390 4264 ea
2430 4211 2678 4265 docuerit
2718 4222 2838 4280 qua:
2875 4212 3125 4268 docuisse
3153 4212 3350 4268 dicitur
3375 4215 3486 4271 Ori-

1909 4310 2099 4368 genes.
2134 4296 2270 4353 Cum
2306 4300 2449 4354 enim
2503 4317 2555 4356 tn
2585 4304 2903 4367 canonibus,
2955 4305 3070 4359 sive
3131 4306 3479 4361 anathemati-

1902 4391 2033 4445 smis
2062 4399 2243 4444 contra
2288 4390 2559 4461 Origenem
2595 4393 2790 4448 saeculo
2826 4402 2984 4450 sexto
3015 4397 3245 4452 conditis
3276 4412 3486 4453 accuse-

1905 4491 1993 4537 tur
2016 4483 2131 4551 ipse
2162 4481 2451 4554 Origenes,
2485 4486 2796 4539 aut‘Saltem
2820 4487 3154 4557 Origeuiani,
3185 4491 3326 4559 quod
3367 4506 3488 4544 ror-

215 4577 325 4618 eam
346 4567 477 4620 velit
511 4566 766 4635 agnosci.
796 4564 948 4621 Unde
992 4565 1156 4619 etiam
1186 4565 1388 4619 dictum
1418 4566 1667 4620 videtur:
1700 4564 1800 4620 Pe—
1828 4582 1877 4641 ι)
1908 4588 2008 4644 pus
2033 4564 2244 4628 Domini
2270 4570 2881 4643 post'resurrectimtem
2912 4578 3204 4634 :ethereum
3242 4592 3294 4635 et
3321 4582 3488 4650 sphra-

215 4660 441 4725 regrinus
480 4677 619 4730 ergo
661 4658 993 4730 [legenduim
1037 4656 1153 4729 ego]
1187 4660 1240 4710 in
1279 4668 1442 4723 terra,
1473 4667 1524 4712 et
1580 4662 1800 4724 advena,

213 4741 334 4796 sicut
366 4762 549 4800 omnes
618 4756 795 4812 patres
849 4746 957 4799 mei
986 4745 1052 4799 ".
1115 4745 1180 4799 Et
1228 4744 1423 4799 iterum
1466 4764 1481 4800 :
1520 4745 1638 4801 Heu
1688 4748 1805 4801 me!

211 4839 452 4899 quoniam
486 4836 759 4891 incolatus
789 4852 935 4890 meus
978 4836 1321 4906 prolongatus
1346 4847 1422 4892 est
1452 4837 1518 4890 “.
1565 4840 1802 4894 Advenae

213 4921 469 4992 siquidem
517 4926 663 4980 ﬁunt
715 4925 991 4980 hominum
1046 4927 1242 4978 animus
1286 4912 1605 4994 corporibus
1636 4940 1805 4995 copu-

214 5014 345 5082 latae,
379 5021 508 5073 dum
573 5020 628 5073 in
687 5019 768 5071 eis
797 5017 1167 5086 temporaliter
1199 5031 1322 5073 esse
1368 5018 1799 5073 constituuntur.

213 5105 332 5162 Nam
366 5112 413 5166 si
446 5118 644 5167 essent
693 5124 760 5165 ex
793 5125 857 5164 ea
904 5109 1228 5175 substantia,
1270 5124 1398 5165 vera
1441 5125 1668 5180 corpora
1708 5122 1801 5166 es-

214 5204 719 5259 srnlltabitatrices
773 5212 949 5258 terrm.
1004 5203 1244 5273 Denique
1289 5205 1486 5260 animus
1537 5204 1800 5259 habentes

214 5298 647 5364 rompassiouem
705 5299 911 5362 carnis,
961 5311 1083 5352 esse
1124 5297 1176 5350 in
1242 5296 1574 5351 habitatione
1598 5306 1798 5351 carnea

215 5394 617 5454 nuncupantur,
664 5395 719 5438 et
754 5385 1043 5451 velatione,
1076 5402 1386 5457 quanquam
1421 5388 1643 5442 advenat
1671 5397 1800 5441 sunt

215 5468 261 5525 in
291 5485 488 5531 terram
527 5476 703 5549 “ego,
764 5477 1032 5550 interra],
1089 5480 1182 5533 sed
1215 5480 1388 5549 magis
1425 5479 1801 5533 assimilautur

216 5562 493 5637 indigenis.
523 5569 692 5626 Unde
718 5580 773 5624 et
807 5581 1046 5626 terrores
1094 5571 1404 5625 inferuntur
1430 5570 1668 5643 [respicit
1694 5571 1796 5627 Di-

216 5656 386 5727 dymus
406 5663 734 5718 versiculum
767 5664 831 5718 i5
873 5664 1058 5732 capitis
1096 5680 1192 5719 vnn
1241 5664 1603 5737 Apocalypsis]
1637 5678 1815 5743 super

278 5862 320 5897 ⁶²
353 5863 538 5920 Eccie.
569 5881 675 5930 xu,
706 5864 756 5916 7.
837 5864 882 5895 ³³
906 5863 1042 5918 Ρςειι.
1079 5879 1304 5928 xxxvnt,
1342 5865 1425 5918 l5.

1903 4665 2075 4719 ricam
2102 4667 2342 4722 evasisse
2389 4667 2679 4732 voluerint,
2731 4682 2794 4722 ac
2856 4679 3040 4724 nostra
3084 4669 3209 4724 item
3257 4686 3485 4740 corpora

1902 4760 2026 4824 post
2059 4755 2516 4810 resurrectionem
2541 4758 2773 4811 tetltere'a
2814 4757 2947 4824 fore,
2983 4767 3034 4811 et
3072 4757 3167 4830 [L]
3200 4760 3485 4828 spluerica,

1908 4846 2018 4899 imo
2041 4846 2252 4900 tandem
2284 4847 2641 4901 substantiam
2693 4857 2977 4918 cor-perum
3036 4849 3089 4902 in
3130 4844 3354 4906 nihilum
3386 4854 3484 4909 ab-

1909 4935 2105 4990 ituram
2152 4938 2495 5003 censuc‘rint;
2554 4938 2686 4993 nihil
2724 4939 2829 4993 tale
2892 4950 3129 5009 unquam
3164 4941 3347 4997 inullo
3394 4940 3486 4998 Di-

1908 5028 2055 5100 dymi
2080 5034 2247 5098 opere
2268 5031 2516 5086 invenire
2537 5033 2685 5102 petui
2714 5050 2727 5088 :
2759 5032 2888 5103 quin
2916 5047 2946 5088 e
2971 5037 3321 5102 contrarioju
3357 5036 3486 5090 mul-

1909 5128 1960 5174 ta
1996 5120 2161 5198 incidi
2200 5122 2338 5189 loca,
2372 5124 2574 5192 quibus
2611 5122 2744 5180 satis
2779 5132 2964 5195 ap’erte
2990 5141 3049 5181 se
3072 5126 3353 5181 catholicae
3384 5126 3486 5201 Ec-

1906 5211 2087 5266 clesiae
2146 5211 2452 5268 doctrinam
2501 5217 2652 5284 sequi
2710 5216 2967 5272 indicat."
3016 5215 3193 5272 Unum
3251 5219 3481 5288 exempli

1905 5318 2064 5357 causa
2096 5303 2316 5373 profero
2371 5320 2438 5361 ex
2485 5306 2820 5362 Corderiana
2852 5319 3046 5364 catena
3095 5310 3151 5362 in
3202 5306 3486 5362 Joannem.

1899 5394 2089 5450 Exstat
2119 5411 2248 5450 vero
2279 5408 2402 5467 pag.
2433 5396 2553 5462 159,
2607 5400 2697 5454 ubi
2740 5394 3030 5470 exponimr
3091 5400 3389 5455 versiculus
3417 5399 3488 5455 29

1899 5488 2076 5559 quinti
2107 5488 2323 5557 capitis,
2341 5490 2430 5559 qui
2465 5499 2547 5545 est
2581 5490 2927 5559 huiusmodi:
2962 5484 3154 5547 Omn'es'
3174 5493 3337 5558 quiin
3374 5509 3488 5547 mo-

1900 5581 2155 5633 numentis
2183 5592 2324 5641 sunt,
2354 5581 2569 5635 audient
2623 5586 2794 5636 vocem
2826 5581 2961 5664 itii
2994 5583 3108 5639 Dei.
3151 5586 3361 5658 Didymi
3383 5603 3484 5640 au-

1902 5675 2012 5724 tem
2036 5671 2197 5724 verba
2232 5670 2422 5727 Latine
2447 5686 2475 5725 a
2514 5670 2774 5728 Corderio
2807 5673 2885 5730 sic
2909 5682 3068 5732 versa
3104 5682 3231 5734 sunt
3259 5699 3270 5735 :
3313 5676 3481 5746 ηιιιιι,

1505 5864 1547 5896 ⁵⁸
1580 5864 1719 5920 Psal.
1743 5880 1889 5933 ειη,
2009 5867 2052 5897 ⁵⁵
2085 5867 2280 5937 Ephes.
2318 5884 2352 5932 t,
2390 5869 2445 5938 4,
2477 5869 2528 5924 5.
