4108 6460
514 445 616 506 ς99
662 412 673 419 “

1966 438 2054 495 DE
2090 436 2350 494 DlDYMO

3695 426 3814 485 200

516 583 536 619 ‹
573 565 765 619 Omnes
802 565 893 634 qui
947 565 1004 617 in
1045 562 1392 617 monumentis
1428 570 1572 626 sunt,
1599 579 1617 612 ι
1655 560 1791 613 idem
1844 566 1921 611 est
1961 573 2025 610 ac
2064 555 2108 611 si
2139 566 2188 624 Α
2216 558 2372 610 modo
2395 555 2663 624 deposua,
2711 569 2775 607 ac
2809 554 3024 607 demum
3075 552 3272 607 iterum
3315 556 3600 619 assumpta
3629 546 3682 601 in
3711 564 3801 603 re-

517 658 695 709 dicat:
730 653 925 709 Omnes
949 657 1161 708 mortui.
1184 653 1433 721 Alioquin
1462 654 1598 705 enim
1643 666 1823 705 eorum
1851 650 1993 718 quia
2028 649 2110 718 fe-

519 748 587 799 ris
609 749 781 816 igneae
803 745 1096 813 consumpti
1136 756 1282 809 sunt,
1332 760 1552 812 corpora
1603 759 1705 796 non
1764 749 2109 810 resurgerem.

534 833 720 889 Verum
747 835 1168 904 quandoquidem
1205 833 1440 886 omnium
1482 832 1785 884 mortalium
1821 829 2002 898 futura
2045 830 2113 882 sit

523 927 854 991 resurrectio,
902 925 981 979 illi
1032 927 1190 977 etiam
1238 939 1444 987 eorum,
1478 923 1568 992 qui
1632 920 1687 974 in
1747 920 2115 974 monumentis

524 1029 668 1083 sunt,
697 1034 912 1079 numero
951 1017 1214 1070 censendi.
1253 1015 1405 1081 Quod
1430 1016 1474 1067 si
1503 1013 1879 1067 contentiosius
1906 1023 2117 1066 contra-

525 1106 725 1169 dicant,
757 1105 1023 1158 sciendum
1051 1106 1138 1170 iis,
1178 1106 1314 1157 sicut
1360 1104 1447 1174 qui
1494 1103 1628 1156 bona
1663 1101 1906 1172 malaque
1928 1117 2115 1168 perpe-

530 1208 759 1263 trarunt,
790 1213 894 1251 non
919 1208 1036 1251 sunt
1065 1213 1310 1262 corpora,
1334 1212 1451 1265 qua:
1481 1197 1532 1247 in
1565 1195 1912 1247 monumentis
1934 1209 2117 1247 recon-

529 1291 641 1343 dita
668 1298 811 1354 sunt,
843 1290 915 1342 sic
944 1304 1107 1359 neque
1144 1286 1363 1342 Verbum
1400 1287 1783 1357 prohibiturum
1812 1287 1950 1354 ipsos
1990 1303 2122 1357 quo-

533 1381 705 1433 minus
737 1396 954 1445 corpora
998 1398 1093 1433 sua
1125 1381 1231 1450 igni
1282 1380 1449 1432 aliave
1496 1379 1696 1432 ratione
1741 1379 2014 1445 absumpta
2042 1393 2122 1430 re-

539 1482 770 1525 sumant.
797 1472 934 1537 Quid
966 1471 1208 1526 clarius?
1255 1470 1370 1525 Non
1403 1470 1656 1533 aitherea,
1700 1484 1806 1523 non
1855 1470 2120 1537 sphaerion

533 1573 909 1631 assutnpturos
939 1578 1039 1616 nos
1072 1577 1198 1616 esse
1223 1562 1352 1615 dicit
1384 1577 1631 1630 corpora,
1689 1561 1784 1615 scd
1825 1560 1895 1613 τὰ
1923 1560 2055 1630 πυρὶ
2085 1558 2119 1630 ἢ

534 1652 710 1717 ἄλλως
738 1652 1108 1720 ἀναλωθέντα,
1157 1654 1207 1707 id
1233 1663 1320 1707 est
1353 1668 1415 1706 ea
1448 1654 1562 1722 ipsa
1603 1668 1724 1722 qua:
1767 1662 1897 1707 ante
1919 1654 2123 1706 obitum

537 1747 895 1810 habebamus,
923 1747 1024 1799 etsi
1064 1747 1200 1799 forte
1238 1745 1307 1799 ab
1342 1745 1488 1815 igne,
1526 1754 1622 1798 aut
1652 1743 1758 1798 alia
1804 1756 2125 1799 euacnneue

539 1839 753 1893 ratione
773 1839 1062 1905 absumpta
1098 1836 1324 1891 fuerint.

2216 647 2576 702 surrectione.

2286 735 2389 790 Sed
2419 737 2591 806 pergit
2613 734 2755 805 loqui
2781 734 3043 806 Didymus
3069 736 3122 788 in
3151 738 3296 788 hunc
3318 735 3535 787 modum
3562 750 3576 787 :
3602 731 3661 787 Si
3688 735 3819 801 quis

2213 845 2333 882 vero
2360 830 2469 882 Itazc
2496 844 2561 881 ex
2606 843 2829 896 persona
2859 825 3080 881 Daoidis
3119 826 3224 917 αἰξί
3285 826 3557 893 opinatur,
3599 825 3816 878 desinat
3882 874 3893 878 -

2214 936 2324 975 sese
2352 919 2730 986 simpliciornm
2751 917 3020 970 sententia:
3042 918 3105 970 de
3131 916 3507 970 resurrectione
3530 931 3817 983 opponere.

2219 1011 2469 1078 Quamvis
2490 1012 2624 1065 enim
2652 1009 2707 1063 Iri
2745 1011 3102 1062 demonstrare
3132 1012 3200 1061 ad
3244 1007 3454 1061 oculum
3486 1023 3588 1061 non
3612 1009 3819 1074 possint

2217 1102 2358 1172 quod
2385 1102 2643 1163 credunt;
2699 1099 2783 1165 pie
2825 1106 3000 1151 tamen
3046 1114 3101 1151 se
3127 1106 3337 1166 gerunt,
3366 1114 3484 1150 cum
3513 1099 3662 1151 aiunt
3686 1115 3821 1152 car—

2220 1209 2334 1247 nem
2383 1207 2673 1261 resurgere,
2714 1201 2765 1244 ut
2801 1188 3037 1260 spiritale
3088 1198 3138 1243 et
3173 1190 3569 1259 incorruptibile
3623 1207 3817 1260 corpus

2220 1284 2283 1336 sit
2302 1297 2323 1338 .'
2347 1284 2481 1337 sicut
2514 1282 2649 1336 enint
2673 1291 2911 1334 mortuus
2941 1283 3030 1351 qui
3055 1282 3302 1350 resurgit,
3321 1293 3435 1350 post
3472 1285 3819 1337 resurrectio-

2225 1391 2340 1428 nem
2364 1375 2507 1428 vivus
2536 1381 2632 1438 est,
2658 1389 2760 1427 non
2788 1390 2904 1426 vero
2929 1382 3205 1438 mortuus;
3233 1374 3305 1426 ita
3326 1390 3451 1428 caro
3502 1376 3818 1429 resuscitata

2222 1475 2337 1535 post
2369 1464 2803 1519 resurrectionem
2833 1463 3075 1531 spiritale
3122 1475 3168 1517 et
3202 1464 3600 1534 incorruptibile
3622 1481 3818 1535 corpus

2225 1562 2329 1609 est.
2362 1553 2498 1607 lluic
2533 1564 2713 1607 autem
2742 1554 2862 1606 loco
2885 1568 2991 1606 non
3017 1553 3293 1608 dissimilis
3324 1564 3408 1608 est
3444 1554 3601 1620 alter,
3637 1556 3726 1624 qui
3762 1558 3817 1610 in

2225 1646 2487 1699 extremis
2520 1645 2962 1700 enarrationibus
3007 1643 3223 1712 legitur,
3276 1656 3329 1700 et
3360 1656 3446 1700 est
3478 1647 3816 1714 lmjusmodi.

2232 1758 2251 1787 ι
2275 1738 2548 1806 Scriptum
2571 1752 2802 1808 namque
2815 1739 2880 1794 de
2906 1738 3209 1807 hujusmodi
3235 1739 3396 1807 justis
3416 1749 3496 1793 est
3519 1740 3677 1807 (Dan.
3694 1754 3819 1806 xm,

2227 1827 2322 1895 5):
2362 1825 2658 1898 Fulgebunt
2710 1828 2845 1881 sicut
2876 1831 3090 1881 claritas
3142 1829 3482 1897 ﬁrmamenti,
3523 1838 3572 1882 et
3624 1828 3825 1883 intelli-i

618 1927 870 1998 Superest
905 1929 1087 1997 itaque
1112 1937 1346 1991 tantum,
1383 1935 1440 1979 ut
1465 1925 1670 1994 potiora
1699 1926 1944 1994 quaedam
1972 1926 2136 1995 Didy-
2170 1926 2210 1982 B
2239 1931 2413 1990 gentes
2460 1932 2610 1973 erunt
2643 1924 2775 1975 sicut
2803 1932 2969 1975 astra.
3026 1921 3316 1990 Propterea
3357 1937 3589 1991 namque
3641 1922 3819 1977 sancti

542 2020 613 2074 ιιιί
644 2020 759 2074 loca
814 2021 1001 2074 lectori
1034 2019 1353 2083 exhibeam,
1384 2026 1440 2070 ut
1467 2016 1713 2086 judicare
1742 2026 1925 2086 queat,
1957 2028 2135 2072 utrum

541 2112 840 2167 orthodoxa
874 2112 1002 2175 sint,
1036 2125 1227 2165 necne.

611 2203 852 2257 Primum
889 2204 1114 2257 desumo
1140 2215 1204 2256 ex
1238 2200 1441 2254 Niceta:
1466 2210 1656 2254 catena
1682 2201 1737 2251 in
1762 2196 1981 2265 Jobum,
2010 2214 2133 2270 pag.

546 2294 668 2358 l87,
705 2293 895 2347 Gra'ca
954 2304 1135 2346 tamen
1168 2291 1333 2345 verba
1395 2291 1654 2345 omittens
1681 2290 1966 2344 brevitatis
1982 2305 2121 2360 ergo

546 2400 611 2439 ac
640 2399 703 2437 ea
734 2383 926 2438 Latine
961 2391 1197 2448 tantum,
1242 2384 1335 2436 sed
1383 2381 1634 2446 ﬁdeliter,
1686 2391 1739 2434 et
1766 2382 1833 2436 ad
1863 2381 2081 2435 verbum
2108 2396 2137 2434 a

549 2491 634 2530 me
657 2489 914 2531 conversa
947 2474 1203 2528 all‘erens.
1252 2472 1502 2542 Explicat
1548 2472 1618 2526 ibi
1652 2473 1907 2545 Didymus
1935 2488 2136 2527 nouum

551 2571 928 2638 decimamque
964 2568 1293 2623 versiculum
1329 2567 1544 2636 septimi
1593 2568 1808 2634 capitis,
1839 2567 1927 2620 ubi
1952 2565 2137 2621 Graeca

552 2662 832 2716 translatio
880 2663 992 2716 lucc
1029 2661 1190 2714 habet
1243 2678 1257 2713 :
1302 2658 1364 2714 Si
1385 2660 1523 2713 enim
1548 2660 1700 2712 homo
1736 2659 2056 2713 descenderit
2082 2660 2136 2712 in

550 2751 835 2821 infernum,
876 2767 978 2804 non
1011 2750 1234 2819 amplius
1258 2748 1520 2813 ascendet,
1570 2764 1733 2819 neque
1778 2759 2060 2803 revertetur
2080 2749 2138 2801 in

550 2842 816 2910 propriam
854 2842 1091 2906 domum,
1140 2855 1301 2910 neque
1326 2847 1568 2907 agnoscet
1595 2854 1711 2890 eum
1748 2838 1972 2905 amplius
1991 2836 2136 2892 locus

552 2934 687 3005 ejus.
726 2933 857 3001 Quae
886 2934 1013 2987 dum
1052 2934 1295 3001 exponit,
1331 2933 1410 2986 sic
1452 2929 1689 3012 loquitur
1723 2945 1737 2982 :
1767 2930 1875 2983 Alii
1914 2947 2033 2985 vero
2061 2931 2139 2985 di-

553 3036 672 3080 cunt
703 3039 722 3077 :
755 3023 879 3078 Non
902 3034 957 3077 ut
1000 3034 1143 3093 neget
1173 3025 1602 3078 resurrectionem
1657 3019 1890 3093 (Johns),
1920 3022 2031 3076 lucc
2057 3023 2139 3075 di-

557 3122 623 3171 cit
653 3133 671 3171 :
702 3117 791 3171 sed
823 3119 897 3169 ita
935 3117 1172 3184 loquitur
1202 3117 1428 3185 primum
1460 3116 1666 3186 quidem
1711 3124 1766 3166 ut
1792 3113 2025 3167 homines
2050 3130 2140 3166 ca-

557 3212 718 3264 ducas
753 3224 864 3263 esse
886 3223 946 3260 ac
968 3208 1161 3259 debiles
1189 3211 1426 3260 ostendat
1459 3221 1477 3259 :
1510 3205 1696 3258 deinde
1717 3204 1842 3273 quia
1868 3205 1955 3274 qui
1981 3203 2138 3257 semel

2241 2023 2589 2082 resurgentes
2628 2029 2658 2067 a
2708 2015 2935 2069 mortuis
2997 2029 3118 2068 cum
3157 2014 3554 2082 iucorrnptibili
3594 2024 3647 2068 et
3701 2014 3822 2084 spi-

2241 2104 2419 2158 rituali
2466 2120 2715 2173 corpore,
2764 2104 2894 2159 solis
2945 2115 2998 2159 et
3047 2106 3203 2172 lunai,
3241 2117 3293 2159 et
3348 2106 3584 2160 siderum
3636 2105 3823 2176 gloria!

2241 2207 2646 2265 comparantur.
2673 2215 2692 2248 ι
2755 2196 2917 2252 llisce
2967 2210 3148 2252 autem
3183 2199 3236 2252 itt
3283 2199 3415 2253 locis
3439 2197 3551 2270 [LI]
3582 2202 3707 2254 dum
3735 2215 3823 2255 τεο

2242 2290 2577 2359 surgentium
2645 2304 2873 2359 corpora
2960 2292 3221 2360 spiritalia
3288 2302 3334 2345 et
3394 2291 3822 2358 incorruptibilia

2250 2393 2431 2447 vocat,
2458 2383 2678 2451 respicit
2709 2387 2825 2439 sine
2871 2384 3035 2438 dubio
3080 2382 3231 2438 Pauli
3264 2384 3422 2439 verba
3465 2402 3478 2437 :
3517 2383 3823 2438 Sentinatur

2243 2491 2432 2542 corpus
2468 2474 2717 2539 animale,
2765 2484 2997 2545 resurget
3022 2492 3210 2544 corpus
3235 2474 3467 2544 spiritale
3482 2476 3551 2533 ".
3578 2476 3821 2547 Itemque

2242 2563 2335 2618 illa
2371 2581 2384 2616 :
2422 2564 2487 2617 Et
2516 2567 2708 2619 mortui
2743 2574 3012 2636 resurgent
3037 2566 3328 2635 incorrupti
3358 2568 3426 2622 ⁵⁷.

2313 2654 2687 2727 Suspicionem
2738 2670 2916 2713 tamen
2965 2659 3149 2724 alieni,
3183 2674 3248 2714 ne
3291 2661 3419 2728 quid
3460 2660 3818 2729 dissimulem,

2243 2762 2462 2802 movere
2498 2758 2674 2818 potest
2699 2751 2839 2818 quod
2874 2766 3085 2803 carnem
3110 2765 3138 2802 a
3172 2765 3389 2819 corpore
3424 2751 3587 2805 veluti
3624 2752 3820 2806 distin-

2243 2853 2406 2910 guere
2430 2842 2671 2895 videatur
2702 2841 2978 2913 Didymus,
3011 2844 3134 2897 dum
3167 2845 3262 2911 ait,
3295 2860 3504 2898 carnem
3530 2861 3816 2916 resurgere,

2242 2943 2299 2987 ut
2348 2931 2584 2998 spiritale
2634 2942 2685 2986 et
2739 2934 3135 3004 incorruptibile
3182 2952 3370 3004 corpus
3427 2938 3516 2991 sit.
3557 2935 3821 2993 Joannem

2241 3030 2387 3081 enim
2416 3025 2931 3097 Jerosolymitanum
2964 3028 3243 3097 redarguit
3285 3028 3662 3099 Hieronymus,
3681 3027 3822 3099 quod

2243 3117 2308 3172 de
2345 3126 2680 3171 mortuorum
2718 3120 3116 3174 resurrectione
3168 3122 3411 3190 loquens,
3441 3122 3693 3190 corporis,
3717 3137 3820 3176 non

2243 3209 2413 3261 carnis
2442 3208 2704 3263 vocabulo
2735 3226 2867 3264 usus
2900 3222 3048 3265 esset
3076 3230 3089 3265 :
3125 3227 3189 3266 ex
3231 3228 3342 3282 quo
3376 3213 3559 3277 infert,
3591 3230 3712 3267 eum
3753 3215 3821 3269 de

559 3312 792 3353 mortuus
818 3310 912 3364 est,
939 3300 993 3352 in
1022 3298 1156 3352 hanc
1188 3297 1577 3368 corruptibtlem
1603 3298 1765 3350 vitam
1789 3312 1891 3349 non
1918 3306 2138 3350 reverte-
2163 3292 2206 3349 C
2240 3300 2638 3354 resurrectione
2698 3301 2836 3355 idem
2887 3319 3009 3357 cum
3069 3303 3298 3375 Origene
3368 3308 3629 3360 sensisse.
3679 3308 3822 3372 Alia,

560 3405 665 3457 tur,
701 3408 860 3463 neque
884 3392 1162 3460 quisquam
1193 3391 1362 3458 ipsum
1412 3391 1602 3444 uidebit
1642 3406 1701 3443 ea
1729 3388 2005 3457 facientem
2024 3403 2141 3458 qua:

561 3487 732 3552 facere
757 3492 1116 3538 consueverat.
1144 3482 1333 3553 Itaque
1354 3483 1517 3538 verbis
1547 3483 1675 3545 illis,
1722 3500 1740 3532 ι
1767 3480 1889 3534 Non
1917 3482 2141 3550 amplius

560 3579 799 3630 ascendet
825 3592 888 3629 ex
920 3574 1146 3641 inferno,
1172 3593 1192 3626 ι
1250 3573 1615 3643 conjungenda
1659 3582 1777 3626 sunt
1827 3574 1977 3626 verba
2006 3572 2139 3638 lucc,

566 3693 584 3720 ς
615 3669 678 3722 1η
708 3669 973 3735 prOpriam
1037 3668 1248 3719 domum
1294 3683 1396 3719 non
1448 3676 1747 3719 revertetur.
1776 3684 1794 3716 ι
1849 3662 1917 3717 Ut
1960 3682 2141 3718 sensus

559 3764 623 3816 sit
649 3778 666 3815 :
691 3759 935 3829 Resurget
960 3759 1189 3829 quidem,
1247 3775 1349 3812 non
1381 3767 1660 3811 revertetur
1698 3767 1869 3810 tamen
1912 3757 1967 3809 in
1993 3771 2143 3809 suam

560 3850 790 3902 domum.
822 3846 923 3901 Sed
964 3847 1246 3916 probabilis
1268 3847 1474 3917 quidem
1513 3861 1584 3900 est
1609 3846 1720 3898 Ita'c
1748 3846 2140 3912 interpretatio;

562 3940 728 3993 uerior
771 3950 945 3991 autem
1003 3950 1077 3991 est
1128 3941 1273 4008 prior
1316 3938 1432 4002 illa,
1480 3938 1620 4007 quod
1652 3952 1831 4001 nempe
1872 3936 2141 4004 ignorabat

559 4030 735 4098 justus
761 4029 969 4100 (Jobus)
1017 4046 1132 4102 qua:
1159 4031 1413 4098 pertinent
1462 4030 1529 4082 ad
1584 4028 2035 4080 resurrectionem.
2066 4025 2144 4082 Ita

565 4121 843 4192 Didymus,
877 4121 1029 4186 nihil,
1060 4131 1116 4174 ut
1150 4121 1364 4188 opinor,
1405 4118 1681 4173 alIirtnans
1726 4119 1866 4187 quod
1889 4117 2145 4174 Ecclesiae

565 4214 825 4267 doctrina:
873 4214 937 4265 de
984 4227 1275 4279 corporum
1332 4209 1730 4265 resurrecﬁone
1778 4213 2140 4265 adversetur:

563 4305 664 4358 etsi
692 4319 754 4358 ex
785 4304 1015 4366 duabus,
1045 4318 1179 4369 quas
1207 4301 1429 4365 indicat,
1458 4301 1993 4369 interpretationibus
2023 4316 2143 4356 eam

569 4395 826 4464 amplecti
863 4394 1133 4459 videatur,
1158 4408 1277 4460 qua:
1311 4392 1490 4445 minus
1522 4394 1817 4461 probabilis
1839 4403 1942 4449 est.

636 4488 788 4541 Alter
838 4486 994 4539 locus
1043 4484 1238 4553 legitur
1269 4493 1399 4538 tom.
1425 4482 1488 4537 IV
1521 4484 1906 4539 Anecdotorum
1937 4484 2139 4541 Wollii.

565 4578 735 4635 AlTert
788 4578 858 4632 ἰῙή
911 4577 1170 4646 Didymus
1216 4592 1280 4631 ex
1342 4593 1484 4633 vers.
1533 4576 1604 4630 26
1652 4579 1845 4646 capitis
1891 4595 1930 4634 ll
1980 4580 2146 4632 Acto-

568 4687 685 4725 rum
745 4668 905 4722 verba
962 4667 1154 4722 Psaltis
1198 4690 1208 4725 :
1262 4668 1485 4734 Insuper
1519 4679 1567 4723 et
1615 4686 1737 4723 caro
1786 4687 1897 4724 mea
1948 4672 2148 4741 requie-

568 4772 671 4813 sret
698 4760 830 4829 (sive
857 4757 1135 4826 habitabit)
1165 4759 1217 4813 in
1255 4774 1343 4824 spe
1367 4774 1385 4811 :
1417 4771 1526 4811 tum
1563 4759 1675 4812 lucc
1698 4760 1991 4828 subjungit,
2028 4776 2146 4829 quin

572 4849 751 4905 Wolﬁi
786 4850 1192 4904 translationem
1218 4866 1246 4903 a
1283 4865 1368 4903 me
1397 4851 1594 4905 alicubi
1634 4851 1861 4905 ﬁdeliter
1889 4854 2147 4907 emenda-

570 4953 678 4996 tam
715 4957 949 5013 sequeus
1000 4942 1189 4998 aﬂ‘ero.
1252 4942 1515 5008 Quoniam
1568 4940 1744 5008 Jesus,
1789 4945 1845 4998 in
1892 4955 2145 5013 quantum

568 5047 788 5090 mortem
818 5038 997 5101 subiit,
1052 5052 1284 5100 carnem,
1334 5053 1491 5102 quam
1545 5037 1731 5091 salutis
1760 5046 1954 5092 nostra
1984 5054 2147 5091 causa

568 5136 943 5195 «sumpserat,
968 5127 1229 5195 deposuit,
1262 5137 1314 5178 ut
1345 5142 1457 5178 eam
1485 5127 1637 5179 tertia
1670 5127 1751 5178 die
1779 5142 1843 5178 ca:
1873 5137 2036 5179 morte
2060 5142 2143 5179 re-

570 5221 881 5284 suscitaret;
931 5220 1114 5273 merito
1144 5222 1278 5273 lianc
1298 5219 1379 5272 sui
1414 5220 1576 5285 ipsius
1617 5235 1821 5273 carnem
1852 5218 1904 5271 in
1939 5234 2025 5285 spe
2053 5218 2148 5272 Ita-

570 5312 759 5367 bitasse
781 5315 938 5377 dicit;
987 5313 1049 5365 ob
1076 5312 1508 5377 exspectationem
1561 5311 1757 5364 scilicet
1789 5308 1923 5381 [sive
1980 5309 2147 5381 spem]

572 5403 981 5456 resurrectionis.
1020 5399 1289 5454 Hactenus
1321 5400 1576 5470 Didymus
1606 5399 1891 5453 nihildicit
1922 5413 2025 5453 non
2055 5414 2146 5453 or-

572 5493 863 5546 thodoxum
924 5512 935 5547 :
968 5492 1112 5546 nulla
1155 5492 1243 5547 hic
1304 5494 1506 5546 mentio
1538 5492 1785 5555 aetherei,
1821 5490 2146 5558 Spltterit-ivc

570 5586 834 5652 corporis,
863 5588 954 5639 sed
978 5587 1137 5639 unius
1177 5595 1380 5638 tantmn
1413 5585 1763 5653 ejusdemque
1795 5584 1998 5647 carnis,
2031 5598 2149 5650 quae

573 5676 802 5746 primum
836 5692 863 5728 a
921 5677 1145 5731 Domino
1175 5688 1448 5746 a55tnnpta
1505 5674 1692 5739 fuerit,
1731 5683 1841 5728 tum
1889 5673 2178 5744 quodam?

643 5874 732 5927 ³⁸1
768 5873 892 5931 Cor.
922 5891 1012 5943 xv,
1053 5879 1142 5934 44.
1218 5879 1407 5933 "ibid.
1442 5878 1526 5933 5‘2.

2247 3390 2455 3457 inquit,
2508 3393 2702 3457 carnis,
2763 3394 2875 3448 alia
2923 3396 3159 3465 corporis
3208 3398 3442 3464 deﬁnitio
3495 3410 3617 3454 est:
3656 3402 3822 3454 omnis

2245 3494 2368 3533 caro
2397 3491 2471 3533 εει
2508 3498 2713 3552 corpus,
2751 3500 2852 3537 non
2884 3501 3035 3538 omne
3071 3502 3260 3555 εονριιδ
3297 3498 3370 3539 εει
3409 3504 3555 3540 σαι-ο.
3589 3488 3727 3542 Cll")
3748 3499 3823 3542 εει

2242 3572 2450 3639 praprie
2477 3589 2594 3641 qua:
2622 3574 2876 3642 sanguine
2896 3615 2910 3636 ,
2952 3576 3115 3639 venis,
3149 3578 3372 3641 ossibus,
3402 3579 3673 3648 nervisque
3701 3596 3824 3633 con—

2244 3663 2539 3733 stringitur.
2581 3662 2784 3732 Corpns
2807 3682 3104 3737 quanquam
3137 3679 3184 3722 et
3220 3686 3348 3722 caro
3388 3670 3620 3735 dicatur,
3657 3671 3822 3726 inter.

2244 3758 2369 3805 dum
2429 3765 2603 3808 tamen
2653 3756 2973 3822 wtltereum,
3028 3758 3104 3812 uel
3157 3776 3367 3814 aereum
3425 3764 3819 3821 nominatur....

2259 3843 2429 3906 Vides,
2468 3862 2561 3899 nos
2600 3848 2891 3919 intelligere
2921 3851 3237 3906 subtilitates
3273 3862 3493 3919 restras,
3525 3866 3575 3908 et
3604 3872 3819 3922 arcana,

2245 3952 2360 4006 qua:
2397 3938 2453 3991 in
2485 3940 2760 4006 cubiculis,
2791 3953 2838 3995 et
2885 3945 3020 3997 inter
3050 3947 3305 4014 periectas
3339 3947 3678 4015 loquimini...
3712 3946 3824 4001 Pa-

2248 4036 2313 4079 tet
2344 4044 2507 4097 quare
2544 4033 2798 4099 corporis,
2827 4044 2872 4086 et
2922 4052 3024 4089 non
3065 4038 3241 4090 carnis
3276 4040 3704 4090 resurrectionem
3741 4040 3824 4091 di-

2245 4120 2382 4170 xeris
2412 4134 2431 4171 :
2460 4119 2656 4173 scilicet
2690 4133 2744 4174 ut
2790 4139 2883 4178 nos
2919 4127 3075 4181 rudes
3127 4144 3334 4181 carnem
3383 4138 3433 4182 te
3463 4129 3634 4182 dicere
3674 4141 3824 4197 puta-

2247 4224 2416 4263 remus
2444 4211 2499 4263 in
2532 4228 2764 4279 corpore,
2809 4227 2854 4268 et
2891 4217 2946 4270 lii
2989 4218 3082 4284 qui
3138 4220 3350 4287 perfecti
3389 4230 3534 4282 sunt,
3568 4221 3823 4290 intellige-

2247 4312 2355 4353 rent
2384 4318 2593 4356 carnem
2622 4305 2910 4373 incorpore
2957 4309 3243 4376 denegari..
3287 4308 3352 4362 In
3373 4308 3614 4379 Sgntbolo
3632 4311 3822 4381 ﬁdei...

2247 4408 2395 4447 omne
2428 4392 2718 4449 Christiani
2758 4398 3015 4467 dogmatis
3072 4412 3482 4468 sacramentum,
3517 4404 3698 4458 carnis
3738 4419 3819 4458 re-

2204 4534 2209 4539 .
2247 4485 2583 4539 surrectione
2616 4487 2968 4551 concluditur.
3020 4487 3082 4542 Et
3110 4500 3167 4542 tu
3197 4492 3458 4546 intantum
3488 4496 3542 4548 in
3571 4496 3820 4562 corporis,

2250 4582 2299 4625 et
2326 4574 2514 4626 iterum
2541 4576 2800 4643 corporis,
2826 4586 2875 4630 et
2911 4578 3067 4631 tertio
3109 4582 3367 4650 corporis,
3394 4594 3441 4635 et
3470 4600 3630 4652 usque
3654 4585 3824 4639 novies

2252 4666 2485 4732 corporis
2514 4666 2587 4718 rel
2615 4682 2872 4732 sermone,
2901 4668 2977 4721 vel
3016 4686 3231 4724 numero
3265 4672 3586 4738 immoraris,
3622 4690 3714 4739 nec
3744 4658 3821 4730 se-

2254 4755 2353 4809 mel
2408 4757 2687 4811 nominans
2722 4774 2952 4812 carnem.
2998 4761 3123 4817 Haec
3175 4762 3539 4836 Hieronymus
3582 4770 3824 4824 adversus

2251 4848 2533 4914 Joannem,
2571 4866 2689 4918 qua:
2729 4853 2780 4904 in
2828 4853 3113 4924 Didymum
3154 4858 3316 4910 etiam
3352 4857 3643 4914 convenire
3673 4874 3827 4930 posse

2253 4954 2473 4997 censeat
2493 4945 2637 5012 quis.

2326 5030 2527 5088 Verum
2546 5044 2833 5107 antequam
2853 5037 3137 5110 Didymnm
3155 5040 3400 5106 damnes,
3416 5040 3606 5110 lector,
3619 5057 3824 5113 (equum

2253 5136 2358 5190 est,
2391 5127 2570 5182 utbtec
2601 5131 3463 5200 quoqueanimadvertas:primo,
3479 5136 3822 5190 resuscitato-

2258 5233 2374 5271 rum
2388 5232 2624 5286 corpora
2642 5234 2743 5273 nec
2762 5236 2945 5285 aerea,
2961 5236 3060 5276 nec
3081 5222 3340 5286 aetherea,
3365 5238 3470 5278 nec
3494 5225 3752 5293 sphaerica
3765 5226 3827 5279 ah

2256 5307 2375 5376 ipso
2412 5308 2501 5363 hic
2525 5308 2653 5373 dici,
2684 5325 2784 5365 nec
2816 5310 2964 5374 alibi,
2993 5312 3136 5380 quod
3175 5312 3378 5379 sciam;
3435 5315 3693 5379 secundo,
3716 5314 3825 5368 haec

2256 5398 2425 5453 multo
2446 5414 2572 5454 ante
2605 5401 2840 5457 dictasse
2868 5400 3178 5473 Didymmn,
3207 5419 3369 5475 quam
3404 5403 3655 5460 subtilem
3675 5404 3825 5457 istam

2255 5491 2435 5563 carnis
2473 5508 2502 5545 a
2525 5508 2755 5564 corpore
2782 5495 3182 5552 distinctionem
3211 5500 3549 5568 exposuisset
3566 5496 3825 5569 Hierony-

2256 5598 2394 5647 mus,
2415 5599 2837 5658 suspectumqne
2870 5588 3193 5645 reddidisset
3221 5592 3452 5660 corporis
3481 5586 3824 5655 vocabulum;

2259 5676 2441 5744 tertio,
2487 5678 2607 5735 ideo
2641 5678 2876 5738 fortasse
2919 5684 3165 5754 corporis
3209 5684 3406 5752 potius,
3448 5696 3609 5751 quam
3651 5683 3828 5741 carnis
