4108 6442
238 483 318 534 ‘illl
1369 465 1944 528 COMMENTARIUS.
1988 491 2055 506 -'—-
2093 468 2223 522 LIB.
2265 467 2330 521 II.
3347 466 3453 519 ’ἰθὲ

240 601 426 652 nomine
463 615 614 650 usum
646 613 763 651 esse
803 597 1106 664 theologum
1152 605 1419 658 nostrum,
1453 591 1592 662 quod
1639 589 1778 642 Patt-
1810 587 1854 642 A
1887 588 2126 641 turbatos
2168 587 2334 641 fuisse
2369 587 2444 639 ait
2469 583 2605 653 apud
2642 582 2889 635 Wolﬁum
2935 593 3078 637 torno
3124 584 3184 636 IV
3223 585 3454 636 Anech-

240 694 306 742 lus
331 692 482 743 citato
519 689 572 740 in
618 687 732 739 loco
762 687 976 752 dixerit,
1010 697 1234 754 resurget
1290 699 1473 751 corpus
1523 679 1776 747 spiritale.
1890 688 2060 729 torum
2116 693 2238 747 pag.
2293 678 2362 731 26
2415 676 2520 742 (ad
2562 691 2701 728 vcrs.
2754 674 2821 728 38
2863 675 3050 741 capitis
3103 692 3174 729 vn
3225 678 3454 730 Actutum

238 781 484 836 Postremo
517 778 896 846 simpliciorum
932 778 1249 832 sententiain
1283 775 1493 830 delendi
1528 775 1613 827 hic
1645 789 1673 825 a
1701 771 1785 824 Di-
1895 777 2066 835 apost.
2106 766 2266 835 inira)
2305 785 2317 820 :
2355 766 2485 820 Cum
2533 767 2628 830 ibi,
2682 766 2850 834 inquit
2900 765 3114 835 (nempe
3165 767 3216 819 in
3273 768 3456 834 coelo),

238 875 404 941 iiyino;
443 869 771 936 Origeuistis
819 879 997 920 autem
1047 869 1098 920 in
1143 883 1290 920 more
1321 866 1553 935 positum
1594 862 1780 922 fuisse,
1891 857 2062 908 adhuc
2098 867 2264 909 essent
2307 857 2478 923 angeli
2512 865 2784 922 apostntm,
2819 865 2969 909 terrm
3012 857 3255 924 affectum
3283 859 3460 928 aﬁ'ixeo

237 973 283 1015 ut
311 979 404 1014 nou
440 962 674 1029 seipsos.
703 961 794 1014 sed
824 960 1129 1013 Calholicos
1159 959 1476 1024 simplicium
1509 955 1661 1009 titulo
1687 955 1784 1007 do-
1891 957 2006 997 rant
2039 961 2058 998 :
2085 962 2148 999 ex
2183 963 2285 1016 quo
2335 946 2467 998 illud
2514 959 2843 1000 consecutum
2894 957 3000 1008 est,
3055 959 3110 1000 ut
3159 964 3185 1000 ε
3226 950 3352 1002 caelo
3403 951 3457 1002 in

237 1063 420 1115 ,κη-ειη,
449 1063 502 1103 ,ιι
539 1052 745 1104 centies
776 1051 973 1104 indic,“
1013 1049 1394 1119 Hieronymus,
1891 1047 2083 1089 terram
2124 1037 2526 1107 projicerentur.
2575 1038 2746 1090 Simili
2783 1041 2941 1090 modo
2973 1039 3200 1092 Irenieus
3253 1040 3342 1093 lib.
3383 1054 3456 1100 tv,

289 1141 427 1196 Nunc
457 1143 583 1196 bina
622 1142 724 1196 alia
756 1143 1028 1196 coronidis
1079 1141 1198 1194 loco
1236 1138 1544 1192 exscribere
1575 1150 1782 1206 possem
1895 1143 2016 1194 (τοι).
2052 1125 2157 1180 162
2195 1127 2372 1194 Ληρείὶ
2403 1127 2610 1192 quidem
2649 1127 2980 1194 lratlsgrt’ssi.
3015 1127 3210 1196 inquit,
3251 1129 3456 1180 decide-

237 1233 416 1300 Didymi
444 1233 508 1285 de
535 1233 928 1284 resurrectione
946 1229 1244 1296 fragmenta
1271 1233 1338 1282 ab
1366 1226 1786 1297 llierouymoal-
1895 1227 2016 1270 runt
2054 1219 2352 1271 in'terram.
2384 1219 2580 1286 Atque.
2613 1227 2668 1269 ιιι
2710 1218 2843 1271 alios
2881 1227 3218 1285 praeteream,
3268 1219 3461 1270 Panta—

234 1325 320 1377 luta
353 1325 400 1378 in
441 1324 668 1394 epistola
720 1325 844 1386 Ill),
873 1325 941 1375 ad
973 1323 1287 1377 Minervium
1325 1333 1372 1375 et
1405 1322 1782 1374 Alexandrum.
1893 1310 2013 1365 leon
2058 1310 2318 1364 diaconus
2357 1321 2518 1380 atque
2556 1309 2956 1379 Chartophylax
3008 1309 3057 1362 in
3106 1309 3173 1362 52
3225 1309 3462 1362 Naninno

234 1416 322 1470 Sed
349 1433 465 1470 cum
493 1417 652 1471 valde
691 1416 844 1484 looga
881 1417 1009 1479 sint,
1043 1415 1290 1483 nihilque
1341 1415 1392 1468 in
1430 1413 1508 1467 eis
1555 1414 1784 1476 dicatur,

1893 1404 2082 1457 codice
2137 1418 2255 1470 pag.
2294 1404 2415 1466 I87,
2457 1402 2611 1455 Κατὰ
2673 1400 2767 1455 τοῦ
2830 1401 3136 1454 ἀποστὰτου
3192 1401 3308 1469 (ait)
3372 1403 3462 1454 καὶ

232 1511 354 1576 quod
381 1525 438 1564 se
478 1519 628 1564 recte
664 1525 767 1563 non
798 1509 1011 1573 habeat,
1068 1509 1236 1561 satius
1267 1507 1403 1560 duco
1434 1505 1521 1558 illa
1567 1515 1788 1573 prmtero

1896 1494 2131 1566 πονηρυῦ
2174 1494 2387 1546 Σατανᾶ
2410 1509 2422 1522 ·
2456 1493 2550 1545 τοῦ
2589 1494 2664 1556 ὡς
2697 1493 2950 1563 ἀστραπὴ
3002 1494 3066 1544 ὲκ
3106 1491 3197 1544 τοῦ
3231 1492 3458 1564 οὐρα.νοῦ

236 1604 458 1666 mittere;
516 1602 650 1655 satis
724 1603 865 1654 enim
917 1617 980 1655 ex
1034 1601 1117 1654 his
1174 1615 1292 1668 quae
1347 1601 1603 1652 hactenus
1655 1598 1784 1658 dixi,

1894 1585 2031 1655 πρὸς
2061 1583 2160 1653 τὴν
2203 1583 2306 1652 γῆν
2332 1582 2802 1643 κατασπασθέντος
2853 1584 2949 1634 σὺν
2990 1585 3098 1645 τοῖς
3138 1582 3463 1653 ἀκαθάρτοις

235 1701 462 1745 constare
497 1691 729 1753 videtur,
764 1701 978 1744 rectene
1007 1691 1268 1758 Didymus
1301 1691 1363 1742 de
1393 1691 1571 1741 carnis
1609 1702 1787 1741 resuro

1895 1679 1987 1730 καὶ
2043 1679 2298 1747 πονηροῖς
2343 1674 2506 1729 αὑτοῦ
2542 1675 2861 1744 πνεύμασιν,
2897 1678 2944 1728 id
2988 1686 3089 1737 est,
3115 1676 3306 1728 Contra
3341 1693 3462 1743 apo-

238 1783 457 1836 reclione
489 1782 748 1844 senserit,
781 1799 848 1835 an
875 1797 1050 1836 sccns.

1895 1779 2080 1822 statam
2121 1778 2166 1821 et
2220 1769 2414 1820 malum
2445 1767 2723 1828 Satanam,
2767 1767 2854 1834 qui
2886 1775 2942 1816 ut
2971 1765 3148 1833 fulgur
3183 1783 3209 1818 e
3247 1766 3369 1818 caelo
3413 1768 3467 1817 in

343 1892 471 1948 οη.
501 1893 612 1947 χιι.
647 1895 720 1947 ηε
759 1910 1032 1962 ραηαηηη
1076 1894 1301 1956 mprobis
1347 1893 1661 1958 inﬁmarum
1825 1943 1863 1962 ῃ
1897 1873 2088 1962 terram
2118 1861 2595 1962 detractuses'tuita
2626 1875 2742 1911 cum
2772 1859 3058 1962 immundis
3081 1861 3199 1962 suis
3215 1859 3468 1962 malisque

501 1935 612 1947 .-...
647 1935 718 1947 ,η
1077 1935 1300 1956 .-,..--...
1963 1953 1973 1962 .

849 1965 1156 2017 wtei'uitate.
1825 1943 1866 1996 Β
1899 1968 2009 2018 εμπ-η

1843 1944 1866 1995 3
1899 1951 2182 2018 spiritibus.
2202 1951 2268 2002 At
2287 1967 2409 2003 cum
2443 1951 2747 2019 Didymum.
2781 1960 2888 2002 tum
2915 1949 3048 2002 alios
3081 1949 3149 2001 ita
3189 1949 3465 2017 loquentes

291 2053 434 2117 Quod
473 2067 600 2107 vero
655 2056 887 2121 pertinet
923 2052 988 2102 ad
1033 2065 1309 2118 pinnarum
1359 2048 1689 2100 dminonibus
1735 2063 1794 2100 ac
1902 2041 2033 2092 nihil
2075 2040 2218 2092 aliud
2249 2049 2522 2109 spectasse
2562 2041 2908 2100 crediderim,
2951 2054 3110 2104 qtiam
3140 2041 3277 2104 quod
3304 2037 3469 2091 Isaias

233 2143 461 2208 reprobis
515 2141 838 2196 inﬂictarum
889 2140 1272 2198 asteruilatetu,
1319 2137 1447 2190 nihil
1510 2137 1572 2188 iis
1605 2138 1798 2188 addere.
1900 2134 1974 2183 ait
2006 2147 2123 2200 cap.
2163 2147 2271 2196 xiv,
2305 2146 2445 2184 vers.
2478 2131 2585 2184 I2:
2633 2130 2904 2194 Quomodo
2945 2132 3177 2182 cecidisti
3218 2133 3279 2183 de
3319 2132 3466 2190 caelo,

232 2244 436 2284 neci-sse
470 2245 573 2293 est,
634 2245 750 2298 qua!
774 2230 884 2298 jam
913 2229 1018 2280 dixi
1061 2243 1180 2296 pag.
1215 2227 1336 2288 151,
1388 2235 1522 2288 ιιοι.,
1573 2227 1798 2293 aliisque
1905 2223 2112 2292 Lucifer
2135 2223 2223 2276 Ρ...
2258 2223 2503 2275 corruisti
2549 2225 2600 2276 in
2656 2234 2865 2274 terram.
2921 2220 3018 2274 Ubi
3058 2231 3236 2273 tamen
3287 2223 3467 2274 statim

230 2322 270 2370 in
300 2326 444 2374 notis
476 2323 670 2374 ibidem
704 2319 971 2372 indicatis.
1000 2317 1129 2370 Nam
1163 2319 1312 2385 plura
1359 2317 1575 2384 quidem
1604 2317 1708 2368 alia
1738 2317 1791 2368 in
1901 2313 2178 2381 subjungit
2221 2316 2480 2382 propheta
2517 2333 2529 2365 :
2576 2311 2938 2365 Verumtamen
2979 2313 3046 2365 ad
3100 2313 3361 2380 infernum
3390 2318 3470 2366 cle-

225 2409 430 2480 Ddyini
477 2410 896 2478 St-riptisinveui
932 2411 1069 2472 loca,
1104 2411 1152 2461 in
1198 2409 1392 2476 quibus
1425 2407 1618 2460 inferni
1672 2422 1790 2474 sup-
1900 2404 2120 2457 Ira/ieris
2170 2406 2223 2456 in
2268 2404 2586 2473 profundum
2619 2403 2740 2456 laci.
2789 2403 2912 2456 llaec
2969 2403 3111 2456 ollim
3173 2407 3350 2457 omnia
3406 2407 3472 2458 de

224 2508 374 2572 plicia
411 2515 616 2556 acterna
645 2505 881 2567 diceret;
917 2502 1008 2556 sed
1047 2518 1113 2554 ne
1166 2516 1327 2552 unum
1356 2499 1570 2566 quidem
1619 2500 1797 2551 hactc-
1900 2495 2110 2548 diabolo
2163 2495 2430 2550 intellecta
2485 2495 2649 2549 fuisse
2694 2512 2721 2548 a
2763 2496 2982 2564 Didymo
3046 2503 3261 2549 constat
3306 2511 3371 2548 ex
3407 2496 3472 2548 iis

225 2613 317 2649 nus
348 2595 553 2662 reperi,
591 2595 676 2646 ubi
717 2611 776 2646 ea
813 2594 1141 2660 sempiterna
1176 2590 1290 2642 fore
1330 2589 1679 2644 inliciaretur.
1899 2603 2016 2655 qum
2047 2587 2224 2656 legere
2268 2587 2390 2641 licet
2422 2588 2472 2639 in
2515 2598 2707 2640 catena
2735 2588 2788 2640 in
2819 2587 3074 2640 Joannem
3109 2585 3173 2639 ad
3224 2601 3342 2655 cap.
3386 2601 3468 2650 ιιι,

682 2684 809 2736 Cap.
844 2681 974 2735 XIII.
1005 2681 1078 2734 De
1112 2681 1334 2749 angelis.
1901 2697 2040 2735 vers.
2069 2682 2154 2743 15,
2187 2696 2306 2748 pag.
2338 2679 2425 2734 94.

289 2777 425 2829 Cum
492 2774 626 2827 haud
682 2789 848 2842 pauca
905 2776 969 2826 de
1019 2772 1224 2837 angelis
1269 2771 1322 2824 in
1377 2769 1608 2840 Didymo
1659 2772 1794 2835 loca,
1972 2774 2157 2836 Sexto,
2201 2773 2266 2825 de
2318 2770 2522 2840 angelis
2565 2769 2850 2824 rebellibus
2888 2785 2992 2823 non
3029 2768 3161 2822 satis
3194 2777 3339 2822 recte
3371 2769 3467 2822 ali-

229 2883 388 2935 e..qtte
413 2876 508 2919 aut
538 2865 1035 2926 animadversionis,
1063 2873 1151 2915 aut
1186 2876 1427 2915 censurae
1457 2861 1617 2930 digna
1645 2863 1795 2915 vide-
1900 2866 2019 2917 cnbi
2055 2864 2199 2932 loqui
2236 2863 2403 2916 videri
2441 2871 2636 2929 potest,
2670 2861 2794 2914 dum
2829 2861 2893 2913 de
2928 2859 2992 2914 iis
3023 2868 3080 2912 ut
3124 2861 3179 2912 in
3229 2860 3312 2912 via
3342 2859 3470 2913 olim

230 2959 347 3022 riui,
386 2974 565 3026 opera:
596 2957 826 3025 pri-tium
861 2954 1146 3007 eritsimul
1182 2953 1269 3006 hic
1290 2951 1497 3015 omnia,
1531 2951 1618 3006 vel
1648 2964 1796 3008 certe
1899 2957 2286 3010 exsistentibus
2336 2955 2463 3022 egit.
2517 2953 2756 3022 Namque
2811 2953 2862 3006 in
2894 2950 3362 3016 Enarrationibus,
3405 2953 3471 3004 ad

237 3050 507 3115 potis~ima
543 3046 728 3101 lectori
761 3046 1022 3108 indicare,
1055 3060 1162 3113 quo
1191 3044 1403 3098 facilius
1429 3043 1601 3098 valeat
1632 3044 1798 3113 ipsius
1905 3047 2226 3102 versiculum
2258 3047 2290 3100 9
2321 3045 2572 3114 Epistolze
2602 3043 2751 3098 Iuda:
2794 3046 2906 3098 haec
2944 3044 3168 3112 legimus
3200 3062 3212 3098 :
3249 3041 3361 3096 Nec
3399 3054 3474 3096 est

238 3137 327 3188 hac
353 3138 419 3190 de
453 3152 509 3188 re
541 3137 684 3188 ninni
713 3135 1052 3202 opinationes
1077 3149 1425 3202 cognoscere.
1900 3142 2139 3193 diabolus
2183 3149 2387 3191 terrena
2425 3136 2752 3196 substantia;
2796 3136 2978 3188 [tabuit
3021 3135 3156 3188 enim
3188 3135 3475 3201 aliquando

298 3227 479 3279 I’rimo
515 3227 694 3292 itaque
751 3226 923 3294 ipsum
976 3225 1025 3276 in
1074 3241 1135 3279 ea
1187 3224 1352 3280 fuisse
1395 3227 1638 3293 suspicor
1679 3228 1794 3294 opi-
1827 3271 1870 3328 Ο
1901 3234 2133 3285 divinam
2184 3230 2426 3297 gloriam,
2481 3237 2527 3282 et
2582 3237 2820 3279 sanctam
2881 3225 2974 3278 Dei
3023 3228 3312 3289 scientiam,
3355 3228 3472 3278 licet

239 3317 407 3379 nioue,
445 3327 505 3371 ut
539 3316 712 3384 angeli
747 3332 847 3368 non
880 3315 1026 3368 omni
1062 3317 1278 3369 oumino
1309 3331 1534 3382 corpore
1559 3317 1796 3368 destituti
1830 3314 1870 3328 ’⁸
1904 3336 2176 3374 conversus
2236 3318 2298 3369 de
2344 3317 2705 3384 magnitudine
2749 3325 2895 3368 tanta
2927 3316 3190 3368 ceciderit.
3234 3314 3288 3368 In
3339 3315 3474 3368 lihro

239 3408 355 3467 sint,
402 3409 497 3462 sed
549 3419 798 3476 respectu
849 3419 1088 3459 nostrum
1127 3407 1503 3460 tantummodo
1554 3406 1801 3459 dicantur
1904 3421 2080 3464 autem
2125 3409 2197 3460 De
2243 3408 2443 3475 Spiritu
2475 3416 2677 3471 sancto,
2721 3421 2871 3460 num.
2904 3405 2990 3470 ιε,
3033 3416 3310 3474 postquam
3345 3424 3474 3458 5;"...

237 3500 536 3568 incorporei.
577 3500 772 3553 Verum
826 3501 958 3552 satis
999 3501 1061 3551 de
1097 3501 1196 3552 hoc
1233 3497 1343 3551 dixi
1381 3499 1430 3551 in
1464 3497 1690 3566 epistola
1737 3499 1801 3548 ad
1905 3502 2017 3546 etos
2074 3492 2290 3558 angelos
2369 3501 2574 3545 natura:
2631 3489 2901 3544 mutabilis
2974 3505 3092 3543 esse
3149 3490 3469 3542 allirmavit.

238 3591 703 3657 prseclariSsimum
739 3591 1018 3658 przesulem
1065 3589 1324 3643 Joannem
1368 3590 1680 3642 Archintum
1707 3587 1802 3656 la).
1907 3585 2018 3636 haac
2049 3581 2209 3634 verba
2237 3582 2379 3634 addit
2413 3598 2426 3632 :
2460 3581 2599 3634 Licet
2627 3583 2677 3633 in
2713 3581 3033 3634 beatitudine
3061 3592 3106 3634 et
3129 3582 3475 3634 sanctimonia

307 3683 576 3742 Secundo,
598 3685 761 3735 bonos
792 3681 1013 3748 angelos
1040 3683 1328 3748 proborum
1363 3681 1660 3741 hominum,
1693 3695 1805 3730 tna-
1904 3681 2242 3742 perseverent.
2266 3671 2341 3724 Ac
2369 3672 2524 3738 paulo
2547 3682 2667 3740 post
2690 3673 2989 3740 subjungit,
3015 3673 3057 3726 si
3087 3688 3249 3724 unum
3287 3672 3476 3724 saltem

236 3774 314 3826 los
346 3788 474 3824 vero
505 3775 862 3839 improborum
896 3771 1146 3824 custodes
1173 3785 1294 3823 esse
1325 3773 1502 3834 dot-et,
1532 3771 1576 3822 si
1619 3779 1805 3823 auctor
1907 3763 2151 3834 angelum
2180 3760 2562 3824 convertibilis,
2591 3761 2641 3814 id
2664 3771 2747 3814 est
2788 3761 3060 3815 mutabilis
3114 3774 3314 3815 natura:
3357 3778 3480 3816 esse

241 3864 349 3928 ipse
379 3863 660 3931 fragmenti
686 3873 788 3928 est,
823 3865 964 3932 quod
996 3867 1095 3915 sub
1141 3862 1256 3928 ejus
1285 3864 1502 3916 nomine
1536 3864 1802 3930 scriptum
1907 3855 2321 3918 ostenderimus,
2347 3853 2536 3905 merito
2563 3852 2664 3904 dici
2703 3866 2861 3920 posse
2887 3866 3077 3905 omnes
3117 3855 3336 3908 omnino
3385 3869 3475 3906 an-

245 3955 406 4022 reperi
441 3954 492 4007 in
525 3953 762 4008 Naniano
793 3955 978 4008 codice
1006 3953 1139 4006 alias
1174 3968 1203 4004 a
1236 3967 1318 4004 me
1369 3969 1486 4022 pag.
1526 3952 1631 4004 277
1668 3957 1804 4004 inter
1909 3948 2053 4020 gelos
2100 3963 2218 4002 esse
2267 3945 2536 3999 imitabilis
2574 3953 2797 4006 naturm,
2832 3942 2970 4004 licet,
3001 3944 3194 4013 inquit,
3228 3963 3327 3999 non
3375 3947 3478 3998 sint

246 4049 383 4092 notas
424 4052 737 4094 memorato.
781 4040 910 4093 Nam
945 4041 1135 4109 pagina
1175 4041 1278 4095 528
1307 4039 1422 4106 ejus
1453 4041 1652 4093 codicis
1696 4043 1807 4093 lucc
1909 4040 2136 4093 coraversi
2174 4039 2228 4092 in
2263 4036 2580 4091 beatitudine
2611 4047 3006 4103 perseverantes.
3047 4037 3113 4090 Αι
3143 4039 3350 4108 sijuxta
3387 4040 3478 4092 Di-

247 4130 332 4196 legi
353 4131 626 4202 εΔιδύμου.
649 4130 784 4204 {LII}
803 4132 939 4194 Τοὺς
958 4133 1054 4200 μὲν
1071 4132 1257 4199 ἁγίους
1271 4132 1591 4198 φωταγωγοὶ
1605 4131 1806 4198 φυλάτ-

1909 4135 2124 4202 dymum
2174 4132 2348 4202 angeli
2389 4133 2478 4201 qui
2519 4146 2622 4185 non
2680 4144 2994 4198 peccavere,
3051 4129 3104 4184 in
3154 4132 3481 4186 beatitudine

245 4235 411 4272 τουσιν
447 4221 694 4290 ἄγγελοι·
743 4223 868 4284 τοὺς
900 4221 957 4274 δε
1000 4221 1233 4290 φαύλους
1285 4220 1564 4282 σκοτεινοί,
1604 4222 1653 4274 id
1683 4233 1761 4274 est
1791 4240 1804 4273 :

1913 4231 2346 4290 perseverarunt,
2375 4221 2522 4288 sequi
2558 4221 2788 4281 videtur,
2827 4230 2882 4270 ιιι
2923 4233 3015 4273 eos
3044 4222 3132 4290 qui
3169 4234 3478 4288 peccarunt,

255 4307 463 4378 Didymi.
499 4310 723 4364 Sanctos
747 4311 951 4378 quidem
987 4309 1283 4362 custodiunt
1325 4309 1494 4376 angeli
1530 4310 1810 4371 lucis,ma-
1909 4329 1972 4367 ex
2005 4314 2333 4366 beatitudine
2368 4312 2634 4366 excidisse
2669 4311 3088 4376 existimaverit,
3127 4314 3350 4380 idcoqne
3393 4330 3484 4364 au-

251 4400 316 4453 los
351 4421 461 4458 vero
487 4406 662 4474 angeli
690 4406 1041 4456 tertobrarum.
1912 4406 2064 4471 gelis,
2101 4421 2221 4458 cunt
2264 4407 2316 4456 in
2360 4407 2440 4456 ria
2491 4408 2662 4457 adhuc
2697 4406 3050 4470 exsistebat",
3097 4405 3486 4460 beatitudinem

313 4494 507 4561 Tertio,
539 4497 824 4564 quemdam
856 4497 921 4547 ab
949 4498 1063 4563 ipso
1091 4495 1400 4564 angelorum
1429 4496 1670 4546 ordinem
1707 4494 1807 4545 ad-
1917 4496 2187 4549 tribuerit.

250 4590 454 4642 missum
495 4606 616 4644 eSsc
664 4591 942 4655 suspicor,
984 4590 1070 4657 qui
1117 4591 1166 4642 in
1221 4590 1500 4654 Scriptura
1541 4601 1806 4640 vocentur
1838 4601 1887 4662 υ
1982 4585 2251 4646 Attamen,
2287 4596 2342 4635 ut
2379 4599 2564 4636 verum
2616 4583 2808 4646 fatear,
2844 4587 2928 4638 vix
2977 4585 3027 4638 in
3054 4587 3288 4640 animum
3329 4587 3482 4639 indu-

250 4679 451 4742 .Euues,
484 4683 599 4736 sive
633 4680 863 4739 chula,
915 4691 970 4732 ut
1002 4680 1108 4733 dixi
1144 4696 1262 4747 pag.
1305 4681 1425 4744 155,
1459 4691 1567 4730 uol.
1605 4679 1674 4730 De
1704 4695 1805 4747 qua
1925 4691 2047 4729 (ere
2079 4691 2238 4742 queo,
2266 4676 2547 4744 Didyunnn
2585 4677 2633 4726 in
2671 4690 2729 4726 ea
2767 4675 2929 4729 fuisse
2961 4679 3245 4740 sententia,
3281 4689 3336 4730 ut
3387 4695 3486 4732 an-

248 4771 482 4834 t'pinione
511 4773 731 4840 legenda
758 4781 1018 4836 suntquae
1049 4770 1266 4834 scripsit
1299 4769 1595 4823 Coteterins
1627 4769 1806 4820 toinol
1918 4765 2018 4832 geli
2068 4766 2281 4834 reprobi
2331 4765 2579 4818 beatifica
2625 4765 2715 4818 Dei
2754 4766 2957 4820 visione
3001 4767 3288 4833 aliquando
3333 4772 3485 4837 potiti

256 4862 454 4914 l’utrum
491 4862 922 4930 apostolieornm,
950 4878 1067 4928 pag.
1107 4860 1230 4920 605,
1263 4870 1373 4912 ιιοι.
1404 4858 1489 4917 I8,
1513 4867 1565 4909 ct
1594 4874 1641 4924 p.
1683 4855 1804 4908 406.
1918 4859 2047 4921 sint,
2087 4873 2191 4926 qua
2221 4859 2556 4926 postmodum
2595 4858 2785 4924 privati
2821 4857 3037 4911 fuerint.
3077 4857 3205 4911 Nam
3246 4869 3297 4913 et
3330 4862 3484 4914 allata

313 4951 530 5015 Quarto,
558 4952 833 5006 d:emones
869 4956 935 5004 ab
963 4951 1253 5004 immundis
1286 4947 1566 5014 spiritibus
1616 4947 1810 4999 distin-
1919 4948 2032 5002 loca
2068 4957 2212 5002 recto
2243 4960 2402 5000 sensn
2442 4947 2573 4999 satis
2614 4946 2892 5000 commode
2930 4947 3123 5014 exponi
3158 4963 3311 5014 posse
3345 4965 3484 5012 reor,

248 5058 396 5102 nume
434 5045 650 5096 videtur
689 5044 739 5095 in
768 5044 902 5095 libro
937 5041 1010 5094 De
1054 5039 1262 5109 Spiritu
1299 5048 1502 5101 sancto,
1535 5053 1682 5091 num.
1719 5037 1805 5090 56.
1919 5054 2017 5092 nec
2048 5037 2170 5091 alibi
2197 5053 2441 5106 usquam,
2485 5037 2624 5106 quod
2659 5039 2847 5099 sciam,
2889 5035 3143 5103 eiusmodi
3179 5040 3485 5106 opinionem

252 5133 313 5184 Ilii
341 5136 475 5187 enim
511 5135 742 5203 priurum
770 5133 1030 5188 vocnbulo
1069 5132 1283 5198 spiritus
1306 5129 1694 5196 nuncupariait
1716 5146 1808 5182 su-
1919 5139 2135 5183 secutus
2162 5138 2262 5182 est.

250 5239 417 5284 ternas
437 5224 874 5290 rationabilesque
893 5222 1196 5284 virtutes,“
1218 5230 1301 5272 est
1318 5227 1534 5272 sanctos
1550 5217 1803 5286 angelos:
1989 5218 2141 5284 Quod
2187 5219 2380 5273 attinet
2416 5219 2596 5283 itaque
2641 5219 2706 5273 ad
2739 5222 2971 5287 primum
3015 5219 3209 5282 locum,
3239 5221 3487 5288 equidem

251 5313 425 5367 deinde
452 5316 742 5369 rationales
771 5330 972 5382 quoque
1014 5312 1149 5365 alias
1177 5320 1466 5374 creaturas,
1494 5321 1540 5362 et
1579 5310 1642 5360 de
1679 5309 1808 5360 bona
1919 5328 2039 5366 cum
2073 5312 2276 5366 videam
2315 5294 2726 5364 Enarrationum
2767 5311 3058 5366 editionem
3089 5313 3297 5366 tuendis
3325 5313 3491 5367 refer-

251 5403 296 5454 in
323 5410 511 5460 malum
543 5419 722 5470 s,:onte
753 5407 966 5474 propria
1011 5403 1330 5471 proﬂuentes
1377 5401 1553 5452 vocari
1593 5401 1808 5466 spiritus
1920 5411 2026 5455 tam
2068 5417 2207 5462 esse,
2235 5413 2291 5455 ut
2324 5399 2566 5457 dicebam
2609 5404 2876 5472 Superius,
2904 5404 3016 5457 sive
3042 5404 3112 5456 ob
3141 5407 3490 5474 typographu-

252 5497 476 5554 pessimos
508 5505 563 5548 et
595 5495 810 5561 Spiritus
843 5494 1163 5544 immundos.
1233 5489 1367 5541 Tutu
1408 5489 1625 5540 demum
1680 5487 1809 5538 sub-
1921 5510 2034 5547 rum
2063 5496 2341 5558 incuriam,
2383 5497 2494 5550 sive
2541 5496 2682 5563 quod
2737 5493 2927 5546 unicus
2975 5493 3062 5547 ille
3095 5497 3260 5548 codex
3296 5511 3488 5551 manu-

249 5583 421 5654 lunsil.
473 5589 694 5654 spiritus
737 5600 936 5654 quoque
977 5583 1237 5633 άιωηωιεε
1283 5581 1332 5631 in
1392 5578 1682 5645 Evangeliis
1718 5594 1808 5645 ην·
1919 5587 2169 5654 scriptus,
2197 5601 2260 5640 ex
2299 5602 2404 5654 quo
2450 5587 2680 5654 prinnnn
2709 5586 2984 5652 impressa!
3017 5595 3159 5650 sunt,
3199 5591 3487 5643 mendosus

249 5676 435 5740 pallori.
1125 5692 1139 5727 ι
1919 5675 2092 5739 foret;
2134 5677 2356 5742 proinde
2401 5675 2652 5744 conjicio,
2683 5673 2933 5728 Latinum
2977 5678 3281 5731 earumdem
3317 5675 3491 5731 Euar-

307 5769 525 5836 Quinto,
580 5770 797 5840 angelos
843 5777 1112 5836 apostatas
1153 5765 1203 5817 in
1247 5775 1441 5818 terram
1481 5778 1508 5817 c
1549 5763 1682 5816 cmlo
1717 5764 1807 5818 de-
1919 5767 2179 5818 rationum
2232 5766 2576 5833 interpretem
2627 5781 2730 5819 non
2780 5769 3066 5837 scripsisse
3109 5770 3334 5821 divinam
3373 5771 3490 5838 glo-

311 5885 384 5952 (α)
412 5884 596 5938 Exstat
633 5882 794 5933 infra.
1859 5861 1902 5888 ιι.
1945 5880 1964 5894 ,

562 5976 832 6032 Parum.
879 5972 996 6066 (in.
1044 5965 1345 6028 XXXIX.
3148 5962 3178 6016 7
