4108 6446
562 498 670 555 203

1997 494 2082 547 DE
2118 492 2377 548 DIDVMO

1294 24 1311 27 —
1358 14 2711 37 ~_~vr“4-w¢fhem.rﬂr—-=W_w_w—_w_

3696 501 3803 558 2M

565 610 722 665 riam.
750 606 862 672 sed,
901 606 1125 660 divinam
1156 606 1418 675 gratiam;
1462 613 1570 660 tum
1622 621 1720 674 pro
1749 606 1982 661 dictione
2008 623 2130 676 gra-
2160 612 2204 666 Α
2234 615 2407 659 tamen
2430 605 2622 660 detenti
2656 605 2908 674 supplicio
2937 608 3236 674 resipiscent
3264 608 3399 663 unde
3426 609 3743 668 ceciderunt.
3778 633 3803 684 ι

564 700 692 752 tiam
726 696 1005 763 irrepsisse
1042 710 1230 749 vocem
1273 694 1493 764 gloriam
1524 711 1543 749 :
1571 711 1677 765 quo
1722 695 1851 750 nihil
1891 695 2124 764 facilius,

566 785 765 841 cumin
794 784 1044 839 vestustis
1068 785 1394 839 membranis
1415 786 1827 854 compendiaria:
1851 787 2128 855 ntriuSquc

569 877 713 931 vocis
753 877 1030 940 scripturae
1061 890 1246 943 parum
1282 890 1309 928 a
1346 890 1404 930 se
1446 875 1673 931 invicem
1705 877 1903 941 absint,
1950 885 2006 929 ιιι
2051 877 2128 931 sic

568 967 778 1036 loquar,
814 980 877 1019 ac
913 964 1068 1019 valde
1100 964 1302 1018 similes
1342 964 1468 1019 sint.
1511 964 1661 1030 Quod
1704 966 1747 1020 si
1791 964 2127 1020 retinendum

569 1057 790 1112 omnino
851 1057 970 1124 quis
1018 1055 1145 1109 velit
1201 1054 1512 1108 vocabulum
1553 1054 1793 1121 gloriam,
1849 1055 2128 1124 Didymum

568 1148 759 1201 divina:
801 1145 981 1214 gloria;-
1022 1144 1236 1198 nomine
1271 1160 1374 1197 non
1408 1143 1706 1198 beatiﬁcam
1733 1145 1992 1198 visionem
2041 1144 2131 1197 de-

534 1232 535 1235 “
571 1236 815 1304 signasse
844 1234 1194 1304 respondebo,
1228 1234 1322 1287 sed
1352 1233 1689 1302 splendorem
1722 1233 1904 1302 gratiae
1941 1248 2005 1287 ac
2036 1233 2133 1287 do—

572 1341 766 1381 norum
806 1314 1293 1393 supernaturalinm
1344 1324 1555 1378 Satanae
1589 1339 1618 1377 a
1648 1323 1939 1378 Conditore
1970 1324 2134 1378 colla-

576 1426 772 1472 torum.
806 1414 939 1469 Nam
982 1431 1080 1469 vox
1110 1414 1255 1479 δόξα,
1304 1415 1416 1469 sive
1447 1414 1612 1483 gloria
1649 1429 1789 1482 saepe
1828 1428 1857 1466 a
1910 1413 2134 1485 Didyme

575 1506 648 1559 ita
674 1504 954 1572 accipitur,
989 1514 1046 1557 ut
1066 1503 1357 1557 claritatem
1380 1504 1827 1571 splendoremque
1844 1504 2130 1573 signiﬁcet,

574 1598 709 1650 sicut
761 1595 883 1649 alibi
944 1595 1419 1648 ntonuimus:ncc
1469 1595 1682 1663 proprie
1734 1594 1905 1648 sancti
1957 1597 2131 1663 angeli

573 1683 730 1757 [LIII]
757 1686 1005 1738 dicnnlttr
1033 1685 1214 1737 habere
1241 1685 1473 1737 divinam
1507 1684 1752 1753 gloriam,
1771 1684 1822 1738 id
1862 1696 1943 1739 est
1970 1686 2134 1740 beati-

574 1779 725 1828 licam
759 1776 1042 1828 visionem'
1079 1775 1171 1831 sed
1227 1774 1334 1841 frui
1381 1774 1555 1827 divina
1587 1775 1775 1844 gloria,
1811 1786 1903 1829 aut
1955 1779 2135 1849 potius

572 1863 759 1917 rmlesti
791 1863 975 1931 gloria.

2235 694 2306 747 Ita
2339 693 2652 764 Basnagius.
2683 693 2787 749 Sed
2834 696 3099 765 integrum
3133 697 3338 767 Didymi
3375 697 3549 753 locum
3599 704 3805 758 exscri-

2235 786 2363 839 bere
2393 799 2568 852 opcraa
2596 785 2827 853 pretium
2856 794 2959 840 est.
2988 772 3229 852 Explicat
3271 788 3339 842 ibi
3372 801 3653 845 enarrator
3684 808 3806 848 ver-

2236 876 2434 930 siculos
2467 875 2558 939 10,
2596 876 2652 929 ll
2712 890 2775 930 ac
2810 876 2878 929 12
2927 878 3118 945 capitis
3156 880 3335 948 primi,
3371 880 3421 933 itt
3451 882 3647 949 quibus
3689 885 3803 939 hanc.

2237 969 2377 1021 inter
2409 977 2598 1021 caetera
2628 969 2877 1037 leguntur
2917 986 2929 1021 :
2972 970 3047 1023 De
3088 988 3189 1040 qua
3228 973 3397 1025 salute
3444 976 3802 1044 exquisierunt

2236 1067 2387 1127 atque
2413 1060 2631 1111 scrutati
2662 1070 2780 1112 sunt
2814 1061 3145 1128 prophetae...
3172 1064 3360 1125 quibus
3398 1066 3676 1120 revelatum
3702 1082 3801 1133 est,

2235 1148 2373 1218 quod
2408 1167 2511 1204 non
2549 1151 2698 1220 ipsis,
2738 1150 2882 1223 vobis
2911 1163 3081 1205 autem
3124 1155 3488 1209 ministrabant
3527 1158 3659 1229 lucc,
3687 1176 3802 1227 quia

2238 1257 2373 1294 nunc
2428 1243 2737 1295 aanuntiata
2784 1252 2901 1295 sunt
2942 1244 3150 1297 vobis...
3196 1246 3249 1298 in
3285 1263 3402 1315 qua:
3435 1252 3804 1318 concupiscunt

2239 1333 2409 1400 angeli
2446 1334 2757 1401 prospicere.
2800 1333 3085 1387 Postrema
3104 1345 3279 1390 autem
3306 1338 3418 1393 lucc
3447 1340 3603 1394 verba
3632 1342 3702 1396 ita
3733 1346 3806 1396 in-

2243 1431 2570 1490 terpretatur
2601 1441 2613 1475 :
2655 1442 2674 1473 ι
2712 1422 2799 1477 Sic
2833 1425 3140 1493 exponitur,
3176 1426 3217 1480 si
3245 1428 3367 1496 quis
3392 1429 3800 1499 existimaverit,

2239 1514 2509 1582 qua’sitam
2555 1531 2586 1566 a
2632 1516 2888 1582 prop/telis
2923 1515 3140 1569 salutem
3178 1519 3227 1571 ιιι
3278 1519 3381 1573 line
3426 1535 3544 1575 esse
3582 1526 3765 1579 mundi
3787 1516 3810 1576 ξ

2242 1604 2381 1668 quod
2408 1603 2459 1656 in
2490 1605 2758 1664 omnibus,
2786 1597 2845 1657 et
2870 1606 2920 1658 in
2953 1622 3161 1658 snnnno
3183 1616 3265 1662 est
3295 1612 3565 1678 appetitu:
3593 1616 3803 1682 quando

2245 1693 2408 1762 ipsius
2440 1694 2652 1761 quidem
2700 1710 2860 1749 causa
2908 1695 3006 1748 alia
3049 1706 3240 1750 cuncta
3281 1696 3433 1762 ﬁunt,
3468 1700 3638 1768 ipsum
3680 1718 3808 1757 vero

2242 1784 2392 1852 cujus
2426 1801 2586 1840 causa
2610 1787 2803 1839 nullius
2832 1788 3024 1856 agitur.
3058 1806 3076 1838 ι
3113 1785 3443 1858 [Mendosam
3482 1793 3566 1844 ltic
3595 1809 3702 1845 esse
3728 1793 3805 1846 le-

2243 1878 2461 1930 ctioncm
2485 1879 2810 1945 perspicuum
2839 1887 2912 1931 est
2942 1892 2960 1931 :
2992 1896 3061 1932 an
3092 1879 3308 1933 delenda
3351 1898 3446 1935 ι’οπ
3472 1883 3658 1952 cujus?
3690 1883 3806 1957 (a)]

642 1953 698 2009 In
762 1954 929 2008 altero
990 1967 1165 2007 autem
1224 1953 1373 2018 loco,
1437 1970 1595 2022 quem
1652 1955 1896 2025 superius
1955 1956 2137 2026 attigi-
2170 1954 2210 2011 Β
2247 1985 2264 2016 ι
2299 1966 2412 2020 Non
2441 1970 2535 2021 abs
2571 1984 2626 2020 re
2667 1978 2747 2022 cst
2776 1971 2937 2023 etiam
2980 1970 3201 2040 intelligi
3243 1972 3307 2025 de
3345 1975 3546 2026 sanctis
3580 1953 3803 2044 angelis,

573 2060 709 2111 mus,
754 2044 870 2098 ideo
899 2055 1111 2099 sanctos
1136 2045 1354 2113 angelos
1394 2046 1446 2097 in
1473 2046 1787 2098 beatitudine
1814 2063 2137 2114 perseverare

572 2138 668 2199 ait,
691 2147 749 2189 ut
770 2146 916 2205 puto,
958 2135 1097 2204 quod
1130 2143 1224 2189 aut
1269 2134 1386 2189 illos
1419 2144 1624 2203 Spectet
1655 2146 1918 2203 quatenus
1949 2137 2004 2191 in
2041 2154 2137 2205 pa-

574 2227 697 2290 tria,
734 2243 841 2283 non
875 2229 929 2279 in
970 2227 1050 2280 via
1076 2227 1423 2291 exsistentcs;
1453 2236 1545 2281 aut
1572 2242 1666 2293 per
1695 2228 2135 2297 anticipationem

577 2320 800 2386 loquens
858 2316 1226 2370 beatitudinem
1281 2326 1435 2371 voret
1481 2332 1600 2370 eum
1659 2326 1880 2385 statum,
1932 2321 1983 2372 in
2034 2335 2140 2389 quo

576 2416 733 2461 erant
773 2422 895 2460 cum
948 2406 1121 2459 adhuc
1164 2417 1347 2459 essent
1386 2407 1441 2459 in
1484 2407 1596 2471 via;
1625 2417 1715 2459 attt
1746 2408 1961 2463 demum
2012 2412 2138 2479 quia

564 2497 746 2552 creati
803 2507 927 2551 sunt
985 2497 1039 2548 in
1096 2491 1413 2549 beatitudine
1465 2496 1800 2564 imperfecta,
1859 2508 1917 2553 ut
1984 2501 2142 2555 docet

580 2590 638 2646 S.
666 2588 921 2644 Thomas.
961 2588 1014 2642 In
1055 2588 1239 2643 eodem
1280 2604 1409 2643 sane
1450 2589 1585 2643 libro
1629 2591 1701 2644 De
1728 2589 1927 2660 Spiritu
1965 2604 2142 2646 sancto

581 2693 726 2731 num.
779 2672 868 2739 6|,
906 2686 1102 2730 statum
1141 2690 1203 2730 ex
1235 2692 1340 2745 quo
1365 2677 1563 2731 excidit
1592 2677 1844 2745 Satanas,
1872 2695 2144 2749 exponens

580 2768 836 2838 Didymus
894 2768 1064 2836 inquit
1110 2786 1123 2821 :
1172 2765 1318 2821 Unde
1373 2780 1419 2821 et
1466 2771 1810 2825 convertibilis
1866 2770 2140 2841 (Satanas)

578 2873 730 2929 atque
769 2860 1058 2925 mutabilis,
1083 2874 1111 2913 e
1137 2860 1412 2913 sanctitate
1440 2860 1629 2914 decidit
1662 2870 1813 2930 atque
1850 2864 2061 2917 virtute.
2080 2863 2147 2918 Et

581 2949 632 3002 in
683 2948 1119 3002 Ena‘rrationibus
1167 2949 1231 3003 ad
1278 2960 1437 3018 caput
1488 2966 1500 3002 I
1560 2950 1728 3019 Epist.
1780 2951 1795 3004 I
1842 2951 2028 3006 Petri:
2079 2953 2145 3007 In

581 3042 842 3109 inﬁnitum
883 3040 1151 3093 beatorum
1204 3039 1520 3108 permanebit
1572 3041 1868 3102 luet-editas.
1921 3045 2001 3098 Ac
2053 3045 2145 3099 de-

584 3145 727 3183 tnum
758 3130 812 3183 in
844 3129 981 3182 libro
1009 3128 1254 3181 adversus
1289 3126 1605 3182 Monii-lucos
1636 3145 1754 3199 cap.
1788 3132 1838 3194 1,
1875 3134 2143 3189 diabolum

585 3229 740 3273 vocat
768 3218 1048 3286 principem
1079 3216 1359 3278 malorum,
1398 3225 1446 3270 et
1476 3220 1698 3284 primum
1748 3223 1836 3291 qui
1893 3240 1924 3276 a
1956 3225 2143 3279 virtute

2240 2067 2296 2112 et
2340 2058 2659 2127 simpliciter
2714 2060 2922 2115 cunctis
2970 2060 3140 2115 beatis
3189 2062 3538 2117 rationalibus
3590 2065 3688 2118 hoc
3732 2066 3811 2117 di-

2241 2156 2405 2213 ctttm,
2441 2164 2558 2203 cum
2588 2163 2776 2204 omnes
2823 2152 3116 2220 appetitum
3147 2151 3378 2206 habeant
3404 2154 3710 2221 prospicere
3740 2171 3804 2209 ea

2240 2255 2358 2310 qtae
2418 2241 2470 2293 in
2523 2240 2628 2292 line
2688 2239 2868 2293 saeculi
2923 2249 3050 2294 sunt
3099 2244 3323 2309 agenda.
3362 2244 3417 2297 Si
3469 2260 3594 2298 vero
3644 2246 3806 2300 alium

2241 2329 2523 2398 quemdam
2556 2338 2753 2382 statum
2783 2329 3023 2383 fecerunt
3044 2331 3255 2383 beatum
3284 2330 3400 2400 (per
3420 2346 3483 2384 ea
3508 2348 3625 2401 qua:
3656 2350 3809 2389 revc-

2244 2421 2347 2474 lata
2378 2431 2501 2475 sunt
2545 2436 2573 2472 a
2609 2419 2809 2488 Spiritu
2835 2431 3024 2475 sancto
3065 2421 3142 2475 eis
3177 2423 3267 2489 qui
3301 2423 3648 2492 Evangelicm
3687 2439 3808 2477 sus-

2242 2509 2521 2579 ceperunt)
2577 2518 2771 2578 praeter
2799 2525 2918 2563 eum
2955 2510 3045 2577 qui
3082 2511 3271 2565 ductus
3316 2522 3396 2568 est
3438 2510 3594 2583 [lego,
3632 2515 3809 2569 dictus

2242 2598 2377 2670 est];
2405 2598 2683 2653 dicendum
2723 2611 2804 2654 est
2837 2608 2891 2653 et
2914 2603 3299 2669 concupiscere
3341 2602 3392 2655 in
3436 2617 3558 2657 eum
3595 2607 3806 2673 prospi-

2243 2706 2366 2746 cere
2392 2691 2629 2760 angelos,
2662 2692 2751 2760 qui
2786 2693 2838 2745 in
2871 2693 3299 2761 transgressione
3328 2694 3557 2762 quadam
3607 2696 3807 2750 inventi

2243 2790 2386 2836 sunt.
2427 2781 2559 2835 Nam
2593 2782 2717 2837 licet
2747 2783 2964 2852 quidam
3000 2798 3185 2838 eorum
3232 2786 3381 2854 pravi
3417 2785 3543 2851 sint,
3571 2797 3810 2842 attamen

2246 2873 2445 2929 detenti
2504 2876 2785 2944 supplicio,
2851 2877 3226 2946 resipiscentes
3282 2879 3425 2932 unde
3489 2881 3808 2935 ceciderunt

2248 2964 2408 3036 (quod
2441 2967 2598 3020 etiam
2643 2968 2902 3022 studiosis
2949 2968 3257 3023 horninibus
3310 2971 3806 3041 compromittitur),

2248 3056 2519 3110 habebunt
2555 3057 2878 3111 desiderium
2917 3059 2997 3112 vel
3041 3073 3137 3127 per
3180 3057 3443 3113 fenestras
3488 3076 3550 3115 ea
3583 3063 3812 3130 respice-

2249 3159 2323 3197 re.
2368 3164 2388 3198 ι
2430 3146 2624 3201 Totum
2677 3147 2820 3203 hunc
2870 3148 3044 3203 locum
3094 3150 3267 3217 attuli,
3316 3159 3373 3204 ut
3409 3152 3585 3205 videat
3621 3152 3823 3215 lector,.

2247 3247 2369 3287 eum
2397 3234 2592 3288 alicubi
2629 3237 2781 3290 valde
2814 3236 3101 3291 obscurum
3133 3254 3275 3303 esse,
3310 3241 3426 3293 sive
3456 3240 3507 3293 id
3541 3256 3604 3294 ex
3635 3239 3810 3295 Latini

585 3307 773 3375 defecit
813 3322 831 3359 -'
873 3320 993 3375 Cﬂp-
1040 3319 1165 3359 "0'0
1197 3304 1264 3357 12
1304 3322 1324 3397 7³
1374 3302 1573 3359 Fam“
1596 3347 1610 3370 τ
1651 3308 1822 3378 illiilli!
1845 3350 1859 3373 ι
1904 3321 1958 3364 ιιι
2019 3305 2216 3396 εεδειο
2253 3325 2556 3393 interpretis
2577 3326 2819 3381 barbarie
2847 3330 3191 3397 repetendum
3219 3331 3309 3394 sit,
3339 3333 3451 3384 sive
3478 3346 3541 3385 ex
3573 3341 3812 3387 vetusto-

586 3398 768 3461 bonus,
798 3406 1098 3466 potestatem
1132 3396 1338 3450 virtutis
1387 3398 1649 3466 capienda:
1698 3401 2048 3471 imperfectam
2101 3415 2148 3458 et

585 3505 826 3542 mancam
874 3487 1090 3542 servavit
1137 3487 1456 3559 (diabolus);
1510 3499 1816 3559 potestatem
1873 3510 1988 3548 vero
2036 3496 2150 3548 vitii

584 3576 898 3642 suscipiendi
927 3575 996 3628 ad
1024 3585 1200 3629 actum
1229 3579 1493 3637 perduxit.

660 3666 921 3735 Septimo,
964 3664 1124 3719 Verbi
1153 3662 1574 3722 incarnationem
1608 3683 1713 3724 non
1748 3672 1895 3739 prius
1922 3673 2148 3740 angelis,

586 3774 746 3829 quam
793 3758 946 3815 nobis
989 3770 1165 3815 notam
1199 3774 1320 3815 esse
1358 3760 1578 3827 factam,
1627 3764 1734 3817 imo
1767 3779 1882 3819 eam
1921 3782 2015 3833 per
2054 3783 2152 3822 nos

586 3847 789 3916 angelis
818 3849 1112 3905 innotuisse
1140 3852 1293 3906 docet
1332 3851 1425 3907 lib.
1456 3868 1512 3907 ιιι
1557 3854 1629 3907 De
1659 3858 1825 3921 Trin.,
1867 3873 1988 3926 pag.
2023 3859 2148 3914 592.

586 3935 737 4002 Quod
771 3945 947 3992 tamen
982 3939 1340 4009 esplicatione
1380 3941 1555 4009 aliqua
1591 3941 1832 4011 indigere
1864 3960 2020 3999 nemo
2046 3964 2149 4002 non

586 4026 751 4088 videt,
786 4043 853 4083 ne
881 4027 1009 4083 illud
1042 4042 1430 4098 consequatur,
1471 4041 1528 4084 ut
1557 4033 1724 4086 beata.-
1756 4033 1957 4103 Virgini
1981 4052 2045 4091 ac
2066 4053 2153 4106 pa-

587 4117 841 4182 storibus,
904 4119 1098 4188 quibus
1147 4119 1444 4174 Salvatoris
1502 4121 1757 4176 nativitas
1821 4125 1889 4179 ab
1946 4128 2152 4196 angelis

588 4209 831 4263 nuntiata
863 4219 966 4276 est,
996 4211 1145 4280 prius
1177 4220 1356 4266 notam
1398 4211 1565 4267 luisse
1603 4212 2027 4272 incarnationem
2056 4235 2148 4275 vo-

588 4299 751 4354 luerit
775 4300 1052 4370 Didymus,
1084 4316 1246 4369 quam
1275 4299 1509 4355 Gabrieli
1538 4304 1881 4376 archangelo,
1903 4321 1956 4362 ct
1985 4325 2140 4379 ange-

586 4389 672 4455 lis,
710 4391 798 4458 qui
833 4390 1129 4444 Salvatoris
1165 4391 1450 4445 adventum
1486 4392 1666 4449 Maria:
1707 4396 1828 4465 ipsi,
1864 4413 1926 4453 ac
1968 4413 2152 4469 pasto-

588 4479 737 4533 ribus
766 4479 1177 4531 annuntiarunt.
1209 4478 1436 4536 Sanctus
1458 4479 1692 4540 Thomas
1718 4501 1847 4542 sane
1869 4490 2084 4559 angelos
2122 4506 2152 4545 a

586 4567 852 4637 principio
877 4581 987 4621 suae
1022 4567 1369 4626 beatitudinis
1399 4574 1737 4642 praescivisse’
1762 4578 1917 4656 docet
1952 4591 2147 4652 myste-

587 4658 728 4712 rium
760 4656 1171 4723 incarnationis,
1200 4662 1373 4728 quoad
1415 4663 1771 4719 substantiam
1810 4676 2008 4736 tamen,
2044 4688 2147 4726 non

587 4760 713 4799 vero
764 4745 940 4813 quoad
992 4760 1179 4801 omnes
1221 4749 1839 4820 circumstantiastute
1882 4763 2147 4815 sententia

590 4836 745 4891 facile
770 4850 892 4890 eum
920 4836 1130 4909 Didymi
1165 4840 1341 4894 verbis
1364 4843 1640 4898 conciliari
1670 4856 1865 4913 potest.
1996 4908 2017 4933 κ

659 4945 884 5015 Octavo,
915 4949 981 5004 de
1017 4951 1220 5021 angelis
1254 4950 1414 5020 lapsis
1444 4956 1651 5012 duobus
1690 4958 1741 5012 in
1772 4959 1904 5016 locis
1932 4976 2151 5031 loquens

590 5037 866 5110 Didymus,
897 5040 1194 5110 aliquorum
1223 5045 2149 5120 rcsipiscentiam,emendationem,

589 5145 651 5183 ac
691 5131 915 5185 salutem
972 5148 1067 5201 per
1107 5135 1376 5189 Christum
1405 5139 1470 5192 ab
1491 5140 1570 5194 eis
1611 5140 1885 5198 obtentam
1916 5162 2154 5201 comme-

592 5235 785 5277 morat.
816 5222 1029 5278 Primus
1063 5225 1212 5280 Iocus
1255 5237 1432 5283 exstat
1481 5232 1655 5299 capite
1715 5234 1741 5287 1
1779 5234 2152 5293 Enarrationis

591 5313 645 5366 in
673 5312 959 5381 Epistolam
985 5313 1012 5368 I
1042 5315 1208 5379 Petri,
1241 5328 1294 5372 et
1319 5335 1345 5371 a
1385 5318 1650 5393 Basnagio
1678 5332 1807 5379 tom.
1835 5325 1851 5379 Ι
1876 5324 2157 5383 Lectt.Ano

592 5405 719 5474 tigq.
744 5405 943 5461 Canisii
984 5421 1104 5476 pag.
1138 5398 1237 5463 I99
1257 5449 1272 5473 ,
1302 5411 1381 5464 sic
1410 5415 1747 5482 redarguitur
1779 5432 1793 5446 -
1836 5435 1855 5466 ι
1898 5414 2156 5473 nomine;

589 5506 803 5560 pravos,
834 5496 1014 5565 etiam
1038 5507 1239 5553 interno
1264 5499 1546 5557 dantnatos
1583 5504 1849 5573 supplicio
1891 5506 2156 5573 paeniten-

591 5582 724 5635 tiam
760 5583 885 5635 olim
927 5597 1163 5652 acturos,
1200 5597 1259 5643 ut
1292 5598 1345 5643 et
1381 5591 1671 5655 daemonas,
1697 5594 1925 5647 credidit
1965 5594 2153 5666 (Didy-

590 5671 752 5739 ntus).
784 5669 923 5725 Nam
945 5675 1083 5742 licet,
1111 5677 1304 5748 inquit,
1326 5680 1540 5749 quidam
1560 5683 1732 5752 angeli
1756 5686 1860 5739 sint
1880 5687 2047 5754 pravi,
2070 5674 2156 5741 at-

2252 3432 2366 3470 rum
2396 3420 2822 3484 amanuensium,
2847 3422 2961 3475 sive
2992 3436 3057 3474 ex
3091 3424 3539 3491 typographorum
3583 3426 3824 3481 mendis.

2251 3507 2581 3578 Quocunque
2631 3521 2808 3563 autem
2867 3512 3024 3566 modo
3074 3525 3132 3566 se
3179 3528 3264 3566 res
3302 3513 3517 3580 habent,
3565 3516 3813 3584 equidem

2249 3612 2393 3667 a'gre
2421 3600 2656 3652 adducor
2698 3608 2754 3652 ut
2786 3602 3003 3654 credam
3047 3603 3331 3669 genuinam
3366 3619 3487 3660 esse
3531 3606 3814 3663 lectionem

2251 3688 2494 3742 vocabuli
2523 3689 2896 3756 resipiscentes.
2929 3689 3117 3745 Nonne
3152 3693 3319 3747 multo
3344 3683 3661 3750 concinnior
3686 3711 3812 3751 sen-

2253 3779 2414 3832 tentia
2445 3778 2568 3843 crit,
2601 3781 2646 3834 si
2676 3779 2959 3849 legerimus
2999 3797 3013 3833 :
3055 3785 3383 3852 respicientes
3436 3788 3571 3839 unde
3618 3788 3817 3841 cecide-

2253 3868 2416 3920 runt?
2441 3868 2572 3934 Quis
2606 3884 2839 3939 unquam
2873 3872 3076 3924 audivit
3122 3873 3425 3940 huiusmodi
3466 3876 3813 3941 locutionem,

2254 3957 2606 4024 resipiscentes
2645 3959 2782 4012 unde
2814 3961 3148 4014 ceciderunt?
3178 3972 3270 4016 aut
3311 3965 3563 4031 quidnam
3601 3968 3813 4020 tandem
3878 3972 3897 3990 ‘

2253 4044 2427 4098 valet?
2462 4045 2725 4105 Czeterum
2783 4048 2896 4101 sive
2952 4049 3275 4117 respicientes
3327 4048 3483 4122 [LIV]
3534 4053 3813 4122 legendum

2252 4133 2342 4198 sit,
2386 4136 2492 4189 sive
2544 4137 2916 4204 resipiscentes,
2949 4140 3138 4193 falsum
3176 4142 3394 4197 omnino
3437 4150 3519 4196 est.
3572 4145 3711 4211 quod
3742 4145 3818 4198 ait

2252 4222 2567 4294 Basnagius.
2604 4225 2857 4297 Didymus
2883 4229 3026 4282 enim
3072 4245 3171 4283 nec
3209 4232 3274 4284 de
3300 4232 3606 4288 hominibus
3633 4248 3819 4304 repro-

2254 4316 2356 4377 bis,
2385 4332 2486 4371 nec
2514 4318 2580 4371 de
2605 4319 2932 4373 daemonibus
2975 4319 3230 4388 loquitur,
3267 4326 3356 4375 sed
3395 4325 3460 4376 de
3497 4326 3816 4393 quibusdam

2255 4408 2458 4476 angelis
2492 4409 2677 4478 lapsis,
2710 4411 2904 4478 quibus
2941 4409 3081 4466 Deus
3115 4413 3445 4480 ptenitentiaa
3474 4414 3651 4469 locum
3691 4432 3819 4471 con-

2253 4500 2495 4564 cesserit,
2528 4514 2594 4554 eo
2641 4503 2782 4568 quod
2839 4502 3015 4556 minus
3068 4504 3360 4571 peccarint,
3396 4505 3507 4560 sive
3538 4505 3600 4558 in
3647 4516 3820 4561 trans-

2253 4590 2513 4657 gressione
2532 4594 2758 4660 quadam
2792 4595 2984 4646 inventi
3005 4594 3131 4646 sint.

2327 4679 2490 4736 Multo
2535 4683 2677 4737 enim
2707 4683 2906 4737 clarius
2940 4684 2990 4736 id
3024 4685 3193 4753 ipsum
3229 4682 3496 4739 aﬂirmare
3527 4684 3736 4740 videtur
3766 4685 3818 4738 in

2255 4771 2556 4829 alteroloco
2596 4776 2685 4843 qui
2710 4785 2884 4830 exstat
2911 4779 2961 4828 in
2988 4776 3174 4830 eadem
3192 4775 3565 4851 Enarratinnc,
3587 4792 3702 4846 cap.
3733 4793 3816 4842 ιιι,

2255 4866 2322 4919 ad
2356 4865 2467 4920 haec
2500 4866 2642 4920 Petri
2680 4868 2841 4922 verba
2871 4884 2884 4920 :
2919 4868 3021 4933 Qui
3049 4877 3122 4921 est
3157 4869 3213 4920 in
3243 4869 3453 4922 dextera
3494 4868 3606 4932 Dei,
3634 4870 3821 4938 deglu-

2255 4955 2387 5009 tiens
2417 4968 2656 5023 mortem,
2702 4966 2759 5012 ut
2806 4958 2926 5013 vita'
2969 4969 3178 5013 aeterna:
3220 4959 3448 5013 Itazredes
3486 4960 3818 5028 efﬁcerentur,

2252 5047 2513 5116 profectus
2540 5050 2597 5101 in
2617 5049 2791 5114 caelos,
2817 5050 3060 5117 subjectis
3085 5051 3185 5104 sibi
3212 5051 3433 5120 angelis,
3469 5060 3516 5103 et
3549 5053 3822 5116 potestati-

2256 5138 2372 5202 bus,
2411 5147 2459 5192 et
2513 5141 2803 5194 virtutibus.
2872 5141 2943 5194 Ea
2995 5142 3140 5196 enim
3180 5142 3260 5196 sic
3311 5143 3527 5210 esponit
3566 5156 3580 5195 :
3618 5159 3636 5193 ι
3672 5144 3825 5197 Sicut

2257 5243 2354 5297 per
2386 5228 2579 5283 Filiqu
2610 5231 2721 5295 Dei,
2755 5233 2897 5300 quod
2926 5230 3154 5286 Verbum
3175 5240 3280 5299 est,
3315 5247 3408 5287 seu
3444 5234 3620 5295 Ratio,
3646 5247 3831 5286 essen.

2260 5320 2391 5373 tiam
2418 5329 2609 5374 cuncta
2641 5321 2943 5386 rationalia,
2972 5332 3105 5377 etut
3131 5333 3335 5388 essent,
3371 5324 3711 5387 habuerunt;
3745 5324 3824 5375 sic

2258 5424 2354 5479 per
2381 5424 2502 5465 eum
2534 5412 2773 5466 omnium
2798 5426 2983 5467 eorum
3015 5413 3162 5468 salus
3191 5412 3382 5468 ell'ecta
3409 5423 3511 5467 est.
3545 5411 3645 5478 Qui
3678 5411 3824 5464 enim

2262 5498 2509 5571 [fortasse
2544 5501 2835 5571 legendum,
2862 5503 2986 5573 quia
3019 5501 3188 5575 enim]
3228 5518 3331 5558 non
3374 5499 3829 5569 substantialiter,

2257 5591 2350 5644 sed
2409 5594 2726 5662 acquisitive
2778 5593 3116 5649 sanctitatem
3153 5593 3370 5658 habent,
3407 5606 3528 5645 cum
3561 5601 3828 5646 creatura:

2259 5692 2383 5740 sunt
2414 5684 2642 5757 [videtur
2664 5688 2957 5759 legendum,
2985 5687 3137 5761 sint],
3168 5688 3291 5759 jure
3313 5687 3556 5758 purgatio
3577 5686 3717 5743 facta
3745 5694 3831 5742 cst

658 5838 735 5913 (α)
769 5840 900 5896 Vide
932 5852 1083 5900 notas
1110 5847 1173 5901 ad
1211 5847 1349 5902 hunc
1378 5848 1552 5904 locum
1585 5851 1636 5904 iu
1666 5867 1801 5907 nova
1828 5859 2140 5911 recensione
2174 5856 2330 5913 infra.
2367 5858 2533 5916 Eutr.
