4108 6430
220 510 306 571 905

1312 480 1884 551 COMMENTARIUS.
1927 518 1992 527 —
2035 478 2166 539 LIB.
2216 483 2279 537 ll.

3335 476 3438 537 ει.οι

220 636 339 689 circa
384 632 577 681 cuncta
617 621 720 677 hoc
756 620 915 674 modo
943 618 1196 674 habentia
1233 617 1550 672 bonitatem.
1605 613 1755 668 Unde
1787 618 1831 671 Α
1861 623 1985 673 nus,
2009 616 2064 661 ut
2091 615 2319 661 testatur
2346 604 2568 658 Pbotius
2599 605 2650 657 in
2678 604 2999 659 Bibliotheca
3021 602 3142 660 cod.
3175 614 3439 659 cetum.
3522 646 3529 653 .

220 722 352 777 etiam
378 714 590 771 sublimi
618 726 712 767 ore
737 709 1030 781 [legendum
1055 719 1199 775 puto,
1225 703 1619 774 sublimiorem]
1643 717 1764 757 cor-

221 810 475 866 rectionem
538 801 856 869 suscipiuut.
911 794 1221 864 Paciﬁcavit
1270 794 1411 847 enim
1461 790 1618 846 Jesus
1676 802 1765 857 per

220 899 488 968 sanguinem
518 892 688 947 crucis
725 906 834 945 sua:
868 904 984 957 qua:
1015 888 1068 940 in
1106 885 1267 950 malis,
1302 895 1349 937 et
1383 898 1501 952 qua:
1539 883 1591 933 in
1627 889 1765 933 terra

218 990 387 1052 tam“,
428 1000 591 1040 outne
633 984 831 1038 bellum
870 982 1155 1034 destruens
1201 987 1255 1031 et
1308 974 1614 1029 tumnltmn.
1645 969 1763 1023 Mox

218 1084 383 1140 etenim
422 1081 479 1133 iu
515 1081 773 1133 descensu
801 1074 935 1142 ejus,
973 1081 1027 1125 et
1052 1069 1331 1124 nativitate
1369 1066 1508 1119 facta
1549 1064 1615 1116 de
1642 1059 1791 1130 Virg

218 1180 315 1247 piae
365 1174 571 1228 dictum
631 1178 714 1222 est
767 1181 781 1217 :
831 1163 1012 1220 Gloria
1055 1163 1109 1215 in
1161 1160 1382 1214 excelsis
1440 1152 1566 1219 Deo,
1605 1165 1654 1208 et
1713 1153 1766 1204 in

217 1245 330 1321 terra
359 1277 466 1331 pan:
489 1261 557 1314 '9.
589 1258 938 1315 Coucorditer
980 1264 1157 1308 autem
1210 1260 1266 1305 et
1315 1251 1368 1304 in
1414 1245 1768 1318 praesentibus

216 1362 382 1413 dirtutu
408 1366 521 1419 est,
556 1352 707 1420 quia,
747 1364 866 1403 cum
907 1344 1296 1400 resurrexisset
1345 1358 1375 1395 a
1432 1337 1680 1397 mortuis,
1716 1343 1770 1388 et

216 1452 393 1505 sederet
435 1451 492 1502 in
521 1446 743 1500 dextera
796 1442 847 1495 in
878 1440 1129 1501 excelsis,
1159 1439 1425 1507 profectus
1465 1435 1519 1487 in
1562 1430 1767 1495 caelum,

213 1545 400 1613 subjecti
439 1549 564 1594 sunt
595 1535 765 1605 angeli
796 1532 866 1597 ei,
895 1537 1172 1601 potestates
1221 1540 1373 1594 atque
1403 1527 1633 1581 virtutes.
1660 1521 1773 1576 Sic-

216 1646 261 1691 ut
288 1612 430 1690 enim
490 1633 735 1686 homines
774 1627 1108 1681 abstinentes
1169 1636 1197 1675 a
1252 1619 1507 1690 peccatis,
1547 1612 1769 1682 subjecti

214 1739 345 1792 Sunt;
377 1729 449 1781 ita
484 1733 538 1779 et
567 1720 845 1790 superiora
875 1714 1156 1770 rationalia
1190 1723 1432 1767 correcta
1460 1707 1771 1777 spontaneis

214 1818 381 1886 culpis,
409 1830 533 1885 qua:
559 1812 717 1886 [Iego,
746 1808 903 1879 quas]
931 1807 1157 1862 forsitan
1196 1802 1522 1863 habuerunt,
1557 1798 1603 1853 ei
1641 1797 1770 1851 sub—

211 1912 329 1978 jecta
359 1918 509 1973 sunt,
541 1904 805 1972 completa
839 1899 1240 1969 dispensatione
1265 1895 1447 1948 habita
1481 1907 1578 1960 pro
1600 1889 1774 1943 salute

1864 703 2160 755 Accusatus
2184 708 2266 752 est
2290 697 2346 751 S.
2377 696 2611 751 Isidorus
2636 696 2928 759 Pelusiota,
2954 711 3054 766 pro
3075 710 3180 763 quo
3209 694 3442 763 Stepha-

1866 805 1992 850 num
2036 791 2306 847 Gobarum
2342 789 2683 853 Tritheitam,
2719 797 2777 843 ut
2814 790 2914 842 hoc
2952 787 3088 860 [LV]
3136 788 3203 842 ab
3243 802 3308 842 eo
3344 788 3445 840 cri-

1869 899 1988 938 men
2035 881 2343 951 depelleret,
2386 881 2671 949 scripsisse
2711 879 2941 932 aflirmat
2983 878 3177 933 ibidem
3223 876 3444 931 Pltotius

1868 976 1986 1028 cod.
2016 973 2141 1027 259..
2181 973 2481 1026 Accusatus
2526 981 2610 1025 est
2653 971 2708 1024 S.
2749 969 2980 1024 Joannes
3030 969 3446 1039 Chrysostomus

1872 1079 1901 1115 a
1928 1061 2225 1129 Theophilo
2251 1061 2635 1113 Alexandrino.
2658 1059 2935 1127 Theophili
2966 1074 3091 1111 vero
3110 1057 3245 1111 liber
3264 1067 3445 1110 contra

1870 1153 2291 1223 Chrysostomum
2337 1152 2592 1219 scriptus,
2632 1150 2819 1203 Latine
2872 1163 3163 1202 coorersus
3194 1158 3276 1201 est
3318 1162 3347 1199 a
3386 1150 3441 1199 S.

1872 1245 2219 1314 Hieronymo,
2248 1243 2471 1312 ejusque
2498 1242 2868 1296 translationis
2903 1241 3263 1311 fragmentum
3293 1236 3449 1292 affert

1873 1335 2162 1390 Facundus
2199 1334 2604 1387 llermianensis
2657 1333 2751 1385 lib.
2788 1346 2864 1394 vt,
2910 1346 3026 1398 cap.
3061 1328 3114 1383 5.
3154 1329 3451 1383 Accusatus

1873 1429 1973 1483 fuit
2001 1427 2253 1494 denique,
2291 1440 2356 1479 ue
2398 1438 2588 1478 omnes
2630 1439 2963 1488 enumerem,
3001 1420 3058 1478 S.
3090 1421 3323 1475 Hilarius
3372 1419 3453 1473 ιιι-

1874 1517 2182 1574 ctavieusis.

1943 1609 2076 1665 Cum
2108 1610 2289 1675 itaque
2314 1620 2500 1661 omnes
2546 1606 2708 1659 hosre
2759 1607 2821 1659 de
2866 1605 3205 1675 Origenismo
3254 1604 3450 1672 injuria

1876 1712 2159 1758 accusatos
2190 1701 2356 1754 luisse
2389 1712 2546 1752 nemo
2589 1697 2699 1766 jam
2734 1697 2962 1761 dubitet,
3026 1696 3288 1764 suspicari
3341 1695 3455 1748 for-

1880 1804 2024 1849 tasse
2076 1793 2200 1861 quis
2246 1800 2447 1860 posset,
2516 1790 2799 1860 Didymum
2834 1802 3047 1856 quoque
3086 1786 3355 1839 immerito
3391 1786 3455 1837 de

1878 1884 2066 1937 eodem
2105 1890 2416 1935 accusatum
2444 1878 2641 1939 fuisse;
2680 1892 2803 1929 nam
2847 1886 2972 1929 ante
3019 1883 3230 1928 sextum
3265 1873 3453 1927 Ecclc~

216 1957 534 2054 cunctorum.
569 1992 833 2050 Possihile
872 1998 957 2043 est
985 1998 1164 2041 autem
1214 1984 1426 2051 aliquos
1469 1976 1771 2047 huiusmodi
1809 1957 1849 2013 Β
1879 1973 1972 2025 size
2002 1970 2255 2025 sarculum
2282 1970 2456 2023 nullus
2480 1969 2703 2022 omnino
2731 1966 2982 2032 scriptor,
3009 1974 3201 2033 pra-ter
3231 1961 3288 2017 S.
3332 1962 3456 2015 Hie-

213 2090 507 2161 sponlaueis
531 2084 799 2156 passionis
822 2078 1186 2133 voluntatibus
1209 2073 1542 2127 abstinentes
1570 2068 1771 2130 dicere,

215 2160 318 2251 quia
348 2198 456 2236 non
489 2179 711 2235 omnino
735 2170 960 2226 mutatio
997 2168 1139 2222 facta
1170 2164 1508 2234 significatur
1533 2160 1776 2214 subdito-

214 2290 312 2327 rum
351 2271 669 2327 animalium
705 2265 1070 2334 superiorum.
1113 2277 1131 2308 ι
1172 2256 1444 2311 Ινιιιοιθιιιιε
1498 2252 1775 2321 Didymus.

210 2367 293 2432 Qui
326 2366 467 2419 adeo
495 2359 779 2431 perspicue
807 2355 896 2409 hic
929 2350 1190 2419 loquitur,
1222 2355 1282 2399 ut
1315 2342 1496 2412 negari
1524 2343 1635 2410 jam
1672 2354 1775 2392 non

207 2430 383 2519 possit,
420 2430 554 2519 quin
587 2451 797 2516 aliquos
825 2442 1040 2512 angelos
1069 2446 1474 2508 spontanearum
1504 2430 1779 2499 culparum

206 2557 336 2598 reos.
377 2539 564 2594 salvos
601 2550 696 2605 per
725 2533 903 2588 Jesum
934 2528 1205 2583 Christum
1240 2523 1414 2578 factos
1441 2534 1559 2579 esse
1591 2519 1779 2573 existi-

205 2631 452 2694 maverit,
489 2643 552 2682 ac
577 2616 823 2695 purgatos
860 2628 1021 2689 atque
1049 2624 1329 2670 correctas.

266 2723 342 2776 Ex
379 2721 486 2774 hoc
512 2727 692 2770 tamen
719 2714 982 2766 duntaxat
1012 2708 1129 2762 loco
1165 2706 1289 2776 jure
1324 2700 1513 2758 inferri
1552 2712 1659 2754 non
1691 2712 1786 2766 po-

209 2820 324 2878 test,
353 2820 416 2865 ut
444 2807 658 2875 Opinor,
689 2803 735 2859 ei
766 2815 980 2856 omnem
1009 2793 1322 2865 Origeniani
1358 2790 1666 2864 systematis
1691 2787 1785 2842 ab.
1817 2785 1825 2795 ’

130 2962 135 2967 .
209 2901 518 2954 surditatem
543 2895 824 2964 probatam
863 2887 1050 2943 fuisse.
1090 2885 1218 2938 Nam
1254 2883 1429 2954 primo
1462 2895 1569 2935 non
1596 2878 1788 2939 dedtee

211 2994 456 3047 monibus
491 2989 622 3059 agit,
658 2987 751 3042 sed
794 2986 856 3037 de
898 2980 1104 3049 angelis
1132 2977 1316 3047 lapsis,
1348 2986 1541 3042 nempe
1586 2985 1690 3024 non
1722 2968 1787 3021 de

209 3084 455 3137 omnibus
506 3077 673 3147 lapsis
710 3073 933 3143 angelis,
980 3070 1075 3125 sed
1115 3068 1180 3124 de
1211 3064 1552 3136 quibusdam.
1586 3059 1789 3115 Deinde

212 3187 307 3225 non
344 3173 411 3225 de
459 3166 696 3239 peccatis
736 3161 1070 3221 mortalibus,
1100 3158 1169 3212 ob
1212 3168 1332 3225 quae
1372 3152 1566 3207 inferni
1601 3162 1789 3218 poenas

213 3263 529 3325 meruerint,
580 3259 788 3313 videtur
827 3253 996 3323 loqui,
1026 3251 1121 3307 sed
1156 3250 1219 3304 de
1247 3246 1420 3316 culpis
1453 3241 1785 3297 venialibus:

215 3366 267 3408 ut
304 3354 534 3424 proinde
578 3350 797 3405 tertium
829 3344 1098 3415 quoddam
1131 3339 1441 3410 angelorum
1488 3346 1658 3405 genus
1695 3331 1790 3386 ad—

214 3449 423 3503 misisse
460 3444 726 3507 videatur,
756 3439 846 3507 qui
883 3434 1044 3491 medii
1084 3434 1190 3489 sint
1217 3433 1358 3486 inter
1388 3434 1603 3484 sanctos
1628 3437 1792 3491 ange—

216 3538 311 3601 los,
344 3548 401 3592 et
438 3535 657 3607 angelos
690 3530 973 3598 reprobos,
1005 3527 1122 3580 sive
1156 3523 1450 3577 daemones.
1483 3517 1539 3572 lu
1578 3514 1793 3582 scriptis

210 3646 366 3695 sane,
411 3605 533 3696 qute
564 3624 723 3680 hodie
761 3628 1071 3692 supersunt,
1103 3628 1329 3686 qumque
1382 3612 1499 3680 ipse
1552 3605 1794 3678 legerim,

213 3734 488 3788 nusquam
530 3717 750 3779 indicat,
778 3715 830 3769 ni
866 3711 1046 3773 fallor,
1077 3707 1240 3762 ullam
1271 3717 1335 3758 ex
1374 3699 1616 3770 reprobis
1644 3708 1796 3751 crea-

216 3812 356 3866 turis
390 3812 461 3864 ab
496 3809 684 3863 inferni
724 3807 898 3878 ptenis
932 3802 1214 3857 liberatam
1261 3796 1448 3858 fuisse,
1479 3801 1571 3846 aut
1601 3789 1798 3845 libera-

217 3912 325 3954 tum
358 3901 425 3955 iri
460 3918 474 3954 :
503 3900 629 3968 quin
662 3913 693 3953 e
725 3892 1000 3951 contrario
1037 3889 1232 3957 schius
1265 3885 1442 3951 docet,
1476 3891 1532 3937 ut
1554 3878 1800 3950 superius

218 3992 346 4055 dixi,
395 3991 749 4059 reproborum
797 3981 1055 4054 supplicia
1103 3979 1221 4033 fore
1269 3975 1618 4045 sempiterna.
1676 3969 1799 4023 Ideo

222 4093 395 4135 autem
434 4081 488 4134 in
522 4081 661 4134 hanc
698 4078 764 4131 de
803 4072 1113 4143 angelorum
1157 4066 1511 4136 quorumdam
1548 4059 1801 4117 emendao

224 4173 365 4228 tione
392 4170 722 4228 sententiam
752 4167 1039 4234 Didymum
1078 4160 1294 4214 venisse
1327 4155 1577 4225 conjicio,
1612 4162 1671 4208 ut
1696 4167 1803 4205 ma-

226 4265 302 4331 gis
354 4267 637 4334 magisque
693 4274 812 4314 sese
869 4254 1174 4309 Manichaeis
1238 4255 1535 4318 opponeret.
1588 4265 1601 4299 :
1670 4242 1801 4297 mihi

226 4358 361 4410 enim
394 4358 568 4423 ipsius
617 4349 997 4405 Enarratlones
1030 4340 1231 4414 legenti
1270 4338 1355 4393 vix
1393 4338 1494 4390 alia
1535 4337 1603 4389 de
1642 4350 1803 4389 causa

228 4463 358 4517 opus
378 4447 511 4499 illud
548 4440 926 4510 composuisse
956 4437 1187 4499 videtur,
1221 4446 1380 4502 quam
1410 4436 1466 4482 ιιι
1493 4426 1805 4497 pestiferam

228 4512 447 4590 istorum
476 4532 735 4590 haeresim
763 4528 1087 4584 confutaret.
1129 4524 1260 4578 Cum
1304 4521 1484 4588 itaque
1514 4512 1808 4570 Catholicis

1888 2074 2195 2130 runytuutu,
2219 2059 2355 2111 hanc
2386 2059 2433 2110 ci
2456 2066 2635 2109 notam
2663 2057 2883 2119 inussit,
2909 2057 2958 2108 ui
2991 2054 3146 2107 fallor
3171 2072 3184 2109 :
3211 2053 3301 2108 sed
3324 2068 3456 2117 con-

1885 2163 1967 2206 tra
2004 2150 2154 2205 multi
2184 2151 2411 2205 summis
2436 2165 2556 2203 emn
2588 2150 2835 2201 laudibus
2888 2149 3224 2212 extulerunt,
3261 2155 3317 2200 ιιι
3349 2144 3454 2198 Sn—

1891 2254 2095 2309 crates,
2152 2242 2504 2305 Sozomenus,
2554 2240 2946 2295 Theodoretus.
3011 2240 3205 2293 Mirum
3277 2248 3453 2292 autem

1883 2335 2051 2389 videri
2096 2344 2292 2402 potest,
2347 2333 2487 2403 quod
2550 2347 2815 2399 nusquam
2864 2345 2984 2383 eum
3042 2332 3455 2399 reprehenderit

1885 2441 2111 2497 magnus
2145 2426 2232 2478 ille
2264 2425 2693 2489 Origenistarum
2752 2422 3097 2475 adversarius
3131 2422 3191 2475 S.
3224 2422 3460 2489 Epipha-

1888 2520 2030 2580 nius,
2061 2531 2233 2584 ueque
2266 2517 2318 2568 in
2343 2515 2584 2583 Epistula
2608 2516 2674 2566 ad
2705 2514 2962 2566 Joannem
2990 2515 3282 2584 episcopum
3308 2512 3460 2566 Jero-
3527 2536 3535 2544 -

1888 2609 2265 2681 colymitanum
2299 2580 2419 2674 (etsi
2454 2607 2505 2657 in
2531 2620 2592 2657 ea
2622 2605 2690 2657 de
2735 2602 3058 2672 Origenistis
3093 2580 3315 2672 loquens
3346 2602 3458 2655 ιιι.-

1895 2700 2084 2761 finum,
2111 2712 2174 2751 ac
2202 2695 2499 2749 Palladiqu
2529 2693 2786 2754 incuset),
2814 2707 2987 2760 neque
3013 2692 3065 2745 in
3097 2690 3355 2755 Panario,
3374 2691 3461 2743 ubi

1890 2794 1957 2845 de
1985 2790 2235 2844 omnibus
2263 2788 2581 2850 hmresibus,
2608 2799 2672 2838 ac
2719 2784 3002 2852 praecipuis
3049 2798 3238 2837 earum
3284 2793 3465 2852 patro-

1891 2883 1974 2937 nis
1998 2895 2304 2935 sermonem
2346 2880 2526 2943 habet,
2568 2892 2744 2946 neque
2780 2877 2832 2929 in
2866 2876 2972 2930 ullo
2995 2876 3100 2929 alio
3117 2888 3298 2943 opere.
3319 2873 3459 2941 Quin

1894 2972 2021 3027 illud
2048 2972 2210 3026 etiam
2242 2969 2656 3023 admirationem
2721 2967 2956 3033 aliquam
3017 2967 3217 3022 habere
3265 2976 3463 3035 potest,

1892 3064 2033 3133 quod
2064 3077 2237 3132 neque
2269 3060 2601 3129 Augustinus
2651 3059 2701 3111 in
2766 3057 2904 3111 libro
2950 3055 3027 3110 De
3067 3057 3351 3112 hmresibus
3381 3057 3469 3112 Di-

1893 3155 2109 3227 dymum
2176 3161 2463 3216 memoret,
2505 3165 2604 3204 nec
2650 3148 2898 3204 Gelasius
2937 3150 3240 3218 apocrypha
3278 3164 3473 3203 recen-

1894 3261 2022 3304 sens
2092 3260 2253 3316 opera
2316 3243 2480 3295 ullum
2540 3240 2758 3309 Didymi
2810 3254 2944 3308 Opus
2981 3244 3239 3302 nominet,
3297 3252 3471 3308 neque

1899 3336 2231 3405 TheOphilus
2271 3333 2671 3387 Alexandrinus
2706 3329 3163 3400 Origenistarum,
3206 3342 3256 3383 et
3281 3328 3472 3398 Orige-

1896 3429 2042 3483 niani
2074 3426 2384 3497 systematis
2412 3425 2719 3483 damnatur,
2755 3424 3084 3476 mentionem
3136 3422 3343 3492 Didymi
3376 3440 3473 3474 uu-

1898 3535 2058 3589 quam
2086 3518 2248 3572 faciat
2288 3518 2339 3570 iu
2368 3515 2611 3584 epistolis
2642 3523 2831 3568 contra
2864 3513 3149 3582 Origeuem
3175 3523 3335 3582 atque
3354 3514 3472 3567 Ori-

1900 3611 2141 3683 gcuislas
2166 3607 2411 3684 scriptis,
2437 3622 2499 3660 ac
2531 3606 2583 3659 in
2611 3603 2911 3658 Nitrieuses
2941 3603 3156 3672 quidem
3183 3611 3474 3657 monathos

1903 3701 2214 3764 invehatur,
2250 3696 2518 3750 neminem
2558 3709 2685 3747 vero
2734 3704 3140 3756 commemoret,
3171 3708 3326 3761 quem
3350 3692 3474 3748 Ori-

1901 3790 2148 3862 geniauis
2177 3786 2453 3842 erroribus
2501 3799 2531 3838 a
2560 3783 2785 3851 Didymo
2808 3783 3066 3836 imbutum
3095 3782 3340 3837 aflirmet.
3365 3783 3476 3837 lmo

1904 3899 1970 3939 ue
2001 3883 2054 3937 ιιι
2081 3881 2288 3954 synodo
2319 3877 2561 3949 quidem,
2596 3888 2758 3944 quam
2798 3874 2850 3928 in
2909 3873 3077 3927 Nitria
3117 3878 3182 3928 ad
3227 3876 3478 3930 condem-

1904 3976 2118 4032 naudos
2150 3971 2489 4040 Origenistas
2542 3966 2732 4022 habuit
2786 3965 2901 4034 ipse
2967 3963 3314 4034 Theophilus,
3373 3967 3475 4020 ul'a

1905 4066 2115 4138 Didymi
2151 4064 2352 4119 mentio
2378 4060 2513 4115 facta
2544 4067 2659 4113 est:
2691 4066 2743 4110 ιιι
2765 4071 2829 4110 ex
2858 4072 2922 4110 eo
2949 4056 3161 4122 colligo,
3189 4060 3327 4126 quod
3360 4059 3480 4111 Ille.

1905 4169 2162 4228 ronymus
2188 4155 2241 4209 in
2286 4150 2509 4223 epistola
2538 4149 2641 4204 155
2669 4149 2735 4201 ad
2767 4145 3154 4209 Ctesiphontem
3185 4164 3306 4219 pag.
3342 4150 3480 4204 109.5

1916 4260 1970 4304 et
1994 4246 2264 4319 sequenti,
2292 4244 2488 4299 multos
2516 4254 2861 4306 enumerans,
2896 4255 2959 4296 ac
2988 4241 3290 4303 nominans,
3323 4244 3481 4311 quiin

1907 4356 1973 4396 eo
1989 4339 2219 4395 concilio
2236 4335 2472 4391 damnati
2486 4342 2630 4398 sunt,
2650 4332 2934 4402 Didymum
2949 4348 3052 4385 non
3073 4345 3480 4387 commemorat.

1980 4432 2049 4485 At
2076 4429 2329 4500 quamvis
2364 4426 2479 4481 lucc
2507 4427 2577 4478 ita
2611 4439 2668 4478 se
2700 4424 2956 4487 habeant,
2982 4425 3026 4478 si
3057 4425 3270 4493 probari
3305 4435 3483 4479 tamen

1917 4533 2102 4594 posset
2136 4521 2278 4591 quod
2311 4517 2575 4572 llarouius
2625 4526 2678 4570 et
2724 4513 2928 4570 Natalis
2981 4516 3286 4570 Alexander
3315 4518 3485 4578 aiunt,

230 4629 349 4683 illud
374 4630 645 4696 objicere,
680 4639 745 4678 ac
777 4621 1032 4676 dictitare
1060 4632 1166 4672 non
1198 4622 1476 4670 cessarent
1507 4606 1783 4664 Manicluei

1916 4617 2197 4671 Melaniatn
2227 4616 2492 4669 seniorem
2513 4612 2856 4683 Origeuiauis
2881 4608 3158 4664 erroribus
3187 4624 3215 4660 a
3265 4608 3487 4677 Didymn

228 4721 498 4774 dauuones
529 4732 650 4773 esse
683 4726 873 4769 natura
916 4711 1108 4774 malos,
1137 4708 1297 4777 idque
1332 4704 1584 4775 Didymus
1617 4701 1809 4753 falsum

228 4825 341 4862 esse
378 4812 679 4865 ostendere
723 4805 921 4867 vellet;
960 4817 1025 4855 eo
1067 4801 1326 4854 adductus
1366 4804 1468 4857 est,
1505 4803 1556 4846 nt
1589 4794 1811 4854 diceret,

231 4901 436 4970 aliquos
470 4900 695 4970 quidem
738 4912 802 4951 ex
833 4895 1036 4964 angelis
1075 4892 1263 4960 lapsis,
1298 4889 1438 4959 quod
1479 4887 1672 4950 minus,
1720 4892 1812 4935 aut

230 4993 514 5045 venialiter
538 4987 903 5057 peccaverint,
935 4985 1219 5037 damnatos
1269 4995 1371 5033 non
1404 4993 1542 5039 esse,
1570 4975 1662 5029 sed
1699 4988 1813 5043 poe-

232 5083 468 5137 nitentia:
496 5083 682 5137 locum
718 5078 964 5132 relictum
991 5076 1070 5129 eis
1103 5074 1300 5136 fuisse;
1324 5070 1461 5123 alios
1487 5083 1636 5130 vero,
1671 5064 1811 5133 quod

234 5173 532 5226 mortaliter
580 5168 944 5240 peccaverint,
973 5176 1024 5219 et
1070 5163 1129 5228 ἐξ
1158 5162 1363 5224 οἰκείας
1390 5158 1611 5229 γνώμης
1637 5154 1817 5209 ἀδόκι-

237 5280 321 5334 μοι.
348 5264 444 5317 καὶ
461 5260 710 5335 βέϐηλοι,
735 5269 793 5312 ιιι
812 5259 925 5328 ipse
945 5257 1035 5311 lib.
1063 5271 1097 5309 tt
1128 5253 1202 5308 De
1224 5252 1396 5316 Trin.,
1427 5265 1542 5318 cap.
1566 5247 1620 5315 6,
1641 5263 1692 5317 p.
1718 5245 1815 5300 MS

237 5355 262 5405 ει
282 5357 491 5425 quitur,
510 5354 642 5408 farti
660 5350 874 5412 fuerint,
891 5358 1009 5402 teter
1025 5347 1107 5401 nis
1124 5343 1397 5415 suppliciis
1414 5342 1708 5395 cruciatum
1728 5337 1814 5394 iri.

335 5446 468 5500 CAP.
503 5444 648 5501 XIV.
684 5442 758 5496 De
786 5439 1110 5509 Origenismo
1141 5436 1423 5503 generatim
1459 5440 1705 5498 spectato.

303 5537 496 5593 Plures
528 5533 709 5603 quarti
735 5531 914 5587 saeculi
946 5530 1131 5583 Patres
1157 5523 1582 5602 chOt-igeuismo
1608 5536 1823 5577 arcusa-

243 5633 320 5681 tos
342 5627 534 5690 luisse,
572 5624 729 5694 pauci
758 5631 882 5676 sunt
912 5618 1141 5687 theologi
1165 5618 1253 5685 qui
1286 5618 1559 5686 ignorent.
1589 5616 1822 5668 Accusa—

244 5727 322 5772 tus
353 5719 458 5771 fuit
499 5716 564 5771 S.
596 5714 890 5785 Gregorius
925 5710 1219 5782 Nysscnus,
1261 5723 1419 5777 quem
1452 5705 1520 5760 ab
1551 5707 1648 5761 hac
1702 5713 1822 5758 nota

245 5807 483 5862 defendit
515 5807 580 5862 S.
606 5804 909 5861 Germanus
937 5801 1241 5870 patriarcha
1270 5794 1825 5865 Constantinopolita-

306 5920 353 5954 “
382 5922 605 5976 Culus.
640 5935 676 5983 ι,
708 5918 799 5971 20.
877 5918 919 5950 ¹⁹
946 5917 1072 5970 an.
1101 5931 1159 5979 ιι,
1190 5915 1267 5966 H.

1928 4708 2190 4761 imbutam
2228 4705 2411 4765 fuisse.
2448 4704 2622 4758 nullus
2643 4704 2752 4770 jam
2779 4700 3173 4767 relinqueretur
3197 4698 3259 4751 de
3280 4697 3485 4767 Didymi

1920 4801 2267 4867 Origenismo
2293 4798 2575 4851 dubitandi
2613 4795 2783 4849 locus.
2817 4795 2920 4850 Sed
2956 4795 3135 4845 titrum
3188 4791 3237 4844 id
3288 4790 3487 4846 emt-ari

1918 4894 2099 4959 aliquo
2131 4900 2452 4957 argumento
2487 4887 2792 4942 confirmari
2817 4886 3006 4954 possit,
3055 4882 3195 4935 haud
3229 4882 3360 4936 scio.

1989 4982 2124 5046 Quid
2154 4993 2282 5048 ergo
2314 4979 2549 5040 tandem,
2586 4976 2819 5045 inquies,
2836 4972 3177 5027 statuendum
3204 4973 3321 5025 est?
3344 4972 3491 5025 Fuit-

1881 5053 1989 5127 wne
2040 5072 2296 5142 Didymus
2342 5068 2671 5139 Origenisla,
2709 5065 2927 5120 annon?
2951 5064 3094 5118 Satis
3130 5064 3356 5117 fortasse
3381 5063 3489 5130 jam

1924 5163 2047 5217 alibi
2081 5162 2207 5231 quid
2261 5161 2390 5215 tuihi
2441 5161 2719 5231 probetur.
2792 5157 3048 5211 indit-avi.
3108 5154 3370 5207 Nimirum
3399 5170 3495 5222 pro

1924 5252 2358 5321 cmupertislttnc
2412 5260 2620 5302 tantum
2670 5247 2915 5303 habenda
2963 5246 3236 5308 existimo,
3287 5258 3405 5312 qua!
3428 5258 3492 5298 ex

1927 5356 2155 5401 veterum
2182 5341 2500 5396 testimoniis
2528 5351 2780 5393 constant
2808 5339 2861 5392 in
2921 5347 3164 5393 extremo
3214 5336 3314 5388 huc
3352 5335 3498 5388 volu-

1929 5438 2133 5490 ntiuea
2176 5449 2263 5489 nte
2320 5434 2499 5488 editis.
2559 5431 2771 5492 Primo,
2831 5427 3081 5498 Origenis
3139 5426 3496 5480 eruditumetu

1927 5540 2196 5580 summum
2229 5524 2281 5578 in
2315 5523 2530 5578 modum
2558 5522 2855 5574 mirabatur
2888 5518 3162 5586 Didymus.
3207 5515 3339 5580 Quis
3372 5531 3499 5568 vero

1927 5634 2044 5673 cam
2076 5631 2181 5669 non
2214 5611 2480 5668 miretur‘l
2514 5609 2786 5668 Secundo,
2830 5607 2882 5660 in
2912 5606 2979 5658 iis
3000 5606 3248 5680 omnibus
3278 5620 3396 5675 quze
3430 5605 3499 5659 ad

1927 5708 2323 5763 sanctissimam
2356 5703 2675 5757 Trinitatem
2705 5707 2984 5765 spectant,
3015 5698 3346 5752 ortltodoxus
3382 5697 3500 5752 sine

1930 5801 2090 5855 dubio
2115 5797 2339 5863 exstitit,
2376 5796 2490 5865 ipso
2519 5793 2571 5847 id
2598 5791 2800 5847 fatente
2824 5789 3167 5854 llterouymo,
3192 5790 3283 5849 sed
3314 5787 3500 5857 Origo-
