4108 6484
1052 31 1097 47 ¹ι
1172 42 1185 43 ί
1216 39 1307 57 γῖῑίη
1344 33 1407 57 ,s‘
1444 26 1967 51 :_':_w.;:::.n_;__j::::—:s_r.

938 58 1041 67 αι’-Δί
1070 60 1089 63 _
1116 56 1257 63 -μ

545 528 647 586 ’ἰΘἹ

1970 525 2079 581 ‘DE
2119 515 2372 579 [ΠΜΜο

3680 517 3789 572 ἳο8

548 643 634 699 nis
685 653 860 698 tamen
915 643 1090 712 quoad
1142 643 1257 697 lucc
1322 648 1690 711 propugnator
1735 640 2114 711 apertissimus
2141 641 2186 701 Α
2219 637 2289 693 tis
2322 635 2590 706 conjicere
2620 634 2768 690 licet.
2803 631 2857 687 Id
2892 644 3077 687 autem
3098 673 3113 699 ,
3145 631 3205 686 si'
3228 631 3304 687 sic
3339 645 3399 685 se
3429 629 3613 696 habet,
3644 627 3787 688 haud

549 736 671 799 luit,
701 735 842 802 quod
866 747 990 787 eum
1017 732 1085 787 de
1112 729 1375 786 Trinitate
1402 729 1669 786 catholice
1722 730 1963 786 sensisse
1987 744 2114 784 con-

550 828 817 883 tenderet.
854 824 1055 890 Tertio,
1094 824 1145 877 in
1178 823 1244 879 iis
1271 837 1389 892 qua:
1417 830 1630 885 exstant
1664 822 1880 890 scriptis
1932 820 2111 890 plures

550 916 770 970 adhibet
796 913 1114 979 locutiones,
1144 927 1279 979 quas
1338 921 1495 964 antea
1536 902 1796 979 Origenes
1824 924 2117 976 usurpave-

554 1018 657 1070 rat,
704 1020 935 1075 quaeque
988 1003 1206 1059 etiamsi
1255 1002 1580 1057 catholicum
1646 1016 1864 1057 sensum
1924 1001 2120 1054 habere

550 1107 774 1164 queant,
802 1104 922 1165 post
949 1094 1157 1163 Didymi
1212 1101 1389 1147 tamen
1438 1092 1644 1145 obitum
1684 1098 1947 1160 suspecta!
2000 1104 2123 1144 eva-

553 1199 763 1253 serunt,
797 1199 909 1243 tum
942 1185 1151 1241 scilicet
1173 1199 1295 1239 eum
1338 1174 1532 1237 earuni
1582 1182 1868 1236 nonnullas
1898 1181 2116 1251 quidem

556 1292 584 1329 a
617 1275 943 1347 Pelagianis,
981 1274 1116 1329 alias
1147 1286 1279 1333 vero
1300 1272 1367 1326 ab
1391 1271 1838 1340 Origenianorum
1867 1283 2115 1324 errorum

556 1371 991 1437 patronispravo
1024 1379 1183 1420 sensu
1226 1363 1467 1417 adhiberi
1509 1371 1846 1430 compertum
1895 1370 1998 1416 est.
2027 1361 2122 1413 De-

561 1465 721 1531 niqne
742 1478 860 1516 cum
889 1460 1085 1515 sarculo
1114 1459 1304 1528 quinto
1354 1456 1602 1510 maxima:
1652 1454 1991 1508 auctoritatis
2042 1455 2124 1508 vir

559 1556 933 1625 Hieronymus,
974 1562 1027 1606 et
1067 1566 1095 1604 a
1126 1558 1281 1605 sexto
1310 1547 1529 1627 saeculo,
1553 1547 1666 1600 sive
1714 1561 1743 1598 a
1798 1546 2126 1615 quintzesy-

560 1645 678 1699 nodi
709 1653 946 1712 tempore
974 1655 1141 1710 usque
1167 1640 1230 1693 ad
1262 1634 1403 1692 haud:
1454 1647 1669 1691 atatem
1730 1636 1823 1689 alii
1877 1637 2116 1704 plurimi,

554 1752 786 1804 quorum
844 1735 1005 1788 verba
1041 1733 1092 1786 in
1144 1744 1368 1785 veterum
1422 1728 1778 1794 Testimoniis,
1835 1730 1901 1783 de
1933 1730 2129 1797 quibus

559 1827 715 1881 inodo
751 1825 1018 1885 dicebam,
1058 1823 1157 1892 legi
1216 1830 1461 1892 possunt,
1510 1821 1790 1891 Didymum
1850 1832 1906 1882 ut
1940 1820 2130 1890 Orige-

560 1918 754 1972 nistam
792 1916 1105 1978 habuerint,
1134 1915 1241 1968 imo
1261 1896 1603 1967 anathemate
1645 1911 1997 1981 perculerint,
2026 1913 2129 1966 du-

2217 729 2396 792 magni
2436 728 2536 781 hac
2569 726 2621 779 in
2654 740 2714 781 re
2745 724 3032 793 Nicephori
3069 723 3369 777 auctoritas
3393 722 3650 776 momenti
3674 732 3778 777 est.

2207 817 2683 889 "Apud'Evagrinm
2738 816 2883 870 enim
2941 814 3042 874 legi
3101 812 3345 883 profecto
3373 813 3530 866 debet
3562 813 3631 866 τὰ
3660 810 3793 887 περῖ

2212 909 2443 974 τούτων,
2473 923 2576 961 non
2612 920 2739 961 vero
2758 903 2907 975 παρὰ
2932 903 3156 967 τοῦτων,
3182 914 3271 957 aut
3297 903 3366 957 τὰ
3395 903 3788 975 παρὰίτούτων.

2221 1003 2434 1057 Etenim
2475 1000 2519 1054 si
2544 1001 2710 1072 ’παρὰ
2739 998 2963 1059 τούτων.
2997 1010 3089 1053 ant
3116 996 3186 1051 τὰ
3201 997 3353 1068 παρὰ
3381 997 3585 1050 τούτων
3616 999 3793 1068 legere

2221 1096 2342 1164 quis
2368 1093 2518 1158 velit,
2572 1103 2663 1146 aut
2684 1092 2925 1146 hiulcatn‘
2948 1091 3041 1154 ibi,
3078 1102 3172 1144 aut
3205 1090 3560 1161 inélcgantem
3590 1093 3794 1157 reddet

2224 1183 2519 1253 Nicephori
2553 1185 2876 1238 orationem.

2297 1277 2456 1332 Solus
2490 1291 2616 1348 ergo
2641 1275 2796 1330 nobis
2823 1275 2982 1329 modo
3030 1273 3358 1343 relinquitur
3408 1273 3791 1349 Hieronymus,

2223 1385 2382 1439 quem
2426 1378 2577 1424 certo
2600 1379 2811 1423 constet
2836 1383 2939 1421 non
2992 1366 3218 1420 aliorum
3265 1367 3412 1426 lidei.
3451 1381 3545 1422 seu
3611 1384 3796 1422 narra-

2226 1462 2357 1516 tioni
2393 1462 2660 1523 innixum,
2699 1474 2798 1514 nec
2827 1458 3148 1529 fragmentis
3187 1476 3215 1512 e
3249 1458 3475 1529 Didyme
3503 1463 3793 1530 excerptis.

2225 1554 2480 1622 equibtts
2530 1567 2669 1622 saepe
2714 1567 2839 1605 vera
2899 1552 3134 1605 auctoris
3186 1553 3452 1606 sententia
3503 1553 3679 1623 colligi
3706 1572 3798 1608 nc-

2227 1646 2365 1714 quit,
2397 1644 2680 1716 Didymum
2730 1654 2788 1697 ut
2838 1642 3199 1712 Origenistam
3252 1645 3577 1707 traduxisse,
3598 1646 3694 1698 sed
3730 1661 3794 1699 ex

2228 1737 2361 1807 ipsis
2395 1735 2604 1806 Didymi
2663 1735 2941 1804 operibus,
2996 1735 3169 1803 iisque
3228 1735 3479 1805 genuinis
3528 1736 3682 1803 (nihil
3714 1746 3796 1789 est

2228 1831 2372 1882 enim
2402 1843 2499 1881 cur
2540 1829 2608 1881 de
2641 1826 2742 1880 hoc
2800 1814 3128 1886 dubitemus)
3186 1828 3584 1880 accusationem
3634 1843 3789 1880 suam

2232 1919 2652 1989 deprompsisse.
2694 1917 2808 1972 Etsi
2831 1919 3235 1987 enim‘quaudiu
3272 1920 3325 1971 in
3352 1918 3486 1971 vivis
3511 1918 3798 1989 fuit’Didy-

558 2008 719 2062 bitari
752 2005 943 2061 merito
984 2020 1089 2059 non
1144 2013 1341 2073 potest,
1388 2004 1518 2073 quin
1546 2003 1660 2072 ipse
1708 2005 1850 2058 inter
1871 2004 2125 2074 Origeni-
2157 1992 2199 2046 Β
2228 2027 2368 2073 mus,
2395 2012 2602 2081 magnis
2650 2024 2771 2063 eum
2830 2010 3081 2063 laudibus
3135 2009 3407 2073 extulerit,
3440 2024 3503 2062 ac
3542 2008 3795 2064 videntem

560 2107 673 2153 stas
700 2097 1064 2151 numerandus
1089 2098 1182 2149 sit.
1510 2148 1522 2164 ,

631 2191 743 2247 Sed
763 2206 871 2261 quo
899 2205 1083 2256 sensu,
1112 2199 1169 2243 ut
1200 2190 1271 2243 ita
1298 2188 1494 2255 dicam,
1528 2185 1692 2243 fuerit
1726 2187 2053 2259 Origenista,
2076 2189 2127 2243 id

559 2292 674 2347 est,
704 2297 826 2336 cum
863 2290 942 2335 tut
969 2281 1077 2335 sint
1105 2294 1320 2334 errores
1363 2278 1584 2347 Origeni
1645 2278 1853 2346 tributi,
1908 2281 2129 2348 quibus-

565 2391 685 2427 nam
723 2372 1011 2427 adlimserit
1040 2370 1319 2447 Didymus,
1355 2370 1496 2424 haud
1520 2369 1727 2425 scioan
1770 2380 1884 2447 tuto
1917 2370 2128 2425 deliniri

566 2473 752 2533 queat.
785 2462 918 2516 Nam
954 2462 1007 2515 in
1034 2439 1251 2529 scriptis
1279 2442 1520 2530 quidem,
1546 2476 1666 2530 qua:
1691 2439 2001 2530 supersunt,
2040 2461 2131 2514 vix

480 2603 490 2611 .
566 2555 670 2609 ulla
708 2553 813 2607 alia
835 2561 985 2607 certo
1032 2560 1255 2622 apparet
1311 2548 1636 2621 Origeniana
1686 2551 1891 2617 epinio,
1940 2559 2134 2618 praeter

565 2662 707 2711 eam,
742 2661 902 2714 quam
932 2645 1110 2715 capite
1136 2643 1405 2713 superiori
1455 2642 1634 2709 attuli,
1672 2645 1738 2699 de
1785 2644 2135 2715 angelisqui-

567 2738 818 2801 busdam,
848 2750 1076 2805 quorum
1104 2734 1291 2803 lapsus
1319 2732 1585 2801 ejusmodi
1623 2733 1803 2797 fuerit,
1832 2743 1889 2786 ut
1914 2733 2134 2787 aeternis

564 2827 845 2898 suppliciis
877 2841 983 2881 non
1017 2826 1203 2880 statim
1235 2839 1358 2880 eum
1387 2825 1632 2894 reprobis
1669 2824 1875 2893 angelis
1897 2824 2135 2879 damnati

563 2919 698 2983 sint,
733 2919 833 2972 sed
852 2916 1183 2988 pmnitentiae
1206 2917 1358 2981 locus
1384 2915 1463 2969 eis
1496 2930 1789 2971 concessus
1838 2916 2020 2970 fuerit.
2059 2916 2135 2971 Ex

567 3010 823 3063 omnibus
849 3017 1054 3061 autem
1110 3005 1391 3061 veteribus
1420 3006 1796 3076 scriptoribus,
1842 3007 1937 3076 qui
1972 3005 2134 3079 Didy-

571 3115 715 3154 mum
748 3097 1070 3165 Origenismi
1099 3106 1450 3160 accusarunt,
1513 3113 1582 3152 ne
1628 3112 1767 3152 unus
1808 3098 2022 3167 quidem
2052 3109 2136 3153 est

559 3194 657 3261 .qui
682 3192 797 3246 loca
824 3190 1000 3259 aliqua
1028 3205 1092 3244 ex
1125 3189 1350 3259 Didyme
1365 3190 1707 3259 deprompta,
1748 3200 1911 3261 atque
1950 3190 2136 3260 Orige-

2227 2101 2551 2177 prophetam,
2579 2111 2626 2153 et
2662 2098 2941 2168 Didymum
2974 2099 3254 2161 videntem,
3295 2109 3347 2152 et
3369 2102 3548 2152 ocur'os
3597 2100 3795 2152 haben-

2230 2202 2332 2247 tem
2362 2208 2563 2260 sponsa?
2609 2190 2674 2245 de
2711 2190 2927 2245 Cantica
2975 2190 3335 2255 canticorum,
3380 2200 3438 2244 et
3487 2192 3797 2260 magistrum

2231 2284 2380 2339 suum
2407 2300 2529 2337 eum
2560 2282 2865 2351 appellarit,
2910 2280 3211 2351 paucisque
3275 2290 3394 2349 post
3447 2281 3563 2350 ejus
3590 2282 3796 2336 obitqu

2233 2376 2388 2430 annis
2411 2384 2648 2428 sanctum
2676 2373 2954 2443 Didymum
2980 2373 3158 2440 ipsum
3195 2373 3506 2432 nominarit,
3550 2372 3656 2425 imo
3683 2373 3801 2451 plu-

2234 2469 2385 2524 ribus
2414 2468 2571 2521 annis
2599 2477 2723 2536 pust
2767 2466 2996 2534 scriptos
3045 2466 3097 2518 in
3134 2464 3385 2518 Rufinum
3429 2465 3598 2516 libros
3630 2464 3796 2532 Didy-

2235 2575 2379 2613 mum
2406 2572 2714 2612 memorans
2742 2570 2801 2609 se
2835 2555 2974 2607 illius
3011 2556 3245 2607 amicum
3283 2550 3448 2605 fuisse
3491 2551 3655 2603 veluti
3689 2551 3798 2618 glu-

2236 2651 2406 2704 riatus
2427 2647 2585 2703 fuerit
2615 2647 2698 2700 his
2757 2644 2934 2698 verbis
2968 2661 2981 2697 :
3017 2640 3183 2713 Cujus
3226 2657 3387 2705 nuper
3425 2640 3681 2693 amicitiis
3715 2639 3800 2692 usi

2234 2754 2450 2797 sumus:
2477 2741 2528 2793 in
2558 2739 2709 2793 libris
2752 2747 2929 2791 tamen
2976 2744 3159 2789 contra
3215 2733 3465 2801 Ruﬁnum
3496 2733 3656 2787 editis
3695 2750 3800 2787 non

2243 2826 3074 2899 modo‘bidynum’Origeniauo
3100 2836 3390 2896 systemate
3418 2827 3767 2892 prtoexsisten
3784 2854 3801 2866 -

2239 2922 2325 2977 tias
2346 2921 2645 2975 animarum
2672 2919 2932 2973 imbutum
2963 2915 3129 2969 fuisse
3160 2914 3411 2979 allirmat,
3438 2916 3798 2968 verutnetiam

2236 3013 2401 3067 libros
2437 3012 2656 3071 indicit,
2696 3010 2747 3063 in
2808 3009 3008 3078 quibus
3071 3004 3375 3075 ltujusmodi
3422 3017 3657 3076 systema
3688 3006 3741 3075 ip
3772 3023 3803 3059 e

2238 3102 2495 3172 Didymus
2520 3109 2737 3155 secutus
2779 3099 2975 3159 fuerat,
2997 3095 3469 3149 ceiutneutariolos
3495 3096 3702 3149 scilicet
3748 3096 3799 3148 in

2237 3192 2483 3263 Origenis
2513 3192 2676 3245 libros
2709 3191 2782 3243 De
2812 3188 3107 3255 principiis,
3151 3202 3178 3240 a
3214 3186 3450 3240 Socrate
3490 3188 3651 3239 etiam
3691 3202 3802 3238 mc—

572 3283 847 3334 nismrusn
863 3280 1227 3350 blaspbetnias
1259 3280 1591 3335 continentia
1651 3282 1807 3336 nobis
1835 3281 2131 3352 reliquerit,
2161 3318 2206 3375 ο
2241 3295 2496 3347 moratos,
2524 3293 2575 3337 et
2617 3282 2810 3335 librum
2838 3282 2903 3332 ad
2935 3278 3280 3333 liuiitmm‘De
3307 3288 3469 3332 morte
3492 3278 3800 3347 infantium.

568 3370 728 3447 [LVI]
757 3374 862 3427 imo
885 3388 955 3427 ne
968 3387 1107 3427 unus
1133 3371 1347 3441 quidem
1363 3383 1445 3427 est
1467 3372 1532 3443 (si
1561 3372 1943 3446 Hieronymum
1977 3390 2136 3430 exce-

570 3465 735 3533 peris.
767 3464 832 3517 de
855 3478 963 3532 quo
995 3478 1117 3517 mox
1159 3462 1357 3534 dicam)
1396 3463 1490 3531 qui
1550 3477 1646 3518 eos
1702 3465 1891 3517 saltem
1924 3464 2135 3537 Didymi

573 3554 740 3610 libros
771 3546 1233 3620 nodiinaverit,-in
1266 3556 1462 3623 quibus
1479 3555 1694 3611 easdem
1718 3555 2081 3627 blasphemias
2103 3574 2133 3613 a

570 3646 797 3715 Didyme
822 3645 1001 3700 doceri
1035 3646 1447 3702 existimaverit.

638 3732 836 3789 Fateor
867 3735 1110 3803 quidem,
1140 3734 1193 3789 in
1244 3733 1434 3788 Latina
1466 3734 1690 3806 Evagrii
1722 3734 2023 3791 scholastici
2053 3736 2135 3789 in-

569 3830 950 3899 terpretatione
973 3828 1073 3884 lib.
1107 3844 1180 3892 tv,
1206 3843 1324 3897 cap.
1357 3828 1445 3893 58,
1473 3829 1571 3899 legi
1602 3844 1618 3883 :
1650 3828 1952 3899 Retulerunt
1976 3830 2134 3881 etiam

570 3896 729 3973 iidem
768 3919 951 3974 Patres
980 3919 1173 3973 multas
1198 3896 1333 3974 alios
1364 3896 1593 3989 Didymi,
1623 3896 1856 3989 Evagrii.
1882 3917 2138 3972 ac'TIteo-

567 4011 688 4063 deri
721 4010 1086 4078 blasphemias,
1126 4026 1255 4077 quas
1286 4011 1521 4063 studiose
1555 4009 1837 4062 admodum
1869 4026 1932 4063 ex
1955 4026 2135 4063 eorum

570 4100 715 4151 libris
742 4111 1123 4169 excerpserunt.
1148 4098 1256 4154 Sed
1289 4100 1449 4153 verba
1482 4101 1617 4166 haec,
1642 4116 1705 4154 ea:
1746 4116 1923 4154 eorum
1966 4102 2132 4165 libris,

570 4193 636 4245 de
655 4206 754 4245 suo
772 4193 976 4246 addidit
1002 4191 1224 4246 Latinus
1249 4191 1537 4259 interpres,
1563 4207 1684 4245 cum
1712 4193 1763 4245 in
1799 4191 1986 4246 Graeco
2010 4192 2132 4247 fen-

572 4292 645 4344 te,
677 4297 740 4337 ex
773 4297 879 4351 quo
898 4282 1071 4337 locum
1106 4280 1259 4335 attuli
1292 4296 1412 4349 pag.
1464 4281 1592 4343 485.
1624 4297 1727 4335 non
1777 4282 2055 4352 legantur;
2090 4285 2137 4341 is

568 4373 709 4428 enim
734 4374 897 4427 habet
919 4389 933 4424 :
956 4370 1037 4424 Τὰ
1052 4371 1179 4442 περὶ
1205 4373 1410 4425 τούτων
1437 4370 1838 4442 ἐκλεξαμένοις,
1877 4388 1979 4426 non
2011 4390 2137 4429 vero

568 4462 984 4537 παρὰ-τούτων,
1047 4472 1105 4515 ut
1170 4462 1392 4532 proinde
1450 4467 1764 4517 vertendum
1823 4465 2000 4535 potius
2030 4467 2132 4521 sit:

566 4559 655 4623 qui
677 4557 913 4609 studiose
938 4554 1221 4607 admodum
1235 4570 1351 4624 quae
1366 4555 1435 4607 ad
1456 4555 1591 4609 hanc
1630 4571 1737 4608 rem
1768 4553 1905 4627 [aut,
1922 4574 2039 4626 quae
2067 4559 2136 4611 ad

2238 3374 2369 3441 Quis
2390 3385 2570 3428 autem
2624 3385 2823 3440 negare
2874 3371 3036 3434 ausit,
3078 3369 3555 3439 locupletissimum
3612 3379 3801 3422 testem

2236 3481 2356 3523 esse
2382 3467 2796 3538 Hieronymum,
2832 3464 3170 3532 maximaque
3227 3463 3512 3533 pollentem
3569 3463 3805 3515 auctori-

2239 3566 2347 3615 late
2363 3559 2389 3613 ?

2307 3651 2373 3702 Λι
2420 3648 2643 3702 Rufinus
2672 3644 3054 3715 Aquileiensis,
3086 3644 3317 3714 inquies,
3357 3642 3642 3700 manifeste
3664 3644 3804 3699 indi-

2237 3739 2484 3794 catlibro
2533 3753 2572 3792 ιι
2622 3736 3004 3791 Invectivarum
3058 3735 3172 3789 sive
3226 3736 3493 3804 Apologite
3532 3751 3678 3789 num.
3713 3734 3802 3801 εὖ,

2236 3830 2509 3885 immerito
2539 3829 2819 3901 Didymum
2843 3830 2909 3883 ab
2939 3827 3266 3899 Hieronymo
3303 3828 3436 3880 inter
3475 3843 3561 3880 eos
3594 3826 3684 3896 qui
3722 3826 3806 3878 die

2236 3939 2386 3977 uersa
2407 3923 2469 3975 ab
2500 3919 2753 3975 Ecclesiis
2775 3921 3014 3984 doceant,
3052 3919 3321 3972 collocari.
3358 3917 3573 3973 Fateor.
3606 3917 3800 3971 Verum

2239 4026 2529 4082 antequam
2563 4012 2787 4067 solemni
2828 4011 3035 4082 judicio
3059 4010 3336 4082 Origenes
3371 4011 3711 4065 Alexandria:
3739 4028 3802 4065 ac

2238 4107 2421 4162 Retine
2450 4107 2924 4169 condemnaretur,
2956 4105 3071 4158 hzec
3118 4103 3335 4174 scripsit
3380 4101 3626 4169 Ruﬁnus,
3659 4107 3802 4172 quod

2238 4200 2292 4255 in
2322 4215 2384 4255 ea
2413 4209 2522 4253 tum
2552 4209 2695 4254 esset
2747 4197 3024 4266 opinione,
3069 4203 3127 4250 ut
3178 4204 3432 4251 censeret
3453 4195 3802 4265 qumsliouem

2238 4294 2303 4347 de
2332 4294 2630 4347 animarum
2658 4290 3081 4360 praeexsisleutia
3105 4289 3171 4341 ad
3196 4289 3350 4342 tidem
3383 4305 3487 4341 non
3510 4290 3803 4356 pertinere,

2238 4383 2330 4437 sed
2366 4378 2970 4449 esse‘adiaphoram.“ld
3017 4378 3160 4430 enim
3194 4388 3379 4445 aperte
3418 4376 3649 4429 aliirmat
3681 4391 3802 4429 cum

2237 4473 2388 4540 alibi,
2430 4483 2539 4525 tum
2582 4472 2816 4526 maxime
2878 4473 2928 4523 in
2980 4467 3251 4537 Apologia,
3292 4469 3405 4521 sive
3463 4467 3700 4535 Epistula
3736 4468 3804 4518 ad

2238 4563 2580 4615 Anastasium
2613 4577 2825 4630 papam,
2857 4559 2942 4612 ubi
2971 4563 3038 4611 de
3081 4557 3356 4611 erroribus
3403 4558 3454 4609 in
3487 4557 3716 4626 Origene
3740 4558 3807 4607 ab

569 4648 690 4717 hos]
711 4646 1032 4714 spectabant,
1054 4643 1379 4714 selegerunt:
1413 4644 1514 4707 Vel,
1550 4661 1667 4715 que
1699 4646 1764 4700 de
1805 4648 1884 4700 Itis
1946 4651 2130 4711 retule-

2247 4654 2576 4724 Ilieronywo
2609 4652 2950 4720 reprelicnsis
2972 4650 3239 4718 loquens,
3264 4646 3562 4702 catholica:
3587 4647 3804 4717 quidem

570 4752 690 4794 runt
724 4744 941 4809 (nempe
964 4746 1057 4791 aut
1085 4738 1149 4792 de
1176 4738 1420 4808 Didyme,
1455 4736 1701 4807 Evagrio,
1748 4755 1812 4793 ac
1850 4739 2134 4795 Theodoro

572 4831 968 4902 Mopsuesteno,
996 4838 1091 4883 aut
1121 4829 1184 4882 de
1202 4829 1291 4882 Isis
1346 4829 1690 4896 blaspbemii,
1721 4847 1735 4885 :
1773 4831 2019 4899 ambigua
2049 4840 2135 4885 est

572 4923 715 4975 enim
742 4936 845 4975 vox
872 4921 1085 4989 Graca)
1119 4919 1427 4987 selegerant.

640 5008 837 5066 Fateor
868 5012 1028 5066 etiam
1059 5013 1240 5065 multis
1278 5011 1641 5083 post-Evagrii
1677 5024 1888 5069 mtatem
1924 5015 2135 5071 saeculis

571 5118 632 5157 ea
663 5104 948 5173 scripsisse
977 5102 1364 5173 Nicephorum,
1401 5120 1518 5172 quae
1556 5104 1780 5159 Latinae
1810 5107 1935 5159 huic
1969 5107 2135 5176 ipsius

575 5195 788 5266 Evagrii
821 5196 1107 5251 verborum
1138 5196 1568 5264 interpretationi
1606 5207 1966 5251 consentanea
1988 5208 2133 5251 sunt.

510 5282 515 5290 “
574 5285 704 5339 Nam
737 5289 789 5341 in
821 5288 1155 5351 testimonio,
1180 5290 1326 5356 quod
1356 5288 1531 5341 attulit
1571 5304 1689 5357 pag.
1749 5287 1849 5343 ι96
1897 5303 1961 5341 ex
1998 5288 2136 5346 libro

574 5393 706 5439 xvii.
734 5394 849 5448 cap.
885 5378 977 5444 2'7,
1016 5380 1096 5434 sic
1153 5378 1389 5449 loquitur
1440 5378 1766 5448 hicephorus
1801 5399 1815 5433 :
1844 5380 2002 5453 Παρὰ
2029 5380 2136 5435 τῶν

572 5467 755 5530 κακῶς
815 5467 1238 5539 συγ-γραφέντων
1310 5469 1537 5530 ἐκείνοις
1593 5468 2008 5540 ἁπολεξάμενοι,
2037 5472 2138 5527 hoc

571 5565 676 5620 est,
701 5554 833 5610 Cum
856 5558 998 5627 ipsas
1020 5558 1372 5629 blasphemias
1417 5574 1482 5611 ea:
1513 5560 1598 5621 iis,
1625 5573 2039 5628 qumperperam
2073 5562 2136 5615 ab

573 5643 680 5697 illis
715 5643 966 5715 (Didyme
993 5661 1209 5716 nempe,
1253 5645 1482 5715 Evagrio
1522 5655 1576 5700 et
1606 5644 1909 5719 Theodoro)
1939 5650 2138 5720 scripta

572 5733 1173 5806 fuerant,collegissent.
1234 5736 1433 5793 Verum
1503 5738 1667 5792 citata
1728 5738 1941 5810 Evagrii
1975 5742 2135 5795 verba

576 5823 870 5886 praeacutis
902 5823 990 5878 hic
1025 5825 1298 5888 habuisse,
1327 5826 1435 5880 imo
1458 5824 1580 5880 lere
1607 5828 1961 5897 esscripsisse
1990 5829 2137 5884 vide-

579 5923 669 5967 tur
695 5910 1048 5985 Nicephorus,
1072 5928 1129 5971 ut
1152 5933 1217 5971 ex
1251 5917 1534 5985 utriusque
1564 5916 1695 5973 locis
1721 5919 1860 5975 inter
1879 5934 1937 5975 se
1958 5921 2123 5976 colla-

2241 4745 2495 4798 Ecclesia:
2556 4742 2804 4811 dogmata
2857 4755 2978 4796 esse
3023 4739 3305 4809 profitetur
3344 4747 3406 4792 et
3448 4752 3628 4791 veram
3666 4751 3807 4790 verae

2241 4838 2424 4889 carnis
2465 4833 2939 4897 resurrectionem,
2971 4841 3026 4885 et
3049 4844 3332 4900 ptrnartnu
3370 4827 3563 4882 inferni
3590 4827 3808 4880 aeterni—

2244 4935 2439 4989 tatem;
2472 4926 2562 4978 sed
2607 4924 2746 4993 quod
2804 4931 3011 4991 spectat
3065 4922 3130 4974 ad
3176 4921 3477 4974 animarum
3523 4918 3805 4985 originem.

2241 5026 2353 5071 tres
2373 5018 2449 5070 ait
2470 5032 2589 5070 esse
2617 5015 2931 5079 sententias,
2962 5027 3081 5081 quae
3132 5011 3276 5066 salva
3310 5009 3411 5063 [ille
3435 5006 3644 5063 delendi
3682 5024 3808 5077 pos—

2241 5082 2379 5164 sitit:
2416 5109 2644 5178 primam
2672 5107 2878 5161 scilicet
2907 5107 2971 5159 de
3000 5105 3195 5158 animae
3240 5101 3523 5158 diﬂ'usione
3576 5117 3670 5171 per
3702 5112 3809 5153 tra-

2240 5201 2462 5264 ducem;
2498 5199 2744 5260 alteram,
2779 5197 2921 5265 quod
2943 5195 3184 5266 formatis
3223 5195 3278 5247 in
3310 5203 3456 5247 utero
3502 5191 3809 5258 corporibus

2244 5292 2382 5347 Deus
2418 5293 2651 5362 quotidie
2682 5291 2842 5359 faciat
2886 5293 3118 5352 animas,
3166 5298 3213 5342 et
3267 5287 3551 5356 infundat;
3598 5285 3808 5341 tertiam

2241 5380 2508 5450 Origenis,
2534 5382 2672 5451 quod
2732 5382 2900 5451 factas
2953 5380 3060 5440 iam
3121 5381 3267 5444 olim,
3315 5380 3370 5433 id
3404 5387 3503 5443 est,
3542 5388 3667 5429 tunc
3693 5392 3811 5430 cum

2243 5475 2417 5527 omnia
2445 5472 2586 5529 Deus
2614 5472 2808 5527 creavit
2856 5487 2921 5525 ex
2958 5470 3146 5535 nihilo,
3192 5487 3328 5524 nunc
3362 5487 3450 5523 eas
3478 5469 3681 5538 judicio
3716 5483 3813 5518 suo

2242 5565 2497 5631 dispenset
2524 5564 2830 5633 incorpore.
2864 5560 2948 5615 Ex
2991 5565 3165 5617 tribus
3200 5571 3380 5615 autem
3432 5560 3581 5614 hisce
3609 5557 3815 5625 epiniu-

2245 5656 2402 5710 nibus
2426 5671 2589 5725 quam
2641 5655 2791 5726 sequi
2845 5656 3056 5720 debeat,
3108 5670 3166 5709 se
3220 5656 3468 5725 ignorare
3514 5649 3808 5721 subiungit.

2243 5742 2578 5814 Quapropter
2611 5745 2804 5798 mirum
2838 5760 2942 5800 non
2966 5754 3076 5807 est.
3124 5746 3180 5798 'si
3208 5745 3489 5814 Didymum
3538 5757 3809 5810 nunquam

2242 5833 2515 5887 contraria
2538 5833 2819 5887 catholica:
2852 5834 3108 5891 Ecclesiae.
3127 5832 3309 5907 [LVII]
3329 5832 3674 5902 dogmatibus
3700 5842 3812 5886 tra-

2244 5918 2445 5976 didisse
2476 5923 2545 5976 ait
2576 5921 2825 5990 Rutilius,
2850 5926 2951 5979 etsi
2983 5924 3237 5998 Didymus
3284 5927 3398 5996 ipse
3422 5924 3670 5994 Origenis
3696 5924 3811 5993 epi-
