4108 6436
514 426 609 481 923

1960 417 2045 472 DE
2089 414 2344 470 Ι)ιυῖΜο

3649 411 3759 465 ﬁli.

517 550 794 607 peccatum
840 549 909 591 sit
953 535 1281 606 conjugimn.
1326 539 1493 593 Aliter
1540 539 1702 593 etiam
1751 538 1853 592 dici
1907 547 2082 605 potest
2111 541 2152 596 Α
2186 537 2235 588 in
2265 534 2592 597 Abrahanm,
2639 532 2867 600 aliisque
2916 533 3122 587 sanctis
3174 549 3240 587 ex
3293 532 3490 587 Chriin
3549 546 3759 585 venturi

520 624 692 692 magis
720 623 959 692 physice.
996 625 1181 679 Divina
1210 626 1452 692 quaedam
1484 641 1570 681 res
1595 637 1679 681 est
1708 626 2006 693 virginitas,
2029 636 2082 679 et

526 728 779 784 tanquam
813 718 862 769 in
895 717 1183 770 virtutibus
1207 718 1437 777 exsistit.
1463 718 1520 772 Si
1542 719 1663 788 quis
1692 719 1851 788 igitur
1874 720 2084 786 nuptias

523 823 642 862 rum
696 808 1002 872 virginitate
1051 808 1358 874 conferens,
1422 810 1565 879 ipsas
1616 811 1757 863 dicat
1804 820 2083 879 peccatum

523 918 664 969 csse,
703 918 806 956 non
844 902 1086 956 absolute
1129 910 1253 954 sunt
1285 911 1563 968 peccatum
1618 918 1632 955 :
1692 902 1887 955 malum
1943 903 2085 956 enim

527 1010 628 1046 non
662 994 1062 1061 comparatione
1089 992 1209 1047 boni
1243 994 1439 1046 malum
1470 1003 1586 1061 est;
1620 994 1878 1061 siquidem
1910 1007 2003 1062 per
2031 1007 2088 1045 se

530 1083 633 1136 tale
659 1090 760 1136 est.
804 1101 823 1135 ι
883 1082 1150 1136 Hactenus
1198 1082 1452 1152 Didymus
1501 1102 1512 1135 :
1560 1098 1717 1151 quem
1766 1097 1930 1151 pravo
1979 1081 2090 1134 haec

529 1189 686 1227 sensu
715 1174 947 1227 dictasse
976 1172 1226 1241 equidem
1251 1186 1577 1239 persuasum
1611 1187 1714 1226 non
1744 1171 1932 1223 habeo.

606 1246 733 1317 Nam
763 1265 954 1332 primo,
992 1263 1112 1332 quis
1134 1264 1320 1316 credat
1346 1277 1488 1325 eum,
1518 1263 1606 1330 qtti
1653 1270 1938 1330 perpetuus
1985 1258 2092 1311 Ma-

535 1358 860 1410 nichawrum
898 1354 1237 1408 adversarius
1270 1352 1390 1414 fuit,
1436 1354 1647 1420 nuptias
1690 1353 1996 1414 damnasse,
2038 1359 2096 1402 ut

536 1450 811 1503 ΜδιιῐεΙιωί
846 1448 1134 1510 faciebant.
1171 1447 1329 1516 idque
1368 1446 1418 1498 in
1453 1460 1518 1499 eo
1571 1444 1706 1497 libro
1756 1457 1914 1511 quem
1958 1442 2095 1494 scri-

537 1544 636 1608 psit
668 1543 914 1594 adversus
946 1537 1307 1592 Manicha'os.’
1333 1535 1598 1595 Secundo.
1630 1542 1846 1588 sanctos
1888 1530 2100 1586 Veteris

536 1629 862 1683 Testamenti
898 1630 1098 1683 sanctis
1145 1626 1275 1680 Novi
1317 1625 1643 1681 Testameuti
1694 1624 1928 1690 aequales
1978 1637 2099 1677 esse

540 1719 649 1771 vult
696 1719 968 1789 Didymus,
1004 1719 1160 1785 idque
1204 1717 1319 1771 l'use
1348 1719 1577 1786 probare
1616 1716 1805 1770 nititur
1839 1716 1891 1770 in
1928 1715 2103 1771 Euar-

539 1807 845 1863 rationibus.
875 1810 939 1862 At
969 1809 1090 1878 quis
1114 1810 1284 1863 nescit
1307 1807 1590 1877 plerosque
1614 1806 1803 1861 saltent
1833 1822 1863 1862 e
1899 1810 2103 1861 sanctis

2192 625 2399 678 meritis
2431 639 2444 673 :
2479 622 2595 689 sed,
2629 632 2685 676 ut
2717 637 2817 690 ego
2841 638 3055 684 censeo.
3091 623 3290 677 nullam
3326 622 3485 676 aliam
3519 629 3589 677 ob
3633 638 3762 675 cau-

2190 729 2305 768 sam
2343 731 2401 768 ea
2432 714 2593 769 verba
2638 713 2833 783 adjecit
2876 712 3153 783 Didymus,
3205 716 3303 767 nisi
3346 724 3400 765 ut
3444 714 3604 766 aliunt
3655 712 3766 766 Ma-

2194 806 2521 859 niclneorum
2567 818 2805 859 errorem
2852 802 3143 866 refelleret,
3186 804 3276 871 qui
3314 804 3530 872 nuptias
3576 817 3767 856 omnes

2195 894 2307 947 sive
2339 894 2391 946 in
2419 891 2625 955 Veteri,
2654 892 2767 946 sive
2803 892 2851 944 in
2889 890 3037 945 Novo
3071 890 3419 944 Testamento
3453 890 3621 942 mulas
3649 904 3770 945 esse

2197 986 2483 1040 docebant.
2514 983 2608 1037 llis
2628 983 2952 1053 prtemissis,
2979 982 3184 1048 judicct
3213 983 3403 1045 lector,
3437 992 3616 1035 utrum
3640 980 3768 1034 alla.

2201 1086 2284 1139 tps
2315 1074 2522 1145 Didymi
2557 1074 2705 1128 locus
2737 1072 2930 1126 merito
2963 1082 3247 1125 accusetur
3282 1086 3312 1124 a
3344 1071 3630 1141 Basnagio.

2410 1235 2533 1289 CAP.
2576 1232 2712 1286 XVI.
2761 1232 2831 1285 De
2872 1231 3107 1298 Epistula
3142 1231 3368 1283 secunda
3409 1228 3569 1283 Petri.

2278 1349 2579 1403 Secundam
2628 1345 2772 1400 Petri
2827 1345 3108 1409 epistolam
3173 1345 3223 1396 in
3274 1341 3773 1396 dentcrocanonieis
3818 1388 3819 1391 η

2206 1438 2503 1509 Scripturis
2546 1436 2817 1491 numerari
2864 1445 3061 1488 norunt
3113 1432 3367 1501 theologi.
3406 1430 3590 1500 Itaque
3633 1431 3677 1483 si
3706 1430 3774 1485 de

2206 1549 2264 1586 ca
2304 1536 2403 1586 hoc
2447 1540 2651 1585 tanturn
2685 1530 2905 1581 dixisset
2942 1528 3215 1596 Didymus,
3244 1525 3406 1592 ipsum
3439 1540 3539 1577 non
3564 1538 3676 1577 esse
3720 1521 3777 1575 in

2207 1624 2435 1689 Conone,
2481 1621 2826 1677 excusatione
2856 1619 3048 1689 dignus
3086 1619 3222 1671 foret
3250 1635 3260 1667 :
3302 1616 3524 1670 necdum
3555 1615 3698 1669 enim
3723 1613 3775 1668 in

2212 1714 2610 1783 scripturarum
2658 1709 2932 1764 Canonem
2981 1712 3047 1762 ab
3093 1707 3363 1770 omnibus,
3407 1723 3505 1760 nec
3545 1704 3772 1760 solemni

2214 1806 2534 1861 universalis
2588 1803 2839 1858 Ecclesiae
2868 1802 3084 1856 decreto
3131 1799 3296 1852 relata
3343 1798 3536 1851 luerat.
3583 1795 3778 1849 Verum

546 1900 746 1954 Vetusti
778 1899 1106 1953 Testamenti
1149 1898 1279 1953 viris
1311 1913 1478 1954 uxore
1510 1914 1613 1953 non
1642 1897 1914 1952 caruisse?
1972 1896 2108 1950 Terw
2143 1894 2181 1946 Β
2214 1901 2380 1969 ipsum
2408 1907 2664 1967 praeterea
2691 1895 2940 1964 falsatum
2963 1892 3115 1946 dicit.
3140 1890 3233 1944 llis
3263 1891 3404 1944 enim
3433 1889 3610 1943 verbis
3630 1902 3786 1941 enar-

542 1998 635 2055 tio,
663 1991 907 2047 Grmcum
939 1990 1095 2059 hujus
1142 1990 1244 2044 loci
1284 1998 1489 2045 textum
1537 2002 1641 2045 non
1681 1988 1899 2042 omnino
1935 1987 2110 2042 since-

544 2100 657 2138 rum
696 2084 762 2137 ad
794 2098 890 2137 nos
919 2081 1225 2149 pervenisse
1260 2080 1600 2149 perspicuum
1648 2088 1729 2133 est
1777 2096 1789 2132 :
1840 2092 1963 2133 nam
2019 2077 2108 2131 ubi

544 2175 842 2227 Turrianus
869 2173 1064 2227 vertit:
1096 2158 1326 2225 Audiam
1349 2170 1459 2235 isti,
1498 2170 1638 2240 quod
1675 2177 1796 2221 ante
1835 2168 2111 2221 adventum

544 2267 857 2328 Saluatoris,
877 2266 964 2334 qui
997 2263 1209 2321 abstulit
1240 2275 1504 2331 peccatum
1531 2260 1737 2323 mundi,
1762 2260 1805 2311 si
1831 2274 2003 2311 omnes
2029 2256 2117 2309 Ito-

550 2361 709 2413 mines
733 2370 783 2412 et
802 2357 1003 2427 reliqua
1026 2375 1041 2423 ;
1068 2356 1429 2427 quid,quaaso,
1454 2354 1553 2408 sibi
1570 2353 1681 2406 vult
1707 2350 1889 2406 vocula
1920 2349 2007 2404 illa
2030 2347 2118 2401 si?

552 2466 728 2506 nonne
760 2449 1064 2520 perplexam
1110 2447 1305 2510 reddit,
1340 2447 1446 2499 imo
1501 2444 1730 2498 hiulcam
1778 2438 2117 2499 orationem?

552 2542 749 2596 Eadem
789 2550 964 2599 tamen
992 2536 1265 2593 estGrmci
1298 2534 1459 2589 etiam
1497 2542 1673 2587 textus
1717 2530 1891 2585 lectio.
1931 2527 2118 2595 Itaque

557 2647 673 2685 meo
700 2630 917 2700 quidem
953 2628 1159 2698 judicio
1189 2635 1474 2695 corruptus
1496 2633 1598 2690 est,
1633 2636 1696 2676 ac
1746 2619 2033 2675 mendosus
2055 2632 2117 2669 ea

555 2731 666 2796 ipsa
718 2729 770 2782 in
827 2735 996 2796 parte,
1053 2738 1158 2794 qua
1208 2722 1442 2783 maxime
1499 2718 1748 2773 innititur
1799 2711 2116 2781 Basnagius.

551 2819 775 2885 Quarto,
835 2816 879 2869 si
930 2816 1143 2883 nuptias
1173 2821 1297 2877 ante
1349 2809 1552 2867 Christi
1604 2809 1889 2862 adventum
1952 2803 2123 2858 malas

557 2909 722 2961 fuisse
757 2907 1005 2974 opinatus
1052 2903 1243 2961 fuisset
1272 2901 1550 2970 Didymus,
1602 2896 1857 2951 continuo
1901 2893 2122 2948 alteram

558 2998 956 3067 responsionem
990 3009 1094 3050 non
1125 2992 1419 3046 addidisset
1462 3007 1477 3043 :
1523 2988 1579 3043 Si
1624 2989 1741 3058 quis
1764 2987 1969 3053 nuptias
2008 2998 2123 3036 cum

556 3091 858 3159 uirginitate
889 3086 1178 3155 conferens,
1215 3083 1350 3149 ipsas
1391 3082 1531 3134 dicat
1572 3089 1837 3149 peccatum
1872 3092 2000 3139 esse,
2025 3091 2124 3128 non

559 3180 793 3235 absolute
822 3187 941 3233 sunt
971 3187 1256 3245 peccatum,
1291 3183 1398 3239 etc.
1442 3170 1744 3233 Postremo,
1783 3171 1921 3238 quod
1968 3172 2126 3235 caput
2156 3218 2195 3245 ι,

562 3282 671 3337 est,
700 3270 937 3340 postulat
982 3268 1229 3337 aequitas,
1271 3273 1328 3321 ut
1373 3274 1479 3318 tam
1512 3263 1681 3331 turpis
1714 3277 1864 3315 error
1902 3258 2128 3329 Didyme

564 3380 668 3420 non
700 3363 986 3428 tribuatur,
1014 3359 1116 3414 nisi
1158 3357 1344 3415 saltem
1372 3357 1426 3412 in
1452 3354 1624 3429 allatis
1657 3353 1852 3420 verbis,
1888 3353 2004 3407 licet
2035 3351 2131 3403 ali—

563 3454 688 3509 cubi
715 3452 1005 3517 mendosis,
1037 3449 1316 3520 perspicue
1343 3449 1387 3502 is
1429 3455 1701 3516 appareat.
1755 3444 1944 3498 Verum
1969 3440 2011 3494 si
2049 3450 2132 3495 at-

568 3555 713 3601 tente
740 3543 944 3613 singula
973 3540 1183 3612 Didymi
1230 3540 1390 3601 verba
1440 3535 1876 3606 expenderimus,
1927 3533 2130 3588 nullum

566 3638 921 3700 inveniemus,
944 3634 1086 3704 quod
1111 3647 1231 3688 eunt
1257 3631 1615 3687 condemnare
1640 3643 1736 3681 nos
1782 3636 1956 3695 cogat.
2001 3625 2132 3678 Dum

564 3734 709 3789 enim
742 3732 841 3794 ait,
878 3727 1109 3797 Nuptias
1140 3740 1256 3782 cum
1284 3731 1492 3793 peccato
1524 3720 1803 3783 habebant,
1840 3719 1969 3772 nihil
1990 3717 2134 3770 aliud

566 3825 808 3886 denotat,
839 3831 895 3875 ιιι
924 3830 1073 3889 puto,
1098 3816 1200 3871 nisi
1235 3823 1514 3886 peccatum
1551 3809 1835 3880 originale,
1876 3808 2015 3876 quod
2046 3822 2140 3876 per

570 3917 844 3973 Christum
878 3911 1110 3970 deletum
1148 3918 1255 3975 est,
1287 3923 1350 3963 ac
1381 3906 1611 3963 deletur.
1664 3902 1720 3955 Si
1768 3899 1914 3954 enim
1962 3900 2141 3954 verbis

574 4008 725 4064 hisce
758 4005 1110 4070 iudicaretur,
1136 4000 1306 4057 malas
1329 3998 1456 4055 olim
1486 3994 1656 4049 fuisse
1686 4005 1875 4046 omnes
1904 3990 2140 4059 nuptias,

575 4108 894 4171 sequvntur
923 4105 980 4150 ut
1003 4095 1163 4150 verba
1193 4077 1353 4145 etiam
1379 4102 1499 4157 quae
1532 4085 1776 4155 proxime
1797 4082 2140 4146 antecedunt,

574 4189 697 4244 Alia
731 4205 844 4243 cum
868 4194 1080 4256 peccato
1107 4181 1346 4252 agebant,
1372 4175 1742 4248 signiﬁcarent
1781 4171 1949 4225 malas
1982 4172 2146 4227 fuisse

577 4283 845 4354 quaslibet
879 4279 1089 4332 illorum
1120 4272 1360 4333 omnium
1390 4270 1654 4332 actiones,
1681 4265 1770 4334 qui
1800 4274 1924 4318 aute
1947 4263 2145 4319 Christi

578 4377 867 4431 adventum
910 4370 1060 4424 fuere
1097 4381 1113 4421 :
1156 4380 1262 4435 quo
1312 4362 1446 4418 nihil
1492 4375 1598 4415 non
1657 4359 1819 4414 modo.
1863 4356 2149 4413 absurdius

578 4464 876 4533 excogitari
920 4469 1119 4530 potest,
1178 4455 1270 4513 sed
1309 4469 1377 4520 ne
1423 4452 1647 4523 Didymo
1704 4447 1921 4519 quidem
1975 4447 2146 4515 magis

582 4552 940 4612 contrarium.
988 4548 1121 4607 Nam
1182 4556 1236 4603 et
1286 4555 1504 4603 sanctos
1556 4540 1768 4599 Veteris
1822 4539 2149 4596 Testamenti
2184 4550 2229 4609 ο

583 4648 770 4702 laudat
803 4643 855 4697 in
892 4641 1143 4701 omnibus
1184 4639 1273 4708 qui
1324 4642 1538 4692 exstant
1587 4633 1771 4696 libris;
1827 4631 1887 4685 et
1934 4643 2148 4684 omnem

583 4739 759 4809 quoad
797 4738 897 4791 hoc
932 4732 1321 4790 dubitationem
1355 4727 1544 4783 tollunt
1583 4741 1703 4795 quae
1739 4725 1791 4779 in
1843 4721 2149 4779 Eaarratio-

587 4831 737 4885 nibus
768 4829 833 4879 ad
864 4834 1025 4894 caput
1060 4839 1072 4876 I
1104 4820 1353 4890 Epistola:
1384 4818 1402 4872 Ι
1432 4818 1575 4873 Pctri
1627 4815 1848 4871 disserit
1895 4813 2011 4880 ipse
2063 4812 2151 4865 Di-

588 4921 780 4989 dymus
811 4918 877 4969 de
901 4913 1101 4983 duplici
1137 4910 1340 4965 Christi
1382 4912 1637 4974 adventu,
1672 4903 1914 4961 sensibili
1960 4900 2154 4964 altero,

591 5009 763 5063 altero
794 5004 1136 5074 inlelligibili,
1181 5000 1332 5068 cujus
1362 4998 1649 5068 participes
1681 4995 1847 5050 fuisse
1880 4989 2041 5065 [LIX]
2082 4991 2153 5043 ait

591 5113 811 5157 sanctos
844 5096 1060 5153 Veteris
1092 5091 1446 5147 'l'estamenti.
1481 5089 1687 5155 Quibus
1716 5085 1912 5140 similia
1941 5082 2075 5135 libro
2100 5096 2156 5143 tu

596 5194 671 5247 De
715 5191 860 5252 Trin.
898 5204 1019 5257 eap.
1051 5187 1142 5250 23,
1177 5183 1419 5248 dictavit,
1476 5197 1595 5252 pag.
1632 5179 1755 5235 512.
1822 5177 1974 5242 Quod
2033 5188 2160 5226 vero

596 5282 871 5352 subjungit
899 5280 1177 5349 Didymus,
1217 5291 1308 5343 per
1351 5273 1563 5328 Christi
1593 5270 1868 5324 aduentum
1915 5266 2051 5320 sicut
2094 5262 2159 5314 ab

598 5380 715 5433 aliis
747 5378 916 5440 rebus,
952 5374 1024 5431 sic
1055 5390 1085 5425 a
1120 5372 1315 5439 nuptiis
1350 5367 1584 5421 ablatum
1630 5381 1738 5425 esse
1773 5371 2061 5432 peccatum,
2113 5359 2160 5408 id

598 5483 810 5540 quoque
857 5469 921 5521 de
961 5475 1185 5535 peccato
1253 5459 1500 5535 originali
1555 5453 1956 5525 intelligendum
2013 5459 2159 5517 puto.

604 5564 821 5623 Demum
860 5572 977 5626 quae
1013 5557 1159 5612 addit
1190 5558 1253 5608 de
1282 5548 1671 5607 honorabilibus
1702 5544 1912 5612 nuptiis,
1964 5557 2066 5594 non
2102 5554 2166 5592 co

603 5659 870 5719 spectant,
907 5658 966 5703 ut
991 5647 1192 5717 nuptis:
1230 5646 1282 5699 in
1317 5640 1496 5697 Veteri
1548 5637 1897 5691 Testamento
1941 5632 2167 5683 Iwnora-

604 5730 731 5793 biles
773 5753 893 5793 esse
933 5753 1037 5793 non
1068 5743 1310 5808 possent,
1342 5732 1442 5787 etsi
1477 5730 1709 5784 nondum
1749 5725 1814 5780 ad
1850 5719 2167 5777 sacramenti

609 5831 917 5910 dignitatem
950 5839 1179 5901 evectae;
1217 5822 1561 5891 honorabiles
1607 5819 1747 5876 enim
1801 5816 1973 5886 rcipsa
2022 5811 2170 5878 luere

2217 1991 2474 2043 rationem
2523 1988 2575 2040 in
2606 1988 2740 2041 hanc
2785 1985 3057 2054 epistolam
3088 1981 3361 2037 concludit
3389 2000 3402 2034 :
3443 1979 3561 2032 Non
3592 1989 3664 2032 est
3686 1979 3786 2048 igi.

2217 2089 2301 2132 tur
2354 2078 2739 2147 ignorantium,
2797 2083 3101 2144 promentem
3133 2070 3407 2139 epistolam
3469 2085 3577 2122 esse
3619 2067 3785 2136 falsa-

2216 2180 2370 2222 tam:
2419 2167 2677 2235 quwlicct
2710 2164 3047 2237 ‘pttltlicctur,
3098 2179 3195 2214 non
3246 2173 3415 2213 tamrn
3471 2160 3522 2212 in
3574 2155 3788 2213 Canam

2217 2270 2309 2315 est.

2289 2347 2564 2415 Adjectam
2603 2344 2763 2399 fuisse
2808 2346 2873 2395 ab
2900 2342 3076 2409 aliquo
3117 2342 3253 2394 hanc
3281 2336 3577 2391 clausulam
3605 2334 3788 2405 suspi--

2220 2451 2374 2492 eatur
2402 2436 2722 2502 Basnagius.
2748 2433 2911 2502 Cujus
2941 2433 3247 2503 opinionem
3280 2431 3507 2483 libenter
3537 2425 3783 2494 equidem

2223 2526 2602 2594 amplecterer,
2639 2525 2683 2577 si
2745 2538 2956 2578 nossem
3014 2537 3117 2590 qua
3157 2520 3364 2573 ratione
3416 2526 3564 2572 certo
3592 2514 3790 2570 conﬁr-

2225 2619 2356 2671 mari
2401 2615 2591 2685 possit.
2634 2611 2760 2686 Sed,
2798 2627 2919 2667 cum
2955 2611 3007 2665 id
3055 2611 3316 2681 ignorem,
3364 2607 3492 2661 illud
3531 2607 3794 2660 duntaxat
3832 2634 3839 2639 -

2226 2719 2338 2763 tuto
2376 2708 2477 2761 hac
2518 2706 2568 2759 in
2621 2718 2677 2758 re
2708 2712 2949 2759 statuere
2991 2716 3146 2772 posse
3180 2700 3305 2754 mihi
3342 2700 3546 2765 videor,
3592 2699 3796 2768 episto-

2226 2801 2329 2854 lam
2377 2799 2515 2853 hauc
2558 2807 2614 2849 ut
2656 2810 2937 2849 sacrarum
2979 2793 3381 2861 Scripturarum
3430 2792 3651 2854 librum,
3701 2798 3795 2843 aut

2228 2896 2431 2959 partem
2457 2884 2694 2955 agnitum
2730 2898 2758 2935 a
2783 2882 3009 2953 Didyme
3046 2880 3234 2935 fuisse.
3265 2881 3317 2933 In
3358 2879 3507 2933 libris
3546 2878 3687 2930 enim
3721 2877 3797 2929 De

2231 2978 2486 3042 Trinitate
2520 2976 2677 3029 Petro
2708 2974 2904 3040 smpius
2943 2987 3061 3026 eam
3107 2974 3314 3037 tribuit,
3355 2980 3410 3026 et
3456 2972 3630 3024 instar
3666 2968 3801 3022 alio-

2233 3084 2351 3120 rntn
2408 3065 2706 3134 Scriptura:
2747 3065 3004 3117 librorum
3056 3062 3224 3127 citat;
3268 3063 3318 3115 in
3357 3059 3797 3114 Enarrationibus

2233 3173 2361 3211 vero
2397 3158 2566 3225 ipsam
2596 3171 2807 3224 quoque
2834 3170 2936 3208 una
2978 3169 3098 3207 cum
3135 3154 3253 3207 aliis
3278 3151 3570 3206 Catltolicis
3593 3151 3795 3219 episto-

2232 3250 2298 3303 lis
2333 3250 2716 3316 interpretatur
2746 3265 2758 3299 :
2790 3262 2853 3300 ac
2890 3246 3102 3299 demum
3139 3246 3191 3298 in
3218 3245 3393 3298 allatis
3447 3245 3622 3298 verbis
3666 3256 3802 3311 opus

2231 3340 2549 3410 publicatum
2604 3338 2746 3392 illam
2784 3347 3075 3407 nuncupat.
3115 3337 3252 3404 Quid
3310 3346 3487 3389 autem
3543 3335 3800 3387 librormn

2233 3431 2614 3501 publicatorum
2645 3428 2899 3483 vocabulo
2941 3429 3201 3497 detignet,
3230 3427 3529 3495 intelligere
3569 3426 3692 3479 licet
3738 3439 3804 3482 ex

2235 3524 2301 3579 iis
2346 3538 2462 3592 quae
2528 3523 2573 3575 is
2625 3523 2848 3575 dictavit
2912 3521 2964 3572 in
3008 3519 3406 3573 commentariis
3435 3520 3488 3570 in
3541 3522 3687 3581 Acta,
3739 3517 3804 3570 ad

2235 3629 2377 3667 vers.
2432 3612 2498 3665 59
2529 3612 2717 3681 captis
2752 3626 2867 3662 VIII.
2924 3610 2994 3663 lbi
3042 3610 3182 3663 enim
3221 3620 3502 3678 postquam
3536 3608 3806 3660 Eunt-hum

2239 3704 2553 3758 translatum
2603 3703 2775 3755 luisse
2805 3702 2960 3767 dixit,
3016 3701 3065 3755 id
3111 3713 3193 3755 est
3241 3718 3306 3754 cx
3355 3706 3471 3753 loco
3533 3701 3582 3752 in
3634 3698 3809 3757 locum

2239 3797 2496 3859 delatum,
2546 3791 2817 3861 subjungit
2883 3809 2896 3845 :
2956 3790 3215 3858 Quoniam
3250 3807 3361 3844 vero
3397 3792 3451 3842 ἐν
3500 3790 3621 3852 ταῖς
3665 3787 3816 3857 δεδησ-

2245 3885 2625 3958 μοσιευμέναις
2655 3883 2878 3955 βίϐλοις,
2917 3884 2967 3938 id
3002 3893 3104 3946 est,
3137 3884 3187 3935 in
3219 3883 3363 3933 libris
3387 3879 3681 3946 publicatis,
3709 3894 3814 3930 non

2245 3979 2554 4048 exprimitur
2591 3993 2692 4048 quo
2720 3975 2763 4029 is
2788 3973 3116 4044 pervenerit;
3169 3974 3220 4023 in
3251 3969 3555 4039 apocrypltis
3598 3967 3814 4030 dicitur,

2246 4087 2360 4127 eum
2415 4073 2469 4124 in
2510 4069 2819 4139 paradisum
2875 4063 3184 4118 translatum
3214 4077 3343 4114 esse.

2317 4162 2454 4228 Quid
2484 4170 2662 4213 autem
2695 4158 2799 4213 sibi
2852 4157 2976 4211 velit
3022 4155 3299 4224 Didymus,
3350 4167 3471 4204 cum
3521 4162 3639 4202 eam
3689 4145 3818 4215 Epi-.

2251 4254 2441 4308 stolam
2496 4250 2747 4319 falsatum
2778 4262 2897 4302 esse
2932 4245 3160 4303 alﬂrmat
3188 4283 3202 4308 ,
3250 4242 3455 4295 nescire
3505 4255 3590 4292 me
3626 4235 3814 4289 lateor.

2254 4345 2555 4416 Exprobrat
2584 4343 2800 4413 quidem
2840 4342 2953 4410 ipse
2988 4337 3256 4393 hmreticis
3297 4337 3432 4389 libro
3496 4349 3533 4385 ιι
3587 4332 3659 4384 De
3701 4328 3820 4382 Tn"

2257 4440 2439 4501 nitate,
2491 4418 2634 4503 quod
2673 4432 2825 4502 plura
2873 4430 3166 4498 Scriptura:
3206 4428 3323 4483 loca
3364 4426 3683 4492 depravare,
3725 4432 3820 4473 seu

2260 4530 2456 4598 falsare
2483 4526 2660 4582 conati
2694 4524 2838 4589 sint;
2880 4523 3008 4591 quin
3040 4521 3201 4574 etiam
3236 4514 3561 4584 exemplaria
3603 4512 3681 4565 sic
3711 4509 3820 4581 fal-

2254 4629 2373 4676 sata
2399 4620 2450 4673 in
2481 4615 2917 4673 Orthodoxorum
2961 4626 3149 4665 manus
3186 4610 3395 4663 venisse
3437 4604 3818 4672 conqueritur;

2255 4726 2519 4781 nusquam
2547 4719 2726 4763 tamen
2761 4713 2850 4757 aut
2878 4704 3012 4773 ipse,
3038 4711 3130 4755 aut
3157 4700 3294 4752 ullus
3326 4682 3463 4750 alius
3491 4711 3521 4749 e
3550 4692 3826 4748 veteribus

2257 4802 2506 4859 Patribus
2539 4797 2776 4866 scripsit,
2825 4793 3120 4857 Ecclesiatu
3159 4791 3385 4845 sinceris
3413 4787 3819 4855 Scripturarum

2256 4891 2654 4960 exemplaribus
2711 4887 3021 4941 destitutam
3078 4882 3264 4935 luisse.
3319 4876 3590 4935 Credibile
3641 4874 3825 4941 itaque

2260 4996 2365 5035 nou
2401 4980 2626 5043 videtur,
2655 4977 2793 5029 hanc
2828 4985 2947 5026 esse
2970 4969 3176 5040 Didymi
3220 4976 3475 5028 mentem,
3513 4973 3570 5015 ut
3593 4960 3823 5031 genuina

2260 5072 2505 5128 secunda:
2544 5068 2685 5123 Petri
2724 5064 2963 5138 epistola:
3011 5061 3336 5131 exemplaria
3378 5057 3573 5110 amissa
3610 5053 3736 5108 velit
3764 5051 3835 5107 ab.

2261 5163 2519 5217 Eetrlesia.
2557 5163 2623 5212 At
2669 5159 2711 5211 si
2761 5159 2810 5210 id
2866 5156 3039 5225 reipsa
3077 5152 3350 5217 voluisset,
3399 5146 3631 5201 absurda
3677 5144 3833 5213 plane

2263 5264 2402 5307 esset
2437 5251 2579 5304 illius
2614 5248 2901 5303 sententia.

2263 5368 2389 5419 CAP.
2423 5362 2587 5418 XVII.
2630 5360 2703 5412 De
2734 5359 2945 5428 Didymi
2991 5356 3136 5426 fama
3179 5364 3290 5419 post
3332 5352 3525 5407 obitum
3557 5346 3705 5402 ualde
3746 5343 3838 5397 οδε

2933 5438 3159 5480 scuram.

2339 5524 2482 5578 Sais
2517 5523 2626 5591 jam
2672 5536 2733 5574 ea
2781 5532 2900 5589 quae
2944 5519 2995 5571 in
3056 5515 3264 5587 Didymi
3313 5511 3529 5580 scriptis
3564 5517 3652 5560 aut
3695 5505 3843 5574 jure,

2268 5629 2361 5672 aut
2389 5618 2583 5687 injuria
2633 5616 2958 5685 reprehensa
2992 5612 3163 5675 fuere,
3201 5608 3463 5679 persecuti
3494 5616 3701 5655 sumus.
3732 5599 3841 5652 Su-

2272 5722 2451 5777 perest
2483 5724 2643 5779 nunc
2671 5716 2901 5770 tantum,
2940 5714 2996 5757 ut
3043 5705 3109 5757 de
3154 5704 3295 5756 illius
3335 5695 3736 5753 existimatione
3778 5706 3844 5745 ac

2276 5802 2415 5869 fama
2446 5815 2785 5869 summopere
2831 5807 2949 5867 post
2993 5795 3197 5850 obitum
3230 5795 3514 5848 obscurata
3561 5787 3841 5857 dicamus;
