4108 6420
278 388 369 444 3ίὸ

1383 391 1951 448 COMMENTARIUS.
1994 422 2060 434 —
2100 395 2230 449 LIB.
2274 395 2340 450 II.

3372 360 3505 457 an.

274 502 432 574 ipsum
476 501 620 555 enim
671 517 702 555 ιι
757 502 998 571 pluribus
1042 505 1351 559 damnatum
1403 516 1563 573 atque
1609 507 1826 560 anathe-
1855 513 1898 577 Α
1934 508 2104 560 trario
2129 508 2277 562 illum
2332 521 2656 577 magnopere
2702 508 3166 562 commendarunt.
3206 507 3289 562 Ill.
3321 508 3502 583 lnsy—

277 602 401 649 mate
428 593 734 661 perculsum
771 594 935 649 fuisse
965 605 1081 664 post
1102 596 1346 665 quintum
1385 596 1635 650 Ecclesia:
1661 612 1830 651 sa-cu-

274 685 390 749 lum,
427 698 587 738 nemo
626 684 841 739 nescius
866 695 969 740 est.
1020 686 1124 741 Sed
1166 702 1289 741 cum
1324 686 1630 755 hujusmodi
1668 703 1826 758 argu-

276 785 497 830 mentum
543 784 600 828 et
636 778 1040 842 controversiae,
1089 790 1143 832 et
1182 777 1404 847 periculi
1458 778 1669 845 plenum
1712 792 1831 832 esse

274 860 504 932 videam,
547 883 610 924 ac
666 884 816 924 meas
865 872 1085 940 insuper
1128 872 1271 927 vires
1323 872 1372 926 ei
1428 887 1524 940 pro
1575 872 1831 941 dignitate

272 962 540 1016 tractando
589 962 821 1031 impares
859 978 978 1017 esse
1022 979 1331 1032 agnoscam,
1370 964 1511 1033 nihil
1561 964 1701 1016 aliud
1746 962 1828 1017 fa-

270 1053 416 1116 ciam,
444 1053 543 1105 nisi
575 1053 831 1119 breviter,
862 1054 955 1107 sed
978 1053 1190 1108 sincere
1212 1055 1473 1123 attingam
1497 1070 1830 1123 quaecunque

268 1157 374 1193 cum
402 1142 665 1195 adversus
710 1142 1012 1212 Didymum,
1048 1152 1160 1196 tum
1198 1157 1294 1212 pro
1329 1143 1419 1195 illo
1447 1140 1630 1197 aﬂ'erri
1666 1158 1826 1211 posse

266 1233 539 1298 existimo;
577 1244 633 1287 ut
660 1234 911 1288 omnibus
940 1234 1080 1288 inter
1109 1249 1167 1289 se
1210 1234 1417 1289 collatis
1457 1234 1718 1303 judicium
1757 1234 1830 1288 leo

266 1336 371 1375 ctor
395 1322 546 1378 ferre
584 1334 767 1393 queat.
801 1325 1068 1379 Exordior
1096 1334 1273 1380 autem
1319 1340 1348 1379 a
1384 1326 1590 1395 primis,
1625 1326 1722 1379 hoc
1750 1336 1833 1379 est.

268 1417 327 1467 ab
363 1415 449 1478 iis,
479 1428 600 1485 qua
636 1415 830 1470 bonam
885 1417 1091 1488 Didymi
1138 1417 1591 1472 existtmationent
1647 1403 1833 1470 obscu-

268 1516 467 1559 rarunt.

330 1596 469 1668 [LX]
504 1596 817 1667 Quanquam
865 1600 918 1653 in
948 1598 1095 1655 hisce
1127 1599 1297 1655 fusius
1326 1599 1690 1654 describendis
1738 1597 1832 1650 im-

269 1690 457 1742 morari
488 1704 709 1743 necesse
744 1688 875 1744 ‘uon'
901 1701 1003 1755 est,
1033 1707 1155 1745 cum
1194 1700 1245 1745 et
1278 1680 1432 1759 vulgo
1466 1699 1590 1744 nota
1623 1689 1749 1753 sint,
1778 1698 1831 1742 et

268 1782 507 1848 superius
532 1797 561 1833 a
593 1781 745 1835 nobis
782 1783 1040 1847 indicata,
1086 1794 1139 1837 et
1168 1784 1343 1839 fusius
1394 1784 1443 1834 in
1497 1780 1830 1835 Testimouiis

1936 600 2077 653 nodo
2146 598 2404 652 Nitriensi
2456 599 2521 651 ad
2584 595 3043 652 condemnandum
3099 597 3507 669 Origenismunt

1929 692 2027 744 sub
2075 689 2371 758 Theopltilo
2426 689 2790 743 Alexandrino
2831 690 3085 757 episcopo
3129 698 3250 759 post
3284 690 3493 761 Didymi

1928 781 2134 836 obitqu
2177 788 2520 849 congregata,
2556 778 2805 848 quamvis
2844 778 3026 844 plures
3050 778 3368 849 Origenistte
3394 795 3495 835 no-

1930 870 2170 924 minatim
2199 870 2436 923 damnati
2465 871 2592 933 sint,
2640 868 2782 922 nulla
2826 878 3004 922 tamen
3056 868 3262 938 Didymi
3294 872 3497 926 mentio

1929 961 2069 1015 facta
2094 970 2197 1015 est.
2226 961 2410 1030 Itaque
2437 959 2698 1028 suspicari
2742 958 3007 1027 quispiam
3046 958 3266 1013 forsitan
3301 970 3495 1029 potest.

1929 1063 2024 1107 aut
2044 1052 2222 1121 aliqua
2246 1051 2456 1123 Didymi
2485 1053 2685 1119 scripta
2715 1052 3056 1121 postmodum
3082 1053 3150 1105 ab
3178 1050 3497 1118 Origenii-tis

1930 1152 2179 1208 corrupta
2213 1141 2397 1206 fuisse,
2439 1150 2533 1194 aut
2587 1141 2985 1210 supposititium
3034 1141 3271 1209 aliquem
3330 1140 3495 1194 fetum

1930 1233 2029 1286 sub
2059 1231 2177 1300 ejus
2208 1234 2422 1287 nomine
2450 1232 2521 1287 ab
2568 1232 2758 1286 iisdem
2811 1232 3114 1302 evulgatum
3164 1232 3316 1285 bona;
3359 1231 3499 1286 illius

1929 1323 2312 1379 exisdmationi
2343 1323 2631 1392 plurimum
2669 1324 2938 1378 nocuisse.
2967 1322 3056 1376 IV.
3086 1320 3143 1375 In
3176 1323 3310 1376 actis
3341 1323 3501 1391 quin-

1933 1425 2000 1469 ta:
2022 1414 2210 1485 synodi
2242 1414 2449 1483 Didymi
2498 1429 2692 1469 nomen
2733 1429 2999 1485 nusquam
3029 1422 3226 1478 exstat,
3275 1425 3331 1467 ut
3363 1412 3495 1467 dixi.

1830 1503 1843 1525 ‘
1931 1507 1998 1562 ν.
2055 1506 2136 1561 Ne
2192 1505 2531 1561 Justinianus
2596 1507 2810 1575 quidem
2867 1507 3161 1576 imperator
3212 1504 3497 1576 Didymum

1934 1614 2168 1668 unquam
2200 1597 2440 1652 nominat
2478 1598 2530 1652 iu
2559 1597 2668 1651 ullo
2694 1612 2725 1652 e
2757 1599 2996 1666 scriptis,
3020 1612 3138 1667 qua:
3161 1607 3349 1652 contra
3378 1597 3502 1652 Ori-

1932 1706 2122 1759 genem
2155 1690 2341 1745 edidit.
2387 1688 2476 1743 Vl.
2516 1688 2731 1743 Nullum
2771 1698 2951 1744 exstat
2999 1692 3277 1771 antiquum
3319 1702 3503 1742 monu-

1934 1793 2198 1847 mentum,
2230 1782 2372 1851 quod
2399 1796 2499 1837 nos
2527 1784 2737 1847 doceat,
2764 1783 3106 1850 quandonam
3139 1779 3347 1850 Didymi
3374 1792 3501 1848 ope-

265 1884 484 1923 reterum
516 1888 543 1924 a
580 1887 661 1926 me
690 1872 932 1928 collectis
957 1874 1202 1941 exposita
1242 1874 1343 1942 legi
1366 1883 1589 1941 queant.
1621 1871 1700 1924 Ad
1722 1871 1830 1926 duo
1863 1858 1904 1916 Β
1934 1888 1989 1926 ra
2020 1883 2292 1936 accurate,
2341 1881 2399 1926 ut
2457 1888 2556 1942 par
2618 1882 2722 1938 est,
2785 1881 2839 1925 et
2890 1870 3148 1926 canonice
3195 1868 3499 1923 examinata

267 1971 434 2015 autem
484 1965 604 2017 haec
652 1966 827 2031 capita
878 1976 1205 2019 revocantur
1249 1963 1519 2016 universa.
1574 1962 1614 2014 l.
1678 1960 1831 2027 Quod

266 2051 544 2124 Didymum
604 2054 965 2126 Hieronymus
1038 2056 1313 2124 perversis
1386 2053 1832 2121 Origenianorum

265 2145 545 2200 setttentiis
598 2145 856 2199 infectum
926 2145 1093 2198 fuisse
1149 2142 1515 2197 afﬁrmaverit.
1567 2142 1629 2196 Il.
1684 2142 1833 2207 Quod

262 2236 468 2290 etiamsi
505 2237 558 2290 in
606 2236 757 2290 Actis
793 2235 996 2304 quintze
1034 2235 1389 2290 meumenica:
1427 2234 1616 2303 synodi
1668 2234 1834 2302 Didy-

262 2339 405 2377 mum
464 2341 532 2380 ne
578 2326 744 2379 semel
792 2326 1009 2393 quidem
1049 2334 1398 2379 memoratum
1455 2324 1713 2392 legamus,
1754 2336 1833 2378 ta-

259 2430 378 2469 men
423 2417 494 2468 ab
525 2416 616 2469 illa
657 2412 864 2485 synodo
897 2428 990 2469 aut
1023 2417 1218 2483 ipsum,
1251 2426 1341 2468 aut
1370 2417 1615 2483 dogmata
1645 2432 1765 2484 qua:
1788 2417 1833 2470 is

252 2514 607 2573 Sequeretur,
636 2508 885 2560 damnata
934 2507 1098 2560 fuisse
1130 2507 1344 2577 plurimi
1382 2510 1831 2573 asseveravcrint,

208 2620 219 2629 -
252 2596 545 2663 ipsumque
576 2598 783 2665 ipsitnet
828 2599 1154 2661 damnarint,
1204 2613 1395 2666 nempe
1433 2598 1664 2667 Cyrillus
1701 2600 1833 2671 Scy-

254 2689 645 2752 thopolitanus,
709 2687 968 2757 Evagrius
1024 2689 1419 2756 Scholasticus,
1471 2692 1528 2747 S.
1588 2691 1831 2759 Sophro-

257 2778 397 2839 nius,
444 2776 727 2831 Ilcraclius
776 2779 1088 2848 imperator,
1157 2782 1396 2850 synodus
1454 2779 1836 2837 Lateranensis

257 2871 354 2921 sub
391 2868 623 2922 Martino
654 2867 671 2921 I
713 2870 909 2931 habita.
955 2871 1015 2924 S.
1060 2873 1381 2926 Anastasius
1415 2870 1645 2938 Sinaita,
1672 2888 1836 2943 syno-

262 2960 357 3011 dus
387 2971 542 3012 st-xta
589 2964 882 3029 generalis,
915 2963 1299 3018 Constantinus
1330 2963 1634 3031 Pogonatus
1675 2965 1837 3033 impe-

262 3065 439 3114 t‘alOt‘,
505 3053 611 3107 Leo
664 3053 704 3107 II
764 3070 934 3123 papa,
995 3056 1232 3125 synodus
1290 3057 1638 3126 quinisexta,
1697 3057 1835 3112 liber

267 3145 496 3198 ttinrttus
551 3146 913 3201 Romanorum
961 3147 1305 3215 Pontiﬁcum,
1361 3148 1674 3203 Theodorus
1736 3164 1833 3217 pa-

265 3233 500 3287 triarcha
534 3234 1004 3307 lerosolymitanus
1028 3278 1043 3298 .
1076 3237 1118 3290 Τ
1123 3239 1333 3294 arasius
1360 3241 1663 3309 patriarcha
1689 3240 1830 3294 Con-

264 3328 810 3395 stantinopolitantts.
861 3331 1101 3400 synodus
1152 3332 1379 3400 septima
1432 3332 1723 3400 generalis,
1773 3331 1832 3385 S.

263 3414 597 3485 Nicephorus
654 3419 962 3491 patriarcha
1014 3419 1668 3489 Constantinopolitanns,
1721 3417 1838 3470 alii-

262 3520 365 3573 quc
392 3508 653 3565 nonnulli.
709 3507 815 3564 Nec
866 3511 1008 3564 enim
1056 3511 1296 3579 singulos
1342 3511 1407 3564 ad
1448 3524 1609 3561 unum
1647 3521 1836 3560 nume-

265 3611 387 3650 rarc
438 3613 657 3653 incesse
707 3609 808 3663 est,
858 3617 979 3653 rum
1021 3602 1328 3670 plerosque,
1361 3611 1523 3667 atque
1552 3598 1687 3653 adeo
1723 3596 1840 3651 illos

261 3700 492 3757 omnes,
546 3705 768 3756 quorum
844 3706 1032 3760 magna
1100 3701 1183 3746 est
1253 3693 1582 3754 auctoritas,
1662 3687 1837 3742 nomi-

262 3792 467 3830 11³1⁸111).

332 3868 470 3934 Qua:
495 3882 668 3925 autem
700 3890 795 3941 pro
828 3874 1053 3945 Didymo
1082 3874 1259 3928 afferri
1289 3890 1446 3945 posse
1470 3892 1687 3941 censeo,
1727 3882 1840 3935 haec

262 3962 604 4029 potissimum
628 3977 772 4021 sunt.
803 3964 843 4020 I.
886 3966 1144 4032 Quamvis
1172 3964 1530 4038 Hieronymus
1556 3970 1838 4043 Didymum

264 4063 313 4103 ut
344 4051 711 4124 Origeuistam
764 4058 819 4111 in
866 4059 1018 4112 libris
1062 4059 1309 4113 adversus
1352 4060 1602 4130 Ruﬁnum
1638 4064 1840 4133 aliquot

263 4157 378 4211 post
413 4148 584 4214 ipsius
631 4150 837 4220 Didymi
875 4152 1078 4206 obitum
1126 4168 1299 4206 annos
1343 4155 1559 4221 scriptis
1588 4157 1842 4210 traduxe-

266 4235 361 4301 rit;
402 4247 584 4293 tamen
619 4250 671 4294 et
708 4242 855 4294 illum
899 4254 1057 4296 antea
1104 4258 1317 4311 semper
1343 4246 1837 4312 commendaverat,

261 4336 314 4381 et
341 4333 591 4384 eumdem
619 4342 800 4401 utpote
832 4332 884 4386 in
919 4334 1172 4387 Ecclesize
1227 4349 1359 4401 pace
1388 4344 1442 4388 ct
1465 4339 1842 4394 communione

259 4419 364 4485 jam
402 4423 777 4487 demortuum,
828 4436 1061 4477 sanctum
1108 4424 1391 4495 Didymum
1451 4427 1737 4495 appellavit
1786 4430 1841 4483 in

260 4512 486 4578 cpistola
527 4513 617 4578 7i,
646 4517 715 4567 ad
738 4513 1038 4569 Lacinium.
1064 4514 1197 4569 Novi
1224 4518 1470 4587 equidem
1502 4518 1838 4584 vocabulum,
1873 4548 1916 4603 υ

259 4606 449 4668 sancti,
506 4622 535 4656 a
593 4605 888 4658 Veroncusi
940 4607 1145 4659 editore
1192 4605 1262 4659 ihi
1310 4618 1634 4675 expunctum
1673 4623 1835 4663 esse:

258 4696 348 4747 sed
382 4712 504 4749 cunt
546 4696 674 4749 illttd
726 4707 779 4750 et
808 4699 859 4749 in
901 4708 1111 4750 vetusto
1150 4700 1497 4753 membraneo
1536 4700 1720 4754 codice
1761 4701 1845 4755 bi-

259 4783 552 4839 hltothera:
598 4796 795 4839 nostra:
828 4785 1180 4841 Bononiensis
1228 4789 1485 4857 epistolas
1525 4787 1839 4861 Hieronymi

259 4876 579 4931 continente
629 4879 741 4945 ipse
784 4877 1029 4943 legerim,
1064 4889 1116 4933 et
1153 4879 1208 4932 in
1247 4881 1482 4948 antiquis
1508 4880 1628 4934 aliis
1671 4897 1842 4935 ment—

259 4963 465 5032 branis,
520 4977 581 5020 et
630 4982 756 5023 vero
807 4972 858 5021 in
919 4970 1196 5039 impressis
1242 4971 1405 5024 etiam
1444 4971 1843 5040 exemplaribus

259 5054 357 5124 legi
390 5068 649 5123 constet;
692 5060 915 5125 proinde
961 5061 1297 5114 retinendum
1323 5076 1446 5116 esse
1493 5078 1599 5115 non
1634 5064 1867 5119 dubitor

258 5142 370 5200 lIuc
401 5147 623 5201 accedit
652 5150 794 5219 quod
826 5147 1186 5220 Hieronymus
1219 5151 1333 5220 ipse
1356 5150 1567 5222 Didymi
1604 5154 1840 5208 amicum

259 5253 312 5293 se
339 5239 516 5295 fuisse
561 5242 826 5309 gloriatus
869 5242 940 5296 sit
970 5243 1213 5311 pluribus
1256 5244 1413 5297 annis
1443 5256 1726 5314 postquam
1782 5245 1843 5300 li-

260 5332 380 5381 bros
418 5333 475 5384 iu
538 5329 790 5398 Ruﬁnum
837 5332 1201 5402 evulgaverat,
1253 5344 1311 5386 ut
1344 5334 1589 5403 superius
1640 5334 1843 5388 dictum

259 5430 356 5475 est.
397 5422 476 5473 Ex
512 5422 718 5491 quibus
744 5424 995 5477 omnibus
1028 5423 1156 5477 illud
1194 5424 1565 5492 consequitur,
1596 5434 1655 5477 ut
1688 5426 1844 5495 Didy-

260 5512 326 5563 mi
359 5514 690 5569 meritoriam
738 5515 891 5583 quasi
937 5514 1252 5569 beterodoxi
1286 5515 1637 5583 damnatique
1675 5516 1846 5568 humi-

261 5601 342 5655 uis
375 5613 672 5657 aversatus
700 5620 805 5658 non
837 5605 928 5659 sit.
956 5605 1019 5659 ll.
1053 5606 1336 5677 Didymum
1383 5606 1561 5659 nullus
1608 5621 1842 5674 unquam

258 5692 394 5748 alios
450 5694 698 5763 scriptor
740 5704 798 5749 ut
844 5697 1231 5751 beterodoxum
1282 5696 1518 5750 traduxit
1559 5712 1726 5767 usque
1780 5696 1845 5748 ad

258 5796 471 5842 aestum
504 5787 790 5855 sarculum,
822 5791 965 5859 quod
1000 5790 1166 5845 sciam
1204 5809 1214 5845 :
1262 5788 1390 5859 quin
1443 5788 1594 5843 multi
1645 5805 1674 5844 e
1718 5802 1847 5845 con;

1935 1962 2073 2029 sint;
2107 1962 2307 2017 nullum
2340 1965 2489 2027 item,
2532 1965 2587 2017 in
2615 1978 2722 2033 quo
2763 1961 2854 2016 illa
2899 1962 3108 2032 Didymi
3140 1975 3301 2030 opera
3331 1959 3504 2013 nomi-

1937 2062 2151 2116 nentur,
2185 2069 2305 2124 quae
2347 2055 2792 2109 condemnatione
2838 2055 2997 2125 digna
3030 2053 3336 2108 existimata
3389 2054 3501 2107 sint

1937 2153 2028 2196 aut
2057 2144 2325 2198 declarata
2352 2159 2381 2198 a
2408 2145 2599 2214 quinta
2641 2146 2865 2216 synodo.
2906 2144 2979 2197 Ex
3012 2158 3119 2213 quo
3154 2144 3418 2211 sequitur,
3447 2151 3505 2196 ιιι

1936 2235 2197 2301 suspicari
2230 2236 2401 2303 possit
2452 2236 2650 2305 aliquis
2708 2235 2916 2306 Didymi
2968 2234 3241 2296 defensor,
3278 2248 3372 2287 eos
3410 2234 3501 2302 qul

1938 2325 2111 2393 ipsum
2144 2342 2172 2378 a
2222 2327 2410 2395 quinta
2458 2329 2665 2396 synodo
2692 2328 3108 2380 condemnatum
3161 2321 3328 2378 luisse
3357 2323 3504 2377 amr-

1935 2425 2169 2478 marunt,
2215 2431 2320 2471 non
2354 2418 2475 2470 ideo
2502 2417 2582 2470 sic
2624 2416 2832 2469 locutos
2872 2431 3014 2479 esse,
3055 2416 3197 2483 quod
3242 2430 3363 2468 eum
3407 2428 3503 2467 no-

1935 2506 2175 2559 minatint
2216 2508 2525 2561 damnatum
2580 2508 2940 2567 crediderint.
2989 2507 3082 2560 sed
3123 2507 3266 2575 quod
3316 2504 3496 2573 impli-

1935 2597 2042 2652 cite
2071 2597 2246 2665 ipsum
2294 2613 2528 2667 quoque,
2562 2610 2652 2653 aut
2685 2600 2875 2653 saltem
2924 2598 3099 2667 aliqua
3153 2597 3294 2651 illius
3338 2611 3502 2665 Opera

1936 2689 2236 2757 proscripta
2284 2700 2410 2742 tunc
2456 2688 2623 2743 fuisse
2655 2688 2964 2741 censuerint
2994 2701 3023 2739 a
3057 2687 3241 2753 quinta
3270 2686 3497 2755 synodo,

1936 2794 2057 2833 cum
2112 2779 2227 2834 haec
2294 2778 2585 2850 Origenem
2641 2778 2860 2847 ejusque
2917 2791 3134 2833 errores
3182 2777 3502 2831 damnavit:

1937 2880 2216 2941 propterea
2261 2871 2467 2925 scilicet
2521 2871 2664 2939 quod
2714 2885 2925 2923 canone
2955 2883 3007 2921 χι
3071 2868 3335 2921 addiderit
3392 2865 3507 2920 hac

1937 2964 2138 3014 verba:
2187 2958 2257 3012 Et
2302 2976 2388 3013 eos
2435 2961 2521 3024 qui
2568 2957 2765 3011 similia
2810 2957 3077 3025 pra’dictis
3124 2955 3382 3010 ha'rettcis
3418 2968 3508 3007 sa-

1935 3062 2154 3119 pttertmt
2182 3090 2199 3116 ,
2242 3060 2290 3104 et
2323 3051 2555 3116 sapiunt.
2611 3047 2718 3103 VII.
2752 3048 3084 3103 .Iustinianus
3130 3047 3422 3115 imperator
3453 3044 3505 3097 in

1936 3123 2160 3212 epistola
2189 3157 2358 3209 nuper
2386 3155 2416 3193 a
2445 3140 2561 3195 viro
2583 3141 2793 3195 clariss.
2828 3138 3090 3192 Bandinio
3110 3138 3376 3207 evulgata,
3404 3136 3509 3190 Irre-

1938 3251 2108 3289 resum
2139 3233 2355 3304 quidem
2406 3242 2644 3286 auctores
2692 3233 3034 3286 anathemate
3069 3228 3385 3283 nominatim
3436 3227 3511 3282 fe-

1938 3327 2153 3380 riendos
2197 3339 2317 3380 esse
2354 3325 2464 3392 ait;
2519 3324 2637 3378 illos
2669 3338 2798 3379 vero
2829 3324 2918 3392 qui
2972 3323 3233 3376 hwresum
3266 3329 3506 3374 auctores

1936 3418 2098 3469 secuti
2127 3427 2271 3478 sunt,
2304 3429 2596 3484 suppresso
2634 3417 2871 3477 nomine,
2902 3428 2964 3467 ac
2995 3412 3229 3482 generali
3279 3409 3507 3465 formula

1939 3505 2374 3559 condemnandos
2426 3520 2566 3568 esse,
2613 3504 2868 3558 adhibitis
2906 3517 3098 3572 nempe
3142 3502 3228 3555 his
3278 3500 3505 3555 verbis:

1942 3595 2131 3651 Omnes
2160 3612 2361 3665 quoque
2387 3611 2503 3649 cum
2531 3600 2643 3663 ipso
2672 3597 2963 3649 sentientes.
3002 3596 3178 3662 Atque
3207 3593 3281 3646 ita
3319 3604 3509 3644 revera

1940 3701 1998 3742 se
2031 3688 2196 3755 gessit
2236 3686 2421 3752 quinta
2457 3687 2695 3756 synodus
2736 3700 2944 3739 canone
2997 3700 3072 3749 xt,
3128 3694 3184 3737 ut
3226 3682 3384 3737 modo
3431 3680 3511 3734 di-

1940 3788 2083 3834 ctum
2114 3786 2213 3833 est.
2257 3775 2566 3831 Verisimile
2606 3776 2787 3843 itaque
2820 3790 2925 3829 non
2979 3778 3210 3838 videtur,
3266 3773 3508 3842 quintam

1940 3872 2109 3943 ipsam
2170 3869 2432 3941 synodum
2500 3867 2963 3935 Constantinopoli
3045 3867 3146 3920 sub
3205 3865 3510 3922 Justiniano

1942 3963 2207 4027 habitam,
2271 3969 2365 4014 aut
2424 3960 2568 4012 aliud
2632 3955 3281 4025 Constantinopolitanum
3349 3953 3508 4027 [LXI]

1939 4055 2251 4120 concilium,
2308 4053 2452 4121 quod
2511 4049 2672 4120 paulo
2728 4056 2853 4103 ante
2905 4048 3100 4117 ipsam,
3165 4057 3221 4101 ut
3269 4047 3510 4102 nonnulli

1945 4147 2256 4215 opinantur,
2312 4144 2414 4199 sub
2455 4144 2643 4199 eodem
2687 4142 3010 4210 imperatore
3050 4140 3117 4193 ad
3155 4142 3516 4193 condemnan-

1942 4240 2068 4293 dum
2097 4238 2381 4307 Origenem
2414 4245 2768 4291 convocatum
2796 4233 2979 4297 fuerit,
3013 4232 3237 4303 Didymo
3273 4232 3515 4289 nomina-

1944 4329 2036 4382 tim
2079 4330 2365 4383 anathema
2408 4327 2644 4392 dixisse;
2686 4325 2779 4379 sed
2813 4334 3120 4379 contentam
3154 4323 3317 4378 fuisse
3352 4336 3514 4393 syno-

1943 4421 2069 4474 dum
2099 4407 2357 4474 ‘credibile
2374 4428 2456 4473 est
2481 4418 2768 4488 Origenem
2794 4417 3137 4471 anathemate
3167 4413 3463 4485 percellere
3494 4432 3505 4467 :

1944 4510 2249 4567 Iustiniano
2300 4512 2444 4566 enim
2496 4526 2700 4565 morem
2748 4524 2984 4577 gessere,
3031 4517 3291 4578 quantum
3341 4506 3511 4571 licuit,

1948 4605 2021 4658 illi
2072 4603 2284 4658 Patres.
2354 4600 2484 4657 VIII.
2557 4600 2792 4673 Cyrillus
2852 4599 3348 4672 Scythopolitanus,
3422 4598 3512 4665 qui

1946 4698 2104 4767 paulo
2140 4707 2258 4766 post
2313 4696 2554 4751 habitum
2604 4695 2852 4763 quintum
2906 4693 3194 4746 concilium
3244 4690 3303 4745 S.
3358 4687 3516 4744 Saba:

1945 4791 2108 4840 vitam
2140 4788 2381 4855 scripsit,
2411 4798 2697 4856 postquam
2739 4787 2791 4839 in
2820 4784 3008 4838 eadem
3041 4783 3196 4847 dixit,
3227 4779 3514 4850 Origenent

1945 4899 1972 4933 a
2006 4881 2194 4950 quinta
2230 4880 2436 4949 synodo
2480 4879 2794 4931 damnatttm
2851 4889 2992 4939 esse,
3050 4889 3153 4927 non
3215 4872 3514 4942 sttlijungit,

1945 4973 2353 5025 condemnatum
2400 4984 2519 5025 esse
2570 4974 2731 5023 etiam
2774 4965 3079 5037 Didymum,
3126 4965 3218 5018 sed
3266 4970 3516 5018 damnata

1944 5061 2110 5115 fuisse
2139 5061 2231 5115 illa
2259 5076 2377 5129 qua:
2414 5062 2476 5113 de
2516 5059 2925 5128 pra’ezsistentia
2961 5069 3006 5112 et
3058 5059 3385 5111 restitutione
3434 5059 3517 5111 di-

1945 5162 2028 5205 cta
2059 5160 2180 5207 sunt
2229 5168 2261 5205 a
2313 5151 2562 5221 Didymo.
2607 5151 2889 5218 Similique
2935 5151 3092 5203 modo
3142 5147 3379 5201 nonnulli
3424 5146 3514 5201 alii

1946 5244 2107 5299 locuti
2137 5253 2281 5297 sunt.
2314 5233 2403 5297 IX.
2428 5243 2724 5313 Gregorius
2752 5241 2995 5311 Magnus,
3029 5241 3119 5311 qui
3165 5240 3354 5311 synodi
3382 5241 3514 5293 Acta

1947 5351 2056 5406 pra:
2082 5335 2329 5390 manibus
2356 5350 2413 5388 se
2444 5335 2696 5389 habuisse
2737 5344 2962 5388 testatur
2993 5333 3083 5386 lib.
3123 5348 3222 5397 xu,
3261 5330 3421 5400 epist.
3460 5330 3514 5396 7,

1949 5433 2050 5486 tria
2085 5440 2289 5483 tantum
2333 5429 2586 5497 capitula,
2634 5441 2689 5489 et
2748 5443 2907 5483 unam
2959 5442 3265 5496 personam,
3326 5441 3517 5497 nempe

1947 5517 2292 5571 Theodorum
2365 5516 2842 5587 Mopsuestenum,
2907 5516 2960 5569 in
3032 5516 3219 5570 eodem
3286 5517 3518 5573 concilio

1950 5611 2201 5662 damnata
2255 5609 2421 5662 fuisse
2467 5609 2656 5662 scribit
2700 5608 2795 5662 lib.
2860 5623 2945 5673 tt,
2996 5606 3155 5676 epist,
3206 5605 3295 5662 56.
3329 5607 3518 5674 Itaque

1951 5700 2129 5769 ignota
2167 5700 2263 5766 ipsi
2312 5699 2410 5752 fuit
2452 5699 2664 5770 Didymi
2712 5698 3109 5754 condemnatio.
3164 5698 3230 5753 Χ.
3264 5698 3520 5755 Tarasius

1953 5788 2259 5860 patriarcha
2297 5789 2924 5861 Constantinopolitanus
2972 5790 3024 5845 in
3073 5792 3354 5861 synodica,
3401 5802 3522 5861 qua:
