4108 6458
492 401 610 476 213

1941 420 2027 474 DE
2068 419 2318 474 DlDYJdO

3632 412 3739 470 ‘2l6

495 547 669 587 r-sstat
708 543 813 588 act.
870 536 902 588 5
932 538 1172 605 septima:
1217 539 1428 607 synodi,
1468 539 1716 605 alllnnat,
1768 555 1795 590 ιι
1852 538 2062 592 Nicmna
2095 547 2140 599 Α
2170 549 2400 606 emptam
2427 552 2548 592 esse
2573 546 2733 604 atque
2764 532 3094 592 absolutam;
3124 529 3179 594 '5,
3214 529 3442 593 Menam,
3481 530 3543 581 ad
3578 545 3736 594 quem

496 627 666 695 prima
713 628 916 696 synodo
967 628 1278 681 damnatum
1330 630 1495 683 fuisse
1541 629 1750 692 Arium,
1810 630 2058 691 Aetium,

495 716 836 780 Eunomintn,
871 726 1016 771 etc.:
1064 727 1298 771 attamen
1337 734 1432 773 nec
1481 719 1686 782 Actius,
1731 734 1831 773 nec
1880 718 2060 772 Euno-

495 808 636 861 mius
680 823 709 860 a
741 807 972 861 coacilio
1006 807 1220 862 Nicteno
1265 811 1665 863 commemorati
1699 819 1852 871 sunt;
1885 810 2062 877 impli-

493 901 598 952 cite
623 914 751 967 ergo
790 909 994 951 tantum
1041 899 1279 952 damnati
1324 899 1392 952 ab
1435 900 1525 952 illo
1554 900 1656 953 dici
1695 909 1938 969 possunt.
1974 897 2060 952 Si-

494 991 605 1043 mili
644 991 804 1045 modo
850 991 983 1043 liber
1029 991 1259 1044 Diurnus
1302 989 1669 1044 Romanorum
1721 991 2055 1058 pontilicum,

493 1083 730 1151 synodus
784 1080 1234 1148 pseudoseptima,
1292 1095 1353 1134 ac
1407 1079 1631 1134 Photius
1689 1081 1977 1134 Diodorum
2030 1097 2057 1134 a

494 1171 682 1238 quinta
717 1169 920 1240 synodo
947 1171 1254 1222 damnatum
1286 1171 1456 1232 aiunt,
1489 1171 1587 1224 etsi
1630 1168 1894 1223 Diodorus
1932 1185 2060 1224 nus-

493 1277 652 1329 quam
679 1277 708 1313 a
749 1261 936 1328 quinta
973 1261 1175 1331 synodo
1206 1260 1537 1315 nominetur.
1587 1260 1652 1314 Et
1701 1261 2060 1328 Hieronymus

495 1351 549 1404 in
595 1351 815 1417 epistola
842 1351 908 1403 ad
943 1349 1342 1403 l’ammachium
1368 1361 1415 1404 et
1455 1351 1661 1404 Avitum
1700 1350 1768 1404 de
1810 1350 2060 1405 Patribus

497 1441 724 1494 Nica-nis
777 1441 1014 1494 scribit:
1072 1439 1316 1494 Latenter
1366 1439 1638 1509 Origenem
1697 1441 1890 1508 [autem
1946 1443 2060 1494 Arii

495 1541 880 1597 percusserunt.
913 1531 1107 1597 Quidni
1140 1547 1268 1602 ergo
1313 1530 1490 1600 plures
1538 1547 1604 1584 ex
1659 1532 1724 1584 iis
1763 1532 1852 1601 qui
1890 1531 2057 1601 Didy-

498 1636 641 1673 mutn
674 1637 702 1672 a
735 1621 919 1688 quinta
949 1620 1154 1690 synodo
1183 1619 1596 1672 condemnatum
1627 1617 1836 1683 dicunt,
1871 1619 1941 1671 ita
1974 1620 2059 1672 in-

497 1709 660 1777 telligi
691 1720 960 1777 poterunt,
994 1719 1050 1762 ut
1082 1708 1336 1777 implicite
1365 1724 1428 1764 ac
1461 1708 1682 1762 latenter
1713 1710 1780 1764 ab
1811 1725 1873 1762 ea
1905 1709 2059 1764 dam-

495 1810 676 1853 natum
707 1801 990 1865 voluerint,
1019 1816 1123 1854 non
1147 1815 1274 1854 vero
1305 1801 1576 1871 explicito,
1621 1817 1682 1855 ac
1705 1801 2059 1855 nominatim?

2169 631 2368 698 scripta
2414 638 2496 683 est
2541 626 2766 696 epistola
2818 625 3024 678 adnexa
3062 621 3314 676 tractatui
3360 635 3390 673 a
3430 619 3738 676 Justiniano

2167 718 2412 772 adversus
2483 717 2757 785 Origenem
2816 715 3040 784 scripto,
3101 714 3300 767 obiisse
3350 723 3476 765 ante
3521 711 3738 765 initium

2167 810 2370 878 quintae
2404 808 2614 878 synodi.
2667 806 2792 860 Htec
2824 815 3000 857 tamen
3048 819 3152 858 non
3184 817 3249 856 eo
3279 803 3553 866 adnotavi,
3595 802 3738 868 quod

2167 914 2440 961 censeam,
2474 896 2764 964 Origenetn
2810 896 2861 948 in
2920 894 3108 963 quinta
3161 894 3367 963 synodo
3421 893 3738 947 damnatum

2168 1007 2273 1044 non
2305 990 2492 1052 fuisse,
2524 997 2576 1041 ct
2605 1002 2809 1049 canone
2838 1003 2918 1049 ιι,
2948 1000 3044 1054 pro
3079 999 3209 1038 voce
3253 983 3531 1052 Origenem
3562 987 3739 1054 legen-

2166 1083 2292 1136 dum
2341 1097 2461 1136 etse
2511 1080 2840 1142 Dioscorum,
2890 1087 2947 1131 ut
2994 1078 3246 1146 opinatur
3278 1075 3605 1141 llalloixius;
3643 1077 3737 1131 sed

2165 1176 2305 1244 quod
2342 1177 2570 1243 probare
2605 1173 2911 1233 videantur,
2939 1170 3220 1239 Didymmn
3253 1184 3282 1222 a
3313 1170 3499 1238 quinta
3529 1171 3737 1240 synodo

2165 1265 2496 1322 tecumenica
2528 1263 2840 1317 dainnatum
2875 1275 2978 1314 non
3025 1274 3165 1321 esse,
3199 1260 3313 1324 sed,
3362 1259 3406 1312 si
3451 1259 3736 1314 damnatus

2167 1367 2268 1421 0st,
2311 1357 2378 1410 ab
2407 1354 2509 1408 alio
2538 1352 2766 1408 concilio
2795 1351 3108 1405 damnatum
3159 1349 3343 1406 fuisse.
3375 1349 3514 1404 XIV.
3548 1349 3738 1404 Roma-

2166 1461 2264 1500 nos
2308 1445 2595 1500 Pontiliccs
2646 1440 2920 1512 Vigilium,
2985 1438 3310 1509 Pelagium]
3360 1450 3415 1494 et
3462 1439 3526 1503 ll,
3561 1456 3621 1494 ac
3673 1440 3733 1497 S.

2165 1539 2483 1606 Gregorium
2529 1535 2777 1604 Magnum
2811 1535 3013 1602 quinta:
3044 1533 3234 1602 synodi
3277 1544 3427 1603 gesta
3480 1533 3736 1601 probasse

2164 1631 2428 1684 duntaxat
2481 1628 2656 1696 quoad
2710 1629 2871 1680 trium
2923 1626 3279 1694 capitulorum
3334 1627 3733 1679 damnationem

2165 1722 2440 1778 contendit
2474 1719 2704 1773 Fabrius
2737 1717 2789 1770 in
2834 1716 3131 1771 Prodromo
3177 1715 3418 1769 Velitari.
3458 1714 3738 1768 Postremo

2167 1813 2224 1866 ὃ.
2272 1810 2559 1872 Maximus,
2615 1809 2675 1863 S.
2726 1808 2961 1863 Joannes
3021 1807 3400 1870 Damasccnus,
3467 1805 3524 1861 S.
3582 1805 3733 1870 Nico,

493 1891 582 1945 XI.
633 1891 916 1946 Liberatus
953 1892 1211 1947 diaconus
1249 1892 1302 1946 in
1338 1891 1612 1946 Breviarto
1643 1909 1761 1962 cap.
1789 1893 1882 1956 25,
1925 1894 2058 1947 (Σειδ-
2089 1897 2130 1952 Β
2161 1902 2490 1956 Theodullns
2517 1900 2942 1962 Aurelianensis,
2970 1898 3025 1951 S.
3057 1897 3291 1952 Thomas
3316 1898 3580 1966 Aquinas,
3614 1896 3733 1949 alii-

493 1982 739 2036 siodorus
765 1983 819 2036 in
848 1981 1052 2036 Divinis
1096 1982 1401 2037 lectionibus
1429 1998 1545 2051 cap.
1578 1983 1630 2048 l,
1668 1982 1918 2037 Nicotaus
1957 1981 1977 2035 Ι
2006 1984 2056 2037 in

490 2073 710 2139 epistola
767 2073 834 2124 ad
882 2071 1190 2126 Micltaelem
1228 2075 1613 2140 imperatorem,
1659 2073 1962 2128 Euslratius
2005 2075 2056 2128 in

500 2161 622 2216 Vita
679 2165 844 2216 sancti
895 2163 1160 2234 Eutychii,
1219 2165 1356 2234 apud
1415 2165 1790 2220 Bollandianos
1841 2177 1968 2219 tom.
2037 2165 2056 2219 1

490 2256 716 2324 Aprilis,
743 2271 866 2324 pag.
890 2257 1014 2323 55‘,
1042 2271 1138 2311 seu
1164 2272 1282 2325 cap.
1313 2257 1369 2323 5,
1395 2274 1542 2312 num.
1577 2259 1663 2322 l9,
1708 2259 1906 2328 aliique
1931 2256 2057 2312 Ori-

493 2361 686 2414 genem
737 2350 950 2416 quidem
991 2365 1021 2403 a
1057 2351 1242 2420 quinta
1297 2352 1501 2422 synodo
1530 2350 1842 2405 damnatum
1894 2351 2058 2405 fuisse

496 2440 733 2503 lratlltttl,
769 2439 1044 2508 Didymmn
1074 2456 1201 2495 vero
1233 2457 1337 2496 non
1371 2443 1668 2496 nominant.
1706 2443 1814 2496 lino
1843 2443 2060 2497 Cassio-

495 2531 659 2583 dorus
687 2546 789 2584 non
819 2531 1177 2587 mediocribus
1204 2534 1374 2601 ipsum
1409 2534 1654 2589 laudibus
1689 2535 2054 2604 prosequitur.

497 2619 608 2674 Xll.
655 2624 805 2674 Adeo
829 2623 1054 2677 obscura
1089 2635 1168 2679 est
1208 2627 1320 2680 haec
1357 2627 1418 2679 de
1469 2625 1678 2696 Didymi
1725 2627 2057 2681 condemna-

497 2713 641 2766 tione
677 2714 923 2778 historia,
974 2724 1032 2768 ut
1081 2715 1211 2770 nihil
1243 2718 1376 2771 certi
1418 2718 1483 2771 de
1525 2718 1644 2788 ejus
1673 2726 1934 2788 tempore,
1990 2719 2061 2773 de

495 2804 672 2866 modo,
706 2804 773 2858 de
821 2805 1130 2860 auctoribus
1177 2807 1389 2862 deliniri
1440 2822 1596 2877 posse
1630 2809 1919 2862 videatur:
1967 2807 2057 2861 alii

493 2895 638 2947 cnim
671 2895 723 2947 in
772 2895 878 2949 line
910 2897 1082 2961 quinti
1129 2897 1366 2963 concilii,
1425 2899 1513 2950 alii
1560 2899 1716 2954 initio
1747 2901 2058 2953 damnatum

498 2985 719 3038 volunt:
777 2986 866 3038 alii
922 3001 1025 3041 non
1079 2985 1385 3056 Didymum,
1421 2989 1516 3042 sed
1563 2989 1770 3061 Didymi
1820 2992 2055 3059 scripta:

492 3074 582 3126 alii
621 3089 724 3127 non
757 3090 785 3126 a
832 3074 1014 3140 quinta
1043 3075 1267 3144 synodo,
1308 3077 1401 3130 sed
1433 3076 1502 3131 ab
1534 3077 1639 3131 alio
1676 3078 2058 3132 Constantino-

495 3163 733 3230 politano
777 3163 1005 3217 concilio
1053 3174 1177 3218 ante
1225 3167 1468 3234 quintam
1518 3168 1777 3237 synodum
1836 3169 2056 3225 habito:

493 3254 578 3307 alii
617 3271 721 3307 non
757 3271 786 3308 a
817 3255 1064 3318 concilio,
1094 3256 1188 3311 sed
1222 3272 1250 3309 a
1277 3255 1582 3312 Iustiniano
1610 3260 1722 3328 ipso
1749 3261 2060 3315 damnatura

495 3346 861 3413 suspicantur,
898 3347 989 3415 qui
1024 3347 1259 3402 edictum
1308 3365 1462 3402 suum
1509 3365 1536 3402 a
1573 3351 1814 3420 pluribus
1853 3354 2067 3421 episco-

496 3437 594 3501 pis,
626 3436 678 3489 in
709 3439 935 3491 concilio
960 3448 1134 3490 tamen
1156 3455 1259 3492 non
1281 3443 1644 3512 congregatis,
1664 3445 2064 3514 subscriptione

496 3528 827 3592 probandum
857 3531 1142 3583 curaverit.
1179 3529 1314 3584 Xlll.
1351 3531 1579 3586 Tantum
1621 3537 1793 3598 abest,
1827 3550 1880 3589 ut
1927 3551 2062 3590 con-

495 3629 598 3672 stet
629 3618 912 3689 Didymmn
951 3636 979 3674 a
1016 3623 1200 3690 quinta
1235 3627 1437 3695 synodo
1469 3626 1778 3680 damnatum
1827 3643 1965 3690 esse,
2009 3639 2067 3682 ιιι

497 3724 562 3762 ne
593 3709 764 3777 ipsum
810 3712 1024 3779 quidem
1071 3711 1357 3782 Origenem
1394 3719 1808 3770 condemnatum
1860 3720 1928 3772 ab
1973 3719 2064 3773 illa

495 3795 658 3851 fuisse
715 3808 969 3852 censeant
1020 3799 1317 3857 llalloixins
1388 3814 1443 3859 et
1495 3804 1722 3861 Fabrius
1769 3824 1784 3860 :
1838 3822 2065 3874 quorum

497 3891 817 3943 sententiain
843 3891 944 3945 etsi
978 3909 1117 3947 nunc
1160 3911 1263 3947 non
1301 3898 1618 3964 amplectar,
1650 3908 1830 3952 tamen
1859 3900 1971 3953 haac
2001 3915 2067 3952 ex

497 3978 692 4033 Fabrio
737 3984 1047 4038 adnotiho:
1097 3985 1146 4049 1,
1186 3984 1551 4042 Iustinianum
1591 3991 1968 4058 imperatorem
2015 3992 2066 4045 in

497 4069 691 4124 litteris
744 4071 881 4125 datis
924 4073 990 4126 ad
1047 4074 1284 4141 quintam
1339 4077 1599 4144 synodum
1652 4087 1845 4144 quarto
1893 4075 2071 4132 Nonas

499 4160 646 4223 Maii,
683 4163 733 4215 id
765 4174 847 4217 e~t
904 4179 967 4218 eo
1003 4166 1118 4234 ipso
1147 4166 1254 4228 die,
1301 4183 1408 4234 quo
1451 4179 1628 4234 carpta
1668 4179 1753 4222 est
1806 4170 2068 4238 synodus,

501 4255 702 4306 hortari
732 4256 946 4323 quidem
975 4255 1167 4309 Patres
1196 4267 1251 4309 ut
1281 4258 1381 4308 tria
1411 4258 1644 4325 capitula
1669 4259 1923 4312 damnent
1951 4301 1965 4324 ,
2003 4262 2070 4316 de

501 4344 730 4410 Origene
763 4355 966 4406 autem,
999 4361 1062 4397 ac
1101 4344 1421 4412 Origenistis
1450 4347 1580 4398 nihil
1610 4348 1818 4412 dicere;
1857 4347 1912 4401 2.
1951 4350 2068 4418 cpi-

497 4436 690 4488 stolatn
721 4433 1009 4489 Justiniani
1046 4439 1114 4489 ad
1138 4439 1393 4507 synodum
1424 4438 2068 4508 Constantinopolitanam

498 4531 565 4579 de
597 4526 847 4596 Origene,
867 4527 1088 4596 ejusque
1111 4533 1660 4585 set-latoribusdatatn
1681 4547 1800 4586 esse
1831 4549 1972 4586 anno
1993 4532 2065 4584 '25

500 4618 707 4685 imperii
736 4616 1058 4684 Iustiniani;
1101 4623 1362 4690 synodum
1393 4637 1517 4676 vero
1558 4623 1800 4691 quintam
1833 4639 1972 4677 anno
1995 4622 2062 4676 27

525 4772 681 4795 ατε-..τ

692 4772 2466 4799 W

2160 2005 2264 2059 que
2308 1989 2486 2059 plures
2541 1988 2822 2056 Didymmn
2859 1996 2916 2038 ttt
2967 1981 3155 2056 [LXII]
3196 1986 3474 2038 doctorem
3521 1983 3732 2048 citant;

2159 2079 2392 2135 Joannes
2442 2093 2570 2132 vero
2619 2079 2685 2131 de
2735 2076 2997 2130 Columna
3048 2085 3288 2128 sanctum
3341 2072 3627 2136 doctorem,
3682 2083 3737 2128 et

2159 2172 2332 2228 Gnido
2357 2172 2592 2226 Terrena
2625 2171 2887 2224 doctorem
2917 2167 3217 2222 ercorum
3268 2168 3558 2221 niaaimum
3611 2181 3734 2219 eum

2161 2271 2376 2324 vocant,
2403 2270 2460 2314 ttt
2485 2267 2696 2314 constat
2730 2274 2796 2312 ex
2836 2272 3024 2312 eorum
3056 2257 3232 2310 verbis
3274 2270 3395 2324 pag.
3437 2254 3542 2309 497
3573 2270 3602 2307 a
3648 2267 3732 2307 ine

2163 2356 2374 2410 allatis:
2423 2353 2753 2406 Trithemius
2815 2366 2943 2406 vero
3005 2351 3108 2404 vita
3181 2351 3492 2418 prwclarnm
3542 2349 3722 2403 dicit:

2163 2447 2270 2500 imo
2316 2446 2368 2499 in
2401 2444 2554 2498 Actis
2611 2451 2976 2497 sacrosanctae
3027 2448 3083 2495 et
3131 2440 3480 2496 metttnenieae
3542 2440 3729 2512 synodi

2161 2537 2486 2591 Florentium
2520 2550 2624 2588 non
2660 2535 2921 2605 allegatur
2949 2544 3179 2597 tantum,
3215 2547 3401 2587 verum
3433 2532 3596 2586 etiam
3621 2549 3736 2586 ma-

2161 2645 2291 2698 gnus
2322 2628 2572 2697 Didymus
2601 2636 2957 2696 nuncupatur.

2232 2717 2357 2772 Haec
2396 2728 2517 2773 sunt
2551 2717 2888 2786 potissimum
2941 2731 3060 2785 qua:
3101 2726 3155 2772 et
3198 2725 3388 2770 contra
3425 2715 3736 2787 Didymum,

2163 2819 2215 2862 et
2240 2824 2337 2876 pro
2370 2809 2591 2878 Didymo
2626 2807 2864 2860 breviter
2909 2807 3218 2876 attingenda
3276 2817 3423 2861 ratus
3467 2823 3609 2860 sum.
3657 2807 3734 2862 Ex

2163 2901 2248 2955 bis
2272 2899 2528 2968 judicium
2559 2898 2695 2952 lerat
2735 2898 2933 2963 lcetor;
2971 2913 3094 2951 nam
3130 2913 3230 2966 ego
3275 2898 3491 2966 quidem
3536 2899 3587 2949 in
3629 2899 3731 2952 oh.

2163 3007 2320 3047 scura
2354 2992 2508 3053 adeo,
2543 2989 2852 3057 dillicilique
2877 2991 3174 3058 quaestione
3200 3000 3348 3045 tanto
3397 2990 3734 3043 auctoritatis

2165 3082 2400 3151 pondere
2427 3095 2510 3135 me
2541 3081 2708 3149 premi
2744 3082 2923 3134 sentio
2953 3084 3020 3132 ab
3066 3080 3132 3134 iis
3163 3081 3251 3149 qui
3287 3081 3508 3149 ()idytno
3539 3079 3732 3133 adver-

2119 3225 2131 3244 ,
2167 3175 2266 3228 sati
2296 3183 2443 3233 sunt,
2481 3182 2536 3226 ut
2561 3188 2624 3225 ne
2655 3172 2864 3228 hiscere
2902 3173 3117 3240 quidem
3150 3175 3399 3226 audeam.

2238 3269 2420 3322 Finem
2453 3268 2636 3336 itaque
2667 3267 2880 3320 tandem
2929 3267 3014 3321 his
3047 3266 3199 3320 libris
3245 3263 3481 3334 inipono.
3519 3263 3577 3318 Si
3609 3264 3738 3332 quid

2167 3370 2343 3414 autem
2374 3360 2425 3412 in
2470 3359 2535 3411 iis
2579 3373 2684 3411 non
2732 3357 2864 3411 satis
2892 3368 3046 3410 caute
3083 3367 3176 3409 aut
3204 3371 3328 3410 vere
3360 3356 3561 3409 dixisse
3588 3353 3734 3407 vide-

2166 3453 2366 3517 bimur,
2401 3451 2543 3504 docti
2572 3450 2636 3502 ab
2683 3449 2881 3519 aliqua,
2930 3447 3086 3516 facile
3127 3457 3174 3500 et
3205 3447 3444 3510 libenter,
3476 3456 3535 3499 ut
3567 3445 3734 3498 Marct

2166 3541 2325 3596 Tullii
2361 3541 2537 3594 verbis
2578 3553 2720 3601 utar,
2757 3539 3067 3593 sententiam
3109 3539 3569 3591 commutabimus.
3613 3535 3738 3589 Non

2171 3633 2305 3684 enim
2337 3647 2522 3698 parum
2557 3645 2822 3698 cognosse,
2881 3630 2969 3682 sed
3008 3629 3062 3681 in
3113 3644 3295 3696 parum
3335 3629 3539 3695 cognito
3584 3627 3741 3680 stulta

2167 3733 2211 3775 et
2234 3723 2325 3774 diu
2353 3736 2723 3788 perseverasse,
2767 3730 2916 3787 turpe
2960 3729 3082 3772 est:
3128 3727 3399 3786 propterea
3429 3717 3567 3785 quod
3604 3719 3739 3768 afte-

2169 3827 2283 3864 rum
2322 3809 2587 3862 communi
2626 3807 2891 3860 hominum
2933 3807 3252 3872 inﬁrmitati,
3290 3804 3512 3856 alterunt
3559 3804 3740 3869 singu-

2168 3902 2271 3954 lari
2296 3899 2700 3967 uniuscujusque
2723 3899 2842 3952 vitio
2868 3908 2941 3951 est
2969 3898 3298 3949 attributum.
3341 3893 3446 3948 Sed
3482 3892 3737 3945 Romana:

2170 3993 2221 4046 in
2265 3992 2454 4061 primis
2503 3991 2756 4044 Ecclesia:
2789 3987 3150 4042 licelesiarum
3184 3986 3422 4039 omnium
3471 3984 3740 4049 magistra;

2164 4080 2368 4151 judicio
2400 4094 2523 4132 cum
2562 4079 2694 4140 haec,
2738 4088 2847 4130 tum
2895 4077 2995 4130 alia
3036 4087 3371 4144 qumcunque
3409 4071 3575 4135 edidi,
3609 4067 3738 4124 sub-

2162 4172 2303 4239 jecta
2342 4171 2481 4224 volo.
2524 4169 2600 4224 Tu
2633 4185 2779 4235 vero,
2823 4168 3017 4238 prtrsul
3061 4167 3408 4234 amplissime,
3444 4173 3604 4217 tenue
3641 4164 3744 4216 hoc

2169 4263 2568 4325 munusculum,
2609 4272 2668 4315 ut
2701 4276 2833 4315 metu
2870 4262 2920 4313 in
2960 4271 3010 4314 te
3048 4263 3402 4314 observantia:
3431 4270 3743 4310 monumen-

2171 4361 2304 4416 tum,
2329 4369 2392 4406 ac
2419 4352 2613 4406 veteris
2635 4351 2889 4404 amicitia
2916 4359 3112 4402 nostra:
3139 4347 3351 4416 pignus,
3387 4345 3613 4412 benigne
3642 4355 3741 4395 ex-

2171 4445 2289 4510 cipe
2337 4463 2349 4497 :
2393 4443 2436 4496 si
2489 4444 2633 4496 enim
2680 4441 2775 4493 tibi
2825 4441 2957 4502 haec,
3013 4438 3406 4507 qualiacunque
3454 4435 3580 4490 sint.
3639 4446 3743 4485 non

2173 4532 2514 4601 displicuisse
2550 4544 2877 4599 cognovero,
2913 4529 3047 4583 nihil
3082 4527 3195 4596 jam
3238 4529 3344 4579 erit
3375 4539 3471 4578 cur
3506 4520 3743 4588 suscepti

2175 4640 2259 4676 me
2292 4621 2491 4676 laboris
2523 4622 2804 4690 paeniteat.

2411 4772 2478 4782 σε...

2469 4775 3733 4798 πῖ..ἇᾶρῌ

845 4943 1524 5060 VETERUM
1589 4947 1770 5058 DE
1835 4945 2400 5059 DlDYMO
2465 4941 3401 5057 TESTIMONIA.

1431 5419 1681 5489 Didymus
1709 5417 1924 5488 ipselib.
1958 5417 2032 5472 De
2063 5417 2265 5486 Spiritu
2305 5426 2512 5477 sancto,
2551 5432 2696 5470 num.
2720 5415 2780 5468 5.

575 5512 723 5576 υιιοι
755 5520 933 5565 autem
968 5511 1035 5565 ab
1061 5512 1180 5565 aliis
1205 5512 1450 5581 capiatur
1477 5512 1711 5582 Spiritus
1738 5519 1956 5566 sanctas
1983 5521 2034 5563 et
2073 5525 2176 5562 non
2206 5509 2304 5560 alia
2358 5507 2562 5575 cupiat,
2622 5515 2676 5561 et
2730 5520 2896 5570 nunc,
2937 5515 2989 5560 et
3025 5506 3077 5558 itt
3116 5504 3393 5559 Sectatum
3447 5498 3746 5567 volumine,

503 5591 662 5651 prout
695 5583 986 5648 potuimus,
1015 5585 1404 5652 expressimus.

1957 5673 2019 5726 Et
2041 5689 2185 5726 num.
2217 5673 2306 5725 *2l.

579 5770 810 5831 Spiritus
851 5781 1068 5821 sanctus
1101 5809 1112 5818 .
1145 5809 1155 5820 .

1194 5809 1206 5822 .
1241 5770 1408 5822 dictus
1455 5777 1535 5822 (‘Sl
1566 5769 1797 5832 Spiritus
1823 5767 2099 5832 sapientiw
2129 5801 2142 5814 .
2187 5804 2199 5815 .
2236 5805 2248 5816 .

2282 5773 2328 5814 et
2368 5773 2560 5816 natura
2597 5761 2712 5825 eius
2765 5761 2896 5814 nihil
2945 5773 3028 5815 est
3088 5761 3229 5813 aliud
3262 5801 3275 5822 ,
3340 5758 3439 5812 nisi
3499 5756 3732 5827 Spiritus

507 5842 739 5896 wrttutis
766 5855 806 5891 et
835 5842 1064 5905 Spiritus
1099 5839 1189 5893 Dei
1228 5856 1241 5887 .'
1279 5841 1343 5893 dc
1383 5839 1578 5907 quibus
1610 5841 1717 5906 jattt
1750 5837 2085 5890 abundanter
2116 5836 2164 5886 in
2199 5837 2465 5886 Sectantur
2503 5833 2772 5885 volumine
2805 5832 3219 5900 disputavnnus.
