4108 6424
314 416 419 474 273

1414 419 1501 474 DE
1541 423 1912 478 'l'RlNiTATF.
1950 426 2146 480 LIBER
2195 425 2471 481 PRIMUS.

3459 430 3564 484 '27-}

315 551 502 600 πτος·
544 535 679 588 ἀλλ’
729 533 902 589 ἅτινα
947 532 1024 605 ἦν
1045 555 1145 606 μοι
1180 536 1380 605 κέρδη,
1419 541 1604 592 ταῦτα
1650 543 1876 612 ἠγοῦμο

1999 545 2285 598 hensibilis.
2321 543 2422 598 Sed
2453 559 2568 614 qua:
2595 545 2720 596 mihi
2749 536 2954 610 fuerunt
2989 543 3038 612 3
3071 544 3238 606 lucro,
3280 544 3384 599 hate
3420 549 3567 604 arbi-

321 623 425 679 διὰ
471 623 578 676 τὸν
617 625 876 690 Χριστὸν
923 626 1152 694 ζημίαν.
1223 628 1406 682 Ἀλλὰ
1452 631 1746 700 μενοῦνγε
1796 633 1892 686 καὶ

315 715 574 787 ἠγοῦμαι
605 715 802 769 πάντα
829 716 1040 784 ζημίαν
1073 715 1224 774 εἶναι
1250 719 1349 773 διὰ
1374 723 1438 773 τὸ
1463 721 1759 792 ὑπερέχον
1787 723 1896 791 τῆς

323 806 604 876 γνώσεως
670 806 864 872 Ἰησοῦ
928 807 995 878 [1
1051 809 1128 880 ὁ]
1184 811 1442 879 Χριστοῦ
1515 812 1622 866 τοῦ
1675 813 1895 881 Κυρίου

313 897 490 965 ἡμων
514 914 526 926 ’
559 895 634 948 δι’
665 896 737 949 ὃν
781 896 854 950 τὰ
893 899 1092 954 πάντα
1123 899 1467 971 ἐζημιώθην,
1511 903 1608 956 καὶ
1640 903 1894 972 ἠγοῦμαι

313 989 595 1042 σκύϐαλα
621 983 794 1055 εἶναι,
814 990 919 1044 ἵνα
957 991 1218 1060 Χριστὸν
1247 993 1552 1060 κερὸιξσω’
1605 992 1892 1064 Ῥωμαίοις

312 1078 369 1130 δέ
393 1096 405 1107 ·
443 1081 513 1130 Et
553 1079 672 1147 μὲν
712 1086 822 1150 γὰρ
856 1085 888 1136 ό
925 1082 1250 1150 ἐρχόμενος
1275 1083 1468 1138 ἄλλον
1523 1085 1756 1152 Ἰησοῦν
1784 1102 1888 1152 κη·-

304 1169 554 1235 ρύσσει,
604 1168 679 1222 ὃν
727 1172 839 1224 οὐκ
875 1170 1270 1241 ἐκηρύξαμεν,
1324 1171 1362 1240 ἢ
1403 1171 1644 1242 Πνεῦμα
1689 1171 1894 1242 ἕτερον

311 1259 670 1327 λαμϐάνετε,
719 1261 750 1314 ὃ
787 1263 896 1315 οὐκ
943 1261 1202 1317 ἐλάϐετε.
1247 1259 1393 1334 *Αρα
1429 1263 1485 1316 δὲ
1523 1263 1618 1316 καὶ
1664 1263 1800 1333 πρὸς
1842 1283 1890 1318 τι

310 1349 543 1414 ἀπιδὼν,
584 1355 678 1407 καὶ
709 1349 804 1406 οἷα
832 1355 1129 1424 διανοηθεὶς
1150 1394 1162 1418 ,
1185 1355 1518 1426 ἀκραιφνοῦς
1565 1355 1891 1424 θεογνωσίας

309 1437 466 1504 αὖθις
523 1441 630 1496 ῐδια
666 1443 964 1515 γέγραφεν,
1017 1443 1322 1516 Κορινθίοις
1367 1445 1466 1516 μὲν
1513 1445 1574 1498 τὸ
1616 1445 1886 1516 δεύτερον,

307 1531 389 1584 ὅτι
417 1549 480 1601 γε
511 1534 560 1584 εἰ
581 1533 660 1605 τῷ
688 1534 800 1604 Υἱῷ
823 1553 905 1599 τις
931 1535 1263 1606 καταλλαγῇ,
1291 1535 1370 1606 τῷ
1399 1535 1516 1606 Θεῴ
1546 1535 1886 1608 κατηλλάγη·

309 1623 404 1675 καὶ
432 1624 516 1676 ὅτι
549 1627 608 1677 ὲν
634 1626 852 1697 Χριστῷ
885 1627 922 1693 η
964 1627 1098 1697 πρὸς
1139 1627 1230 1679 τὸν
1263 1626 1392 1680 Θεὸν
1419 1629 1738 1697 σύμϐασις,
1771 1627 1888 1680 ἐστὶ

307 1710 667 1784 mixtis-pou;
706 1713 856 1784 Ἔχει
885 1715 966 1768 δέ’
1005 1715 1100 1780 Ὡς
1129 1715 1217 1767 ὅτι
1259 1713 1402 1780 Θεὸς
1429 1711 1506 1784 ἦν
1545 1715 1614 1768 ἐν
1657 1714 1888 1782 Χριστῷ

307 1803 544 1871 κόσμον
590 1803 1035 1858 καταλλάσσων
1084 1805 1275 1870 ἑαυτῷ
1296 1846 1312 1864 ,
1357 1803 1446 1874 μὴ
1500 1805 1884 1875 λογιζόμενος

305 1893 512 1959 αὐτοῖς
560 1894 632 1948 τὰ
669 1895 1109 1964 παραπτώματα
1155 1895 1375 1960 αὐτῶν,
1413 1897 1512 1951 καὶ
1541 1897 1786 1967 θέμενος
1815 1899 1884 1952 ἐν

305 1983 454 2052 ἡμῖν
480 1986 589 2038 τὸν
607 1988 794 2056 λόγον
823 1986 930 2054 τῆς
957 1986 1365 2056 καταλλαγῆς.
1407 1986 1590 2055 ’Υπὲρ
1625 1987 1884 2055 Χριστοῦ

304 2072 421 2130 οὖν
465 2079 876 2148 πρεσϐεύομεν
906 2079 986 2144 ὡς
1035 2077 1141 2132 τοῦ
1194 2079 1343 2132 Θεοῦ
1387 2081 1886 2146 παρακαλοῦντος

302 2165 380 2220 δι’
406 2169 596 2238 ἡμῶν.
645 2171 902 2238 Δεόμεθα
939 2170 1090 2238 ὑπὲρ
1123 2171 1379 2238 Χριστοῦ
1405 2186 1418 2200 ⁸
1473 2169 1886 2239 καταλλάγητε

305 2259 386 2324 τῷ
413 2258 556 2325 Θεῷ.
591 2261 701 2316 Καὶ
723 2261 904 2324 πάλιν,
927 2259 1002 2324 ὡς
1025 2261 1198 2313 πάντα
1224 2260 1294 2314 τὰ
1325 2260 1477 2316 ἄλλα.
1512 2302 1526 2316 .
1569 2301 1584 2315 .
1629 2301 1643 2315 .
1685 2263 1722 2315 ἄ
1746 2279 1884 2333 παρ-

304 2353 387 2413 εὶς
435 2352 735 2422 ἐκήρυττεν
784 2351 998 2420 μεγάλα
1029 2352 1071 2383 ³⁸
1103 2351 1315 2422 αὐχῶν,
1346 2353 1428 2405 ὅτι
1465 2353 1558 2406 καὶ
1595 2352 1656 2404 τὸ
1695 2351 1882 2405 δοκοῦν

303 2441 666 2496 ἐπονείδιστον
681 2438 820 2496 εἶναι
847 2441 1064 2514 Χριστῷ
1085 2443 1171 2496 διὰ
1191 2443 1288 2514 τὴν
1317 2443 1693 2515 φιλάνθρωπον
1717 2444 1881 2498 αὑτοῦ

303 2532 640 2600 οἰκονομίαν,
673 2535 856 2614 πᾶσαν
881 2531 1128 2588 εὔκλειαν
1157 2533 1248 2587 καὶ
1273 2533 1464 2606 ῥώμην
1497 2534 1651 2606 βρύει
1688 2535 1819 2603 ἐγὼ.
1863 2575 1877 2590 .

305 2660 320 2674 .
358 2661 370 2676 .
413 2621 578 2676 τοῦτο
607 2622 775 2677 ποιῶν
817 2623 876 2688 ἐξ
903 2623 1062 2695 ἔργου
1083 2641 1096 2654 °
1140 2625 1227 2678 ἵνα
1262 2625 1354 2678 καὶ
1385 2627 1413 2679 ὁ
1452 2627 1516 2678 ὲκ
1543 2625 1636 2678 τοῦ
1672 2625 1878 2690 ἐνδόξου

303 2711 510 2775 πάθους
539 2712 636 2782 τὴν
666 2714 925 2784 ἀγένητον
957 2717 1047 2770 καὶ
1079 2717 1355 2788 ἀκήρατον
1387 2716 1484 2768 καὶ
1525 2755 1540 2770 .
1581 2756 1594 2770 .
1641 2755 1653 2768 .
1687 2756 1702 2770 .
1748 2759 1760 2771 .
1809 2757 1821 2770 .
1864 2757 1876 2770 .

303 2801 534 2874 θεότητα
573 2799 648 2875 μὴ
679 2806 1027 2862 καιτοι-στεύων
1060 2808 1104 2840 ¹⁰
1135 2808 1358 2879 Γραφὴν
1405 2809 1456 2862 ὑ.
1499 2850 1510 2861 .
1552 2851 1566 2864 .
1623 2847 1636 2860 .
1682 2848 1696 2862 .
1733 2849 1748 2863 .
1792 2848 1806 2862 .

305 2935 319 2948 .
405 2937 420 2950 .
502 2935 518 2949 .
596 2933 611 2949 .
689 2935 705 2950 .
783 2935 798 2949 .
873 2936 886 2950 .
969 2936 986 2951 .
1079 2897 1260 2966 color
1301 2897 1486 2966 ἔλεγεν
1516 2899 1572 2952 δὲ
1597 2899 1773 2953 τοιάδε
1805 2904 1876 2936 "-

304 2989 426 3040 Οὐκ
455 2987 661 3056 ἔκρινα
680 2987 786 3042 τοῦ
810 2987 1026 3042 εἰδέναι
1053 3006 1108 3042 τι
1135 2989 1205 3043 ἐν
1227 2989 1392 3059 ὑμῖν,
1439 2993 1491 3044 εὶ
1507 2990 1594 3060 μὴ
1639 2993 1880 3058 Ἰησοῦν

302 3075 579 3142 Χριστὸν,
604 3075 700 3128 καὶ
725 3076 938 3129 τοῦτον
960 3077 1417 3146 ἐσταυρωμένον
1435 3095 1448 3107 ·
1487 3079 1775 3149 Ῥωμαίοις
1797 3081 1870 3136 δέ·

1997 643 2168 686 tratus
2199 651 2312 687 sunt
2349 644 2557 702 propter
2600 634 2868 688 Clnistum
2913 634 3248 686 detrimenta.
3295 632 3569 694 Verumta-

1998 740 2112 777 men
2135 725 2375 777 existimo
2397 724 2569 777 omnia
2587 725 2954 777 detrimentum
2972 739 3081 776 esse
3099 735 3308 792 propter
3337 726 3568 780 eminen-

1997 825 2096 868 tem
2111 815 2380 869 scientiam
2406 813 2534 870 Jesu
2561 814 2756 868 Christi
2785 813 2998 870 Domini
3024 815 3188 867 nostri
3205 813 3570 884 (l6):propter

1993 921 2140 976 quem
2167 907 2340 960 omnia
2361 906 2724 962 detrimentum
2752 905 2874 975 feci,
2900 915 2946 960 et
2974 906 3203 959 arbitror
3225 915 3280 958 ut
3313 915 3562 971 stercora,

1997 1007 2049 1050 ut
2097 995 2362 1053 Christum
2414 998 2769 1068 tuerifaeiam.
2822 997 2898 1052 Ad
2952 997 3226 1053 Romanos
3275 1011 3400 1050 vero
3452 996 3564 1065 (17)

1995 1087 2293 1142 scribens:
2337 1084 2478 1141 Nam
2533 1086 2580 1141 si
2625 1089 2668 1141 is
2721 1088 2810 1156 qui
2865 1087 3024 1146 venit.
3076 1086 3240 1142 alium
3297 1082 3561 1140 Christum

1993 1178 2264 1242 pradicet,
2291 1193 2444 1245 quem
2481 1195 2584 1233 non
2619 1178 3042 1248 prtedicaoimus,
3084 1187 3174 1230 aut
3201 1176 3363 1229 alium
3395 1173 3562 1244 Spiri-

1993 1279 2101 1322 tum
2149 1270 2408 1338 accipitis,
2445 1285 2593 1340 quem
2636 1286 2740 1323 non
2791 1269 3081 1339 accepistis.
3127 1267 3392 1333 Quidnam
3435 1279 3562 1318 vero

1992 1361 2286 1428 spectabat,
2333 1372 2386 1415 et
2413 1361 2594 1429 qualia
2624 1361 2914 1430 cogitabat,
2963 1375 3084 1415 cum
3135 1373 3318 1414 rursus
3350 1371 3560 1424 germa-

1993 1466 2074 1506 na.-
2131 1467 2194 1506 ac
2250 1466 2394 1506 verae
2441 1452 2531 1506 Dei
2591 1453 2911 1522 cognitionis
2965 1451 3180 1519 propria
3227 1449 3444 1516 scripsit
3493 1448 3558 1498 ad

1991 1542 2302 1600 Corinthios
2359 1541 2474 1613 (l8)
2516 1543 2568 1596 in
2615 1545 2851 1598 secunda
2898 1541 3131 1610 Epistula
3175 1539 3469 1602 allirmans,
3513 1538 3556 1586 si

1989 1634 2110 1702 quis
2147 1632 2282 1688 Filio
2314 1633 2697 1690 reconciliatus
2754 1631 2938 1698 fuerit,
2993 1632 3104 1686 Deo
3153 1629 3558 1684 reconciliatum

1989 1737 2142 1789 esse;
2197 1733 2250 1777 et
2290 1725 2472 1778 ntundi
2509 1738 2630 1776 eum
2669 1721 2779 1776 Deo
2824 1721 3312 1776 reconciliationem
3347 1731 3474 1786 esse
3506 1716 3556 1768 in

1988 1811 2239 1867 Christo?
2273 1813 2399 1868 Haec
2442 1822 2622 1868 autem
2661 1814 2815 1867 habet
2850 1813 2962 1883 (l9)
2998 1832 3010 1866 :
3047 1811 3306 1876 Quoniam
3348 1808 3557 1878 quidem

1919 1877 1958 1930 Β
1987 1903 2128 1957 Deus
2157 1915 2267 1957 erat
2308 1907 2361 1957 iu
2387 1902 2599 1958 Christo
2639 1877 2893 1960 mundum
2923 1877 3267 1958 reconcilians
3305 1900 3402 1953 sibi
3436 1899 3554 1966 ipsi,

1986 2011 2089 2048 non
2115 2007 2359 2061 reputans
2387 1998 2492 2050 illis
2519 1999 2708 2053 delicta
2741 1999 2998 2066 ipsorum,
3038 2006 3086 2050 et
3113 2012 3306 2062 ponens
3339 1996 3389 2048 in
3413 1993 3556 2046 nobis

1986 2086 2194 2138 verbum
2249 2088 2711 2143 reconciliationis.
2757 2087 2862 2141 l’ro
2913 2087 3120 2141 Christo
3152 2102 3272 2156 ergo
3304 2085 3556 2153 legatione

1986 2175 2260 2244 fungimur
2292 2185 2542 2243 tanquam
2588 2177 2696 2231 Deo
2751 2179 3059 2232 exhortante
3095 2193 3186 2246 per
3226 2192 3342 2231 nos.
3396 2173 3556 2233 Obse-

1984 2283 2192 2322 cramus
2215 2285 2312 2338 pro
2343 2267 2553 2323 Christo
2588 2285 2607 2324 :
2639 2270 3055 2324 reconciliamt'ni
3096 2269 3226 2323 Deo.
3252 2268 3317 2322 Et
3343 2283 3550 2328 rursus.

1985 2369 2044 2413 ut
2072 2360 2174 2413 alia
2203 2361 2405 2415 omnia.
2441 2401 2453 2413 .
2481 2399 2497 2416 .
2531 2400 2546 2416 .
2577 2399 2592 2417 .
2626 2402 2639 2416 .
2680 2398 2696 2415 .
2727 2399 2741 2412 .
2779 2401 2794 2415 .
2823 2399 2836 2413 .
2867 2403 2883 2416 .
2918 2398 2934 2416 .
2967 2401 2980 2417 .
3009 2402 3022 2415 .
3057 2399 3072 2416 .
3107 2399 3120 2414 .
3154 2396 3171 2414 .
3205 2397 3220 2414 .
3275 2359 3552 2423 omitteus,

1983 2467 2308 2522 magnopere
2348 2451 2698 2522 gloriabatur,
2744 2467 2808 2510 ac
2853 2453 3188 2522 prtedieabat
3219 2451 3349 2506 illud
3387 2452 3554 2504 etiam

1982 2543 2124 2610 quod
2151 2542 2374 2597 Christo
2409 2553 2632 2612 propter
2660 2542 2948 2613 benignam
2978 2543 3094 2612 ejus
3123 2540 3552 2595 [incarnationem

1984 2632 2402 2701 ignominiosum
2445 2646 2566 2686 esse
2613 2633 2845 2696 videtur,
2895 2630 3124 2699 gloriam
3173 2630 3552 2698 undequaque,

1982 2737 2044 2776 ac
2071 2723 2176 2775 vim
2205 2723 2370 2781 veluti
2399 2719 2694 2778 effundere.
2729 2761 2745 2776 .
2782 2759 2797 2777 .
2832 2758 2848 2775 .
2882 2761 2896 2774 .
2931 2758 2946 2774 .
2981 2757 2997 2773 .
3035 2762 3050 2778 .
3083 2759 3099 2775 .
3133 2759 3148 2773 .
3184 2757 3198 2772 .
3235 2757 3251 2774 .
3293 2759 3308 2774 .
3342 2756 3358 2771 .
3391 2755 3405 2770 .
3437 2755 3454 2771 .
3489 2760 3503 2773 .
3536 2753 3552 2770 .

1981 2819 2040 2863 ιιι
2061 2810 2174 2880 (‘20)
2197 2811 2362 2866 etiam
2395 2812 2486 2880 qui
2511 2811 2564 2864 iu
2595 2810 2830 2879 gloriosa
2867 2809 3120 2866 Passieno
3147 2809 3474 2870 iucreatam,
3501 2817 3557 2860 et

1981 2901 2370 2968 immortalem,
2397 2911 2494 2955 et..
2533 2942 2548 2958 .
2589 2942 2602 2954 .
2637 2941 2654 2956 .
2690 2939 2703 2954 .
2737 2941 2751 2956 .
2793 2943 2806 2955 .
2837 2937 2856 2952 .
2897 2940 2912 2955 .
2953 2940 2969 2956 .
3008 2937 3023 2953 .
3057 2937 3075 2954 .
3111 2940 3124 2954 .
3161 2900 3414 2957 deitatem
3448 2913 3550 2952 non

1981 2994 2248 3064 agnoscit,
2275 2993 2635 3063 Scripturam.
2672 3031 2684 3048 .
2717 3030 2734 3047 .
2767 3032 2780 3047 .
2821 3033 2835 3046 .
2870 3031 2887 3048 .
2925 3031 2940 3046 .
2975 3031 2989 3046 .
3027 3027 3044 3045 .
3077 3033 3094 3048 .
3129 3029 3142 3045 .
3179 3033 3192 3046 .
3229 2990 3353 3044 .Ait
3371 3000 3550 3044 autem

1981 3085 2032 3138 in
2067 3085 2210 3140 hunc
2242 3087 2457 3140 modum
2495 3103 2506 3139 :
2537 3083 2659 3139 Non
2683 3085 2922 3154 μητίεαυὶ
2947 3081 3060 3155 (21)
3085 3099 3162 3138 me
3191 3083 3322 3138 scire
3351 3081 3550 3152 aliquid

299 3169 664 3234 Δικαιοσύνη
697 3167 764 3220 δὲ
787 3167 934 3220 Θεοῦ
963 3167 1060 3234 διὰ
1085 3169 1343 3236 πίστεως
1384 3171 1576 3238 Ἰησοῦ
1617 3173 1875 3240 Χριστοῦ

1982 3177 2112 3231 inter
2138 3193 2248 3242 vos,
2286 3177 2389 3232 nisi
2427 3176 2610 3232 Iesum
2646 3175 2935 3242 Christum,
2969 3186 3016 3230 et
3056 3181 3193 3230 hunc
3217 3175 3549 3245 cruciﬁxum.

298 3263 389 3326 εἰς
419 3257 650 3326 πάντας
687 3259 782 3313 καὶ
817 3260 912 3312 ἐπὶ
947 3259 1176 3326 πάντας
1214 3261 1356 3328 τοὺς
1389 3264 1780 3330 πιστεύοντας
1827 3267 1876 3297 ’⁵

301 3350 1876 3421 φηςὶ..............ὰπὸ

299 3441 436 3495 Θεοῦ
487 3441 716 3504 ἕκαστος
765 3442 827 3494 ⁸⁵.
877 3442 1145 3507 Γαλάταις
1189 3443 1245 3496 δέ
1273 3461 1288 3476 ·
1347 3444 1622 3511 Ειδότες,
1663 3445 1752 3498 ὅτι
1805 3447 1876 3500 οὺ

297 3532 632 3585 δικαιοῦται
683 3532 993 3600 ἅνθρωπος
1044 3533 1114 3597 ἐξ
1159 3533 1348 3604 ἔργων
1390 3537 1602 3604 νόμου,
1651 3534 1759 3589 ἐὰν
1789 3537 1876 3604 μὴ

297 3619 400 3672 ιεἰὰ
439 3620 697 3684 πίστεως
749 3620 942 3687 Ἰησοῦ
971 3622 1228 3688 Χριστοῦ
1248 3663 1262 3686 ,
1296 3623 1394 3676 καὶ
1437 3624 1606 3692 ἡμεῖς
1636 3626 1722 3688 εὶς
1776 3624 1878 3690 Ἰη-

251 3719 258 3724 ’
295 3711 460 3764 σοῦν
502 3711 758 3778 Χριστὸν
805 3713 1270 3782 ἐπιστεύσαμεν,
1320 3715 1422 3768 ἵνα
1481 3713 1878 3783 δικαιωθῶμεν

295 3806 364 3856 ἐκ
411 3804 670 3870 πίστεως
702 3803 980 3872 Χριστοῦ,
1017 3805 1116 3858 καὶ
1158 3807 1270 3858 οὐκ
1310 3805 1380 3869 ἐξ
1413 3805 1602 3874 ἔργων
1646 3807 1836 3874 νόμου
1860 3823 1873 3838 θ

297 3897 386 3947 ὅτι
420 3895 491 3959 ἐξ
521 3895 578 3966 [2
608 3895 664 3967 ιι)
708 3895 897 3966 ἔργων
918 3899 1097 3965 νόμου
1125 3891 1196 3950 οὺ
1225 3895 1682 3962 δικαιωθήσεται
1709 3897 1876 3953 πᾶσα

297 3988 475 4058 σάρξ.
519 3987 822 4058 Ἐξηγείται
863 3987 918 4042 δὲ
964 3989 1058 4043 καὶ
1095 3989 1343 4061 ἑτέρωθι,
1390 3990 1473 4044 ὅτι
1513 3991 1661 4044 Οὔτε
1715 4007 1874 4058 περι-

368 4233 482 4303 (16)
538 4232 668 4287 Jesu
729 4235 924 4290 Christi
975 4235 1182 4289 Domini
1237 4236 1419 4289 nostri.
1475 4235 1658 4290 Crteca
1711 4235 1875 4286 editio

299 4307 500 4378 habet}
528 4305 764 4378 Χριστοῦ
784 4305 972 4378 ΔἸησοῦ
995 4305 1088 4359 τοῦ
1118 4307 1324 4378 Κυρίου
1349 4322 1469 4375 μου,
1500 4305 1550 4358 id
1571 4314 1654 4358 est
1681 4303 1874 4357 Christi

297 4377 424 4428 Jesu
461 4372 670 4426 Douiiui
695 4375 814 4428 mei.

373 4444 485 4512 (17)
513 4443 592 4495 Ad
625 4441 892 4498 Romanos
920 4461 1059 4498 vero.
1091 4444 1375 4514 Didymum
1403 4443 1660 4514 memoria
1687 4441 1871 4496 fefellit

301 4515 403 4566 hoc
432 4515 485 4567 in
523 4515 673 4577 loco;
712 4530 808 4569 nec
835 4517 978 4570 enim
1013 4513 1232 4569 exstant
1273 4517 1385 4569 tunc
1433 4514 1484 4566 in
1531 4513 1763 4580 Epistula
1806 4515 1868 4564 ad

301 4583 580 4639 Romanos
619 4585 837 4653 scripta,
869 4587 962 4639 sed
988 4584 1039 4636 in
1074 4587 1306 4638 secunda
1337 4585 1401 4636 ad
1438 4583 1710 4642 Coriuth.,
1747 4598 1866 4647 cap.

300 4669 376 4714 xl,
411 4667 554 4706 vers.
591 4653 736 4706 4.-lu
780 4655 916 4708 libro
965 4669 1178 4722 quoque
1229 4655 1306 4706 De
1348 4653 1554 4721 Spiritu
1588 4664 1768 4704 sancto
1816 4655 1869 4722 in

299 4722 474 4776 simile
523 4736 765 4776 erratum
833 4721 1097 4788 labitur}
1139 4739 1260 4776 nam
1313 4739 1462 4778 num.
1513 4722 1561 4792 57
1613 4723 1771 4792 (pag.
1813 4721 1870 4782 5,

305 4802 434 4864 tom.
460 4792 499 4844 ll
535 4796 768 4860 Operum
792 4793 862 4864 :S.
896 4793 1207 4864 llicronymi
1237 4794 1493 4848 editionis
1525 4791 1872 4864 Veronensis)

301 4861 494 4932 legitur
539 4881 553 4916 :
607 4881 624 4913 ι
651 4864 729 4914 Ad
776 4861 1350 4932 Corintlnios’quoque
1391 4864 1530 4918 idem
1577 4862 1820 4914 scribens
1856 4879 1868 4914 :

303 4929 503 4992 Nolite,
531 4933 725 4998 inquit,
758 4935 1068 4986 contristare
1105 4929 1357 5000 Spiritum
1383 4946 1654 4986 sanctum:
1695 4949 1712 4982 ι
1754 4947 1872 4998 qua:

302 5011 481 5055 tuneo
502 5005 661 5055 verba
690 5007 741 5055 in
766 5000 997 5070 Epistola
1016 5003 1255 5058 invenies
1275 5003 1340 5054 ad
1367 5003 1626 5069 Ephesios
1648 5002 1872 5068 scripta,

301 5085 419 5138 cap.
453 5087 528 5129 ιν.
559 5088 701 5126 vers.
733 5073 826 5138 50,
867 5089 968 5125 non
997 5088 1124 5127 vero
1172 5073 1222 5126 in
1259 5073 1514 5140 Epismlis
1562 5073 1625 5123 ad
1675 5073 1868 5124 Coi-iu-

304 5142 466 5194 thios.
515 5141 748 5196 Numero
783 5153 961 5196 autem
1010 5142 1100 5204 ll,
1143 5157 1262 5212 pag.
1309 5143 1410 5197 H9
1447 5141 1690 5212 amulo
1730 5142 1872 5194 dicta

303 5225 422 5280 esse
450 5215 526 5265 ait
556 5213 609 5264 iu
656 5215 804 5266 Aelis
839 5210 1504 5280 apostolorutmquzudam'
1525 5211 1706 5273 verba,
1751 5227 1870 5278 ιμιςυ

302 5295 333 5334 a
369 5279 530 5334 Petro
579 5291 706 5335 sunt
752 5279 1116 5350 pronuntiata.
1170 5279 1282 5336 Duo
1334 5283 1447 5335 haec.
1484 5283 1773 5335 etneudare
1819 5282 1871 5332 in

301 5365 399 5404 sua
448 5351 892 5418 interpretatione
945 5353 1308 5419 Hieronymus
1356 5351 1669 5412 debuisset,
1728 5351 1770 5402 si
1821 5352 1870 5402 id

302 5435 486 5474 terum
531 5423 690 5483 foret,
720 5423 860 5490 quod
888 5423 1127 5475 nonnulli
1156 5422 1338 5475 nescio
1362 5421 1556 5488 quibus
1585 5435 1872 5490 argumeno

298 5493 369 5544 tis
395 5490 600 5544 inducti
645 5488 996 5554 consul-runt,
1026 5507 1149 5545 eum
1193 5491 1371 5559 aliqua
1405 5495 1454 5542 in
1497 5488 1870 5542 trausl'eremh

295 5573 362 5612 eo
395 5559 532 5613 libro
563 5562 870 5624 addidisse,
904 5571 997 5614 aut
1023 5561 1333 5617 abstulisse.
1371 5570 1466 5614 aut
1507 5562 1819 5611 iuunutasse
1853 5572 1869 5610 :

295 5629 512 5698 idquod
546 5646 671 5684 eum
711 5631 926 5693 fecisse,
976 5631 1026 5684 in
1063 5631 1302 5684 auiumnt
1336 5630 1590 5682 inducere
1638 5643 1866 5698 nequeo,

297 5699 361 5771 iis
385 5697 567 5771 iatuen
593 5702 836 5771 exceptis
863 5701 1015 5765 locis,
1047 5700 1098 5754 iu
1129 5700 1324 5769 quibus
1353 5697 1418 5771 is,
1449 5699 1537 5767 qui
1569 5713 1633 5771 ex
1665 5713 1765 5771 una
1815 5697 1868 5771 in

293 5769 462 5840 aliain
517 5767 753 5840 linguam
813 5767 1494 5839 'couvertit,_'\'ocabultuu
1539 5767 1751 5840 aliquod
1788 5767 1866 5840 Δἰιι

296 5837 672 5908 translatione,
699 5856 806 5910 quo
831 5842 1099 5897 sententia
1125 5837 1228 5896 non
1256 5848 1510 5904 mutetur,
1565 5840 1659 5893 sed
1689 5837 1868 5892 deela-

1978 3269 2058 3321 Ad
2095 3267 2367 3324 Romanos
2395 3283 2522 3322 vero
2560 3271 2806 3324 scribens
2837 3269 2914 3322 ait
2953 3267 3208 3323 :Justitia
3235 3265 3347 3339 (22)
3375 3277 3550 3321 autem

1980 3359 2079 3413 Dei
2110 3377 2202 3428 per
2230 3361 2383 3428 ﬁdem
2418 3359 2548 3414 Jesu
2574 3358 2790 3423 Christi,
2819 3359 2872 3414 in
2897 3375 3094 3425 omnes,
3131 3369 3179 3412 et
3204 3374 3358 3428 super
3375 3372 3555 3412 omnes

1978 3451 3548 3520 credentes........iuquit................

1978 3539 2034 3611 4
2085 3559 2112 3590 a
2149 3540 2257 3592 Deo
2298 3541 2692 3610 unusquisque.
2756 3541 2838 3594 Ad
2895 3539 3115 3595 Galatas
3165 3555 3296 3594 Vero
3328 3558 3341 3594 :
3370 3538 3553 3592 Scien-

1980 3644 2053 3684 tes
2073 3631 2188 3700 (‘25)
2232 3632 2370 3699 quod
2399 3647 2500 3682 non
2523 3631 2851 3698 iustiﬁcetur
2875 3633 3028 3684 homo
3045 3647 3108 3684 ea:
3139 3630 3378 3698 operibus
3401 3628 3548 3695 legis,

1983 3724 2081 3777 nisi
2105 3739 2196 3788 per
2223 3723 2380 3791 fidem
2399 3721 2528 3776 Jesu
2555 3721 2787 3784 Christi;
2808 3731 2855 3774 et
2890 3737 2984 3774 nos
3009 3722 3062 3774 in
3085 3720 3349 3774 Christum
3369 3720 3550 3774 Jesum

1981 3811 2322 3875 credidimus,
2353 3819 2408 3862 ut
2419 3809 2778 3880 justiﬁeemur
2807 3823 2873 3862 ea:
2903 3807 3008 3875 fide
3031 3808 3246 3871 Christi,
3269 3819 3316 3862 et
3361 3826 3462 3863 non
3486 3825 3551 3861 ex

1982 3901 2216 3969 operibus
2251 3901 2380 3971 legis
2409 3919 2426 3954 :
2448 3901 2568 3968 quia
2607 3916 2674 3953 ea:
2712 3899 2950 3969 operibus
2993 3899 3116 3968 legis
3159 3917 3258 3952 non
3284 3900 3550 3968 justi/im-

1979 3993 2120 4045 bitur
2175 3993 2342 4045 omnis
2382 4007 2524 4044 cura.
2583 3989 2719 4044 Alibi
2773 4003 2898 4042 vero
2947 3991 3106 4068 etiam
3157 3989 3235 4042 sic
3272 3990 3484 4056 expetiit
3531 4007 3544 4044 :

1986 4245 2152 4296 retur,
2181 4231 2472 4303 aliquando
2512 4233 2722 4303 cogitur
2769 4234 3002 4303 adjicere
3053 4231 3326 4303 timorum
3369 4231 3457 4296 Qui
3490 4233 3540 4281 in

1985 4313 2223 4356 veterum
2289 4301 2507 4354 Patrum
2571 4301 3258 4364 lectioneiversatisuut,
3323 4311 3540 4358 norunt.

1983 4385 2363 4439 nonnunquam
2428 4370 2731 4436 huiusmodi
2799 4373 2850 4424 in
2918 4370 3024 4424 illis
3080 4383 3294 4438 quoque
3353 4371 3542 4439 utenda

1979 4437 2286 4504 occurrere,
2321 4455 2382 4492 at:
2421 4443 2718 4507 praesertim
2749 4441 2801 4494 in
2835 4437 3114 4498 Clemente
3162 4437 3544 4494 Alexandrino.

1979 4509 2158 4575 Quare
2209 4525 2313 4563 non
2369 4517 2458 4562 est
2499 4525 2595 4561 cur
2643 4511 2921 4576 miremur,
2975 4511 3020 4562 si
3075 4525 3252 4563 caecus
3309 4523 3546 4576 quoque,

1978 4581 2066 4645 qui
2104 4579 2416 4632 memoriter
2441 4579 2624 4632 omnia
2659 4581 2882 4640 citabat,
2917 4594 2982 4633 ac
3016 4595 3112 4645 per
3148 4583 3391 4632 notarios
3417 4579 3546 4632 scri-

1974 4650 2104 4704 bere
2156 4651 2470 4716 cogebatur,
2535 4649 2826 4717 aliquando
2877 4652 2928 4702 in
2975 4665 3039 4704 ea
3097 4650 3342 4702 inciderit
3375 4662 3387 4696 :
3421 4647 3549 4698 illud
3621 4645 3629 4656 '

1976 4720 2154 4788 potius
2187 4720 2380 4770 mirum
2416 4733 2796 4785 summopere,
2835 4728 2999 4787 atque
3039 4721 3173 4788 adeo
3219 4717 3387 4770 instar
3425 4731 3548 4788 pro-

1975 4787 2102 4857 ihgii
2132 4797 2236 4850 est.
2270 4789 2444 4856 ipsum
2477 4799 2584 4839 tam
2619 4790 2782 4840 multa
2815 4804 3092 4842 sacrorum
3132 4787 3390 4839 librorum
3430 4787 3545 4838 loca

1977 4858 2234 4910 memoria
2262 4857 2572 4919 retinuisse,
2601 4868 2763 4925 atque
2793 4859 2844 4910 in
2872 4865 3144 4927 promptu,
3171 4857 3388 4927 quoties
3423 4871 3549 4913 usus

1975 4936 2136 4989 esset,
2175 4929 2448 4990 habuisse,
2483 4943 2644 4992 quant
2691 4925 2948 4982 umltaiin
2981 4929 3081 4980 hoc
3111 4940 3276 4994 opere
3306 4925 3548 4994 allegau-

1978 5009 2095 5061 tur;
2127 5012 2246 5064 qum
2272 5006 2395 5049 sunt
2420 4997 2850 5050 innumerabilia.

2043 5062 2161 5135 (18)
2200 5065 2281 5118 Ad
2319 5065 2636 5136 Corinthios.
2677 5065 2816 5136 Lege
2845 5066 2881 5119 11
2925 5067 2990 5118 ad
3034 5063 3162 5119 Cor.
3203 5062 3372 5128 v,18,
3407 5062 3470 5115 19
3497 5071 3550 5113 et

1973 5136 2080 5198 20;
2126 5151 2222 5187 nec
2243 5135 2387 5204 enim
2437 5135 2582 5188 Pauli
2616 5135 2776 5188 verba
2809 5137 2897 5191 hic
2927 5136 3142 5204 allegat,
3177 5136 3272 5189 sed
3305 5148 3545 5186 sensum.

2045 5205 2157 5272 (19)
2206 5203 2400 5257 Habet.
2433 5205 2467 5256 11
2493 5204 2616 5259 Cur.
2647 5220 2698 5267 ν,
2730 5206 2794 5260 19
2817 5215 2869 5258 cl
2893 5207 2983 5258 ’20.

2046 5277 2158 5344 120)
2204 5273 2290 5328 Ut.
2342 5276 2414 5328 lia
2455 5277 2644 5327 omitto
2687 5277 2736 5328 in
2787 5275 3166 5341 lt'uttslugione,
3218 5286 3447 5344 quorum
3498 5280 3551 5323 et

1975 5342 2152 5406 lectio,
2195 5352 2248 5399 et.
2287 5345 2554 5398 sententia
2608 5345 2832 5400 incerta.
2913 5345 3218 5410 Lugendum
3277 5342 3544 5401 fortasse,

1971 5415 2313 5485 ἐγνωσμένον
2351 5413 2506 5467 τοῦτο
2545 5413 2714 5466 ποιῶν
2741 5414 2798 5480 ἐξ
2839 5414 3034 5485 ἔργων.

2045 5479 2165 5555 (uti
2195 5482 2314 5537 Non
2345 5485 2605 5555 judicavi.
2654 5485 2672 5538 l
2704 5485 2829 5538 Cor.
2865 5479 2925 5548 il,
2957 5483 3012 5548 2,
3055 5482 3140 5536 ubi
3174 5480 3360 5535 Graeca
3385 5479 3549 5535 editio

1974 5551 2171 5608 habet:
2199 5556 2258 5624 οὐ
2299 5551 2406 5623 γὰρ
2431 5551 2641 5624 ἔκρινα.
2813 5621 2828 5624 Α
2848 5621 2863 5624 _
3314 5587 3328 5595 .

2045 5624 2156 5692 (2‘2)
2191 5621 2432 5675 Justttta.
2489 5621 2644 5692 Rom.
2693 5637 2774 5683 ιιι,
2804 5621 2888 5674 ‘29..

2045 5688 2154 5764 (Ξό)
2211 5692 2464 5764 timentes.
2513 5691 2690 5764 Colat.
2751 5707 2810 5764 ιι,
2873 5692 2958 5764 lii,
3007 5690 3093 5743 ubi
3151 5690 3334 5744 Cra-ca
3389 5688 3547 5764 editiv

1975 5759 2182 5817 habet:
2219 5762 2312 5824 Εἰς
2350 5760 2582 5831 Χριστὸν
2609 5759 2862 5831 -Ἰησοῦν,
2917 5762 2980 5814 Et
3010 5763 3166 5828 paulo
3207 5771 3324 5831 post
3358 5777 3368 5811 :
3401 5761 3545 5811 Διότι

1971 5833 2032 5887 οὐ
2059 5829 2478 5903 δικαιωθήσεται
2511 5829 2571 5894 ἐξ
2594 5829 2771 5902 ἔργων
2801 5831 2964 5902 νόμου
2991 5831 3139 5884 πᾶσα
3168 5830 3321 5902 siqui.
