4108 6430
331 430 441 489 285

1438 433 1525 487 DE
1565 433 1935 488 ΤΒΙΝΙΤΛἸΕ
1977 436 2181 491 LIBER
2223 437 2503 491 PRIMUS.

3496 437 3603 495 286

331 551 453 615 πᾶς
488 550 521 603 ό
549 546 788 616 θεωρῶν
815 544 922 600 τόν
960 545 1099 600 Tit)?
1126 546 1223 600 καὶ
1259 547 1564 601 πιστεύων
1588 549 1676 613 εὶς
1704 548 1910 610 αὑτὸν,

2028 566 2190 619 neque
2218 548 2428 615 fecerit,
2459 550 2779 613 nec‘l'aciat,
2811 565 2914 604 nou
2941 559 3024 606 est
3050 562 3321 618 creatura,
3348 567 3445 608 nec
3477 568 3600 607 cum

334 644 446 710 ἔχῃ
471 637 625 707 ζωὴν
658 637 902 692 αἰώνιον
924 654 938 667 ·
976 637 1077 691 οὐκ
1111 638 1175 690 ἐκ
1220 636 1524 707 θελήματος
1552 641 1580 691 ὁ
1611 639 1760 705 Υἱὸς,
1798 639 1912 693 ἀλλ’

336 740 369 788 ὀ
387 730 618 799 θεωρῶν
641 729 822 783 αὐτόν.
850 729 925 783 Τὸ
953 730 1060 801 γὰρ
1090 728 1323 801 θέλημα,
1358 730 1495 800 μετὰ
1519 730 1761 799 «sum
1788 733 1918 786 κάν-

338 822 507 876 ταῦθα
555 821 895 893 εὑρίσκεται.
953 819 1293 875 Ἀπεώσαιτο
1321 821 1366 873 δ’
1393 821 1460 875 ἂν
1501 820 1624 875 καθ’
1666 822 1791 876 ὅλου
1834 840 1917 887 τις

337 912 528 966 θᾶττον
556 909 738 964 αὐτῶν
780 911 873 964 καὶ
904 911 1117 963 τουτονὶ
1158 909 1251 962 τὸν
1285 908 1441 978 λόγον
1483 911 1584 963 οὐκ
1625 911 1690 963 ὲκ
1736 911 1913 981 μόνων

334 1002 441 1056 τῶν
495 999 938 1073 προλεχθὼτων,
993 999 1131 1054 ἀλλὰ
1175 1001 1269 1054 καὶ
1315 1000 1426 1053 τῶν
1454 1000 1918 1073 ὲπαχθησομένων

337 1093 475 1163 πρὸς
513 1092 702 1165 ἡμῶν
732 1091 886 1145 τοῦτ’
917 1090 1089 1157 ἔστιν,
1128 1091 1244 1160 εἴγε
1272 1090 1657 1163 παραπλήσιον
1687 1094 1919 1167 ἀντέρη-

333 1203 420 1239 ται
446 1185 651 1249 αὐτούς
669 1200 682 1215 ⁸
708 1185 943 1257 Πότερόν
972 1202 1103 1238 ποτε
1123 1187 1152 1238 ὁ
1177 1185 1369 1257 Πατὴρ
1398 1183 1631 1255 θελήσας
1658 1186 1917 1258 ὑπάρχει,

334 1280 367 1349 ἢ
391 1277 492 1345 ob;
525 1278 608 1332 Τά
638 1276 731 1332 ἴσα
754 1277 865 1349 γὰρ
894 1270 969 1333 ὧν
998 1278 1335 1349 ἐμελέτησαν
1363 1279 1667 1350 ἀπαντήσει
1696 1279 1880 1342 αὐτοῖς
1901 1295 1917 1307 ·

337 1371 473 1443 πρὸς
523 1369 623 1440 μὲν
654 1368 735 1434 τὸ,
770 1370 844 1422 Οὐ
896 1368 1154 1441 θελήσας,
1200 1370 1281 1423 ὅτι
1331 1371 1482 1444 παρὰ
1513 1370 1716 1425 σκοπὸν
1767 1368 1919 1439 αὐτῷ

338 1461 537 1533 συνέϐη
574 1461 634 1515 τὸ
667 1462 988 1531 ὑφεστάναι,
1018 1461 1234 1530 φύσεως
1258 1463 1503 1534 ἀνάγκης
1527 1466 1607 1526 εἱς
1633 1461 1792 1516 τοῦτο
1820 1462 1918 1515 αὐ-

335 1554 424 1607 τὸν
454 1552 663 1606 ἄκοντα
693 1552 1137 1623 περιτρεπούσης
1157 1570 1171 1585 ο
1195 1554 1333 1624 πρὸς
1359 1554 1416 1607 δὲ
1442 1555 1503 1607 τὺ
1530 1553 1802 1623 δεύτερον,
1835 1552 1917 1605 ὃτι

341 1644 440 1715 πρὸ
487 1646 590 1714 τῆς
662 1643 935 1714 θελήσεως
984 1644 1084 1697 οὐκ
1126 1640 1216 1715 ἦν.
1281 1646 1673 1717 Ἀναχθήσεται
1723 1644 1832 1714 γὰρ
1877 1647 1911 1715 ἡ

341 1733 574 1805 ὓπαρξις
607 1733 773 1787 αὐτοῦ
807 1736 888 1798 εἰς
917 1734 1016 1804 τὴν
1066 1735 1321 1806 βούλησιν
1367 1736 1559 1790 αὗτοῦε
1604 1735 1921 1807 δημιουργι-

342 1825 449 1889 κῶς
480 1824 665 1889 αὐτὸν,
689 1824 830 1878 κατά
857 1825 955 1888 τὰς
983 1825 1333 1896 βαττολογίας
1358 1828 1559 1891 αὐτῶν,
1579 1829 1659 1891 εἰς
1684 1827 1921 1879 ὑπόστα-

2021 644 2273 712 praecedit
2316 652 2540 711 paterna
2578 641 2846 708 voluntas,
2878 658 2973 698 seu
3016 644 3223 702 volitio.
3273 644 3435 699 Aliud
3462 659 3601 714 quo-

2018 749 2124 803 que
2174 732 2402 788 dixerim
2438 752 2453 788 :
2492 732 2548 787 Si
2579 735 2653 789 ait
2693 733 2942 789 Salvator
2976 752 2992 788 :
3048 733 3303 789 Voluntas
3337 734 3454 804 ejus
3487 734 3604 804 (75)

2018 828 2107 896 qui
2154 827 2298 882 misit
2335 842 2440 892 me,
2489 836 2548 879 ut
2587 827 2756 880 omnis
2796 826 2887 895 qui
2916 827 3053 880 videt
3099 824 3321 890 Filium,
3354 835 3401 881 et
3438 825 3603 879 credit

2021 915 2071 966 in
2093 930 2232 979 eum,
2258 913 2444 968 habeat
2466 913 2625 968 vitam
2652 924 2904 969 azternam
2925 930 2946 980 ;
2985 930 3088 969 non
3118 923 3204 969 est
3236 930 3300 970 ex
3327 915 3604 970 voluntate

2020 1002 2211 1069 Filius,
2242 1002 2335 1059 sed
2368 1003 2457 1073 qui
2491 1003 2667 1074 ipsum
2699 1004 2834 1056 uidet
2859 1017 2878 1056 :
2910 1018 3036 1057 nam
3068 1002 3321 1058 voluntas
3344 1002 3435 1057 hic
3471 1019 3605 1073 quo-

2020 1111 2127 1166 que
2170 1105 2294 1165 post
2328 1094 2523 1151 Filium
2560 1094 2851 1151 invenitur.
2886 1094 3059 1150 Citius
3091 1109 3219 1149 vero
3252 1094 3391 1148 banc
3437 1095 3601 1148 etiam

2022 1186 2235 1241 illorum
2271 1184 2798 1256 argumentationem
2826 1186 3049 1240 omnino
3077 1186 3201 1255 quis
3250 1184 3460 1252 rejiciat
3489 1183 3623 1255 (76),

2022 1295 2127 1333 non
2167 1293 2234 1333 ex
2280 1278 2349 1332 iis
2378 1278 2561 1343 modo,
2594 1293 2715 1347 quae
2751 1286 2907 1333 antea
2948 1279 3089 1332 dicta
3125 1287 3269 1343 sunt,
3316 1277 3410 1331 sed
3440 1287 3494 1331 et
3533 1290 3599 1329 ex

2021 1372 2121 1429 his.
2157 1386 2277 1441 quae
2310 1386 2340 1424 a
2371 1371 2526 1426 nobis
2561 1372 2900 1426 adducentur
2935 1387 2947 1422 :
2985 1371 3029 1426 si
3082 1385 3273 1440 nempe
3311 1369 3470 1424 simili
3506 1383 3599 1423 eos

2020 1460 2258 1517 vicissim
2292 1471 2483 1532 urgeat
2524 1463 2984 1531 interrogatione:
3015 1462 3174 1517 Pater
3195 1462 3479 1518 exsistitue
3507 1476 3598 1516 vo-

2020 1555 2159 1619 leus,
2206 1569 2385 1610 annon
2429 1553 2579 1624 (77)?
2615 1552 2748 1607 Nam
2785 1568 2850 1609 eo
2879 1555 3059 1618 modo,
3098 1568 3205 1623 quo
3233 1553 3330 1622 ipsi
3380 1567 3601 1622 reSpon-

2020 1646 2248 1709 debuut,
2288 1652 2343 1699 et
2376 1658 2475 1699 nos
2507 1643 2639 1713 ipsis
2686 1658 3059 1699 occurremus.
3096 1643 3152 1697 Si
3190 1642 3425 1698 dixerint
3454 1662 3468 1696 :
3498 1643 3604 1696 No—

2026 1738 2163 1801 leus,
2194 1736 2658 1805 respondebimus,
2702 1747 2897 1805 praeter
2948 1735 3303 1791 intentionem
3339 1734 3387 1791 ei
3428 1736 3601 1791 conti-

2025 1831 2167 1898 gisse
2189 1834 2249 1881 ut
2275 1820 2612 1894 subsisteret,
2636 1829 2701 1882 ad
2732 1827 2834 1883 hoc
2862 1843 2982 1882 eum
3021 1827 3250 1882 naturali
3283 1827 3606 1883 necessitate

345 1933 426 1967 σιν
466 1914 953 1985 περιελαυνούσης.
997 1914 1233 1985 Ὁμοίως
1262 1917 1357 1969 καὶ
1390 1916 1538 1980 ἄλλο,
1575 1915 1718 1981 λέξει
1763 1915 1920 1985 μόνον

2028 1921 2248 1976 invitum
2281 1920 2549 1990 adigente.
2589 1919 2646 1974 Si
2681 1934 2809 1975 vero
2834 1919 3071 1973 dixerint
3099 1936 3112 1972 :
3140 1916 3375 1986 Volens,
3415 1919 3487 1972 ita
3513 1932 3606 1972 cos

340 2006 595 2078 διαφέρον
623 1996 863 2078 enimp?)
916 2006 1118 2060 αὐτοῦ’
1166 2008 1419 2079 Θελητῶς
1462 2008 1537 2080 [5
1584 2027 1614 2062 a
1658 2007 1678 2080 ]
1725 2009 1753 2061 6
1790 2007 1923 2071 Θεὸς

342 2098 609 2162 ἀθάνατός
653 2100 802 2151 ἐστιν
848 2099 947 2151 καὶ
994 2097 1220 2167 ἀγαθὸς,
1290 2100 1322 2169 ἢ
1374 2098 1743 2170 ἀνεθελήτως;
1798 2099 1926 2151 Ἐπ-

342 2191 691 2263 ενεχοήσεται
725 2192 834 2262 γὰρ
862 2191 929 2245 τὰ
959 2192 1117 2247 αὐτά.
1138 2193 1371 2247 Κάλλιον
1401 2192 1454 2245 δέ
1495 2211 1578 2257 τις
1606 2194 1842 2264 ποιήσει,
1875 2194 1923 2245 ει

345 2285 631 2354 συντόμως
672 2284 1037 2355 ἀποκρίνηται
1070 2286 1256 2348 αὐτοῖς
1306 2284 1472 2355 μηδὲν
1506 2284 1924 2357 ὲπισυμϐαίνειν

341 2373 416 2444 τῷ
465 2374 769 2444 παντελείῳ
806 2374 947 2445 Θεῷ,
1001 2375 1134 2445 μηδέ
1184 2393 1238 2428 τι
1284 2375 1685 2446 ἀπολιμπάνειν
1727 2375 1918 2429 αὐτόν’

342 2467 437 2519 καὶ
474 2463 664 2536 ὥσπερ
709 2465 768 2517 οὑ
806 2468 1132 2536 προηγεῖται
1175 2468 1275 2536 τῆς
1320 2466 1595 2538 πατρικῆς
1639 2466 1922 2537 ὑπάρξεως

341 2558 438 2611 καί
477 2555 782 2620 ἀθανασίας
811 2558 906 2612 καὶ
945 2557 1282 2630 ἀγαοότητος
1323 2558 1563 2630 θέλημα,
1600 2558 1772 2622 οὕτως
1803 2559 1924 2612 οὐδὲ

341 2645 442 2718 τῆς
466 2647 780 2718 γεννήσεως
796 2665 809 2679 ·
838 2649 933 2702 καὶ
962 2649 1158 2719 ἀπᾴδει
1185 2650 1363 2704 πάντα
1384 2650 1557 2703 ὁπόσα
1577 2649 1799 2704 τοιαῦτα
1826 2651 1923 2721 τῆς

344 2738 472 2810 περὶ
516 2737 614 2791 τοῦ
649 2738 784 2791 Θεοῦ
824 2740 1195 2811 ἐνθυμήσεως.
1239 2742 1373 2812 Περὶ
1414 2741 1468 2794 δὲ
1515 2741 1624 2794 τῶν
1664 2741 1920 2803 κτιστῖυν,

344 2830 431 2885 τον
463 2828 630 2887 Δαυῒδ
667 2830 814 2901 ᾅδειν
847 2834 905 2884 ὲν
952 2838 1052 2903 ριγ¹
1096 2832 1329 2903 ψαλμῷ·
1379 2833 1432 2885 ’0
1478 2831 1623 2899 Θεὸς
1660 2830 1829 2901 ἡμῶν
1854 2833 1924 2886 ἐν

345 2920 422 2986 τῷ
470 2921 728 2989 οὐρανῷ,
757 2923 857 2977 καὶ
893 2923 962 2977 ἐν
1006 2923 1082 2992 τῇ
1111 2923 1187 2994 τῇ
1230 2923 1425 2977 πάντα
1457 2923 1573 2977 ὅσα
1601 2924 1921 2992 ἠθέλησεν,

347 3012 674 3081 ἐποίησεν
708 3013 826 3079 καὶ,
870 3014 1171 3068 Πάνταμὲν
1196 3015 1381 3085 σοφίᾳ
1420 3015 1744 3082 ἐποίησας·
1777 3014 1921 3068 τοῦτ’

350 3101 494 3157 ἐστιν
526 3103 586 3156 ὲν
616 3102 695 3173 τῷ
742 3102 880 3174 Υἱῷ,
929 3103 1050 3175 οὐχὶ
1097 3103 1154 3157 δὲ
1184 3105 1240 3157 ὲν
1271 3104 1563 3175 θελήματι.
1604 3105 1716 3157 Καὶ
1750 3106 1807 3158 ὲν
1846 3104 1922 3175 οβ’

2022 1994 2338 2080 urgebimus
2380 2030 2394 2067 :
2432 2012 2573 2082 Ergo
2599 2020 2726 2066 ante
2763 2010 3093 2066 voluntatem
3123 2024 3226 2065 non
3264 2010 3557 2065 exsistebat
3588 2023 3603 2061 :

2027 2119 2149 2159 nam
2181 2104 2235 2159 in
2263 2104 2379 2172 ejus
2405 2103 2740 2167 volitionem,
2769 2118 2889 2173 quae
2918 2117 3014 2172 per
3044 2102 3376 2157 creationem
3409 2101 3605 2169 ipsum,

2019 2198 2171 2267 juxta
2203 2213 2389 2254 eorum
2415 2197 2669 2266 ineptias,
2702 2198 2769 2251 ad
2797 2196 3201 2251 subsistentiam
3231 2194 3607 2265 traxerit(78),

2026 2289 2314 2344 reducetur
2359 2289 2530 2357 ipsius
2560 2287 2905 2343 exsistentia.
2938 2287 3056 2343 Alia
3097 2285 3283 2341 itidem
3314 2300 3408 2340 eos
3436 2286 3607 2339 inter-

2026 2380 2308 2448 rogatione
2361 2393 2553 2451 urgere
2588 2394 2895 2450 possumus,
2924 2394 3047 2452 (ιυιε
3088 2378 3312 2433 vocibus
3349 2379 3609 2430 duntaxat

2025 2486 2053 2523 ιι
2079 2469 2361 2540 superiore
2398 2468 2579 2524 diil'ert
2611 2487 2625 2522 :
2678 2467 2929 2539 Nunquid
2972 2469 3274 2524 voluntarie
3324 2466 3465 2522 Deus
3505 2468 3607 2520 im-

2030 2558 2277 2614 mortalis
2312 2567 2416 2625 est,
2435 2566 2491 2613 et
2514 2559 2707 2625 bonus,
2735 2572 2803 2612 an
2836 2556 3237 2613 involuntarie?
3261 2556 3393 2611 Nam
3419 2557 3608 2612 eadem

2025 2648 2262 2704 absurda
2313 2647 2503 2703 inferri
2540 2656 2764 2718 queunt.
2806 2646 2912 2705 Sed
2960 2648 3153 2704 melius
3192 2648 3315 2718 quis
3335 2649 3525 2718 egerit,
3561 2649 3606 2702 si

2026 2739 2433 2810 compendiario
2462 2739 2594 2808 ipsis
2618 2739 2966 2809 respondeat,
2998 2738 3108 2795 Deo
3130 2734 3611 2809 summe'pcrfecto
3688 2748 3693 2751 ’

2027 2835 2161 2890 nihil
2178 2834 2448 2898 accidere,
2477 2834 2715 2904 nihilque
2730 2833 3076 2890 exciderezet
3103 2820 3245 2889 sicut
3267 2830 3445 2888 Patris
3471 2834 3611 2888 exsi-

2027 2928 2302 2994 stentiam,
2321 2935 2375 2981 et
2396 2926 2876 2991 immortalitatem,
2890 2936 2947 2983 et
2967 2926 3262 2982 bonitatem
3287 2937 3391 2980 non
3410 2939 3612 2996 prince-

2025 3019 2104 3073 dit
2132 3018 2397 3082 voluntas,
2415 3018 2569 3073 sicne
2582 3018 2981 3087 generationem
2998 3016 3212 3088 quidem
3237 3014 3593 3087 (quaecunque

2028 3122 2154 3161 vero
2167 3107 2248 3162 his
2260 3106 2454 3161 similia
2468 3116 2614 3172 sunt,
2629 3106 2810 3162 omnia
2825 3121 2854 3161 a
2874 3116 3037 3171 recta,
3051 3122 3153 3176 qua
3168 3105 3237 3161 de
3251 3106 3357 3160 Deo
3373 3104 3546 3176 c0gita
3556 3121 3612 3159 re

347 3194 577 3266 ψαλμῷ·
631 3194 997 3264 Ἐκράτησαι,
1042 3194 1154 3264 τῆς
1193 3196 1394 3263 χειρὸς
1421 3194 1530 3263 τῆς
1553 3195 1753 3262 δεξιᾶς
1780 3214 1920 3283 μου,

2028 3196 2304 3264 debemus,
2329 3197 2539 3251 ratione
2562 3196 2732 3252 aliena
2754 3198 2900 3268 sunt)
2918 3214 2931 3250 :
2948 3196 3225 3253 decreatis
3246 3204 3424 3250 autem
3453 3196 3612 3248 rebus

348 3285 414 3340 ἐν
445 3284 527 3354 τῇ
563 3285 769 3355 ,ϐουλῇ
808 3302 925 3340 σου
955 3284 1275 3356 ὠδήγησάς
1296 3302 1394 3355 με,
1429 3285 1528 3338 καὶ
1562 3291 1711 3354 μετὰ
1740 3286 1923 3353 δόξης

2028 3288 2103 3340 sic
2137 3288 2389 3342 Davidem
2420 3302 2619 3342 canere
2641 3288 2694 3342 in
2714 3303 2843 3343 cxm
2877 3288 2976 3358 ιι
3002 3288 3203 3357 psalmo
3228 3307 3240 3342 :
3270 3286 3409 3341 Deus
3439 3295 3613 3338 noster

350 3375 728 3444 προσελάϐου
754 3394 859 3446 με·
891 3378 986 3431 καὶ
1014 3379 1071 3431 ὲν
1098 3377 1199 3431 κθ’·
1237 3378 1367 3432 Ὅτι
1396 3379 1540 3445 ὀργὴ
1564 3376 1633 3429 ἐν
1656 3374 1736 3442 τῷ
1761 3376 1926 3446 θυμῷ

350 3466 559 3532 αὺτοῦ,
584 3467 681 3521 καὶ
705 3467 817 3537 ζωὴ
843 3468 915 3521 ἐν
939 3468 1020 3534 τῷ
1047 3468 1332 3537 θελήματι
1355 3467 1541 3521 αὐτοῦ
1563 3483 1576 3497 ’
1606 3467 1700 3519 καὶ
1730 3470 1787 3520 ὲν
1814 3475 1891 3521 κε’
1908 3483 1922 3499 ο

363 3559 461 3612 Ἐν
486 3556 570 3623 τῷ
605 3558 897 3629 θελήματι
931 3575 1049 3615 σου
1088 3559 1407 3628 παράσχου
1444 3557 1524 3623 τῷ
1560 3559 1771 3612 κάλλει
1805 3574 1925 3627 μου

352 3651 637 3722 δὶνναμιν·
672 3653 769 3707 καὶ
811 3655 870 3706 ἐν
902 3652 998 3716 ιζ’·
1030 3653 1309 3708 Ῥὐσεταί
1348 3669 1458 3722 με,
1494 3651 1582 3704 ὅτι
1620 3648 1928 3719 ἠθέλησέν

352 3762 444 3813 με.
473 3748 588 3799 Καὶ
613 3747 724 3816 γὰρ
754 3746 813 3799 ὃν
845 3746 1049 3817 τρόπον
1089 3746 1351 3816 ὑπάρχων
1381 3747 1409 3797 ὁ
1446 3744 1635 3816 Πατὴρ
1661 3742 1926 3805 ἀθάνατός

352 3847 409 3885 τε
431 3836 528 3888 καὶ
556 3835 782 3902 ἀγαθὸς,
822 3835 1069 3905 βούλεται
1097 3831 1234 3888 εἶναι
1266 3835 1460 3897 ταῦτα,
1492 3836 1583 3888 καί
1609 3834 1927 3904 βουλόμενός

356 3924 499 3983 ἐστιν
524 3926 724 3996 ταῦτα,
750 3928 848 3982 οὐκ
873 3928 1072 3992 αἰτίαν,
1090 3927 1309 3981 ἵνόὖτω
1325 3926 1648 3998 appium-rip
1676 3925 1928 3997 βούλησιν

424 4103 542 4244 iiii

585 4102 835 4157 Voluntas
864 4106 995 4172 ejus.
1025 4103 1180 4160 Joan.
1200 4118 1275 4168 Vl,
1306 4103 1395 4159 40.

579 4172 825 4242 Rejiciat.
866 4174 1126 4244 Didymus
1155 4175 1367 4238 Attice,
1397 4172 1725 4228 ἀπεώσαιτο.
1759 4172 1934 4244 Usita-

364 4243 526 4298 tiores
551 4253 730 4296 autem
766 4243 1070 4312 liujusmodi
1094 4244 1407 4298 Atlicismos
1444 4246 1730 4310 aliquando
1758 4243 1807 4294 iu
1836 4244 1939 4297 huc

363 4327 520 4376 onere
552 4312 833 4379 invenies,
868 4314 1165 4379 cuiusmodi
1204 4314 1294 4367 ille
1336 4323 1438 4377 est,
1472 4315 1560 4379 qui
1602 4313 1655 4366 in
1691 4312 1790 4365 hac
1826 4312 1937 4379 ipsa

2024 3379 2136 3453 (79)
2159 3380 2210 3432 in
2236 3380 2386 3443 caelo,
2412 3390 2459 3432 et
2485 3379 2538 3432 in
2561 3389 2699 3434 terra
2725 3382 2902 3435 omnia
2928 3398 3245 3451 quaecunque
3267 3381 3447 3444 voluit,
3468 3379 3610 3447 fecit.

2028 3468 2133 3521 Et:
2181 3467 2373 3523 Omnia
2402 3467 2512 3537 (80)
2541 3470 2595 3522 in
2632 3471 2892 3539 sapientia
2925 3469 3114 3538 fecisti,
3154 3472 3201 3523 id
3233 3481 3314 3524 est
3357 3471 3407 3523 in
3442 3469 3609 3529 Filio;

2032 3573 2139 3611 non
2182 3558 2232 3611 in
2269 3559 2561 3613 voluntate.
2594 3560 2660 3613 Et
2685 3560 2738 3613 in
2764 3576 2909 3613 uxr!
2945 3562 3155 3627 psalmo
3190 3578 3205 3615 :
3240 3558 3473 3613 Teuuisti
3496 3559 3610 3627 (8i)

2032 3666 2245 3703 manum
2280 3650 2546 3704 dexteram
2584 3668 2770 3717 meam,
2817 3653 2872 3705 in
2919 3652 3183 3705 voluntate
3230 3661 3319 3704 tua
3351 3651 3612 3704 deduxisti

2021 3759 2122 3805 me,
2148 3752 2195 3797 et
2232 3757 2348 3795 cum
2378 3741 2545 3811 gloria
2599 3745 2867 3810 suscepisti
2924 3760 3023 3797 me.
3073 3744 3140 3797 Et
3178 3746 3228 3796 in
3261 3759 3386 3796 itth
3424 3741 3614 3806 :Quo—

2025 3834 2168 3886 aiant
2199 3833 2280 3886 ira
2311 3830 2423 3902 (8‘2)
2450 3831 2505 3885 in
2551 3832 2911 3900 indignatione
2944 3833 3081 3901 ejus,
3125 3844 3171 3886 et
3204 3834 3306 3887 vita
3347 3835 3399 3886 in
3428 3832 3611 3886 volun-

2026 3937 2130 3979 tate
2177 3926 2310 3991 ejus.
2352 3924 2416 3977 Et
2467 3924 2518 3979 in
2564 3926 2748 3980 eodem
2777 3922 2889 3994 (85)
2925 3937 2939 3976 :
2984 3923 3220 3991 Domine,
3261 3926 3314 3976 in
3352 3924 3615 3979 volunta'e

2042 4106 2246 4183 larunt.
2274 4103 2358 4183 _Si
2409 4102 2723 4183 autetp'ita‘
2747 4101 2903 4166 foret,
2943 4102 3221 4183 legendum
3240 4112 3393 4183 ‘csset
3439 4103 3615 4183 τιῐῐρδ

2038 4174 2137 4245 τῆς
2169 4172 2441 4245 θελήσεως
2465 4168 2572 4245 cog
2599 4168 2666 4245 ἦν
2695 4168 3105 4245 δημιονργιὶιῶς
3133 4171 3314 4245 αὑτὸν,
3350 4171 3491 4245 κατά
3515 4168 3614 4233 τάς

2038 4241 2386 4312 βαττολογίας
2430 4241 2633 4313 αὐτῶν,
2656 4241 3083 4313 ,εἱςίὺπόστασιν
3118 4241 3574 4313 περιελαυνορσης
3598 4261 3612 4274 ·

2037 4311 2402 4393 ἀναχθήσεται
2448 4312 2557 4382 γὰρ
2589 4316 2622 4383 ὴ
2651 4311 2885 4393 ὓπαρξις
2922 4311 3085 4393 αθτοῦ
3127 4311 3615 4393 εἰςτὴνηβούλησιν

368 4380 501 4435 linea
527 4397 652 4452 mox
682 4383 924 4436 occurrit
954 4384 1006 4437 in
1038 4397 1170 4437 voce
1210 4383 1439 4438 τουτονί.
1477 4382 1533 4436 In
1565 4382 1702 4437 libro
1728 4396 1925 4450 tlttoqut

2041 4380 2206 4436 αὐτοῦ
2233 4380 2247 4412 ³
2278 4380 2501 4452 ὁμοίως,
2528 4380 2583 4434 5c.
2612 4380 2664 4435 τ.
2699 4382 2748 4435 λ.
2769 4380 2950 4449 ‘Atque
2982 4386 3050 4437 ita
3089 4380 3301 4436 mollius
3331 4380 3455 4435 ﬂ’ttet
3489 4380 3615 4434 ora-

363 4462 541 4505 contra
579 4449 938 4517 Manio/imos,
982 4453 1106 4506 licet
1158 4454 1303 4507 brevi
1339 4464 1394 4507 et
1432 4452 1746 4521 imperfecto
1771 4491 1785 4511 ,
1832 4461 1939 4504 tres
2042 4455 2135 4508 tio.
2193 4449 2473 4520 Utrunque
2508 4453 2600 4514 sit,
2629 4468 2729 4518 ego
2756 4454 2887 4505 nihil
2931 4453 2981 4505 iu
3015 4463 3162 4506 textu
3206 4462 3415 4506 mutare
3446 4453 3610 4504 volui.

364 4530 708 4593 autquatuor
740 4522 1134 4593 animadverti_,
1170 4533 1236 4593 ut
1255 4520 1520 4593 ἠδύνατο,
1560 4520 1800 4582 οἴεσθαι,
1830 4531 1935 4593 etc.

2114 4522 2227 4591 (79)
2267 4522 2405 4575 Deus
2434 4533 2625 4575 noster.
2676 4521 2818 4575 infra
2866 4538 3098 4592 quoque,
3151 4532 3430 4590 segmento
3471 4523 3533 4575 15
3560 4523 3612 4584 b,

364 4585 511 4662 Quod
553 4590 602 4662 si
644 4589 892 4645 Great-um
930 4592 1050 4645 libri
1088 4591 1168 4662 De
1200 4585 1403 4657 Spiritu
1432 4585 1615 4646 sancto
1665 4591 1937 4658 exeiuplar
1974 4585 2013 4638 D
2044 4585 2359 4660 cx'ps'almo
2422 4606 2579 4652 cxiii.
2628 4592 2700 4647 ita
2754 4585 2896 4646 hunc
2940 4585 3111 4647 locum
3167 4585 3295 4645 citat
3337 4592 3609 4662 Didymus.

367 4658 540 4741 legere
571 4660 801 4725 liceret,
834 4677 939 4715 non
971 4661 1156 4716 dubito
1184 4662 1313 4732 quin
1358 4663 1568 4732 aliquos
1599 4663 1648 4715 iu
1681 4676 1745 4715 eo
1770 4662 1930 4713 etiam

368 4744 746 4795 reperiremus.

432 4799 546 4868 (77)
581 4800 822 4871 An‘non.
867 4799 1045 4854 Codex
1073 4842 1088 4867 ,
1142 4803 1176 4871 ἡ
1215 4800 1310 4855 οὔ·
1345 4817 1505 4871 quam
1546 4799 1829 4854 formulam
1883 4799 1936 4852 in

368 4871 604 4921 secundo
641 4869 983 4937 Hippocratis
1005 4869 1314 4938 aphorismo
1336 4869 1501 4925 habes
1528 4872 1598 4923 ita
1635 4871 1889 4938 scriptam
1921 4890 1933 4923 :

370 4938 463 4990 nisi
518 4941 663 5007 quod
724 4941 1135 4995 l’assiuueiauus
1187 4944 1351 4993 codex
1412 4939 1837 5000 tlictiuuCuIam,
1878 4940 1934 5007 ἡ,

369 5007 524 5062 habet
557 5008 625 5063 tle
661 5026 831 5065 more.
866 5013 984 5063 siue
1018 5020 1268 5065 acorum.
1303 5010 1469 5064 Porro
1500 5012 1596 5064 has
1626 5012 1933 5076 rCSpunsio-

370 5092 481 5149 nes,
511 5094 647 5146 quas
676 5080 958 5147 theologus
988 5089 1173 5133 noster
1209 5080 1457 5133 Eunomii
1491 5088 1809 5149 argumento
1840 5081 1934 5130 ad-

372 5147 548 5210 liibet,
603 5150 739 5202 alius
786 5150 950 5202 etiam
1009 5150 1287 5218 theologus
1345 5149 1516 5203 eidem
1561 5147 1934 5214 adhibuerat,

374 5233 558 5295 tletitpe
603 5218 898 5295 Gregorius
927 5229 1281 5295 cognomento
1306 5218 1643 5290 Theologus,
1692 5234 1786 5274 seu
1832 5218 1937 5271 Na-

372 5301 680 5350 zmnzeuus,
710 5305 761 5340 ΙΙΙ
789 5304 928 5341 XXXV
961 5300 1224 5343 01⁸3110118.

435 5358 548 5431 ς78)
583 5358 664 5431 Ad
681 5358 1063 5431 subsistentiam
1093 5358 1453 5431 traxerit.Vox
1480 5358 1936 5431 περιελαυνούσης

371 5428 643 5500 referenda
676 5428 872 5500 estad
914 5443 1099 5500 vocem
1148 5428 1442 5500 θελήσεως.
1480 5428 1591 5484 Nisi
1638 5432 1758 5500 quis
1785 5431 1937 5500 malit

373 5496 687 5551 vocabulum
721 5496 937 5565 aliquod
974 5498 1060 5552 hic
1105 5496 1364 5553 omissum
1409 5500 1572 5553 fuisse
1605 5515 1633 5550 a
1658 5496 1932 5563 librario;

369 5576 419 5614 ut
467 5565 745 5639 legendum
787 5568 903 5639 sit:
953 5567 1371 5639 δημιουργικῶς
1394 5569 1555 5621 αὑτὸν
1601 5568 1702 5639 τῆς
1742 5566 1937 5639 βουλή’

369 5649 570 5709 σεωςὛ
591 5638 673 5697 εἰς
702 5636 1502 5709 ὑπόστασινπεριελαυνούσης.
1522 5636 1937 5707 Quiucoujicere

369 5722 525 5757 cnam
552 5706 697 5771 licet,
722 5714 855 5760 casu
876 5709 1056 5776 aliquo
1090 5706 1290 5762 factum
1313 5706 1455 5771 esse,
1481 5719 1540 5761 ut
1564 5709 1721 5761 verba
1757 5706 1935 5761 traust

373 5788 697 5841 ponerentur
759 5794 771 5828 :
826 5781 967 5845 quod
1018 5780 1068 5831 iu
1111 5778 1383 5831 veteribus
1431 5778 1757 5831 membranis
1831 5794 1934 5829 non

374 5848 825 5916 tatocoutiugcrc
862 5858 1053 5902 norunt
1085 5890 1097 5912 ,
1131 5851 1219 5917 qui
1262 5865 1395 5904 ωδε.
1433 5848 1644 5904 codices
1693 5849 1934 5918 pervolu-

2039 4662 2343 4728 Quiuetiam
2411 4672 2649 4714 vetustus
2695 4672 2886 4715 auctor
2934 4662 3131 4729 operis,
3176 4663 3317 4729 quod
3366 4662 3613 4713 il|5('rlill-

2040 4743 2143 4791 tur,
2202 4730 2473 4794 Expositio
2525 4740 2679 4783 recta:
2735 4732 3114 4798 confessionis,
3161 4748 3307 4785 num.
3358 4732 3412 4789 6,
3472 4732 3611 4795 apud

2037 4802 2335 4861 Justinutn,
2396 4814 2517 4869 pag.
2558 4799 2665 4853 424
2711 4804 2797 4855 ed.
2837 4800 3202 4862 Parisieusis,
3250 4800 3407 4852 simili
3456 4806 3613 4853 modo

2040 4873 2186 4924 illum
2226 4872 2436 4923 recitat.
2470 4870 2539 4921 At
2569 4885 2743 4935 voces,
2786 4871 2879 4923 καὶ
2907 4872 2964 4923 ἐν
2990 4874 3056 4939 τῇ
3085 4870 3175 4989 γη,
3225 4869 3275 4921 id
3318 4881 3421 4934 ost,
3465 4881 3511 4923 et
3561 4886 3614 4921 ιιι

2042 4954 2201 4989 terra.
2231 4939 2481 4989 videntur
2507 4940 2609 4989 huc
2638 4940 2920 4989 irrensisse
2949 4954 3011 4989 ex
3046 4955 3132 4989 usa
3163 4980 3175 4989 .
3218 4954 3436 4989 cxxxrv-
3471 4955 3609 4989 vers.

2042 4954 2201 4998 terra,
2231 4939 2481 4992 videntur
2507 4940 2609 4991 huc
2638 4940 2920 5007 irrepsisse
2949 4954 3011 4991 ex
3046 4939 3175 5006 psal.
3218 4954 3436 5000 cxxxrv,
3471 4955 3609 4991 vers.

2038 5013 2090 5069 (i.
2152 5010 2237 5063 ubi
2298 5009 2489 5079 legitur
2525 5008 2757 5079 τᾉΠάντα
2823 5010 2923 5062 ὅσα
2980 5008 3245 5079 ἠθέλησεν
3303 5009 3332 5059 ὁ
3379 5009 3610 5077 Κύριος,

2037 5081 2291 5150 ἐποίησεν
2316 5075 2373 5131 ὲν
2401 5075 2489 5150 τῷ,
2507 5077 2718 5150 οὐρανῷ
2758 5080 2847 5133 καὶ
2868 5082 2923 5131 ἐν
2961 5082 3026 5150 τῇ
3052 5075 3144 5149 γῇ,
3188 5079 3237 5131 id
3265 5088 3346 5131 est
3381 5096 3397 5131 :
3423 5075 3613 5150 Omnia

2036 5146 2356 5219 qnwc'unque
2407 5146 2588 5202 voluit
2625 5146 2899 5214 Dominus,
2962 5146 3187 5217 latitia
3233 5149 3393 5212 caelo,
3449 5157 3495 5198 et
3560 5149 3612 5198 iu

2039 5234 2197 5272 terra.

2113 5290 2224 5351 (80)
2278 5286 2488 5343 Omnia.
2532 5289 2813 5351 Psal.cm,
2849 5304 2987 5345 vers.
3017 5289 3107 5342 24.

2113 5291 2201 5343 (80
2278 5291 2488 5343 Omnia.
2532 5291 2813 5351 Psal.cm,
2849 5304 2987 5345 vers.
3017 5291 3107 5342 24.

2108 5291 2224 5427 (iiii
2282 5358 2535 5413 Tenuisti.
2585 5360 2726 5414 I’sal.
2771 5376 2940 5423 usu,
2982 5375 3127 5413 vers.
3160 5358 3256 5420 25,
3306 5358 3393 5427 ubi
3426 5356 3610 5409 Grzuea

2039 5431 2202 5483 e-.litio
2220 5429 2388 5501 habet
2408 5430 2550 5501 {Kal
2576 5432 2631 5483 ἐν
2655 5433 2719 5501 τῇ
2753 5429 2912 5501 βουλῇ
2940 5446 3051 5493 σου,
3076 5429 3249 5501 idest,
3362 5429 3411 5479 in
3437 5427 3615 5501 volun-

2040 5510 2144 5552 tate
2176 5511 2287 5552 tua.
2330 5498 2432 5552 Sed
2466 5497 3157 5563 voculaiii,’xai,"uouuul|i
3196 5497 3409 5552 codices
3450 5497 3610 5550 Omit—

2042 5581 2183 5627 tuut,
2218 5579 2288 5638 uti
2306 5569 2577 5638 Didymus.

2110 5638 2221 5697 (89.)
2258 5636 2520 5699 Quoniam
2550 5641 2651 5690 ira.
2685 5637 2822 5690 Psal.
2858 5653 3005 5696 xxrx.
3031 5649 3172 5690 vers.
3206 5636 3260 5690 6.

2112 5710 2223 5775 (83)
2269 5706 2336 5759 Et
2365 5707 2417 5758 in
2449 5711 2626 5758 eodem
2654 5726 2675 5762 :.
2708 5708 2942 5763 Domine.
2975 5707 3153 5762 Codex
3181 5709 3340 5761 ltahct
3368 5724 3380 5759 ε
3415 5705 3526 5758 Καὶ
3555 5705 3612 5755 ἐν

2039 5774 2144 5831 κεί-
2193 5776 2279 5828 Ἰοἰν
2337 5774 2416 5844 τῷ
2470 5775 2750 5845 θελήματι.
2818 5781 2885 5831 At
2941 5779 3191 5832 mendose
3236 5795 3248 5831 :
3303 5781 3414 5831 haec
3467 5775 3608 5845 enim

2039 5855 2250 5904 exstant
2290 5841 2398 5900 non
2435 5845 2487 5899 iu
2526 5841 2627 5900 m-
2685 5848 2910 5917 psalmo,
2960 5853 3051 5904 scd
3088 5850 3137 5902 iu
3176 5864 3324 5915 xxix,
3374 5859 3512 5899 vers.
3553 5841 3597 5897 ti.
