4108 6418
296 497 397 552 295

1377 486 1465 538 DE
1506 482 1879 538 TRINITATE
1921 482 2121 535 LIBER
2161 482 2444 537 PillMUS.

3432 473 3544 532 9‘34

296 614 393 666 οὐκ
434 605 804 677 ἀμετάϐλητον
841 604 902 655 τὸ
960 602 1098 671 φῶς,
1145 601 1241 669 τῆς
1287 598 1587 668 μεταϐολῆς
1630 595 1857 668 ἐργαζο-

1993 599 2192 651 nolesto
2219 600 2409 650 morbo
2426 596 2659 651 obsiSIit.
2695 599 2750 651 St
2777 597 2920 650 enim
2949 594 3328 648 transformata
3361 594 3443 645 lux
3465 591 3543 665 (5)

300 703 457 774 μένης
488 698 589 765 τὴν
638 694 729 747 τοῦ
772 694 1205 763 ἁπαυγάσματος
1242 692 1577 762 ἰδιοποίησιν.
1614 692 1678 743 Εἰ
1708 690 1764 743 δὲ
1805 690 1864 741 οὐ

300 792 628 869 μεταϐληθὲν
656 791 715 843 τὸ
755 788 894 858 φῶς,
920 788 1264 857 ἀπαύγασμα
1301 788 1645 855 γεγέννηκεν,
1683 784 1866 851 μεῖναν

296 887 384 941 καὶ
439 884 569 938 αὐτὸ
620 880 739 952 [5'
770 879 842 951 ὁ]
883 879 1017 948 φῶς,
1072 879 1165 931 καὶ
1232 876 1354 947 ἕχον
1413 876 1474 928 τὸ
1530 873 1869 941 ἀπαύγασμα

298 973 586 1046 συμφύτως
647 971 706 1036 ἐξ
765 969 929 1022 αὑτοῦ
989 969 1226 1021 τέλειον·
1294 967 1388 1020 καὶ
1442 969 1470 1018 ὁ
1529 964 1661 1026 Θεὸς
1720 963 1868 1033 μένει

297 1066 577 1137 ἀτρέπτως
618 1062 770 1124 Θεὸς,
811 1061 1244 1128 ἀπαυγάσματος
1289 1057 1417 1108 ἰδίου
1446 1054 1728 1124 τυγχάνων
1762 1054 1871 1105 Πα-

294 1155 412 1225 τὴρ,
443 1153 545 1205 οὐκ
581 1151 661 1203 ἔτι
716 1147 914 1213 ἔξωθεν
956 1147 1086 1200 αὐτὸ
1128 1144 1467 1215 προσλαὸὼν,
1516 1143 1627 1196 ἀλλ’
1670 1143 1734 1194 ἐκ
1770 1143 1871 1212 τῆς

296 1244 479 1307 οὐσίας
524 1242 790 1311 γεννήσας
835 1240 1059 1292 τέλειον.

930 1465 1086 1517 ΚΕΦ.
1134 1465 1232 1516 ῐΑν.

297 1603 428 1669 Περὶ
465 1601 586 1654 τῶν
612 1600 1053 1669 φλυαρούντων
1071 1599 1155 1669 ὠςλ
1185 1599 1265 1669 ἐκέ
1284 1593 1387 1665 τῆς
1418 1597 1631 1669 Harpe;
1660 1596 1876 1669 (fg-oga:

362 1664 509 1794 ἰξίας
534 1664 1005 1738 παρηλλάγψένη
1033 1667 1205 1720 ἐστὶν·
1237 1668 1274 1735 ἡ
1315 1664 1494 1720 οὐσία
1528 1664 1715 1719 αὑτοῦ
1771 1664 1876 1717 τοῦ

415 1759 533 1795 ιου.

362 1897 519 1951 Αὑτὰ
543 1898 671 1968 περὶ
699 1896 811 1948 τῶν
842 1894 1022 1948 αὐτῶν
1046 1893 1502 1956 ἁνακυκλοῢντες,
1530 1894 1625 1945 καὶ⁸
1651 1891 1756 1953 ἓως
1784 1888 1877 1942 τοῦ

296 1990 501 2051 παντὸς
558 1987 1072 2058 παρασημαίνοντες
1103 1986 1203 2055 τῆς
1258 1983 1517 2054 ἀληθείας
1556 1984 1616 2036 τὸ
1662 1981 1871 2043 κάλλος,

295 2078 600 2148 ἀφιλοθέως
649 2079 745 2132 καὶ
776 2077 933 2130 τοῦτο
992 2077 1292 2146 φάσκουσιν
1317 2089 1330 2103 ·
1367 2068 1465 2127 Ὧν
1527 2073 1597 2126 τὰ
1642 2072 1880 2143 ὀνόματά

295 2174 404 2222 ἐστι
443 2170 703 2239 διάφορα,
758 2168 964 2221 τούτων
1013 2166 1393 2237 παρηλλάχθαι
1421 2165 1516 2217 καὶ
1558 2164 1653 2228 τὰς
1696 2164 1881 2226 οὐσίας

298 2262 515 2332 ἀνάγκη
542 2278 556 2291 ·
596 2262 759 2331 φησὶν
806 2261 914 2330 γάρ
938 2277 951 2289 ⁸
992 2261 1057 2312 Ἦ
1089 2259 1292 2327 Πατὴρ
1322 2258 1465 2322 λέξις
1517 2258 1578 2310 οὐ
1632 2256 1884 2327 σημαίνει

294 2354 392 2423 τὴν
430 2353 594 2418 Υἱὸς,
633 2352 741 2404 οὐδ’
772 2346 839 2404 αὖ
882 2353 915 2422 ἡ
959 2351 1093 2417 Υἱὸς
1132 2351 1399 2420 ὀνομασία
1449 2348 1600 2417 δηλοῖ
1637 2349 1733 2417 τὴν
1769 2349 1882 2399 Πα-

294 2444 423 2516 τρὸς
446 2444 772 2495 ὑπόστασιν.
827 2442 1199 2495 ’Λκουέτωσαν
1235 2441 1310 2503 δὲ,
1350 2439 1406 2493 ἓν
1444 2440 1562 2510 μὲν,
1599 2440 1681 2492 ὅτι
1718 2440 1766 2490 εί
1810 2437 1882 2509 μὴ

293 2533 629 2603 καταλλήλῳ
675 2532 1011 2603 προσηγορίᾳ
1058 2531 1442 2600 πεφανέρωντο
1481 2530 1538 2581 αἱ
1578 2530 1714 2581 Οεῖαι
1757 2530 1885 2581 ὑπο-

294 2626 548 2689 στάσεις,
581 2624 721 2694 ποίῳ
750 2623 1002 2693 συμϐόλῳ
1024 2622 1088 2676 ἄν
1117 2640 1199 2685 τις
1218 2622 1581 2693 χρησάμενος,
1616 2620 1690 2691 μὴ
1714 2620 1886 2687 λέγων

294 2716 388 2787 τὴν
421 2714 647 2785 Πατρὸς
675 2714 1069 2785 προσηγορίαν,
1093 2712 1365 2782 ἐμήνυσεν
1391 2710 1551 2764 αὐτόν
1575 2727 1635 2763 τε
1656 2709 1748 2762 τὸν
1778 2711 1889 2762 Πα-

295 2808 451 2878 τέρα,
492 2805 587 2858 καὶ
626 2806 709 2858 ὅτι
748 2804 872 2857 Υἰὸν
902 2804 1048 2873 ἔχεις
1082 2803 1115 2873 ἢ
1166 2802 1240 2873 μὴ
1291 2801 1574 2872 ὀνομάζων
1618 2800 1717 2872 τὴν
1756 2801 1887 2868 Υἱὸς

297 2900 388 2951 καὶ
434 2896 686 2964 Πνεῦμα
732 2894 1124 2966 προσηγορίαν,
1174 2890 1594 2964 προσεφώνησεν
1624 2892 1786 2945 αὐτόν
1826 2909 1887 2944 τε

298 2992 387 3044 τὸν
417 2991 554 3044 Υἰὸν
586 2989 618 3056 ἢ
668 2988 732 3041 τὸ
770 2987 993 3057 Πνεῦμα
1016 3026 1029 3048 ,
1079 2985 1172 3039 καὶ
1210 2986 1292 3038 ὅτι
1324 2986 1352 3037 ὁ
1382 2984 1480 3053 μὲν
1520 2984 1646 3046 Υἱὸς
1672 2983 1888 3055 Πατέρα

301 3083 433 3154 ἔχει.
463 3081 530 3134 τὺ
552 3081 607 3133 δὲ
632 3079 858 3150 Πνεῦμα
910 3078 1002 3131 τοῦ
1031 3077 1167 3131 Θεοῦ
1201 3078 1349 3129 ἐστιν
1376 3074 1636 3146 Πνεῦμα;
1665 3076 1890 3147 Ἕτερον

300 3175 376 3240 δὲ,
406 3175 498 3227 ὅτι
525 3173 619 3226 ὲπί
645 3173 745 3242 τῆς
773 3171 933 3239 ἁγίας
958 3169 1186 3241 Τριὰδος
1209 3208 1223 3229 ,
1266 3167 1406 3238 πλὴν
1428 3166 1522 3220 τοῦ
1552 3166 1773 3238 Πατέρα
1804 3164 1892 3220 λέ-

302 3266 500 3333 γεσθαι
528 3264 619 3317 τὸν
661 3262 879 3332 ἀληθῶς
925 3262 1054 3315 ὄντα
1096 3260 1289 3325 τοῦτο,
1338 3258 1555 3314 καὶτοῦ
1611 3260 1890 3328 Μονογενῆ

1969 686 2038 739 sit
2081 686 2351 754 Splendor,
2411 702 2514 737 non
2562 685 2663 753 15
2721 693 2805 738 est
2849 683 3196 735 immutabilis
3240 682 3324 734 lux
3355 722 3369 742 ,
3423 697 3544 734 cunt

1971 776 2272 844 splendoris
2330 777 2612 842 facturam,
2658 791 2777 845 qua:
2838 774 2973 826 ἰαί-ῦς
3026 772 3237 840 propria
3288 781 3387 831 est,
3429 786 3546 822 ιιιιι⁸

1974 868 2103 920 latio
2138 876 2411 935 operetur.
2469 866 2527 921 Si
2561 882 2687 920 vero
2727 867 2837 927 lux,
2867 865 2994 933 quin
3019 873 3272 923 lllllleltll',
3305 863 3549 931 Splendo-

1973 972 2085 1011 rem
2128 958 2426 1026 generavit,
2476 973 2700 1012 manens
2756 958 2865 1025 ipsa
2928 956 3040 1018 lux,
3108 963 3161 1008 et
3209 953 3544 1022 splendorem

1975 1047 2178 1101 habens
2213 1048 2636 1100 constaturaliter
2670 1062 2734 1100 ex
2789 1047 2963 1115 seipsa
3021 1047 3350 1112 perfectum:
3386 1045 3549 1096 etiam

1963 1138 2114 1191 .Deus
2167 1150 2347 1191 manet
2383 1137 2790 1192 immutabiliter
2817 1138 2974 1193 Deus.
3008 1137 3106 1190 etsi
3146 1133 3347 1203 proprii
3375 1133 3553 1201 splen-

1974 1227 2118 1281 doris
2148 1225 2307 1280 Pater
2342 1227 2435 1291 sit,
2480 1242 2599 1281 cum
2650 1243 2753 1281 non
2793 1228 2859 1281 ab
2894 1227 3195 1281 cxtrinscco
3227 1225 3370 1277 ilTum
3397 1238 3555 1276 acce-

1977 1319 2133 1386 perit,
2162 1321 2251 1373 sed
2284 1334 2349 1373 ex
2389 1319 2688 1372 substantia
2711 1336 2831 1374 cum
2864 1319 3198 1388 generaverit
3231 1315 3552 1387 perfectum.

2584 1469 2812 1523 CAPL’T
2872 1470 2956 1537 xl.

1983 1602 2059 1655 De
2088 1603 2187 1687 iis,
2215 1604 2342 1685 qui,
2387 1622 2502 1686 cum
2543 1606 2721 1687 Patris
2751 1608 3111 1687 denominalio
3144 1607 3348 1660 diversa
3379 1605 3555 1687 sii‘ﬁ)

2052 1689 2085 1747 α⁹
2125 1676 2546 1747 denuntia/itione
2573 1676 2739 1747 Filii,
2776 1678 3033 1730 diversam
3060 1693 3258 1746 quoque
3282 1694 3391 1730 esse
3419 1676 3556 1745 effu-

2053 1743 2187 1794 tiunt
2223 1743 2452 1811 ejusdem
2493 1744 2622 1797 Filii
2656 1750 2958 1802 essentiam.

2054 1900 2187 1955 Cum
2215 1899 2403 1953 eadem
2449 1901 2515 1955 de
2559 1900 2749 1956 iisdem
2791 1909 3056 1970 repetant,
3090 1910 3144 1953 et
3176 1899 3419 1954 veritatis
3441 1898 3559 1967 pul-

1984 1991 2353 2045 chritudinem
2384 1990 2605 2044 omnino
2645 1991 2948 2045 adulterent
2977 2031 2992 2057 ,
3025 1990 3154 2044 illud
3184 1989 3348 2043 etiam
3381 1989 3561 2041 animo

1989 2082 2041 2135 in
2070 2081 2233 2135 Deum
2260 2080 2483 2134 inimico
2515 2081 2667 2134 aiunt
2694 2098 2708 2134 :
2737 2080 2976 2147 Quorum
3025 2081 3241 2134 nomina
3288 2077 3559 2145 differunt,

1974 2172 2179 2245 borum
2223 2171 2492 2225 essentias
2520 2171 2598 2241 (5)
2637 2184 2850 2240 quoque
2894 2172 3141 2225 diversas
3178 2185 3300 2224 esse
3338 2184 3563 2224 necesse

1989 2274 2091 2317 est.
2122 2262 2232 2317 Vox
2290 2263 2434 2317 enim
2482 2263 2660 2329 Pater,
2717 2263 2966 2331 inquiunt
3001 2263 3110 2334 (6),
3158 2278 3263 2316 non
3298 2262 3564 2332 significat

1991 2368 2175 2408 vocem
2220 2351 2391 2406 Filius
2424 2371 2441 2417 ;
2481 2367 2655 2421 neque
2684 2354 2798 2407 vice
2831 2368 2983 2407 versa
3018 2352 3151 2407 Fitii
3191 2352 3563 2407 deuominatio

1991 2443 2165 2497 Patris
2208 2444 2545 2515 bypostasim
2585 2446 2823 2500 denotat.
2877 2444 3037 2499 Binas
3071 2460 3199 2500 vero
3240 2444 3458 2499 audiant
3484 2444 3563 2514 (7)

1991 2535 2387 2603 responsiones.
2438 2535 2615 2592 Prima
2657 2537 2873 2605 quidem
2914 2547 3026 2591 est:
3069 2536 3181 2591 Nisi
3230 2536 3424 2590 divina:
3469 2535 3564 2605 hy-

1994 2637 2239 2693 postases
2261 2625 2342 2695 (8)
2369 2626 2714 2679 convenienti
2742 2627 3180 2681 deuomiuatione
3206 2627 3565 2681 manifestata:

1996 2716 2262 2776 fuissent.
2319 2716 2590 2783 quodnam
2631 2726 2778 2772 esset
2834 2717 3173 2787 symbolum,
3216 2732 3323 2786 quo
3354 2725 3566 2772 utentes

1996 2820 2115 2867 uos,
2142 2801 2246 2876 16
2265 2803 2548 2873 Patrisque
2561 2807 3049 2862 denominationem
3075 2810 3404 2872 omittentes,
3425 2807 3566 2861 iudi-

1994 2912 2119 2952 care
2155 2912 2437 2967 possemus
2478 2913 2600 2951 cum
2631 2899 2808 2968 ipsum
2853 2898 3105 2963 Patrem,
3145 2911 3254 2953 tum
3288 2900 3389 2955 hoc
3426 2900 3570 2970 quod

1995 2998 2098 3051 est,
2125 3003 2246 3043 cum
2271 2989 2470 3043 habere
2510 2989 2702 3043 Filium
2723 2992 2746 3044 ἲ
2771 3001 2864 3045 ant
2893 2993 3161 3061 quomodo
3208 2991 3337 3046 Filii
3356 3009 3418 3048 ac
3443 2993 3569 3064 Spi-

1998 3080 2129 3132 ritus
2166 3080 2605 3133 denominatione
2639 3098 2743 3135 non
2782 3093 3032 3148 utentes,
3068 3098 3259 3138 vocare
3302 3085 3569 3155 potuisse-

1997 3186 2119 3224 mus
2159 3186 2281 3225 cutn
2317 3170 2489 3240 ipsum
2520 3171 2715 3227 Filium
2742 3213 2757 3239 ,
2796 3184 2907 3228 tum
2954 3175 3257 3245 Spiritum,
3295 3185 3348 3230 et
3390 3176 3571 3232 verbis

1998 3260 2300 3325 declarare,
2354 3260 2494 3316 Filio
2550 3262 2768 3331 quidem
2830 3261 3045 3318 Patrem
3106 3278 3256 3329 esse,
3308 3262 3570 3333 Spiritum

376 3450 453 3519 (3)
502 3445 903 3519 Transformata
927 3444 1037 3499 lux.
1073 3446 1204 3499 Cum
1241 3443 1408 3519 Filius
1435 3458 1462 3494 ιι
1500 3439 1662 3519 Paulo
1699 3439 1869 3505 splen-
1899 3442 1944 3501 C
2048 3440 2428 3519 (6)_I_nquiunt.
2462 3441 2599 3499 Vide
2646 3453 2759 3501 not.
2791 3443 2884 3509 89,
2917 3458 3039 3515 pag.
3093 3444 3185 3511 12,
3230 3454 3286 3501 et
3327 3454 3438 3502 not.
3478 3402 3604 3514 99,.

309 3510 406 3571 dar
423 3510 603 3571 Patris
632 3510 809 3570 dictus
840 3514 930 3578 sit,
948 3525 1319 3584 argumentum
1345 3515 1444 3584 hoc
1472 3526 1536 3563 ex
1554 3510 1694 3584 lueis
1723 3526 1869 3584 ουιιιτ

314 3589 598 3655 paratione
629 3577 968 3655 desumptu-m
1000 3577 1521 3655 passim_inculcant
1554 3577 1867 3655 Patre-equi

313 3649 501 3709 contra
543 3655 766 3707 Arianos
815 3649 1167 3720 scripserunt.
1205 3651 1455 3706 Fortasse
1485 3658 1663 3702 autem
1720 3649 1878 3720 Didy-

318 3740 438 3779 mus
471 3740 540 3779 ea
582 3725 667 3776 hic
712 3719 1059 3790 peculiariter
1090 3722 1332 3775 refellere
1371 3724 1422 3774 in
1456 3721 1639 3790 animo
1668 3719 1874 3790 habuit,

354 3809 434 3849 uie
462 3786 756 3860 scripserat
787 3793 837 3845 in
868 3790 1214 3860 Apologetico,
1243 3806 1390 3844 num.
1438 3789 1522 3860 l9,
1558 3786 1874 3860 Eunomjus.

354 3809 434 3849 uie
462 3808 756 3860 scripserat
787 3808 837 3845 tn
868 3808 1214 3858 apowgenco,
1243 3808 1390 3844 num.
1438 3808 1522 3851 HJ,
1558 3808 1874 3841 nunmmus.

308 3808 630 3929 auauqmun
677 3863 779 3928 his,
809 3861 1033 3927 aliisque
1060 3876 1088 3912 a
1124 3859 1345 3929 Didytno
1391 3858 1678 3912 confutatis
1699 3857 1879 3929 alliuia

317 3927 449 3987 alios
478 3927 647 3985 etiam
679 3927 1061 3983 Anontmorum
1091 3927 1253 3982 libros
1285 3928 1555 3992 habuisse,
1590 3938 1646 3981 ut
1688 3927 1876 3997 [sago—

314 4003 483 4067 gicum
517 4000 773 4061 libellum,
814 4014 971 4066 quem
1025 3998 1320 4067 Gregorius
1370 3997 1745 4067 Nazianzenus
1775 4013 1873 4050 ex-

318 4082 586 4134 secratur,
620 4081 710 4123 aut
738 4069 1063 4137 Theognosli
1115 4066 1275 4134 opera
1312 4082 1338 4121 a
1360 4066 1615 4137 l‘lysseuo
1644 4082 1882 4137 comme-

320 4152 547 4201 morata,
602 4150 694 4193 aut
747 4139 855 4192 Arii
897 4135 1185 4195 'Thaliam,
1229 4144 1320 4189 aut
1360 4135 1674 4190 Eunomiutn
1716 4136 1887 4203 ipsunt

320 4210 524 4263 sive'in
552 4208 773 4262 scboliis
812 4210 865 4260 iu
896 4206 1032 4258 Aelii
1064 4206 1356 4267 epistolam,
1386 4208 1497 4260 sive
1529 4205 1580 4256 in
1613 4219 1890 4258 commen-

322 4279 472 4334 tariis
505 4279 562 4331 in
596 4278 888 4344 lt‘pistolam
942 4278 1009 4328 ad
1044 4274 1331 4337 Romanos,
1378 4276 1491 4330 sive
1532 4274 1585 4325 iu
1636 4275 1750 4327 suis
1776 4275 1886 4342 epi-

320 4350 490 4409 stolis,
530 4364 663 4416 quas
697 4347 1083 4413 Philostorgius
1125 4346 1495 4416 linuntnianns
1543 4344 1890 4416 ('a-teris_l£tt-

320 4419 481 4470 uomii
511 4413 733 4485 scriptis
767 4418 1064 4483 anteponit,
1093 4414 1205 4467 sive
1244 4415 1295 4485 in
1342 4413 1494 4468 libris
1521 4423 1710 4466 contra
1737 4413 1887 4468 Basi-

316 4488 371 4540 lii
403 4488 574 4540 libros
609 4484 976 4554 apologeticis,
1009 4484 1300 4554 verisimile
1328 4492 1430 4537 est.
1706 4550 1717 4554 _
1774 4490 1779 4493 ‘

1977 3526 2100 3581 pag.
2132 3512 2216 3566 14.

2055 3602 2132 3674 (7)
2160 3604 2417 3674 Audiam.
2456 3604 2697 3660 Similem
2747 3606 3054 3668 formulam,
3088 3622 3184 3661 seu
3217 3607 3555 3662 transitionis

1985 3674 2038 3728 in
2076 3673 2449 3745 respondendo
2494 3677 2707 3728 modum
2759 3677 2977 3745 adhibet
3008 3677 3263 3745 Didymus
3314 3676 3364 3728 in
3417 3674 3557 3731 libro

1974 3746 2234 3815 adversus
2254 3740 2583 3815 ΔΜιιιιίοιιιειὶε
2608 3760 2621 3796 :
2644 3744 2796 3815 El_6s_
2811 3744 3018 3815 λέγοιεν
3043 3740 3328 3815 (inquit)...
3355 3745 3524 3798 ἀκουὲ
3541 3776 3567 3788 ο

1974 3827 2181 3866 τωσαν⁶
2212 3811 2336 3866 "Ott
2370 3811 2476 3883 πρὸ
2505 3812 2604 3883 τῆς
2635 3811 2728 3863 τοῦ
2760 3813 3028 3882 Σωτῆρος.
3051 3811 3112 3867 ac.
3146 3811 3203 3866 ⁷τ.
3237 3813 3286 3867 λ.

2049 3901 2128 3971 (8)
2154 3899 2509 3975 [Iypostases
2541 3900 2675 3975 cum
2714 3902 3007 3970 hypostasis
3036 3903 3351 3975 vocabulum
3385 3918 3414 3957 a
3452 3903 3564 3975 pri-

1984 3975 2089 4043 scis
2119 3970 2409 4043 aliquando
2456 3971 2728 4043 Patribus.
2779 3975 2885 4023 uno
2933 3983 3062 4043 eta
3106 3971 3320 4027 Nicaena
3351 3970 3555 4043 synodo

1981 4041 2176 4095 alicubi
2231 4041 2295 4094 ad
2354 4040 2763 4109 signiﬁcandam
2820 4042 3121 4103 essentiam,
3156 4043 3269 4097 sive
3297 4040 3546 4098 substan-

1990 4113 2115 4164 tiam
2157 4111 2455 4180 adhibitum
2490 4119 2653 4171 esset,
2684 4110 2917 4163 dubitari
2949 4122 3114 4180 cmptt
3157 4114 3475 4175 Antiochiae,
3500 4121 3557 4166 ut

1988 4181 2222 4250 theologi
2278 4178 2493 4242 norunt,
2548 4182 2690 4234 haud
2738 4181 2809 4234 ita
2846 4178 3239 4242 multisanuis.
3270 4192 3562 4250 antequam

1990 4253 2103 4304 hch
2138 4250 2393 4320 Didymus
2424 4251 2669 4320 dictaret,
2703 4266 2769 4303 an
2800 4260 2903 4302 tres
2943 4250 2996 4303 in
3026 4252 3132 4304 Deo
3157 4252 3460 4320 hypostases
3487 4253 3571 4305 di-

1986 4322 2169 4374 cendae
2201 4317 2400 4372 forent.
2440 4319 2719 4372 Paulinum
2751 4321 3145 4374 Antiochenuan
3188 4317 3356 4375 secuti
3416 4336 3559 4374 non-

1988 4389 2118 4442 nulli
2148 4398 2543 4459 unamtantum
2572 4388 2858 4442 Trinitatis
2906 4389 3259 4459 bypostasim,
3295 4400 3405 4443 tres
3437 4404 3565 4444 vero

1989 4472 2251 4526 personas
2275 4458 2529 4512 dicendas
2558 4473 2675 4513 esse
2719 4458 3141 4525 contendebant,
3181 4460 3329 4515 veriti
3365 4459 3574 4515 scilicet

388 4528 1663 4627 (ὶῆἘέυὲίὶξὶ’ῧῖῗὲἓδὶιέὲ’ῐῖᾀὲὲίϊῦεἷῖἓιιβιιιμιιιιι
1705 4550 1889 4627 δέψει.
1922 4528 3570 4627 D9f?.f31":‘2.:'.ﬁ...‘:°'1‘f..°2f.‘33!1§.‘!f.‘lii‘ji‘5'f‘313'12333’32'

323 4621 516 4680 Veram
576 4624 863 4678 lectionem
918 4624 1157 4689 expressi
1207 4624 1258 4675 in
1315 4623 1694 4676 translatione.
1729 4621 1892 4674 Nimi-

321 4710 435 4748 rum
494 4694 780 4763 legeudnnt
829 4703 949 4746 est:
989 4691 1074 4763 Ὠς
1103 4693 1166 4744 ἐκ
1213 4692 1311 4763 τῆς
1360 4690 1899 4763 Πατρὸςλὸνομασίας

318 4760 809 4845 eserimrima-
874 4760 1300 4845 παρηλξατμέγη
1348 4760 1492 4845 ἔῑῖῖ
1523 4761 1618 4845 καὶ
1673 4760 1709 4831 ἤ
1741 4760 1898 4842 οὐσίᾳ

320 4831 482 4907 αὐτοῦ
518 4831 795 4897 τοῦΎὶοὖ,
828 4845 918 4887 aut
952 4831 1079 4900 quid
1115 4831 1310 4886 simile.
1348 4832 1476 4885 Vide
1516 4843 1697 4884 notam
1723 4833 1901 4902 proxi-

321 4918 402 4957 me
428 4913 768 4969 sequentem.

390 4972 469 5043 (5)
504 4970 803 5027 Esseutias.
858 4971 989 5043 Vox,
1018 4971 1217 5043 _obaia,
1271 4971 1316 5024 si
1360 4980 1572 5041 etymon
1624 4969 1742 5036 ejus
1768 4984 1897 5043 spe—

323 5040 459 5107 ctes,
482 5045 785 5105 essentiam,
814 5042 974 5096 valet.
1016 5041 1125 5108 Ego
1161 5051 1367 5095 veteres
1395 5040 1603 5099 Patres,
1638 5040 1899 5092 maxime-

324 5126 426 5180 que
482 5114 843 5179 Augustinum
893 5122 1131 5173 secutus,
1183 5111 1341 5164 modo
1406 5110 1685 5164 essentiam
1719 5109 1900 5180 modo

322 5178 704 5246 substantiam,
744 5182 899 5234 modo
929 5189 1173 5233 naturam
1209 5180 1554 5248 interpretor,
1575 5195 1658 5237 ac.
1686 5178 1729 5231 si
1764 5192 1902 5247 opus

328 5251 510 5313 fuerit,
554 5266 739 5304 vocem
776 5251 945 5318 ipsam
982 5248 1125 5303 Usiw
1180 5251 1417 5304 retinere
1469 5265 1575 5303 non
1622 5250 1902 5318 dubitave-

328 5320 448 5373 rim.
486 5317 983 5389 Eunomins’porro
1022 5320 1073 5372 in
1106 5319 1464 5389 Apalogetico,
1497 5334 1645 5371 lllllll.
1682 5317 1770 5384 id,
1799 5318 1901 5371 hoc

325 5391 646 5459 ortltodoxis
669 5388 1041 5459 argumentum
1071 5388 1276 5455 objicit,
1305 5399 1360 5443 et
1389 5388 1576 5459 iisdem
1610 5401 1747 5455 pene
1773 5401 1895 5459 ver—

327 5457 431 5522 bis,
464 5470 525 5512 ut
569 5456 795 5526 proinde
843 5474 964 5513 eum
1014 5460 1187 5512 locum
1221 5468 1500 5526 spectasse
1532 5457 1792 5525 Didymus
1823 5456 1901 5508 vi-

328 5528 539 5599 deatur.
586 5527 693 5592 Οὓς
733 5528 924 5599 ἐχρῆν,
965 5528 1133 5599 inquit
1185 5529 1390 5599 ᾕρεον..
1428 5527 1901 5599 παρηλλαγμένῳν

329 5596 444 5670 τῷνΔ
481 5596 1300 5670 ὀνομάτωνζζπαρηλλαγμένας
1347 5596 1629 5667 ὁμολογεῖν
1660 5601 1753 5670 καὶ
1802 5596 1902 5658 τὰς

327 5665 539 5738 οὐσίας,
571 5665 620 5721 id
652 5681 756 5733 est,
779 5665 937 5738 Quos
978 5665 1165 5738 utique
1197 5665 1492 5732 deceret...,
1524 5665 1642 5738 cum
1695 5668 1901 5738 diversa

327 5737 432 5805 sint
464 5738 697 5801 nomina,
733 5737 959 5792 diversas
988 5734 1145 5791 etiam
1178 5738 1429 5791 essentias
1451 5737 1705 5805 conﬁteri.
1738 5734 1901 5804 Lege,

330 5804 373 5858 si
409 5806 608 5872 placet,
657 5817 895 5865 caetera;
942 5824 1042 5865 nec
1079 5809 1221 5862 enim
1269 5816 1413 5863 totus
1445 5804 1599 5862 llODlS
1647 5806 1783 5861 liber
1816 5806 1902 5857 ille

330 5875 716 5933 exscribendas
748 5889 850 5932 cst.
1632 5892 1637 5903 ‘

2007 4613 2074 4651 ne
2101 4606 2210 4650 tres
2235 4609 2520 4661 essenttas,
2546 4606 2637 4651 aut
2666 4597 2992 4653 substantias
3021 4601 3201 4653 dicere
3233 4597 3567 4653 viderentur.

2006 4666 2255 4734 Plerique
2299 4666 2390 4721 alii
2420 4681 2451 4720 e
2481 4668 2754 4721 contrario
2786 4678 2894 4720 tres
2928 4667 2981 4720 in
3016 4669 3278 4722 Triuitate
3313 4669 3565 4736 hyposta-

2006 4751 2092 4790 ses
2119 4736 2450 4790 confidenter
2478 4737 2749 4802 dicebant,
2785 4739 2925 4805 quod
2968 4738 3040 4790 ita
3070 4754 3191 4792 cum
3224 4739 3570 4800 vetustiores,

2009 4818 2119 4858 tum
2154 4806 2481 4859 recentiores
2527 4807 2712 4859 Patres
2765 4806 2925 4859 locuti
2958 4807 3150 4860 forent.
3183 4806 3396 4874 Anceps
3434 4807 3572 4860 inter

2007 4885 2292 4943 utramque
2345 4875 2651 4945 opinionem
2692 4876 2847 4929 ha‘sit
2879 4874 3257 4945 llierunymus,
3289 4877 3360 4929 ita
3394 4886 3573 4931 tamen

2009 4952 2066 4997 ut
2097 4959 2125 4995 a
2161 4946 2319 4997 trium
2376 4944 2742 5013 bypnstasium
2793 4944 3191 5013 nuncupatione
3247 4954 3426 5013 potius
3476 4946 3566 4998 ab-

2010 5015 2292 5067 horreret:
2327 5027 2434 5084 qua
2482 5015 2547 5067 tle
2595 5029 2757 5084 causa
2813 5014 3110 5068 Romanum
3139 5017 3445 5084 pontificem
3480 5015 3575 5067 Da-

2008 5095 2221 5155 ntaSum
2254 5083 2539 5155 consuluit.
2582 5084 2648 5155 At
2681 5083 2936 5155 Didymus
2976 5084 3027 5137 in
3064 5083 3163 5138 hoc
3190 5100 3351 5155 opere
3374 5084 3572 5149 passim

2008 5152 2307 5221 [typostases
2350 5152 2399 5204 in
2445 5151 2710 5207 Trinitate
2738 5151 3015 5220 pluraliter
3047 5154 3198 5207 dicit.
3232 5152 3414 5221 Neque
3439 5167 3567 5205 vero

2011 5221 2182 5288 ipsum
2229 5222 2296 5273 ab
2344 5235 2405 5273 ea
2455 5223 2723 5276 locutione
2774 5225 2824 5276 in
2874 5223 3011 5277 libro
3059 5224 3135 5277 De
3165 5222 3361 5290 Spiritu
3392 5234 3567 5274 saneto

2012 5290 2340 5345 abstinuisse
2392 5292 2665 5358 existimo,
2708 5295 2956 5361 quamvis
3000 5294 3049 5348 id
3078 5309 3211 5361 opus
3251 5308 3315 5345 eo
3354 5292 3574 5345 circiter

2012 5371 2253 5429 tempore
2280 5363 2580 5429 dictaverit,
2611 5378 2717 5432 quo
2764 5364 2871 5426 illa,
2921 5379 3079 5432 quam
3132 5361 3569 5423 counnetuoravi,

2008 5432 2376 5486 controversia
2433 5432 2665 5501 vigebat.
2705 5432 2897 5485 Verum
2939 5433 3315 5502 Hieronymus,
3352 5432 3436 5502 cui
3481 5445 3573 5497 pa-

2012 5515 2129 5554 rum
2156 5499 2514 5569 hypostasiuni
2550 5502 2865 5556 vocabulum
2899 5499 3248 5570 probabaiur,
3284 5502 3334 5552 in
3382 5499 3571 5555 Latina

2009 5570 2125 5637 ejus
2169 5572 2351 5639 operis
2393 5573 2830 5639 interpretatione
2850 5573 2918 5623 ab
2946 5587 3010 5625 eo
3034 5572 3211 5624 dedita
3250 5584 3412 5638 Opera
3446 5571 3572 5624 abs-

2012 5641 2239 5695 tiuuisse
2275 5641 2484 5693 videtur
2519 5657 2532 5693 :
2566 5641 2708 5693 nulla
2739 5654 2867 5694 sane
2914 5641 2986 5694 ibi
3028 5644 3129 5693 alia
3164 5656 3305 5694 nunc
3344 5640 3575 5693 vocabu-

2010 5710 2059 5762 la
2096 5718 2410 5775 occurrunt,
2446 5724 2606 5777 quam
2638 5709 2963 5773 substantiw,
3011 5710 3360 5776 subsistentis,
3390 5722 3571 5780 perso-

2012 5795 2225 5846 narum,
2258 5788 2388 5845 etc.,
2421 5793 2682 5849 nusquam
2716 5795 2842 5835 vero
2877 5781 3251 5852 hypostasium.
