4146 6434
330 32 341 37 ’-
378 32 389 37 ’·
408 30 505 43 -ιιτ-
526 28 819 43 -τμ-Ἦιτᾞυ-

501 477 606 534 507
1737 478 1974 535 DIDYMI
2016 478 2084 534 Al

2185 478 2479 536 LAND'BINI
3632 481 3737 539 508

497 589 571 643 tio
600 572 719 660 (49)
742 594 1213 653 commemoretur,
1262 594 1319 642 et
1350 587 1663 658 gloriﬁcatio
1692 589 1828 643 inter
1857 598 2052 660 gentes,
2083 644 2084 647 η

2185 589 2413 653 ίθνεσιν,
2442 588 2533 645 τὸν
2553 585 2683 641 Υίὸν
2715 585 3072 658 σημαίνεσθαι
3095 586 3362 642 δείκνυσιν
3408 580 3468 642 οὗ
3491 588 3551 643 τὸ
3570 591 3740 661 ὄνομα

498 678 694 737 Filium
758 680 1052 751 signiﬁcari
1102 678 1375 745 ostendit,
1428 679 1583 748 cujus
1641 694 1831 735 nomen
1888 682 2059 737 Judaei

2185 678 2531 746 Βεϐηλοῦσιν
2553 677 2794 730 Ἰουδαῖοι
2824 677 2920 731 σὺν
2946 680 3059 741 τοῖς
3083 679 3597 749 κτισματολάτραις.
3627 681 3740 736 Καὶ

496 789 604 829 una
647 788 770 828 cum
809 772 1246 839 clismatolatris,
1276 772 1328 826 id
1355 780 1439 826 est
1470 780 1843 827 creaturarum
1870 774 2062 827 adora-

2185 769 2300 838 ιύτὴ
2331 769 2388 821 δὲ
2413 771 2445 839 ἡ
2476 767 2766 822 ἀκολουθία
2808 768 3222 840 παντοκράτορα
3261 760 3419 837 αὐτὸν
3445 766 3582 824 εἶναι
3613 772 3731 842 βού-

497 863 728 928 toribus,
760 862 1026 931 polluant;
1052 863 1172 930 ipsa
1208 876 1336 916 vero
1376 863 1643 917 sermonis
1677 864 2058 931 consequentia

2185 876 2333 924 ιεται,
2358 858 2479 911 καθ’
2511 858 2540 911 ὃ
2566 857 2726 911 εἰκὼν
2743 858 2837 912 καὶ
2856 857 3162 929 Μονογενὴς
3184 859 3619 931 παντοκράτορος
3645 878 3741 914 κει

496 955 918 1023 omnipotentem
984 952 1131 1006 illum
1184 967 1306 1008 esse
1369 955 1743 1017 demonstrat,
1800 963 2064 1021 quatenus

2185 948 2575 1019 [ρεωστημένος
2595 989 2609 1012 ,
2634 949 2695 1002 τὸ
2726 948 2820 1002 καὶ
2866 950 2923 1003 ὲν
2956 948 3128 1018 τούτῳ
3163 948 3327 1002 εἰκὼν
3370 950 3608 1004 νοεῖσθαι
3640 952 3733 1004 τοῦ

498 1044 881 1114 omnipotentis
933 1043 1113 1112 imago
1159 1052 1279 1106 est,
1324 1052 1377 1098 et
1423 1043 1776 1114 Unigenitus,
1827 1045 1917 1113 qui
1963 1046 2065 1098 hac

498 1135 659 1190 etiam
687 1135 737 1187 in
782 1151 838 1187 re
865 1134 1049 1203 imago
1077 1150 1196 1189 esse
1219 1135 1599 1205 intelligendus
1632 1145 1736 1201 est,
1769 1130 1831 1191 iit
1855 1138 1926 1190 sit
1951 1153 2067 1190 om-

499 1227 746 1296 nipotens
770 1264 786 1289 ,
824 1226 966 1279 sicut
1004 1225 1092 1281 ille
1125 1237 1227 1280 est.
1263 1226 1460 1282 Paulus
1491 1243 1620 1282 vero
1652 1227 1895 1282 Hebraeis
1929 1229 2063 1282 scri-

497 1315 577 1371 bit
608 1334 622 1369 :
650 1314 757 1380 Qui
783 1332 900 1375 cum
928 1316 997 1371 sit
1032 1315 1146 1387 (50)
1170 1317 1415 1385 splendor
1448 1318 1629 1387 gloria:
1652 1318 1855 1384 Patris;
1883 1319 1934 1372 id
1961 1330 2065 1384 est,

499 1415 796 1466 coaeternus
863 1406 1007 1475 ipsi,
1058 1415 1113 1460 et
1160 1407 1474 1465 bomousius
1506 1407 1643 1478 (51),
1693 1423 1786 1463 seu
1835 1411 2067 1464 consul»

500 1495 792 1551 stantiaiis.
852 1495 921 1552 Ut
968 1498 1109 1550 enim
1151 1512 1245 1562 ea,
1291 1514 1410 1567 qua:
1447 1500 1905 1566 comparationem
1962 1513 2066 1552 non

503 1586 838 1651 admittunt,
879 1589 1285 1657 comparatione
1316 1589 1529 1657 aliqua,
1569 1599 1622 1644 et
1667 1590 1913 1658 exemplo
1944 1589 2064 1642 illn-

501 1686 762 1740 strentur,
800 1686 966 1745 atque
993 1677 1095 1731 hoc
1136 1677 1325 1733 saltem
1373 1679 1530 1732 modo
1561 1679 1951 1751 aliquantulum
2002 1679 2067 1732 il-

504 1768 616 1833 lud,
635 1769 775 1837 quod
803 1784 965 1838 supra
990 1778 1221 1824 mentem
1240 1779 1320 1824 est
1341 1814 1354 1836 ,
1376 1780 1555 1826 mente
1573 1771 1911 1841 concipiatur
1932 1771 2068 1842 (5‘2),

504 1857 678 1919 dicam
724 1855 870 1928 (cum
921 1873 1088 1928 parvo
1139 1858 1191 1913 id
1241 1870 1597 1927 comparans.
1644 1862 1785 1930 quod
1818 1876 2070 1930 magnum

503 1956 610 2013 cst,
634 1958 689 2004 et
714 1951 973 2023 duntaxat
997 1948 1274 2019 magnum)
1303 1989 1318 2015 ,
1352 1950 1512 2005 simul
1540 1961 1700 2021 atque
1725 1953 1805 2007 sol
1833 1954 2069 2019 exsistit,

505 2056 537 2097 e
567 2040 698 2096 solis
732 2051 921 2095 natura
945 2080 962 2104 ,
992 2051 1047 2096 et
1072 2036 1141 2096 ex'
1178 2051 1289 2096 toto
1318 2042 1467 2097 disco
1492 2082 1506 2108 ,
1543 2044 1772 2099 indivise
1800 2084 1816 2109 ,
1855 2056 1911 2098 et
1940 2059 2074 2099 con-

509 2132 676 2196 tinue,
712 2141 767 2186 et
803 2131 994 2200 aequali
1022 2146 1294 2199 mensura,
1329 2141 1496 2189 totam
1526 2132 1703 2189 lucem
1727 2135 1887 2189 simul
1917 2149 2070 2190 exse-

507 2221 576 2288 ri,
607 2220 878 2290 simulque
896 2222 1111 2292 aperari
1135 2261 1151 2287 ,
1176 2236 1240 2277 ac
1268 2222 1431 2276 simul
1455 2224 1690 2279 calorem
1733 2226 1931 2293 rebus,
1958 2242 2078 2295 quae

510 2312 649 2365 hanc
688 2311 1052 2368 sensationem
1086 2313 1338 2383 excipere
1359 2324 1564 2384 queunt
1589 2356 1603 2379 ,
1633 2315 1913 2384 prebere;
1946 2318 2076 2372 sub-

507 2403 722 2457 stantiae
744 2417 897 2469 vero,
927 2418 957 2458 a
982 2420 1085 2476 qua
1119 2404 1232 2471 lux,
1268 2420 1361 2467 seu
1389 2405 1569 2462 lumen
1603 2405 1915 2474 effunditur,
1943 2423 2079 2477 qna-

508 2492 718 2548 litatem
748 2508 966 2550 omnem
995 2495 1048 2549 in
1080 2496 1372 2565 semetipso
1420 2497 1628 2552 exserit
1667 2497 1840 2567 ipsum
1873 2496 2076 2563 lumen,

507 2585 707 2657 quippe
734 2600 859 2640 cum
895 2587 1076 2657 primo
1114 2586 1230 2656 ipso
1268 2599 1567 2654 momento,
1603 2603 1707 2644 non
1739 2604 1866 2644 vero
1900 2599 2081 2660 poste-

511 2675 638 2730 riori
664 2714 683 2742 ,
722 2676 789 2732 ab
814 2691 875 2733 ea
901 2678 1281 2748 profundatur,
1310 2678 1581 2749 simulque
1616 2694 1738 2734 cum
1781 2695 1843 2735 ea
1874 2690 1929 2735 et
1959 2695 2083 2749 pro-

509 2766 690 2832 cedat,
713 2775 769 2822 et
803 2768 1084 2823 subsistat.
1130 2768 1282 2836 Quod
1317 2769 1365 2823 si
1403 2770 1681 2840 Splendor,
1729 2784 1916 2825 eorum
1961 2770 2083 2838 qui-

508 2857 631 2913 detn
664 2860 954 2927 sententia,
986 2859 1270 2930 aliquando
1310 2876 1413 2915 non
1440 2868 1577 2924 erat,
1597 2861 1819 2915 ubinam
1847 2871 1967 2915 erat
1994 2876 2079 2925 ea,

507 2963 574 3003 ex
610 2961 717 3018 qua
747 2948 1004 3017 splendor
1024 2949 1141 3017 ipse
1170 2957 1276 3014 est,
1309 2949 1446 3005 lucis
1469 2951 1770 3005 substantia
1798 2989 1814 3015 ,
1848 2952 1961 3006 sive
1992 2951 2084 3022 hy-

510 3038 791 3109 ;ostasis!
817 3038 953 3093 Nam
991 3039 1148 3094 simul
1188 3055 1307 3094 cum
1359 3040 1448 3094 illo
1495 3042 1610 3097 haec
1654 3044 1815 3095 etiam
1863 3043 2084 3098 omnino

511 3136 804 3183 evanescat
855 3142 1080 3183 necesse
1129 3138 1234 3182 est.
1285 3129 1448 3198 Atqui
1482 3129 1668 3185 Daniel
1697 3147 1913 3201 quoque
1956 3147 2079 3199 pro-

2166 1039 2621 1110 παντοκράτορος.
2678 1040 2789 1092 Καὶ
2830 1038 3041 1102 Παῦλος
3084 1039 3143 1091 δὲ
3198 1039 3466 1110 Ἑϐραίοις
3497 1042 3698 1112 γράφει
3723 1058 3735 1071 ·

2172 1131 2276 1195 Ὃς
2297 1129 2381 1183 ὢν
2403 1130 2768 1199 ἀπαύγασμα
2810 1128 2921 1196 τῆς
2956 1129 3142 1196 δόξης
3167 1129 3273 1182 τοῦ
3310 1130 3563 1197 Πατρός,
3592 1134 3737 1185 τουτ’

2167 1219 2313 1272 ἔστιν
2350 1220 2682 1290 συνάναρχος
2703 1218 2796 1272 καὶ
2823 1216 3122 1289 ὁμοούσιος.
3153 1218 3273 1271 Ἵνα
3297 1218 3405 1288 γὰρ
3429 1218 3497 1271 τὰ
3525 1219 3724 1292 ἀπαρά-

2168 1311 2337 1381 6λητα
2369 1310 2749 1381 παραϐολικῶς
2771 1329 2888 1375 πως
2920 1308 3305 1380 παραδειχθείη
3331 1348 3346 1372 ,
3389 1310 3438 1361 εἰ
3462 1309 3563 1363 κᾶν
3591 1310 3734 1363 οὓτω

2169 1400 2349 1466 ποσῶς
2377 1402 2455 1464 είς
2484 1400 2608 1455 νοῦν
2636 1399 2873 1470 δειχθείη
2895 1399 2954 1452 τὸ
2976 1398 3117 1469 ὑπὲρ
3155 1397 3298 1458 νοῦν,
3340 1397 3450 1468 ἐρῶ
3486 1398 3566 1468 (τὸ
3598 1399 3740 1468 μέγα

2169 1495 2260 1548 καὶ
2287 1493 2445 1564 μόνον
2475 1492 2614 1564 μέγα
2647 1490 2826 1562 μικρῷ
2860 1489 3221 1560 συμϐάλλων),
3243 1490 3318 1553 ὡς
3338 1490 3454 1560 ἄμα
3484 1506 3545 1542 τε
3569 1490 3738 1560 ἤλιος,

2171 1586 2284 1656 ἅμα
2308 1585 2366 1651 ἐξ
2393 1584 2544 1656 ἡλίου
2567 1584 2782 1654 φύσεως
2813 1584 2907 1639 καὶ
2937 1582 2995 1649 ἐξ
3027 1582 3150 1636 ὅλου
3178 1581 3272 1635 τοῦ
3316 1581 3501 1634 δίσκου
3545 1583 3741 1653 ἀμερί-

2172 1694 2333 1740 στως,
2367 1675 2463 1730 καὶ
2498 1675 2834 1737 ἀδιαστάτως
2856 1712 2870 1737 ,
2903 1672 2995 1727 καὶ
3040 1671 3336 1744 ίσομέτρως
3367 1672 3486 1726 ὅλον
3530 1673 3593 1725 τὸ
3626 1673 3743 1742 φῶς

2174 1766 2603 1837 συνεκφαίνεται,
2633 1766 2727 1818 καὶ
2760 1767 3094 1833 συνενεργετ,
3136 1765 3233 1818 καὶ
3264 1763 3605 1834 συμπαρέχει
3643 1764 3742 1833 τὴν

2173 1857 2381 1929 θέρμην
2413 1859 2524 1919 τοῖς
2550 1855 2851 1926 αἰσθήσεως
2874 1854 3161 1918 δεκτικοῖς,
3189 1853 3402 1924 καὶτῆς
3432 1854 3527 1907 τοῦ
3549 1855 3742 1925 προέν-

2176 1965 2266 2011 τος
2291 1947 2477 2009 οὐσίας
2510 1947 2570 2000 τὸ
2596 1947 2838 2016 ἁμέσως,
2870 1946 2964 1999 καὶ
2992 1947 3090 2016 οὐχ
3114 1945 3338 2015 ὕστερον
3358 1945 3742 2017 προχεόμενον,
3772 1936 3781 1939 ’

2176 2040 2269 2095 καὶ
2302 2038 2623 2110 συμπροῖὸν,
2680 2039 2774 2090 καὶ
2828 2037 3292 2108 συνυφιστάμενον
3350 2037 3485 2106 φῶς,
3518 2037 3645 2106 ὅλην
3687 2040 3745 2090 ὲν

2175 2129 2352 2201 ἑαυτῷ
2371 2128 2667 2199 διεκφαίνει
2699 2128 2795 2199 τὴν
2826 2128 3103 2198 ποιότητα.
3137 2127 3202 2182 Et
3233 2128 3291 2181 δὲ
3325 2130 3460 2200 πρὸς
3511 2129 3573 2180 τὸ
3600 2125 3746 2182 εἶκον

2175 2224 2403 2289 ἐκείνοις
2428 2263 2444 2290 ,
2477 2221 2596 2278 Ἦν
2623 2223 2722 2278 ὅτε
2748 2226 2861 2279 οὐκ
2888 2219 2989 2293 ἦν,
3045 2223 3107 2277 τὸ
3155 2224 3528 2296 ἀπαύγασμα·
3578 2222 3680 2275 ποῦ
3713 2225 3746 2294 ἡ

2176 2316 2568 2386 ἀπαυγιπουσα
2604 2315 2736 2369 αὐτὸ
2766 2315 3061 2379 ὑπόστασις
3112 2314 3206 2368 τοῦ
3238 2319 3446 2385 φωτός;
3484 2314 3745 2368 Συνδιολι-

2180 2406 2365 2477 σθήσει
2389 2404 2498 2475 γάρ
2535 2421 2637 2457 που
2668 2403 2883 2467 πάντως
2913 2402 3108 2474 ἐκείνῳ
3160 2402 3335 2458 τοῦτο.
3376 2403 3486 2456 Καὶ
3515 2402 3619 2474 μὴν
3658 2403 3751 2456 καὶ

2177 2494 2375 2565 Δανιὴλ
2403 2494 2757 2566 προφητεύων
2788 2490 2940 2548 εἶπεν
2959 2511 2972 2525 ·
3005 2496 3114 2548 Καὶ
3147 2494 3273 2564 φῶς
3292 2496 3419 2564 μετ’
3442 2492 3630 2548 αὑτοῦ
3647 2490 3748 2564 ἦν,

2178 2584 2299 2639 ἀντὶ
2316 2583 2434 2649 τοῦ,
2472 2585 2500 2637 ό
2524 2583 2648 2647 Υἱὸς
2701 2583 2840 2654 μετά
2866 2582 2961 2636 τοῦ
2992 2583 3223 2656 Πατρός.
3250 2582 3423 2636 Τοῦτο
3455 2584 3559 2654 γὰρ
3592 2583 3751 2653 μάλι-

2181 2691 2282 2729 στα
2311 2673 2579 2728 δείκνυσιν
2612 2674 2674 2728 τὸ
2696 2674 3082 2728 ἀσυνείκαστον
3108 2675 3201 2727 καὶ
3250 2673 3392 2745 μέγα
3434 2675 3532 2744 τῆς
3562 2674 3753 2746 θεότη-

2179 2785 2292 2832 τος,
2329 2769 2412 2822 ὅτι
2467 2766 2798 2838 ωνάναρχον
2848 2765 3012 2819 αὐτοῦ
3068 2760 3164 2819 καὶ
3198 2765 3485 2836 σύναρχον,
3534 2764 3665 2835 ὁμοῦ
3696 2765 3753 2818 δὲ

2182 2857 2253 2930 [9
2303 2857 2369 2930 α]
2399 2858 2494 2911 καὶ
2527 2858 2732 2912 τέλειον
2762 2859 2856 2911 καὶ
2880 2855 3298 2928 ἀπαράλλακτον
3345 2855 3568 2920 ἀπαθῶς
3606 2857 3754 2924 ἐγέν-

2181 2964 2344 3019 νησεν
2367 2949 2395 3000 ὁ
2422 2948 2629 3017 Πατήρ.
2660 2947 2972 3017 Κτίσματος
3001 2946 3108 3017 γὰρ
3133 2945 3263 2999 ίδιον
3292 2946 3387 2999 καὶ
3414 2946 3474 2999 οὺ
3514 2945 3752 2999 κτίστου·

2182 3037 2417 3108 τρεπτοῦ
2442 3038 2537 3092 καὶ
2573 3038 2672 3090 οὐκ
2716 3037 2982 3108 ἁτρέπτου
3004 3054 3017 3067 ·
3059 3036 3164 3089 ὑπὸ
3216 3035 3396 3106 κρίσιν
3425 3037 3517 3088 καὶ
3549 3036 3609 3088 οὐ
3636 3053 3756 3105 κρι-

2183 3127 2276 3181 τοῦ
2293 3142 2305 3154 ·
2343 3126 2603 3191 ζωοποιου
2611 3126 2771 3197 μένου
2795 3126 2890 3179 καὶ
2904 3127 2964 3178 οὐ
2996 3124 3388 3189 ζωοποιοῦντος
3409 3142 3424 3156 ·
3449 3124 3552 3177 ὑπὸ
3575 3124 3755 3194 ἀμαρ-

514 3217 746 3284 pltetans
771 3215 847 3270 ait
875 3232 890 3269 :
921 3214 992 3270 Et
1026 3216 1119 3271 tua:
1149 3215 1259 3289 (53)
1280 3235 1399 3272 cum
1433 3220 1544 3288 ipso
1573 3230 1687 3274 erat
1705 3238 1725 3285 ;
1755 3222 1803 3274 id
1833 3233 1935 3288 est,
1975 3221 2084 3294 24

2185 3220 2305 3274 τίαν
2330 3221 2423 3273 καὶ
2461 3220 2521 3272 οὐ
2554 3218 2688 3274 Θεοῦ
2709 3218 2773 3272 τὸ
2800 3217 2874 3290 μὴ
2900 3217 3073 3281 οὕτως
3097 3218 3352 3288 γεννῆσαι
3371 3219 3465 3272 καὶ
3494 3216 3757 3286 γεννηθῆ-

514 3306 684 3361 Filius
709 3321 832 3362 cum
878 3306 1037 3362 Patre
1066 3326 1081 3363 :
1113 3310 1253 3377 quod
1293 3310 1437 3373 enim
1455 3312 1708 3367 divinitas
1735 3319 2083 3383 tomparatio-

517 3414 640 3453 nem
695 3414 911 3455 omnem
956 3400 1250 3467 excludat,
1305 3413 1470 3472 atque
1501 3405 1951 3461 excellentissima
1994 3408 2084 3472 sit,

518 3493 572 3547 id
606 3493 842 3550 maxime
877 3495 1142 3562 ostendit,
1167 3510 1290 3551 eum
1319 3495 1516 3559 Filium
1556 3512 1586 3552 a
1632 3498 1792 3554 Patre
1830 3498 1944 3554 sine
1980 3500 2086 3555 ulla

522 3585 775 3653 passione
820 3584 1066 3656 genitum
1102 3588 1305 3652 fuisse,
1337 3588 1428 3658 qui
1458 3600 1638 3654 esset,
1666 3604 1818 3659 aeque
1854 3606 1919 3645 ac
1948 3592 2084 3661 ipse,

519 3684 576 3729 et
616 3675 771 3731 initio
818 3691 1046 3743 carens,
1092 3688 1149 3733 et
1205 3679 1346 3734 idem
1386 3696 1506 3736 cum
1543 3695 1607 3735 eo
1637 3681 1955 3751 principium
1993 3683 2086 3734 ha-

526 3768 694 3831 bens,
736 3767 1002 3838 simulque
1036 3779 1086 3823 et
1133 3770 1441 3839 perfectus,
1482 3780 1539 3827 et
1576 3771 1866 3840 cujuslibet
1892 3787 2087 3840 expers

524 3858 852 3914 discriminis
886 3876 902 3912 :
936 3871 1199 3917 creatura:
1251 3864 1435 3929 enim,
1490 3877 1596 3917 non
1644 3864 1904 3918 creatoris
1950 3862 2087 3934 (5t),

527 3949 841 4005 mutationis
877 3951 1091 4020 capacis
1113 3990 1130 4015 ,
1161 3966 1268 4006 non
1303 3952 1653 4007 immutabilis
1675 3993 1691 4018 ,
1734 3952 1936 4020 judicio
1962 3954 2091 4007 sub-

522 4037 651 4109 jecti
677 4078 694 4105 ,
721 4054 826 4095 non
855 4040 1055 4109 iudicis
1078 4079 1095 4106 ,
1130 4031 1384 4096 viviﬁcali
1406 4080 1421 4105 ,
1446 4056 1551 4095 non
1574 4042 1893 4096 viviﬁcantis
1915 4081 1931 4108 ,
1968 4057 2093 4111 pec-

525 4139 650 4186 cato
683 4133 900 4188 obnoxii
928 4174 944 4199 ,
982 4149 1090 4189 non
1120 4148 1246 4188 vero
1274 4133 1365 4187 Dei
1399 4134 1674 4203 proprium
1715 4143 1796 4188 est
1837 4149 2097 4204 generare

528 4219 634 4276 alio
683 4223 844 4278 modo
868 4262 886 4290 ,
938 4234 994 4278 et
1039 4221 1287 4293 generari
1319 4240 1333 4275 :
1364 4224 1410 4276 si
1438 4223 1583 4276 enim
1614 4222 1730 4292 ipse
1752 4261 1767 4289 ,
1803 4238 1925 4278 cum
1964 4238 2098 4277 non-

531 4311 657 4369 dum
703 4313 872 4368 ullum
918 4312 1065 4367 aliud
1095 4327 1232 4382 opus
1258 4312 1455 4368 factum
1483 4323 1662 4379 esset,
1702 4314 1898 4369 saecula
1947 4315 2096 4380 fecit,

530 4417 651 4472 quae
675 4417 741 4458 ex
774 4402 1109 4471 temporibus
1145 4403 1524 4471 conficiuntur,
1564 4415 1619 4460 et
1652 4407 1902 4462 omnibus
1937 4406 2097 4462 rebus

2185 3330 2292 3367 ναι.
2324 3313 2387 3367 Εί
2417 3311 2527 3384 γὰρ
2551 3311 2734 3376 αὐτὸς.
2788 3310 2939 3364 οὔπω
2972 3310 3252 3383 ἐνεργείας
3280 3308 3447 3378 ἄλλης
3501 3308 3757 3377 οὐδεμιᾶς

2183 3405 2503 3477 γενομένης,
2532 3404 2785 3475 ἐποίησεν
2817 3405 2944 3466 τοὺς
2979 3402 3202 3464 αἰῶνας,
3234 3400 3283 3454 οἳ
3317 3403 3381 3453 ἐκ
3411 3401 3519 3453 τῶν
3548 3400 3756 3470 χρόνων

2184 3495 2591 3559 ἀποτελοῦνται,
2633 3494 2727 3549 κα)⁵
2754 3496 2865 3556 τοῖς
2897 3493 3064 3546 πᾶσιν
3089 3490 3261 3562 ἀρχὴν
3289 3490 3577 3557 ἐπέθηκεν,
3605 3488 3757 3541 οὐδὲν

2183 3588 2247 3641 δὲ
2270 3587 2378 3659 πρὸ
2409 3587 2517 3640 τῶν
2549 3586 2757 3655 χρόνων
2780 3585 2873 3636 καὶ
2897 3580 3107 3635 αἰώνων
3137 3580 3374 3635 νοεῖσθαι
3406 3578 3630 3633 δύναται
3654 3616 3670 3641 ,
3709 3579 3758 3631 εἰ

2189 3679 2264 3750 μὴ
2293 3679 2327 3747 ή
2366 3675 2748 3745 ἀκατάληπτος
2772 3673 2867 3726 καὶ
2898 3671 3113 3741 ἀληθῶς
3148 3672 3287 3742 μόνη
3339 3672 3619 3742 πρωτίστη
3666 3672 3759 3722 καὶ

2185 3765 2539 3838 πρωτουργὸς
2576 3762 2756 3832 φύσις,
2787 3763 2820 3833 ἡ
2858 3760 3035 3833 μόνως
3056 3756 3190 3815 οὖσα
3231 3760 3466 3834 ἄναρχος
3498 3763 3590 3814 καὶ
3629 3759 3760 3812 αίώ-

2186 3874 2318 3922 νιος,
2349 3857 2443 3909 καὶ
2475 3854 2668 3924 ὕφεσιν
2711 3853 2847 3926 πρὸς
2870 3852 3062 3925 ἑτέραν
3099 3854 3200 3907 οὐκ
3229 3851 3426 3924 ἔχουσα
3451 3870 3464 3883 ·
3494 3852 3610 3916 πῶς
3661 3852 3761 3906 οὐκ

2187 3948 2440 4018 ἀνάρχως
2471 3947 2537 4000 ὲκ
2576 3946 2675 4017 τῆς
2714 3945 3063 4008 ὑποστάσεως
3091 3943 3417 4016 γεννηθῆναι
3449 3942 3763 3996 πιστεύεται

2190 4039 2285 4093 τοῦ
2314 4039 2547 4111 Πατρὸς,
2578 4038 2670 4092 καὶ
2690 4039 2789 4091 οὐκ
2813 4039 2877 4091 ὲκ
2908 4037 3006 4108 τῆς
3038 4037 3352 4108 ὲνεργείαςς
3400 4035 3604 4106 Χρόνον
3653 4034 3763 4104 γὰρ

2193 4129 2255 4183 οὐ
2285 4128 2630 4198 διορίζοντος,
2659 4128 2758 4181 οὐκ
2784 4126 2929 4180 ἐστιν
2963 4127 3224 4200 πρότερον
3246 4128 3341 4180 καὶ
3368 4125 3590 4196 ὕστερον
3612 4140 3625 4153 ·
3649 4123 3761 4177 ἀλλ’

2194 4223 2223 4275 ὁ
2256 4223 2330 4294 μὴ
2377 4222 2452 4276 ῶν
2505 4222 2608 4275 ὑπὸ
2635 4221 2823 4292 χρόνον
2848 4260 2863 4285 ,
2902 4219 3136 4291 ἀναρχός
3173 4220 3319 4271 ἐστιν
3341 4235 3356 4248 ·
3389 4218 3417 4270 ὁ
3448 4216 3505 4270 δὲ
3532 4217 3765 4286 ἄναρχος

2194 4314 2469 4377 ἄκτιστος.
2499 4313 2709 4383 Ὥσπερ
2736 4311 2846 4383 γὰρ
2879 4310 2981 4363 ούκ
3012 4308 3128 4360 ἔστι
3150 4307 3340 4378 χρόνος
3366 4307 3648 4376 ἀγένητος,
3675 4305 3766 4359 οῦ-

2195 4424 2303 4470 τως
2322 4405 2450 4465 οὐδὲ
2489 4406 2666 4467 κτίσις
2708 4403 2953 4474 ἀχρονος,
3001 4399 3116 4453 ἀλλ’
3145 4399 3256 4470 ἔχει
3292 4398 3487 4469 μέτρον
3516 4398 3605 4451 τὸν
3638 4402 3766 4470 χρό-

532 4495 746 4551 initium
784 4493 969 4560 dedit,
1016 4492 1151 4548 nihil
1185 4510 1311 4552 vero
1342 4504 1468 4552 ante
1512 4506 1791 4567 tempora,
1822 4509 1878 4553 et
1905 4498 2084 4553 saecula

2202 4514 2323 4551 νον·
2354 4498 2451 4551 σὺν
2479 4497 2612 4566 αὐτῇ
2638 4495 2747 4564 γὰρ
2780 4493 2871 4546 καὶ
2901 4493 2930 4545 ὁ
2954 4478 3149 4560 ⁸χρόνος
3199 4489 3440 4557 γέγονεν.
3476 4487 3587 4541 Καὶ
3622 4488 3768 4540 είκό-

602 4649 716 4723 (49)
780 4649 1164 4723 Μαηὶίςειαιίο.
1210 4651 1449 4708 Ciariora
1494 4652 1608 4708 haec
1643 4653 1696 4708 in
1728 4651 1915 4708 Graeco
1953 4662 2098 4720 sunt,

534 4720 656 4777 cum
692 4720 792 4776 vox
821 4720 1169 4789 Epiphaneia,
1201 4732 1255 4776 et
1277 4723 1776 4791 manifestationent,
1818 4733 1872 4777 et
1897 4725 2083 4777 adven-

532 4801 645 4845 tum
671 4791 882 4847 Domini
904 4790 1187 4858 signiticet.

607 4861 718 4931 (50)
743 4861 847 4927 Qui
874 4877 993 4923 cum
1016 4859 1349 4931 sit._Helir.it,
1371 4861 1427 4915 '5.
1448 4859 1778 4931 lllttd_antem
1810 4861 1899 4915 itic
1923 4860 2097 4915 anim-

535 4928 919 4999 gdrer'tendnm
959 4941 1067 4997 est,
1107 4929 1396 4999 Epistulam
1452 4930 1518 4983 ad
1573 4928 1848 4996 Hebraeus,
1886 4931 1954 4985 de
1999 4945 2096 4984 cu-

530 4996 621 5066 jus
649 5000 965 5054 auctoritate
1017 4996 1685 5070 nunimlliAdubitaverant,
1720 5016 1750 5053 a
1782 4998 2008 5070 Didymo
2043 5008 2102 5053 ut

535 5069 875 5138 canonicam,
898 5080 1060 5138 atque
1096 5083 1125 5122 a
1150 5067 1317 5123 Paulo
1351 5069 1603 5138 scriptam
1643 5067 1821 5122 citari.

608 5137 721 5209 (51)
752 5137 1089 5209 Ηοῃιοιιιὶιιι.
1112 5138 1251 5209 Cum
1284 5138 1416 5209 adeo
1448 5137 1672 5209 celebris
1708 5138 1783 5209 sit
1821 5137 1935 5209 haec
1976 5153 2099 5200 vox,

538 5216 598 5265 ut
611 5203 711 5263 diu
739 5208 916 5276 potior
947 5207 1299 5263 catholicismi
1344 5216 1467 5261 nota
1506 5207 1684 5276 habita
1700 5203 1879 5270 fuerit,
1903 5223 2019 5261 eam
2048 5210 2100 5260 in

541 5274 888 5346 translatione
909 5277 1139 5332 retinere
1165 5277 1384 5346 placuit.
1412 5274 1723 5346 Ὀμοούσιος
1752 5284 1929 5346 autem
1963 5277 2100 5346 scri-

539 5345 771 5401 bendum
808 5356 911 5410 est,
938 5362 1065 5408 non,
1102 5344 1404 5415 ut'quidam
1428 5344 1706 5414 perperam
1762 5344 2103 5415 [εείι,ὀμούο

541 5430 674 5478 σιος,
700 5417 1022 5481 Ιιοιιιοιιιὶιη,
1054 5414 1294 5485 inquam,
1324 5429 1425 5473 non
1465 5415 1753 5485 hgontusius.
1782 5414 1863 5485 Ab
1882 5414 1996 5479 ejus
2018 5430 2104 5468 vo-

537 5484 618 5539 cis
654 5500 750 5557 usu
793 5486 1000 5557 Didymi
1032 5482 1191 5540 aetate
1236 5483 1308 5557 ὃ,
1362 5483 1593 5553 Cyrillus
1623 5482 2103 5557 Jerosolymitanns

542 5568 665 5607 trum
705 5552 1048 5619 abstinuerit,
1073 5554 1343 5609 nonnullis
1385 5552 1672 5620 suspectus
1707 5552 1825 5615 fuit,
1854 5554 2099 5620 qttamvis

545 5623 833 5681 immerito.
863 5634 919 5677 ut
941 5627 1058 5679 fuse
1093 5625 1355 5680 Toutteus
1387 5626 1597 5693 probat.
1630 5620 1974 5693 AtDidymus
2002 5637 2100 5693 no-

540 5699 656 5745 ster
706 5706 824 5744 eam
899 5695 1096 5760 passim
1150 5710 1214 5748 ac
1244 5693 1415 5761 palam
1450 5693 1708 5759 praedicat
1738 5707 1859 5761 cum
1891 5692 1942 5745 in
2004 5692 2103 5745 hoc

541 5772 721 5831 opere,
734 5828 747 5831 _
752 5769 867 5831 tum
888 5759 1230 5831 enarratione
1247 5759 1311 5815 in
1337 5765 1558 5831 primum
1572 5761 1793 5817 Joannis
1815 5759 2104 5829 Epistulam

543 5827 668 5898 pag.
694 5827 785 5900 85,
813 5830 899 5900 ubi
924 5832 997 5884 ait
1025 5850 1040 5885 :
1074 5827 1388 5893 Considera,
1418 5827 2105 5900 quemadntodum’consub-

544 5894 806 5953 Eta'ntialis
836 5894 1011 5964 Patri,
1045 5909 1100 5955 et
1117 5901 1352 5971 reliqua;
1386 5894 1496 5955 tum
1525 5903 1740 5957 demum
1762 5902 1814 5956 in
1862 5900 2000 5955 libro
2030 5900 2103 5954 De

2201 4650 2404 4719 Spiritu
2450 4657 2650 4719 sancto.
2693 4644 2845 4719 Quod
2886 4643 3032 4719 enim
3068 4643 3167 4719 __ait
3203 4640 3446 4719 Jacoims
3471 4639 3768 4719 Basnagius

2199 4710 2354 4791 (tom.
2392 4719 2409 4773 l
2445 4717 2609 4791 Lectt,
2661 4710 2859 4784 antiqq.
2900 4713 3131 4791 ςέιιιιξειίἱ⁸
3162 4728 3281 4791 pag.
3326 4710 3765 4791 29?),jiomousic

2199 4781 2384 4844 vocem
2435 4788 2502 4842 ab
2545 4781 2873 4857 Hieronymo
2913 4783 2964 4835 in
3017 4781 3205 4857 Latina
3235 4781 3348 4849 ejus
3385 4782 3504 4857 libri
3537 4781 3768 4833 transla-

2203 4860 2346 4913 tione
2372 4858 2627 4912 insertam
2658 4852 2799 4917 esse,
2828 4867 2943 4906 mea
2970 4853 3183 4921 quidem
3206 4852 3468 4906 sententia
3491 4864 3764 4903 commen-

2202 4929 2375 4981 titium
2410 4938 2514 4989 est,
2531 4941 2595 4979 ac
2616 4922 2764 4979 nihili
2788 4922 2942 4990 plane
2965 4920 3461 4989 faciendum,quasi
3490 4933 3767 4988 nunquam

2201 4998 2253 5051 iu
2281 4997 2437 5051 ullius
2457 4994 2687 5050 hominis
2721 5002 2952 5047 mentem
2985 4994 3236 5045 venisset.

2272 5066 2386 5138 (52)
2430 5063 2789 5138 Concipiatur.
2846 5060 2972 5138 Pro,
3012 5057 3282 5138 είς-νοῦν,
3299 5055 3558 5128 δειχθείη,
3616 5055 3766 5111 malit

2197 5126 2428 5189 Iur‘tas'se
2453 5136 2575 5202 quis
2595 5126 2778 5201 legere
2805 5146 2819 5183 :
2848 5131 2931 5202 εἰς
2953 5128 3078 5202 νοῦν
3102 5126 3341 5202 δεχθείη.

2271 5147 2428 5189 rtasse
2453 5150 2575 5202 quis
2604 5146 2778 5201 legere
2805 5146 2819 5183 :
2848 5146 2926 5193 εις
2955 5146 3078 5182 νουν
3104 5146 3341 5251 οῗυειη.
3435 5197 3445 5207 .

2271 5205 2384 5273 (55)
2407 5204 2473 5256 Et
2495 5205 2608 5273 lux.
2637 5202 2770 5273 Dan.
2821 5216 2879 5273 ιι,
2910 5198 2999 5273 22,
3028 5198 3115 5251 ubi
3175 5212 3326 5273 _raa_ca
3354 5197 3527 5273 editio
3558 5198 3712 5273 habet
3742 5212 3757 5249 :

2199 5267 2310 5328 Καὶ
2335 5267 2397 5326 τδ
2452 5272 2566 5341 φῶς
2618 5267 2940 5341 μετ’-αὐτοῦ
2972 5268 3111 5320 ἐστι.
3159 5267 3444 5341 Λτιὶουίιιεῄ
3487 5283 3614 5341 vero
3654 5268 3763 5327 ille,

2198 5343 2284 5408 τό,
2309 5360 2338 5397 a
2372 5337 2597 5411 Ditlymo
2619 5337 2984 5411 'negligendus
3011 5353 3114 5390 non
3151 5348 3282 5411 _e_rat_
3302 5339 3405 5390 hoc
3435 5339 3486 5389 in
3529 5337 3667 5411 loco,
3698 5350 3761 5411 ex

2203 5405 2287 5466 his
2326 5427 2445 5480 quae
2467 5405 2573 5463 dixi
2615 5411 2665 5463 in
2699 5405 2810 5461 ιῖοιῖ
2864 5408 3096 5480 90pag.
3143 5405 3231 5458 12.
3263 5405 3450 5476 Itaque
3479 5421 3507 5458 a
3544 5405 3766 5459 librario

2200 5479 2378 5551 potius
2417 5483 2675 5551 omissum
2702 5479 3040 5551 quiscredat.

2273 5552 2407 5620 (54),
2434 5543 2917 5620 Creatorisiltecte
2952 5548 3118 5602 codex
3147 5548 3309 5602 habet
3363 5543 3602 5605 κτίστου,
3661 5555 3766 5620 non

2201 5611 2443 5685 κτίστοῦ,
2496 5632 2550 5673 et
2584 5619 2709 5672 alibi
2749 5617 2995 5686 κτίστης,
3055 5631 3316 5686 nusquam
3341 5611 3758 5686 vernans-1i);

2203 5690 2369 5743 ﬂecte
2397 5681 2559 5743 etiam
2602 5692 2653 5742 in
2688 5688 2874 5741 Bibliis
2910 5681 3131 5756 κτίστης
3151 5681 3364 5751 semper
3400 5681 3593 5750 legitur
3622 5696 3638 5756 :_
3682 5695 3762 5732 re-

2202 5772 2289 5813 Cte
2341 5762 2391 5811 iu
2450 5759 2725 5812 Clemente
2766 5750 3131 5828 Alexandrino
3154 5750 3516 5828 editum‘est:
3550 5750 3768 5828 κτίσται

2199 5828 2309 5882 τῶν
2333 5827 2614 5898 αἱρέσεων
2645 5837 2698 5880 et
2746 5826 3119 5898 in_lierudoto,
3151 5821 3513 5898 Terpsicltore,
3541 5821 3766 5898 σργκτί-

2205 5916 2358 5968 στης,
2396 5888 2454 5953 et
2510 5896 2747 5965 κτίστης.
2806 5888 3263 5963 Perpcramvero
3308 5891 3517 5960 vulgata
3572 5888 3766 5943 Lexica
