4146 6418
1502 512 1588 565 DE
1629 512 1931 567 ΤΠΙΝΙΤΑῚ

2035 513 2240 568 LIBER
2281 511 2559 567 PRIMUS.
3140 526 3147 531 ·
3512 499 3616 558 snt

374 643 481 690 an;
515 630 695 681 πὰν-τα
732 629 829 698 μὲν
882 630 991 683 ἀπὸ
1037 631 1131 684 τοῦ
1171 629 1516 701 Δημιουργοῦ
1548 633 1821 701 μετρεῖται
1869 632 1931 692 ὡς

2046 630 2269 701 intelligi
2332 638 2554 699 potest,
2604 626 2705 680 nisi
2757 622 3356 693 incomprehensibilis,
3396 629 3449 675 et
3492 635 3618 675 vere

377 718 588 787 ᾆεὺτερα
608 759 625 782 ,
657 718 818 781 αὐτὸς
850 719 903 771 δὲ
958 720 1049 772 ὑπ’
1081 720 1312 785 οὐδενὸς,
1362 719 1546 790 ἐπειδὴ
1588 719 1819 791 ἄναρχος
1844 720 1931 773 κα)

2050 721 2229 783 unica,
2264 719 2506 774 omnium
2540 717 2731 786 prima,
2774 723 2828 769 et
2853 713 3112 784 primario
3141 728 3371 782 operans
3401 721 3616 774 natura,

372 809 523 877 φύσει
562 809 720 872 Θεός.
1356 836 1363 844 -
2051 827 2169 881 qua:
2218 808 2475 878 singulari
2536 807 2781 871 ratione,
2832 804 3026 859 unitati
3059 804 3173 871 ejus
3213 815 3573 859 consentanea
3601 841 3616 863 ,

374 904 618 973 principii
661 918 892 972 expers,
918 921 983 959 ac
1012 905 1369 974 sempiterna,
1413 921 1587 977 neque
1637 908 1741 961 ulla
1798 908 1968 963 altera
2012 906 2233 961 inferior
2276 916 2357 960 est
2400 924 2415 959 -.
2466 902 2733 973 quomodo
2780 915 2885 955 non
2920 900 3162 955 creditur
3215 913 3502 970 generatus
3553 900 3619 952 ab

367 1005 569 1049 teterno
599 1010 665 1049 ex
708 996 983 1066 hypostasi
1026 995 1241 1061 Patris,
1281 1014 1386 1052 non
1415 1012 1545 1053 vero
1576 1013 1641 1052 ex
1671 999 1786 1067 ejus
1812 1000 2167 1068 operatione?
2214 998 2269 1051 ln
2322 995 2410 1050 illo
2440 994 2613 1057 enim,
2660 994 2749 1063 qui
2796 1003 3003 1065 tempus
3046 1007 3151 1048 non
3213 995 3486 1058 terminat,
3522 1009 3616 1046 ne-

368 1102 468 1157 que
495 1088 647 1156 prius
675 1090 968 1158 quidquam
1009 1099 1122 1155 est,
1174 1105 1272 1146 nec
1324 1092 1626 1159 posterius;
1685 1092 1777 1147 sed
1806 1094 1895 1163 qui
1936 1108 2039 1147 non
2074 1101 2157 1147 est
2195 1090 2422 1158 tempori
2481 1089 2767 1153 obnoxius,
2818 1097 3049 1143 mternus
3108 1095 3236 1141 est:
3297 1086 3387 1155 qui
3436 1096 3614 1139 autem

366 1189 601 1235 :eternus
632 1189 751 1242 est,
805 1181 1075 1236 increatus
1102 1191 1218 1247 est;
1268 1197 1390 1236 nam
1423 1183 1562 1239 sicut
1590 1198 1694 1238 non
1731 1185 1942 1239 exsistit
1977 1197 2186 1255 tempus
2211 1199 2317 1237 non
2345 1184 2565 1245 factum,
2614 1181 2691 1234 sic
2718 1194 2783 1233 ne
2835 1187 3081 1234 creatura
3137 1178 3350 1247 quidem
3391 1179 3614 1245 letttpm'i

367 1284 469 1325 non
500 1270 779 1336 obnoxia;
810 1270 903 1323 sed
947 1280 1153 1338 tempus
1184 1273 1232 1325 ei
1268 1285 1365 1340 pro
1415 1288 1665 1329 mensura
1719 1283 1835 1339 est;
1875 1274 2033 1329 simul
2068 1277 2211 1329 enim
2267 1289 2390 1328 cum
2433 1272 2546 1341 ipsa
2600 1280 2810 1338 tempus
2867 1282 3080 1337 quoque
3130 1267 3330 1321 factum
3384 1279 3503 1322 est:
3564 1279 3617 1322 et

368 1361 567 1416 merito
613 1360 794 1416 omnia
842 1359 1053 1428 quidem
1105 1375 1135 1413 a
1185 1362 1473 1419 Conditore
1532 1377 1835 1419 mensuram
1897 1364 2111 1428 habent,
2146 1371 2328 1430 utpote
2375 1360 2670 1422 inferiora;
2734 1358 2846 1424 ipse
2887 1371 3015 1411 vero
3067 1371 3093 1408 a
3152 1357 3386 1421 nemine,
3432 1368 3615 1427 utpote

362 1464 458 1510 arte
471 1469 602 1508 rnus
626 1498 639 1514 .
678 1462 732 1507 et
761 1461 950 1506 natura
982 1452 1138 1507 Deus.

458 1543 550 1596 Τὰ
618 1542 676 1594 δὲ
758 1542 847 1594 ῐσα
916 1540 1197 1612 θεωρεῖται
1261 1542 1352 1594 καὶ
1428 1540 1555 1610 περὶ
1616 1538 1707 1592 τοῦ
1783 1540 1938 1606 ἁγίου

374 514 475 565 δυο

2122 1536 2248 1591 Haec
2297 1535 2482 1589 eadem
2544 1550 2672 1591 vero
2718 1538 2783 1591 de
2831 1538 3032 1605 Spiritu
3081 1549 3270 1592 sancto
3319 1540 3479 1593 etiam
3507 1539 3612 1594 dici

364 1633 708 1703 Πνεύματος.
739 1632 813 1685 Οὑ
844 1631 952 1702 γὰρ
986 1632 1296 1703 γέγραπται
1336 1632 1465 1684 πότε
1485 1670 1499 1695 ,
1540 1632 1931 1699 ἐξεπορεύθη,

2046 1639 2269 1702 possunt
2323 1648 2335 1683 :
2388 1642 2485 1682 nec
2544 1627 2686 1680 enim
2734 1628 2991 1696 scriptum
3052 1639 3136 1683 est
3199 1645 3422 1697 usquam
3473 1630 3613 1700 (55).

358 1725 504 1786 ἀλλ’,
526 1722 927 1790 ἐκπορεύεται.
959 1723 1082 1786 Πῶς
1106 1721 1162 1775 δὲ
1184 1721 1320 1792 αὑτὴ
1348 1723 1380 1793 ἡ
1416 1721 1528 1792 ζωὴ
1573 1720 1931 1784 ζωοποιεῖται,

2042 1724 2311 1788 processit,
2355 1721 2470 1786 sed,
2523 1718 2754 1788 procedit
2786 1717 2917 1789 (56).
2947 1720 3224 1784 Quomodo
3274 1730 3452 1775 autem
3501 1723 3611 1776 vita

356 1815 391 1885 ἢ
417 1815 483 1868 τὸ
509 1812 760 1885 ἀληθινὸν
788 1812 903 1881 φῶς
937 1800 1263 1882 φωτίζεταις
1294 1807 1403 1865 Ἦν
1430 1811 1485 1864 δὲ
1508 1812 1614 1882 ἄρα
1643 1812 1760 1863 τότε
1794 1811 1931 1864 θεῖον

2041 1814 2154 1882 ipsa
2210 1812 2528 1878 viviﬁcatur,
2573 1819 2668 1865 aut
2715 1824 2839 1863 vera
2900 1811 2989 1863 lux
3043 1809 3408 1864 illuminatur?
3456 1811 3614 1867 Nem-

357 1905 504 1973 φῶς,
543 1906 637 1957 καὶ
666 1901 776 1971 ζωὴ
798 1902 1032 1968 αἰώνιος
1067 1902 1185 1967 ἀεὶ,
1226 1903 1319 1956 καὶ
1359 1902 1518 1963 αὑτὸς
1561 1886 1748 1953 ἑαυτὸν
1792 1902 1931 1969 λέγει

2038 1920 2104 1974 pe
2164 1904 2273 1973 (57)
2326 1919 2447 1957 cum
2505 1902 2683 1957 divina
2750 1901 2864 1965 lux,
2928 1911 3037 1955 tum
3095 1902 3197 1956 vita
3236 1912 3431 1957 azterna
3489 1903 3606 1974 (58)

358 1998 387 2050 6
413 1995 655 2067 ἀψευδὴς
683 1996 778 2048 καὶ
813 1995 983 2064 μέγας
1012 1993 1145 2055 Θεός
1167 2010 1180 2024 ο
1212 1993 1310 2045 οὑκ
1352 1989 1420 2062 ἦν
1457 1991 1531 2062 μὴ
1558 1992 1645 2045 ὅτε
1689 1992 1931 2058 ἀπαύγα-

2041 2009 2250 2062 semper
2303 1994 2551 2057 exstitit,
2610 2004 2665 2049 et
2727 1995 2840 2063 ipse
2899 1993 3160 2048 mendacii
3226 1994 3332 2065 25
3395 2011 3609 2066 expers,

358 2097 472 2151 σμα
504 2079 681 2147 δόξης,
725 2081 819 2133 καὶ
863 2080 1187 2150 χαρακτῆρα
1225 2079 1594 2144 ὑποστάσεως,
1636 2079 1728 2131 καὶ
1760 2080 1931 2132 είκόνα

2042 2098 2104 2137 ac
2156 2099 2381 2152 magnus
2434 2084 2572 2139 Dens
2619 2085 2966 2154 semetipsum
3024 2085 3106 2139 his
3157 2087 3462 2142 nominibus
3514 2103 3612 2144 vo-

354 2168 717 2239 ἀγαθότητος,
742 2168 834 2221 καὶ
856 2167 912 2238 [9
930 2168 981 2239 ὑ]
1009 2168 1257 2237 δύναμιν,
1283 2170 1376 2221 καὶ
1402 2168 1612 2237 σοφίαν,
1632 2169 1726 2221 καὶ
1748 2167 1941 2223 δικαιο-

354 2259 530 2331 σύνην
553 2258 688 2312 Θεοῦ
722 2258 777 2329 (ἃ
817 2258 1079 2328 ὑπάρχειν
1115 2258 1205 2311 τὸν
1248 2258 1408 2311 αὑτὸν
1433 2259 1705 2329 Μονογενῆ
1733 2258 1941 2322 Παῦλος

357 2355 657 2424 μαρτυρεῖ)
694 2353 793 2405 οὑκ
827 2348 972 2421 εἶχεν
1006 2354 1034 2405 6
1074 2352 1283 2424 Πατήρ·
1312 2352 1450 2417 ἀλλ’,
1493 2352 1522 2405 ὃ
1558 2352 1632 2423 μὴ
1667 2353 1940 2422 προσῆκεν

351 2446 560 2507 εἰπεῖν,
585 2443 810 2512 ὕστερον
849 2445 877 2496 δ
904 2460 955 2496 τι
981 2439 1072 2497 οὖν
1104 2442 1453 2514 προσέλαϐεν.
1498 2445 1562 2496 Εἰ
1589 2443 1644 2496 δὲ
1673 2439 1839 2513 εἶχεν,
1871 2440 1939 2513 ἦν

349 2534 449 2587 ἀεὶ
499 2534 528 2584 6
568 2532 742 2585 ταῦτα
798 2531 873 2585 ὢν
904 2533 1229 2603 Μονογενής.
1270 2532 1407 2585 Οῦτε
1444 2532 1552 2604 γὰρ
1596 2528 1825 2586 δ’ταῦτα
1863 2534 1938 2588 ὢν

218 2620 239 2627 “
348 2620 521 2685 ἐκτὸς
544 2621 639 2675 τοῦ
666 2622 820 2688 Θεοῦ,
854 2622 976 2675 οὔτε
1013 2625 1042 2676 6
1078 2622 1209 2686 Θεὸς
1241 2623 1408 2694 χωρὶς
1454 2621 1549 2677 τοῦ
1580 2623 1730 2688 ὄντος
1772 2626 1936 2679 αὑτοῦ

347 2711 534 2765 ταῦτά
567 2728 697 2764 ποτε
742 2712 995 2784 νοηθῆναι
1028 2712 1269 2768 δύναται.
1306 2713 1490 2769 Ταῦτα
1531 2714 1587 2767 δὲ
1633 2716 1866 2787 ὑπάρχει
1909 2721 1937 2771 ὁ

349 2802 690 2873 Μονογενὴς,
720 2802 782 2855 οὑ
813 2803 1063 2872 καθάπερ
1092 2804 1258 2875 ἔξιςῆ
1290 2805 1677 2875 ἐπιτηδειότης,
1712 2806 1826 2860 ἀλλ’
1847 2808 1937 2861 06-

353 2892 590 2958 σιωδῶς,
622 2892 766 2948 καθὰ
798 2896 1143 2966 προείρηται.
1168 2897 1231 2949 Et
1267 2897 1326 2950 δὲ
1355 2897 1447 2951 καὶ
1476 2899 1533 2951 ὲν
1562 2900 1629 2969 τῇ
1658 2900 1800 2971 ἀρχῇ
1838 2900 1937 2970 τῆς

349 2984 739 3057 κοσμογονίας,
784 2985 855 3039 τὰ
900 2987 1093 3058 πρῶτα
1138 2988 1329 3059 δένδρα
1383 2991 1480 3043 σὺν
1517 2993 1629 3053 τοῖς
1672 2990 1730 3055 ἐξ
1758 2991 1935 3046 αὑτῶν

351 3078 595 3148 καρποῖς
645 3077 953 3148 συνυπέστη
984 3079 1100 3148 (καὶ
1144 3077 1445 3151 παράδοξον
1474 3082 1624 3135 οὐδὲν
1665 3085 1712 3136 εί
1743 3085 1839 3137 σὺν
1866 3088 1931 3155 τῇ

352 3165 476 3237 ῥίζῃ
515 3168 544 3221 6
572 3169 782 3239 καρπδς
804 3168 1213 3240 συνανέτειλεν),
1248 3170 1365 3235 πῶς
1392 3171 1670 3242 ἀμήχανον
1698 3177 1814 3227 κατ’
1841 3174 1934 3245 ἀρ-

2042 2179 2149 2237 cat,
2201 2184 2265 2224 ac
2323 2170 2522 2226 nullum
2572 2188 2803 2241 unquam
2851 2172 2948 2226 fuit
2993 2181 3222 2243 tempus,
3274 2187 3331 2228 ut
3393 2176 3464 2229 ita
3531 2173 3608 2232 io-

2040 2278 2196 2333 quar,
2266 2277 2372 2332 quo
2434 2263 2767 2333 splendorem
2823 2264 3027 2334 gloriae,
3074 2275 3128 2318 et
3162 2254 3416 2335 ligurum
3486 2269 3609 2323 sub-

2039 2353 2273 2416 stantia,
2334 2360 2389 2406 et
2434 2352 2719 2421 imaginem
2774 2354 3058 2419 bonitatis,
3108 2364 3163 2410 et
3224 2356 3503 2421 virtutem,
3558 2367 3610 2409 et

2039 2443 2378 2510 sapientiam,
2430 2450 2485 2496 et
2540 2440 2801 2507 justitiam
2862 2440 2953 2496 Dei
3015 2443 3153 2511 (haec
3207 2444 3351 2498 enim
3405 2446 3606 2510 omnia,

2036 2531 2204 2588 Paulo
2280 2540 2447 2595 teste,
2498 2541 2581 2587 est
2641 2533 2752 2602 ipse
2815 2532 3155 2607 Unigenitus)
3216 2550 3319 2590 non
3389 2536 3611 2591 haberet

2037 2625 2216 2689 Pater,
2273 2633 2366 2678 aut
2433 2638 2540 2693 quo
2585 2622 2876 2692 quidquam
2923 2625 2990 2677 de
3036 2640 3176 2680 novo
3226 2626 3300 2696 (id
3341 2627 3485 2681 enim
3528 2628 3609 2681 di-

2038 2731 2163 2772 cere
2209 2715 2360 2771 nel'as
2394 2724 2475 2770 est
2502 2713 2655 2787 [59])
2699 2724 2884 2784 postea
2923 2718 3210 2785 acceperit.
3249 2717 3399 2784 Quod
3430 2718 3475 2773 si
3507 2717 3611 2773 Pa-

2040 2819 2122 2864 ter
2151 2824 2215 2864 ea
2244 2821 2458 2877 semper
2505 2806 2714 2871 habuit,
2770 2804 3113 2876 Unigenitus,
3165 2807 3254 2876 qui
3287 2808 3401 2862 ha-e
3428 2809 3607 2863 omnia

2037 2911 2140 2969 est,
2170 2915 2385 2971 semper
2412 2899 2620 2955 exStitit
2653 2915 2668 2953 :
2707 2914 2829 2953 nam
2861 2913 3041 2970 neque
3070 2900 3160 2970 qui
3211 2910 3295 2955 est
3341 2902 3476 2968 haec,
3525 2911 3609 2958 est

2035 3001 2188 3048 extra
2219 2992 2409 3057 Deum,
2463 3006 2565 3045 nec
2619 2989 2760 3046 Deus
2809 2990 2928 3047 sine
2956 2990 3068 3056 illo,
3122 2991 3214 3060 qui
3249 3000 3333 3046 est
3378 2991 3609 3062 ipsemet

2037 3085 2173 3150 haec,
2225 3082 2436 3153 concipi
2490 3096 2727 3152 unquam
2769 3086 2963 3152 potest.
3016 3081 3140 3138 Haec
3195 3091 3374 3138 autem
3426 3084 3609 3137 omnia

2034 3185 2118 3232 est
2148 3174 2466 3247 Unigenitus
2503 3191 2607 3231 non
2640 3185 2894 3245 tanquam
2928 3173 3163 3238 habitus,
3193 3183 3289 3228 aut.
3317 3172 3601 3241 habitudo,

349 3258 451 3328 χὰς
485 3256 585 3309 τὸν
609 3258 913 3329 εὐμήχανον
947 3259 1167 3333 Πατέρα
1199 3260 1273 3332 μὴ
1300 3260 1578 3333 ἔγκαρπον
1604 3265 1931 3335 γεγενῆσθαι

2051 3274 2144 3325 sed
2178 3270 2629 3335 substantialiter,
2661 3280 2716 3324 ut
2740 3279 2899 3325 antea
2932 3269 3133 3324 dictum
3162 3267 3260 3321 fuit
3287 3266 3421 3339 (60).
3454 3267 3605 3334 Quod

348 3350 441 3402 τοῦ
476 3349 613 3402 ἰδίου
653 3350 806 3413 Υίοῦ,
841 3352 935 3404 καὶ
975 3349 1138 3414 εὐθὺς
1166 3351 1229 3404 ὲκ
1258 3352 1356 3423 τῆς
1384 3353 1540 3425 δόξης
1570 3355 1667 3426 τῆς
1695 3357 1931 3410 ὑποστά-

352 3456 488 3505 σεως
524 3440 689 3494 αὑτοῦ
729 3440 1104 3512 συνεκλάμψαι
1140 3444 1201 3495 τὸ
1232 3444 1608 3516 ἀπαύγασμας
1655 3445 1812 3500 Καθὰ
1843 3442 1933 3500 οῦν

352 3530 516 3584 αὑτοῦ
564 3534 598 3603 ή
627 3531 728 3603 τῆς
776 3532 1241 3605 ὲνανθρωπήσεως
1289 3536 1440 3590 κάτω
1481 3538 1733 3607 γέννησις
1773 3538 1933 3609 ἑτέρᾳ

353 3622 606 3692 γεννήσει
630 3624 690 3676 οὑ
724 3625 1073 3695 συγκρίνεται
1097 3626 1182 3696 (ὲκ
1211 3627 1489 3698 Παρθένου
1514 3630 1623 3701 γὰρ
1654 3630 1929 3699 ἄρευστος,

354 3711 693 3781 ἀπήμαντος,
724 3715 858 3787 ὅπερ
886 3717 919 3787 ἡ
948 3716 1108 3785 φύσις
1141 3718 1295 3788 ἡμῶν
1331 3720 1432 3772 οὑκ
1472 3720 1637 3790 ἔχει),
1668 3721 1808 3775 οὑτω
1840 3722 1933 3774 καὶ

352 3803 465 3857 ἄνω
490 3804 743 3877 γέννησις
768 3807 1150 3879 ἁκατάληπτος
1177 3810 1315 3881 ὑπὲρ
1334 3812 1395 3864 τὸ
1428 3812 1609 3877 πλέον,
1638 3814 1733 3867 καὶ
1754 3815 1932 3868 πᾶσαν

351 3893 754 3957 ὲξαλλάττουσα
802 3897 1055 3969 γέννησιν
1099 3899 1361 3971 ὑπάρχει·
1392 3904 1484 3957 κα).
1520 3903 1639 3957 οὔτε
1685 3906 1933 3959 ἀπιστεῖν

352 3986 478 4057 χρὴ,
507 3985 636 4040 οὔτε
669 3988 775 4059 μὴν
813 3988 1055 4061 ζητεῖνῆ
1094 3992 1404 4063 ἐξηγεῖσθαι
1445 3995 1536 4049 τὸν
1568 3997 1765 4067 τρόπον
1801 3999 1933 4073 ἡμῖν

353 4079 616 4147 ἀσφαλὲς,
650 4083 765 4143 τοῖς
810 4084 985 4136 εἰπεῖν
1027 4082 1102 4153 μὴ
1144 4083 1483 4157 δυναμένοις.
1517 4088 1642 4152 Πῶς
1669 4089 1933 4160 παρθένος

354 4170 539 4227 ἔτεκεν
594 4173 825 4243 μείνασα
883 4176 1169 4246 παρθένος,
1215 4180 1348 4250 μήτε
1386 4179 1442 4233 δὲ
1477 4182 1575 4252 τὴν
1616 4182 1748 4236 ἰδίαν
1778 4182 1937 4253 ἡμῶν.

357 4392 559 4449 habent
609 4412 833 4470 κτιστης
879 4413 979 4470 pro
1005 4400 1249 4470 κτίστης.
1283 4399 1414 4470 Quae
1442 4408 1620 4454 tamen
1647 4400 1713 4455 de
1746 4402 1933 4457 Graeca

356 4477 505 4539 voce
547 4466 1537 4539 ratosneconditoreni'signiﬂcante
1588 4470 1728 4524 dicta
1785 4472 1925 4526 volo.

2035 3364 2080 3418 si
2127 3363 2279 3418 initio
2327 3365 2490 3418 etiam
2545 3362 2844 3418 creationis
2900 3361 3084 3416 mundi
3144 3361 3331 3430 prima:
3381 3361 3607 3415 arbores

2035 3468 2139 3507 una
2189 3468 2311 3508 cum
2342 3454 2579 3523 propriis
2610 3454 2882 3509 fruetibus
2933 3451 3318 3517 substiterunt,
3352 3466 3414 3505 ac
3445 3450 3605 3505 simul

2036 3558 2156 3597 cum
2187 3543 2367 3599 radice
2395 3545 2632 3599 l'ructum
2684 3558 2901 3615 quoque
2941 3552 3191 3599 exortum
3234 3558 3375 3604 esse,
3426 3540 3603 3595 neuti-

2036 3650 2197 3704 quam
2253 3634 2573 3690 incredibile
2612 3644 2737 3702 est;
2796 3635 3067 3702 quomodo
3119 3634 3235 3689 ﬁeri
3287 3648 3394 3687 non
3447 3644 3603 3700 posse

2034 3724 2398 3791 censebimus,
2432 3735 2490 3779 ut
2526 3739 2691 3794 sagax
2739 3725 2977 3779 universi
3012 3724 3275 3780 Conditor
3304 3722 3414 3793 (61)
3445 3721 3606 3778 Pater

2034 3815 2308 3887 proprium
2332 3813 2551 3879 Filium,
2588 3812 2735 3869 velut
2776 3811 3011 3868 fructum
3067 3813 3202 3884 (δί),
3240 3813 3290 3866 in
3334 3812 3600 3882 principio

2034 3908 2311 3973 habuerit,
2338 3921 2405 3962 ac
2439 3905 2600 3962 simul
2636 3920 2759 3961 cum
2790 3919 2856 3960 eo
2891 3904 3149 3973 splendor
3180 3906 3363 3960 statim
3391 3920 3456 3959 ex
3490 3905 3605 3976 glo-

2035 4000 2113 4053 ria
2148 4000 2498 4070 liypostaseos
2529 3998 2696 4067 ipsius
2724 3996 2996 4054 eluxerit?
3030 3995 3492 4064 Quemadmodum
3516 4013 3606 4053 ero

2034 4102 2100 4159 go
2141 4096 2349 4141 terrena
2390 4086 2505 4155 ejus
2554 4086 2605 4141 in
2640 4084 3017 4142 lncarnatione
3048 4085 3308 4143 nativitas
3359 4086 3487 4142 nulli
3521 4088 3602 4141 al-

2037 4181 2134 4234 teri
2190 4179 2454 4234 nativitati
2505 4179 2811 4248 comparari
2861 4187 3044 4247 potest
3105 4178 3252 4248 (nam
3298 4187 3355 4234 et
3387 4193 3452 4233 ex
3480 4176 3602 4233 Vir-

2105 4399 2218 4469 (57)
2280 4397 2691 4470 NempeaPro,
2728 4395 2816 4470 ἦν,
2871 4399 2970 4467 legi
3024 4409 3223 4469 posset,
3278 4400 3385 4470 ﬁv,
3439 4400 3489 4453 id
3520 4410 3604 4454 est

2036 4468 2130 4541 ρὰ
2189 4479 2244 4523 et
2286 4468 2853 4541 Διιι-ιιιριιὶιιειιιιιέιέι
2888 4472 3102 4541 oratio:
3160 4470 3226 4541 ἣν
3268 4468 3323 4522 δὲ
3359 4469 3463 4541 ἄρα
3513 4470 3600 4541 ἦν.

356 4531 506 4608 Quod
565 4531 952 4608 epimr'spectat
991 4538 1069 4592 ad’
1098 4531 1359 4594 Thracios
1387 4539 1510 4594 illos
1558 4540 1801 4607 κτιστάς,
1864 4542 1928 4595 de

2037 4538 2171 4608 Tum
2200 4558 2215 4608 7:
2247 4538 2346 4608 οὑκ
2369 4532 2436 4608 ἦν
2464 4539 2552 4608 ὅτε
2576 4538 2980 4608 μήεΡτο-τότε,
3014 4541 3128 4607 lego
3149 4531 3209 4591 τὸ
3241 4556 3320 4592 τε.

357 4601 894 4678 quibus__S_trabolib.
924 4609 1413 4678 Vtt,ilegendaisttnt
1434 4624 1554 4678 qua:
1594 4609 1677 4663 vir
1715 4601 1928 4678 ingenio
1961 4605 2003 4659 D
2103 4607 2215 4678 (58)
2255 4601 2503 4660 xEterna.
2535 4601 2589 4660 1ιί
2614 4601 2785 4677 prima
2809 4601 3029 4663 Joannis
3052 4601 3100 4672 θ,
3132 4609 3223 4671 20,
3251 4608 3418 4664 Filius
3441 4624 3601 4665 voca-

357 4681 409 4748 e_t
439 4673 755 4748 eruditione
786 4673 1379 4748 pollens’Mai-torellius
1419 4673 1637 4748 scripsit
1667 4680 1719 4733 in
1754 4673 1926 4732 Theca

357 4738 686 4816 Catapotia,
716 4738 837 4814 pag.
859 4746 963 4816 682
982 4754 1038 4801 et
1071 4762 1224 4816 seqq.

424 4808 539 4881 (55)
594 4808 847 4887 υειιιξαῆι.
889 4812 1064 4887 Lego,
1112 4808 1422 4887 γέγραπταί
1466 4833 1615 4882 ποτε,
1674 4831 1790 4887 pro,
1840 4818 1931 4885 γέ-

357 4893 600 4958 γραπται
665 4883 817 4958 πότε.
887 4883 1233 4958 Praecedens
1264 4896 1441 4958 autem
1507 4902 1606 4941 Vox
1634 4927 1649 4951 ,
1675 4883 1927 4958 ’θεωρεῖο

357 4965 462 5011 ται,
491 4953 561 5004 ad
590 4954 811 5008 verbum
849 4957 1106 5009 vertenda
1145 4974 1159 5010 :
1189 4956 1608 5011 considerantur.

426 5019 540 5089 (56)
592 5019 717 5093 Sed,
744 5024 1285 5091 procedit.‘Similem
1319 5025 1523 5093 Didymi
1554 5026 1926 5093 animadver-

357 5088 874 5164 siotten!__invenie§
940 5109 1062 5148 cum
1109 5096 1161 5148 in
1229 5094 1368 5148 libro
1416 5088 1493 5147 De
1535 5092 1677 5164 Spir.
1709 5107 1924 5160 sancto,

360 5173 504 5236 num.
540 5159 631 5225 15,
660 5161 747 5236 ubi
779 5176 796 5216 :
826 5163 966 5236 Bene
991 5173 1166 5218 autem
1189 5164 1407 5236 (inquit)
1434 5159 1652 5233 quod'in
1675 5167 1789 5233 ipsa
1811 5159 1927 5220 scné

360 5229 514 5281 tentia
550 5245 654 5283 non
682 5230 781 5299 ait,
828 5231 931 5298 Qui
969 5237 1161 5297 creavi,
1197 5229 1316 5297 sed,
1343 5229 1455 5297 Qui
1504 5249 1620 5287 creo
1650 5251 1668 5287 :
1696 5229 1811 5287 tum
1873 5237 1924 5289 in

361 5310 419 5349 ea
486 5310 725 5372 catena,_
762 5306 830 5356 de
879 5317 982 5372 qua
1033 5304 1141 5358 dixi
1201 5319 1322 5371 pag.
1354 5305 1419 5358 l5
1460 5320 1473 5356 :
1543 5303 1614 5357 ibi
1662 5304 1804 5358 enim
1860 5306 1924 5357 ad

362 5377 510 5443 vers;
534 5383 596 5443 νι⁸
615 5370 804 5436 psalmi
827 5370 951 5443 va,
982 5372 1098 5427 haec
1119 5370 1341 5443 adnotat
1370 5375 1634 5443 Didymus
1665 5392 1699 5443 :_
1719 5373 1804 5436 Ὠς
1834 5374 1927 5427 καὶ

361 5431 414 5482 ὲν
442 5435 540 5513 τῷ,
584 5431 1272 5513 ὈμμεταστρέφωνμἋντὶ
1318 5442 1427 5513 γὰρ
1477 5431 1599 5513 τοῦ,
1652 5441 1714 5497 '0
1767 5431 1928 5513 ιλετα-

364 5505 618 5583 εῐτρέψας,
653 5505 710 5583 id
749 5520 832 5564 est
857 5505 1047 5566 {Sicut
1097 5515 1254 5583 etiam
1296 5505 1527 5567 uoi'ait:
1564 5505 1870 5566 Conreriens
1906 5529 1924 5566 :

361 5577 415 5623 id
440 5577 824 5652 eninipositum
846 5592 920 5634 est
956 5597 1073 5651 pro,
1105 5581 1208 5647 Qui
1233 5583 1506 5646 convertit,
1545 5598 1655 5646 seu,
1692 5582 1925 5646 Quimu-

366 5646 513 5721 iuvit.
551 5646 845 5721 Fatendum
877 5646 966 5705 est
998 5646 1199 5717 tamen,
1246 5666 1351 5706 non
1392 5665 1606 5721 semper
1638 5653 1812 5720 magni
1847 5652 1926 5705 fa-

362 5715 577 5768 ciendas
604 5732 745 5790 esse
771 5720 1078 5790 hujusmodi
1121 5715 1639 5785 animadversiones,
1669 5715 1791 5776 ut"ii
1829 5737 1924 5775 no-

364 5788 659 5871 [tI-ttl,=‘qui
706 5787 1549 5871 llebraica.m__linguantcallent.
1593 5791 1732 5859 Quin
1764 5792 1925 5860 Didy-

365 5852 618 5975 smlmse
659 5872 830 5929 segni.
858 5858 926 5914 60
955 5859 983 5910 b
1018 5852 1306 5917 discrimen
1324 5859 1452 5915 illud
1489 5852 1675 5930 parum
1704 5852 1923 5918 curasse

2039 4686 2124 4730 tur
2166 4678 2285 4730 Vita
2305 4688 2520 4730 (eterna.

2104 4745 2419 4818 (59)__Nefas
2448 4757 2543 4799 est.
2574 4746 2857 4818 Προσῆκεν
2904 4761 2999 4815 pro
3040 4748 3312 4818 προσήκει
3348 4748 3603 4818 adbibere

2033 4814 2545 4871 vetat'Herodianus
2592 4814 2645 4869 in
2694 4814 2998 4880 Philonem,
3045 4814 3165 4885 pag.
3206 4814 3343 4871 7468.
3395 4816 3463 4868 At
3494 4834 3599 4872 non

2032 4885 2185 4959 pauci
2217 4894 2496 4959 auctores,
2543 4884 2689 4953 iique
2736 4884 3223 4959 petissimum,__’qui
3260 4887 3401 4959 circa
3436 4885 3598 4959 Didy-

2030 4955 2104 5009 mi
2130 4964 2367 5026 tempora
2394 4954 2679 5026 scripsere,
2723 4955 3058 5023 grammatici
3097 4955 3238 5009 illius
3282 4956 3385 5026 legi
3418 4973 3476 5011 se
3503 4954 3601 5012 ob-

2031 5024 2219 5079 noxios
2244 5023 2351 5076 non
2374 5023 2772 5077 existimarunt.

2099 5092 2213 5163 (60)
2250 5092 2609 5163 Qictuntfuit.
2653 5092 2907 5163 Fortasse
2928 5109 3046 5163 cap.
3081 5094 3165 5149 10.

2102 5161 2214 5234 (61)
2256 5161 2437 5230 Sagax
2460 5161 2730 5236 Conditor.
2756 5164 2822 5236 _ln
2848 5161 3056 5236 Graeco,
3084 5164 3417 5236 εὐμήχανον,
3430 5178 3596 5236 quam

2029 5232 2214 5287 vocem
2268 5246 2372 5284 uno
2406 5232 2665 5287 vocabulo
2716 5234 2803 5287 hic
2854 5232 3273 5299 transferre'it'a',
3308 5234 3593 5288 uttibimet

2031 5301 2144 5371 ipse
2174 5300 2497 5371 satisfacias,
2531 5302 2742 5357 dillicile
2786 5313 2887 5358 est.
2944 5300 3169 5358 Vertere
3212 5307 3375 5358 etiam
3423 5303 3594 5358 licet:

2027 5369 2115 5443 qui
2142 5371 2315 5425 omnia
2347 5369 2504 5439 facile
2527 5373 2762 5443 ntalitttr,
2789 5382 2899 5437 aut,
2918 5374 3005 5440 qui
3026 5373 3169 5427 nullo
3191 5374 3391 5443 negotio
3414 5375 3599 5426 mundi

2028 5441 2281 5508 fabricam
2334 5443 2613 5495 exstruxit.
2668 5440 2837 5496 Porro
2894 5443 3149 5512 Didymus
3198 5440 3585 5510 pa'ronomasian

2028 5525 2189 5565 causa
2236 5525 2300 5565 eo
2353 5512 2610 5565 vocabulo
2666 5525 2793 5565 usus
2839 5520 2921 5563 est
2972 5528 2986 5564 :
3046 5512 3176 5565 ludit
3228 5512 3431 5567 scilicet
3492 5529 3595 5566 non

2028 5580 2355 5650 ineleganter
2417 5582 2469 5633 in
2532 5582 2892 5642 dictionibus,
2938 5581 3248 5651 ἀμήχανον,
3305 5594 3360 5637 et
3422 5583 3597 5652 εὐμή-

2061 5667 2209 5702 ανον.

2027 5667 2209 5719 χανον.

2097 5720 2209 5788 (62)
2265 5715 2542 5788 Fructum.
2593 5717 2861 5783 Mendum,
2928 5718 3069 5788 quod
3101 5730 3204 5783 est,
3237 5732 3293 5775 ut
3338 5737 3479 5786 reor,
3538 5723 3589 5772 it

2027 5786 2569 5860 codice,sustuleris,
2596 5788 2638 5843 si
2670 5786 3069 5860 voculannpﬁ,
3102 5792 3452 5859 expunxcris,
3505 5797 3597 5860 aut

2027 5872 2141 5926 pro,
2202 5858 2275 5928 μὴ
2333 5857 2630 5928 ἔγκαρπον,
2688 5874 2789 5929 non
2849 5857 3184 5927 fructuosum
3255 5862 3467 5929 legeris,
3518 5858 3596 5924 μὴ

2027 5930 2297 5999 ἄκαρπον,
2325 5929 2423 5984 hoc
2455 5940 2535 5983 est
2565 5946 2665 5984 non
2704 5928 3111 5998 infructuosum.
