4146 6436
520 491 622 551 δη

1761 487 1997 542 ΒΙΙΠΜΙ
2044 484 2477 543 ALEXANDRIN
2485 488 2502 542 ι

3663 486 3769 542 312

517 604 643 676 gine
675 601 793 664 fuit,
855 609 908 654 et
968 600 1085 654 sine
1144 597 1378 653 lluxione
1442 597 1578 671 (65),
1635 613 1697 655 ac
1755 603 1875 655 sine
1926 602 2094 655 viola-

2197 601 2447 671 γέννησιν
2472 596 2855 669 ἐπισταμένοις
2878 614 2889 626 ·
2921 599 3054 651 ὅπου
3082 615 3145 667 γε
3168 615 3261 651 και
3286 599 3385 669 τὴν
3407 598 3525 653 καθ’
3547 599 3694 670 ήμᾶς
3718 604 3769 655 εί

521 693 665 748 tione
703 691 837 761 (δι),
877 691 928 743 id
967 688 1106 757 quod
1141 697 1329 741 natura
1377 700 1558 742 neStra
1609 704 1712 742 non
1764 689 1984 759 habet);
2021 692 2091 744 ita

520 781 684 836 etiam
748 777 987 833 emlestis
1036 775 1150 846 (65)
1216 775 1474 829 nativitas
1533 776 2091 844 incomprehensibilis

522 872 757 925 maxime
789 878 893 934 est,
937 877 994 924 et
1018 883 1047 921 a
1076 868 1266 936 quavis
1301 866 1615 937 discrepans
1644 868 1757 939 (66)
1786 870 2087 925 nativitate.

522 959 708 1029 Neque
747 973 877 1015 vero
923 967 1018 1012 aut
1052 957 1209 1012 ﬁdem
1263 957 1532 1029 denegare
1565 967 1807 1027 oportet,
1840 969 1935 1013 aut
1978 970 2090 1014 tuta

524 1065 611 1106 res
639 1049 794 1104 nobis
825 1058 909 1104 est
938 1062 1203 1119 quaerere,
1247 1048 1363 1102 sive
1394 1062 1691 1116 exponere,
1727 1050 1997 1117 quomodo
2028 1063 2092 1104 ea

522 1155 583 1197 se
624 1142 842 1207 habeat,
881 1156 1002 1195 cum
1035 1155 1102 1194 ne
1142 1140 1326 1195 dicere
1355 1140 1573 1210 quidem
1622 1141 1925 1209 possimus,
1958 1144 2094 1209 quo-

525 1235 685 1289 modo
716 1233 880 1301 Virgo
925 1231 1198 1302 pepererit
1240 1246 1467 1287 manens
1502 1232 1686 1301 virgo;
1732 1230 1842 1288 imo
1872 1247 1937 1287 ne
1969 1246 2094 1301 pro-

524 1326 698 1395 priam
744 1324 963 1395 quidem
1010 1332 1256 1379 nostram
1304 1324 1711 1394 generationem
1757 1334 2092 1392 perspectam

527 1417 858 1473 habeamus:
893 1400 1113 1485 quodsi
1163 1415 1325 1470 etiam
1374 1424 1612 1471 nostram
1660 1430 1765 1469 non
1817 1416 2089 1484 ignorare-

526 1523 668 1574 mus,
710 1506 855 1561 nullo
891 1515 1073 1561 tamen
1118 1504 1279 1560 modo
1324 1504 1415 1558 Dei
1450 1519 1663 1574 quoque
1691 1505 2092 1574 generationem

523 1613 999 1669 cognosceremus,
1041 1612 1161 1665 quae
1204 1597 1287 1652 vel
1336 1596 1465 1666 ipsis
1515 1596 1829 1651 caelestibus
1879 1598 2094 1650 virtuti-

524 1689 623 1743 bus
669 1687 780 1759 (67)
812 1687 922 1757 26
964 1680 1530 1756 incomprehensibilis
1579 1697 1683 1741 est.
1742 1686 1921 1752 Quare
1970 1701 2091 1740 cum

522 1787 739 1846 stupore
785 1776 1077 1846 prophetes
1120 1777 1231 1841 ait,
1281 1779 1349 1832 de
1405 1785 1619 1830 terrena
1672 1777 1889 1845 quidem
1953 1776 2094 1830 nati-

520 1868 734 1920 vitate:
774 1862 840 1918 Et
870 1864 1021 1919 homo
1072 1875 1146 1918 est
1198 1863 1334 1935 (68),
1361 1875 1407 1919 et
1452 1867 1567 1934 quis
1619 1872 1887 1934 cognoscet
1939 1867 2094 1919 eum?

522 1957 574 2010 id
606 1966 712 2021 est,
747 1954 938 2010 Nemo.
972 1955 1047 2011 De
1094 1933 1301 2010 cmlesti
1330 1933 1504 2009 vero:
1552 1933 1952 2009 Generationem
1980 1956 2091 2025 (69)
2128 1933 2167 1987 Β

526 2055 703 2100 autem
729 2046 844 2117 ejus
885 2046 1002 2115 quis
1045 2044 1351 2100 euarrabit.’
1378 2044 1623 2113 quonith
1658 2044 1862 2097 tollitur
1892 2061 1923 2098 a
1952 2057 2093 2098 terra

520 2140 630 2194 vita
652 2138 795 2208 ejus.
825 2136 927 2193 Ubi
956 2137 1305 2207 generationis
1344 2136 1561 2191 nomine
1592 2134 1703 2206 (70)
1735 2135 2089 2201 nativitatem,

522 2234 641 2285 vitte
668 2229 931 2285 vocabulo
959 2227 1331 2284 exsistentiam
1354 2227 1601 2299 designat
1628 2246 1642 2282 :
1675 2229 1776 2284 hoc
1800 2244 1928 2284 vero
1952 2214 2093 2298 quod

520 2331 630 2387 est,
669 2325 723 2376 in
752 2322 1078 2375 immensum
1111 2335 1276 2389 supra
1319 2332 1515 2375 terram
1546 2319 1812 2375 elevatum
1856 2335 1999 2387 esse,
2040 2331 2095 2373 et

521 2427 740 2468 omnem
788 2419 1023 2467 mentem
1068 2411 1353 2473 excedere,
1385 2410 1544 2464 valde
1586 2410 1811 2481 mystice
1842 2410 2096 2480 exprimit

523 2505 591 2560 iis
621 2504 887 2560 vocibus:
921 2503 1148 2558 Tollitur
1198 2522 1230 2558 a
1281 2514 1457 2558 terra:
1497 2518 1617 2556 nam
1657 2504 1799 2572 quod
1852 2505 1897 2558 is
1947 2504 2093 2557 omni

522 2603 791 2664 tempore,
812 2594 1174 2664 quodcunque
1200 2596 1417 2649 tandem
1448 2596 1591 2662 quis,
1618 2603 1900 2663 postquam
1929 2593 2092 2647 multa

518 2687 705 2740 animo
741 2686 1064 2751 versaverit,
1107 2686 1401 2756 concipiat,
1458 2683 1666 2738 inﬁnite
1701 2686 1949 2753 superior
2001 2684 2091 2747 sit,

518 2783 574 2829 et
620 2773 813 2843 quavis
867 2774 1174 2845 quantitate
1216 2774 1335 2829 sine
1388 2774 1799 2841 comparatione
1830 2785 2089 2842 praestan-

523 2863 653 2931 tior,
682 2864 906 2933 ejusque
935 2865 1174 2919 essentia
1211 2872 1391 2919 mente
1421 2863 1809 2931 comprehendi
1839 2872 2092 2932 nequeat,

519 2962 577 3008 et
616 2954 688 3008 sit
722 2954 838 3023 ipse
868 2967 1255 3022 usquequaque
1297 2953 1524 3007 omnino
1572 2951 1883 3016 invisibilis,
1925 2962 2097 3007 semet

523 3045 639 3112 ipse
662 3044 1030 3107 circumdans,
1062 3053 1119 3097 et
1167 3042 1299 3096 nihil
1331 3053 1483 3096 extra
1515 3058 1575 3097 se
1617 3043 1841 3109 habens,
1889 3055 1943 3097 et
1973 3044 2097 3101 huic

522 3132 667 3186 illius
691 3130 1330 3200 incomprehensibilitati
1362 3130 1676 3199 angelorum
1707 3146 1928 3201 quoque
1957 3134 2095 3187 mul-

2194 690 2582 761 ἐγινώσκομεν,
2606 690 2665 741 οὐ
2706 688 2923 753 πάντως
2954 689 3045 745 καὶ
3070 689 3169 760 τὴν
3198 688 3291 742 τοῦ
3323 688 3480 755 Θεοῦ,
3509 691 3631 761 ἥτις
3676 696 3771 747 καὶ

2192 782 2311 843 ταῖς
2332 780 2674 851 ἐπουρανίοις
2697 778 2985 851 δυνάμεσιν
3004 779 3385 851 ἀκατάληπτος
3410 777 3545 834 οὖσα
3568 783 3745 852 τυγχά

2194 873 2385 927 νει-διὸ
2417 874 2512 926 σὺν
2536 871 2790 942 ἐκπλήξει
2816 873 2845 924 ὁ
2871 873 3151 943 προφήτης
3176 872 3357 941 φησὶν,
3389 872 3516 943 περὶ
3541 874 3640 943 μὲν
3669 876 3770 946 τῆς

2194 964 2363 1023 κάτω,
2398 965 2730 1036 γεννήσεως’
2771 963 2881 1018 Καὶ
2926 962 3233 1031 ἄνθρωπός
3278 962 3469 1026 ἐστιν,
3526 964 3625 1017 καὶ
3678 967 3771 1030 τίς

2188 1055 2484 1125 γνώσεται
2534 1055 2754 1119 αὐτόν;
2786 1053 2910 1107 ἀντὶ
2945 1052 3061 1117 τοῦ,
3090 1053 3294 1117 οὐδείς·
3333 1052 3425 1125 [10
3452 1052 3507 1125 α]
3548 1056 3677 1126 περὶ
3713 1056 3766 1109 δὲ

2192 1147 2290 1217 τῆς
2325 1148 2438 1201 ἄνω
2460 1163 2473 1175 ·
2524 1144 2643 1213 Τὴν
2669 1144 2738 1197 δὲ
2786 1143 2998 1215 γενεὰν
3029 1142 3216 1198 αὐτοῦ
3254 1143 3347 1209 τις
3378 1143 3767 1213 ἐξηγήσεται;

2194 1237 2284 1291 ὅτι
2313 1238 2538 1306 αἴρεται
2584 1236 2701 1292 ἀπὸ
2730 1234 2840 1304 τῆς
2865 1234 2973 1306 m'g
3003 1236 3042 1303 ὴ
3067 1233 3177 1303 ζωὴ
3207 1234 3396 1288 αὑτοῦ
3419 1250 3432 1262 ·
3460 1234 3558 1305 τὴν
3586 1235 3769 1306 γέννης

2197 1345 2300 1393 σιν,
2330 1327 2546 1397 γενεάν
2565 1346 2577 1357 ·
2615 1326 2713 1398 τὴν
2736 1325 2991 1398 ὓπαρξιν,
3028 1324 3179 1392 ζωήν
3198 1342 3213 1355 ο
3238 1325 3301 1378 τὸ
3327 1325 3769 1398 ὑπερεξεπῆρθαι

2196 1401 2586 1491 ἀμέτρωςάπὸ
2625 1418 2724 1488 τῆς
2757 1418 2858 1488 γῆς
2906 1417 3000 1470 καὶ
3040 1417 3368 1487 ὑπερφέρειν
3409 1417 3608 1480 παντὸς
3650 1417 3766 1481 νοῦ,

2194 1510 2417 1579 αἴρεται
2464 1512 2582 1565 ἀπὸ
2621 1509 2730 1580 τῆς
2768 1509 2880 1581 γῆς
2932 1508 3168 1571 καλέσας
3206 1506 3610 1578 μυστικώτατα.
3644 1507 3768 1560 Ὅτι

2194 1600 2300 1671 7&9
2327 1601 2531 1665 παντὸς
2557 1601 2748 1671 χρόνου
2777 1600 2835 1652 ὃν
2858 1599 2924 1653 ἂν
2944 1600 3111 1669 νοήσῃ
3133 1615 3236 1662 τις,
3268 1595 3438 1650 πολλὰ
3466 1595 3768 1659 κυκλεύσας

2194 1692 2260 1760 τῇ
2293 1689 2521 1760 διανοίᾳ,
2551 1688 2872 1760 ἀπεράντως
2901 1687 3195 1750 ἀνώτατος,
3224 1687 3313 1739 καὶ
3342 1685 3635 1754 ποσότητος
3666 1685 3769 1737 πά-

2199 1799 2297 1852 σης
2339 1781 2685 1853 ἀσυγκρίτως
2722 1780 2978 1851 ἀμείνων,
3024 1780 3116 1832 καὶ
3145 1778 3243 1849 τὴν
3265 1777 3453 1831 οὐσίαν
3478 1777 3768 1847 ἀπερινόη-

2195 1891 2304 1940 τος,
2335 1873 2429 1927 καὶ
2458 1872 2719 1927 πάντοθεν
2740 1872 2979 1935 ἄποπτος
3008 1873 3088 1935 εἰς
3120 1870 3263 1925 ἅπαν
3290 1869 3645 1941 καθέστηκεν,
3678 1870 3770 1923 αὺ-

2194 1965 2283 2028 τδς
2337 1965 2531 2019 ἑαυτὸν
2590 1962 2919 2035 περιϐαλὼν,
2972 1962 3064 2016 καὶ
3104 1961 3257 2015 οὐδὲν
3320 1960 3515 2014 ἑαυτοῦ
3570 1961 3767 2027 ἔξωθεν

2194 2056 2332 2127 ἔχων
2353 2074 2365 2085 ·
2395 2056 2488 2110 καὶ
2517 2057 2837 2127 παραχωρεῖ
2854 2054 2931 2125 τῷ
2953 2053 3190 2124 τοσούτῳ
3207 2052 3372 2106 αὐτοῦ
3398 2052 3768 2123 άκαταλήπτῳ

2195 2150 2288 2202 καὶ
2316 2147 2616 2219 ήάγγέλων
2649 2146 2877 2217 πληθὺς,
2908 2146 3005 2200 καὶ
3034 2147 3141 2209 πᾶς
3168 2144 3435 2217 οὐρανίων
3473 2144 3767 2214 ταγμάτων

2193 2239 2395 2309 δῆμος·
2427 2237 2690 2291 ἐκϐοῶσιν
2715 2236 2842 2291 ὡδί·
2890 2237 2919 2289 ὁ
2965 2236 3061 2306 μὲν
3117 2234 3279 2288 Δαυῒδ
3331 2237 3387 2288 ὲν
3441 2232 3505 2297 ιζ’
3532 2233 3763 2304 dratpo-

2199 2331 2398 2383 Ἐθετο
2433 2328 2650 2393 σκότος
2675 2326 3032 2396 ἀποκρυφὴν
3053 2326 3255 2389 αὐτοῦ,
3290 2325 3390 2378 καὶ
3420 2327 3625 2388 κύκλῳ
3659 2328 3769 2378 αὑ·-

2195 2419 2299 2471 τοῡ
2339 2416 2378 2482 ἠ
2414 2417 2616 2485 σκηνὴ
2649 2417 2866 2471 αὐτοῦ’
2905 2419 2938 2488 ή
2972 2417 3029 2470 δὲ
3057 2416 3169 2494 ᾠῆὴ
3210 2415 3565 2487 ’Δμϐακούμ’
3608 2417 3768 2470 Ἐκά-

2193 2508 2397 2573 lvd-er
2432 2504 2726 2573 οὐρανοὺς
2758 2506 2797 2573 ἠ
2828 2504 3006 2573 ἁρετὴ
3036 2504 3220 2559 αὑτοῦ
3245 2521 3260 2535 ο
3295 2506 3323 2557 ὁ
3366 2504 3423 2556 δὲ
3454 2505 3728 2567 Ματθαῖο;
3751 2524 3765 2533 ·

2199 2595 2429 2660 Οὐδεὶς,
2466 2594 2651 2664 φησιν,
2701 2594 2977 2664 γινώσκει
3027 2594 3135 2648 τὸν
3179 2594 3333 2659 Υἱὸν,
3376 2598 3429 2648 εὶ
3458 2595 3545 2664 μὴ
3583 2599 3617 2650 ό
3652 2600 3768 2648 Πα-

2196 2687 2304 2755 τήρ
2328 2704 2341 2718 ·
2372 2685 2515 2740 οὐδὲ
2559 2685 2664 2740 τὸν
2700 2686 2925 2754 Πατέρα
2956 2702 3047 2751 τις
3070 2685 3468 2754 ἐπιγινώσκει,
3515 2689 3568 2740 εὶ
3602 2687 3688 2756 μὴ
3735 2691 3769 2740 ό

2205 2778 2354 2842 Υἱός.
2399 2776 2471 2829 Τὸ
2510 2777 2608 2846 μὲν
2654 2775 2761 2847 γὰρ
2803 2775 2993 2847 τεχθὲν
3046 2774 3197 2847 παρὰ
3241 2775 3339 2846 τῆς
3371 2774 3599 2840 κτίσεως
3630 2781 3770 2834 κατὰ

2196 2867 2477 2922 κοινωνίαν
2506 2866 2665 2921 ἄλλου
2696 2866 2831 2937 πρὸς
2859 2866 2986 2920 ἄλλο
3033 2866 3375 2937 γεγέννηται,
3413 2869 3505 2920 καὶ¹
3535 2868 3594 2919 οὑ
3628 2884 3770 2938 συμ-

2198 2958 2328 3028 φυὲς
2360 2956 2439 3028 τῷ
2464 2959 2814 3028 γεννήσαντιο
2841 2956 2961 3010 οὐδὲ
2992 2956 3195 3009 τέλειον
3226 2955 3387 3019 εὐθὺς
3423 2956 3517 3009 καὶ
3544 2956 3769 3020 ἀπαθῶς

2197 3049 2529 3121 ἐξελήλυθεν.
2575 3048 2697 3102 Ἐπὶ
2717 3048 2773 3100 δὲ
2790 3048 2886 3117 τῆς
2910 3046 3182 3117 θεότητος,
3207 3047 3268 3100 τὸ
3296 3046 3553 3118 ἔμπαλιν.
3591 3046 3764 3099 Ἐπεια

2195 3142 2259 3212 δὴ
2290 3140 2397 3212 γὰρ
2442 3143 2475 3212 ή
2513 3140 2687 3203 κτίσις
2723 3138 2963 3200 τοιῶσδε,
3006 3141 3035 3192 ὁ
3079 3137 3455 3209 γενεσιουργὸς
3490 3138 3768 3201 ἐναντίως,

523 3226 721 3289 tiludo,
758 3234 815 3280 et.
847 3226 1024 3280 omnis
1079 3224 1383 3278 etelestium
1422 3224 1673 3279 ordinum
1722 3225 1948 3295 populus
2000 3241 2091 3280 ce—

2198 3232 2291 3284 καὶ
2327 3231 2424 3301 οὐχ
2466 3231 2665 3302 ὁμοίως
2694 3229 2802 3282 τῶν
2833 3229 2977 3282 ἰδίων
3009 3227 3350 3298 ποιημάτων,
3381 3227 3495 3279 ἀλλ’
3529 3226 3603 3289 ὡς
3628 3221 3769 3280 οἶδεν

524 3318 638 3379 dat,
671 3316 978 3371 exclamant
1005 3315 1301 3386 Scripturze
1337 3317 1386 3370 in
1425 3317 1567 3371 hunc
1612 3317 1826 3371 modum
1861 3334 1875 3370 :
1929 3318 2095 3372 David

523 3408 739 3479 quidem
783 3407 838 3462 in
891 3423 1002 3462 xvn
1052 3409 1303 3476 psalmo:
1344 3406 1520 3462 Posuit
1562 3398 2095 3479 (71)tenebras'lati-

527 3502 701 3555 ιιιΙιιηι
746 3517 924 3566 suum,
974 3502 1030 3554 in
1080 3502 1302 3555 circuitu
1345 3501 1458 3571 ejus
1513 3502 1906 3555 tabernaculum
1959 3502 2091 3569 ejus.

522 3591 805 3645 Canticum
856 3602 1034 3647 autem
1083 3593 1399 3647 Ambacunti
1444 3606 1460 3645 :
1508 3591 1726 3661 Operuit
1779 3592 1889 3665 (72)
1943 3601 2095 3647 caelos

522 3685 685 3737 virtus
712 3683 846 3752 ejus.
876 3684 1163 3739 Matthmus
1195 3699 1362 3749 vero:
1404 3682 1573 3737 Nemo
1607 3684 1745 3755 (73),
1777 3685 1967 3752 inquit,
2004 3702 2097 3739 no-

521 3774 589 3826 vit
624 3771 845 3838 Filium,
872 3774 974 3827 nisi
998 3772 1156 3827 Pater
1182 3787 1201 3826 .'
1236 3789 1396 3839 neque
1428 3770 1642 3827 Patrem
1664 3775 1779 3842 quis
1805 3774 1961 3838 novit,
1991 3775 2095 3827 nisi

527 3861 720 3918 Filius.
769 3863 902 3918 Nam
944 3864 1087 3936 quod
1121 3879 1150 3917 a
1184 3875 1441 3919 creatura
1490 3865 1751 3935 gignitur,
1799 3879 1895 3933 per
1947 3879 2096 3918 com-
2132 3874 2135 3875 '

526 3953 857 4019 munionem,
888 3969 984 4010 seu
1020 3955 1338 4010 relationem
1371 3954 1594 4011 alterius
1638 3958 1706 4010 ad
1748 3955 1976 4010 alterum
2006 3973 2095 4026 ge-

528 4052 766 4107 neratur,
794 4059 968 4114 neque
997 4045 1236 4113 ejusdem
1274 4056 1479 4100 naturae
1507 4056 1589 4100 est
1627 4055 1751 4100 cum
1782 4058 2094 4116 generante,

525 4148 625 4189 nec
664 4133 958 4204 perfectum
993 4135 1178 4189 statim
1212 4146 1317 4201 est,
1347 4150 1445 4189 uec
1469 4136 1589 4188 sine
1619 4136 1871 4205 passione
1908 4152 2092 4206 proce-

523 4226 643 4281 dit:
685 4226 741 4280 in
777 4225 1063 4280 divinitate
1101 4240 1229 4279 vero
1260 4242 1346 4280 res
1386 4237 1572 4280 contra
1604 4241 1663 4280 se
1716 4227 1916 4282 habet:
1972 4245 2093 4281 nam

522 4328 644 4367 cum
672 4324 924 4367 creatura
960 4313 1039 4366 sic
1078 4323 1318 4383 generet,
1354 4315 1721 4383 generationis
1755 4329 1944 4371 auctor
1968 4333 2097 4372 con-

523 4407 692 4463 trario
722 4407 883 4461 modo
915 4407 1110 4475 gignit,
1155 4422 1259 4463 non
1299 4420 1425 4463 vero
1474 4406 1725 4462 similiter
1767 4418 1825 4463 ut
1867 4413 2095 4482 propriae

594 4580 707 4653 (65)
743 4578 1034 4653 “natione.
1080 4580 1282 4653 codex,
1337 4581 1619 4652 &9sucrroc-
1686 4595 1741 4640 et
1780 4586 1848 4639 ita
1903 4590 2093 4642 scribi-

2199 3323 2371 3378 ταῦτα
2414 3323 2547 3392 μόνη
2593 3324 2626 3391 ἡ
2682 3321 2926 3391 μακαρία
2966 3319 3154 3390 Τριάς.
3192 3318 3327 3372 Οὐδὲ
3359 3317 3467 3388 7&9
3493 3317 3769 3388 ἀκατάλη-

2198 3432 2346 3477 πτος,
2384 3415 2432 3466 εί
2466 3410 2909 3482 κατελαμϐάνετο
2935 3427 2950 3440 ⁸
2978 3408 3099 3463 οὐδὲ
3140 3409 3458 3479 μυστήριον,
3490 3408 3540 3459 εἰ
3580 3407 3771 3475 ἐγινώ-

2197 3522 2385 3559 σκετο·
2431 3503 2551 3556 οὐδὲ
2587 3502 2749 3565 θεῖον,
2804 3501 2853 3552 εί
2916 3500 3173 3569 ὲχωρεῖτο
3200 3513 3213 3526 ·
3266 3497 3387 3550 οὐδὲ
3444 3497 3770 3568 δημιουργὸς

2196 3595 2432 3660 πάντων,
2468 3595 2516 3646 εί
2548 3592 2655 3645 ἀπὸ
2676 3591 2865 3663 χρόνου
2892 3606 2906 3621 ο
2941 3588 3059 3639 οὐδὲ
3099 3586 3389 3650 ἁσύνθετος
3419 3589 3513 3640 καὶ
3535 3587 3766 3659 ἀμερής,

2196 3691 2242 3741 εί
2283 3687 2420 3758 πρὸς
2465 3685 2533 3738 τὰ
2577 3682 2824 3753 σώματα.
2858 3678 3123 3747 Καθάπερ
3157 3678 3264 3749 7&9
3313 3678 3601 3743 ἀκούοντες
3643 3680 3769 3749 περὶ

2194 3779 2287 3833 τοῦ
2320 3777 2563 3847 Πατρός·
2598 3774 2691 3847 [10
2725 3773 2777 3846 b]
2820 3772 2951 3827 Ἀπὸ
2982 3773 3087 3826 τοῦ
3116 3771 3330 3839 αἰῶνος
3373 3773 3471 3826 καὶ
3514 3772 3624 3837 ἕως
3658 3770 3768 3825 τοῦ

2196 3869 2409 3935 αἰῶνος
2439 3868 2521 3922 σὺ
2544 3868 2632 3921 εἴ·
2669 3868 2782 3930 καὶ,
2824 3866 2935 3931 ἕως
2965 3863 3083 3918 τῶν
3118 3864 3390 3934 νεφελῶν
3429 3865 3469 3931 ὴ
3520 3864 3769 3930 ἀλήθεια

2197 3959 2380 4015 αὑτοῦ
2402 3976 2414 3991 ο
2448 3957 2545 4027 οὐχ
2577 3957 2734 4027 ὄρους
2763 3954 3016 4025 τιθὲαμεν
3042 3954 3209 4025 αὐτῷ,
3238 3953 3372 4007 ἀλλὰ
3402 3954 3463 4006 τὸ
3489 3953 3657 4006 ἀΐδιον
3683 3972 3772 4007 πι-

2200 4049 2461 4121 στεύομεν
2508 4048 2595 4112 (οὐ
2631 4045 2738 4118 γὰρ
2779 4045 2973 4116 ὁμήλιξ
3008 4043 3156 4114 αὐτῷ
3199 4046 3228 4096 ὁ
3264 4042 3470 4113 αἰών)⁶
3508 4042 3768 4106 ὡσαύτως

2199 4141 2325 4211 περί
2366 4158 2425 4192 τε
2466 4138 2558 4191 τοῦ
2599 4137 2728 4191 Υἱοῦ
2774 4136 2979 4190 καὶτοῦ
3011 4136 3165 4204 ἁγίου
3199 4134 3514 4206 Πνεύματος
3555 4137 3770 4205 φρονεῖν

2196 4233 2480 4303 ὀφείλομεν
2500 4249 2512 4261 ·
2558 4231 2649 4285 ἐπὶ
2681 4229 2787 4300 7&9
2813 4228 2911 4299 τῆς
2941 4227 3157 4281 πάντων
3196 4226 3595 4298 ἐπικρατούσης
3643 4228 3771 4296 μιᾶς

2200 4324 2432 4393 φύσεως,
2471 4324 2551 4384 εἰς
2598 4322 2665 4391 ἢν
2704 4316 2862 4373 αὗται
2900 4319 2954 4370 αί
2991 4317 3245 4387 πάντιμοι
3301 4317 3643 4378 ὑποστάσεις.
3690 4315 3771 4368 Τὰ

2202 4414 2287 4466 ἴσα
2320 4411 2544 4482 μελῳδεῖ
2579 4409 2673 4462 καὶ
2710 4407 2838 4479 περὶ
2879 4405 2970 4460 τοῦ
3005 4405 3162 4459 Υἱοῦ·
3201 4406 3283 4459 Σὺ
3308 4409 3340 4459 ὀ
3364 4405 3545 4471 αὐτὸς
3572 4400 3645 4466 εἴ,
3672 4406 3771 4458 καὶ

2275 4586 2385 4662 (69)
2410 4586 2834 4662 _Gen§rationen_t_.
2858 4581 3139 4662 .lsa:-L_lli,
3169 4581 3223 4647 8,
3261 4581 3346 4634 ubi
3380 4582 3647 4662 voculatn,
3682 4584 3768 4662 ῥέ,

525 4649 614 4705 tur
653 4649 813 4705 etiam
857 4652 908 4704 iu
952 4649 1178 4721 vulgatis
1224 4649 1430 4705 Iexicis.
1469 4654 1539 4705 At
1579 4656 1826 4721 equidem
1854 4674 1954 4711 non
1998 4664 2099 4711 du-
2136 4661 2175 4713 D
2209 4649 2309 4714 non
2338 4656 2708 4713 liabetGraeca
2745 4652 2929 4707 editio.
2970 4652 3223 4720 Vulgatus
3260 4663 3440 4706 autem
3480 4654 3638 4707 aliter
3682 4655 3763 4705 in-

526 4722 637 4799 bito
669 4721 804 4790 quin
830 4736 898 4775 ex
931 4719 1187 4774 similium
1224 4722 1469 4790 analogia
1500 4719 1848 4779 scribendum
1893 4728 1966 4781 sit
2002 4729 2102 4799 ἄρ-

588 4807 768 4853 υστος.

524 4792 1086 4935 ρεῗδίῇῖςρνίοίαιῖοηε.
1131 4859 1220 4935 ΔΝιι
1275 4869 1427 4935 putet
1476 4856 1848 4935 quis‘AGrmcze
1910 4865 2103 4935 lingua:

527 4929 703 4984 minus
767 4932 971 5004 peritus
997 5000 1010 5004 _
1034 4931 1329 5004 desiderari
1366 4931 1470 4986 hoc
1498 4929 1581 5004 ’giu
1613 4932 1731 4987 loco
1760 4929 2096 5004 cunjunciio-

526 5015 649 5053 nem
707 5000 821 5064 καί,
875 5015 940 5055 at:
997 5000 1278 5075 legendum
1313 5016 1454 5075 esse,
1494 5000 1796 5075 άρρευστος
1828 5000 1921 5057 καὶ
1951 5005 2095 5075 ἀπή-

526 5085 766 5139 μαντος⁹
816 5086 943 5124 nam
1022 5070 1398 5137 hujuscemodi
1470 5070 1731 5140 asyndeta
1794 5090 1899 5128 non
1979 5070 2102 5130 raro

524 5150 820 5195 occurrunt
867 5151 922 5195 et
954 5141 1007 5194 in
1056 5140 1304 5210 Didymo.
1348 5149 1404 5194 et
1464 5142 1515 5193 in
1566 5141 1706 5205 aliis,
1745 5152 1802 5194 ut
1856 5159 1979 5197 cum
2026 5146 2104 5198 ait

529 5211 784 5281 Didymus
844 5226 954 5281 seg.
981 5210 1115 5281 Α155
1147 5228 1200 5272 a,
1249 5210 1549 5281 ἀμήχανον,
1581 5210 1863 5273 ἀδύνατον,
1890 5225 1944 5266 et
1977 5216 2101 5268 Cle-

526 5278 682 5353 mens
702 5278 1119 5353 Alexandrinus
1127 5297 1254 5353 pag.
1291 5278 1415 5353 ιει,
1445 5280 1623 5349 λέγειν
1657 5300 1730 5344 τι,
1750 5284 2007 5353 πράττειν
2027 5301 2097 5337 τι.

596 5350 708 5421 (65)
736 5351 991 5405 ϐωιεειὶε.
1016 5349 1073 5403 In
1098 5350 1289 5406 Graeco
1339 5351 1620 5421 legendum
1653 5349 1910 5418 arbitror,
1937 5354 2031 5406 καὶ
2065 5356 2098 5425 ή

523 5418 636 5474 ἄνω
656 5421 926 5474 γέννησις.

561 5435 636 5471 νω
656 5435 926 5484 γεννησις.

525 5438 636 5474 ανω
656 5438 926 5491 γεννησις.

525 5488 1073 5622 ἐξέἳῖὲτξέἔρνεραηδ.
1098 5486 1337 5545 Observa
1363 5487 1689 5561 peculiarem
1737 5505 1889 5545 usum
1919 5492 2094 5555 verbi,

719 5576 850 5615 ττω.

599 5628 711 5697 (67)
781 5628 1093 5686 Virtutibus.
1135 5632 1210 5686 Ita
1246 5630 1404 5701 vulgo
1461 5630 1596 5684 verti
1626 5630 1761 5684 solet
1794 5647 1915 5696 vox,
1941 5631 2099 5684 δυνά-

530 5710 672 5773 μεις,
707 5706 817 5751 tum
850 5702 1009 5773 etiam
1042 5718 1163 5756 cum
1195 5706 1416 5771 angelos
1442 5702 1703 5770 designat.
1736 5703 2097 5773 Hieronymus

528 5766 700 5837 vertit
723 5782 886 5837 saepe,
922 5766 1275 5837 fortitudines.

753 5833 817 5888 Et
853 5833 1025 5916 hoino.
1070 5840 1292 5916 Frustra
1326 5847 1427 5916 hoc
1458 5841 1512 5916 in
1546 5841 1772 5916 Vulgato
1809 5842 1907 5893 itit.
1951 5857 2096 5916 qua;-

530 5904 724 5963 siveris
762 5920 776 5957 :
804 5908 897 5962 sed
929 5904 1115 5983 Grmca
1146 5909 1312 5963 editio
1338 5910 1388 5962 id
1417 5911 1575 5965 habet
1623 5904 1823 5966 ferent.
1879 5904 2008 5973 sui,
2038 5913 2089 5966 θ.

2212 4740 2500 4797 terpretat}!
2509 4742 2550 4779 r.

2277 4789 2388 4868 (Ἷο)
2436 4792 2798 4868 Cenerationis
2830 4791 3088 4868 _n_omine._
3120 4789 3214 4868 Ne‘
3252 4791 3401 4843 locus
3463 4789 3565 4868 iste
3610 4791 3766 4868 alicui

2205 4860 2407 4924 Graeca:
2433 4867 2625 4925 linguae
2653 4862 2768 4916 rudi
2794 4862 3039 4914 videatur
3077 4860 3334 4922 insulsus,
3362 4862 3515 4928 quasi
3540 4861 3763 4923 nullum,

2206 4938 2349 5007 quod
2382 4932 2691 5007 qttideurad
2728 4945 2839 5007 rem
2879 4929 3059 5007 faciat,
3090 4931 3490 5007 generationem
3520 4931 3680 4993 inter,
3703 4946 3768 4984 ac

2207 4999 2537 5059 nativitatem
2588 5000 2874 5055 discrimen
2912 4999 3001 5063 sit,
3046 4999 3321 5053 sciendum
3366 5009 3470 5061 est,
3499 5014 3630 5053 voce
3674 5018 3767 5064 7s~

2204 5079 2351 5139 νεάν,
2389 5090 2573 5141 quam,
2606 5070 3008 5141 generationem,
3038 5083 3156 5121 cunt
3215 5067 3441 5141 Vulgato
3475 5069 3765 5137 interprete

2208 5138 2479 5209 trauStuli,
2531 5138 2636 5195 non
2686 5150 2865 5209 actum
2912 5139 3108 5209 ipsum,
3150 5152 3256 5204 quo
3306 5138 3427 5204 quis
3455 5150 3767 5208 generatur,

2203 5229 2294 5269 aut
2323 5207 2584 5273 nascitur,
2621 5207 2884 5272 denotari,
2924 5207 3015 5260 sed
3034 5223 3195 5275 genus
3224 5209 3426 5275 potius,
3451 5207 3767 5276 progeniem,

2201 5285 2520 5354 prosapiam.
2548 5281 2729 5354 Itaque
2758 5279 2979 5354 probea
3012 5293 3068 5354 se
3091 5279 3458 5354 invicemntria
3496 5279 3770 5354 lt:1:c,___7s-

2201 5345 2316 5417 ias,
2330 5345 2580 5421 γέννησις
2596 5345 2896 5470 είόένεσις,
2915 5345 3447 5427 distinguendaNide
3460 5364 3602 5416 segni
3615 5348 3703 5403 .85
3716 5368 3742 5427 ιι
3754 5386 3767 5398 .

2275 5426 2385 5470 (Ἡ)
2419 5422 2622 5470 Posuit.
2697 5434 2802 5470 ers.
2844 5417 2928 5470 15.
2959 5417 3045 5469 ubt
3071 5416 3257 5470 Graeca
3279 5418 3441 5470 editio
3464 5420 3644 5470 habet.
3675 5434 3767 5467 xu~

2275 5416 2385 5495 (π)
2417 5416 2629 5495 Posuit.
2653 5416 2802 5495 Vera.
2844 5417 2928 5481 15,
2959 5417 3045 5495 ubi
3071 5416 3257 5471 Graeca
3279 5418 3441 5472 editio
3464 5420 3644 5480 habet,
3675 5416 3772 5467 xti-

2203 5487 2334 5563 κλῴ,
2368 5487 2487 5547 Sine
2516 5489 2891 5563 εοιῲιιιίςιίοηε
2910 5487 3025 5563 καί.

2273 5554 2381 5634 (72)
2417 5554 2654 5634 Operuit.
2673 5560 2841 5634 A_bac.
2863 5572 2957 5634 _l'll,_
2980 5558 3034 5619 ‘2,
3068 5558 3153 5612 ubi
3185 5558 3350 5634 editio
3377 5554 3770 5634 (_Z.oniplut_en_sis

2200 5625 2382 5696 habet,
2447 5625 2806 5699 ἐπεκάλυψεν.
2863 5625 3120 5697 Vulgaltts
3164 5628 3321 5696 paulo
3357 5627 3557 5679 aliter:
3608 5626 3769 5679 habet

2200 5703 2340 5755 enim
2367 5701 2556 5769 gloria.
2587 5717 2682 5769 pro
2708 5702 2889 5769 virtus,

2270 5764 2385 5837 (75)
2413 5764 2743 5837 Νεηιοζϐηρ.
2770 5784 2843 5834 xi,
2867 5766 2958 5831 27,
2978 5766 3064 5820 ubi
3091 5766 3277 5837 Graeca
3295 5764 3458 5819 editio
3481 5764 3771 5837 habetnon-

2199 5832 2308 5902 δεὶς
2333 5832 2706 5906 ἐπιγινώσκειξ
2730 5832 2860 5890 Vide
2886 5837 3014 5889 Luc.
3038 5852 3086 5906 it.
3119 5836 3209 5898 22,
3240 5838 3326 5890 ubi
3355 5837 3567 5904 legitur,
3594 5832 3769 5896 οὐδεὶς

2199 5905 2473 5978 γινώσκει.
2508 5908 2634 5962 Vide
2652 5909 2807 5961 etiam
2841 5922 3004 5976 segni.
3034 5905 3095 5958 51
3131 5922 3182 5958 α.
