4146 6482
471 489 582 547 515

1717 492 1953 549 DIDYMI
1995 489 2460 547 ALEXANDRINI

3612 491 3720 549 316

463 614 642 683 ginem
690 608 783 663 Dei
806 610 1102 674 hominem;
1152 619 1237 676 et,
1270 610 1401 676 Quis
1438 612 1576 668 Deus
1624 624 1812 683 prazter
1858 611 2043 663 Domi-

2155 627 2289 672 στος,
2337 609 2475 662 κατὰ
2528 608 2618 661 τὸν
2669 607 2900 672 Παῦλον,
2940 608 3190 676 τυγχάνει
3233 606 3324 659 ὢν.
3366 607 3533 677 Φησὶν
3570 607 3716 677 γάρ’

474 717 596 753 num
615 701 641 756 2
656 708 733 764 et,
756 701 886 766 Quis
914 701 1048 754 Deus
1094 712 1282 770 prteter
1314 702 1473 757 Deum
1497 713 1731 757 nostrum
1754 706 1780 758 .9
1805 703 1858 755 ln
1891 701 2041 756 Novo

475 801 659 847 autem
688 791 1054 859 Testamento,
1080 791 1316 848 Joannes
1348 796 1564 863 quidem
1615 794 1750 849 dixit
1781 809 1900 862 quae
1930 794 2039 862 jam

471 881 633 936 allata
700 891 827 937 sunt
889 882 1045 953 (89):
1103 884 1341 940 Thomas
1399 898 1569 939 vero:
1623 884 1880 939 Dominus
1929 882 2040 953 (90)

473 989 640 1037 meus,
703 984 749 1026 et
803 969 946 1026 Deus
997 989 1160 1028 meus.
1216 972 1284 1027 Et
1328 974 1528 1029 Paulus
1573 995 1585 1028 :
1642 974 1895 1028 Dominus
1947 991 2045 1028 au-

473 1072 575 1115 tem
608 1062 721 1132 (91)
766 1062 995 1132 Spiritus
1038 1074 1150 1130 est;
1190 1065 1279 1117 ubi
1313 1076 1485 1119 autem
1525 1065 1755 1134 Spiritus
1809 1065 2039 1128 Domini,

473 1154 549 1206 ibi
569 1152 805 1207 libertas.
836 1153 902 1206 Et
936 1168 1145 1219 rursus,
1188 1154 1471 1207 Dominum
1515 1168 1636 1207 esse
1677 1153 1937 1223 Spiritum
1963 1153 2041 1205 in-

475 1244 660 1297 dicans
690 1263 703 1299 :
743 1243 808 1296 Et
832 1246 914 1297 det
956 1244 1067 1315 (9‘2)
1093 1244 1350 1297 Dominus
1379 1244 1610 1297 invenire
1634 1242 2043 1297 misericordiam

475 1349 508 1383 η
566 1331 789 1386 Domino
844 1332 1151 1402 Onesiphori
1193 1334 1391 1388 domui.
1439 1334 1535 1388 Job
1583 1347 1791 1387 autem:
1821 1332 2046 1402 Πνεῦμα

477 1420 619 1475 θεῖον
643 1465 658 1489 ,
692 1425 741 1478 id
770 1433 870 1491 est,
904 1422 1133 1494 Spiritus
1163 1424 1274 1495 (95)
1311 1423 1470 1487 Deus,
1513 1425 1601 1492 qui
1641 1424 1760 1491 fecit
1801 1439 1911 1485 me;
1950 1434 2044 1477 et:

476 1511 700 1584 Πνεῦμα
722 1515 882 1578 θεῖον,
909 1518 956 1570 id
978 1527 1083 1580 est,
1110 1512 1338 1585 Spiritus
1368 1514 1526 1579 Deus,
1560 1516 1649 1584 qui
1671 1523 1900 1582 superest
1931 1513 2042 1582 (94)

475 1604 604 1657 mihi
629 1606 682 1658 in
712 1608 945 1661 naribus.
988 1608 1131 1662 Idem
1169 1621 1299 1661 vero
1327 1615 1452 1661 sunt
1489 1607 1540 1660 in
1570 1604 1848 1676 Scriptura
1875 1606 2034 1665 θεῖον,

2162 700 2321 769 Ἐμοὶ
2347 698 2426 764 τῷ
2447 698 2879 769 ἐλαχιστοτέρῳ
2914 697 3154 751 πάντων
3177 696 3500 765 ἀνθρώπων
3541 696 3716 763 ἐδόθη

2148 793 2187 860 ἠ
2217 790 2387 859 χάρις
2413 787 2889 860 εὐαγγελίζεσθαι
2927 789 2998 841 ἐν
3031 789 3155 854 τοῖς
3186 790 3426 843 ἔθνεσιν
3464 786 3571 840 τὸν
3614 788 3718 840 ἀν·

2148 881 2530 950 εξιχνίαστον
2558 878 2821 934 πλοῦτον
2851 879 2955 932 τοῦ
2977 879 3255 947 Χριστοῦ.
3298 877 3458 930 Ἀλλὰ
3488 878 3581 930 κα).
3620 877 3718 946 τῆς

2152 970 2535 1041 μεγαλωσύνης
2567 970 2730 1024 αὐτοῦ
2754 971 2854 1023 οὐκ
2887 968 3033 1021 ἔστιν
3064 968 3255 1040 πέρας,
3281 966 3406 1021 οὔτε
3436 966 3537 1037 τῆς
3596 982 3719 1019 συν-

2149 1061 2320 1125 έσεως
2345 1061 2595 1133 ἀριθμὸς,
2626 1060 2767 1116 κατὰ
2798 1062 2888 1114 τὸν
2942 1061 3140 1113 Δαυῖδ·
3179 1058 3304 1112 οὔτε
3348 1058 3450 1128 τῆς
3498 1059 3720 1129 εἰρήνης

2145 1153 2310 1223 ὃριον,
2339 1152 2481 1205 κατὰ
2517 1152 2761 1205 Ἡσαΐαν.
2794 1153 2904 1206 Καὶ
2942 1151 3014 1205 Τὸ
3041 1150 3342 1219 ἄφθαρτον
3361 1148 3428 1202 δέ
3449 1163 3586 1213 σου,
3619 1166 3722 1219 φη-

2148 1244 2250 1307 σὶν,
2278 1242 2513 1313 πνεῦμά
2544 1245 2715 1298 ἐστιν·
2739 1245 2809 1298 ἐν
2830 1243 3017 1298 πᾶσιν
3036 1260 3050 1274 σ
3083 1243 3197 1307 καὶ,
3232 1241 3475 1309 Πνεῦμα
3500 1241 3721 1308 Κυρίου

2148 1331 2542 1400 πεπλήρωκεν
2568 1333 2682 1402 τὴν
2703 1332 3084 1403 οἰκουμένην.
3119 1332 3306 1395 Οὐδεὶς
3338 1332 3446 1402 γὰρ
3477 1331 3542 1384 ἂν
3579 1329 3722 1383 οὕτω

2150 1423 2422 1493 παχύνους
2448 1426 2543 1478 καὶ
2565 1425 2724 1496 νοθὴς
2749 1424 3020 1496 εὑρεθείη,
3037 1424 3184 1487 ὅστις
3203 1423 3276 1493 μὴ
3306 1423 3369 1475 ὲκ
3393 1421 3594 1475 τούτων
3613 1420 3722 1472 τῶν

2150 1513 2435 1569 ἀπλάστων
2467 1516 2558 1569 καὶ
2580 1515 2835 1587 καθαρῶν
2851 1515 3181 1586 μαρτυριῶν,
3212 1513 3272 1566 τὸ
3298 1512 3598 1585 ἀπέραντον
3628 1509 3721 1562 τοῦ

2148 1604 2482 1673 Μονογενοῦς
2533 1607 2626 1658 καὶ
2665 1604 2758 1657 τοῦ
2801 1605 3064 1673 παναγίου
3111 1604 3425 1675 Πνεύματος
3473 1600 3718 1661 συνείδοι,

474 1705 529 1748 et
556 1695 707 1759 Θεός,
744 1698 845 1752 hoc
871 1709 974 1764 est,
1008 1699 1287 1765 Divinitas,
1318 1709 1372 1755 et
1404 1699 1564 1763 Deus,
1596 1707 1655 1752 ut
1684 1698 1878 1753 docent
1900 1696 2095 1752 Paulus
2123 1697 2337 1765 quidem
2369 1696 2623 1750 Romanis
2669 1696 2949 1751 scribens:
2997 1694 3320 1764 Sempiterna
3366 1693 3479 1766 (95)
3520 1706 3726 1762 quoque

473 1784 589 1853 ejus
635 1788 819 1850 uirtus,
849 1797 898 1840 et
930 1787 1162 1856 θειότης,
1214 1788 1265 1842 id
1305 1795 1408 1851 est,
1443 1788 1733 1853 Divinitas;
1767 1787 1896 1840 Acta
1931 1800 2094 1840 vero:
2126 1782 2247 1838 Non
2275 1785 2513 1839 debemus
2547 1786 2658 1856 (96)
2688 1786 2967 1849 aestimare,
3017 1801 3171 1849 auro,
3217 1794 3309 1838 aut
3349 1797 3583 1855 argento,
3626 1793 3719 1836 aut

475 1876 663 1945 lapidi,
688 1877 970 1945 sculptura:
1002 1882 1150 1941 artis,
1195 1889 1288 1933 aut
1330 1879 1662 1950 cogitationis
1700 1878 1943 1930 humana:
1974 1875 2034 1929 τὸ
2063 1875 2230 1940 θεῖον,
2261 1876 2311 1930 id
2342 1886 2445 1941 est,
2470 1875 2804 1930 Diviuitatem
2855 1892 2966 1929 esse
3017 1876 3262 1941 similem;
3319 1877 3514 1929 Petrus
3546 1883 3722 1928 autem

476 1963 528 2017 in
561 1967 793 2021 secunda
843 1967 1078 2037 Epistula
1112 1991 1123 2025 :
1178 1967 1245 2023 Ut
1273 1985 1366 2039 per
1415 1969 1525 2023 haec
1565 1968 1674 2039 (97)
1705 1967 1998 2038 eﬁeiamini
2025 1967 2217 2021 divina:
2264 1978 2527 2020 consortes
2560 1978 2782 2020 natura.
2815 1965 2879 2020 Et
2902 1966 3353 2035 quemadmodum
3392 1964 3551 2018 Pater
3574 1978 3724 2017 com-

474 2058 732 2125 prehendi
765 2075 869 2114 non
905 2070 1098 2130 potest,
1134 2063 1206 2117 ita
1252 2062 1450 2118 Christi
1484 2063 1682 2116 divitia:
1726 2060 2037 2130 investigari
2075 2070 2377 2129 nequeunt,
2422 2070 2559 2115 teste
2589 2059 2773 2115 Paulo.
2806 2062 2895 2114 Ait
2922 2061 3066 2116 enim
3097 2077 3111 2115 :
3160 2059 3291 2114 Mihi
3335 2059 3448 2129 (98)
3493 2056 3724 2110 omnium

472 2148 740 2202 hominum
773 2150 984 2205 minimo
1015 2153 1142 2205 data
1168 2165 1241 2207 est
1281 2153 1475 2223 gratia,
1502 2166 1553 2205 ut
1594 2152 2009 2221 euangelizarent
2059 2151 2116 2205 in
2158 2151 2395 2221 gentibus
2445 2151 2882 2221 iuinvestigabiles
2943 2152 3152 2205 divitias
3207 2149 3421 2204 Christi.
3459 2149 3725 2202 Praeterea

472 2242 849 2311 magnitudinis
881 2245 994 2315 (99)
1025 2246 1141 2315 ejus
1168 2264 1272 2301 non
1300 2258 1374 2300 est
1405 2248 1546 2315 ﬁnis,
1570 2261 1743 2315 neque
1768 2247 2129 2317 intelligentiae
2160 2246 2236 2317 (1)
2264 2262 2540 2310 numerus,
2564 2247 2717 2316 juxta
2752 2246 2943 2313 David,
2980 2262 3153 2315 neque
3178 2248 3319 2316 pacis
3346 2246 3592 2298 terminus
3625 2240 3727 2330 (2),

471 2332 622 2399 iuxta
654 2333 867 2390 Isaiam.
900 2336 1000 2390 Et:
1034 2336 1453 2402 lncorruptibilis
1477 2338 1555 2408 (5)
1581 2337 1693 2408 29
1723 2350 1911 2401 autem,
1945 2339 2137 2405 inquit,
2175 2336 2406 2405 Spiritus
2447 2347 2568 2389 tuus
2594 2346 2666 2390 est
2705 2338 2756 2390 in
2790 2337 3049 2391 omnibus.
3100 2336 3166 2390 Et
3193 2355 3205 2389 :
3230 2334 3455 2399 Spiritus
3502 2333 3575 2404 (4)
3622 2331 3727 2387 Do-

472 2426 606 2480 mini
649 2426 857 2495 replevit
888 2416 1060 2480 urbem
1094 2438 1372 2484 terrarum.
1410 2427 1579 2482 Nemo
1606 2427 1749 2481 enim
1793 2430 1925 2481 adeo
1966 2430 2211 2498 stupidus
2238 2427 2541 2481 invenietur
2567 2438 2724 2495 atque
2774 2426 2935 2481 hebes
2999 2425 3097 2495 (5),
3129 2436 3187 2479 ut
3224 2441 3254 2481 e
3299 2425 3526 2481 sinceris
3583 2425 3731 2480 hisce

474 2529 541 2570 ac
568 2517 815 2583 genuinis
842 2515 918 2586 (6)
954 2516 1273 2571 testimoniis
1301 2518 1724 2573 immensitatem
1756 2515 2051 2587 Uuigeniti,
2082 2527 2138 2572 et
2173 2515 2500 2571 sanctissimi
2542 2516 2773 2582 Spiritus
2824 2531 2927 2570 non
2976 2515 3213 2586 colligat.

547 2609 796 2682 Ejusdem
868 2625 994 2665 vero
1057 2611 1307 2681 ponderis
1356 2623 1525 2676 sunt,
1585 2613 1879 2682 iisdemque
1945 2619 2112 2674 vo-B

477 2703 630 2757 cibus
670 2715 950 2772 expressa,
993 2718 1110 2771 quas
1152 2704 1218 2758 de
1248 2712 1473 2772 utraque
1508 2705 1782 2775 hypostasi
1816 2706 1882 2758 ab
1909 2703 2050 2772 Apo-

472 2793 614 2849 stolo
682 2794 883 2863 scripta
947 2804 1105 2860 sunt;
1180 2795 1434 2848 nimirum
1489 2811 1611 2850 cum
1673 2811 1760 2860 ea,
1818 2811 1936 2866 quas
1985 2795 2052 2850 de

474 2887 635 2941 Patre
696 2887 980 2941 dicuntur:
1014 2886 1119 2951 Qui
1174 2898 1245 2941 est
1282 2886 1361 2958 (7)
1425 2903 1580 2956 super
1618 2903 1812 2951 omnes,
1867 2895 1917 2941 et
1963 2903 2052 2955 per

479 2977 677 3039 omnia,
733 2983 781 3030 et
840 2976 897 3027 iu
938 2975 1176 3030 omnibus
1237 2975 1375 3029 Deus
1390 2986 1526 3040 ,'et:
1556 2976 1695 3030 Deus
1729 2976 1826 3047 (8),
1856 2986 1902 3030 et
1944 2976 2054 3031 Pa-

481 3076 560 3118 ter
586 3063 801 3117 Domini
842 3064 1005 3117 nostri
1043 3064 1170 3117 Jesu
1196 3062 1394 3118 Christi
1429 3065 1587 3125 novit,
1617 3066 1706 3133 qui
1735 3075 1805 3118 est
1846 3065 2055 3117 benedi-

480 3163 597 3208 ctus
627 3154 681 3208 in
710 3153 928 3217 uacula,
969 3154 1106 3222 quod
1135 3170 1237 3207 non
1273 3155 1514 3211 mentior.
1568 3155 1703 3208 Tum
1751 3170 1811 3209 ea
1838 3170 1957 3223 quae
1987 3155 2053 3209 de

478 3244 619 3301 Filio
641 3244 845 3315 scripta
893 3255 1020 3298 sunt
1048 3241 1348 3298 Romanis:
1389 3242 1495 3309 Qui
1523 3253 1601 3298 est
1629 3244 1704 3316 (9)
1746 3261 1900 3312 super
1938 3260 2052 3297 om-

481 3334 573 3387 nia
632 3332 769 3389 Deus
820 3331 1122 3387 benedictus
1172 3334 1226 3387 in
1268 3334 1484 3389 sa’cula.
1544 3341 1728 3389 Amen.
1790 3335 2049 3389 Plu-terea

481 3425 649 3478 etiam
685 3424 861 3479 illud:
914 3423 1196 3478 Plenitudo
1250 3423 1362 3496 (10)
1427 3425 1562 3495 ejus,
1623 3427 1713 3497 qui
1768 3427 1945 3480 omnia
1996 3426 2054 3479 in

481 3515 723 3569 omnibus
762 3513 1103 3581 adimpletur.
1142 3514 1353 3568 Similia
1405 3515 1588 3570 itidem
1636 3525 1764 3570 sunt
1807 3516 2049 3579 oracula,

482 3618 604 3675 quas
632 3606 698 3659 de
732 3605 903 3659 tribus
930 3605 1080 3661 hisce
1110 3606 1353 3675 personis
1384 3606 1594 3677 prolata
1642 3605 1859 3663 fuerunt
1885 3626 1900 3673 ;
1948 3609 2032 3661 ni-

416 3774 419 3777 -
481 3740 707 3812 Κυρίου.
762 3737 1004 3795 Alterum
1032 3740 1188 3812 μοι).
1231 3740 1387 3812 t,27.
1421 3739 1660 3812 Tertium
1709 3751 1763 3796 et
1801 3751 2050 3811 quartum

479 3809 617 3881 psa'l.
652 3826 788 3881 x_vu.
811 3826 979 3881 vers.
1028 3810 1115 3881 ει.
1143 3811 1199 3863 lu
1243 3811 1309 3865 iis
1340 3826 1498 3880 porro
1523 3809 1796 3865 Geneseos
1822 3809 2047 3881 'verliis,

483 3879 629 3935 Pluit
666 3879 921 3933 Dominus
952 3895 984 3932 a
1029 3879 1270 3944 Domino,
1313 3881 1597 3934 distinctas
1624 3881 1795 3934 Patris
1834 3894 1895 3934 ac
1931 3880 2048 3934 Filii
2079 3917 2086 3924 ι

483 3959 906 4020 ιιειοοιιιιεῂειιιε
931 3949 1211 4020 Didymum
1239 3962 1567 4020 agnoverant
1595 3951 1824 4004 Iretueus
1844 3950 1935 4002 lib.
1972 3965 2048 4013 Ill,

486 4017 604 4085 l-ap.
633 4018 686 4083 6,
728 4017 1088 4073 Tertullianus
1111 4019 1201 4073 lib.
1234 4017 1416 4072 contra
1460 4017 1723 4073 l’ruxeam
1752 4035 1870 4086 cap.
1902 4020 1969 4073 15
1995 4031 2049 4072 et

489 4089 580 4148 16,
622 4086 867 4142 Justinus
918 4089 970 4141 in
1030 4086 1254 4157 Dialogo
1317 4103 1431 4140 cum
1501 4086 1808 4157 Tryphone,
1857 4089 2057 4157 aliique

526 4157 851 4239 ostmodum_.
885 4157 979 4239 i_lis_
1032 4158 1307 4239 adhaerere
1361 4157 1557 4239 debent
1606 4157 1854 4239 catholici
1902 4160 2056 4212 theo-

490 4225 618 4296 logi,
657 4241 763 4282 non
814 4227 1036 4290 Judaeis,
1089 4226 1180 4295 qui
1246 4225 1374 4279 illud
1413 4232 1535 4284 mni
1571 4237 1723 4288 nun.
1766 4227 1818 4283 id
1870 4238 1974 4293 est,
2021 4245 2054 4281 ιι

489 4297 735 4363 Domino,
785 4298 949 4351 veluti
995 4309 1288 4365 pronomen
1321 4294 1537 4359 habent,
1566 4297 1729 4365 quasi
1781 4296 1975 4363 valeat,
2025 4315 2060 4351 a

488 4368 782 4437 semetipso,
848 4381 912 4420 ac
941 4364 1199 4434 titajorem
1230 4364 1492 4419 duntaxat
1529 4364 1634 4419 vim
1682 4367 1921 4421 sermoni
1955 4367 2052 4421 ad-

490 4436 673 4575 daZS9)
707 4502 887 4575 allata
908 4512 1049 4575 sunt.
1077 4502 1132 4557 lu
1158 4504 1257 4560 hoc
1279 4503 1472 4575 capite,
1494 4519 1666 4574 segni.
1694 4506 1726 4560 6
1760 4524 1811 4560 a.

584 4510 673 4575 89)
707 4510 887 4557 Allata
908 4512 1049 4556 sunt.
1077 4510 1132 4557 ιιι
1158 4510 1257 4560 hoc
1279 4510 1409 4573 capil

561 4510 655 4641 (90
702 4570 979 4627 Dominus.
1008 4571 1164 4627 Joau.
1202 4590 1293 4638 xx,
1320 4574 1409 4629 28.

564 4575 676 4714 (91)
709 4640 965 4714 Dominus
992 4653 1184 4714 autem.
1215 4643 1256 4697 ll
1293 4644 1358 4697 ad
1385 4644 1409 4698 (

564 4644 674 4714 (9|)
709 4644 957 4695 Dominus
992 4653 1184 4696 autem.
1215 4644 1256 4697 ll
1293 4644 1358 4697 ad
1385 4644 1509 4699 Cor.
1549 4659 1630 4708 ιιι,
1662 4645 1750 4709 17,
1787 4645 1873 4698 ubi
1909 4644 2060 4714 Vulg.

493 4709 2061 4838 ῗῖιῒὲἓὲἒῗιξπίέιδῖίνίέἵῖ.3⁰ἷῖ¹ιί¹ἰξιτ¹εέ³Ἁῗἐῗῖἱιῗίίῗηῇῖὲ

498 4792 630 4838 Vide
649 4797 822 4853 segni.
862 4792 929 4832 Ἡ
963 4792 1012 4833 b.
1065 4792 1237 4836 [suam
1281 4792 1331 4836 in
1365 4792 1500 4839 libro
1532 4792 1607 4836 De
1641 4792 1841 4851 Spiritu
1876 4796 2057 4837 sancto

498 4852 749 4933 ιιιιιιιη54
779 4851 859 4933 ad
909 4849 1103 4933 Filium
1158 4852 1330 4933 locum
1386 4854 1526 4933 hunc
1562 4853 2057 4933 refertnDidymus‘,

491 4936 613 5005 eguit
648 4920 873 5005 inquit”:
916 4938 935 4971 ι
969 4920 1103 5005 Nam
1137 4933 1192 5003 et
1233 4920 1390 5004 Pater
1433 4920 1687 5005 Spiritus
1710 4920 1970 5005 dicitur...
2005 4924 2069 4977 Et

494 4990 665 5060 Filius
706 4990 937 5060 Spiritus
972 5007 986 5043 :
1013 4990 1500 5060 Dominus,inquit,
1531 4990 1756 5060 Spiritus
1780 5002 1875 5046 est.
1902 5011 1919 5042 ι

565 5059 677 5132 (92)
706 5058 771 5112 Et
799 5062 904 5114 det.
951 5060 1080 5117 Vide
1105 5062 1150 5114 ll
1173 5064 1248 5133 ad
1274 5059 1413 5114 Tim.
1444 5077 1483 5127 I,
1517 5058 1580 5115 l6
1608 5071 1661 5115 et
1693 5063 1780 5116 18.
1811 5063 2068 5133 Didymus

492 5138 637 5202 enini
670 5144 885 5202 sensum
924 5132 1120 5202 potius
1137 5131 1394 5202 allegatis,
1420 5145 1580 5199 quam
1613 5133 1796 5200 verba,
1840 5131 2069 5189 ex‘duo-

493 5201 592 5254 bus
628 5201 758 5254 locis
797 5216 961 5253 unum
986 5198 1199 5256 conﬁat.

709 4640 965 4714 Dominus
992 4653 1184 4714 autem.
1215 4643 1256 4697 ll
1293 4644 1358 4697 ad
1385 4644 1509 4699 Cor.
1549 4659 1630 4708 ιιι,
1662 4645 1750 4714 17,
1787 4645 1873 4698 ubi
1909 4644 2060 4714 Vulg.

2206 2609 2291 2681 [11
2324 2608 2378 2682 b]
2399 2610 2506 2663 Καὶ
2530 2609 2845 2680 ἰσόσταθμα,
2879 2611 2974 2663 καὶ
2994 2596 3333 2680 ὁμοιόλειῖτα,
3355 2608 3424 2661 τὰ
3458 2609 3586 2680 περ).
3618 2609 3728 2680 ἁμι

2155 2706 2274 2771 φοῖν
2305 2702 2411 2757 τῶν
2444 2702 2792 2755 ὑποστάσεων
2811 2701 3088 2772 γραφέντα
3113 2700 3263 2772 παρὰ
3294 2698 3727 2753 τοῢἈποστό).ου

2150 2793 2313 2881 φημὶ,
2344 2795 2412 2849 τά
2446 2811 2504 2846 τε
2536 2793 2661 2864 περὶ
2694 2791 2788 2844 τοῦ
2836 2792 3049 2864 Πατρὸς
3090 2791 3475 2881 διαλεγόμεναθ
3527 2791 3589 2843 '0
3633 2789 3731 2881 ἐπὶ

2150 2880 2410 2949 πάντων,
2434 2883 2533 2937 καὶ
2555 2882 2652 2936 διὰ
2671 2881 2931 2947 πάντων,
2954 2881 3054 2935 καὶ
3083 2882 3153 2936 ἐν
3181 2880 3370 2937 πᾶσιν
3400 2883 3573 2945 Θεός·
3614 2880 3727 2945 καὶ,

2161 2976 2215 3029 '0
2233 2976 2376 3043 Θεὸς
2392 2977 2487 3029 καὶ
2505 2975 2706 3044 Πατὴρ
2722 2974 2829 3030 τοῦ
2848 2974 3069 3044 Κυρίου
3087 2974 3255 3043 ἡμῶν
3268 2972 3463 3041 Ἰησοῦ
3474 2972 3730 3041 Χριστοῦ

2150 3066 2331 3131 οἶδεν,
2354 3072 2386 3120 ὁ
2403 3067 2486 3122 ὢν
2509 3069 2833 3139 εὐλογητὸς
2856 3069 2942 3133 εὶς
2963 3066 3106 3132 τοὺς
3126 3066 3367 3131 αἰῶνας,
3386 3067 3473 3119 ὅτι
3495 3067 3567 3119 οὐ
3588 3065 3733 3134 ψεύ-

2150 3158 2324 3228 δομαι
2344 3176 2356 3189 ·
2390 3160 2460 3212 τά
2491 3176 2548 3213 τε
2576 3160 2704 3229 περ).
2729 3158 2824 3212 τοῦ
2855 3158 2984 3211 Υἱοῦ
3021 3157 3310 3228 Ῥωμαίοις
3340 3157 3634 3229 γραφέντα·
3679 3156 3732 3208 '0

2149 3248 2235 3303 ὢν
2260 3251 2358 3304 ἐπὶ
2379 3249 2618 3304 πάντων
2651 3250 2796 3315 Θεὸς
2826 3249 3156 3318 εὐλογητὸς
3177 3251 3265 3315 εὶς
3309 3248 3449 3315 τοὺς
3491 3245 3728 3312 αἰῶνας.

2164 3341 2367 3411 Ἀμήν·
2392 3342 2527 3413 πρὸς
2545 3341 2719 3413 τούτῳ
2739 3341 2853 3406 καὶ,
2895 3341 2966 3397 Τὸ
3006 3340 3295 3408 πλήρωμα
3326 3341 3428 3394 τοῦ
3450 3339 3520 3393 τὰ
3538 3338 3734 3392 πάντα

2151 3434 2220 3487 ἐν
2250 3431 2434 3487 πᾶσιν
2466 3433 2914 3502 πληρουμένου.
2960 3430 3081 3483 Ἔτι
3120 3431 3281 3501 ὅμοια
3305 3430 3373 3483 τὰ
3407 3429 3730 3501 χρησθέντα,

2152 3525 2278 3596 περ).
2301 3524 2399 3594 μὲν
2432 3523 2523 3577 τοῦ
2554 3523 2765 3593 Πατρός
2789 3537 2803 3552 ο
2837 3522 2973 3574 Ἵνα
3003 3516 3045 3591 ᾖ
3068 3522 3101 3573 ό
3136 3519 3279 3584 Θεὸς
3311 3519 3382 3573 τὰ
3431 3518 3627 3572 πάντα
3663 3519 3735 3572 ἐν

2152 3612 2358 3668 πᾶσιν
2392 3614 2521 3685 περ).
2540 3613 2597 3666 δὲ
2616 3609 2709 3664 τοῦ
2742 3608 2870 3663 Υἱοῦ
2898 3609 3083 3663 αὐτοῦ·
3118 3610 3311 3663 Ὅπου
3339 3611 3451 3664 οὐκ
3481 3610 3573 3663 ἔνι
3594 3610 3734 3664 Ἕλ-

2223 3744 2336 3809 (98)
2367 3743 2518 3798 Mihi.
2548 3743 2742 3810 Ephes.
2766 3741 2920 3806 “1,8,
2958 3740 3043 3794 ubi
3071 3739 3253 3795 Graeca
3285 3741 3450 3796 editio
3472 3752 3575 3808 pro
3624 3745 3718 3795 ἀν-

2153 3812 2408 3884 θρώπων,
2448 3813 2498 3866 id
2529 3822 2623 3884 est
2654 3812 2943 3884 hominum,
2990 3811 3166 3884 habet
3231 3810 3422 3884 ἁγίοιν,
3478 3812 3577 3884 hoc
3623 3823 3725 3884 est,

2155 3880 2472 3951 structorum.
2528 3881 2592 3934 Et
2641 3882 2932 3951 deinceps:
2989 3880 3052 3932 'H
3105 3880 3266 3951 χάρις
3316 3880 3477 3951 αὕτη,
3535 3882 3731 3943 ἐντοῖς

2080 3959 2121 4017 C
2152 3950 2359 4004 ἔθνεσιν
2375 3949 2846 4019 εὐαγγελίσασθαι.

2227 4018 2943 4093 (99)Magiiitudiiiis._Psal,
2974 4034 3156 4085 csLtv,
3185 4020 3412 4093 vers.__5.

2227 4087 2728 4160 (t)'lntel'ligeutite.
2762 4087 2901 4142 Psal.
2929 4104 3128 4160 chvr,
3149 4104 3291 4142 vers.
3322 4088 3376 4160 5.

2227 4156 2302 4232 (‘2)
2338 4156 2637 4232 Terminus.
2694 4159 2796 4212 Isa.
2826 4173 2902 4225 ιιι,
2939 4159 2992 4221 7,
3044 4159 3133 4211 ubi
3196 4174 3292 4227 pro
3332 4159 3502 4229 ὅριον,
3542 4156 3728 4213 (ἔναιρε

2157 4230 2221 4286 ed
2232 4228 2323 4285 ."tio
2355 4230 2514 4284 habet
2532 4228 2706 4292 τέλος.

2229 4299 2327 4371 (5)_
2341 4298 2800 4371 lncorruptibilis.
2829 4295 2960 4371 sap.
2985 4311 3094 4371 _xn_.
3122 4297 3176 4360 1,
3205 4296 3293 4371 ubi
3353 4295 3608 4371 Vulgatus
3636 4297 3736 4350 ali-

2158 4364 2262 4424 ter'.
2287 4364 2474 4424 Graeca
2511 4364 2676 4437 editio
2709 4386 2722 4422 :
2754 4366 2815 4437 ab
2835 4364 2944 4437 γὰρ
2977 4364 3249 4437 segetem
3279 4381 3393 4428 σου,
3429 4364 3545 4437 etc.
3571 4367 3734 4420 Euse-

2163 4440 2282 4493 hius
2313 4439 2404 4492 lib.
2448 4452 2499 4490 tv
2539 4436 2683 4493 Hist.
2707 4435 2835 4492 eccl.
2876 4435 3000 4502 cap.
3024 4435 3092 4488 15
3124 4435 3456 4489 Cleiuentem
3488 4435 3738 4487 Alexan-

2160 4507 2374 4564 drinum
2395 4506 2666 4576 suggillet,
2685 4514 2964 4576 propterea
2982 4505 3123 4572 quod
3151 4508 3201 4557 in
3234 4503 3561 4576 Stromatum
3581 4505 3735 4559 libris

2163 4579 2329 4632 utitur
2356 4573 2666 4630 testimoniis
2688 4573 3109 4644 Scripturarum,
3133 4573 3320 4644 quibus
3339 4591 3369 4627 ιι
3398 4575 3574 4644 multis
3605 4590 3733 4629 cou-

2163 4646 2353 4700 tradici
2398 4646 2528 4700 solet
2578 4659 2597 4697 :
2633 4642 2883 4699 nimirum
2923 4642 3230 4712 Sapientite,
3276 4659 3394 4712 qua:
3435 4642 3737 4698 Salomonis

2164 4717 2454 4782 dicitur,...
2517 4725 2567 4769 et
2627 4714 2907 4778 Barnabte,
2954 4727 3003 4766 et
3030 4711 3330 4783 Clementis.
3371 4716 3439 4767 At
3483 4715 3742 4783 Didymus

2166 4797 2351 4840 noster
2372 4785 2572 4840 nullum
2601 4799 2669 4839 ex
2696 4783 3014 4854 apocryphis
3049 4782 3202 4839 libris
3229 4802 3257 4837 ιι
3292 4782 3742 4854 (Ζιειιιειιιοειιει-

2167 4855 2237 4910 tis
2273 4855 2470 4924 allegat
2507 4856 2560 4908 in
2590 4855 2692 4909 hoc
2730 4851 2915 4924 opere,
2941 4863 3137 4923 praeter
3169 4854 3382 4924 tertium
3411 4852 3616 4924 Esdrm.
3651 4851 3741 4906 Li-

2168 4924 2322 4994 brum
2357 4921 2487 4994 vero
2515 4921 2925 4994 Sapientiande
2942 4921 3104 4994 cujus
3135 4923 3469 4994 auctoritate
3489 4921 3740 4994 dubitare

2163 4992 2272 5061 jam
2306 4993 2455 5049 nefas
2483 4990 2816 5062 estfsarpius
2844 4992 2954 5057 hic,
2977 4990 3032 5048 et
3065 4991 3118 5046 in
3151 4993 3288 5048 libro
3320 4991 3393 5045 De
3433 4990 3575 5059 Spir.
3608 5006 3738 5045 san-

2168 5074 2271 5126 cto,
2306 5080 2451 5119 ιιιιιιι.
2486 5064 2575 5129 26,
2614 5064 2824 5131 allegat.

2238 5134 2314 5202 (4)
2347 5132 2599 5202 Spiritus.
2629 5128 2756 5200 Sap.
2795 5148 2832 5202 t,
2865 5133 2919 5186 7.

2238 5200 2318 5273 (5)
2355 5201 2541 5273 ξιεῡει.
2572 5200 2698 5273 Pro,
2730 5201 2911 5273 vceris,
2940 5201 3078 5271 lego,
3117 5200 3317 5273 νῳθής.

561 5267 946 5351 (93)Spiri_tus.
978 5267 1079 5325 Job
1127 5284 1321 5333 χχχιιι,
1367 5270 1421 5324 4.
1470 5267 1787 5338 Vertissem,
1833 5271 2054 5351 Spiritui

2347 5270 2619 5351 Genuinis.
2650 5267 2921 5351 Καθαρᾲς.
2943 5267 3268 5341 μαρτυρίας,
3316 5284 3408 5326 seu
3438 5286 3571 5339 pura
3603 5271 3744 5351 mu:

498 5339 725 5410 divinus.
760 5340 856 5395 scd
894 5342 977 5410 ob
1003 5354 1065 5394 ea
1101 5355 1221 5409 qua:
1247 5351 1567 5410 sequuntur,
1596 5352 1815 5396 coactus
1838 5339 1910 5396 lui
1944 5357 2065 5396 ver4

496 5418 607 5461 tere
645 5409 920 5472 :Spiritus
954 5409 1114 5463 Deus.

573 5477 682 5549 (94)
720 5478 1019 5549 Spiritus...
1051 5479 1140 5549 qui
1156 5489 1406 5549 superest.
1444 5477 1543 5534 Job
1580 5494 1747 5549 xxvn,
1772 5481 1827 5543 '5,
1852 5480 1938 5534 ubi
1970 5497 2065 5549 pro

495 5562 588 5619 qui
606 5559 860 5619 superest,
900 5548 1298 5619 Complutensis
1328 5550 1580 5605 editionis
1616 5548 1805 5604 Latina
1838 5548 2067 5606 transm-

492 5615 573 5672 ῑὶο
605 5616 785 5681 habet,
814 5615 1285 5673 circumelusistens.

716 5683 1059 5754 Sentpilertta.
1092 5688 1243 5742 Rom.
1284 5705 1320 5755 l,
1349 5688 1437 5743 9.0.

573 5754 685 5825 (96)
720 5755 839 5807 A’ou
874 5756 1133 5825 debemus.
1167 5761 1288 5812 Act.
1310 5754 1444 5815 XVII.
1468 5759 1559 5824 29,
1590 5761 1678 5816 ubi
1725 5760 1910 5815 Grieca
1955 5760 2072 5812 edi-

501 5824 593 5901 tio
613 5825 770 5901 habet
798 5842 819 5901 _:
849 5824 1334 5901 καὶ-ἐνθυμήσεως
1374 5829 1684 5901 ἀνθρώπου,
1717 5834 1764 5886 id
1793 5839 1943 5886 estet
1988 5845 2076 5883 c0—

499 5892 769 5965 gitationis
788 5894 1036 5965 hominis.

577 5964 688 6034 (97)
714 5960 783 6016 Ut
809 5979 900 6033 per
927 5963 1054 6018 ha‘tz.
1087 5965 1135 6019 ll'
1162 5964 1307 6020 Pctr.
1352 5983 1388 6031 ι,
1424 5969 1476 6021 4.

2171 5343 2369 5408 monia,
2407 5344 2595 5396 eodem
2624 5355 2782 5411 sensu
2819 5343 2970 5404 dicit,
3005 5356 3135 5411 quo
3184 5350 3487 5411 argentum,
3516 5343 3743 5411 exempli

2117 5433 2121 5437 ·
2170 5427 2506 5489 εειιιξςι,Αηοη
2534 5409 2911 5489 adulterutum,
2964 5409 3742 5489 d‘iCilllt‘ﬁP—YOPLOV36¢0ap63.

2244 5482 2319 5552 (7)
2356 5481 2459 5547 Qui
2510 5492 2605 5552 est.
2655 5479 2856 5552 Ephes.
2891 5495 2962 5545 tv,
2986 5479 3041 5552 6,
3098 5483 3186 5536 ubi
3210 5479 3393 5537 Glaeba
3420 5480 3585 5535 editio
3625 5500 3635 5531 :
3668 5479 3747 5540 εἷς

2173 5550 2307 5613 θεὸς
2427 5553 2455 5603 ὁ
2483 5551 2575 5604 ἐπὶ
2596 5550 2832 5615 πάντων,
2860 5566 2916 5603 κ.
2946 5567 2995 5602 τ.
3020 5550 3068 5603 λ.

2247 5624 2322 5690 (8)
2357 5620 2519 5679 Deus.
2555 5622 2593 5674 Il
2619 5625 2683 5674 ad
2709 5620 2833 5673 Cur.
2867 5620 3057 5690 XI,5|.

2251 5689 2326 5756 (9)
2359 5690 2462 5754 Qui
2496 5703 2592 5744 est.
2625 5692 2778 5744 Rom.
2810 5704 2882 5752 Ix,
2921 5689 2973 5742 5.

2249 5753 2359 5829 (Ill)
2384 5753 2695 5833 ’l’lenitutto.
2738 5758 2936 5833 Ephes.
2963 5774 3001 5823 ι,
3025 5756 3116 5823 25,
3146 5757 3235 5833 ubi
3266 5753 3536 5833 _V’ulgutus
3572 5754 3750 5833 inter—

2178 5826 2303 5899 pres
2340 5830 2523 5891 vertit,
2574 5829 2887 5899 adimpletur
2915 5844 2934 5881 :
2963 5837 3019 5880 at
3048 5827 3179 5881 verti
3209 5826 3370 5899 etiam
3425 5831 3619 5899 potest,
3650 5826 3752 5876 im-

2175 5892 2275 6021 plet
2327 5914 2342 5951 :
2391 5902 2529 5966 quod
2555 5892 2781 5954 fortasse
2824 5898 3030 5965 Didymi
3080 5897 3406 5952 sententiam
3439 5892 3629 5948 melius
3661 5904 3748 5947 ro-

2199 5979 2360 6021 erret.

2199 5979 2360 6025 Cl'l'Cl.
