4146 6424
320 442 411 497 521
1403 435 1505 492 DE.
1527 437 1900 495 TRINITATE
1939 438 2137 494 LIBER
2180 438 2458 496 PRIMUS.

3452 452 3556 508 522

329 558 608 624 Ἀπάτωρ,
671 556 928 626 ἀμήτωρ,
992 556 1497 625 ἀγενεαλόγητος·
1558 556 1713 624 μηδὲ
1774 556 1879 625 ἀρ-

1983 544 2107 612 Sine
2135 571 2282 627 patre
2307 559 2440 627 (26),
2473 561 2582 613 sine
2602 559 2709 630 32
2733 571 2915 627 matre,
2964 564 3075 617 sine
3096 566 3416 636 genealogia,
3465 584 3562 622 ne-

316 650 430 720 χὴν
472 646 701 717 ἡμερῶν
746 648 923 717 ἔχων,
959 649 1114 717 μηδὲ
1169 648 1338 715 τέλος
1390 649 1537 717 ζωῆς
1584 651 1885 718 ἀφωμοιω-

311 743 481 812 μένος
534 740 615 806 τῷ
659 740 769 805 Υὶῷ
826 741 928 794 τοῦ
989 740 1160 794 Θεοῦ.
1231 741 1580 810 Ἀφωμοίωτο
1627 741 1703 805 δὲ,
1752 739 1885 793 καθὸ

315 834 406 886 οὐκ
459 830 875 902 ἐγενεαὶογήθη,
948 832 1021 894 ὡς
1074 830 1193 892 ἔθος
1257 826 1325 901 ἦν
1399 833 1572 884 ποιεῖν
1620 833 1740 893 ταῖς
1786 848 1886 899 φυ-

314 926 424 986 λαῖς
483 923 578 976 τοῦ
641 923 855 993 Ἰσραὴλ
926 924 1054 992 περὶ
1113 922 1223 977 τῶν
1281 925 1339 975 ἐν
1385 923 1569 986 αὐτοῖς
1626 924 1881 993 ἐντίμων·

312 1014 391 1066 διὰ
438 1015 499 1065 τὸ
551 1008 692 1065 εἶναι
752 1012 915 1065 αὐτὸν
966 1011 1136 1064 τύπον
1193 1013 1288 1064 καὶ
1338 1012 1701 1082 ύπογραμμόν
1763 1027 1885 1064 τινα

312 1102 396 1157 τού
444 1104 744 1163 Δεσπότου,
780 1101 872 1155 τοῦ
907 1104 1017 1157 ἄνω
1044 1102 1142 1173 μὲν
1188 1103 1464 1173 ἀμήτορος
1511 1103 1606 1156 κα)⁵
1633 1102 1881 1172 ἀχρόνου,

310 1197 451 1249 κάτω
489 1195 549 1247 δὲ
605 1194 880 1264 ἀπάτορος
923 1194 1015 1247 καὶ
1067 1194 1174 1247 ἀπὸ
1221 1194 1433 1265 χρόνου.
1461 1193 1654 1246 Καίτοι
1685 1195 1884 1261 ἐπιφα-

226 1278 233 1285 ’
311 1285 396 1356 νὴς
459 1286 644 1357 ἱερεὺς
701 1284 993 1354 γενόμενος
1050 1286 1078 1337 ὁ
1131 1284 1487 1355 Μελχισεδὲκ,
1543 1284 1618 1348 ὡς
1654 1282 1880 1353 εὐλογη-

308 1379 459 1447 ῦῆναι
492 1378 623 1448 παρ’
677 1376 840 1430 αὑτοῦ
894 1377 985 1430 τὸν
1029 1376 1298 1448 Ἀϐραὰμ,
1348 1377 1439 1429 καί
1470 1376 1701 1437 δεκάτας
1734 1373 1885 1443 αὐτῷ

313 1470 404 1522 τῶν
441 1468 659 1522 σκύλων
714 1470 1039 1538 παρασχεῖν,
1073 1466 1217 1520 καθὰ
1245 1468 1274 1519 ὁ
1332 1466 1493 1529 αὐτὸς
1567 1463 1884 1527 ’Δπόστολος

309 1559 470 1626 λέγει·
533 1556 811 1625 Θεωρεῖτε
869 1556 937 1609 δὲ
980 1558 1237 1625 πηλίκος
1278 1553 1459 1622 οὗτος
1509 1548 1558 1621 ᾧ
1583 1554 1680 1608 καὶ
1706 1552 1882 1607 δεκά-

304 1667 407 1716 την
461 1648 585 1703 ἀπὸ
626 1646 869 1702 πάντων
914 1648 1192 1717 ἐμέρισεν
1243 1646 1509 1716 Ἀϐραάμ·
1554 1647 1647 1699 κα)⁴
1698 1643 1879 1697 πάλιν·

302 1741 425 1806 Καὶ,
487 1741 569 1806 ὡς
612 1739 758 1804 ἔπος
808 1738 1020 1803 εἰπεῖν,
1066 1738 1164 1792 διὰ
1216 1738 1473 1806 Ἀϐραὰμ
1520 1737 1617 1789 καὶ
1657 1735 1802 1794 Acut
1851 1737 1883 1787 ό

297 1830 557 1895 δεκάτας
596 1829 933 1899 λαμϐάνων,
967 1828 1376 1883 δεδεκάτωται·
1421 1827 1564 1880 τοῦτ’
1599 1826 1765 1891 ἔστιν,
1795 1826 1883 1879 διὰ

299 1919 391 1974 τοῦ
434 1920 786 1991 προπάτορος
835 1919 1108 1991 Ἀϐραάμ.
1147 1920 1277 1972 Ἔτι
1316 1919 1445 1987 γὰρ,
1478 1919 1663 1987 φησὶν,
1696 1918 1768 1971 ἐν
1810 1917 1884 1986 τῇ

301 2014 494 2082 ὀσφύϊ
515 2012 622 2065 τοῦ
661 2011 884 2079 πατρὸς
932 2010 1187 2080 ἦν(Λευῒ
1229 2012 1257 2062 ὁ
1304 2009 1569 2076 ἀπόγονος
1611 2008 1883 2078 Ἀϐραὰμ,

301 2104 425 2173 παρ’
449 2096 519 2155 οὗ
545 2104 579 2173 ἡ
611 2101 910 2163 δεκάτωσις
935 2094 1013 2169 τῷ
1040 2101 1231 2171 Κυρίῳ
1258 2098 1492 2166 γενικῶς
1521 2098 1883 2168 ἐπινενόηται)

299 2194 395 2246 ὅτε
425 2192 827 2261 συνήντησεν
879 2188 1039 2255 αὐτῷ
1076 2190 1243 2257 (τοῦτ’
1294 2188 1440 2241 ἔστιν
1488 2188 1565 2258 τῷ
1616 2189 1884 2259 Ἀϐραὰμ)

291 2284 324 2336 ὁ
365 2282 727 2352 Μελχισεδέκ.
759 2281 823 2332 Τί
853 2280 918 2351 δὴ
951 2276 1042 2333 οὖν
1080 2280 1143 2332 τὸ
1166 2279 1414 2351 βούλημα
1445 2279 1544 2349 τῆς
1577 2278 1886 2347 κενολογίας

294 2374 504 2435 αὐτῶν,
547 2372 641 2425 καί
683 2388 759 2441 πη
794 2370 868 2429 ,τὸ
912 2370 1149 2435 dco-nov;
1209 2371 1374 2433 Σύνες
1408 2371 1534 2441 γάρ’
1578 2370 1733 2422 Ὅσοι
1766 2368 1885 2420 ἐθέ-

292 2462 427 2516 λωσι
489 2462 669 2530 λέγειν
719 2461 917 2532 ἀρχὴν,
981 2462 1076 2515 καὶ
1128 2461 1301 2531 πέρας
1353 2457 1724 2536 ὁμολογοῦσιν·
1793 2458 1886 2512 καὶ

288 2552 368 2623 τῷ
415 2553 637 2620 γένεσιν
691 2551 1149 2619 ἐπαγγέλλεσθαι,
1179 2550 1273 2603 καὶ
1300 2550 1399 2620 τὴν
1430 2551 1494 2601 ἐκ
1522 2548 1726 2620 ταύτης
1754 2548 1883 2619 θνῆ-

291 2663 376 2700 σιν
420 2644 803 2714 ἀποδέχονταιο
830 2646 922 2697 καὶ
950 2643 1028 2714 τῷ
1055 2643 1119 2709 ἐξ
1141 2644 1240 2695 οὐκ
1264 2643 1455 2708 ὄντων,
1482 2641 1515 2712 ἢ
1544 2640 1603 2705 ἐξ
1629 2640 1886 2711 ἀνομοίας

291 2739 389 2808 τῆς
460 2734 654 2805 θεῖκῆς
701 2734 889 2797 οὐσίας
935 2733 1343 2804 ὑπολαμϐάνειν
1393 2731 1717 2801 γεγενῆσθαι
1759 2731 1887 2802 θνη-

293 2830 383 2883 τόν
412 2845 473 2881 τε
517 2826 633 2897 ἅμα
673 2828 769 2880 καὶ
808 2825 1108 2898 ἀλλότριον,
1144 2825 1245 2894 τῆς
1278 2824 1373 2876 τοῦ
1412 2823 1625 2893 Πατρδς
1672 2823 1887 2875 συνθεό-

196 2954 203 2959 -
290 2935 451 2990 τητος
517 2917 926 2986 ἀποφαίνονται·
979 2917 1115 2987 ὅπερ
1167 2914 1261 2967 καὶ
1293 2914 1583 2983 λεγόμενον
1608 2912 1884 2982 μονονουχὶ

291 3011 385 3063 καὶ
440 2994 806 3081 δοξαζόμενον
864 3008 1046 3078 πάσης
1083 3006 1275 3068 ἀθεῖας
1337 3004 1430 3076 [15
1471 3003 1527 3076 α]
1558 3003 1882 3073 ἀνάμεστον.

305 3098 465 3151 Ἀλλὰ
498 3098 636 3168 πρὸς
683 3096 761 3157 τὸ,
811 3098 914 3149 Ἐν
942 3093 1101 3164 ἀρχῇ
1145 3091 1224 3163 ἦν
1258 3097 1291 3147 ό
1321 3093 1532 3161 Λόγος,
1557 3091 1627 3144 τά
1658 3092 1882 3145 ἐκείνων

285 3187 446 3258 δῆθεν
480 3186 704 3258 ἰσχυρά.
740 3186 985 3257 Ἐγράφη
1014 3186 1107 3238 καὶ
1137 3184 1266 3254 περ)⁵
1289 3183 1387 3253 τῆς
1414 3183 1661 3248 κτίσεως,
1697 3183 1878 3252 φησὶν,

292 3277 369 3343 τὸ,
402 3273 549 3332 Ἦν.
581 3278 734 3346 Ἔχει
760 3277 887 3348 γάρ·
933 3277 1036 3329 Ἐν
1056 3275 1215 3343 ἀρχῇ
1240 3274 1529 3342 ἐποίησεν
1547 3278 1580 3329 ὁ
1608 3275 1751 3339 Θεὸς
1772 3275 1877 3327 τὸν

296 3368 560 3438 οὐρανὸν
602 3370 700 3422 καὶ
726 3369 840 3435 τὴν
870 3367 1005 3437 γῆν·
1042 3369 1081 3435 ἠ
1137 3366 1205 3420 δὲ
1242 3364 1318 3436 Tn”
1352 3362 1431 3436 ἦν
1469 3367 1722 3434 ἀόρατος
1779 3366 1877 3419 καὶ

295 3457 854 3524 ἀκατασκεύαστοςο
883 3459 979 3511 καὶ
1008 3497 1024 3521 ,
1074 3452 1193 3511 Ἦν
1229 3455 1539 3526 ἄνθρωπος
1570 3456 1639 3520 ἐξ
1678 3458 1879 3524 Ἄρμα·

299 3550 405 3619 θέμ
449 3550 625 3619 Σιφά.
673 3550 839 3603 Οὐδὲν
866 3549 922 3602 δὲ
967 3551 1147 3603 κοινὸν
1172 3549 1270 3619 τῷ,
1322 3549 1424 3603 Ἐν
1460 3545 1621 3616 ἀρχῇ
1646 3542 1745 3616 ἦν,
1783 3546 1876 3600 καὶ

297 3637 398 3707 τῷ,
435 3639 534 3690 Ἐν
560 3637 715 3707 ἀρχῇ
739 3638 1048 3707 ἐποίησενο
1092 3638 1213 3692 οὐδὲ
1269 3637 1346 3708 τῷ
1382 3638 1574 3710 κτίστῃ
1624 3636 1760 3707 πρὸς
1818 3636 1876 3689 τὸ

299 3728 528 3800 κτίσμα.
556 3730 627 3782 Τὸ
645 3730 773 3802 γὰρ,
801 3726 944 3797 ΤΗν,
988 3731 1083 3784 ἐπὶ
1113 3730 1211 3799 τῆς
1257 3730 1506 3795 κτίσεως,
1545 3729 1674 3799 περὶ
1711 3727 1874 3799 μόνου

298 3871 485 3924 metior
514 3870 843 3926 immensum.
872 3869 928 3925 Si
950 3870 1124 3934 credo,
1155 3868 1483 3921 illuminatur
1517 3869 1695 3920 anima
1737 3882 1869 3921 mea.

298 3936 356 3993 Si
382 3942 643 3995 curiosius
674 3943 938 4002 examino,
978 3955 1120 3992 mens
1150 3940 1481 3992 obscuratur.
1510 3937 1565 3991 Si
1594 3946 1728 3990 recte
1758 3951 1873 3989 cre-

297 4008 383 4075 do,
407 4011 632 4063 extollar
659 4012 711 4063 in
739 4010 942 4063 caelum.
992 4009 1045 4063 Si
1079 4008 1371 4074 exquisiero
1398 4008 1686 4071 curiosius,
1716 4007 1872 4059 deor-

296 4093 409 4131 sum
434 4079 581 4147 feror
618 4081 670 4133 in
701 4080 1039 4148 profundunt.
1080 4076 1247 4130 Credo
1279 4077 1334 4129 in
1365 4093 1542 4148 _unum
1573 4077 1756 4148 Deum,
1792 4091 1874 4129 ve-

299 4144 884 4214 t‘um,'omnipotentem.
928 4148 1072 4214 Nego
1116 4148 1237 4198 deos
1267 4163 1299 4197 a
1351 4144 1545 4200 Graecis
1590 4147 1874 4214 con/imos;

301 4218 515 4270 deorum
555 4212 690 4270 enim
724 4212 1025 4270 multitudo'
1051 4217 1105 4269 in
1137 4215 1262 4269 ccelo
1291 4232 1394 4267 non
1427 4217 1646 4267 habitat.
1698 4212 1873 4266 Unum

300 4301 500 4356 tantum
550 4286 718 4340 Deum
767 4286 975 4356 hymnis
1006 4285 1227 4356 celebro.
1274 4286 1520 4356 Aversor,
1555 4284 1686 4356 odio
1709 4283 1872 4335 habeo

297 4354 677 4410 Arianismum.
714 4353 836 4409 Non
855 4356 1013 4408 dico:
1051 4354 1353 4415 Aliquando
1378 4369 1481 4407 non
1514 4362 1631 4406 erat
1659 4353 1820 4407 Pater
1856 4370 1869 4404 :

296 4425 383 4475 sed
418 4423 590 4478 Deum
608 4442 805 4491 semper
834 4424 997 4478 Deum
1020 4425 1274 4489 prtedico,
1304 4422 1516 4476 Patrem
1538 4438 1736 4491 semper
1760 4420 1870 4473 Pa-

298 4502 444 4561 trem,
474 4510 540 4547 eo
599 4496 751 4547 modo
793 4492 1031 4554 Patrem,
1073 4508 1224 4560 quem
1257 4493 1399 4545 solus
1453 4494 1590 4545 novit
1639 4496 1871 4561 ipsemet.

297 4559 545 4640 Credo'in
563 4562 844 4640 Dominum
873 4559 1108 4640 nostrum
1139 4561 1319 4640 J_esum
1348 4561 1637 4640 Christum,
1659 4559 1870 4640 Filium
1906 4586 1949 4640 υ

295 4632 404 4698 ejus
436 4630 800 4699 Unigenitum,
827 4648 891 4685 ea;
922 4632 1034 4700 ipso
1060 4628 1286 4699 genitum
1308 4643 1427 4685 ante
1453 4632 1626 4683 omnia
1652 4630 1873 4692 saecula,

296 4716 351 4753 eo
396 4703 557 4771 modo
582 4702 836 4769 genitum,
879 4716 1029 4771 quem
1074 4700 1214 4753 solus
1238 4704 1377 4753 novit
1428 4701 1519 4753 ille
1560 4703 1649 4771 qui
1675 4701 1876 4771 genitus

296 4716 351 4753 eo
396 4716 557 4754 moao
582 4716 836 4769 genitum,
879 4716 1029 4771 quem
1074 4716 1214 4753 satus
1238 4716 1377 4753 novit
1428 4716 1519 4753 tue
1597 4716 1872 4769 urgendus

296 4771 411 4838 fuit.
449 4766 725 4832 Genitum,
767 4787 870 4823 non
896 4769 1118 4839 factum,
1146 4786 1236 4822 nec
1261 4781 1512 4824 creatum.
1548 4716 1650 4834 ὅτιὸ
1675 4786 1738 4823 eo;
1765 4768 1872 4821 Pa-

301 4844 386 4892 'ris
414 4840 723 4894 substantia
752 4840 817 4893 ab
849 4851 1041 4908 (eterna
1063 4839 1251 4901 eluxit,
1289 4855 1451 4908 neque
1486 4839 1551 4892 ab
1583 4842 1875 4908 extrinseco

299 4908 561 4964 ullatenus
590 4910 821 4976 irrepsit.
888 4907 1013 4979 Non
1055 4907 1457 4974 supposititinm,
1524 4919 1611 4961 aut
1658 4907 1876 4979 nothum

296 4980 499 5048 ﬁlium,
560 4981 651 5048 sed
694 4979 974 5048 genuinum
1036 4979 1367 5047 splendorem
1417 4980 1631 5047 genuini
1675 4978 1873 5029 Patris.

300 5040 587 5102 Invisibilis
609 5040 809 5171 [nam
838 5040 1196 5101 characterem
1223 5040 1500 5115 cujuslibet
1550 5047 1874 5101 discriminis

300 5129 575 5171 expertem.
666 5121 744 5171 ovi
797 5118 1062 5171 Christunt
1124 5115 1325 5170 Filium
1383 5120 1479 5171 Dei
1516 5128 1562 5171 et
1587 5118 1765 5171 Patris
1814 5125 1870 5169 ut

298 5129 575 5187 expertem.
609 5115 744 5172 Novi
797 5118 1062 5173 Christum
1124 5115 1325 5170 Filium
1383 5120 1479 5171 Dei
1516 5128 1562 5171 et
1587 5118 1765 5171 Patris
1814 5125 1870 5169 ut

299 5184 479 5242 Deum.
518 5186 665 5242 Noui
704 5187 973 5243 Christum
1020 5187 1514 5241 consubstantialem
1555 5187 1873 5249 hominibus,

397 5270 550 5311 tenus
583 5258 844 5312 hominem
873 5258 936 5310 de
969 5258 1117 5312 caelo.
1152 5256 1290 5310 Noui
1331 5258 1599 5310 Christum
1634 5256 1869 5309 invisibi-

318 5341 413 5391 em,
436 5338 482 5379 et
510 5328 705 5382 visum.
730 5327 868 5382 Novi
899 5327 1164 5380 Christum
1194 5327 1573 5396 intangibilem,
1600 5338 1644 5379 et
1668 5324 1875 5396 Thema:

300 5409 455 5449 manu
482 5397 779 5464 palpatum.
840 5396 893 5450 Ν
900 5400 981 5452 uti
1034 5396 1297 5450 Christum
1331 5393 1475 5449 uerbo
1515 5396 1678 5448 millia
1707 5393 1878 5446 homi-

301 5477 419 5517 num
452 5470 787 5531 nutrientem,
810 5480 856 5520 et
884 5482 1037 5535 super
1062 5468 1253 5536 ﬂuctus
1276 5465 1651 5526 ambulantem,
1691 5473 1737 5516 et
1768 5469 1875 5516 da:—

300 5536 534 5588 monibus
591 5537 993 5603 prwcipientem,
1050 5547 1096 5588 et
1127 5545 1358 5588 mortuos
1411 5538 1765 5595 suscitantem,
1827 5543 1873 5586 et

301 5603 701 5674 innumerabilia
753 5605 1010 5659 miracula
1041 5614 1339 5674 patrantem
1379 5612 1629 5674 potestate
1652 5603 1876 5670 propria:

301 5670 528 5728 deitatis.
556 5672 693 5728 Novi
714 5675 981 5730 Christum
1032 5670 1362 5737 esurientem,
1412 5683 1457 5725 et
1499 5672 1781 5733 sitientem,
1814 5688 1876 5724 ac

299 5742 487 5796 sudore
524 5757 819 5799 manantem
846 5746 899 5798 in
932 5754 1120 5798 natura
1160 5744 1520 5796 humanitatis.
1553 5740 1687 5794 Novi
1718 5741 1874 5796 Chri—

299 5819 431 5862 stum
455 5829 609 5867 carne
635 5824 920 5867 mortuum.
955 5812 1090 5866 Noui
1138 5812 1403 5867 Christum
1441 5814 1492 5863 in
1542 5828 1698 5865 carae
1730 5829 1870 5865 resu-

302 5881 563 5955 scitatum,
598 5885 830 5956 corporis
890 5886 971 5940 sui
1003 5883 1644 5961 templumﬁsuscitautem.
1698 5883 1872 5953 Agno-

1985 666 2082 718 que
2114 650 2325 704 initium
2352 652 2577 713 dierum,
2622 668 2782 723 neque
2810 654 2968 722 ﬁnem
3011 658 3128 711 vitae
3166 658 3376 722 habens,
3424 660 3562 714 assi-

1987 742 2197 796 milatus
2229 740 2369 796 Filio
2396 742 2513 796 Dei.
2552 742 2898 801 Assimilatus
2937 756 3020 801 est
3060 758 3259 813 autem,
3296 760 3563 818 quatenus

1987 842 2236 887 contexta
2281 848 2386 887 non
2434 844 2519 888 est
2544 835 2660 902 ejus
2693 838 3030 910 genealogia,
3081 849 3141 895 ut
3174 856 3290 895 mos
3314 851 3432 895 erat
3465 843 3563 895 tri-

1987 922 2150 976 buum
2206 923 2446 990 lsraelis,
2497 923 2711 979 illorum
2744 928 2981 982 virorum
3038 939 3238 997 texere,
3292 934 3382 1001 qui
3419 936 3561 1003 apud

1990 1014 2134 1081 ipsas
2168 1012 2284 1084 (27)
2314 1014 2633 1070 illustriores
2661 1027 2846 1085 erant;
2871 1020 2996 1089 quia
3030 1021 3236 1076 scilicet
3263 1031 3418 1093 typus
3447 1025 3561 1094 ipse

1986 1112 2123 1167 erat,
2162 1112 2216 1159 et
2236 1106 2481 1173 qumdam
2530 1107 2707 1179 imago
2757 1108 2990 1175 Domini,
3038 1112 3132 1181 qui
3176 1113 3228 1166 in
3268 1114 3406 1167 coelo
3442 1114 3561 1182 qui-

1990 1198 2112 1250 dem
2142 1204 2228 1251 est
2253 1198 2371 1254 sine
2405 1210 2604 1262 matre,
2627 1209 2681 1255 et
2714 1201 2833 1257 sine
2858 1210 3135 1273 tempore;
3173 1204 3225 1259 in
3262 1215 3404 1261 terra
3436 1221 3563 1263 vero

1987 1289 2104 1341 sine
2135 1297 2309 1357 patre,
2345 1289 2480 1343 etin
2523 1301 2784 1360 tempore.
2825 1294 2989 1364 Atqui
3027 1294 3230 1349 clarum
3269 1308 3353 1352 est
3382 1312 3563 1353 sacer-
3594 1356 3601 1363 ,

1988 1378 2169 1431 dotem
2196 1377 2362 1431 fuisse
2382 1377 2855 1446 Melchisedecum,
2894 1385 3030 1437 adeo
3069 1393 3127 1438 ut
3148 1386 3219 1439 ah
3253 1386 3371 1453 ipso
3395 1386 3558 1440 bene—

1987 1469 2275 1522 dictionem
2310 1469 2583 1536 acceperit
2604 1471 2965 1541 Abrahamus,
2996 1484 3050 1529 et
3088 1475 3382 1543 spoliorum
3419 1478 3562 1531 deei-

1986 1576 2104 1615 mas
2132 1560 2233 1629 ipsi
2285 1561 2597 1630 praebuerit,
2635 1562 2774 1616 sicut
2820 1565 2959 1619 idem
3019 1567 3293 1635 apostolus
3336 1550 3583 1622 tesmtur

1986 1650 2238 1719 inquiens
2271 1669 2285 1705 :
2312 1649 2597 1703 Intuemini
2629 1650 2741 1721 (28)
2775 1665 2947 1706 autem
2984 1665 3209 1722 quantus
3253 1658 3318 1710 sit
3343 1657 3448 1720 hic,
3475 1658 3562 1711 cui

1985 1754 2030 1795 et
2061 1744 2286 1796 decimas
2305 1757 2370 1796 ea:
2405 1743 2644 1796 omnibus
2677 1753 2906 1811 partitus
2934 1754 3009 1798 est
3038 1745 3320 1801 Abraham.
3353 1747 3417 1801 Et
3442 1764 3563 1801 rur-

1986 1850 2077 1889 sus
2116 1834 2228 1889 :Et
2274 1834 2353 1904 (ut
2384 1838 2459 1889 ita
2483 1835 2595 1905 (29)
2643 1835 2841 1888 dictum
2887 1835 2978 1902 sit)
3036 1853 3129 1903 per
3181 1838 3469 1900 Abraham,
3513 1847 3561 1891 et

1916 1915 1957 1967 Β
1991 1925 2135 1992 Levi,
2153 1929 2242 1997 qui
2270 1928 2497 1981 decimas
2521 1929 2742 1996 accepit,
2765 1929 3051 1981 decimatas
3078 1939 3188 1990 est;
3212 1928 3315 1981 hoc
3341 1938 3447 1993 est,
3469 1944 3565 1998 per

1987 2032 2247 2085 proavum
2283 2018 2394 2086 (50)
2437 2018 2828 2073 Abrahamutn.
2873 2017 3059 2071 Adhuc
3091 2018 3231 2071 enim
3270 2016 3422 2088 (51),
3482 2019 3563 2072 iu-

1988 2109 2125 2176 quit,
2153 2108 2205 2160 in
2233 2107 2419 2160 lumbis
2450 2108 2616 2175 patris
2650 2115 2760 2161 e‘rat
2801 2108 2936 2178 (ipse
2966 2108 3092 2162 Levi
3112 2108 3326 2163 scilicet
3364 2124 3562 2177 proue-

1987 2212 2086 2266 pos
2111 2197 2426 2262 Abrahami,
2465 2212 2532 2252 ex
2559 2212 2665 2266 quo
2706 2199 2969 2266 repetitur
3002 2214 3088 2262 ea,
3109 2215 3228 2267 qum
3254 2200 3307 2253 in
3337 2199 3567 2253 Domino

1982 2288 2056 2341 ob
2107 2288 2322 2355 generis
2366 2287 2627 2355 originem
2679 2286 3019 2341 considerata
3075 2298 3160 2341 est
3209 2287 3564 2357 decimatio),

1986 2379 2195 2446 quando
2217 2378 2439 2431 obuiauit
2463 2378 2510 2431 ei
2540 2378 2757 2448 (nempe
2778 2378 3109 2446 Abrahamo)
3131 2378 3562 2435 Melchisedecsts.

1987 2467 2125 2534 Quid
2150 2483 2279 2538 ergo
2322 2468 2424 2523 sibi
2449 2469 2563 2522 vult
2607 2470 2722 2525 lucc
2757 2486 2945 2524 eorum
2989 2470 3406 2541 vaniloquentia,
3453 2473 3565 2527 itno

1970 2548 2333 2614 ‘ahsurditas?
2386 2559 2496 2614 lloc
2546 2560 2690 2615 enim
2732 2560 2901 2629 probe
2949 2561 3211 2630 intellige.
3246 2561 3565 2632 Quicunque

1991 2650 2199 2705 initium
2243 2652 2427 2706 dicere
2473 2651 2765 2716 voluerint,
2813 2654 2974 2705 linem
3021 2654 3181 2706 etiam
3214 2655 3560 2718 conﬁtentur,

1988 2748 2042 2794 et
2074 2742 2200 2794 dum
2233 2742 2533 2811 genituram
2573 2743 2954 2810 temporariam
2988 2744 3297 2808 admittunt,
3331 2754 3561 2797 mortem

1988 2845 2203 2898 quoque
2262 2846 2325 2885 ex
2390 2846 2454 2884 ea
2513 2832 2811 2885 derivatsm
2858 2843 3180 2901 agnoscunt,
3232 2835 3453 2888 etdqu
3494 2848 3563 2889 er.

1987 2918 2177 2983 nihilo,
2213 2928 2304 2973 aut
2348 2934 2380 2973 e
2414 2921 2714 2974 substantia
2766 2921 2963 2975 divinae
3005 2921 3253 2976 dissimili
3300 2923 3414 2993 (52)
3462 2939 3563 2992 pu-

1988 3016 2101 3059 tant
2155 3006 2356 3060 factum
2405 3022 2560 3071 esse,
2613 3008 2893 3063 mortalem
2937 3010 3121 3076 simul,
3164 3023 3217 3066 et
3268 3013 3501 3066 alienum
3530 3028 3561 3065 ιι

1988 3105 2226 3165 paterna:
2256 3097 2471 3151 deitatis
2527 3100 2911 3154 communione
2960 3101 3329 3168 pronuntiant.
3373 3101 3426 3155 Id
3461 3116 3561 3154 au-

1990 3197 2093 3242 tem
2118 3187 2200 3242 vel
2228 3188 2408 3242 dicere
2454 3188 2735 3254 duntaxat,
2774 3190 2974 3246 nedum
3006 3192 3240 3260 opinari,
3279 3193 3424 3245 (ιιιιηί
3453 3193 3560 3245 itu-

1987 3278 2186 3346 pietate
2218 3279 2375 3347 plena
2419 3294 2506 3333 res
2546 3289 2654 3335 est.
2694 3281 2798 3336 Sed
2828 3293 3015 3337 contra
3052 3283 3178 3337 illud
3210 3282 3455 3348 Joannis,
3494 3281 3561 3336 In

1984 3369 2244 3438 principio
2267 3380 2379 3422 erat
2418 3367 2662 3436 Verbum,
2692 3385 2879 3426 eorum
2905 3373 3047 3427 vires
3075 3373 3411 3442 potissimum
3438 3388 3541 3427 con

1986 3470 2283 3513 vertuntur.
2320 3460 2395 3514 De
2434 3470 2683 3515 creatura
2713 3465 2900 3527 etiam,
2934 3465 3203 3532 inquirant,
3247 3465 3445 3531 scripta
3479 3474 3564 3516 est

1982 3545 2214 3619 voxjv,
2234 3551 2285 3603 id
2314 3561 2416 3615 est,
2443 3562 2575 3606 erat.
2600 3553 2852 3623 Legimus
2873 3556 3016 3609 enim
3046 3573 3060 3610 :
3087 3553 3152 3608 In
3168 3555 3424 3622 principio
3448 3553 3561 3625 (55)

1983 3640 2108 3708 fecit
2139 3638 2280 3692 Deus
2314 3640 2518 3708 calum,
2551 3653 2597 3695 et
2626 3654 2821 3698 terram
2848 3661 2865 3699 :
2900 3656 3040 3700 terra
3071 3655 3244 3699 autem
3281 3654 3391 3699 erat
3427 3645 3562 3697 inut"3

1981 3729 2169 3792 sibilis,
2205 3738 2253 3782 et
2286 3729 2650 3799 incomposita.
2684 3732 2749 3785 Et
2778 3751 2790 3786 :
2825 3733 2959 3786 Erat
3003 3734 3114 3804 (⁸54)
3144 3736 3296 3787 homo
3320 3750 3385 3787 ex
3413 3732 3560 3787 Har-

1981 3877 2067 3916 sco
2099 3862 2325 3915 duarum
2355 3862 2467 3930 ejus
2504 3872 2813 3916 naturarum
2852 3865 3160 3918 discrimen.
3211 3864 3329 3917 Non
3381 3867 3561 3921 divido

1981 3947 2142 3984 unum
2172 3930 2369 4001 Filium
2402 3933 2454 3984 in
2481 3936 2611 3986 duos
2641 3932 2800 3999 ﬁlios.
2833 3932 3000 3987 Credo
3030 3935 3184 3988 etiam
3205 3938 3262 3988 in
3305 3935 3558 4001 Spiritum

1980 4011 2238 4074 sanctum,
2302 4000 2560 4074 Spiritum
2600 4003 2854 4074 veritatis,
2900 4022 2930 4055 a
2965 4004 3125 4057 Patre
3175 4000 3550 4074 procedentem

1985 4069 2257 4141 Trinitatis
2285 4069 2732 4141 complementum.
2788 4072 2854 4126 In
2886 4074 2996 4141 ipso
3042 4069 3193 4139 spero
3217 4091 3383 4127 meam
3416 4069 3547 4129 san?

1981 4140 2368 4220 ctiﬁcationem.
2422 4140 2488 4193 In
2514 4141 2622 4209 ipso
2651 4158 2800 4210 spero
2849 4140 3274 4197 resurrectionem
3308 4160 3372 4197 ex
3412 4162 3556 4197 mor-

1981 4220 2103 4261 ηαδ.

2053 4278 2163 4348 (26)
2193 4278 2316 4335 Sine
2355 4278 2535 4333 Patre.
2565 4278 2730 4334 Hebr.
2764 4296 2857 4343 vu,
2899 4282 2953 4344 5,
2977 4282 3065 4335 ubi
3090 4282 3322 4350 aliquas,
3360 4281 3558 4338 nullius

1985 4357 2161 4402 tamen
2200 4350 2479 4415 momenti,
2512 4350 2798 4403 varietates
2838 4351 2999 4405 habet
3026 4353 3211 4407 Gl‘tBCil
3244 4352 3426 4406 editio.

2053 4417 2164 4489 (27)
2197 4419 2345 4485 Apud
2375 4419 2536 4490 ipsas.
2572 4417 2723 4490 Malit.
2772 4418 2998 4474 fortasse
3031 4424 3151 4489 quis
3202 4438 3318 4490 pro,
3360 4423 3418 4475 ὲν
3455 4423 3558 4474 αὶ-

1980 4489 2113 4551 τοῖς,
2138 4503 2346 4554 nempe,
2378 4490 2431 4540 in
2460 4488 2649 4552 Israel,
2678 4490 2877 4555 legere,
2913 4491 2970 4544 ὲν
3009 4488 3219 4556 αὐταῖς.

2052 4557 2164 4627 (28)
2196 4556 2502 4627 Intuemini.
2555 4557 2717 4611 Hebr.
2746 4574 2840 4621 vn,
2865 4559 2917 4625 4,
2982 4562 3070 4615 ubi
3103 4562 3287 4616 Grteca
3341 4562 3507 4616 editio
3540 4579 3554 4591 ·

1980 4626 2232 4701 θεωρεῖτε
2356 4626 2587 4701 δεκάτην
2638 4627 2889 4699 Ἀϐραὰμ
2931 4629 3128 4684 ἔδωκεν
3177 4633 3240 4685 ὲκ
3262 4631 3368 4684 τῶν
3394 4632 3558 4701 ἀκρω

1981 4697 2165 4768 θινίων
2197 4698 2234 4768 ῥ’
2253 4697 2619 4768 πατριάρχης.

2051 4766 2161 4836 (29)
2284 4777 2336 4820 ιιι
2372 4765 2474 4820 ita.
2500 4765 2665 4822 Hebr.
2706 4784 2797 4830 vn.
2834 4768 2886 4823 9.

2051 4833 2167 4958 (502
2194 4833 2296 4889 Per
2321 4852 2593 4905 proauum.
2642 4840 2831 4906 Aptius
2860 4839 3196 4901 vocabulum,
3233 4854 3339 4906 quo
3373 4855 3554 4894 vocem

2051 4923 2128 4958 »οπ
2167 4922 2301 4958 τοοα
2338 4917 2621 4958 verterem.
2680 4923 2783 4958 non
2824 4911 3078 4958 occurrit.
3131 4908 3394 4958 Nimirum
3450 4927 3554 4958 mm

1979 4908 2301 4978 προπάτορα
2338 4917 2621 4968 verterem,
2680 4923 2783 4961 non
2824 4911 3078 4963 occurrit.
3131 4908 3394 4963 Nimirum
3450 4927 3557 4964 non

1979 4992 2302 5048 avumpnon
2347 4990 2628 5045 proavum,
2675 4992 2782 5048 non
2834 4980 3228 5048 progenitorem
3292 4981 3552 5033 duntaxat

1978 5047 2146 5118 hocin
2178 5046 2296 5118 loc_o
2324 5057 2503 5118 sonat,
2559 5049 2651 5099 sed
2681 5046 2953 5118 ᾴρχηγὸψ
2980 5048 3190 5116 γένους,
3221 5049 3552 5118 ἀρχηγέτην,

1980 5117 2137 5188 ῥίζαν
2186 5114 2279 5167 τοῦ
2310 5115 2536 5188 γένους,
2566 5114 2869 5186 mmsis?)
2896 5114 3108 5186 γένους,
3141 5122 3190 5172 id
3223 5114 3326 5181 cat,
3354 5114 3555 5171 aucto-

1983 5187 2092 5239 rem
2140 5187 2371 5256 generis,
2408 5188 2704 5255 principem
2759 5192 2994 5255 generis,
3051 5190 3282 5242 radicem
3321 5188 3554 5256 generis,

1978 5256 2242 5324 prosapia:
2275 5254 2474 5309 fontem
2525 5273 2540 5310 :

1976 5325 2248 5380 Christum
2282 5325 2498 5379 relatus.

2050 5395 2162 5463 (51)
2189 5394 2369 5448 Adhuc
2395 5396 2555 5450 enim.
2598 5395 2762 5452 Hebr.
2792 5413 2901 5463 vn,
2922 5398 3007 5455 l0.
3500 5428 3509 5435 -

2049 5465 2162 5533 (52)
2201 5465 2476 5519 Dissimili.
2526 5467 2872 5532 Exut'ontios,
2915 5471 3029 5523 sive
3055 5467 3289 5522 Ariauos
3319 5476 3373 5522 et
3406 5466 3553 5521 Ano—

1981 5550 2151 5605 nueos
2178 5535 2445 5605 intelligit,
2481 5546 2537 5589 ut
2563 5544 2730 5605 patet.

2049 5602 2158 5675 (55)
2190 5602 2717 5675 ριρνὺεάρὶο.’(ὲθιι.
2752 5621 2792 5670 ι,
2827 5606 2879 5660 1.

2048 5672 2343 5743 (54)-Ενιιι.
2375 5672 2494 5729 Lib.
2524 5674 2541 5726 ι
2573 5675 2705 5743 Reg.
2748 5691 2789 5738 ι,
2825 5678 2876 5740 1,
2920 5675 3009 5730 ubi
3040 5676 3225 5731 Grteca
3262 5676 3426 5731 editio
3462 5692 3557 5729 vo-

1981 5739 2119 5816 cem,
2147 5739 2247 5816 ἦν,
2275 5758 2546 5816 ιιιιιιίτ-ιιοη
2580 5739 2739 5816 habet
2774 5763 2788 5798 :
2821 5747 2900 5800 sic
2941 5749 3081 5799 enim
3122 5749 3170 5798 iu
3209 5762 3269 5799 ea
3309 5748 3498 5816 legitur
3534 5766 3548 5799 :

1979 5814 2089 5888 ζςαι
2112 5811 2328 5888 ἐγένετο
2350 5813 2633 5888 ᾅνθρωπος
2683 5811 2762 5879 εἷς
2788 5816 2847 5880 ἐξ
2897 5816 3208 5888 Ἀρμαθαῖμ
3247 5811 3404 5885 Σιφᾶ,
3449 5823 3550 5887 ιϊξ,

1978 5882 2035 5948 ἐξ
2079 5882 2428 5955 Ἀραμαθαῖμ
2456 5882 2655 5956 Σοφίμ,
2679 5888 2831 5957 juxta
2862 5882 3127 5958 Contplut.
3158 5882 3470 5959 editio—nem.

2598 5256 2898 5325 cujusmodi
2953 5270 3071 5314 erat
3109 5259 3451 5312 Abtahamus
3488 5260 3555 5309 ad
