4146 6410
536 428 644 484 323

1797 411 2028 470 DlDYMl
2068 411 2538 468 ALEXANDRIM

3697 416 3804 470 εει

532 541 764 600 mathem
804 537 990 608 Sipha.
1043 534 1240 590 Verum
1269 530 1401 586 nihil
1439 543 1727 584 commune
1763 527 1926 586 habet
1966 529 2117 596 illttd,

2238 528 2316 582 τοῦ
2348 530 2561 599 ῥέοντος
2607 529 2818 600 χρόνου,
2849 529 2940 582 τοῦ
2991 531 3086 584 καὶ
3133 530 3560 601 περατουμένου,
3585 529 3808 598 λέγεται

541 636 605 692 In
631 633 889 703 principio
920 630 1061 699 fecit,
1094 641 1213 681 cum
1243 623 1356 688 illo,
1393 622 1458 676 In
1486 623 1741 690 principio
1779 632 1914 683 erat,
1945 635 2120 690 neque

536 737 788 784 creatura
844 723 952 793 33
1002 734 1124 774 cum
1176 715 1453 771 Creatore.
1494 712 1629 766 Nam
1687 728 1812 776 vox,
1861 712 2011 776 Erat,
2053 713 2122 766 de

541 827 793 872 creatura
843 812 1043 867 dicitur
1091 809 1396 872 duntaxat,
1448 813 1503 859 et
1547 803 1809 867 creditur,
1853 813 2122 872 quatenus

540 908 816 979 signiﬁcat
848 915 1057 970 tempus
1086 898 1279 960 ﬂuens,
1303 897 1450 966 quod
1484 904 1567 950 est
1587 895 1750 950 etiam
1772 894 2064 948 limitatum
2102 912 2116 948 :

539 1001 740 1056 etenim
767 1005 1020 1050 creatura
1047 1002 1182 1056 erat,
1210 998 1498 1058 postquam
1523 987 1661 1042 facta
1685 986 1787 1041 fuit
1811 999 1875 1041 ex
1910 985 2078 1041 nihilo
2105 1004 2120 1042 :

544 1108 665 1147 nam
715 1091 864 1158 prius
910 1087 1049 1140 dixit
1079 1083 1274 1150 Moses,
1316 1082 1487 1138 Deum
1536 1081 1681 1136 illam
1729 1080 1961 1148 fecisse;
2009 1091 2121 1134 tum

542 1181 825 1251 subiunxit
867 1191 1080 1239 vocem,
1119 1175 1280 1239 Erat;
1326 1188 1395 1228 ne
1439 1188 1537 1243 per
1562 1187 1622 1228 se
1665 1171 1937 1228 exsislens
1970 1186 2126 1227 crea-

545 1285 664 1328 tura
697 1278 996 1340 putaretur.
1031 1268 1098 1320 At
1123 1281 1252 1320 vero
1281 1265 1334 1320 in
1357 1266 1465 1319 Deo
1491 1265 1668 1320 Verbo
1691 1265 2040 1336 singularem,
2071 1272 2127 1317 et

543 1361 909 1417 omnimodam
941 1358 1207 1428 significat
1247 1357 1386 1411 initii
1431 1358 1750 1410 carentiam.
1796 1355 1887 1409 Ait
1926 1355 2070 1410 enim
2109 1373 2120 1408 :

541 1455 612 1511 In
646 1455 903 1523 principio
928 1464 1056 1506 erat.
1084 1452 1148 1506 Et
1181 1469 1194 1504 :
1234 1449 1372 1503 Deus
1405 1460 1539 1502 erat.
1565 1449 1804 1517 llludque
1837 1465 1852 1502 :
1883 1447 1952 1502 In
1979 1448 2119 1516 prin-

545 1547 684 1611 cipio
714 1555 848 1608 erat,
897 1543 1227 1598 creationem
1262 1555 1330 1595 ex
1377 1554 1480 1592 non
1509 1539 1916 1600 exsistentibus,
1960 1538 2010 1591 id
2045 1547 2128 1592 est

553 1653 620 1690 ex
655 1636 848 1698 nihilo,
875 1634 1128 1688 excludit.
1155 1633 1306 1700 Quod
1342 1647 1468 1689 vero
1493 1633 1664 1689 Filius
1693 1635 1763 1688 sit
1783 1643 1908 1688 ante
1930 1634 2126 1690 saecula

548 1727 839 1789 exsistens,
877 1737 926 1778 et
972 1725 1145 1779 factor
1184 1725 1526 1791 szcculorum,
1552 1726 1630 1781 sic
1664 1734 1936 1779 testantur
1975 1724 2127 1779 Scrio

553 1829 744 1886 βίαι-ιιι.
785 1817 981 1870 Paulus
1033 1816 1272 1870 llehrtcis
1315 1817 1530 1884 quidem
1562 1817 1807 1870 scribens
1839 1813 2126 1880 :Multifa-

2223 621 2316 674 καὶ
2355 621 2688 675 πιστεύεται.
2727 617 2846 675 ἾΙν
2896 621 3006 693 γὰρ
3037 624 3069 692 ἡ
3119 622 3296 684 κτίσις
3343 621 3480 692 μετὰ
3512 622 3574 675 τὸ
3603 622 3663 689 te
3704 625 3806 677 οὐκ

2221 693 2388 766 ὄντων
2431 712 2704 782 γενέσθαι.
2735 709 2900 765 Εἶπεν
2941 712 3048 784 γὰρ
3074 712 3359 783 προλαϐὼν
3403 713 3486 766 ὅτι
3543 713 3806 784 ἐποίησεν

2222 804 2410 875 αὐτὴν,
2447 805 2539 858 καὶ
2561 804 2684 858 τότε
2737 806 3014 875 ἐπήγαγεν
3048 806 3128 869 τὸ,
3160 801 3298 868 Ἶιν,
3345 806 3433 858 ἵνα
3458 805 3533 876 μὴ
3565 805 3805 877 αὐτόμα-

2220 915 2312 961 τος
2340 896 2588 968 ωμισθῇ.
2641 895 2764 949 Ἐπὶ
2796 895 2853 948 δὲ
2887 896 2980 949 τοῦ
3005 895 3140 949 Θεοῦ
3165 896 3360 965 Λόγου,
3397 895 3458 948 τὸ
3493 896 3810 968 ὑπερὰναρ-

2223 1006 2316 1059 χον
2359 987 2630 1058 σημαίνει.
2673 989 2768 1040 Ἐν
2797 985 2954 1057 ἀρχῇ
2990 987 3124 1058 γὰρ,
3157 988 3344 1057 φησὶν,
3379 984 3477 1058 ἦν·
3507 988 3623 1051 καὶ,
3665 988 3809 1053 Θεὸς

2222 1077 2321 1150 ἦν·
2362 1081 2456 1133 καὶ
2479 1081 2562 1145 τὸ,
2610 1081 2713 1134 Ἐν
2735 1079 2892 1148 ἀρχῇ
2913 1075 3011 1149 ἦν,
3047 1079 3110 1132 τὸ
3155 1081 3220 1132 ὲκ
3275 1078 3348 1149 μὴ
3381 1079 3550 1133 ὄντων
3597 1078 3807 1143 ἐξωθεῖ.

2226 1167 2571 1241 Μαρτυροῦσι
2598 1167 2678 1232 δὲ,
2707 1168 2836 1239 περὶ
2871 1167 2970 1240 μὲν
3013 1167 3107 1220 τοῦ
3140 1163 3281 1221 εἶναι
3305 1168 3398 1222 τὸν
3425 1167 3553 1221 Υίὸν
3573 1165 3812 1239 προαιώ-

2227 1275 2356 1322 νιον,
2384 1257 2478 1311 καὶ
2527 1257 2756 1328 ποιητὴν
2775 1255 2885 1309 τῶν
2913 1255 3146 1321 αίὼνων,
3181 1249 3306 1310 ὧδεο
3332 1255 3544 1318 Παῦλος
3565 1255 3812 1310 ἐπιστέλ-

2223 1351 2329 1404 λων
2365 1350 2639 1421 Ἑϐραίοις
2684 1350 2804 1420 μέν’
2866 1349 3222 1418 Πολυμερῶς
3274 1349 3372 1404 καὶ
3417 1351 3813 1417 πολυτρόπως

2225 1440 2412 1495 πάλαι
2443 1445 2476 1495 ό
2528 1443 2672 1506 Θεὸς
2710 1440 2996 1508 λαλήσας
3046 1440 3169 1506 τοῖς
3219 1442 3519 1508 πατράσιν
3550 1441 3620 1493 ἐν
3686 1441 3813 1505 τοῖς

2227 1531 2581 1602 προφήταις,
2608 1534 2701 1585 ἐπ’
2730 1533 2994 1601 ἐσχάτου
3023 1530 3142 1584 τῶν
3167 1530 3402 1602 ἡμερῶν
3430 1534 3655 1585 τούτων
3679 1531 3814 1586 ἐλά-

2225 1629 2418 1693 λησεν
2438 1624 2580 1692 ἡμῖν
2619 1624 2689 1677 ἐν
2724 1623 2854 1688 Υἱῷ,
2899 1623 2971 1675 ὃν
3004 1623 3221 1689 ἔθηκεν
3261 1625 3640 1693 κληρονόμον
3665 1623 3814 1677 πάν-

2227 1730 2363 1767 των·
2400 1715 2472 1767 δι’
2501 1711 2576 1769 οὗ
2606 1714 2703 1768 καὶ
2739 1714 2878 1778 τοὺς
2907 1713 3128 1780 αἰῶνας
3168 1715 3476 1782 ἐποίησεν.
3527 1715 3698 1778 Αὐτὸς
3719 1710 3813 1768 οὖν

2227 1807 2294 1858 τὰ
2341 1807 2533 1858 ἑαυτοῦ
2565 1805 2912 1876 κληρονομεῖ,
2945 1807 3039 1857 καὶ
3072 1804 3146 1868 ὡς
3188 1805 3432 1876 ποιητὴς
3453 1806 3654 1869 αὐτῶν,
3719 1805 3812 1859 καὶ

551 1883 685 1962 riam
717 1909 856 1977 (35),
886 1907 1165 1976 multisque
1195 1883 1361 1958 modis
1393 1905 1514 1959 olim
1549 1906 1685 1958 Deus
1723 1906 1934 1975 loquens
1965 1907 2130 1974 patri-

2238 1895 2304 1958 ὡς
2347 1894 2599 1966 ἀληθινὸς
2621 1895 2768 1957 Υἱός⁸
2793 1894 2953 1965 ἐτέθη
2981 1895 3037 1947 δὲ
3065 1894 3419 1965 κληρονόμος,
3448 1895 3523 1958 ὡς
3551 1895 3814 1968 ὲνανθρω-

551 2001 646 2050 bus
687 1997 741 2049 in
769 1997 1054 2062 prophetis,
1100 1996 1377 2048 novissime
1420 1995 1600 2048 diebus
1658 1995 1773 2049 istis
1813 1995 2017 2048 locutus
2056 2005 2128 2048 est

553 2088 699 2141 nobis
739 2088 792 2139 in
836 2084 1012 2149 Filio,
1046 2101 1195 2154 quem
1245 2086 1512 2138 constituit
1561 2085 1822 2139 Itwredem
1859 2086 2130 2139 universo-

550 2195 689 2240 rum,
723 2194 812 2247 per
840 2194 991 2247 quem
1023 2179 1140 2244 [ecit
1170 2189 1215 2231 et
1248 2177 1586 2246 stcculadpse
1624 2192 1750 2246 ergo
1781 2192 1988 2241 eorum,
2012 2192 2132 2245 qua:

555 2285 652 2321 sua
685 2269 854 2337 ipsius
885 2279 1034 2331 sunt,
1065 2269 1239 2322 haeres
1266 2279 1366 2331 est,
1401 2279 1511 2322 tum
1539 2278 1595 2321 ut
1623 2267 1832 2321 illorum
1854 2267 2128 2334 Conditor,

557 2369 667 2413 tum
701 2369 757 2412 ut
786 2375 945 2414 verus
980 2359 1170 2414 Filius.
1211 2359 1392 2414 llazres
1441 2369 1621 2413 autem
1665 2358 1990 2413 constitutus
2027 2369 2130 2426 est,

553 2460 825 2519 quatenus
858 2452 1192 2506 incarnatus.
1221 2450 1519 2506 Corinthiis
1542 2464 1671 2503 vero
1697 2450 1942 2503 scribens
1974 2451 2050 2502 ait
2077 2450 2129 2504 in

555 2541 727 2607 prima
758 2542 994 2610 Epistola
1030 2561 1043 2595 :
1089 2541 1515 2596 Fundamentum
1552 2541 1664 2612 (36)
1694 2542 1831 2594 enim
1865 2557 2012 2594 nemo
2041 2556 2132 2607 po-

554 2640 649 2682 test
683 2646 893 2698 ponere,
918 2642 1106 2696 prwter
1133 2633 1185 2685 id
1202 2631 1342 2702 quod
1363 2631 1591 2698 positum
1612 2641 1684 2683 est
1707 2631 1846 2698 quod
1877 2643 1950 2683 est
1985 2628 2132 2684 Citri-

552 2729 666 2774 stus
709 2720 885 2776 Jesus.
926 2721 1036 2778 lloc
1080 2733 1182 2788 est,
1233 2723 1555 2792 principium
1601 2721 1719 2775 Filii
1767 2721 1990 2790 intelligi
2027 2736 2130 2775 non

555 2822 727 2880 potest
761 2836 772 2868 :
817 2814 868 2866 in
897 2815 1013 2884 ipso
1041 2816 1207 2879 enim,
1247 2825 1300 2869 et
1325 2829 1420 2882 per
1455 2815 1628 2882 ipsum
1677 2821 1755 2866 est
1783 2827 1944 2864 omne
1984 2811 2134 2880 prin-

555 2904 752 2970 cipium
778 2904 914 2975 (57).
947 2905 1111 2958 David
1128 2907 1293 2957 etiam
1319 2905 1370 2956 in
1405 2918 1577 2956 Lxxm
1613 2902 1896 2970 psalmode
1912 2899 2136 2956 Eterno

559 2993 798 3060 psallens
815 2995 890 3046 ait
918 2993 1028 3064 (58)
1057 3011 1072 3049 :
1106 2993 1244 3047 Deus
1269 3002 1444 3046 autem
1471 3009 1564 3046 rex
1587 3001 1762 3045 uoster
1789 3001 1913 3045 ante
1935 2992 2133 3045 swcula

557 3091 803 3148 operatus
832 3094 905 3136 est
931 3082 1154 3137 salutem
1181 3085 1235 3136 in
1261 3083 1430 3136 medio
1453 3092 1629 3137 terrte.
1659 3081 1975 3150 Golgotltam
2007 3099 2135 3138 vero

561 3173 808 3243 intelligit
838 3195 850 3230 :
884 3174 1060 3229 locum
1089 3176 1141 3228 in
1178 3174 1296 3243 ipso
1328 3175 1504 3230 medio
1531 3173 1643 3245 (59)
1667 3175 1852 3242 situm,
1883 3189 1946 3231 ac
1973 3176 2131 3230 veluti

557 3233 806 3318 centrum
842 3274 1022 3328 terrm,
1067 3233 1213 3318 illuni
1256 3280 1459 3319 vocans
1500 3233 1662 3336 (imi:
1715 3264 1771 3318 In
1806 3275 1912 3332 quo
1951 3265 2131 3320 divina
2163 3233 2204 3290 Ο

632 3435 744 3505 (55)
788 3435 1164 3501 Multi/‘ariam.
1217 3438 1376 3493 llehr.
1426 3455 1482 3501 ι,
1516 3439 1568 3498 1,
1622 3439 1676 3491 2.
1727 3436 1915 3492 Grazca
1972 3439 2138 3493 editio

562 3521 678 3574 pro,
704 3506 1072 3576 é‘lt‘EO‘XdTOU,
1113 3509 1292 3574 habet,
1320 3508 1406 3561 ἐπ’
1432 3508 1698 3576 ἐσχάτων.

638 3576 748 3643 (56)
795 3573 1249 3632 Fundamentum.
1279 3573 1318 3631 il
1368 3579 1433 3630 ad
1479 3573 1607 3631 Cor.
1659 3592 1752 3640 ιιι,
1808 3577 1864 3630 Η
1951 3577 2139 3633 Grzcca

559 3646 725 3764 editio
775 3647 966 3712 addit,
1017 3645 1196 3711 ἄλλον,
1273 3658 1326 3703 et
1392 3647 1674 3701 articulum
1735 3649 1936 3701 nomini
2000 3649 2138 3719 Χρι-

561 3732 623 3764 στ
655 3731 704 3764 ε.

561 3731 704 3777 στος.

629 3784 742 3855 (57)
794 3782 1146 3855 Principium.
1204 3786 1336 3840 Vide
1381 3785 1585 3842 Coloss.
1627 3800 1664 3848 ι,
1711 3785 1800 3850 16,
1838 3787 1900 3839 Π
1948 3795 2000 3840 et
2052 3787 2136 3840 18.

632 3854 744 3921 (38)
796 3854 1143 3909 Deus.Psal.
1204 3872 1410 3920 Lum,
1471 3871 1612 3910 vers.
1669 3856 1760 3918 15,
1815 3855 1904 3908 ubi
1953 3855 2140 3910 Graeca

563 3922 732 3997 editio
780 3924 940 3977 habet
994 3941 1098 3997 non
1152 3925 1514 3997 προαιὼνιος,
1583 3927 1676 3977 sed
1739 3925 1847 3997 πρὸ
1921 3924 2136 3988 αἰῶνος.

564 3991 756 4068 Utrum
806 4004 980 4068 tamen
1019 3991 1276 4068 Didynitts
1311 4011 1518 4068 vocem,
1557 3991 1917 4068 προαιώνιοςη
1954 4009 2140 4068 revera

565 4062 868 4122 dictaverit,
906 4079 972 4117 an
1003 4062 1134 4117 verti
1172 4065 1428 4119 librarius
1451 4079 1515 4118 ex
1549 4062 1760 4116 duabus
1791 4063 2136 4128 dictionibus,

564 4131 673 4201 πρὸ
721 4133 936 4196 αἰῶνος.
998 4150 1162 4187 uuam
1219 4135 1451 4196 cuderil,
1502 4133 1654 4186 valde
1701 4132 1911 4186 dubito.
1974 4131 2138 4188 Paulo

562 4211 686 4267 post
730 4205 872 4257 enim
925 4205 1097 4256 locum
1155 4204 1294 4255 hunc
1345 4204 1623 4265 explicans
1663 4203 1782 4255 ait:
1818 4202 2009 4256 Divina
2043 4220 2141 4256 sua

561 4274 887 4343 praescientia
910 4274 1016 4343 πρὸ
1039 4271 1232 4334 αἰῶνος
1252 4281 1493 4343 operatus
1513 4282 1585 4324 est
1602 4271 1823 4343 salutem
1837 4274 1990 4343 nobis
2004 4316 2016 4337 ,
2033 4282 2138 4326 etc.

641 4342 751 4411 (39)
793 4342 858 4393 In
903 4341 1012 4409 ipso
1077 4343 1268 4394 medio.
1321 4341 1548 4411 Vocem,
1601 4342 1731 4409 ipso,
1781 4342 1980 4404 addidi,
2036 4357 2143 4411 quo

565 4409 785 4478 prepius
813 4411 918 4462 vim
949 4412 1220 4472 dictionis,
1266 4409 1598 4480 μεσὼτατον,
1635 4413 1987 4480 attingerent,
2019 4409 2140 4464 cum

567 4481 884 4533 vocabulum
921 4494 1136 4543 trovutn,
1173 4479 1546 4543 mediissimus,
1587 4479 1841 4548 ellingere
1880 4496 1984 4534 non
2015 4481 2142 4534 lice-

569 4559 670 4603 rct.
707 4549 973 4602 (Steterunt
1020 4553 1117 4603 hac
1160 4552 1370 4613 eadem,
1409 4566 1513 4618 qua
1554 4550 1828 4618 Didymus,
1875 4551 2143 4603 locutione

569 4619 706 4671 hand
759 4619 830 4672 ita
871 4619 1048 4671 multis
1078 4630 1202 4672 ante
1237 4619 1404 4683 illum,
1459 4631 1514 4670 ut
1548 4619 1760 4686 opinor,
1805 4621 1960 4672 annis
2008 4636 2138 4674 usus

570 4689 745 4742 fuerat
799 4688 857 4743 S.
901 4688 1131 4757 (iyrillns
1171 4687 1658 4758 Jerosolymitanus
1699 4689 1972 4742 catcchesi
2020 4705 2141 4751 xui,

571 4775 718 4810 nutu.
748 4759 837 4812 28.
889 4756 962 4812 lbi
1004 4761 1145 4811 enim
1175 4761 1253 4813 sic
1301 4756 1538 4825 loquitur
1566 4775 1579 4810 :
1615 4756 1883 4824 Expantlit
1911 4760 1964 4809 in
1993 4775 2144 4812 cruce

570 4843 786 4889 manus,
823 4839 876 4880 ut
927 4830 1376 4891 comprehenderet
1422 4828 1521 4897 τῆς
1561 4826 1888 4896 οἰκουμένης
1936 4827 2004 4879 τὰ
2043 4829 2142 4880 πέ-

574 4912 734 4966 ρατα,
781 4899 827 4948 id
873 4909 976 4960 est,
1029 4897 1180 4951 Orbis
1228 4911 1486 4951 terrarum
1529 4897 1696 4962 ﬁnes;
1761 4900 1962 4949 medius
2006 4900 2142 4950 enim

572 4977 724 5038 te_rra:
742 4967 893 5038 locus
921 4977 997 5038 cst
1040 4970 1134 5020 iste
1185 4967 1475 5038 Golgotltas
1507 4969 1589 5038 (in
1626 4966 1816 5038 Graeco
1846 4985 1858 5020 :
1893 4967 2003 5035 Τῆς
2034 4969 2143 5038 γὰρ

572 5035 673 5105 γῆς
704 5036 766 5088 τὸ
816 5037 1124 5106 μεσώτατον
1170 5039 1199 5090 ὁ
1245 5030 1698 5104 Γολγοοᾶςόἶιίιός
1749 5030 1971 5101 ὲστινᾫ
2023 5030 2144 5089 Non

571 5121 714 5158 meus
740 5107 824 5159 llic
846 5122 1014 5159 sermo
1037 5119 1130 5160 est.
1170 5106 1431 5173 Pr0plteta
1465 5117 1538 5159 est
1563 5110 1650 5174 qui
1685 5108 1801 5158 ait:
1837 5126 1853 5157 1
1883 5106 2142 5174 Operatus

571 5189 625 5226 es
674 5176 896 5229 salutem
946 5178 996 5229 in
1045 5178 1214 5229 medio
1243 5188 1416 5231 terrte.
1445 5195 1467 5228 ο
1525 5177 1673 5228 Alios
1741 5178 1900 5228 etiam
1958 5177 2144 5230 Patres

574 5243 753 5298 allinia
779 5248 844 5299 de
877 5244 1140 5314 Golgotha
1175 5259 1375 5311 monte,
1419 5255 1512 5298 aut
1553 5248 1617 5298 de
1654 5243 1786 5298 urbe
1818 5248 2138 5308 Jerusalem,

571 5315 727 5382 quasi
780 5315 832 5368 in
884 5317 1060 5370 medio
1104 5325 1367 5369 terrarum
1431 5315 1562 5368 orbe
1623 5314 1785 5379 sitis,
1844 5315 2144 5370 scribentes

572 5383 766 5438 aﬂerre
825 5400 969 5440 nunc
1025 5388 1367 5453 supersedeo,
1423 5384 1720 5450 praesertim
1781 5400 1900 5437 cum
1970 5388 2034 5438 de
2088 5399 2145 5438 rc

573 5463 765 5521 agatur
807 5455 1067 5526 theologis
1113 5464 1260 5518 nota,
1298 5467 1354 5508 ut
1383 5455 1519 5508 alias
1557 5453 1608 5526 in
1649 5467 1768 5526 ineo
1809 5455 2145 5526 adArchin-

574 5519 684 5595 tum
707 5519 1013 5592 prtesulein'
1033 5527 1294 5595 opusculo
1345 5523 1596 5595 iudicavi.
1649 5519 1804 5584 Vide,
1855 5525 1897 5577 si
1948 5526 2142 5593 placet,

573 5591 1186 5666 palmetum,aliosque
1225 5597 1518 5666 Scriptura:
1555 5593 1885 5666 interpretes
1929 5591 2038 5648 ιῐιιιι
2077 5598 2141 5646 ad

571 5658 714 5714 hunc
743 5658 932 5733 psalmi
973 5658 1322 5730 versiculum,
1349 5658 1460 5719 ium
1501 5664 1566 5717 ad
1603 5658 1900 5719 Ezechielis
1937 5679 2059 5733 cap.
2091 5680 2142 5726 v,

570 5742 720 5802 vers.
747 5731 887 5802 5,_et
912 5748 1031 5802 cap.
1070 5751 1272 5790 xxxvm
1295 5777 1309 5800 ,
1345 5750 1486 5791 vers.
1517 5733 1605 5788 12.

643 5800 757 5872 (40)
783 5800 1208 5873 “Illum—vocans.
1243 5806 1377 5860 Cum
1413 5807 1584 5860 locum
1616 5805 1756 5861 hunc
1794 5805 1844 5858 in
1882 5821 1965 5868 eo,
2000 5804 2141 5873 quod

565 5871 895 5950 mn’do_disi,
927 5876 1187 5944 opusculo
1211 5877 1531 5943 attulissem,
1565 5876 1804 5932 incertus
1828 5915 1842 5942 ,
1877 5887 1968 5933 aut
2005 5871 2138 5930 mihi

2231 1989 2432 2056 πὴσας.
2493 1985 2803 2056 Κορινθίοις
2836 1986 2892 2038 δὲ
2937 1988 2995 2038 ὲν
3035 1989 3101 2056 τῇ
3138 1985 3332 2058 πρώτῃ
3382 1987 3688 2058 Ἐπιστολῇ’
3719 1990 3814 2042 Θε-

2225 2083 2440 2152 [textor
2469 2083 2576 2150 γὰρ
2605 2081 2804 2147 οὐδεὶς
2851 2081 3100 2134 δύναται
3139 2081 3345 2147 θεῖναι,
3371 2082 3530 2148 παρὰ
3559 2081 3665 2134 τίδν
3699 2081 3815 2135 κει-

2225 2189 2432 2241 μενον,
2481 2172 2547 2236 ὅς
2598 2171 2770 2223 ἐστιν
2835 2171 3076 2238 Ἰησοῦς
3131 2171 3408 2238 Χριστός·
3456 2171 3602 2223 τοῦτ’
3642 2172 3810 2234 ἐστιν,

2231 2258 2403 2328 ἀρχὴν
2426 2258 2778 2328 ἐπινοηθῆναι
2807 2258 2900 2312 τοῦ
2935 2259 3090 2321 Υίοῦ,
3117 2260 3417 2329 ἀμήχανον
3444 2261 3501 2311 ὲν
3529 2259 3677 2330 αὐτῷ
3705 2261 3816 2331 γὰρ

2232 2349 2324 2401 καὶ
2365 2349 2432 2401 δι’
2488 2348 2652 2401 αὑτοῦ
2678 2351 2828 2402 πᾶσα
2865 2349 3045 2420 λάρχή.
3111 2349 3274 2403 Δαυῖδ
3308 2351 3364 2404 δὲ
3413 2353 3469 2402 ἐν
3510 2357 3588 2418 ογ¹
3615 2351 3818 2422 ψαλμῷ

2233 2438 2359 2510 περὶ
2397 2439 2491 2491 τοῦ
2548 2439 2788 2510 ἀνάρχου
2840 2439 3078 2508 ψάλλων·
3123 2440 3186 2494 '0
3237 2441 3306 2494 δὲ
3341 2441 3486 2506 Θεὸς
3519 2441 3817 2513 [ιὸίι],ϐα-

2232 2532 2442 2596 σιλεὺς
2484 2529 2671 2599 ἡμῶν,
2712 2530 3098 2597 προαιώνιος·
3150 2531 3470 2600 εἰργάσατο
3515 2533 3818 2600 σωτηρίαν

2230 2621 2486 2690 ἐνμέσῳ
2515 2621 2622 2689 τῆς
2665 2619 2798 2690 γῆς.
2859 2621 3024 2689 Λέγει
3056 2621 3112 2674 δὲ
3165 2622 3256 2675 τὸν
3307 2623 3596 2691 Γολγοοᾶν,
3653 2624 3816 2677 τόπον

2237 2712 2545 2781 μεσώτατον
2576 2710 2669 2763 καὶ
2697 2712 2858 2764 οἱονεὶ
2884 2713 3108 2783 κέντρον
3136 2713 3237 2781 τῆς
3274 2713 3577 2784 ὑπουρανὸν
3616 2714 3816 2786 ὀνομά-

2235 2805 2340 2868 ζων
2384 2803 2567 2856 αὐτόν·
2605 2804 2662 2855 ἐν
2768 2806 2834 2874 τῇ
2877 2805 2973 2874 μὲν
3003 2804 3158 2875 θεῖκῇ
3191 2804 3355 2858 αὑτοῦ
3381 2805 3689 2876 προγνώσει
3712 2805 3817 2878 πρὸ

2235 2893 2426 2955 αἰῶνος
2486 2893 2779 2964 εἰργάσατο
2832 2895 2964 2964 ἡμῖν
3024 2897 3298 2964 σωτηρίαν
3354 2897 3413 2950 ὲν
3444 2897 3816 2970 τῇ,ὲνανθρω-

2237 2986 2398 3054 πήσει
2444 2987 2472 3037 ὁ
2522 2985 2664 3047 Υἱός·
2697 2984 2775 3055 τῷ
2827 2985 2883 3038 δὲ
2911 2985 3224 3058 πράγματι,
3283 2989 3374 3042 ὅτε
3403 2990 3471 3042 δι’
3503 2989 3816 3061 ἁγαοότητα

2235 3075 2434 3130 ἔπαθεν
2457 3077 2532 3139 ὡς
2571 3073 2708 3129 οἶδεν
2736 3078 2832 3130 καὶ
2856 3078 3122 3148 ἠθέλησεν
3160 3083 3188 3132 ὁ
3224 3080 3440 3152 ἀπαθὴς
3475 3082 3614 3154 ὑπὲρ
3636 3080 3818 3152 ἡμῶν,

2237 3167 2330 3220 καὶ
2363 3167 2465 3230 ἕως
2493 3167 2592 3238 τῆς
2642 3167 2866 3239 καρδίας
2910 3169 3012 3240 τῆς
3039 3170 3162 3240 γῆς,
3211 3171 3286 3234 ὡς
3329 3175 3521 3235 εἰπεῖν,
3579 3173 3814 3242 ἐγένετο·

2242 3257 2385 3311 καθὰ
2448 3257 2543 3311 καὶ
2616 3259 2877 3330 Ἰεζεκιὴλ
2949 3260 3285 3332 προφητεύει
3346 3263 3558 3317 τοιάδε’
3615 3261 3821 3332 Αὐτὴν

2241 3437 2455 3509 quidem
2480 3445 2628 3509 certe
2665 3437 2879 3507 ignotus
2913 3447 3101 3493 auctor
3133 3441 3184 3493 in
3235 3438 3518 3493 Litteraria
3555 3440 3817 3509 [ip/teme-

2243 3508 2375 3568 rt‘de,
2411 3522 2528 3574 qua:
2553 3506 2776 3560 Parisiis
2798 3509 2997 3570 editur,
3027 3517 3189 3574 atque
3219 3509 3530 3563 inscribitur
3557 3527 3571 3564 :
3600 3506 3820 3568 Gazette

2241 3575 2496 3629 littéraire
2522 3577 2585 3647 de
2613 3574 2882 3647 l’leurope,
2911 3577 2976 3628 ad
2996 3577 3142 3647 diem
3175 3578 3404 3644 primam
3431 3581 3658 3647 Augusti
3690 3583 3817 3636 anni

2242 3649 2488 3712 proxime
2520 3643 2686 3711 elapsi
2722 3643 2892 3718 1764ι
2907 3645 3134 3718 articulo
3167 3643 3231 3718 5.7
3271 3648 3384 3701 haec
3421 3643 3639 3718 scripsit
3669 3669 3681 3704 :
3716 3650 3813 3705 So-

2241 3723 2384 3766 crate
2423 3721 2666 3778 rapporte
2711 3729 2806 3782 que
2857 3714 3076 3783 Didyme
3127 3717 3259 3770 était
3301 3721 3446 3772 verse
3491 3714 3627 3774 dans
3672 3729 3819 3776 toute

2242 3792 2390 3858 sorte
2445 3783 2810 3858 t_|€_il0€ll‘ilie_,
2854 3785 2912 3836 ἐν
2953 3785 3100 3858 πάσῃ
3136 3785 3450 3858 παιδεύσειο
3499 3801 3546 3842 ει
3596 3791 3820 3842 l'auteur

2242 3855 2331 3904 des
2362 3851 2491 3926 trois
2525 3851 2675 3926 liores
2702 3854 3020 3926 itlécouverts
3062 3851 3159 3924 par
3197 3859 3242 3909 le
3287 3857 3348 3911 Ρ.
3397 3857 3696 3926 Mingarelli
3733 3861 3818 3911 n'a

2241 3936 2335 3984 pas
2372 3920 2532 3997 meme
2564 3919 2638 3997 les
2681 3923 2935 3997 élémcnts
2961 3925 3023 3978 de
3057 3919 3107 3976 la
3141 3928 3446 3995 géograpltie
3474 3919 3562 3980 :il
3601 3928 3748 3997 place
3773 3928 3820 3981 le

2241 3999 2383 4041 mont
2428 3987 2686 4065 Golgotlta
2727 4008 2796 4043 au
2845 3993 3020 4065 "tilica
3066 3987 3161 4047 du"
3195 3987 3342 4062 globe
3369 4039 3383 4061 ,
3439 3997 3476 4048 il
3515 3987 3720 4065 ert-[ait
3768 3997 3818 4051 Ie

2243 4068 2439 4138 centre
2473 4058 2539 4113 de
2586 4059 2645 4138 la.
2676 4070 2842 4122 terre,
2889 4063 3114 4138 κέντρον
3160 4058 3259 4138 τῆς
3289 4058 3414 4137 γῆς.
3450 4069 3570 4138 Det,
3613 4058 3816 4135 quaeso,

2244 4129 2374 4180 mihi
2409 4129 2594 4205 lector
2633 4129 3049 4205 hancveniatu',
3098 4146 3154 4205 ut
3199 4129 3591 4205 liic't'autisper
3627 4129 3814 4190 immo;

2245 4211 2335 4276 τοι*
2365 4217 2376 4252 :
2409 4200 2683 4276 innoxium
2711 4203 2854 4253 enitn
2891 4213 3007 4276 tam
3026 4203 3164 4276 male
3203 4207 3410 4268 haberi,
3446 4200 3600 4276 arquo
3639 4206 3819 4259 animo

2247 4268 2490 4337 (lateor)
2520 4269 2661 4346 ferre
2689 4285 2916 4346 nequeo.
2954 4272 3136 4326 Sicubi
3178 4286 3324 4327 errat
3359 4268 3633 4346 Didymus,
3669 4291 3822 4328 erra-

2248 4348 2359 4409 tum
2396 4354 2520 4409 non
2569 4339 2778 4393 iulicior
2808 4357 2820 4391 :
2856 4341 3094 4409 ignosco,
3153 4358 3257 4397 non
3316 4339 3512 4398 tueor:
3543 4349 3630 4399 ubi
3691 4360 3820 4398 vero

2249 4407 2438 4482 injuria
2481 4419 2787 4482 accusatur,
2840 4407 3024 4482 quidni
3073 4411 3358 4464 delendam
3406 4429 3470 4467 ac
3509 4415 3817 4482 pr0pulsem

2249 4477 2540 4545 injuriant?
2575 4477 2813 4530 Primum
2848 4481 3028 4545 itaque
3071 4497 3166 4533 cur
3209 4491 3314 4533 tam
3369 4477 3822 4536 liden'ter'censor

2250 4547 2348 4622 iste
2378 4545 2636 4622 _allirmel,
2686 4545 2999 4622 Golgotham
3042 4561 3264 4602 montem
3301 4553 3352 4603 in
3388 4553 3557 4604 medio
3593 4553 3742 4622 globo
3789 4569 3817 4606 a

2250 4616 2495 4690 theologo
2539 4627 2731 4690 nostro
2754 4619 3020 4690 collocari,
3066 4635 3171 4672 non
3221 4622 3394 4673 video.
3453 4622 3560 4690 Ego
3593 4616 3732 4675 sane
3767 4623 3818 4676 itt

2251 4700 2370 4740 tneo
2399 4687 2488 4738 illo
2513 4686 2770 4754 opusculo
2799 4687 2976 4740 dedita
3012 4705 3172 4756 Opera
3205 4693 3316 4742 cavi
3339 4731 3351 4752 ,
3406 4707 3470 4742 ne
3498 4686 3562 4744 id
3605 4707 3821 4745 assere-

2247 4759 2616 4828 rare_m,qu0t_l
2647 4771 2730 4809 res
2763 4771 2909 4828 certa
2947 4773 3066 4814 esse
3114 4774 3220 4811 non
3257 4761 3545 4813 videretur.
3585 4764 3736 4828 Quod
3771 4763 3816 4816 si

2246 4827 2311 4878 de
2342 4824 2543 4893 Cyrillo
2590 4823 3062 4895 Jerosolymitauo,
3117 4830 3346 4896 exempli
3400 4823 3816 4894 causafsertno

2247 4905 2406 4969 esset,
2447 4897 2533 4969 vix
2578 4895 2854 4969 haberem,
2908 4901 3050 4966 quod
3091 4895 3452 4968 opponerent;
3501 4903 3818 4969 Golgothana

2245 4967 2387 5038 enim
2442 4963 2719 5038 inumedio
2758 4963 3047 5038 terrarum
3107 4963 3236 5038 orbe
3282 4971 3348 5021 ab
3384 4973 3498 5036 ipso
3545 4963 3819 5036 collocari,

2247 5037 2418 5122 satis!
2441 5034 2691 5122 indicare
2723 5035 2966 5122 videntur
2989 5053 3155 5117 'voces
3191 5034 3310 5102 illa',
3361 5034 3459 5110 τῆς
3499 5034 3822 5122 οἰκουμένης

2244 5102 2605 5177 ιτα-πέρατα,
2643 5105 2692 5156 id
2743 5115 2844 5166 est,
2886 5108 3026 5159 orbis
3066 5119 3326 5161 terrarum
3373 5102 3502 5177 ﬁnes
3533 5128 3551 5165 :
3584 5102 3706 5165 nant
3743 5102 3822 5166 sic

2253 5173 2409 5252 vulgo
2432 5173 2727 5240 accipitur,
2757 5190 2827 5252 ac_
2855 5179 3100 5252 vertitur
3120 5193 3240 5239 Vox,
3275 5173 3593 5252 οἰκουμένη,
3627 5197 3821 5249 quam-

2249 5243 2348 5305 vis,
2395 5254 2633 5310 spectata
2679 5245 2923 5314 vocabuli
2967 5249 3208 5314 origine,
3264 5266 3367 5304 non
3403 5243 3509 5304 tam
3559 5243 3821 5306 ierrarum

2246 5316 2460 5374 urbem,
2482 5328 2662 5392 quem
2678 5313 2887 5392 globum
2919 5313 3249 5392 terraqueum
3281 5323 3483 5385 dicunt;
3516 5336 3675 5392 qtpm
3703 5336 3820 5374 eam

2251 5382 2701 5458 terresttjsglohi
2748 5394 2952 5452 partem
2970 5382 3248 5458 designet,
3280 5406 3397 5458 quae
3428 5382 3705 5444 Itast-12m.
3757 5393 3826 5444 At

2247 5453 2293 5505 si
2344 5454 2411 5506 de
2458 5451 2682 5523 D.dymo
2712 5451 2898 5528 sermo
2937 5457 3027 5519 sit,
3081 5451 3171 5528 res
3208 5451 3327 5514 tneo
3366 5463 3578 5528 quidem
3618 5461 3826 5526 judicio

2250 5538 2354 5598 non
2415 5534 2499 5576 est
2574 5529 2682 5598 ιω,
2723 5526 3001 5594 ρει-ερῐευυ
3037 5543 3051 5578 :
3088 5527 3267 5582 nullus
3330 5526 3474 5583 enim
3545 5530 3826 5598 theologus

2251 5593 2498 5667 ignorat,
2532 5665 2541 5667 _
2581 5594 2779 5667 :nultas
2831 5593 2986 5648 terra:
3047 5601 3362 5651 voeabulum
3422 5601 3472 5651 in
3529 5593 3827 5667 Scripturis

2253 5663 2449 5734 habere
2500 5665 2920 5732 signiﬁcationes
2954 5683 2966 5718 :
3000 5681 3140 5734 saepe
3197 5684 3324 5722 vero
3384 5684 3490 5721 non
3556 5663 3824 5723 terrarum

2249 5733 2453 5806 orbem,
2510 5735 2602 5787 sed
2634 5735 2912 5806 regionem
2951 5733 3135 5798 illam,
3184 5739 3234 5791 in
3282 5754 3385 5806 qua
3435 5753 3590 5793 sacer
3638 5749 3829 5793 auctor

2251 5804 2455 5874 svi-ibit,
2493 5813 2583 5856 aut
2613 5805 2678 5857 de
2709 5820 2813 5871 qua
2855 5807 3108 5874 loquitur,
3157 5804 3419 5873 denotari,
3474 5821 3532 5863 ut
3576 5809 3629 5863 in
3670 5809 3828 5864 tertio

2255 5871 2460 5942 lit-gum
2504 5890 2517 5926 :
2549 5876 2773 5930 Abstulit
2803 5871 3132 5944 eﬁ‘emiuatos
3177 5879 3238 5932 de
3285 5871 3424 5934 terra
3455 5897 3474 5934 :
3506 5879 3560 5934 in
3591 5878 3831 5935 secundo
