  <div class='ocr_page' id='page_1' title='image "/cluster/home/n/w/nwhite01/storage/ocr_20150623/39/mdp.39015010572892/171.png"; bbox 0 0 4146 6482; ppageno 0'>
   <div class='ocr_carea' id='block_1_1' title="bbox 1007 549 1496 626">
    <p class='ocr_par' dir='ltr' id='par_1_1' title="bbox 1007 549 1496 626">
     <span class='ocr_line' id='line_1_1' title="bbox 1007 549 1496 626; baseline -0.01 -16"><span class='ocrx_word' id='word_1_1' title='bbox 1007 555 1118 626; x_wconf 79' lang='lat'><strong>33</strong></span> <span class='ocrx_word' id='word_1_2' title='bbox 1163 551 1315 609; x_wconf 79' lang='lat' dir='ltr'><strong>CAP.</strong></span> <span class='ocrx_word' id='word_1_3' title='bbox 1359 549 1496 605; x_wconf 77' lang='lat' dir='ltr'><strong>xw.</strong></span> 
     </span>
    </p>
   </div>
   <div class='ocr_carea' id='block_1_2' title="bbox 487 731 2056 804">
    <p class='ocr_par' dir='ltr' id='par_1_2' title="bbox 487 731 2056 804">
     <span class='ocr_line' id='line_1_2' title="bbox 487 731 2056 804; baseline -0.003 -17"><span class='ocrx_word' id='word_1_4' title='bbox 487 736 559 787; x_wconf 73' lang='lat' dir='ltr'><strong>De</strong></span> <span class='ocrx_word' id='word_1_5' title='bbox 609 735 695 798; x_wconf 82' lang='lat' dir='ltr'><strong>iis,</strong></span> <span class='ocrx_word' id='word_1_6' title='bbox 725 735 812 804; x_wconf 82' lang='lat' dir='ltr'><strong>qui</strong></span> <span class='ocrx_word' id='word_1_7' title='bbox 853 735 1031 804; x_wconf 67' lang='lat' dir='ltr'><strong>dicunt</strong></span> <span class='ocrx_word' id='word_1_8' title='bbox 1085 749 1103 787; x_wconf 92' lang='lat'><strong><em>:</em></strong></span> <span class='ocrx_word' id='word_1_9' title='bbox 1162 733 1350 804; x_wconf 58' lang='lat' dir='ltr'><strong>Parem</strong></span> <span class='ocrx_word' id='word_1_10' title='bbox 1391 732 1627 786; x_wconf 79' lang='lat' dir='ltr'><strong>excludit</strong></span> <span class='ocrx_word' id='word_1_11' title='bbox 1678 731 1977 804; x_wconf 15' lang='lat' dir='ltr'><strong>Pater»;_&gt;et</strong></span> <span class='ocrx_word' id='word_1_12' title='bbox 2039 745 2056 782; x_wconf 91' lang='lat'><em>:</em></span> 
     </span>
    </p>
   </div>
   <div class='ocr_carea' id='block_1_3' title="bbox 560 800 2054 872">
    <p class='ocr_par' dir='ltr' id='par_1_3' title="bbox 560 800 2054 872">
     <span class='ocr_line' id='line_1_3' title="bbox 560 800 2054 872; baseline -0.006 -13"><span class='ocrx_word' id='word_1_13' title='bbox 560 805 656 859; x_wconf 89' lang='lat' dir='ltr'><strong>Est</strong></span> <span class='ocrx_word' id='word_1_14' title='bbox 687 800 859 872; x_wconf 82' lang='lat' dir='ltr'><strong>major</strong></span> <span class='ocrx_word' id='word_1_15' title='bbox 890 803 1046 863; x_wconf 78' lang='lat' dir='ltr'><strong>Filio;</strong></span> <span class='ocrx_word' id='word_1_16' title='bbox 1071 814 1117 856; x_wconf 83' lang='lat' dir='ltr'><strong>et</strong></span> <span class='ocrx_word' id='word_1_17' title='bbox 1149 818 1166 853; x_wconf 90' lang='lat'><strong><em>:</em></strong></span> <span class='ocrx_word' id='word_1_18' title='bbox 1200 802 1352 854; x_wconf 84' lang='lat' dir='ltr'><strong>Aliud</strong></span> <span class='ocrx_word' id='word_1_19' title='bbox 1379 814 1458 856; x_wconf 86' lang='lat' dir='ltr'><strong>est</strong></span> <span class='ocrx_word' id='word_1_20' title='bbox 1487 804 1682 870; x_wconf 80' lang='lat' dir='ltr'><strong>imago,</strong></span> <span class='ocrx_word' id='word_1_21' title='bbox 1708 802 1849 853; x_wconf 91' lang='lat' dir='ltr'><strong>aliud</strong></span> <span class='ocrx_word' id='word_1_22' title='bbox 1890 800 2054 863; x_wconf 80' lang='lat' dir='ltr'><strong>Deus;</strong></span> 
     </span>
    </p>
   </div>
   <div class='ocr_carea' id='block_1_4' title="bbox 556 871 2056 938">
    <p class='ocr_par' dir='ltr' id='par_1_4' title="bbox 556 871 2056 938">
     <span class='ocr_line' id='line_1_4' title="bbox 556 871 2056 938; baseline -0.005 -11"><span class='ocrx_word' id='word_1_23' title='bbox 556 884 651 927; x_wconf 81' lang='lat' dir='ltr'><strong>et:</strong></span> <span class='ocrx_word' id='word_1_24' title='bbox 690 871 861 927; x_wconf 87' lang='lat' dir='ltr'><strong>Homo</strong></span> <span class='ocrx_word' id='word_1_25' title='bbox 891 874 1051 926; x_wconf 84' lang='lat' dir='ltr'><strong>etiam</strong></span> <span class='ocrx_word' id='word_1_26' title='bbox 1091 874 1269 926; x_wconf 88' lang='lat' dir='ltr'><strong>dictus</strong></span> <span class='ocrx_word' id='word_1_27' title='bbox 1313 883 1392 925; x_wconf 87' lang='lat' dir='ltr'><strong>est</strong></span> <span class='ocrx_word' id='word_1_28' title='bbox 1441 873 1493 924; x_wconf 89' lang='lat' dir='ltr'><strong>iu</strong></span> <span class='ocrx_word' id='word_1_29' title='bbox 1543 871 1817 938; x_wconf 83' lang='lat' dir='ltr'><strong>Scriptura</strong></span> <span class='ocrx_word' id='word_1_30' title='bbox 1856 871 2056 935; x_wconf 79' lang='lat' dir='ltr'><strong>imago,</strong></span> 
     </span>
    </p>
   </div>
   <div class='ocr_carea' id='block_1_5' title="bbox 554 939 2052 1010">
    <p class='ocr_par' dir='ltr' id='par_1_5' title="bbox 554 939 2052 1010">
     <span class='ocr_line' id='line_1_5' title="bbox 554 939 2052 1010; baseline -0.007 -12"><span class='ocrx_word' id='word_1_31' title='bbox 554 955 607 998; x_wconf 87' lang='lat' dir='ltr'><strong>et</strong></span> <span class='ocrx_word' id='word_1_32' title='bbox 637 945 802 1007; x_wconf 70' lang='lat' dir='ltr'><strong>gloria</strong></span> <span class='ocrx_word' id='word_1_33' title='bbox 843 945 953 997; x_wconf 79' lang='lat' dir='ltr'><strong>Dei.</strong></span> <span class='ocrx_word' id='word_1_34' title='bbox 993 942 1055 993; x_wconf 79' lang='lat' dir='ltr'><strong>Et</strong></span> <span class='ocrx_word' id='word_1_35' title='bbox 1095 944 1158 994; x_wconf 83' lang='lat' dir='ltr'><strong>de</strong></span> <span class='ocrx_word' id='word_1_36' title='bbox 1187 959 1244 994; x_wconf 74' lang='lat' dir='ltr'><strong>eo</strong></span> <span class='ocrx_word' id='word_1_37' title='bbox 1280 942 1418 1010; x_wconf 85' lang='lat' dir='ltr'><strong>quod</strong></span> <span class='ocrx_word' id='word_1_38' title='bbox 1477 949 1696 993; x_wconf 76' lang='lat' dir='ltr'><strong>testatur</strong></span> <span class='ocrx_word' id='word_1_39' title='bbox 1755 939 2052 1007; x_wconf 76' lang='lat' dir='ltr'><strong>Scriptura,</strong></span> 
     </span>
    </p>
   </div>
   <div class='ocr_carea' id='block_1_6' title="bbox 557 1010 1641 1085">
    <p class='ocr_par' dir='ltr' id='par_1_6' title="bbox 557 1010 1641 1085">
     <span class='ocr_line' id='line_1_6' title="bbox 557 1010 1641 1085; baseline -0.006 -17"><span class='ocrx_word' id='word_1_40' title='bbox 557 1016 701 1069; x_wconf 88' lang='lat' dir='ltr'><strong>nullo</strong></span> <span class='ocrx_word' id='word_1_41' title='bbox 741 1015 899 1072; x_wconf 87' lang='lat' dir='ltr'><strong>modo</strong></span> <span class='ocrx_word' id='word_1_42' title='bbox 939 1011 1157 1085; x_wconf 80' lang='lat' dir='ltr'><strong>dill‘erre</strong></span> <span class='ocrx_word' id='word_1_43' title='bbox 1185 1027 1213 1063; x_wconf 90' lang='lat' dir='ltr'><strong>a</strong></span> <span class='ocrx_word' id='word_1_44' title='bbox 1237 1011 1373 1065; x_wconf 89' lang='lat' dir='ltr'><strong>Filio</strong></span> <span class='ocrx_word' id='word_1_45' title='bbox 1404 1010 1641 1085; x_wconf 77' lang='lat' dir='ltr'><strong>Patrem.</strong></span> 
     </span>
    </p>
   </div>
   <div class='ocr_carea' id='block_1_7' title="bbox 559 1205 2059 1276">
    <p class='ocr_par' dir='ltr' id='par_1_7' title="bbox 559 1205 2059 1276">
     <span class='ocr_line' id='line_1_7' title="bbox 559 1205 2059 1276; baseline -0.006 -11"><span class='ocrx_word' id='word_1_46' title='bbox 559 1212 688 1265; x_wconf 77' lang='lat' dir='ltr'><strong>Illud</strong></span> <span class='ocrx_word' id='word_1_47' title='bbox 735 1225 861 1263; x_wconf 63' lang='lat' dir='ltr'><strong>vero</strong></span> <span class='ocrx_word' id='word_1_48' title='bbox 893 1212 1054 1263; x_wconf 82' lang='lat' dir='ltr'><strong>etiam</strong></span> <span class='ocrx_word' id='word_1_49' title='bbox 1090 1208 1260 1269; x_wconf 85' lang='lat' dir='ltr'><strong>Patri,</strong></span> <span class='ocrx_word' id='word_1_50' title='bbox 1293 1223 1357 1261; x_wconf 76' lang='lat' dir='ltr'><strong>eo</strong></span> <span class='ocrx_word' id='word_1_51' title='bbox 1380 1208 1520 1276; x_wconf 90' lang='lat' dir='ltr'><strong>quod</strong></span> <span class='ocrx_word' id='word_1_52' title='bbox 1553 1206 1618 1260; x_wconf 87' lang='lat' dir='ltr'><strong>sit</strong></span> <span class='ocrx_word' id='word_1_53' title='bbox 1645 1205 1933 1275; x_wconf 82' lang='lat' dir='ltr'><strong>ingenitus,</strong></span> <span class='ocrx_word' id='word_1_54' title='bbox 1963 1205 2059 1257; x_wconf 87' lang='lat' dir='ltr'><strong>tri-</strong></span> 
     </span>
    </p>
   </div>
   <div class='ocr_carea' id='block_1_8' title="bbox 490 1297 2054 1371">
    <p class='ocr_par' dir='ltr' id='par_1_8' title="bbox 490 1297 2054 1371">
     <span class='ocr_line' id='line_1_8' title="bbox 490 1297 2054 1371; baseline -0.006 -13"><span class='ocrx_word' id='word_1_55' title='bbox 490 1305 680 1367; x_wconf 86' lang='lat' dir='ltr'><strong>buunt,</strong></span> <span class='ocrx_word' id='word_1_56' title='bbox 729 1310 785 1356; x_wconf 90' lang='lat' dir='ltr'><strong>ut</strong></span> <span class='ocrx_word' id='word_1_57' title='bbox 826 1317 1007 1371; x_wconf 86' lang='lat' dir='ltr'><strong>parem</strong></span> <span class='ocrx_word' id='word_1_58' title='bbox 1041 1302 1294 1354; x_wconf 79' lang='lat' dir='ltr'><strong>excludat</strong></span> <span class='ocrx_word' id='word_1_59' title='bbox 1327 1314 1632 1368; x_wconf 86' lang='lat' dir='ltr'><strong>personam.</strong></span> <span class='ocrx_word' id='word_1_60' title='bbox 1665 1308 1719 1351; x_wconf 87' lang='lat' dir='ltr'><strong>et</strong></span> <span class='ocrx_word' id='word_1_61' title='bbox 1748 1299 1820 1351; x_wconf 91' lang='lat' dir='ltr'><strong>sit</strong></span> <span class='ocrx_word' id='word_1_62' title='bbox 1848 1297 2054 1365; x_wconf 79' lang='lat' dir='ltr'><strong>major:</strong></span> 
     </span>
    </p>
   </div>
   <div class='ocr_carea' id='block_1_9' title="bbox 487 1387 2059 1460">
    <p class='ocr_par' dir='ltr' id='par_1_9' title="bbox 487 1387 2059 1460">
     <span class='ocr_line' id='line_1_9' title="bbox 487 1387 2059 1460; baseline -0.005 -13"><span class='ocrx_word' id='word_1_63' title='bbox 487 1393 626 1447; x_wconf 86' lang='lat' dir='ltr'><strong>Filio</strong></span> <span class='ocrx_word' id='word_1_64' title='bbox 674 1402 872 1454; x_wconf 88' lang='lat' dir='ltr'><strong>autem,</strong></span> <span class='ocrx_word' id='word_1_65' title='bbox 912 1401 970 1445; x_wconf 90' lang='lat' dir='ltr'><strong>ut</strong></span> <span class='ocrx_word' id='word_1_66' title='bbox 994 1392 1063 1445; x_wconf 87' lang='lat' dir='ltr'><strong>sit</strong></span> <span class='ocrx_word' id='word_1_67' title='bbox 1087 1389 1363 1444; x_wconf 83' lang='lat' dir='ltr'><strong>dissimilis</strong></span> <span class='ocrx_word' id='word_1_68' title='bbox 1386 1388 1520 1460; x_wconf 86' lang='lat'><strong>(6|),</strong></span> <span class='ocrx_word' id='word_1_69' title='bbox 1551 1403 1612 1440; x_wconf 89' lang='lat' dir='ltr'><strong>co</strong></span> <span class='ocrx_word' id='word_1_70' title='bbox 1637 1388 1781 1457; x_wconf 89' lang='lat' dir='ltr'><strong>quod</strong></span> <span class='ocrx_word' id='word_1_71' title='bbox 1812 1388 1880 1441; x_wconf 88' lang='lat' dir='ltr'><strong>sit</strong></span> <span class='ocrx_word' id='word_1_72' title='bbox 1908 1387 2059 1457; x_wconf 77' lang='lat' dir='ltr'><strong>geni-</strong></span> 
     </span>
    </p>
   </div>
   <div class='ocr_carea' id='block_1_10' title="bbox 489 1475 2059 1549">
    <p class='ocr_par' dir='ltr' id='par_1_10' title="bbox 489 1475 2059 1549">
     <span class='ocr_line' id='line_1_10' title="bbox 489 1475 2059 1549; baseline -0.006 -12"><span class='ocrx_word' id='word_1_73' title='bbox 489 1494 576 1538; x_wconf 82' lang='lat' dir='ltr'><strong>tus</strong></span> <span class='ocrx_word' id='word_1_74' title='bbox 612 1500 625 1536; x_wconf 89' lang='lat'><strong>:</strong></span> <span class='ocrx_word' id='word_1_75' title='bbox 665 1497 857 1536; x_wconf 84' lang='lat' dir='ltr'><strong>rursus</strong></span> <span class='ocrx_word' id='word_1_76' title='bbox 894 1481 1097 1535; x_wconf 86' lang='lat' dir='ltr'><strong>scilicet</strong></span> <span class='ocrx_word' id='word_1_77' title='bbox 1125 1496 1243 1549; x_wconf 68' lang='lat' dir='ltr'><strong>quae</strong></span> <span class='ocrx_word' id='word_1_78' title='bbox 1264 1480 1329 1532; x_wconf 91' lang='lat' dir='ltr'><strong>ad</strong></span> <span class='ocrx_word' id='word_1_79' title='bbox 1364 1493 1573 1532; x_wconf 88' lang='lat' dir='ltr'><strong>summe</strong></span> <span class='ocrx_word' id='word_1_80' title='bbox 1598 1475 1918 1530; x_wconf 73' lang='lat' dir='ltr'><strong>iuetfabilum</strong></span> <span class='ocrx_word' id='word_1_81' title='bbox 1943 1476 2059 1529; x_wconf 87' lang='lat' dir='ltr'><strong>dei-</strong></span> 
     </span>
    </p>
   </div>
   <div class='ocr_carea' id='block_1_11' title="bbox 494 1568 2060 1642">
    <p class='ocr_par' dir='ltr' id='par_1_11' title="bbox 494 1568 2060 1642">
     <span class='ocr_line' id='line_1_11' title="bbox 494 1568 2060 1642; baseline -0.006 -13"><span class='ocrx_word' id='word_1_82' title='bbox 494 1584 659 1629; x_wconf 88' lang='lat' dir='ltr'><strong>tatem</strong></span> <span class='ocrx_word' id='word_1_83' title='bbox 689 1582 954 1642; x_wconf 84' lang='lat' dir='ltr'><strong>spectant,</strong></span> <span class='ocrx_word' id='word_1_84' title='bbox 990 1587 1053 1626; x_wconf 88' lang='lat' dir='ltr'><strong>ea</strong></span> <span class='ocrx_word' id='word_1_85' title='bbox 1088 1571 1414 1640; x_wconf 86' lang='lat' dir='ltr'><strong>deprimunt,</strong></span> <span class='ocrx_word' id='word_1_86' title='bbox 1450 1576 1502 1621; x_wconf 92' lang='lat' dir='ltr'><strong>et</strong></span> <span class='ocrx_word' id='word_1_87' title='bbox 1530 1568 1596 1620; x_wconf 89' lang='lat' dir='ltr'><strong>ad</strong></span> <span class='ocrx_word' id='word_1_88' title='bbox 1634 1577 1831 1621; x_wconf 73' lang='lat' dir='ltr'><strong>nostra:</strong></span> <span class='ocrx_word' id='word_1_89' title='bbox 1856 1577 2060 1620; x_wconf 74' lang='lat' dir='ltr'><strong>natura:</strong></span> 
     </span>
    </p>
   </div>
   <div class='ocr_carea' id='block_1_12' title="bbox 487 1659 2058 1733">
    <p class='ocr_par' dir='ltr' id='par_1_12' title="bbox 487 1659 2058 1733">
     <span class='ocr_line' id='line_1_12' title="bbox 487 1659 2058 1733; baseline -0.008 -13"><span class='ocrx_word' id='word_1_90' title='bbox 487 1665 847 1720; x_wconf 72' lang='lat' dir='ltr'><strong>conditionem</strong></span> <span class='ocrx_word' id='word_1_91' title='bbox 890 1663 998 1733; x_wconf 73' lang='lat'><strong>(62)</strong></span> <span class='ocrx_word' id='word_1_92' title='bbox 1037 1661 1299 1727; x_wconf 88' lang='lat' dir='ltr'><strong>tralmut;</strong></span> <span class='ocrx_word' id='word_1_93' title='bbox 1342 1675 1566 1729; x_wconf 67' lang='lat' dir='ltr'><strong>quaeque</strong></span> <span class='ocrx_word' id='word_1_94' title='bbox 1600 1659 1857 1729; x_wconf 75' lang='lat' dir='ltr'><strong>spiritalia</strong></span> <span class='ocrx_word' id='word_1_95' title='bbox 1911 1668 2058 1721; x_wconf 86' lang='lat' dir='ltr'><strong>sunt,</strong></span> 
     </span>
    </p>
   </div>
   <div class='ocr_carea' id='block_1_13' title="bbox 488 1748 2062 1825">
    <p class='ocr_par' dir='ltr' id='par_1_13' title="bbox 488 1748 2062 1825">
     <span class='ocr_line' id='line_1_13' title="bbox 488 1748 2062 1825; baseline -0.006 -16"><span class='ocrx_word' id='word_1_96' title='bbox 488 1766 648 1825; x_wconf 87' lang='lat' dir='ltr'><strong>atque</strong></span> <span class='ocrx_word' id='word_1_97' title='bbox 676 1754 952 1808; x_wconf 88' lang='lat' dir='ltr'><strong>intellectu</strong></span> <span class='ocrx_word' id='word_1_98' title='bbox 992 1759 1198 1805; x_wconf 90' lang='lat' dir='ltr'><strong>tantum</strong></span> <span class='ocrx_word' id='word_1_99' title='bbox 1236 1751 1631 1821; x_wconf 83' lang='lat' dir='ltr'><strong>percipiuntur,</strong></span> <span class='ocrx_word' id='word_1_100' title='bbox 1661 1765 1723 1802; x_wconf 89' lang='lat' dir='ltr'><strong>ea</strong></span> <span class='ocrx_word' id='word_1_101' title='bbox 1765 1748 2062 1802; x_wconf 61' lang='lat' dir='ltr'><strong>ﬂutat-ma-</strong></span> 
     </span>
    </p>
   </div>
   <div class='ocr_carea' id='block_1_14' title="bbox 1726 403 2470 466">
    <p class='ocr_par' dir='ltr' id='par_1_14' title="bbox 1726 403 2470 466">
     <span class='ocr_line' id='line_1_14' title="bbox 1726 403 2470 466; baseline 0.003 -3"><span class='ocrx_word' id='word_1_102' title='bbox 1726 403 1960 465; x_wconf 38' lang='lat' dir='ltr'><strong>DID&#39;YMI</strong></span> <span class='ocrx_word' id='word_1_103' title='bbox 2003 403 2470 466; x_wconf 70' lang='grc' dir='ltr'><strong>ΑιΕΧΑΝΙῘΙὶΥΝι</strong></span> 
     </span>
    </p>
   </div>
   <div class='ocr_carea' id='block_1_15' title="bbox 3628 399 3739 464">
    <p class='ocr_par' dir='ltr' id='par_1_15' title="bbox 3628 399 3739 464">
     <span class='ocr_line' id='line_1_15' title="bbox 3628 399 3739 464; baseline 0 0"><span class='ocrx_word' id='word_1_104' title='bbox 3628 399 3739 464; x_wconf 69' lang='grc' dir='ltr'><strong>55Ξ</strong></span> 
     </span>
    </p>
   </div>
   <div class='ocr_carea' id='block_1_16' title="bbox 2767 543 3091 610">
    <p class='ocr_par' dir='ltr' id='par_1_16' title="bbox 2767 543 3091 610">
     <span class='ocr_line' id='line_1_16' title="bbox 2767 543 3091 610; baseline 0.006 -15"><span class='ocrx_word' id='word_1_105' title='bbox 2767 544 2923 596; x_wconf 69' lang='lat' dir='ltr'><strong>um.</strong></span> <span class='ocrx_word' id='word_1_106' title='bbox 2976 543 3091 610; x_wconf 68' lang='grc' dir='ltr'>ις’.</span> 
     </span>
    </p>
   </div>
   <div class='ocr_carea' id='block_1_17' title="bbox 2160 731 3737 816">
    <p class='ocr_par' dir='ltr' id='par_1_17' title="bbox 2160 731 3737 816">
     <span class='ocr_line' id='line_1_17' title="bbox 2160 731 3737 816; baseline -0.001 -27"><span class='ocrx_word' id='word_1_107' title='bbox 2160 737 2300 816; x_wconf 64' lang='grc' dir='ltr'>Περὶ</span> <span class='ocrx_word' id='word_1_108' title='bbox 2324 734 2443 816; x_wconf 75' lang='grc' dir='ltr'><strong>τῷν</strong></span> <span class='ocrx_word' id='word_1_109' title='bbox 2465 738 2788 816; x_wconf 49' lang='grc' dir='ltr'>λεχγῇςςτίιέν,</span> <span class='ocrx_word' id='word_1_110' title='bbox 2817 732 2906 816; x_wconf 62' lang='grc' dir='ltr'>ὅτι</span> <span class='ocrx_word' id='word_1_111' title='bbox 2954 731 3309 816; x_wconf 53' lang='grc' dir='ltr'>’.ᾼσύγιιριτος</span> <span class='ocrx_word' id='word_1_112' title='bbox 3328 731 3435 816; x_wconf 40' lang='grc' dir='ltr'>,καὶ</span> <span class='ocrx_word' id='word_1_113' title='bbox 3467 731 3737 816; x_wconf 47' lang='grc' dir='ltr'><strong>μείξειςᾺὸ</strong></span> 
     </span>
    </p>
   </div>
   <div class='ocr_carea' id='block_1_18' title="bbox 2232 801 3737 878">
    <p class='ocr_par' dir='ltr' id='par_1_18' title="bbox 2232 801 3737 878">
     <span class='ocr_line' id='line_1_18' title="bbox 2232 801 3737 878; baseline -0.002 -18"><span class='ocrx_word' id='word_1_114' title='bbox 2232 801 2421 878; x_wconf 78' lang='grc' dir='ltr'>Πατὴρ</span> <span class='ocrx_word' id='word_1_115' title='bbox 2480 801 2923 878; x_wconf 47' lang='lat' dir='ltr'><strong>murtea-atat,</strong></span> <span class='ocrx_word' id='word_1_116' title='bbox 2955 802 3046 856; x_wconf 75' lang='grc' dir='ltr'>ὅτοι</span> <span class='ocrx_word' id='word_1_117' title='bbox 3094 801 3260 878; x_wconf 75' lang='grc' dir='ltr'>’Ἄλλο</span> <span class='ocrx_word' id='word_1_118' title='bbox 3294 801 3582 878; x_wconf 24' lang='grc' dir='ltr'>εἱξὼνᾲκαὶ</span> <span class='ocrx_word' id='word_1_119' title='bbox 3610 803 3737 878; x_wconf 68' lang='grc' dir='ltr'>ἀλλο</span> 
     </span>
    </p>
   </div>
   <div class='ocr_carea' id='block_1_19' title="bbox 2229 871 3735 954">
    <p class='ocr_par' dir='ltr' id='par_1_19' title="bbox 2229 871 3735 954">
     <span class='ocr_line' id='line_1_19' title="bbox 2229 871 3735 954; baseline -0.002 -25"><span class='ocrx_word' id='word_1_120' title='bbox 2229 871 2656 954; x_wconf 38' lang='grc' dir='ltr'>Θεόςίξξιαὶηᾷτιι</span> <span class='ocrx_word' id='word_1_121' title='bbox 2686 875 2798 954; x_wconf 57' lang='lat' dir='ltr'><strong>Kal</strong></span> <span class='ocrx_word' id='word_1_122' title='bbox 2827 874 3112 954; x_wconf 66' lang='grc' dir='ltr'>ἄνθρωπος</span> <span class='ocrx_word' id='word_1_123' title='bbox 3149 871 3487 954; x_wconf 44' lang='grc' dir='ltr'><strong>εῐκῲνΑΘεοῦ</strong></span> <span class='ocrx_word' id='word_1_124' title='bbox 3520 875 3735 954; x_wconf 46' lang='grc' dir='ltr'>ὲ-γράξρη</span> 
     </span>
    </p>
   </div>
   <div class='ocr_carea' id='block_1_20' title="bbox 2228 941 3736 1013">
    <p class='ocr_par' dir='ltr' id='par_1_20' title="bbox 2228 941 3736 1013">
     <span class='ocr_line' id='line_1_20' title="bbox 2228 941 3736 1013; baseline -0.001 -13"><span class='ocrx_word' id='word_1_125' title='bbox 2228 947 2321 1000; x_wconf 74' lang='grc' dir='ltr'><strong>καὶ</strong></span> <span class='ocrx_word' id='word_1_126' title='bbox 2350 947 2495 1013; x_wconf 78' lang='grc' dir='ltr'>δόξα.</span> <span class='ocrx_word' id='word_1_127' title='bbox 2518 941 2645 998; x_wconf 75' lang='grc' dir='ltr'><strong>Καὶ</strong></span> <span class='ocrx_word' id='word_1_128' title='bbox 2674 944 2804 1012; x_wconf 77' lang='grc' dir='ltr'>περὶ</span> <span class='ocrx_word' id='word_1_129' title='bbox 2836 941 2971 1013; x_wconf 23' lang='grc' dir='ltr'><strong>τοῦῖ</strong></span> <span class='ocrx_word' id='word_1_130' title='bbox 2979 941 3408 1011; x_wconf 83' lang='grc' dir='ltr'>μαρτυρεῖσθαι</span> <span class='ocrx_word' id='word_1_131' title='bbox 3438 945 3556 995; x_wconf 82' lang='grc' dir='ltr'>κατ’</span> <span class='ocrx_word' id='word_1_132' title='bbox 3586 941 3736 1005; x_wconf 70' lang='grc' dir='ltr'>οὐδὲν</span> 
     </span>
    </p>
   </div>
   <div class='ocr_carea' id='block_1_21' title="bbox 2230 1012 3170 1088">
    <p class='ocr_par' dir='ltr' id='par_1_21' title="bbox 2230 1012 3170 1088">
     <span class='ocr_line' id='line_1_21' title="bbox 2230 1012 3170 1088; baseline -0.007 -18"><span class='ocrx_word' id='word_1_133' title='bbox 2230 1012 2504 1088; x_wconf 66' lang='grc' dir='ltr'>διαφέρειν</span> <span class='ocrx_word' id='word_1_134' title='bbox 2529 1016 2623 1069; x_wconf 81' lang='grc' dir='ltr'>τοῦ</span> <span class='ocrx_word' id='word_1_135' title='bbox 2651 1014 2781 1067; x_wconf 82' lang='grc' dir='ltr'><strong>Υἱοῦ</strong></span> <span class='ocrx_word' id='word_1_136' title='bbox 2811 1013 2902 1066; x_wconf 81' lang='grc' dir='ltr'><strong>τὸν</strong></span> <span class='ocrx_word' id='word_1_137' title='bbox 2931 1012 3170 1082; x_wconf 83' lang='grc' dir='ltr'><strong>Πατέρα.</strong></span> 
     </span>
    </p>
   </div>
   <div class='ocr_carea' id='block_1_22' title="bbox 2230 1207 3738 1281">
    <p class='ocr_par' dir='ltr' id='par_1_22' title="bbox 2230 1207 3738 1281">
     <span class='ocr_line' id='line_1_22' title="bbox 2230 1207 3738 1281; baseline -0.001 -16"><span class='ocrx_word' id='word_1_138' title='bbox 2230 1213 2340 1266; x_wconf 74' lang='grc' dir='ltr'>Καὶ</span> <span class='ocrx_word' id='word_1_139' title='bbox 2359 1211 2420 1264; x_wconf 77' lang='grc' dir='ltr'>τὸ</span> <span class='ocrx_word' id='word_1_140' title='bbox 2451 1211 2780 1281; x_wconf 81' lang='grc' dir='ltr'><strong>ἀσύγκριτον</strong></span> <span class='ocrx_word' id='word_1_141' title='bbox 2818 1209 2873 1264; x_wconf 86' lang='grc' dir='ltr'>δὲ</span> <span class='ocrx_word' id='word_1_142' title='bbox 2903 1211 2997 1264; x_wconf 70' lang='grc' dir='ltr'><strong>καὶ</strong></span> <span class='ocrx_word' id='word_1_143' title='bbox 3037 1209 3219 1279; x_wconf 74' lang='grc' dir='ltr'>μεῖζον</span> <span class='ocrx_word' id='word_1_144' title='bbox 3254 1207 3330 1278; x_wconf 81' lang='grc' dir='ltr'>τῷ</span> <span class='ocrx_word' id='word_1_145' title='bbox 3359 1210 3534 1281; x_wconf 74' lang='grc' dir='ltr'>Πατρὶ</span> <span class='ocrx_word' id='word_1_146' title='bbox 3566 1210 3653 1263; x_wconf 77' lang='grc' dir='ltr'>διὰ</span> <span class='ocrx_word' id='word_1_147' title='bbox 3677 1209 3738 1263; x_wconf 73' lang='grc' dir='ltr'>τὸ</span> 
     </span>
    </p>
   </div>
   <div class='ocr_carea' id='block_1_23' title="bbox 2162 1300 3734 1376">
    <p class='ocr_par' dir='ltr' id='par_1_23' title="bbox 2162 1300 3734 1376">
     <span class='ocr_line' id='line_1_23' title="bbox 2162 1300 3734 1376; baseline -0.004 -17"><span class='ocrx_word' id='word_1_148' title='bbox 2162 1305 2453 1376; x_wconf 82' lang='grc' dir='ltr'>ἀγέννητον</span> <span class='ocrx_word' id='word_1_149' title='bbox 2478 1304 2811 1372; x_wconf 81' lang='grc' dir='ltr'><strong>ἀπονέμουσι</strong></span> <span class='ocrx_word' id='word_1_150' title='bbox 2837 1320 2850 1337; x_wconf 75' lang='grc' dir='ltr'><strong><em>ο</em></strong></span> <span class='ocrx_word' id='word_1_151' title='bbox 2884 1301 2963 1372; x_wconf 79' lang='grc' dir='ltr'>τῷ</span> <span class='ocrx_word' id='word_1_152' title='bbox 2993 1302 3048 1354; x_wconf 78' lang='grc' dir='ltr'>δὲ</span> <span class='ocrx_word' id='word_1_153' title='bbox 3082 1300 3196 1371; x_wconf 79' lang='grc' dir='ltr'><strong>Υἱῷ</strong></span> <span class='ocrx_word' id='word_1_154' title='bbox 3235 1300 3296 1354; x_wconf 75' lang='grc' dir='ltr'>τὸ</span> <span class='ocrx_word' id='word_1_155' title='bbox 3342 1302 3618 1372; x_wconf 85' lang='grc' dir='ltr'>ἀνόμοιον,</span> <span class='ocrx_word' id='word_1_156' title='bbox 3649 1300 3734 1355; x_wconf 71' lang='lat'><strong>6:5:</strong></span> 
     </span>
    </p>
   </div>
   <div class='ocr_carea' id='block_1_24' title="bbox 2162 1395 3738 1468">
    <p class='ocr_par' dir='ltr' id='par_1_24' title="bbox 2162 1395 3738 1468">
     <span class='ocr_line' id='line_1_24' title="bbox 2162 1395 3738 1468; baseline -0.004 -16"><span class='ocrx_word' id='word_1_157' title='bbox 2162 1399 2221 1452; x_wconf 77' lang='grc' dir='ltr'>τὸ</span> <span class='ocrx_word' id='word_1_158' title='bbox 2255 1398 2397 1468; x_wconf 82' lang='grc' dir='ltr'>ἔχειν</span> <span class='ocrx_word' id='word_1_159' title='bbox 2421 1399 2480 1451; x_wconf 80' lang='grc' dir='ltr'>τὸ</span> <span class='ocrx_word' id='word_1_160' title='bbox 2512 1397 2791 1467; x_wconf 79' lang='grc' dir='ltr'>γεννητὸν,</span> <span class='ocrx_word' id='word_1_161' title='bbox 2819 1395 3175 1458; x_wconf 87' lang='grc' dir='ltr'>καθέλκοντες</span> <span class='ocrx_word' id='word_1_162' title='bbox 3201 1395 3361 1449; x_wconf 81' lang='grc' dir='ltr'>πάλιν</span> <span class='ocrx_word' id='word_1_163' title='bbox 3389 1395 3457 1447; x_wconf 88' lang='grc' dir='ltr'>τὰ</span> <span class='ocrx_word' id='word_1_164' title='bbox 3483 1395 3611 1466; x_wconf 70' lang='grc' dir='ltr'>περὶ</span> <span class='ocrx_word' id='word_1_165' title='bbox 3640 1396 3738 1464; x_wconf 79' lang='grc' dir='ltr'>τῆς</span> 
     </span>
    </p>
   </div>
   <div class='ocr_carea' id='block_1_25' title="bbox 2161 1482 3736 1558">
    <p class='ocr_par' dir='ltr' id='par_1_25' title="bbox 2161 1482 3736 1558">
     <span class='ocr_line' id='line_1_25' title="bbox 2161 1482 3736 1558; baseline -0.003 -18"><span class='ocrx_word' id='word_1_166' title='bbox 2161 1486 2536 1558; x_wconf 74' lang='grc' dir='ltr'>ἀρῤητοτάτης</span> <span class='ocrx_word' id='word_1_167' title='bbox 2565 1484 2816 1554; x_wconf 84' lang='grc' dir='ltr'><strong>θεότητος</strong></span> <span class='ocrx_word' id='word_1_168' title='bbox 2846 1485 2926 1547; x_wconf 80' lang='grc' dir='ltr'><strong>εἰς</strong></span> <span class='ocrx_word' id='word_1_169' title='bbox 2965 1482 3033 1536; x_wconf 82' lang='grc' dir='ltr'>τὰ</span> <span class='ocrx_word' id='word_1_170' title='bbox 3058 1483 3159 1552; x_wconf 79' lang='grc' dir='ltr'>τῆς</span> <span class='ocrx_word' id='word_1_171' title='bbox 3202 1482 3475 1555; x_wconf 84' lang='grc' dir='ltr'>ἡμετέρας</span> <span class='ocrx_word' id='word_1_172' title='bbox 3524 1483 3736 1551; x_wconf 79' lang='grc' dir='ltr'>φύσεως</span> 
     </span>
    </p>
   </div>
   <div class='ocr_carea' id='block_1_26' title="bbox 2162 1572 3730 1648">
    <p class='ocr_par' dir='ltr' id='par_1_26' title="bbox 2162 1572 3730 1648">
     <span class='ocr_line' id='line_1_26' title="bbox 2162 1572 3730 1648; baseline -0.004 -16"><span class='ocrx_word' id='word_1_173' title='bbox 2162 1577 2576 1648; x_wconf 80' lang='grc' dir='ltr'>ἀποτελέσματα</span> <span class='ocrx_word' id='word_1_174' title='bbox 2603 1619 2616 1644; x_wconf 84' lang='grc'><strong>,</strong></span> <span class='ocrx_word' id='word_1_175' title='bbox 2651 1576 2747 1630; x_wconf 71' lang='grc' dir='ltr'>καὶ</span> <span class='ocrx_word' id='word_1_176' title='bbox 2799 1574 2869 1628; x_wconf 76' lang='grc' dir='ltr'>τὰ</span> <span class='ocrx_word' id='word_1_177' title='bbox 2908 1575 3074 1645; x_wconf 88' lang='grc' dir='ltr'>νοητά</span> <span class='ocrx_word' id='word_1_178' title='bbox 3126 1576 3236 1636; x_wconf 80' lang='grc' dir='ltr'>τοῖς</span> <span class='ocrx_word' id='word_1_179' title='bbox 3284 1574 3382 1644; x_wconf 79' lang='grc' dir='ltr'>τῆς</span> <span class='ocrx_word' id='word_1_180' title='bbox 3435 1572 3567 1644; x_wconf 77' lang='grc' dir='ltr'>ὕλης</span> <span class='ocrx_word' id='word_1_181' title='bbox 3619 1573 3730 1645; x_wconf 76' lang='grc' dir='ltr'><strong>ῥεύ-</strong></span> 
     </span>
    </p>
   </div>
   <div class='ocr_carea' id='block_1_27' title="bbox 2166 1656 3734 1741">
    <p class='ocr_par' dir='ltr' id='par_1_27' title="bbox 2166 1656 3734 1741">
     <span class='ocr_line' id='line_1_27' title="bbox 2166 1656 3734 1741; baseline -0.004 -19"><span class='ocrx_word' id='word_1_182' title='bbox 2166 1687 2326 1741; x_wconf 86' lang='grc' dir='ltr'>μασιν</span> <span class='ocrx_word' id='word_1_183' title='bbox 2395 1656 2868 1739; x_wconf 78' lang='grc' dir='ltr'>συνεξομοιοῦσθαι</span> <span class='ocrx_word' id='word_1_184' title='bbox 2928 1665 3259 1736; x_wconf 81' lang='grc' dir='ltr'>νομίζοντες.</span> <span class='ocrx_word' id='word_1_185' title='bbox 3334 1665 3416 1717; x_wconf 79' lang='grc' dir='ltr'><strong>Τὰ</strong></span> <span class='ocrx_word' id='word_1_186' title='bbox 3475 1664 3574 1734; x_wconf 80' lang='grc' dir='ltr'><strong>μὲν</strong></span> <span class='ocrx_word' id='word_1_187' title='bbox 3631 1664 3734 1734; x_wconf 68' lang='grc' dir='ltr'><strong>γὲ(</strong></span> 
     </span>
    </p>
   </div>
   <div class='ocr_carea' id='block_1_28' title="bbox 2164 1756 3727 1834">
    <p class='ocr_par' dir='ltr' id='par_1_28' title="bbox 2164 1756 3727 1834">
     <span class='ocr_line' id='line_1_28' title="bbox 2164 1756 3727 1834; baseline -0.004 -20"><span class='ocrx_word' id='word_1_188' title='bbox 2164 1763 2530 1834; x_wconf 79' lang='grc' dir='ltr'>ὑπερουράνια</span> <span class='ocrx_word' id='word_1_189' title='bbox 2587 1762 2763 1814; x_wconf 83' lang='grc' dir='ltr'>πάντα</span> <span class='ocrx_word' id='word_1_190' title='bbox 2824 1756 2948 1811; x_wconf 77' lang='grc' dir='ltr'>νοῦν</span> <span class='ocrx_word' id='word_1_191' title='bbox 2990 1758 3083 1810; x_wconf 75' lang='grc' dir='ltr'>καὶ</span> <span class='ocrx_word' id='word_1_192' title='bbox 3123 1759 3302 1810; x_wconf 81' lang='grc' dir='ltr'>πᾶσαν</span> <span class='ocrx_word' id='word_1_193' title='bbox 3354 1756 3536 1827; x_wconf 79' lang='grc' dir='ltr'>νόησιν</span> <span class='ocrx_word' id='word_1_194' title='bbox 3570 1757 3727 1826; x_wconf 84' lang='grc' dir='ltr'>ὑπερ-</span> 
     </span>
    </p>
   </div>
   <div class='ocr_carea' id='block_1_29' title="bbox 489 1841 2057 1919">
    <p class='ocr_par' dir='ltr' id='par_1_29' title="bbox 489 1841 2057 1910">
     <span class='ocr_line' id='line_1_29' title="bbox 489 1841 2057 1910; baseline -0.004 -9"><span class='ocrx_word' id='word_1_195' title='bbox 489 1848 637 1901; x_wconf 73' lang='lat' dir='ltr'><strong>terite</strong></span> <span class='ocrx_word' id='word_1_196' title='bbox 666 1845 862 1900; x_wconf 83' lang='lat' dir='ltr'><strong>similia</strong></span> <span class='ocrx_word' id='word_1_197' title='bbox 894 1860 1016 1899; x_wconf 80' lang='lat' dir='ltr'><strong>esse</strong></span> <span class='ocrx_word' id='word_1_198' title='bbox 1047 1845 1368 1899; x_wconf 78' lang='lat' dir='ltr'><strong>existimant</strong></span> <span class='ocrx_word' id='word_1_199' title='bbox 1395 1856 1412 1896; x_wconf 90' lang='lat'><strong>:</strong></span> <span class='ocrx_word' id='word_1_200' title='bbox 1447 1857 1569 1896; x_wconf 86' lang='lat' dir='ltr'><strong>cum</strong></span> <span class='ocrx_word' id='word_1_201' title='bbox 1607 1841 1693 1895; x_wconf 90' lang='lat' dir='ltr'><strong>illa</strong></span> <span class='ocrx_word' id='word_1_202' title='bbox 1723 1852 1845 1910; x_wconf 63' lang='lat' dir='ltr'><strong>qua:</strong></span> <span class='ocrx_word' id='word_1_203' title='bbox 1867 1851 2057 1909; x_wconf 86' lang='lat' dir='ltr'><strong>super-</strong></span> 
     </span>
    </p>
   </div>
   <div class='ocr_carea' id='block_1_30' title="bbox 2159 1841 3733 1919">
    <p class='ocr_par' dir='ltr' id='par_1_30' title="bbox 2163 1845 3733 1918">
     <span class='ocr_line' id='line_1_30' title="bbox 2163 1845 3733 1918; baseline -0.006 -15"><span class='ocrx_word' id='word_1_204' title='bbox 2163 1851 2441 1915; x_wconf 78' lang='grc' dir='ltr'>6αίνοντα,</span> <span class='ocrx_word' id='word_1_205' title='bbox 2477 1850 2544 1902; x_wconf 75' lang='grc' dir='ltr'><strong>τά</strong></span> <span class='ocrx_word' id='word_1_206' title='bbox 2588 1849 2642 1901; x_wconf 79' lang='grc' dir='ltr'>δὲ</span> <span class='ocrx_word' id='word_1_207' title='bbox 2674 1849 2836 1918; x_wconf 77' lang='grc' dir='ltr'>γήϊνα</span> <span class='ocrx_word' id='word_1_208' title='bbox 2867 1848 2961 1899; x_wconf 76' lang='grc' dir='ltr'>καὶ</span> <span class='ocrx_word' id='word_1_209' title='bbox 2989 1846 3218 1899; x_wconf 65' lang='grc' dir='ltr'>ταπεινὰ</span> <span class='ocrx_word' id='word_1_210' title='bbox 3263 1846 3357 1898; x_wconf 73' lang='grc' dir='ltr'><strong>καὶ</strong></span> <span class='ocrx_word' id='word_1_211' title='bbox 3382 1845 3558 1915; x_wconf 79' lang='grc' dir='ltr'>χρόνῳ</span> <span class='ocrx_word' id='word_1_212' title='bbox 3587 1845 3733 1911; x_wconf 87' lang='grc' dir='ltr'>γινό-</span> 
     </span>
    </p>
   </div>
   <div class='ocr_carea' id='block_1_31' title="bbox 485 1934 2059 2004">
    <p class='ocr_par' dir='ltr' id='par_1_31' title="bbox 485 1934 2059 2004">
     <span class='ocr_line' id='line_1_31' title="bbox 485 1934 2059 2004; baseline -0.006 -9"><span class='ocrx_word' id='word_1_213' title='bbox 485 1941 732 1997; x_wconf 70' lang='lat' dir='ltr'><strong>cmlesda</strong></span> <span class='ocrx_word' id='word_1_214' title='bbox 765 1947 912 2002; x_wconf 78' lang='lat' dir='ltr'><strong>sunt,</strong></span> <span class='ocrx_word' id='word_1_215' title='bbox 941 1953 1156 1992; x_wconf 86' lang='lat' dir='ltr'><strong>omnem</strong></span> <span class='ocrx_word' id='word_1_216' title='bbox 1192 1947 1450 2004; x_wconf 90' lang='lat' dir='ltr'><strong>mentem,</strong></span> <span class='ocrx_word' id='word_1_217' title='bbox 1480 1947 1534 1989; x_wconf 86' lang='lat' dir='ltr'><strong>et</strong></span> <span class='ocrx_word' id='word_1_218' title='bbox 1562 1934 1942 2004; x_wconf 83' lang='lat' dir='ltr'><strong>cogitationem</strong></span> <span class='ocrx_word' id='word_1_219' title='bbox 1967 1947 2059 1987; x_wconf 85' lang='lat' dir='ltr'><strong>su-</strong></span> 
     </span>
    </p>
   </div>
   <div class='ocr_carea' id='block_1_32' title="bbox 486 2026 2060 2101">
    <p class='ocr_par' dir='ltr' id='par_1_32' title="bbox 486 2026 2060 2101">
     <span class='ocr_line' id='line_1_32' title="bbox 486 2026 2060 2101; baseline -0.006 -14"><span class='ocrx_word' id='word_1_220' title='bbox 486 2042 705 2100; x_wconf 84' lang='lat' dir='ltr'><strong>perent;</strong></span> <span class='ocrx_word' id='word_1_221' title='bbox 727 2044 848 2101; x_wconf 66' lang='lat' dir='ltr'><strong>qua:</strong></span> <span class='ocrx_word' id='word_1_222' title='bbox 876 2046 1005 2085; x_wconf 77' lang='lat' dir='ltr'><strong>vero</strong></span> <span class='ocrx_word' id='word_1_223' title='bbox 1028 2037 1245 2082; x_wconf 65' lang='lat' dir='ltr'><strong>terrena</strong></span> <span class='ocrx_word' id='word_1_224' title='bbox 1262 2037 1406 2093; x_wconf 89' lang='lat' dir='ltr'><strong>sunt,</strong></span> <span class='ocrx_word' id='word_1_225' title='bbox 1436 2026 1645 2095; x_wconf 69' lang='lat' dir='ltr'><strong>abiecta</strong></span> <span class='ocrx_word' id='word_1_226' title='bbox 1674 2027 1834 2080; x_wconf 90' lang='lat' dir='ltr'><strong>etiam</strong></span> <span class='ocrx_word' id='word_1_227' title='bbox 1851 2026 2060 2089; x_wconf 84' lang='lat' dir='ltr'><strong>sinl,ac</strong></span> 
     </span>
    </p>
   </div>
   <div class='ocr_carea' id='block_1_33' title="bbox 488 2117 2059 2193">
    <p class='ocr_par' dir='ltr' id='par_1_33' title="bbox 488 2117 2059 2193">
     <span class='ocr_line' id='line_1_33' title="bbox 488 2117 2059 2193; baseline -0.004 -17"><span class='ocrx_word' id='word_1_228' title='bbox 488 2132 729 2193; x_wconf 86' lang='lat' dir='ltr'><strong>tempore</strong></span> <span class='ocrx_word' id='word_1_229' title='bbox 751 2122 1350 2186; x_wconf 79' lang='lat' dir='ltr'><strong>facta,,ctdecremento</strong></span> <span class='ocrx_word' id='word_1_230' title='bbox 1380 2119 1646 2188; x_wconf 83' lang='lat' dir='ltr'><strong>mortique</strong></span> <span class='ocrx_word' id='word_1_231' title='bbox 1675 2117 1926 2173; x_wconf 83' lang='lat' dir='ltr'><strong>obnoxia.</strong></span> <span class='ocrx_word' id='word_1_232' title='bbox 1956 2117 2059 2171; x_wconf 86' lang='lat' dir='ltr'><strong>Sed</strong></span> 
     </span>
    </p>
   </div>
   <div class='ocr_carea' id='block_1_34' title="bbox 488 2211 2061 2282">
    <p class='ocr_par' dir='ltr' id='par_1_34' title="bbox 488 2211 2061 2282">
     <span class='ocr_line' id='line_1_34' title="bbox 488 2211 2061 2282; baseline -0.004 -13"><span class='ocrx_word' id='word_1_233' title='bbox 488 2214 578 2269; x_wconf 87' lang='lat' dir='ltr'><strong>ille</strong></span> <span class='ocrx_word' id='word_1_234' title='bbox 600 2215 835 2268; x_wconf 76' lang='lat' dir='ltr'><strong>maxime</strong></span> <span class='ocrx_word' id='word_1_235' title='bbox 856 2212 1070 2282; x_wconf 86' lang='lat' dir='ltr'><strong>quidem</strong></span> <span class='ocrx_word' id='word_1_236' title='bbox 1094 2212 1161 2265; x_wconf 90' lang='lat' dir='ltr'><strong>ab</strong></span> <span class='ocrx_word' id='word_1_237' title='bbox 1186 2219 1391 2267; x_wconf 66' lang='lat' dir='ltr'><strong>aeterno</strong></span> <span class='ocrx_word' id='word_1_238' title='bbox 1426 2211 1644 2282; x_wconf 78' lang='lat' dir='ltr'><strong>genitus</strong></span> <span class='ocrx_word' id='word_1_239' title='bbox 1666 2217 1771 2273; x_wconf 80' lang='lat' dir='ltr'><strong>est,</strong></span> <span class='ocrx_word' id='word_1_240' title='bbox 1787 2224 1907 2263; x_wconf 88' lang='lat' dir='ltr'><strong>cum</strong></span> <span class='ocrx_word' id='word_1_241' title='bbox 1937 2223 2061 2263; x_wconf 89' lang='lat' dir='ltr'><strong>vero</strong></span> 
     </span>
    </p>
   </div>
   <div class='ocr_carea' id='block_1_35' title="bbox 484 2298 2061 2365">
    <p class='ocr_par' dir='ltr' id='par_1_35' title="bbox 484 2298 2061 2365">
     <span class='ocr_line' id='line_1_35' title="bbox 484 2298 2061 2365; baseline -0.004 -8"><span class='ocrx_word' id='word_1_242' title='bbox 484 2316 588 2358; x_wconf 83' lang='lat' dir='ltr'><strong>suo</strong></span> <span class='ocrx_word' id='word_1_243' title='bbox 608 2300 789 2365; x_wconf 80' lang='lat' dir='ltr'><strong>Patre,</strong></span> <span class='ocrx_word' id='word_1_244' title='bbox 807 2301 968 2354; x_wconf 82' lang='lat' dir='ltr'><strong>veluti</strong></span> <span class='ocrx_word' id='word_1_245' title='bbox 987 2302 1070 2354; x_wconf 77' lang='lat' dir='ltr'><strong>lux</strong></span> <span class='ocrx_word' id='word_1_246' title='bbox 1086 2316 1205 2354; x_wconf 89' lang='lat' dir='ltr'><strong>cum</strong></span> <span class='ocrx_word' id='word_1_247' title='bbox 1221 2299 1349 2355; x_wconf 86' lang='lat' dir='ltr'><strong>solis</strong></span> <span class='ocrx_word' id='word_1_248' title='bbox 1361 2301 1533 2364; x_wconf 86' lang='lat' dir='ltr'><strong>disco,</strong></span> <span class='ocrx_word' id='word_1_249' title='bbox 1548 2309 1601 2354; x_wconf 88' lang='lat' dir='ltr'><strong>et</strong></span> <span class='ocrx_word' id='word_1_250' title='bbox 1619 2298 1782 2354; x_wconf 88' lang='lat' dir='ltr'><strong>simul</strong></span> <span class='ocrx_word' id='word_1_251' title='bbox 1794 2299 2061 2354; x_wconf 80' lang='lat' dir='ltr'><strong>exsistens</strong></span> 
     </span>
    </p>
   </div>
   <div class='ocr_carea' id='block_1_36' title="bbox 489 2391 2058 2460">
    <p class='ocr_par' dir='ltr' id='par_1_36' title="bbox 489 2391 2058 2460">
     <span class='ocr_line' id='line_1_36' title="bbox 489 2391 2058 2460; baseline -0.003 -14"><span class='ocrx_word' id='word_1_252' title='bbox 489 2401 545 2446; x_wconf 91' lang='lat' dir='ltr'><strong>et</strong></span> <span class='ocrx_word' id='word_1_253' title='bbox 566 2393 726 2448; x_wconf 90' lang='lat' dir='ltr'><strong>simul</strong></span> <span class='ocrx_word' id='word_1_254' title='bbox 762 2406 997 2460; x_wconf 85' lang='lat' dir='ltr'><strong>operans</strong></span> <span class='ocrx_word' id='word_1_255' title='bbox 1027 2409 1041 2445; x_wconf 88' lang='lat'><strong>:</strong></span> <span class='ocrx_word' id='word_1_256' title='bbox 1078 2393 1205 2446; x_wconf 86' lang='lat' dir='ltr'><strong>illud</strong></span> <span class='ocrx_word' id='word_1_257' title='bbox 1252 2406 1379 2447; x_wconf 81' lang='lat' dir='ltr'><strong>vero</strong></span> <span class='ocrx_word' id='word_1_258' title='bbox 1406 2394 1568 2446; x_wconf 87' lang='lat' dir='ltr'><strong>etiam</strong></span> <span class='ocrx_word' id='word_1_259' title='bbox 1598 2392 1781 2456; x_wconf 84' lang='lat' dir='ltr'><strong>habet,</strong></span> <span class='ocrx_word' id='word_1_260' title='bbox 1812 2401 1869 2447; x_wconf 90' lang='lat' dir='ltr'><strong>ut</strong></span> <span class='ocrx_word' id='word_1_261' title='bbox 1894 2401 1947 2447; x_wconf 88' lang='lat' dir='ltr'><strong>et</strong></span> <span class='ocrx_word' id='word_1_262' title='bbox 1968 2391 2058 2454; x_wconf 90' lang='lat' dir='ltr'><strong>sit,</strong></span> 
     </span>
    </p>
   </div>
   <div class='ocr_carea' id='block_1_37' title="bbox 489 2483 2060 2553">
    <p class='ocr_par' dir='ltr' id='par_1_37' title="bbox 489 2483 2060 2553">
     <span class='ocr_line' id='line_1_37' title="bbox 489 2483 2060 2553; baseline -0.002 -14"><span class='ocrx_word' id='word_1_263' title='bbox 489 2496 544 2539; x_wconf 90' lang='lat' dir='ltr'><strong>et</strong></span> <span class='ocrx_word' id='word_1_264' title='bbox 573 2500 603 2539; x_wconf 88' lang='lat' dir='ltr'><strong>a</strong></span> <span class='ocrx_word' id='word_1_265' title='bbox 649 2484 945 2553; x_wconf 84' lang='lat' dir='ltr'><strong>Scripturis</strong></span> <span class='ocrx_word' id='word_1_266' title='bbox 1006 2486 1215 2539; x_wconf 82' lang='lat' dir='ltr'><strong>dicatur</strong></span> <span class='ocrx_word' id='word_1_267' title='bbox 1267 2486 1427 2545; x_wconf 86' lang='lat' dir='ltr'><strong>Deus,</strong></span> <span class='ocrx_word' id='word_1_268' title='bbox 1489 2483 1765 2547; x_wconf 86' lang='lat' dir='ltr'><strong>Dominus,</strong></span> <span class='ocrx_word' id='word_1_269' title='bbox 1815 2490 2060 2545; x_wconf 82' lang='lat' dir='ltr'><strong>sanctus,</strong></span> 
     </span>
    </p>
   </div>
   <div class='ocr_carea' id='block_1_38' title="bbox 488 2575 2063 2646">
    <p class='ocr_par' dir='ltr' id='par_1_38' title="bbox 488 2575 2063 2646">
     <span class='ocr_line' id='line_1_38' title="bbox 488 2575 2063 2646; baseline -0.003 -13"><span class='ocrx_word' id='word_1_270' title='bbox 488 2589 726 2641; x_wconf 86' lang='lat' dir='ltr'><strong>creator,</strong></span> <span class='ocrx_word' id='word_1_271' title='bbox 776 2576 1217 2646; x_wconf 82' lang='lat' dir='ltr'><strong>inrorruptibilis,</strong></span> <span class='ocrx_word' id='word_1_272' title='bbox 1263 2575 1388 2641; x_wconf 84' lang='lat' dir='ltr'><strong>vita,</strong></span> <span class='ocrx_word' id='word_1_273' title='bbox 1426 2575 1534 2639; x_wconf 75' lang='lat' dir='ltr'><strong>lux,</strong></span> <span class='ocrx_word' id='word_1_274' title='bbox 1589 2588 1642 2630; x_wconf 88' lang='lat' dir='ltr'><strong>et</strong></span> <span class='ocrx_word' id='word_1_275' title='bbox 1670 2576 1867 2630; x_wconf 79' lang='lat' dir='ltr'><strong>omnia</strong></span> <span class='ocrx_word' id='word_1_276' title='bbox 1904 2588 2063 2644; x_wconf 68' lang='lat' dir='ltr'><strong>quae-</strong></span> 
     </span>
    </p>
   </div>
   <div class='ocr_carea' id='block_1_39' title="bbox 487 2666 2053 2739">
    <p class='ocr_par' dir='ltr' id='par_1_39' title="bbox 487 2666 2053 2739">
     <span class='ocr_line' id='line_1_39' title="bbox 487 2666 2053 2739; baseline -0.003 -15"><span class='ocrx_word' id='word_1_277' title='bbox 487 2684 700 2739; x_wconf 86' lang='lat' dir='ltr'><strong>cunque</strong></span> <span class='ocrx_word' id='word_1_278' title='bbox 733 2675 815 2723; x_wconf 72' lang='lat' dir='ltr'><strong>est</strong></span> <span class='ocrx_word' id='word_1_279' title='bbox 865 2667 1041 2723; x_wconf 88' lang='lat' dir='ltr'><strong>Pater.</strong></span> <span class='ocrx_word' id='word_1_280' title='bbox 1074 2668 1151 2720; x_wconf 82' lang='lat' dir='ltr'><strong>Ac</strong></span> <span class='ocrx_word' id='word_1_281' title='bbox 1184 2667 1358 2735; x_wconf 81' lang='lat' dir='ltr'><strong>potius</strong></span> <span class='ocrx_word' id='word_1_282' title='bbox 1402 2683 1465 2721; x_wconf 82' lang='lat' dir='ltr'><strong>ex</strong></span> <span class='ocrx_word' id='word_1_283' title='bbox 1501 2666 1742 2735; x_wconf 85' lang='lat' dir='ltr'><strong>pluribus</strong></span> <span class='ocrx_word' id='word_1_284' title='bbox 1802 2666 2053 2721; x_wconf 75' lang='lat' dir='ltr'><strong>similitu-</strong></span> 
     </span>
    </p>
   </div>
   <div class='ocr_carea' id='block_1_40' title="bbox 489 2757 2062 2827">
    <p class='ocr_par' dir='ltr' id='par_1_40' title="bbox 489 2757 2062 2827">
     <span class='ocr_line' id='line_1_40' title="bbox 489 2757 2062 2827; baseline -0.004 -11"><span class='ocrx_word' id='word_1_285' title='bbox 489 2762 669 2816; x_wconf 85' lang='lat' dir='ltr'><strong>dinem</strong></span> <span class='ocrx_word' id='word_1_286' title='bbox 706 2761 905 2814; x_wconf 81' lang='lat' dir='ltr'><strong>ltabere</strong></span> <span class='ocrx_word' id='word_1_287' title='bbox 937 2759 1115 2823; x_wconf 87' lang='lat' dir='ltr'><strong>debet,</strong></span> <span class='ocrx_word' id='word_1_288' title='bbox 1143 2766 1197 2811; x_wconf 67' lang='lat' dir='ltr'><strong>et</strong></span> <span class='ocrx_word' id='word_1_289' title='bbox 1220 2757 1602 2826; x_wconf 71' lang='lat' dir='ltr'><strong>aequalitatem,</strong></span> <span class='ocrx_word' id='word_1_290' title='bbox 1640 2773 1803 2827; x_wconf 88' lang='lat' dir='ltr'><strong>quam</strong></span> <span class='ocrx_word' id='word_1_291' title='bbox 1857 2773 1921 2811; x_wconf 83' lang='lat' dir='ltr'><strong>ex</strong></span> <span class='ocrx_word' id='word_1_292' title='bbox 1956 2772 2062 2810; x_wconf 80' lang='grc' dir='ltr'>ιιιιο</span> 
     </span>
    </p>
   </div>
   <div class='ocr_carea' id='block_1_41' title="bbox 491 2850 2057 2916">
    <p class='ocr_par' dir='ltr' id='par_1_41' title="bbox 491 2850 2057 2916">
     <span class='ocr_line' id='line_1_41' title="bbox 491 2850 2057 2916; baseline -0.004 -8"><span class='ocrx_word' id='word_1_293' title='bbox 491 2851 1009 2908; x_wconf 85' lang='lat' dir='ltr'><strong>dlssimilitmliucm.</strong></span> <span class='ocrx_word' id='word_1_294' title='bbox 1065 2850 1348 2916; x_wconf 83' lang='lat' dir='ltr'><strong>Quomodo</strong></span> <span class='ocrx_word' id='word_1_295' title='bbox 1392 2862 1570 2903; x_wconf 62' lang='lat' dir='ltr'><strong>autem</strong></span> <span class='ocrx_word' id='word_1_296' title='bbox 1608 2850 1776 2903; x_wconf 80' lang='lat' dir='ltr'><strong>Adam</strong></span> <span class='ocrx_word' id='word_1_297' title='bbox 1824 2860 1879 2904; x_wconf 89' lang='lat' dir='ltr'><strong>et</strong></span> <span class='ocrx_word' id='word_1_298' title='bbox 1930 2850 2057 2909; x_wconf 82' lang='lat' dir='ltr'><strong>Eva.</strong></span> 
     </span>
    </p>
   </div>
   <div class='ocr_carea' id='block_1_42' title="bbox 490 2940 2060 3014">
    <p class='ocr_par' dir='ltr' id='par_1_42' title="bbox 490 2940 2060 3014">
     <span class='ocr_line' id='line_1_42' title="bbox 490 2940 2060 3014; baseline -0.005 -17"><span class='ocrx_word' id='word_1_299' title='bbox 490 2946 581 3014; x_wconf 85' lang='lat' dir='ltr'><strong>qui</strong></span> <span class='ocrx_word' id='word_1_300' title='bbox 618 2942 782 3014; x_wconf 78' lang='lat' dir='ltr'><strong>geniti</strong></span> <span class='ocrx_word' id='word_1_301' title='bbox 830 2957 936 2996; x_wconf 91' lang='lat' dir='ltr'><strong>non</strong></span> <span class='ocrx_word' id='word_1_302' title='bbox 991 2941 1224 3003; x_wconf 80' lang='lat' dir='ltr'><strong>fuerant,</strong></span> <span class='ocrx_word' id='word_1_303' title='bbox 1271 2955 1446 3008; x_wconf 90' lang='lat' dir='ltr'><strong>neque</strong></span> <span class='ocrx_word' id='word_1_304' title='bbox 1484 2949 1689 3010; x_wconf 81' lang='lat' dir='ltr'><strong>patrem</strong></span> <span class='ocrx_word' id='word_1_305' title='bbox 1740 2940 2060 3005; x_wconf 77' lang='lat' dir='ltr'><strong>habueram,</strong></span> 
     </span>
    </p>
   </div>
   <div class='ocr_carea' id='block_1_43' title="bbox 498 3032 2061 3104">
    <p class='ocr_par' dir='ltr' id='par_1_43' title="bbox 498 3032 2061 3104">
     <span class='ocr_line' id='line_1_43' title="bbox 498 3032 2061 3104; baseline -0.004 -13"><span class='ocrx_word' id='word_1_306' title='bbox 498 3036 677 3099; x_wconf 89' lang='lat' dir='ltr'><strong>nobis,</strong></span> <span class='ocrx_word' id='word_1_307' title='bbox 702 3035 791 3104; x_wconf 86' lang='lat' dir='ltr'><strong>qui</strong></span> <span class='ocrx_word' id='word_1_308' title='bbox 821 3050 888 3089; x_wconf 82' lang='lat' dir='ltr'><strong>ex</strong></span> <span class='ocrx_word' id='word_1_309' title='bbox 919 3033 1050 3101; x_wconf 88' lang='lat' dir='ltr'><strong>ipsis</strong></span> <span class='ocrx_word' id='word_1_310' title='bbox 1078 3033 1181 3085; x_wconf 93' lang='lat' dir='ltr'><strong>orti</strong></span> <span class='ocrx_word' id='word_1_311' title='bbox 1204 3046 1424 3092; x_wconf 74' lang='lat' dir='ltr'><strong>sumus,</strong></span> <span class='ocrx_word' id='word_1_312' title='bbox 1450 3043 1639 3084; x_wconf 80' lang='lat' dir='ltr'><strong>natura</strong></span> <span class='ocrx_word' id='word_1_313' title='bbox 1673 3032 1904 3102; x_wconf 67' lang='lat' dir='ltr'><strong>aequales</strong></span> <span class='ocrx_word' id='word_1_314' title='bbox 1945 3032 2061 3086; x_wconf 80' lang='lat' dir='ltr'><strong>lue-</strong></span> 
     </span>
    </p>
   </div>
   <div class='ocr_carea' id='block_1_44' title="bbox 493 3123 2060 3195">
    <p class='ocr_par' dir='ltr' id='par_1_44' title="bbox 493 3123 2060 3195">
     <span class='ocr_line' id='line_1_44' title="bbox 493 3123 2060 3195; baseline -0.003 -14"><span class='ocrx_word' id='word_1_315' title='bbox 493 3128 650 3181; x_wconf 80' lang='lat' dir='ltr'><strong>runt?</strong></span> <span class='ocrx_word' id='word_1_316' title='bbox 700 3124 1415 3195; x_wconf 81' lang='lat' dir='ltr'><strong>Aut&#39;qttalisnamomnino</strong></span> <span class='ocrx_word' id='word_1_317' title='bbox 1453 3132 1535 3176; x_wconf 92' lang='lat' dir='ltr'><strong>est</strong></span> <span class='ocrx_word' id='word_1_318' title='bbox 1589 3137 1650 3175; x_wconf 91' lang='lat' dir='ltr'><strong>ea</strong></span> <span class='ocrx_word' id='word_1_319' title='bbox 1709 3123 2060 3191; x_wconf 77' lang='lat' dir='ltr'><strong>comparatio,</strong></span> 
     </span>
    </p>
   </div>
   <div class='ocr_carea' id='block_1_45' title="bbox 2171 1936 3733 2016">
    <p class='ocr_par' dir='ltr' id='par_1_45' title="bbox 2171 1936 3733 2016">
     <span class='ocr_line' id='line_1_45' title="bbox 2171 1936 3733 2016; baseline -0.006 -19"><span class='ocrx_word' id='word_1_320' title='bbox 2171 1961 2304 2016; x_wconf 86' lang='grc' dir='ltr'>μενα</span> <span class='ocrx_word' id='word_1_321' title='bbox 2372 1944 2466 1995; x_wconf 69' lang='grc' dir='ltr'><strong>καὶ</strong></span> <span class='ocrx_word' id='word_1_322' title='bbox 2515 1940 2883 2010; x_wconf 84' lang='grc' dir='ltr'>ἀπογινόμενα</span> <span class='ocrx_word' id='word_1_323' title='bbox 2938 1937 3218 2008; x_wconf 83' lang='grc' dir='ltr'>τυγχάνει.</span> <span class='ocrx_word' id='word_1_324' title='bbox 3289 1936 3449 1988; x_wconf 81' lang='grc' dir='ltr'>Ἀλλὰ</span> <span class='ocrx_word' id='word_1_325' title='bbox 3504 1936 3733 2007; x_wconf 82' lang='grc' dir='ltr'>μάλιστα</span> 
     </span>
    </p>
   </div>
   <div class='ocr_carea' id='block_1_46' title="bbox 2168 2026 3740 2106">
    <p class='ocr_par' dir='ltr' id='par_1_46' title="bbox 2168 2026 3740 2106">
     <span class='ocr_line' id='line_1_46' title="bbox 2168 2026 3740 2106; baseline -0.004 -19"><span class='ocrx_word' id='word_1_326' title='bbox 2168 2036 2268 2106; x_wconf 81' lang='grc' dir='ltr'><strong>μὲν</strong></span> <span class='ocrx_word' id='word_1_327' title='bbox 2332 2032 2442 2106; x_wconf 66' lang='lat' dir='ltr'><strong>[lii</strong></span> <span class='ocrx_word' id='word_1_328' title='bbox 2501 2032 2576 2103; x_wconf 77' lang='grc' dir='ltr'><strong>ὁ]</strong></span> <span class='ocrx_word' id='word_1_329' title='bbox 2635 2031 2884 2102; x_wconf 84' lang='grc' dir='ltr'>ἀνάρχως</span> <span class='ocrx_word' id='word_1_330' title='bbox 2941 2029 3170 2099; x_wconf 73' lang='grc' dir='ltr'>ἐτέχθη,</span> <span class='ocrx_word' id='word_1_331' title='bbox 3238 2026 3598 2098; x_wconf 82' lang='grc' dir='ltr'>συνυπάρχων</span> <span class='ocrx_word' id='word_1_332' title='bbox 3643 2029 3740 2081; x_wconf 72' lang='grc' dir='ltr'>καὶ</span> 
     </span>
    </p>
   </div>
   <div class='ocr_carea' id='block_1_47' title="bbox 2166 2118 3739 2199">
    <p class='ocr_par' dir='ltr' id='par_1_47' title="bbox 2166 2118 3739 2199">
     <span class='ocr_line' id='line_1_47' title="bbox 2166 2118 3739 2199; baseline -0.007 -18"><span class='ocrx_word' id='word_1_333' title='bbox 2166 2127 2535 2199; x_wconf 79' lang='grc' dir='ltr'>συμπράττων</span> <span class='ocrx_word' id='word_1_334' title='bbox 2566 2122 2643 2195; x_wconf 82' lang='grc' dir='ltr'>τῷ</span> <span class='ocrx_word' id='word_1_335' title='bbox 2680 2122 2871 2176; x_wconf 80' lang='grc' dir='ltr'>ἑαυτοῦ</span> <span class='ocrx_word' id='word_1_336' title='bbox 2915 2119 3152 2193; x_wconf 77' lang='grc' dir='ltr'>ἀληθινῷ</span> <span class='ocrx_word' id='word_1_337' title='bbox 3199 2119 3392 2191; x_wconf 71' lang='grc' dir='ltr'>Πατρὶ,</span> <span class='ocrx_word' id='word_1_338' title='bbox 3438 2119 3513 2182; x_wconf 81' lang='grc' dir='ltr'>ὡς</span> <span class='ocrx_word' id='word_1_339' title='bbox 3536 2118 3597 2172; x_wconf 79' lang='grc' dir='ltr'><strong>τὸ</strong></span> <span class='ocrx_word' id='word_1_340' title='bbox 3624 2119 3739 2188; x_wconf 81' lang='grc' dir='ltr'><strong>φῶς</strong></span> 
     </span>
    </p>
   </div>
   <div class='ocr_carea' id='block_1_48' title="bbox 2163 2208 3740 2289">
    <p class='ocr_par' dir='ltr' id='par_1_48' title="bbox 2163 2208 3740 2289">
     <span class='ocr_line' id='line_1_48' title="bbox 2163 2208 3740 2289; baseline -0.006 -17"><span class='ocrx_word' id='word_1_341' title='bbox 2163 2219 2239 2289; x_wconf 84' lang='grc' dir='ltr'><strong>τῷ</strong></span> <span class='ocrx_word' id='word_1_342' title='bbox 2267 2218 2475 2289; x_wconf 73' lang='grc' dir='ltr'>ἡλιακῷ</span> <span class='ocrx_word' id='word_1_343' title='bbox 2503 2216 2691 2286; x_wconf 70' lang='grc' dir='ltr'>δίσκῳ.</span> <span class='ocrx_word' id='word_1_344' title='bbox 2724 2216 2876 2285; x_wconf 84' lang='grc' dir='ltr'>Ἔχει</span> <span class='ocrx_word' id='word_1_345' title='bbox 2895 2213 2950 2266; x_wconf 79' lang='grc' dir='ltr'>δὲ</span> <span class='ocrx_word' id='word_1_346' title='bbox 2986 2213 3049 2266; x_wconf 78' lang='grc' dir='ltr'><strong>τὸ</strong></span> <span class='ocrx_word' id='word_1_347' title='bbox 3071 2208 3210 2265; x_wconf 78' lang='grc' dir='ltr'>εἶναι</span> <span class='ocrx_word' id='word_1_348' title='bbox 3243 2213 3332 2265; x_wconf 74' lang='grc' dir='ltr'><strong>καὶ</strong></span> <span class='ocrx_word' id='word_1_349' title='bbox 3358 2212 3466 2265; x_wconf 81' lang='grc' dir='ltr'><strong>ἀπὸ</strong></span> <span class='ocrx_word' id='word_1_350' title='bbox 3504 2210 3740 2282; x_wconf 55' lang='grc' dir='ltr'>Γραφῶν</span> 
     </span>
    </p>
   </div>
   <div class='ocr_carea' id='block_1_49' title="bbox 2168 2302 3764 2381">
    <p class='ocr_par' dir='ltr' id='par_1_49' title="bbox 2168 2302 3764 2381">
     <span class='ocr_line' id='line_1_49' title="bbox 2168 2302 3764 2381; baseline -0.007 -18"><span class='ocrx_word' id='word_1_351' title='bbox 2168 2308 2560 2381; x_wconf 80' lang='grc' dir='ltr'>μαρτυρεῖσθαι</span> <span class='ocrx_word' id='word_1_352' title='bbox 2612 2305 2778 2369; x_wconf 74' lang='grc' dir='ltr'>Θεὸς,</span> <span class='ocrx_word' id='word_1_353' title='bbox 2832 2303 3076 2374; x_wconf 76' lang='grc' dir='ltr'>Κύριος,</span> <span class='ocrx_word' id='word_1_354' title='bbox 3140 2302 3334 2371; x_wconf 71' lang='grc' dir='ltr'>ἅγιος,</span> <span class='ocrx_word' id='word_1_355' title='bbox 3393 2302 3764 2373; x_wconf 82' lang='grc' dir='ltr'>Δημιουργὸς,</span> 
     </span>
    </p>
   </div>
   <div class='ocr_carea' id='block_1_50' title="bbox 2163 2394 3740 2472">
    <p class='ocr_par' dir='ltr' id='par_1_50' title="bbox 2163 2394 3740 2472">
     <span class='ocr_line' id='line_1_50' title="bbox 2163 2394 3740 2472; baseline -0.006 -17"><span class='ocrx_word' id='word_1_356' title='bbox 2163 2401 2458 2472; x_wconf 79' lang='grc' dir='ltr'>ἄφθαρτος,</span> <span class='ocrx_word' id='word_1_357' title='bbox 2487 2397 2630 2468; x_wconf 79' lang='grc' dir='ltr'>ζωὴ,</span> <span class='ocrx_word' id='word_1_358' title='bbox 2658 2396 2793 2465; x_wconf 80' lang='grc' dir='ltr'>φῶς,</span> <span class='ocrx_word' id='word_1_359' title='bbox 2824 2396 2918 2448; x_wconf 72' lang='grc' dir='ltr'><strong>καὶ</strong></span> <span class='ocrx_word' id='word_1_360' title='bbox 2951 2394 3129 2447; x_wconf 83' lang='grc' dir='ltr'>πάντα</span> <span class='ocrx_word' id='word_1_361' title='bbox 3161 2395 3261 2447; x_wconf 84' lang='grc' dir='ltr'>ὅσα</span> <span class='ocrx_word' id='word_1_362' title='bbox 3308 2394 3337 2445; x_wconf 87' lang='grc' dir='ltr'><strong>ό</strong></span> <span class='ocrx_word' id='word_1_363' title='bbox 3382 2394 3591 2465; x_wconf 86' lang='grc' dir='ltr'>Πατήρ.</span> <span class='ocrx_word' id='word_1_364' title='bbox 3628 2394 3740 2446; x_wconf 66' lang='grc' dir='ltr'><strong>Καὶ</strong></span> 
     </span>
    </p>
   </div>
   <div class='ocr_carea' id='block_1_51' title="bbox 2120 2483 3738 2564">
    <p class='ocr_par' dir='ltr' id='par_1_51' title="bbox 2120 2483 3738 2564">
     <span class='ocr_line' id='line_1_51' title="bbox 2120 2483 3738 2564; baseline -0.007 -17"><span class='ocrx_word' id='word_1_365' title='bbox 2120 2514 2125 2519; x_wconf 49' lang='grc' dir='ltr'>ν</span> <span class='ocrx_word' id='word_1_366' title='bbox 2167 2492 2365 2564; x_wconf 83' lang='grc' dir='ltr'>μᾶλλον</span> <span class='ocrx_word' id='word_1_367' title='bbox 2399 2492 2463 2543; x_wconf 79' lang='grc' dir='ltr'><strong>ὲκ</strong></span> <span class='ocrx_word' id='word_1_368' title='bbox 2505 2487 2611 2541; x_wconf 81' lang='grc' dir='ltr'><strong>τῶν</strong></span> <span class='ocrx_word' id='word_1_369' title='bbox 2661 2487 2920 2541; x_wconf 85' lang='grc' dir='ltr'>πλειόνων</span> <span class='ocrx_word' id='word_1_370' title='bbox 2956 2487 3018 2540; x_wconf 84' lang='grc' dir='ltr'><strong>τὸ</strong></span> <span class='ocrx_word' id='word_1_371' title='bbox 3059 2487 3243 2557; x_wconf 82' lang='grc' dir='ltr'>ὅμοιον</span> <span class='ocrx_word' id='word_1_372' title='bbox 3285 2487 3381 2539; x_wconf 71' lang='grc' dir='ltr'>καὶ</span> <span class='ocrx_word' id='word_1_373' title='bbox 3427 2485 3539 2539; x_wconf 80' lang='grc' dir='ltr'>ἴσον</span> <span class='ocrx_word' id='word_1_374' title='bbox 3595 2483 3738 2556; x_wconf 76' lang='grc' dir='ltr'>ἔχειν</span> 
     </span>
    </p>
   </div>
   <div class='ocr_carea' id='block_1_52' title="bbox 2161 2576 3739 2655">
    <p class='ocr_par' dir='ltr' id='par_1_52' title="bbox 2161 2576 3739 2655">
     <span class='ocr_line' id='line_1_52' title="bbox 2161 2576 3739 2655; baseline -0.006 -18"><span class='ocrx_word' id='word_1_375' title='bbox 2161 2582 2392 2653; x_wconf 64' lang='grc' dir='ltr'>ὀφείλει,</span> <span class='ocrx_word' id='word_1_376' title='bbox 2424 2584 2569 2655; x_wconf 72' lang='grc' dir='ltr'>ἥπερ</span> <span class='ocrx_word' id='word_1_377' title='bbox 2600 2580 2707 2635; x_wconf 84' lang='grc' dir='ltr'><strong>ἀπὸ</strong></span> <span class='ocrx_word' id='word_1_378' title='bbox 2742 2579 2835 2633; x_wconf 74' lang='grc' dir='ltr'>τοῦ</span> <span class='ocrx_word' id='word_1_379' title='bbox 2882 2579 3000 2641; x_wconf 82' lang='grc' dir='ltr'>ἑνὸς</span> <span class='ocrx_word' id='word_1_380' title='bbox 3039 2578 3101 2631; x_wconf 78' lang='grc' dir='ltr'><strong>τὸ</strong></span> <span class='ocrx_word' id='word_1_381' title='bbox 3137 2577 3407 2646; x_wconf 80' lang='grc' dir='ltr'>ἀνόμοιον.</span> <span class='ocrx_word' id='word_1_382' title='bbox 3449 2576 3574 2639; x_wconf 83' lang='grc' dir='ltr'><strong>Πῶς</strong></span> <span class='ocrx_word' id='word_1_383' title='bbox 3617 2576 3671 2628; x_wconf 80' lang='grc' dir='ltr'>δὲ</span> <span class='ocrx_word' id='word_1_384' title='bbox 3710 2576 3739 2628; x_wconf 86' lang='grc' dir='ltr'><strong><em>ὁ</em></strong></span> 
     </span>
    </p>
   </div>
   <div class='ocr_carea' id='block_1_53' title="bbox 2176 2668 3739 2748">
    <p class='ocr_par' dir='ltr' id='par_1_53' title="bbox 2176 2668 3739 2748">
     <span class='ocr_line' id='line_1_53' title="bbox 2176 2668 3739 2748; baseline -0.008 -17"><span class='ocrx_word' id='word_1_385' title='bbox 2176 2678 2347 2748; x_wconf 79' lang='grc' dir='ltr'>Ἀδὰμ</span> <span class='ocrx_word' id='word_1_386' title='bbox 2364 2675 2468 2729; x_wconf 71' lang='grc' dir='ltr'><strong>καὶ</strong></span> <span class='ocrx_word' id='word_1_387' title='bbox 2495 2676 2527 2745; x_wconf 80' lang='grc' dir='ltr'><strong>ἡ</strong></span> <span class='ocrx_word' id='word_1_388' title='bbox 2562 2671 2692 2737; x_wconf 72' lang='grc' dir='ltr'>Εὔα,</span> <span class='ocrx_word' id='word_1_389' title='bbox 2716 2672 2777 2725; x_wconf 81' lang='grc' dir='ltr'><strong>οὐ</strong></span> <span class='ocrx_word' id='word_1_390' title='bbox 2801 2669 3169 2740; x_wconf 71' lang='grc' dir='ltr'>γεννηθέντες,</span> <span class='ocrx_word' id='word_1_391' title='bbox 3197 2668 3316 2722; x_wconf 78' lang='grc' dir='ltr'>οὐδὲ</span> <span class='ocrx_word' id='word_1_392' title='bbox 3344 2669 3552 2739; x_wconf 79' lang='grc' dir='ltr'>πατέρα</span> <span class='ocrx_word' id='word_1_393' title='bbox 3578 2669 3739 2739; x_wconf 78' lang='grc' dir='ltr'>ἐσχη-</span> 
     </span>
    </p>
   </div>
   <div class='ocr_carea' id='block_1_54' title="bbox 2163 2758 3734 2831">
    <p class='ocr_par' dir='ltr' id='par_1_54' title="bbox 2163 2758 3734 2831">
     <span class='ocr_line' id='line_1_54' title="bbox 2163 2758 3734 2831; baseline -0.006 -10"><span class='ocrx_word' id='word_1_394' title='bbox 2163 2768 2338 2829; x_wconf 82' lang='grc' dir='ltr'>κότες,</span> <span class='ocrx_word' id='word_1_395' title='bbox 2373 2766 2485 2828; x_wconf 82' lang='grc' dir='ltr'>τοῖς</span> <span class='ocrx_word' id='word_1_396' title='bbox 2518 2763 2577 2828; x_wconf 75' lang='grc' dir='ltr'><strong>ἐξ</strong></span> <span class='ocrx_word' id='word_1_397' title='bbox 2599 2762 2778 2816; x_wconf 79' lang='grc' dir='ltr'>αὐτῶν</span> <span class='ocrx_word' id='word_1_398' title='bbox 2811 2761 2945 2831; x_wconf 81' lang='grc' dir='ltr'>ἡμῖν</span> <span class='ocrx_word' id='word_1_399' title='bbox 2977 2758 3082 2812; x_wconf 68' lang='grc' dir='ltr'>ἶσοι</span> <span class='ocrx_word' id='word_1_400' title='bbox 3107 2761 3174 2830; x_wconf 78' lang='grc' dir='ltr'>τῇ</span> <span class='ocrx_word' id='word_1_401' title='bbox 3214 2758 3374 2827; x_wconf 87' lang='grc' dir='ltr'>φύσει</span> <span class='ocrx_word' id='word_1_402' title='bbox 3410 2758 3734 2827; x_wconf 78' lang='grc' dir='ltr'>γεγόνασινς</span> 
     </span>
    </p>
   </div>
   <div class='ocr_carea' id='block_1_55' title="bbox 2163 2848 3739 2929">
    <p class='ocr_par' dir='ltr' id='par_1_55' title="bbox 2163 2848 3739 2929">
     <span class='ocr_line' id='line_1_55' title="bbox 2163 2848 3739 2929; baseline -0.006 -19"><span class='ocrx_word' id='word_1_403' title='bbox 2163 2860 2195 2929; x_wconf 79' lang='grc' dir='ltr'>ἢ</span> <span class='ocrx_word' id='word_1_404' title='bbox 2227 2857 2386 2911; x_wconf 81' lang='grc' dir='ltr'>ποίαν</span> <span class='ocrx_word' id='word_1_405' title='bbox 2417 2853 2598 2917; x_wconf 82' lang='grc' dir='ltr'>ἁπλῶς</span> <span class='ocrx_word' id='word_1_406' title='bbox 2651 2851 2953 2923; x_wconf 83' lang='grc' dir='ltr'>παράθεσιν</span> <span class='ocrx_word' id='word_1_407' title='bbox 2985 2850 3343 2920; x_wconf 84' lang='grc' dir='ltr'>ποιησάμενοι</span> <span class='ocrx_word' id='word_1_408' title='bbox 3372 2848 3495 2916; x_wconf 80' lang='grc' dir='ltr'>τοῦ,</span> <span class='ocrx_word' id='word_1_409' title='bbox 3528 2849 3604 2913; x_wconf 87' lang='grc' dir='ltr'>ὼς</span> <span class='ocrx_word' id='word_1_410' title='bbox 3652 2849 3739 2902; x_wconf 82' lang='grc' dir='ltr'>λέ-</span> 
     </span>
    </p>
   </div>
   <div class='ocr_carea' id='block_1_56' title="bbox 2162 2941 3738 3018">
    <p class='ocr_par' dir='ltr' id='par_1_56' title="bbox 2162 2941 3738 3018">
     <span class='ocr_line' id='line_1_56' title="bbox 2162 2941 3738 3018; baseline -0.006 -17"><span class='ocrx_word' id='word_1_411' title='bbox 2162 2965 2369 3018; x_wconf 85' lang='grc' dir='ltr'>γουσιν,</span> <span class='ocrx_word' id='word_1_412' title='bbox 2399 2945 2682 3015; x_wconf 76' lang='grc' dir='ltr'>ἀνομοίου;</span> <span class='ocrx_word' id='word_1_413' title='bbox 2726 2943 2759 3014; x_wconf 78' lang='grc' dir='ltr'>ἢ</span> <span class='ocrx_word' id='word_1_414' title='bbox 2786 2942 2903 3006; x_wconf 83' lang='grc' dir='ltr'><strong>πῶς</strong></span> <span class='ocrx_word' id='word_1_415' title='bbox 2934 2942 3463 3015; x_wconf 70' lang='grc' dir='ltr'>παραμετρῆσαντες</span> <span class='ocrx_word' id='word_1_416' title='bbox 3504 2941 3738 3010; x_wconf 81' lang='grc' dir='ltr'>ἐπέστη-</span> 
     </span>
    </p>
   </div>
   <div class='ocr_carea' id='block_1_57' title="bbox 2164 3031 3738 3109">
    <p class='ocr_par' dir='ltr' id='par_1_57' title="bbox 2164 3031 3738 3109">
     <span class='ocr_line' id='line_1_57' title="bbox 2164 3031 3738 3109; baseline -0.006 -16"><span class='ocrx_word' id='word_1_417' title='bbox 2164 3057 2262 3093; x_wconf 85' lang='grc' dir='ltr'><strong>σαν</strong></span> <span class='ocrx_word' id='word_1_418' title='bbox 2289 3038 2365 3109; x_wconf 82' lang='grc' dir='ltr'><strong>τῷ</strong></span> <span class='ocrx_word' id='word_1_419' title='bbox 2397 3038 2664 3108; x_wconf 85' lang='grc' dir='ltr'>κρείττονι</span> <span class='ocrx_word' id='word_1_420' title='bbox 2691 3035 2784 3088; x_wconf 75' lang='grc' dir='ltr'>καὶ</span> <span class='ocrx_word' id='word_1_421' title='bbox 2821 3033 3060 3105; x_wconf 77' lang='grc' dir='ltr'>μείζονι;</span> <span class='ocrx_word' id='word_1_422' title='bbox 3094 3033 3314 3105; x_wconf 80' lang='grc' dir='ltr'>Γραφῆς</span> <span class='ocrx_word' id='word_1_423' title='bbox 3341 3033 3440 3104; x_wconf 77' lang='grc' dir='ltr'><strong>μὲν</strong></span> <span class='ocrx_word' id='word_1_424' title='bbox 3492 3031 3613 3085; x_wconf 70' lang='grc' dir='ltr'>οὔτε</span> <span class='ocrx_word' id='word_1_425' title='bbox 3659 3032 3738 3085; x_wconf 86' lang='grc' dir='ltr'>δι-</span> 
     </span>
    </p>
   </div>
   <div class='ocr_carea' id='block_1_58' title="bbox 2161 3123 3737 3202">
    <p class='ocr_par' dir='ltr' id='par_1_58' title="bbox 2161 3123 3737 3202">
     <span class='ocr_line' id='line_1_58' title="bbox 2161 3123 3737 3202; baseline -0.006 -18"><span class='ocrx_word' id='word_1_426' title='bbox 2161 3128 2450 3202; x_wconf 78' lang='grc' dir='ltr'>οριζούσης</span> <span class='ocrx_word' id='word_1_427' title='bbox 2475 3129 2542 3197; x_wconf 81' lang='grc' dir='ltr'>τῇ</span> <span class='ocrx_word' id='word_1_428' title='bbox 2578 3124 2737 3195; x_wconf 82' lang='grc' dir='ltr'>φύσει</span> <span class='ocrx_word' id='word_1_429' title='bbox 2766 3124 2867 3195; x_wconf 85' lang='grc' dir='ltr'>τὴν</span> <span class='ocrx_word' id='word_1_430' title='bbox 2888 3124 3050 3193; x_wconf 81' lang='grc' dir='ltr'>ἁγίαν</span> <span class='ocrx_word' id='word_1_431' title='bbox 3088 3124 3182 3177; x_wconf 74' lang='grc' dir='ltr'>καὶ</span> <span class='ocrx_word' id='word_1_432' title='bbox 3217 3124 3449 3195; x_wconf 80' lang='grc' dir='ltr'>ἄναρχον</span> <span class='ocrx_word' id='word_1_433' title='bbox 3483 3124 3609 3192; x_wconf 83' lang='grc' dir='ltr'>μίαν</span> <span class='ocrx_word' id='word_1_434' title='bbox 3642 3123 3737 3175; x_wconf 74' lang='grc' dir='ltr'><strong>καὶ</strong></span> 
     </span>
    </p>
   </div>
   <div class='ocr_carea' id='block_1_59' title="bbox 494 3207 2057 3300">
    <p class='ocr_par' dir='ltr' id='par_1_59' title="bbox 494 3214 2057 3300">
     <span class='ocr_line' id='line_1_59' title="bbox 494 3214 2057 3300; baseline -0.001 -29"><span class='ocrx_word' id='word_1_435' title='bbox 494 3219 578 3300; x_wconf 76' lang='lat' dir='ltr'><strong>vel</strong></span> <span class='ocrx_word' id='word_1_436' title='bbox 613 3232 890 3282; x_wconf 86' lang='lat' dir='ltr'><strong>mensura,</strong></span> <span class='ocrx_word' id='word_1_437' title='bbox 933 3217 999 3271; x_wconf 90' lang='lat' dir='ltr'><strong>ad</strong></span> <span class='ocrx_word' id='word_1_438' title='bbox 1035 3231 1197 3284; x_wconf 88' lang='lat' dir='ltr'><strong>quam</strong></span> <span class='ocrx_word' id='word_1_439' title='bbox 1247 3214 1418 3278; x_wconf 90' lang='lat' dir='ltr'><strong>illum,</strong></span> <span class='ocrx_word' id='word_1_440' title='bbox 1449 3214 1538 3280; x_wconf 86' lang='lat' dir='ltr'><strong>qui</strong></span> <span class='ocrx_word' id='word_1_441' title='bbox 1573 3222 1674 3281; x_wconf 89' lang='lat' dir='ltr'><strong>est,</strong></span> <span class='ocrx_word' id='word_1_442' title='bbox 1719 3225 1776 3267; x_wconf 90' lang='lat' dir='ltr'><strong>ut</strong></span> <span class='ocrx_word' id='word_1_443' title='bbox 1828 3214 1928 3284; x_wconf 86' lang='lat' dir='ltr'><strong>ipsi</strong></span> <span class='ocrx_word' id='word_1_444' title='bbox 1970 3215 2057 3283; x_wconf 88' lang='lat' dir='ltr'><strong>in-</strong></span> 
     </span>
    </p>
   </div>
   <div class='ocr_carea' id='block_1_60' title="bbox 2159 3207 3734 3300">
    <p class='ocr_par' dir='ltr' id='par_1_60' title="bbox 2166 3207 3734 3290">
     <span class='ocr_line' id='line_1_60' title="bbox 2166 3207 3734 3290; baseline -0.004 -18"><span class='ocrx_word' id='word_1_445' title='bbox 2166 3219 2459 3290; x_wconf 83' lang='grc' dir='ltr'>ἀμέριστον</span> <span class='ocrx_word' id='word_1_446' title='bbox 2491 3214 2717 3286; x_wconf 85' lang='grc' dir='ltr'>Τριάδα,</span> <span class='ocrx_word' id='word_1_447' title='bbox 2757 3212 2865 3266; x_wconf 74' lang='grc' dir='ltr'>οὐδ’</span> <span class='ocrx_word' id='word_1_448' title='bbox 2888 3207 2954 3266; x_wconf 80' lang='grc' dir='ltr'><strong>αὖ</strong></span> <span class='ocrx_word' id='word_1_449' title='bbox 2996 3213 3157 3267; x_wconf 82' lang='grc' dir='ltr'>πάλιν</span> <span class='ocrx_word' id='word_1_450' title='bbox 3186 3212 3551 3284; x_wconf 79' lang='grc' dir='ltr'>ἀφοριζούσης</span> <span class='ocrx_word' id='word_1_451' title='bbox 3595 3214 3734 3283; x_wconf 80' lang='grc' dir='ltr'>αὐτῇ</span> 
     </span>
    </p>
   </div>
   <div class='ocr_carea' id='block_1_61' title="bbox 492 3305 2057 3382">
    <p class='ocr_par' dir='ltr' id='par_1_61' title="bbox 492 3305 2057 3382">
     <span class='ocr_line' id='line_1_61' title="bbox 492 3305 2057 3382; baseline -0.003 -16"><span class='ocrx_word' id='word_1_452' title='bbox 492 3312 706 3382; x_wconf 90' lang='lat' dir='ltr'><strong>quiunt,</strong></span> <span class='ocrx_word' id='word_1_453' title='bbox 744 3310 1014 3381; x_wconf 85' lang='grc' dir='ltr'>ἀνόμοιος.</span> <span class='ocrx_word' id='word_1_454' title='bbox 1052 3322 1240 3375; x_wconf 85' lang='lat' dir='ltr'><strong>nempe</strong></span> <span class='ocrx_word' id='word_1_455' title='bbox 1293 3305 1562 3361; x_wconf 74' lang='lat' dir='ltr'><strong>dissimilis</strong></span> <span class='ocrx_word' id='word_1_456' title='bbox 1586 3347 1601 3369; x_wconf 92' lang='lat'><strong>,</strong></span> <span class='ocrx_word' id='word_1_457' title='bbox 1636 3307 1897 3369; x_wconf 78' lang='lat' dir='ltr'><strong>referunt.</strong></span> <span class='ocrx_word' id='word_1_458' title='bbox 1933 3309 2057 3362; x_wconf 93' lang='lat' dir='ltr'><strong>dum</strong></span> 
     </span>
    </p>
   </div>
   <div class='ocr_carea' id='block_1_62' title="bbox 495 3396 2055 3464">
    <p class='ocr_par' dir='ltr' id='par_1_62' title="bbox 495 3396 2055 3464">
     <span class='ocr_line' id='line_1_62' title="bbox 495 3396 2055 3464; baseline -0.002 -11"><span class='ocrx_word' id='word_1_459' title='bbox 495 3402 548 3456; x_wconf 90' lang='lat' dir='ltr'><strong>iu</strong></span> <span class='ocrx_word' id='word_1_460' title='bbox 580 3416 645 3456; x_wconf 89' lang='lat' dir='ltr'><strong>eo</strong></span> <span class='ocrx_word' id='word_1_461' title='bbox 703 3400 981 3461; x_wconf 85' lang='lat' dir='ltr'><strong>insistunt,</strong></span> <span class='ocrx_word' id='word_1_462' title='bbox 1014 3407 1070 3450; x_wconf 91' lang='lat' dir='ltr'><strong>ut</strong></span> <span class='ocrx_word' id='word_1_463' title='bbox 1121 3396 1335 3450; x_wconf 84' lang='lat' dir='ltr'><strong>Patrem</strong></span> <span class='ocrx_word' id='word_1_464' title='bbox 1373 3396 1799 3464; x_wconf 58' lang='lat' dir='ltr'><strong>praestantiorem</strong></span> <span class='ocrx_word' id='word_1_465' title='bbox 1853 3397 2055 3460; x_wconf 86' lang='lat' dir='ltr'><strong>dicant,</strong></span> 
     </span>
    </p>
   </div>
   <div class='ocr_carea' id='block_1_63' title="bbox 495 3485 2058 3562">
    <p class='ocr_par' dir='ltr' id='par_1_63' title="bbox 495 3485 2058 3562">
     <span class='ocr_line' id='line_1_63' title="bbox 495 3485 2058 3562; baseline -0.004 -16"><span class='ocrx_word' id='word_1_466' title='bbox 495 3502 655 3562; x_wconf 80' lang='lat' dir='ltr'><strong>atque</strong></span> <span class='ocrx_word' id='word_1_467' title='bbox 712 3487 1010 3557; x_wconf 78' lang='lat' dir='ltr'><strong>majorem?</strong></span> <span class='ocrx_word' id='word_1_468' title='bbox 1064 3502 1184 3540; x_wconf 72' lang='lat' dir='ltr'><strong>cuzu</strong></span> <span class='ocrx_word' id='word_1_469' title='bbox 1232 3485 1520 3555; x_wconf 83' lang='lat' dir='ltr'><strong>Scriptura</strong></span> <span class='ocrx_word' id='word_1_470' title='bbox 1555 3486 1892 3555; x_wconf 57' lang='lat' dir='ltr'><strong>quidemoex</strong></span> <span class='ocrx_word' id='word_1_471' title='bbox 1956 3501 2058 3540; x_wconf 91' lang='lat' dir='ltr'><strong>una</strong></span> 
     </span>
    </p>
   </div>
   <div class='ocr_carea' id='block_1_64' title="bbox 495 3579 2056 3656">
    <p class='ocr_par' dir='ltr' id='par_1_64' title="bbox 495 3579 2056 3656">
     <span class='ocr_line' id='line_1_64' title="bbox 495 3579 2056 3656; baseline -0.003 -19"><span class='ocrx_word' id='word_1_472' title='bbox 495 3593 649 3656; x_wconf 85' lang='lat' dir='ltr'><strong>parte</strong></span> <span class='ocrx_word' id='word_1_473' title='bbox 695 3596 867 3649; x_wconf 83' lang='lat' dir='ltr'><strong>neque</strong></span> <span class='ocrx_word' id='word_1_474' title='bbox 907 3589 1219 3633; x_wconf 84' lang='lat' dir='ltr'><strong>naturarum</strong></span> <span class='ocrx_word' id='word_1_475' title='bbox 1257 3579 1307 3631; x_wconf 94' lang='lat' dir='ltr'><strong>in</strong></span> <span class='ocrx_word' id='word_1_476' title='bbox 1353 3590 1560 3643; x_wconf 89' lang='lat' dir='ltr'><strong>sancta,</strong></span> <span class='ocrx_word' id='word_1_477' title='bbox 1596 3586 1650 3633; x_wconf 89' lang='lat' dir='ltr'><strong>et</strong></span> <span class='ocrx_word' id='word_1_478' title='bbox 1679 3592 1898 3645; x_wconf 66' lang='lat' dir='ltr'><strong>aeterna,</strong></span> <span class='ocrx_word' id='word_1_479' title='bbox 1927 3594 2056 3644; x_wconf 85' lang='lat' dir='ltr'><strong>una,</strong></span> 
     </span>
    </p>
   </div>
   <div class='ocr_carea' id='block_1_65' title="bbox 488 3667 2058 3741">
    <p class='ocr_par' dir='ltr' id='par_1_65' title="bbox 488 3667 2058 3741">
     <span class='ocr_line' id='line_1_65' title="bbox 488 3667 2058 3741; baseline -0.004 -10"><span class='ocrx_word' id='word_1_480' title='bbox 488 3674 877 3741; x_wconf 83' lang='lat' dir='ltr'><strong>individuaque</strong></span> <span class='ocrx_word' id='word_1_481' title='bbox 913 3669 1183 3725; x_wconf 88' lang='lat' dir='ltr'><strong>Trinitate</strong></span> <span class='ocrx_word' id='word_1_482' title='bbox 1214 3667 1614 3724; x_wconf 81' lang='lat' dir='ltr'><strong>distinctionem</strong></span> <span class='ocrx_word' id='word_1_483' title='bbox 1644 3669 1916 3734; x_wconf 86' lang='lat' dir='ltr'><strong>admittat,</strong></span> <span class='ocrx_word' id='word_1_484' title='bbox 1959 3684 2058 3724; x_wconf 87' lang='lat' dir='ltr'><strong>ne-</strong></span> 
     </span>
    </p>
   </div>
   <div class='ocr_carea' id='block_1_66' title="bbox 491 3758 2057 3834">
    <p class='ocr_par' dir='ltr' id='par_1_66' title="bbox 491 3758 2057 3834">
     <span class='ocr_line' id='line_1_66' title="bbox 491 3758 2057 3834; baseline -0.004 -14"><span class='ocrx_word' id='word_1_485' title='bbox 491 3783 595 3834; x_wconf 86' lang='lat' dir='ltr'><strong>que</strong></span> <span class='ocrx_word' id='word_1_486' title='bbox 626 3763 777 3817; x_wconf 86' lang='lat' dir='ltr'><strong>alteri</strong></span> <span class='ocrx_word' id='word_1_487' title='bbox 809 3761 1026 3832; x_wconf 84' lang='lat' dir='ltr'><strong>quidem</strong></span> <span class='ocrx_word' id='word_1_488' title='bbox 1079 3760 1178 3815; x_wconf 88' lang='lat' dir='ltr'><strong>hoc</strong></span> <span class='ocrx_word' id='word_1_489' title='bbox 1209 3758 1470 3813; x_wconf 85' lang='lat' dir='ltr'><strong>attribuat</strong></span> <span class='ocrx_word' id='word_1_490' title='bbox 1521 3758 1656 3830; x_wconf 89' lang='grc'><strong>(65),</strong></span> <span class='ocrx_word' id='word_1_491' title='bbox 1689 3768 1747 3813; x_wconf 92' lang='lat' dir='ltr'><strong>ut</strong></span> <span class='ocrx_word' id='word_1_492' title='bbox 1791 3760 1940 3828; x_wconf 90' lang='lat' dir='ltr'><strong>prior</strong></span> <span class='ocrx_word' id='word_1_493' title='bbox 1956 3761 2057 3825; x_wconf 82' lang='lat' dir='ltr'><strong>sit,</strong></span> 
     </span>
    </p>
   </div>
   <div class='ocr_carea' id='block_1_67' title="bbox 492 3850 2058 3922">
    <p class='ocr_par' dir='ltr' id='par_1_67' title="bbox 492 3850 2058 3922">
     <span class='ocr_line' id='line_1_67' title="bbox 492 3850 2058 3922; baseline -0.005 -10"><span class='ocrx_word' id='word_1_494' title='bbox 492 3857 648 3912; x_wconf 78' lang='lat' dir='ltr'><strong>alteri</strong></span> <span class='ocrx_word' id='word_1_495' title='bbox 678 3865 881 3916; x_wconf 88' lang='lat' dir='ltr'><strong>autem,</strong></span> <span class='ocrx_word' id='word_1_496' title='bbox 928 3861 987 3907; x_wconf 90' lang='lat' dir='ltr'><strong>ut</strong></span> <span class='ocrx_word' id='word_1_497' title='bbox 1014 3852 1279 3922; x_wconf 89' lang='lat' dir='ltr'><strong>posterior</strong></span> <span class='ocrx_word' id='word_1_498' title='bbox 1319 3870 1331 3904; x_wconf 93' lang='lat'>:</span> <span class='ocrx_word' id='word_1_499' title='bbox 1369 3867 1432 3905; x_wconf 77' lang='lat' dir='ltr'><strong>ex</strong></span> <span class='ocrx_word' id='word_1_500' title='bbox 1467 3850 1570 3904; x_wconf 90' lang='lat' dir='ltr'><strong>alia</strong></span> <span class='ocrx_word' id='word_1_501' title='bbox 1601 3865 1728 3903; x_wconf 82' lang='lat' dir='ltr'><strong>vero</strong></span> <span class='ocrx_word' id='word_1_502' title='bbox 1774 3860 1924 3918; x_wconf 89' lang='lat' dir='ltr'><strong>parte</strong></span> <span class='ocrx_word' id='word_1_503' title='bbox 1952 3850 2058 3904; x_wconf 89' lang='lat' dir='ltr'><strong>duo</strong></span> 
     </span>
    </p>
   </div>
   <div class='ocr_carea' id='block_1_68' title="bbox 494 3940 2057 4011">
    <p class='ocr_par' dir='ltr' id='par_1_68' title="bbox 494 3940 2057 4011">
     <span class='ocr_line' id='line_1_68' title="bbox 494 3940 2057 4011; baseline -0.004 -9"><span class='ocrx_word' id='word_1_504' title='bbox 494 3950 606 4002; x_wconf 61' lang='lat' dir='ltr'><strong>haec</strong></span> <span class='ocrx_word' id='word_1_505' title='bbox 643 3943 924 4000; x_wconf 78' lang='lat' dir='ltr'><strong>manifesta</strong></span> <span class='ocrx_word' id='word_1_506' title='bbox 958 3943 1093 4009; x_wconf 85' lang='lat' dir='ltr'><strong>sint;</strong></span> <span class='ocrx_word' id='word_1_507' title='bbox 1130 3942 1306 4011; x_wconf 71' lang='lat' dir='ltr'><strong>p&#39;imo</strong></span> <span class='ocrx_word' id='word_1_508' title='bbox 1354 3940 1564 3996; x_wconf 88' lang='lat' dir='ltr'><strong>scilicet</strong></span> <span class='ocrx_word' id='word_1_509' title='bbox 1605 3941 1914 3994; x_wconf 85' lang='lat' dir='ltr'><strong>necessario</strong></span> <span class='ocrx_word' id='word_1_510' title='bbox 1955 3956 2057 3995; x_wconf 87' lang='lat' dir='ltr'><strong>non</strong></span> 
     </span>
    </p>
   </div>
   <div class='ocr_carea' id='block_1_69' title="bbox 490 4030 2062 4107">
    <p class='ocr_par' dir='ltr' id='par_1_69' title="bbox 490 4030 2062 4107">
     <span class='ocr_line' id='line_1_69' title="bbox 490 4030 2062 4107; baseline -0.004 -16"><span class='ocrx_word' id='word_1_511' title='bbox 490 4038 665 4107; x_wconf 78' lang='lat' dir='ltr'><strong>sequi,</strong></span> <span class='ocrx_word' id='word_1_512' title='bbox 713 4046 767 4089; x_wconf 92' lang='lat' dir='ltr'><strong>ut</strong></span> <span class='ocrx_word' id='word_1_513' title='bbox 797 4035 936 4103; x_wconf 87' lang='lat' dir='ltr'><strong>quod</strong></span> <span class='ocrx_word' id='word_1_514' title='bbox 971 4034 1144 4104; x_wconf 87' lang='lat' dir='ltr'><strong>majus</strong></span> <span class='ocrx_word' id='word_1_515' title='bbox 1186 4030 1291 4095; x_wconf 70' lang='lat' dir='ltr'><strong>eet,</strong></span> <span class='ocrx_word' id='word_1_516' title='bbox 1340 4032 1421 4086; x_wconf 84' lang='lat' dir='ltr'><strong>sit</strong></span> <span class='ocrx_word' id='word_1_517' title='bbox 1456 4032 1841 4095; x_wconf 88' lang='lat' dir='ltr'><strong>heterousium,</strong></span> <span class='ocrx_word' id='word_1_518' title='bbox 1871 4032 2062 4086; x_wconf 84' lang='lat' dir='ltr'><strong>videli-</strong></span> 
     </span>
    </p>
   </div>
   <div class='ocr_carea' id='block_1_70' title="bbox 493 4121 2057 4191">
    <p class='ocr_par' dir='ltr' id='par_1_70' title="bbox 493 4121 2057 4191">
     <span class='ocr_line' id='line_1_70' title="bbox 493 4121 2057 4191; baseline -0.005 -7"><span class='ocrx_word' id='word_1_519' title='bbox 493 4141 578 4184; x_wconf 84' lang='lat' dir='ltr'><strong>cet</strong></span> <span class='ocrx_word' id='word_1_520' title='bbox 614 4127 834 4181; x_wconf 85' lang='lat' dir='ltr'><strong>alterius</strong></span> <span class='ocrx_word' id='word_1_521' title='bbox 863 4124 1114 4179; x_wconf 80' lang='lat' dir='ltr'><strong>essentiae</strong></span> <span class='ocrx_word' id='word_1_522' title='bbox 1149 4142 1162 4176; x_wconf 88' lang='lat'><strong>:</strong></span> <span class='ocrx_word' id='word_1_523' title='bbox 1215 4122 1410 4177; x_wconf 88' lang='lat' dir='ltr'><strong>deinde</strong></span> <span class='ocrx_word' id='word_1_524' title='bbox 1452 4121 1821 4191; x_wconf 82' lang='lat' dir='ltr'><strong>comparativa</strong></span> <span class='ocrx_word' id='word_1_525' title='bbox 1854 4122 1918 4177; x_wconf 88' lang='lat' dir='ltr'><strong>de</strong></span> <span class='ocrx_word' id='word_1_526' title='bbox 1970 4121 2057 4185; x_wconf 91' lang='lat' dir='ltr'><strong>iis,</strong></span> 
     </span>
    </p>
   </div>
   <div class='ocr_carea' id='block_1_71' title="bbox 490 4207 2057 4289">
    <p class='ocr_par' dir='ltr' id='par_1_71' title="bbox 490 4207 2057 4289">
     <span class='ocr_line' id='line_1_71' title="bbox 490 4207 2057 4289; baseline -0.008 -16"><span class='ocrx_word' id='word_1_527' title='bbox 490 4234 612 4289; x_wconf 82' lang='lat' dir='ltr'><strong>quae</strong></span> <span class='ocrx_word' id='word_1_528' title='bbox 660 4215 939 4270; x_wconf 76' lang='lat' dir='ltr'><strong>ltomousia</strong></span> <span class='ocrx_word' id='word_1_529' title='bbox 1003 4220 1148 4275; x_wconf 91' lang='lat' dir='ltr'><strong>sunt,</strong></span> <span class='ocrx_word' id='word_1_530' title='bbox 1185 4210 1236 4264; x_wconf 90' lang='lat' dir='ltr'><strong>id</strong></span> <span class='ocrx_word' id='word_1_531' title='bbox 1272 4216 1356 4264; x_wconf 91' lang='lat' dir='ltr'><strong>est</strong></span> <span class='ocrx_word' id='word_1_532' title='bbox 1393 4207 1895 4271; x_wconf 84' lang='lat' dir='ltr'><strong>consubstantialia,</strong></span> <span class='ocrx_word' id='word_1_533' title='bbox 1955 4224 2057 4262; x_wconf 92' lang='lat' dir='ltr'><strong>nou</strong></span> 
     </span>
    </p>
   </div>
   <div class='ocr_carea' id='block_1_72' title="bbox 490 4299 2061 4380">
    <p class='ocr_par' dir='ltr' id='par_1_72' title="bbox 490 4299 2061 4380">
     <span class='ocr_line' id='line_1_72' title="bbox 490 4299 2061 4380; baseline -0.006 -18"><span class='ocrx_word' id='word_1_534' title='bbox 490 4308 599 4380; x_wconf 78' lang='lat'><strong><em>39</em></strong></span> <span class='ocrx_word' id='word_1_535' title='bbox 626 4309 690 4361; x_wconf 87' lang='lat' dir='ltr'><strong>de</strong></span> <span class='ocrx_word' id='word_1_536' title='bbox 742 4306 828 4370; x_wconf 83' lang='lat' dir='ltr'><strong>iis,</strong></span> <span class='ocrx_word' id='word_1_537' title='bbox 867 4318 989 4373; x_wconf 75' lang='lat' dir='ltr'><strong>qua:</strong></span> <span class='ocrx_word' id='word_1_538' title='bbox 1033 4310 1158 4356; x_wconf 88' lang='lat' dir='ltr'><strong>sunt</strong></span> <span class='ocrx_word' id='word_1_539' title='bbox 1217 4299 1540 4366; x_wconf 87' lang='lat' dir='ltr'><strong>beterousia,</strong></span> <span class='ocrx_word' id='word_1_540' title='bbox 1574 4299 1676 4353; x_wconf 89' lang='lat' dir='ltr'><strong>hoc</strong></span> <span class='ocrx_word' id='word_1_541' title='bbox 1719 4309 1800 4353; x_wconf 80' lang='lat' dir='ltr'><strong>est</strong></span> <span class='ocrx_word' id='word_1_542' title='bbox 1841 4299 2061 4353; x_wconf 86' lang='lat' dir='ltr'><strong>alterius</strong></span> 
     </span>
    </p>
   </div>
   <div class='ocr_carea' id='block_1_73' title="bbox 491 4389 2057 4461">
    <p class='ocr_par' dir='ltr' id='par_1_73' title="bbox 491 4389 2057 4461">
     <span class='ocr_line' id='line_1_73' title="bbox 491 4389 2057 4461; baseline -0.007 -7"><span class='ocrx_word' id='word_1_543' title='bbox 491 4410 717 4461; x_wconf 69' lang='lat' dir='ltr'><strong>naturae,</strong></span> <span class='ocrx_word' id='word_1_544' title='bbox 768 4392 1061 4449; x_wconf 83' lang='lat' dir='ltr'><strong>enuntiari.</strong></span> <span class='ocrx_word' id='word_1_545' title='bbox 1106 4391 1290 4459; x_wconf 83' lang='lat' dir='ltr'><strong>Neque</strong></span> <span class='ocrx_word' id='word_1_546' title='bbox 1341 4404 1467 4445; x_wconf 87' lang='lat' dir='ltr'><strong>vero</strong></span> <span class='ocrx_word' id='word_1_547' title='bbox 1511 4390 1894 4459; x_wconf 85' lang='lat' dir='ltr'><strong>temporarium</strong></span> <span class='ocrx_word' id='word_1_548' title='bbox 1946 4389 2057 4461; x_wconf 70' lang='grc'><strong>(64)</strong></span> 
     </span>
    </p>
   </div>
   <div class='ocr_carea' id='block_1_74' title="bbox 490 4481 2056 4552">
    <p class='ocr_par' dir='ltr' id='par_1_74' title="bbox 490 4481 2056 4552">
     <span class='ocr_line' id='line_1_74' title="bbox 490 4481 2056 4552; baseline -0.005 -8"><span class='ocrx_word' id='word_1_549' title='bbox 490 4491 641 4545; x_wconf 91' lang='lat' dir='ltr'><strong>illum</strong></span> <span class='ocrx_word' id='word_1_550' title='bbox 674 4488 853 4541; x_wconf 88' lang='lat' dir='ltr'><strong>dicere</strong></span> <span class='ocrx_word' id='word_1_551' title='bbox 898 4483 1202 4543; x_wconf 87' lang='lat' dir='ltr'><strong>tentabunt,</strong></span> <span class='ocrx_word' id='word_1_552' title='bbox 1230 4481 1355 4550; x_wconf 85' lang='lat' dir='ltr'><strong>quia</strong></span> <span class='ocrx_word' id='word_1_553' title='bbox 1384 4496 1448 4535; x_wconf 90' lang='lat' dir='ltr'><strong>ne</strong></span> <span class='ocrx_word' id='word_1_554' title='bbox 1487 4481 1555 4536; x_wconf 90' lang='lat' dir='ltr'><strong>de</strong></span> <span class='ocrx_word' id='word_1_555' title='bbox 1583 4481 1672 4536; x_wconf 89' lang='lat' dir='ltr'><strong>illo</strong></span> <span class='ocrx_word' id='word_1_556' title='bbox 1706 4482 1943 4552; x_wconf 90' lang='lat' dir='ltr'><strong>quidem,</strong></span> <span class='ocrx_word' id='word_1_557' title='bbox 1968 4483 2056 4551; x_wconf 85' lang='lat' dir='ltr'><strong>qui</strong></span> 
     </span>
    </p>
   </div>
   <div class='ocr_carea' id='block_1_75' title="bbox 2161 3301 3735 3382">
    <p class='ocr_par' dir='ltr' id='par_1_75' title="bbox 2161 3301 3735 3382">
     <span class='ocr_line' id='line_1_75' title="bbox 2161 3301 3735 3382; baseline -0.004 -19"><span class='ocrx_word' id='word_1_558' title='bbox 2161 3311 2222 3364; x_wconf 80' lang='grc' dir='ltr'><strong>τὸ</strong></span> <span class='ocrx_word' id='word_1_559' title='bbox 2251 3308 2530 3382; x_wconf 85' lang='grc' dir='ltr'>πρώτιστα</span> <span class='ocrx_word' id='word_1_560' title='bbox 2554 3306 2648 3361; x_wconf 73' lang='grc' dir='ltr'><strong>καὶ</strong></span> <span class='ocrx_word' id='word_1_561' title='bbox 2672 3306 2733 3359; x_wconf 83' lang='grc' dir='ltr'><strong>τὸ</strong></span> <span class='ocrx_word' id='word_1_562' title='bbox 2765 3304 2988 3371; x_wconf 56' lang='lat' dir='ltr'><strong>suam;</strong></span> <span class='ocrx_word' id='word_1_563' title='bbox 3015 3304 3189 3375; x_wconf 83' lang='grc' dir='ltr'>δήλων</span> <span class='ocrx_word' id='word_1_564' title='bbox 3220 3304 3276 3356; x_wconf 79' lang='grc' dir='ltr'>δὲ</span> <span class='ocrx_word' id='word_1_565' title='bbox 3304 3304 3472 3358; x_wconf 76' lang='grc' dir='ltr'>ὄντων</span> <span class='ocrx_word' id='word_1_566' title='bbox 3496 3304 3587 3356; x_wconf 81' lang='grc' dir='ltr'><strong>δύο</strong></span> <span class='ocrx_word' id='word_1_567' title='bbox 3608 3301 3735 3357; x_wconf 84' lang='grc' dir='ltr'>τού-</span> 
     </span>
    </p>
   </div>
   <div class='ocr_carea' id='block_1_76' title="bbox 2161 3395 3734 3471">
    <p class='ocr_par' dir='ltr' id='par_1_76' title="bbox 2161 3395 3734 3471">
     <span class='ocr_line' id='line_1_76' title="bbox 2161 3395 3734 3471; baseline -0.005 -16"><span class='ocrx_word' id='word_1_568' title='bbox 2161 3418 2292 3466; x_wconf 89' lang='grc' dir='ltr'>των,</span> <span class='ocrx_word' id='word_1_569' title='bbox 2322 3402 2403 3454; x_wconf 83' lang='grc' dir='ltr'>ὅτι</span> <span class='ocrx_word' id='word_1_570' title='bbox 2430 3417 2490 3452; x_wconf 87' lang='grc' dir='ltr'><strong>τε</strong></span> <span class='ocrx_word' id='word_1_571' title='bbox 2534 3399 2594 3451; x_wconf 79' lang='grc' dir='ltr'><strong>οὐ</strong></span> <span class='ocrx_word' id='word_1_572' title='bbox 2636 3397 2852 3460; x_wconf 88' lang='grc' dir='ltr'>πάντως</span> <span class='ocrx_word' id='word_1_573' title='bbox 2888 3396 2949 3448; x_wconf 80' lang='grc' dir='ltr'><strong>τὸ</strong></span> <span class='ocrx_word' id='word_1_574' title='bbox 2987 3395 3172 3471; x_wconf 76' lang='grc' dir='ltr'>μεῖζον</span> <span class='ocrx_word' id='word_1_575' title='bbox 3223 3395 3558 3466; x_wconf 79' lang='grc' dir='ltr'>ἑτεροούσιόν</span> <span class='ocrx_word' id='word_1_576' title='bbox 3597 3398 3734 3462; x_wconf 78' lang='grc' dir='ltr'>ἐστι,</span> 
     </span>
    </p>
   </div>
   <div class='ocr_carea' id='block_1_77' title="bbox 2161 3486 3736 3558">
    <p class='ocr_par' dir='ltr' id='par_1_77' title="bbox 2161 3486 3736 3558">
     <span class='ocr_line' id='line_1_77' title="bbox 2161 3486 3736 3558; baseline -0.006 -9"><span class='ocrx_word' id='word_1_577' title='bbox 2161 3496 2257 3549; x_wconf 73' lang='grc' dir='ltr'><strong>καὶ</strong></span> <span class='ocrx_word' id='word_1_578' title='bbox 2286 3496 2367 3547; x_wconf 84' lang='grc' dir='ltr'>ὅτι</span> <span class='ocrx_word' id='word_1_579' title='bbox 2403 3491 2524 3547; x_wconf 82' lang='grc' dir='ltr'>καθ’</span> <span class='ocrx_word' id='word_1_580' title='bbox 2556 3491 2676 3544; x_wconf 89' lang='grc' dir='ltr'>ὃλου</span> <span class='ocrx_word' id='word_1_581' title='bbox 2699 3488 2769 3541; x_wconf 82' lang='grc' dir='ltr'><strong>τά</strong></span> <span class='ocrx_word' id='word_1_582' title='bbox 2798 3487 3124 3558; x_wconf 83' lang='grc' dir='ltr'>συγκριτικὰ</span> <span class='ocrx_word' id='word_1_583' title='bbox 3157 3486 3247 3538; x_wconf 76' lang='grc' dir='ltr'>ἐπὶ</span> <span class='ocrx_word' id='word_1_584' title='bbox 3269 3488 3586 3557; x_wconf 83' lang='grc' dir='ltr'>όμοουσίων,</span> <span class='ocrx_word' id='word_1_585' title='bbox 3618 3487 3736 3540; x_wconf 80' lang='grc' dir='ltr'>ἀλλ’</span> 
     </span>
    </p>
   </div>
   <div class='ocr_carea' id='block_1_78' title="bbox 2160 3576 3736 3652">
    <p class='ocr_par' dir='ltr' id='par_1_78' title="bbox 2160 3576 3736 3652">
     <span class='ocr_line' id='line_1_78' title="bbox 2160 3576 3736 3652; baseline -0.003 -13"><span class='ocrx_word' id='word_1_586' title='bbox 2160 3588 2263 3639; x_wconf 76' lang='grc' dir='ltr'><strong>οὐκ</strong></span> <span class='ocrx_word' id='word_1_587' title='bbox 2288 3585 2378 3638; x_wconf 79' lang='grc' dir='ltr'>ἐπὶ</span> <span class='ocrx_word' id='word_1_588' title='bbox 2420 3577 2770 3652; x_wconf 79' lang='grc' dir='ltr'>ἐτεροουσίων</span> <span class='ocrx_word' id='word_1_589' title='bbox 2812 3577 3049 3645; x_wconf 86' lang='grc' dir='ltr'>λέγεται..</span> <span class='ocrx_word' id='word_1_590' title='bbox 3075 3577 3191 3632; x_wconf 80' lang='grc' dir='ltr'><strong>Οὐκ</strong></span> <span class='ocrx_word' id='word_1_591' title='bbox 3217 3576 3283 3630; x_wconf 83' lang='grc' dir='ltr'><strong>ἂν</strong></span> <span class='ocrx_word' id='word_1_592' title='bbox 3309 3578 3364 3631; x_wconf 87' lang='grc' dir='ltr'>δὲ</span> <span class='ocrx_word' id='word_1_593' title='bbox 3390 3578 3497 3632; x_wconf 76' lang='grc' dir='ltr'>οὐδ’</span> <span class='ocrx_word' id='word_1_594' title='bbox 3528 3580 3585 3646; x_wconf 78' lang='grc' dir='ltr'>ἐξ</span> <span class='ocrx_word' id='word_1_595' title='bbox 3618 3583 3736 3634; x_wconf 76' lang='grc' dir='ltr'>ἐπι-</span> 
     </span>
    </p>
   </div>
   <div class='ocr_carea' id='block_1_79' title="bbox 2161 3668 3733 3744">
    <p class='ocr_par' dir='ltr' id='par_1_79' title="bbox 2161 3668 3733 3744">
     <span class='ocr_line' id='line_1_79' title="bbox 2161 3668 3733 3744; baseline -0.002 -15"><span class='ocrx_word' id='word_1_596' title='bbox 2161 3676 2323 3744; x_wconf 78' lang='grc' dir='ltr'>ϐολῆς</span> <span class='ocrx_word' id='word_1_597' title='bbox 2352 3675 2555 3728; x_wconf 74' lang='grc' dir='ltr'>εἴποιεν</span> <span class='ocrx_word' id='word_1_598' title='bbox 2595 3670 2825 3740; x_wconf 79' lang='grc' dir='ltr'>καίριον,</span> <span class='ocrx_word' id='word_1_599' title='bbox 2855 3669 2935 3722; x_wconf 82' lang='grc' dir='ltr'>ὅτι</span> <span class='ocrx_word' id='word_1_600' title='bbox 2962 3668 3080 3722; x_wconf 70' lang='grc' dir='ltr'>οὐδὲ</span> <span class='ocrx_word' id='word_1_601' title='bbox 3113 3670 3241 3740; x_wconf 78' lang='grc' dir='ltr'>περὶ</span> <span class='ocrx_word' id='word_1_602' title='bbox 3270 3670 3364 3723; x_wconf 81' lang='grc' dir='ltr'>τοῦ</span> <span class='ocrx_word' id='word_1_603' title='bbox 3398 3672 3733 3742; x_wconf 84' lang='grc' dir='ltr'>ἁσυγκρίτου</span> 
     </span>
    </p>
   </div>
   <div class='ocr_carea' id='block_1_80' title="bbox 2162 3758 3730 3835">
    <p class='ocr_par' dir='ltr' id='par_1_80' title="bbox 2162 3758 3730 3835">
     <span class='ocr_line' id='line_1_80' title="bbox 2162 3758 3730 3835; baseline -0.001 -16"><span class='ocrx_word' id='word_1_604' title='bbox 2162 3767 2257 3819; x_wconf 74' lang='grc' dir='ltr'><strong>καὶ</strong></span> <span class='ocrx_word' id='word_1_605' title='bbox 2301 3764 2563 3835; x_wconf 79' lang='grc' dir='ltr'>μείζονος.</span> <span class='ocrx_word' id='word_1_606' title='bbox 2597 3761 2672 3816; x_wconf 76' lang='grc' dir='ltr'><strong>Οὐ</strong></span> <span class='ocrx_word' id='word_1_607' title='bbox 2705 3758 2846 3814; x_wconf 85' lang='grc' dir='ltr'><strong>κατά</strong></span> <span class='ocrx_word' id='word_1_608' title='bbox 2875 3759 3123 3830; x_wconf 83' lang='grc' dir='ltr'>μέγεθος,</span> <span class='ocrx_word' id='word_1_609' title='bbox 3150 3762 3184 3832; x_wconf 77' lang='grc' dir='ltr'>ἦ</span> <span class='ocrx_word' id='word_1_610' title='bbox 3210 3778 3335 3814; x_wconf 82' lang='grc' dir='ltr'>τινα</span> <span class='ocrx_word' id='word_1_611' title='bbox 3363 3761 3526 3832; x_wconf 81' lang='grc' dir='ltr'>ὅγκον</span> <span class='ocrx_word' id='word_1_612' title='bbox 3554 3782 3566 3794; x_wconf 77' lang='grc' dir='ltr'><strong><em>ο</em></strong></span> <span class='ocrx_word' id='word_1_613' title='bbox 3593 3766 3730 3833; x_wconf 82' lang='grc' dir='ltr'>ἀμε-</span> 
     </span>
    </p>
   </div>
   <div class='ocr_carea' id='block_1_81' title="bbox 2163 3852 3734 3927">
    <p class='ocr_par' dir='ltr' id='par_1_81' title="bbox 2163 3852 3734 3927">
     <span class='ocr_line' id='line_1_81' title="bbox 2163 3852 3734 3927; baseline 0.001 -19"><span class='ocrx_word' id='word_1_614' title='bbox 2163 3856 2328 3925; x_wconf 87' lang='grc' dir='ltr'>γέθης</span> <span class='ocrx_word' id='word_1_615' title='bbox 2385 3853 2494 3926; x_wconf 81' lang='grc' dir='ltr'>γὰρ</span> <span class='ocrx_word' id='word_1_616' title='bbox 2538 3853 2630 3905; x_wconf 73' lang='grc' dir='ltr'><strong>καὶ</strong></span> <span class='ocrx_word' id='word_1_617' title='bbox 2680 3852 2926 3925; x_wconf 86' lang='grc' dir='ltr'>ἀπλατής</span> <span class='ocrx_word' id='word_1_618' title='bbox 2981 3855 3160 3919; x_wconf 78' lang='grc' dir='ltr'>ἐστιν,</span> <span class='ocrx_word' id='word_1_619' title='bbox 3210 3856 3305 3909; x_wconf 69' lang='grc' dir='ltr'><strong>καὶ</strong></span> <span class='ocrx_word' id='word_1_620' title='bbox 3373 3855 3734 3927; x_wconf 80' lang='grc' dir='ltr'>πηλικότητος</span> 
     </span>
    </p>
   </div>
   <div class='ocr_carea' id='block_1_82' title="bbox 2164 3946 3733 4019">
    <p class='ocr_par' dir='ltr' id='par_1_82' title="bbox 2164 3946 3733 4019">
     <span class='ocr_line' id='line_1_82' title="bbox 2164 3946 3733 4019; baseline -0.001 -17"><span class='ocrx_word' id='word_1_621' title='bbox 2164 3949 2362 4017; x_wconf 85' lang='grc' dir='ltr'>πάσης,</span> <span class='ocrx_word' id='word_1_622' title='bbox 2403 3947 2496 3999; x_wconf 72' lang='grc' dir='ltr'>καὶ</span> <span class='ocrx_word' id='word_1_623' title='bbox 2544 3946 2866 4010; x_wconf 83' lang='grc' dir='ltr'>συνθέσεως,</span> <span class='ocrx_word' id='word_1_624' title='bbox 2914 3947 3010 4000; x_wconf 75' lang='grc' dir='ltr'>καὶ</span> <span class='ocrx_word' id='word_1_625' title='bbox 3053 3950 3328 4019; x_wconf 83' lang='grc' dir='ltr'>σχήματος</span> <span class='ocrx_word' id='word_1_626' title='bbox 3361 3949 3733 4019; x_wconf 81' lang='grc' dir='ltr'>-ἀναχωρήσας</span> 
     </span>
    </p>
   </div>
   <div class='ocr_carea' id='block_1_83' title="bbox 2160 4038 3733 4110">
    <p class='ocr_par' dir='ltr' id='par_1_83' title="bbox 2160 4038 3733 4110">
     <span class='ocr_line' id='line_1_83' title="bbox 2160 4038 3733 4110; baseline 0 -17"><span class='ocrx_word' id='word_1_627' title='bbox 2160 4042 2188 4093; x_wconf 85' lang='grc' dir='ltr'><strong>ὁ</strong></span> <span class='ocrx_word' id='word_1_628' title='bbox 2243 4038 2376 4102; x_wconf 84' lang='grc' dir='ltr'>Θεὸς</span> <span class='ocrx_word' id='word_1_629' title='bbox 2427 4038 2598 4106; x_wconf 80' lang='grc' dir='ltr'>Λόγος</span> <span class='ocrx_word' id='word_1_630' title='bbox 2649 4038 2826 4108; x_wconf 78' lang='grc' dir='ltr'>(καθά</span> <span class='ocrx_word' id='word_1_631' title='bbox 2877 4040 2970 4093; x_wconf 73' lang='grc' dir='ltr'><strong>καὶ</strong></span> <span class='ocrx_word' id='word_1_632' title='bbox 3011 4041 3039 4093; x_wconf 82' lang='grc' dir='ltr'><strong>ὁ</strong></span> <span class='ocrx_word' id='word_1_633' title='bbox 3083 4041 3294 4110; x_wconf 77' lang='grc' dir='ltr'>Πατὴρ,</span> <span class='ocrx_word' id='word_1_634' title='bbox 3336 4041 3527 4094; x_wconf 77' lang='grc' dir='ltr'>καὶτὸ</span> <span class='ocrx_word' id='word_1_635' title='bbox 3579 4041 3733 4109; x_wconf 74' lang='grc' dir='ltr'>ἅγιον</span> 
     </span>
    </p>
   </div>
   <div class='ocr_carea' id='block_1_84' title="bbox 2152 4126 3732 4201">
    <p class='ocr_par' dir='ltr' id='par_1_84' title="bbox 2152 4126 3732 4201">
     <span class='ocr_line' id='line_1_84' title="bbox 2152 4126 3732 4201; baseline 0.002 -22"><span class='ocrx_word' id='word_1_636' title='bbox 2152 4126 2387 4198; x_wconf 71' lang='grc' dir='ltr'>’Πνεῦμα</span> <span class='ocrx_word' id='word_1_637' title='bbox 2452 4126 2693 4196; x_wconf 81' lang='grc' dir='ltr'>αὑτοῦ),</span> <span class='ocrx_word' id='word_1_638' title='bbox 2753 4128 2846 4181; x_wconf 77' lang='grc' dir='ltr'>καὶ</span> <span class='ocrx_word' id='word_1_639' title='bbox 2936 4128 3038 4181; x_wconf 74' lang='grc' dir='ltr'>ὑπὸ</span> <span class='ocrx_word' id='word_1_640' title='bbox 3111 4130 3339 4200; x_wconf 78' lang='grc' dir='ltr'>μηδενὸς</span> <span class='ocrx_word' id='word_1_641' title='bbox 3401 4130 3501 4201; x_wconf 74' lang='grc' dir='ltr'><strong>μὲν</strong></span> <span class='ocrx_word' id='word_1_642' title='bbox 3574 4147 3732 4200; x_wconf 84' lang='grc' dir='ltr'>περι-</span> 
     </span>
    </p>
   </div>
   <div class='ocr_carea' id='block_1_85' title="bbox 2161 4219 3732 4293">
    <p class='ocr_par' dir='ltr' id='par_1_85' title="bbox 2161 4219 3732 4293">
     <span class='ocr_line' id='line_1_85' title="bbox 2161 4219 3732 4293; baseline 0.002 -21"><span class='ocrx_word' id='word_1_643' title='bbox 2161 4220 2418 4291; x_wconf 85' lang='grc' dir='ltr'>εχόμενος</span> <span class='ocrx_word' id='word_1_644' title='bbox 2468 4219 2650 4283; x_wconf 84' lang='grc' dir='ltr'>αὐτὸς,</span> <span class='ocrx_word' id='word_1_645' title='bbox 2698 4221 2873 4274; x_wconf 86' lang='grc' dir='ltr'>πάντα</span> <span class='ocrx_word' id='word_1_646' title='bbox 2927 4220 2983 4273; x_wconf 81' lang='grc' dir='ltr'>δὲ</span> <span class='ocrx_word' id='word_1_647' title='bbox 3027 4221 3367 4293; x_wconf 80' lang='grc' dir='ltr'>ἐμπεριέχων</span> <span class='ocrx_word' id='word_1_648' title='bbox 3391 4239 3405 4253; x_wconf 88' lang='grc'><strong>·</strong></span> <span class='ocrx_word' id='word_1_649' title='bbox 3460 4223 3596 4276; x_wconf 78' lang='grc' dir='ltr'>διότι</span> <span class='ocrx_word' id='word_1_650' title='bbox 3643 4223 3732 4276; x_wconf 81' lang='grc' dir='ltr'>καὶ</span> 
     </span>
    </p>
   </div>
   <div class='ocr_carea' id='block_1_86' title="bbox 2162 4309 3729 4382">
    <p class='ocr_par' dir='ltr' id='par_1_86' title="bbox 2162 4309 3729 4382">
     <span class='ocr_line' id='line_1_86' title="bbox 2162 4309 3729 4382; baseline 0.003 -21"><span class='ocrx_word' id='word_1_651' title='bbox 2162 4310 2380 4363; x_wconf 87' lang='grc' dir='ltr'>πάντων</span> <span class='ocrx_word' id='word_1_652' title='bbox 2441 4309 2583 4381; x_wconf 84' lang='grc' dir='ltr'>ἀρχὴ</span> <span class='ocrx_word' id='word_1_653' title='bbox 2643 4310 2887 4379; x_wconf 87' lang='grc' dir='ltr'>μεγεθῶν</span> <span class='ocrx_word' id='word_1_654' title='bbox 2937 4310 3012 4373; x_wconf 84' lang='grc' dir='ltr'>ὡς</span> <span class='ocrx_word' id='word_1_655' title='bbox 3081 4314 3311 4382; x_wconf 79' lang='grc' dir='ltr'>ποιητής</span> <span class='ocrx_word' id='word_1_656' title='bbox 3387 4313 3556 4367; x_wconf 74' lang='grc' dir='ltr'>ἐστιν.</span> <span class='ocrx_word' id='word_1_657' title='bbox 3620 4312 3729 4366; x_wconf 74' lang='grc' dir='ltr'><strong>Ποῦ</strong></span> 
     </span>
    </p>
   </div>
   <div class='ocr_carea' id='block_1_87' title="bbox 2161 4400 3730 4474">
    <p class='ocr_par' dir='ltr' id='par_1_87' title="bbox 2161 4400 3730 4474">
     <span class='ocr_line' id='line_1_87' title="bbox 2161 4400 3730 4474; baseline 0.003 -21"><span class='ocrx_word' id='word_1_658' title='bbox 2161 4400 2269 4472; x_wconf 78' lang='grc' dir='ltr'>γὰρ</span> <span class='ocrx_word' id='word_1_659' title='bbox 2304 4402 2362 4454; x_wconf 86' lang='grc' dir='ltr'>ὲν</span> <span class='ocrx_word' id='word_1_660' title='bbox 2408 4405 2527 4467; x_wconf 80' lang='grc' dir='ltr'>ταῖς</span> <span class='ocrx_word' id='word_1_661' title='bbox 2567 4402 2914 4474; x_wconf 87' lang='grc' dir='ltr'>ἀκροτάταις,</span> <span class='ocrx_word' id='word_1_662' title='bbox 2961 4400 3056 4453; x_wconf 70' lang='grc' dir='ltr'>καὶ</span> <span class='ocrx_word' id='word_1_663' title='bbox 3104 4401 3591 4472; x_wconf 85' lang='grc' dir='ltr'>ὑπερασωμάτοις,</span> <span class='ocrx_word' id='word_1_664' title='bbox 3641 4406 3730 4457; x_wconf 71' lang='grc' dir='ltr'>καὶ</span> 
     </span>
    </p>
   </div>
   <div class='ocr_carea' id='block_1_88' title="bbox 2165 4491 3733 4568">
    <p class='ocr_par' dir='ltr' id='par_1_88' title="bbox 2165 4491 3733 4568">
     <span class='ocr_line' id='line_1_88' title="bbox 2165 4491 3733 4568; baseline 0.001 -21"><span class='ocrx_word' id='word_1_665' title='bbox 2165 4493 2467 4564; x_wconf 84' lang='grc' dir='ltr'>κρείττοσιν</span> <span class='ocrx_word' id='word_1_666' title='bbox 2496 4493 2826 4548; x_wconf 84' lang='grc' dir='ltr'>ὑποστάσεσι</span> <span class='ocrx_word' id='word_1_667' title='bbox 2870 4491 3126 4563; x_wconf 85' lang='grc' dir='ltr'>μέγεθος;</span> <span class='ocrx_word' id='word_1_668' title='bbox 3156 4493 3290 4547; x_wconf 73' lang='grc' dir='ltr'>Οὐδὲ</span> <span class='ocrx_word' id='word_1_669' title='bbox 3313 4494 3455 4548; x_wconf 83' lang='grc' dir='ltr'><strong>κατά</strong></span> <span class='ocrx_word' id='word_1_670' title='bbox 3476 4495 3537 4552; x_wconf 72' lang='grc' dir='ltr'>τὸ</span> <span class='ocrx_word' id='word_1_671' title='bbox 3565 4494 3733 4568; x_wconf 81' lang='grc' dir='ltr'>ἄναρ-</span> 
     </span>
    </p>
   </div>
   <div class='ocr_carea' id='block_1_89' title="bbox 488 4570 2057 4659">
    <p class='ocr_par' dir='ltr' id='par_1_89' title="bbox 488 4574 2054 4652">
     <span class='ocr_line' id='line_1_89' title="bbox 488 4574 2054 4652; baseline -0.006 -15"><span class='ocrx_word' id='word_1_672' title='bbox 488 4580 800 4652; x_wconf 84' lang='lat' dir='ltr'><strong>asyncritus</strong></span> <span class='ocrx_word' id='word_1_673' title='bbox 851 4582 966 4647; x_wconf 77' lang='lat' dir='ltr'><strong>(seu</strong></span> <span class='ocrx_word' id='word_1_674' title='bbox 1016 4590 1201 4645; x_wconf 85' lang='lat' dir='ltr'><strong>parem</strong></span> <span class='ocrx_word' id='word_1_675' title='bbox 1245 4574 1582 4645; x_wconf 75' lang='lat' dir='ltr'><strong>exeludens),</strong></span> <span class='ocrx_word' id='word_1_676' title='bbox 1624 4585 1679 4629; x_wconf 90' lang='lat' dir='ltr'><strong>et</strong></span> <span class='ocrx_word' id='word_1_677' title='bbox 1728 4575 1903 4645; x_wconf 85' lang='lat' dir='ltr'><strong>major</strong></span> <span class='ocrx_word' id='word_1_678' title='bbox 1952 4586 2054 4641; x_wconf 88' lang='lat' dir='ltr'><strong>est,</strong></span> 
     </span>
    </p>
   </div>
   <div class='ocr_carea' id='block_1_90' title="bbox 2159 4570 3731 4659">
    <p class='ocr_par' dir='ltr' id='par_1_90' title="bbox 2163 4583 3731 4659">
     <span class='ocr_line' id='line_1_90' title="bbox 2163 4583 3731 4659; baseline 0.011 -22"><span class='ocrx_word' id='word_1_679' title='bbox 2163 4599 2285 4655; x_wconf 89' lang='grc' dir='ltr'>χον·</span> <span class='ocrx_word' id='word_1_680' title='bbox 2322 4585 2656 4656; x_wconf 83' lang='grc' dir='ltr'>συνυπάρχει</span> <span class='ocrx_word' id='word_1_681' title='bbox 2679 4584 2787 4656; x_wconf 87' lang='grc' dir='ltr'>γὰρ</span> <span class='ocrx_word' id='word_1_682' title='bbox 2816 4583 2893 4653; x_wconf 84' lang='grc' dir='ltr'>τῷ</span> <span class='ocrx_word' id='word_1_683' title='bbox 2921 4585 3116 4656; x_wconf 74' lang='grc' dir='ltr'>Πατρὶ,</span> <span class='ocrx_word' id='word_1_684' title='bbox 3156 4584 3231 4649; x_wconf 81' lang='grc' dir='ltr'><strong>ὡς</strong></span> <span class='ocrx_word' id='word_1_685' title='bbox 3263 4584 3602 4658; x_wconf 76' lang='grc' dir='ltr'>ἀπαύγασμα</span> <span class='ocrx_word' id='word_1_686' title='bbox 3630 4589 3731 4659; x_wconf 77' lang='grc' dir='ltr'><strong>τῆς</strong></span> 
     </span>
    </p>
   </div>
   <div class='ocr_carea' id='block_1_91' title="bbox 491 4666 2057 4735">
    <p class='ocr_par' dir='ltr' id='par_1_91' title="bbox 491 4666 2057 4735">
     <span class='ocr_line' id='line_1_91' title="bbox 491 4666 2057 4735; baseline -0.005 -6"><span class='ocrx_word' id='word_1_687' title='bbox 491 4674 707 4729; x_wconf 89' lang='lat' dir='ltr'><strong>dicitur.</strong></span> <span class='ocrx_word' id='word_1_688' title='bbox 740 4669 854 4723; x_wconf 83' lang='lat' dir='ltr'><strong>Non</strong></span> <span class='ocrx_word' id='word_1_689' title='bbox 884 4666 1060 4735; x_wconf 87' lang='lat' dir='ltr'><strong>quoad</strong></span> <span class='ocrx_word' id='word_1_690' title='bbox 1103 4666 1479 4735; x_wconf 87' lang='lat' dir='ltr'><strong>quantitatem,</strong></span> <span class='ocrx_word' id='word_1_691' title='bbox 1504 4675 1598 4720; x_wconf 90' lang='lat' dir='ltr'><strong>aut</strong></span> <span class='ocrx_word' id='word_1_692' title='bbox 1620 4667 1908 4735; x_wconf 89' lang='lat' dir='ltr'><strong>quamdam</strong></span> <span class='ocrx_word' id='word_1_693' title='bbox 1940 4682 2057 4721; x_wconf 90' lang='lat' dir='ltr'><strong>mo-</strong></span> 
     </span>
    </p>
   </div>
   <div class='ocr_carea' id='block_1_92' title="bbox 490 4755 2057 4828">
    <p class='ocr_par' dir='ltr' id='par_1_92' title="bbox 490 4755 2057 4828">
     <span class='ocr_line' id='line_1_92' title="bbox 490 4755 2057 4828; baseline -0.004 -9"><span class='ocrx_word' id='word_1_694' title='bbox 490 4766 592 4819; x_wconf 88' lang='lat' dir='ltr'><strong>lem</strong></span> <span class='ocrx_word' id='word_1_695' title='bbox 626 4782 640 4818; x_wconf 88' lang='lat'><strong>:</strong></span> <span class='ocrx_word' id='word_1_696' title='bbox 680 4761 877 4818; x_wconf 84' lang='lat' dir='ltr'><strong>etenim</strong></span> <span class='ocrx_word' id='word_1_697' title='bbox 915 4760 1031 4816; x_wconf 87' lang='lat' dir='ltr'><strong>sine</strong></span> <span class='ocrx_word' id='word_1_698' title='bbox 1058 4756 1427 4828; x_wconf 78' lang='lat' dir='ltr'><strong>magnitudine</strong></span> <span class='ocrx_word' id='word_1_699' title='bbox 1452 4755 1563 4827; x_wconf 83' lang='lat'><strong>(65)</strong></span> <span class='ocrx_word' id='word_1_700' title='bbox 1592 4765 1693 4820; x_wconf 88' lang='lat' dir='ltr'><strong>est,</strong></span> <span class='ocrx_word' id='word_1_701' title='bbox 1743 4772 1806 4813; x_wconf 89' lang='lat' dir='ltr'><strong>ac</strong></span> <span class='ocrx_word' id='word_1_702' title='bbox 1836 4759 1951 4814; x_wconf 89' lang='lat' dir='ltr'><strong>sine</strong></span> <span class='ocrx_word' id='word_1_703' title='bbox 1980 4759 2057 4813; x_wconf 88' lang='lat' dir='ltr'><strong>la-</strong></span> 
     </span>
    </p>
   </div>
   <div class='ocr_carea' id='block_1_93' title="bbox 493 4850 2058 4925">
    <p class='ocr_par' dir='ltr' id='par_1_93' title="bbox 493 4850 2058 4925">
     <span class='ocr_line' id='line_1_93' title="bbox 493 4850 2058 4925; baseline -0.004 -11"><span class='ocrx_word' id='word_1_704' title='bbox 493 4856 741 4920; x_wconf 79' lang='lat' dir='ltr'><strong>titudine,</strong></span> <span class='ocrx_word' id='word_1_705' title='bbox 773 4865 826 4911; x_wconf 91' lang='lat' dir='ltr'><strong>et</strong></span> <span class='ocrx_word' id='word_1_706' title='bbox 857 4870 886 4909; x_wconf 87' lang='lat' dir='ltr'><strong>a</strong></span> <span class='ocrx_word' id='word_1_707' title='bbox 919 4852 1108 4925; x_wconf 89' lang='lat' dir='ltr'><strong>quavis</strong></span> <span class='ocrx_word' id='word_1_708' title='bbox 1132 4850 1452 4920; x_wconf 85' lang='lat' dir='ltr'><strong>quantitate,</strong></span> <span class='ocrx_word' id='word_1_709' title='bbox 1482 4858 1536 4905; x_wconf 93' lang='lat' dir='ltr'><strong>et</strong></span> <span class='ocrx_word' id='word_1_710' title='bbox 1564 4851 1973 4917; x_wconf 88' lang='lat' dir='ltr'><strong>compositione,</strong></span> <span class='ocrx_word' id='word_1_711' title='bbox 2003 4862 2058 4908; x_wconf 90' lang='lat' dir='ltr'><strong>et</strong></span> 
     </span>
    </p>
   </div>
   <div class='ocr_carea' id='block_1_94' title="bbox 560 5031 2057 5115">
    <p class='ocr_par' dir='ltr' id='par_1_94' title="bbox 560 5031 2057 5115">
     <span class='ocr_line' id='line_1_94' title="bbox 560 5031 2057 5115; baseline 0.002 -29"><span class='ocrx_word' id='word_1_712' title='bbox 711 5031 1016 5088; x_wconf 74' lang='lat' dir='ltr'><strong>Dissimilis.</strong></span> <span class='ocrx_word' id='word_1_713' title='bbox 1062 5032 1369 5095; x_wconf 73' lang='lat' dir='ltr'><strong>Anommos,</strong></span> <span class='ocrx_word' id='word_1_714' title='bbox 1405 5034 1518 5087; x_wconf 69' lang='lat' dir='ltr'><strong>sive</strong></span> <span class='ocrx_word' id='word_1_715' title='bbox 1558 5031 1921 5087; x_wconf 86' lang='lat' dir='ltr'><strong>Eunomianos</strong></span> <span class='ocrx_word' id='word_1_716' title='bbox 1969 5033 2057 5089; x_wconf 88' lang='lat' dir='ltr'><strong>hic</strong></span> 
     </span>
    </p>
   </div>
   <div class='ocr_carea' id='block_1_95' title="bbox 489 5102 2054 5243">
    <p class='ocr_par' dir='ltr' id='par_1_95' title="bbox 489 5102 2054 5243">
     <span class='ocr_line' id='line_1_95' title="bbox 489 5102 2054 5243; baseline 0 -17"><span class='ocrx_word' id='word_1_717' title='bbox 489 5102 1078 5243; x_wconf 39' lang='lat' dir='ltr'><strong>regelilg)|.C0ndiltonhtt.</strong></span> <span class='ocrx_word' id='word_1_718' title='bbox 1105 5169 1209 5243; x_wconf 57' lang='lat' dir='ltr'><strong>Srjtt</strong></span> <span class='ocrx_word' id='word_1_719' title='bbox 1236 5171 1593 5243; x_wconf 71' lang='lat' dir='ltr'><strong>perfectiones,</strong></span> <span class='ocrx_word' id='word_1_720' title='bbox 1617 5171 1668 5243; x_wconf 89' lang='lat' dir='ltr'><strong>id</strong></span> <span class='ocrx_word' id='word_1_721' title='bbox 1700 5175 2054 5243; x_wconf 71' lang='lat' dir='ltr'><strong>estproprie-</strong></span> 
     </span>
    </p>
   </div>
   <div class='ocr_carea' id='block_1_96' title="bbox 491 5240 1967 5310">
    <p class='ocr_par' dir='ltr' id='par_1_96' title="bbox 491 5240 1967 5310">
     <span class='ocr_line' id='line_1_96' title="bbox 491 5240 1967 5310; baseline -0.001 -14"><span class='ocrx_word' id='word_1_722' title='bbox 491 5240 661 5303; x_wconf 73' lang='lat' dir='ltr'><strong>tates,</strong></span> <span class='ocrx_word' id='word_1_723' title='bbox 681 5240 979 5310; x_wconf 84' lang='lat' dir='ltr'><strong>qualitates</strong></span> <span class='ocrx_word' id='word_1_724' title='bbox 1004 5251 1109 5294; x_wconf 81' lang='lat' dir='ltr'><strong>etc.</strong></span> <span class='ocrx_word' id='word_1_725' title='bbox 1152 5241 1280 5294; x_wconf 71' lang='lat' dir='ltr'><strong>Vide</strong></span> <span class='ocrx_word' id='word_1_726' title='bbox 1309 5256 1479 5310; x_wconf 75' lang='lat' dir='ltr'><strong>scgm.</strong></span> <span class='ocrx_word' id='word_1_727' title='bbox 1512 5240 1581 5295; x_wconf 82' lang='lat'><strong>58</strong></span> <span class='ocrx_word' id='word_1_728' title='bbox 1610 5242 1661 5303; x_wconf 88' lang='lat' dir='ltr'><strong>b,</strong></span> <span class='ocrx_word' id='word_1_729' title='bbox 1696 5254 1743 5295; x_wconf 88' lang='lat' dir='ltr'><strong>et</strong></span> <span class='ocrx_word' id='word_1_730' title='bbox 1780 5241 1886 5294; x_wconf 69' lang='lat'><strong>202</strong></span> <span class='ocrx_word' id='word_1_731' title='bbox 1916 5258 1967 5296; x_wconf 80' lang='grc' dir='ltr'><strong>ιι.</strong></span> 
     </span>
    </p>
   </div>
   <div class='ocr_carea' id='block_1_97' title="bbox 488 5310 2054 5444">
    <p class='ocr_par' dir='ltr' id='par_1_97' title="bbox 488 5310 2054 5444">
     <span class='ocr_line' id='line_1_97' title="bbox 560 5310 2054 5383; baseline 0.002 -19"><span class='ocrx_word' id='word_1_732' title='bbox 560 5310 669 5379; x_wconf 83' lang='grc'><strong>(65)</strong></span> <span class='ocrx_word' id='word_1_733' title='bbox 712 5311 997 5365; x_wconf 72' lang='lat' dir='ltr'><strong>Attribuat.</strong></span> <span class='ocrx_word' id='word_1_734' title='bbox 1045 5310 1200 5364; x_wconf 80' lang='lat' dir='ltr'><strong>Ludit</strong></span> <span class='ocrx_word' id='word_1_735' title='bbox 1247 5312 1296 5364; x_wconf 90' lang='lat' dir='ltr'><strong>iu</strong></span> <span class='ocrx_word' id='word_1_736' title='bbox 1339 5314 1561 5367; x_wconf 83' lang='lat' dir='ltr'><strong>vocibus</strong></span> <span class='ocrx_word' id='word_1_737' title='bbox 1617 5310 1959 5383; x_wconf 77' lang='grc' dir='ltr'>διοριζούσης</span> <span class='ocrx_word' id='word_1_738' title='bbox 1998 5323 2054 5367; x_wconf 87' lang='lat' dir='ltr'><strong>ct</strong></span> 
     </span>
     <span class='ocr_line' id='line_1_98' title="bbox 488 5379 870 5444; baseline 0.008 -11"><span class='ocrx_word' id='word_1_739' title='bbox 488 5379 870 5444; x_wconf 79' lang='grc' dir='ltr'>ἀφοριζούσης.</span> 
     </span>
    </p>
   </div>
   <div class='ocr_carea' id='block_1_98' title="bbox 526 5398 2054 5521">
    <p class='ocr_par' dir='ltr' id='par_1_98' title="bbox 526 5398 2054 5521">
     <span class='ocr_line' id='line_1_99' title="bbox 526 5398 870 5452; baseline 0.009 -19"><span class='ocrx_word' id='word_1_740' title='bbox 526 5398 870 5452; x_wconf 77' lang='grc' dir='ltr'>φοριςουσης.</span> 
     </span>
     <span class='ocr_line' id='line_1_100' title="bbox 561 5450 2054 5521; baseline 0.003 -20"><span class='ocrx_word' id='word_1_741' title='bbox 561 5450 670 5521; x_wconf 73' lang='lat' dir='ltr'><strong>(ut)</strong></span> <span class='ocrx_word' id='word_1_742' title='bbox 728 5451 1143 5517; x_wconf 83' lang='lat' dir='ltr'><strong>Temporarium.</strong></span> <span class='ocrx_word' id='word_1_743' title='bbox 1197 5451 1384 5507; x_wconf 90' lang='lat' dir='ltr'><strong>Utrum</strong></span> <span class='ocrx_word' id='word_1_744' title='bbox 1437 5450 1649 5520; x_wconf 89' lang='lat' dir='ltr'><strong>aliquod</strong></span> <span class='ocrx_word' id='word_1_745' title='bbox 1684 5451 1771 5505; x_wconf 91' lang='lat' dir='ltr'><strong>hic</strong></span> <span class='ocrx_word' id='word_1_746' title='bbox 1805 5452 2054 5506; x_wconf 89' lang='lat' dir='ltr'><strong>mendum</strong></span> 
     </span>
    </p>
   </div>
   <div class='ocr_carea' id='block_1_99' title="bbox 491 5519 2056 5591">
    <p class='ocr_par' dir='ltr' id='par_1_99' title="bbox 491 5519 2056 5591">
     <span class='ocr_line' id='line_1_101' title="bbox 491 5519 2056 5591; baseline 0.001 -18"><span class='ocrx_word' id='word_1_747' title='bbox 491 5519 681 5591; x_wconf 78' lang='lat' dir='ltr'><strong>lateat,</strong></span> <span class='ocrx_word' id='word_1_748' title='bbox 712 5522 914 5589; x_wconf 85' lang='lat' dir='ltr'><strong>judicet</strong></span> <span class='ocrx_word' id='word_1_749' title='bbox 960 5524 1204 5576; x_wconf 89' lang='lat' dir='ltr'><strong>eruditus</strong></span> <span class='ocrx_word' id='word_1_750' title='bbox 1253 5522 1440 5577; x_wconf 85' lang='lat' dir='ltr'><strong>lector.</strong></span> <span class='ocrx_word' id='word_1_751' title='bbox 1496 5519 1755 5591; x_wconf 81' lang='lat' dir='ltr'><strong>Equidem</strong></span> <span class='ocrx_word' id='word_1_752' title='bbox 1810 5523 2056 5589; x_wconf 87' lang='lat' dir='ltr'><strong>suspicor</strong></span> 
     </span>
    </p>
   </div>
   <div class='ocr_carea' id='block_1_100' title="bbox 490 5590 2054 5661">
    <p class='ocr_par' dir='ltr' id='par_1_100' title="bbox 490 5590 2054 5661">
     <span class='ocr_line' id='line_1_102' title="bbox 490 5590 2054 5661; baseline 0.001 -18"><span class='ocrx_word' id='word_1_753' title='bbox 490 5590 741 5643; x_wconf 85' lang='lat' dir='ltr'><strong>nonnulla</strong></span> <span class='ocrx_word' id='word_1_754' title='bbox 782 5593 988 5655; x_wconf 84' lang='lat' dir='ltr'><strong>deesse,</strong></span> <span class='ocrx_word' id='word_1_755' title='bbox 1029 5592 1225 5661; x_wconf 87' lang='lat' dir='ltr'><strong>quibus</strong></span> <span class='ocrx_word' id='word_1_756' title='bbox 1275 5591 1436 5645; x_wconf 81' lang='lat' dir='ltr'><strong>veluti</strong></span> <span class='ocrx_word' id='word_1_757' title='bbox 1479 5591 1566 5644; x_wconf 75' lang='lat' dir='ltr'><strong>via</strong></span> <span class='ocrx_word' id='word_1_758' title='bbox 1608 5601 1951 5661; x_wconf 70' lang='lat' dir='ltr'><strong>sterneretur</strong></span> <span class='ocrx_word' id='word_1_759' title='bbox 1978 5607 2054 5647; x_wconf 82' lang='lat' dir='ltr'><strong>.ac</strong></span> 
     </span>
    </p>
   </div>
   <div class='ocr_carea' id='block_1_101' title="bbox 490 5660 2053 5729">
    <p class='ocr_par' dir='ltr' id='par_1_101' title="bbox 490 5660 2053 5729">
     <span class='ocr_line' id='line_1_103' title="bbox 490 5660 2053 5729; baseline 0.003 -19"><span class='ocrx_word' id='word_1_760' title='bbox 490 5663 747 5713; x_wconf 78' lang='lat' dir='ltr'><strong>transitus</strong></span> <span class='ocrx_word' id='word_1_761' title='bbox 779 5664 842 5714; x_wconf 89' lang='lat' dir='ltr'><strong>ad</strong></span> <span class='ocrx_word' id='word_1_762' title='bbox 879 5677 940 5714; x_wconf 87' lang='lat' dir='ltr'><strong>ea</strong></span> <span class='ocrx_word' id='word_1_763' title='bbox 982 5660 1100 5729; x_wconf 75' lang='lat' dir='ltr'><strong>qua:</strong></span> <span class='ocrx_word' id='word_1_764' title='bbox 1132 5671 1435 5728; x_wconf 89' lang='lat' dir='ltr'><strong>sequuntur</strong></span> <span class='ocrx_word' id='word_1_765' title='bbox 1467 5679 1481 5714; x_wconf 90' lang='lat'><strong>:</strong></span> <span class='ocrx_word' id='word_1_766' title='bbox 1522 5670 1577 5715; x_wconf 88' lang='lat' dir='ltr'><strong>et</strong></span> <span class='ocrx_word' id='word_1_767' title='bbox 1607 5660 1784 5718; x_wconf 85' lang='lat' dir='ltr'><strong>Patris</strong></span> <span class='ocrx_word' id='word_1_768' title='bbox 1818 5662 2053 5717; x_wconf 89' lang='lat' dir='ltr'><strong>essentia</strong></span> 
     </span>
    </p>
   </div>
   <div class='ocr_carea' id='block_1_102' title="bbox 484 5729 2051 5851">
    <p class='ocr_par' dir='ltr' id='par_1_102' title="bbox 484 5729 2051 5851">
     <span class='ocr_line' id='line_1_104' title="bbox 484 5729 2051 5851; baseline 0.004 -72"><span class='ocrx_word' id='word_1_769' title='bbox 484 5729 662 5851; x_wconf 56' lang='lat' dir='ltr'><strong>gi_:ltjor</strong></span> <span class='ocrx_word' id='word_1_770' title='bbox 709 5731 816 5783; x_wconf 89' lang='lat' dir='ltr'><strong>ullo</strong></span> <span class='ocrx_word' id='word_1_771' title='bbox 864 5730 1022 5787; x_wconf 82' lang='lat' dir='ltr'><strong>modo</strong></span> <span class='ocrx_word' id='word_1_772' title='bbox 1065 5745 1183 5786; x_wconf 86' lang='lat' dir='ltr'><strong>esse</strong></span> <span class='ocrx_word' id='word_1_773' title='bbox 1241 5741 1548 5801; x_wconf 78' lang='lat' dir='ltr'><strong>negaretur,</strong></span> <span class='ocrx_word' id='word_1_774' title='bbox 1605 5746 1768 5801; x_wconf 90' lang='lat' dir='ltr'><strong>quam</strong></span> <span class='ocrx_word' id='word_1_775' title='bbox 1819 5731 2051 5788; x_wconf 86' lang='lat' dir='ltr'><strong>essentia</strong></span> 
     </span>
     <span class='ocr_line' id='line_1_105' title="bbox 532 5814 626 5851; baseline 0.032 -3"><span class='ocrx_word' id='word_1_776' title='bbox 532 5817 543 5848; x_wconf 91' lang='grc' dir='ltr'><strong>Ι</strong></span> <span class='ocrx_word' id='word_1_777' title='bbox 573 5814 626 5851; x_wconf 85' lang='grc' dir='ltr'><strong>ΙΙ.</strong></span> 
     </span>
    </p>
   </div>
   <div class='ocr_carea' id='block_1_103' title="bbox 2163 4672 3730 4749">
    <p class='ocr_par' dir='ltr' id='par_1_103' title="bbox 2163 4672 3730 4749">
     <span class='ocr_line' id='line_1_106' title="bbox 2163 4672 3730 4749; baseline 0.002 -22"><span class='ocrx_word' id='word_1_778' title='bbox 2163 4673 2320 4745; x_wconf 75' lang='grc' dir='ltr'>δόξης</span> <span class='ocrx_word' id='word_1_779' title='bbox 2348 4672 2544 4737; x_wconf 77' lang='grc' dir='ltr'>αὐτοῦ,</span> <span class='ocrx_word' id='word_1_780' title='bbox 2581 4674 2674 4727; x_wconf 79' lang='grc' dir='ltr'>καὶ</span> <span class='ocrx_word' id='word_1_781' title='bbox 2712 4672 2786 4744; x_wconf 83' lang='grc' dir='ltr'>μὴ</span> <span class='ocrx_word' id='word_1_782' title='bbox 2817 4673 2956 4745; x_wconf 73' lang='grc' dir='ltr'>ἔχων</span> <span class='ocrx_word' id='word_1_783' title='bbox 2990 4674 3096 4747; x_wconf 83' lang='grc' dir='ltr'><strong>πρὸ</strong></span> <span class='ocrx_word' id='word_1_784' title='bbox 3135 4674 3299 4728; x_wconf 74' lang='grc' dir='ltr'>αὑτοῦ</span> <span class='ocrx_word' id='word_1_785' title='bbox 3344 4675 3495 4729; x_wconf 88' lang='grc' dir='ltr'>Θεὸν.</span> <span class='ocrx_word' id='word_1_786' title='bbox 3552 4675 3646 4749; x_wconf 86' lang='lat' dir='ltr'><strong>[l6</strong></span> <span class='ocrx_word' id='word_1_787' title='bbox 3673 4675 3730 4749; x_wconf 82' lang='grc' dir='ltr'>ιι]</span> 
     </span>
    </p>
   </div>
   <div class='ocr_carea' id='block_1_104' title="bbox 2162 4761 3729 4836">
    <p class='ocr_par' dir='ltr' id='par_1_104' title="bbox 2162 4761 3729 4836">
     <span class='ocr_line' id='line_1_107' title="bbox 2162 4761 3729 4836; baseline 0.003 -18"><span class='ocrx_word' id='word_1_788' title='bbox 2162 4766 2274 4819; x_wconf 77' lang='grc' dir='ltr'>Καὶ</span> <span class='ocrx_word' id='word_1_789' title='bbox 2316 4764 2424 4835; x_wconf 88' lang='grc' dir='ltr'><strong>γάρ</strong></span> <span class='ocrx_word' id='word_1_790' title='bbox 2463 4778 2653 4835; x_wconf 85' lang='grc' dir='ltr'>φησιν·</span> <span class='ocrx_word' id='word_1_791' title='bbox 2695 4765 2790 4818; x_wconf 75' lang='grc' dir='ltr'>Ἐν</span> <span class='ocrx_word' id='word_1_792' title='bbox 2826 4763 2985 4833; x_wconf 74' lang='grc' dir='ltr'>ἀρχῇ</span> <span class='ocrx_word' id='word_1_793' title='bbox 3022 4761 3100 4835; x_wconf 77' lang='grc' dir='ltr'>ἦν</span> <span class='ocrx_word' id='word_1_794' title='bbox 3139 4768 3171 4819; x_wconf 85' lang='grc' dir='ltr'><em>ὁ</em></span> <span class='ocrx_word' id='word_1_795' title='bbox 3211 4767 3417 4836; x_wconf 72' lang='grc' dir='ltr'>Λόγος.</span> <span class='ocrx_word' id='word_1_796' title='bbox 3469 4767 3579 4821; x_wconf 78' lang='grc' dir='ltr'><strong>Καὶ</strong></span> <span class='ocrx_word' id='word_1_797' title='bbox 3608 4769 3729 4822; x_wconf 81' lang='grc' dir='ltr'>οὐδὲ</span> 
     </span>
    </p>
   </div>
   <div class='ocr_carea' id='block_1_105' title="bbox 2106 4855 3723 4929">
    <p class='ocr_par' dir='ltr' id='par_1_105' title="bbox 2106 4855 3723 4929">
     <span class='ocr_line' id='line_1_108' title="bbox 2106 4855 3723 4929; baseline 0.001 -19"><span class='ocrx_word' id='word_1_798' title='bbox 2106 4870 2109 4875; x_wconf 91' lang='grc'>·</span> <span class='ocrx_word' id='word_1_799' title='bbox 2148 4858 2555 4926; x_wconf 62' lang='grc' dir='ltr'>’συμμετρεῖται</span> <span class='ocrx_word' id='word_1_800' title='bbox 2602 4857 2777 4928; x_wconf 83' lang='grc' dir='ltr'>χρόνῳ</span> <span class='ocrx_word' id='word_1_801' title='bbox 2809 4855 2970 4923; x_wconf 82' lang='grc' dir='ltr'>Θεὸς,</span> <span class='ocrx_word' id='word_1_802' title='bbox 3009 4858 3105 4910; x_wconf 76' lang='grc' dir='ltr'>καὶ</span> <span class='ocrx_word' id='word_1_803' title='bbox 3150 4859 3377 4927; x_wconf 77' lang='grc' dir='ltr'>ποιητὴς</span> <span class='ocrx_word' id='word_1_804' title='bbox 3420 4860 3723 4929; x_wconf 71' lang='grc' dir='ltr'>ποιήματι*</span> 
     </span>
    </p>
   </div>
   <div class='ocr_carea' id='block_1_106' title="bbox 2229 5028 3727 5100">
    <p class='ocr_par' dir='ltr' id='par_1_106' title="bbox 2229 5028 3727 5100">
     <span class='ocr_line' id='line_1_109' title="bbox 2229 5028 3727 5100; baseline -0.001 -17"><span class='ocrx_word' id='word_1_805' title='bbox 2229 5028 2342 5100; x_wconf 79' lang='grc'><strong>(65)</strong></span> <span class='ocrx_word' id='word_1_806' title='bbox 2374 5028 2500 5084; x_wconf 86' lang='lat' dir='ltr'><strong>Siue</strong></span> <span class='ocrx_word' id='word_1_807' title='bbox 2532 5030 2911 5100; x_wconf 71' lang='lat' dir='ltr'><strong>magnitudine.</strong></span> <span class='ocrx_word' id='word_1_808' title='bbox 2942 5029 3061 5095; x_wconf 87' lang='lat' dir='ltr'><strong>Quo</strong></span> <span class='ocrx_word' id='word_1_809' title='bbox 3094 5030 3291 5083; x_wconf 83' lang='lat' dir='ltr'><strong>clarior</strong></span> <span class='ocrx_word' id='word_1_810' title='bbox 3320 5037 3464 5083; x_wconf 88' lang='lat' dir='ltr'><strong>esset</strong></span> <span class='ocrx_word' id='word_1_811' title='bbox 3498 5031 3727 5100; x_wconf 66' lang='lat' dir='ltr'><strong>transla-</strong></span> 
     </span>
    </p>
   </div>
   <div class='ocr_carea' id='block_1_107' title="bbox 2159 5098 3728 5170">
    <p class='ocr_par' dir='ltr' id='par_1_107' title="bbox 2159 5098 3728 5170">
     <span class='ocr_line' id='line_1_110' title="bbox 2159 5098 3728 5170; baseline 0.001 -19"><span class='ocrx_word' id='word_1_812' title='bbox 2159 5098 2253 5161; x_wconf 78' lang='lat' dir='ltr'><strong>tio,</strong></span> <span class='ocrx_word' id='word_1_813' title='bbox 2305 5098 2875 5170; x_wconf 42' lang='lat' dir='ltr'><strong>maluissem—vertere,</strong></span> <span class='ocrx_word' id='word_1_814' title='bbox 2916 5101 3030 5152; x_wconf 80' lang='lat' dir='ltr'><strong>sine</strong></span> <span class='ocrx_word' id='word_1_815' title='bbox 3056 5100 3348 5170; x_wconf 63' lang='lat' dir='ltr'><strong>quantitate</strong></span> <span class='ocrx_word' id='word_1_816' title='bbox 3372 5139 3386 5165; x_wconf 91' lang='lat'><strong>,</strong></span> <span class='ocrx_word' id='word_1_817' title='bbox 3417 5108 3473 5152; x_wconf 86' lang='lat' dir='ltr'><strong>ut</strong></span> <span class='ocrx_word' id='word_1_818' title='bbox 3508 5098 3560 5153; x_wconf 84' lang='lat' dir='ltr'><strong>in</strong></span> <span class='ocrx_word' id='word_1_819' title='bbox 3595 5099 3728 5167; x_wconf 79' lang='lat' dir='ltr'><strong>Epi-</strong></span> 
     </span>
    </p>
   </div>
   <div class='ocr_carea' id='block_1_108' title="bbox 2154 5167 3725 5238">
    <p class='ocr_par' dir='ltr' id='par_1_108' title="bbox 2154 5167 3725 5238">
     <span class='ocr_line' id='line_1_111' title="bbox 2154 5167 3725 5238; baseline 0.002 -17"><span class='ocrx_word' id='word_1_820' title='bbox 2154 5174 2291 5223; x_wconf 81' lang='lat' dir='ltr'><strong>stota</strong></span> <span class='ocrx_word' id='word_1_821' title='bbox 2318 5172 2385 5220; x_wconf 89' lang='lat' dir='ltr'><strong>ad</strong></span> <span class='ocrx_word' id='word_1_822' title='bbox 2421 5169 2730 5222; x_wconf 75' lang='lat' dir='ltr'><strong>Are/timum</strong></span> <span class='ocrx_word' id='word_1_823' title='bbox 2759 5167 2856 5221; x_wconf 82' lang='lat' dir='ltr'><strong>feci</strong></span> <span class='ocrx_word' id='word_1_824' title='bbox 2897 5174 3037 5238; x_wconf 13' lang='lat' dir='ltr'><strong>:Vsed</strong></span> <span class='ocrx_word' id='word_1_825' title='bbox 3064 5167 3133 5221; x_wconf 85' lang='lat' dir='ltr'><strong>ob</strong></span> <span class='ocrx_word' id='word_1_826' title='bbox 3162 5183 3223 5223; x_wconf 88' lang='lat' dir='ltr'><strong>ea</strong></span> <span class='ocrx_word' id='word_1_827' title='bbox 3265 5184 3384 5238; x_wconf 74' lang='lat' dir='ltr'><strong>quae</strong></span> <span class='ocrx_word' id='word_1_828' title='bbox 3407 5180 3725 5238; x_wconf 84' lang='lat' dir='ltr'><strong>sequuntur,</strong></span> 
     </span>
    </p>
   </div>
   <div class='ocr_carea' id='block_1_109' title="bbox 2145 5237 3723 5306">
    <p class='ocr_par' dir='ltr' id='par_1_109' title="bbox 2145 5237 3723 5306">
     <span class='ocr_line' id='line_1_112' title="bbox 2145 5237 3723 5306; baseline 0.001 -15"><span class='ocrx_word' id='word_1_829' title='bbox 2145 5240 2462 5306; x_wconf 73' lang='lat' dir='ltr'><strong>quantitatis</strong></span> <span class='ocrx_word' id='word_1_830' title='bbox 2516 5239 2832 5290; x_wconf 84' lang='lat' dir='ltr'><strong>vocabulum</strong></span> <span class='ocrx_word' id='word_1_831' title='bbox 2884 5237 2973 5291; x_wconf 87' lang='lat' dir='ltr'><strong>hic</strong></span> <span class='ocrx_word' id='word_1_832' title='bbox 3019 5239 3270 5294; x_wconf 88' lang='lat' dir='ltr'><strong>omittere</strong></span> <span class='ocrx_word' id='word_1_833' title='bbox 3322 5237 3541 5293; x_wconf 85' lang='lat' dir='ltr'><strong>coactus</strong></span> <span class='ocrx_word' id='word_1_834' title='bbox 3582 5256 3723 5293; x_wconf 82' lang='lat' dir='ltr'><strong>sum.</strong></span> 
     </span>
    </p>
   </div>
   <div class='ocr_carea' id='block_1_110' title="bbox 2154 5307 3728 5378">
    <p class='ocr_par' dir='ltr' id='par_1_110' title="bbox 2154 5307 3728 5378">
     <span class='ocr_line' id='line_1_113' title="bbox 2154 5307 3728 5378; baseline 0.001 -17"><span class='ocrx_word' id='word_1_835' title='bbox 2154 5307 2267 5363; x_wconf 79' lang='lat' dir='ltr'><strong>Vox</strong></span> <span class='ocrx_word' id='word_1_836' title='bbox 2295 5324 2423 5375; x_wconf 83' lang='lat' dir='ltr'><strong>ergo</strong></span> <span class='ocrx_word' id='word_1_837' title='bbox 2457 5307 2701 5378; x_wconf 86' lang='grc' dir='ltr'>μέγεθος,</span> <span class='ocrx_word' id='word_1_838' title='bbox 2729 5322 2820 5362; x_wconf 82' lang='lat' dir='ltr'><strong>seu</strong></span> <span class='ocrx_word' id='word_1_839' title='bbox 2854 5307 3182 5378; x_wconf 64' lang='lat' dir='ltr'><strong>magnitudo,</strong></span> <span class='ocrx_word' id='word_1_840' title='bbox 3208 5324 3327 5378; x_wconf 68' lang='lat' dir='ltr'><strong>quae</strong></span> <span class='ocrx_word' id='word_1_841' title='bbox 3351 5310 3490 5378; x_wconf 89' lang='lat' dir='ltr'><strong>apud</strong></span> <span class='ocrx_word' id='word_1_842' title='bbox 3523 5309 3728 5363; x_wconf 83' lang='lat' dir='ltr'><strong>Marco-</strong></span> 
     </span>
    </p>
   </div>
   <div class='ocr_carea' id='block_1_111' title="bbox 2155 5378 3727 5449">
    <p class='ocr_par' dir='ltr' id='par_1_111' title="bbox 2155 5378 3727 5449">
     <span class='ocr_line' id='line_1_114' title="bbox 2155 5378 3727 5449; baseline -0.001 -17"><span class='ocrx_word' id='word_1_843' title='bbox 2155 5382 2297 5441; x_wconf 86' lang='lat' dir='ltr'><strong>sios,</strong></span> <span class='ocrx_word' id='word_1_844' title='bbox 2332 5379 2530 5432; x_wconf 70' lang='lat' dir='ltr'><strong>Ireuzeo</strong></span> <span class='ocrx_word' id='word_1_845' title='bbox 2582 5388 2747 5443; x_wconf 80' lang='lat' dir='ltr'><strong>teste,</strong></span> <span class='ocrx_word' id='word_1_846' title='bbox 2783 5379 2955 5448; x_wconf 77' lang='lat' dir='ltr'><strong>angeli</strong></span> <span class='ocrx_word' id='word_1_847' title='bbox 2998 5394 3190 5432; x_wconf 81' lang='lat' dir='ltr'><strong>nomen</strong></span> <span class='ocrx_word' id='word_1_848' title='bbox 3244 5391 3382 5440; x_wconf 88' lang='lat' dir='ltr'><strong>erat.</strong></span> <span class='ocrx_word' id='word_1_849' title='bbox 3435 5396 3463 5432; x_wconf 89' lang='lat' dir='ltr'><strong>a</strong></span> <span class='ocrx_word' id='word_1_850' title='bbox 3498 5378 3727 5449; x_wconf 77' lang='lat' dir='ltr'><strong>Didyme</strong></span> 
     </span>
    </p>
   </div>
   <div class='ocr_carea' id='block_1_112' title="bbox 2154 5448 3722 5517">
    <p class='ocr_par' dir='ltr' id='par_1_112' title="bbox 2154 5448 3722 5517">
     <span class='ocr_line' id='line_1_115' title="bbox 2154 5448 3722 5517; baseline -0.001 -14"><span class='ocrx_word' id='word_1_851' title='bbox 2154 5463 2296 5517; x_wconf 69' lang='lat' dir='ltr'><strong>saepe</strong></span> <span class='ocrx_word' id='word_1_852' title='bbox 2337 5449 2407 5502; x_wconf 87' lang='lat' dir='ltr'><strong>ita</strong></span> <span class='ocrx_word' id='word_1_853' title='bbox 2453 5458 2760 5515; x_wconf 86' lang='lat' dir='ltr'><strong>usurpatur,</strong></span> <span class='ocrx_word' id='word_1_854' title='bbox 2805 5459 2860 5500; x_wconf 84' lang='grc' dir='ltr'><strong>ιιι</strong></span> <span class='ocrx_word' id='word_1_855' title='bbox 2913 5450 3258 5516; x_wconf 81' lang='lat' dir='ltr'><strong>quantitatem</strong></span> <span class='ocrx_word' id='word_1_856' title='bbox 3289 5449 3477 5510; x_wconf 81' lang='lat' dir='ltr'><strong>valeat,</strong></span> <span class='ocrx_word' id='word_1_857' title='bbox 3518 5448 3722 5517; x_wconf 87' lang='lat' dir='ltr'><strong>aut,si</strong></span> 
     </span>
    </p>
   </div>
   <div class='ocr_carea' id='block_1_113' title="bbox 2157 5516 3726 5590">
    <p class='ocr_par' dir='ltr' id='par_1_113' title="bbox 2157 5516 3726 5590">
     <span class='ocr_line' id='line_1_116' title="bbox 2157 5516 3726 5590; baseline 0.002 -22"><span class='ocrx_word' id='word_1_858' title='bbox 2157 5516 2349 5590; x_wconf 78' lang='lat' dir='ltr'><strong>mavis,</strong></span> <span class='ocrx_word' id='word_1_859' title='bbox 2378 5518 2588 5580; x_wconf 84' lang='lat' dir='ltr'><strong>molem,</strong></span> <span class='ocrx_word' id='word_1_860' title='bbox 2626 5517 2739 5573; x_wconf 70' lang='lat' dir='ltr'><strong>sive</strong></span> <span class='ocrx_word' id='word_1_861' title='bbox 2765 5522 2862 5590; x_wconf 71' lang='lat' dir='ltr'><strong>(ut</strong></span> <span class='ocrx_word' id='word_1_862' title='bbox 2888 5517 3123 5590; x_wconf 67' lang='lat' dir='ltr'><strong>fortasse</strong></span> <span class='ocrx_word' id='word_1_863' title='bbox 3153 5519 3205 5573; x_wconf 91' lang='lat' dir='ltr'><strong>iu</strong></span> <span class='ocrx_word' id='word_1_864' title='bbox 3238 5520 3451 5590; x_wconf 84' lang='lat' dir='ltr'><strong>Didymi</strong></span> <span class='ocrx_word' id='word_1_865' title='bbox 3487 5516 3726 5590; x_wconf 75' lang='lat' dir='ltr'><strong>libro_l)a</strong></span> 
     </span>
    </p>
   </div>
   <div class='ocr_carea' id='block_1_114' title="bbox 2154 5586 3728 5659">
    <p class='ocr_par' dir='ltr' id='par_1_114' title="bbox 2154 5586 3728 5659">
     <span class='ocr_line' id='line_1_117' title="bbox 2154 5586 3728 5659; baseline -0.001 -18"><span class='ocrx_word' id='word_1_866' title='bbox 2154 5586 2356 5659; x_wconf 72' lang='lat' dir='ltr'><strong>Spiritu</strong></span> <span class='ocrx_word' id='word_1_867' title='bbox 2388 5600 2589 5654; x_wconf 75' lang='lat' dir='ltr'><strong>sancto,</strong></span> <span class='ocrx_word' id='word_1_868' title='bbox 2616 5604 2747 5659; x_wconf 88' lang='lat' dir='ltr'><strong>uum</strong></span> <span class='ocrx_word' id='word_1_869' title='bbox 2776 5586 2885 5653; x_wconf 56' lang='grc'><strong>⁷26,</strong></span> <span class='ocrx_word' id='word_1_870' title='bbox 2910 5586 3486 5659; x_wconf 80' lang='lat' dir='ltr'><strong>vertitHicronymus),</strong></span> <span class='ocrx_word' id='word_1_871' title='bbox 3508 5586 3728 5640; x_wconf 77' lang='lat' dir='ltr'><strong>vastita-</strong></span> 
     </span>
    </p>
   </div>
   <div class='ocr_carea' id='block_1_115' title="bbox 2156 5657 3723 5728">
    <p class='ocr_par' dir='ltr' id='par_1_115' title="bbox 2156 5657 3723 5728">
     <span class='ocr_line' id='line_1_118' title="bbox 2156 5657 3723 5728; baseline -0.001 -17"><span class='ocrx_word' id='word_1_872' title='bbox 2156 5666 2278 5728; x_wconf 60' lang='lat' dir='ltr'><strong>tem.</strong></span> <span class='ocrx_word' id='word_1_873' title='bbox 2312 5657 2497 5724; x_wconf 86' lang='lat' dir='ltr'><strong>Itaque</strong></span> <span class='ocrx_word' id='word_1_874' title='bbox 2525 5658 2749 5728; x_wconf 27' lang='lat' dir='ltr'><strong>etelos‘e</strong></span> <span class='ocrx_word' id='word_1_875' title='bbox 2779 5659 3051 5728; x_wconf 83' lang='lat' dir='ltr'><strong>contrario</strong></span> <span class='ocrx_word' id='word_1_876' title='bbox 3066 5669 3231 5728; x_wconf 80' lang='lat' dir='ltr'><strong>_vucat</strong></span> <span class='ocrx_word' id='word_1_877' title='bbox 3265 5657 3519 5728; x_wconf 84' lang='lat' dir='ltr'><strong>Didymus</strong></span> <span class='ocrx_word' id='word_1_878' title='bbox 3549 5670 3723 5728; x_wconf 71' lang='lat' dir='ltr'><strong>scgm.</strong></span> 
     </span>
    </p>
   </div>
   <div class='ocr_carea' id='block_1_116' title="bbox 2155 5724 3727 5798">
    <p class='ocr_par' dir='ltr' id='par_1_116' title="bbox 2155 5724 3727 5798">
     <span class='ocr_line' id='line_1_119' title="bbox 2155 5724 3727 5798; baseline 0 -20"><span class='ocrx_word' id='word_1_879' title='bbox 2155 5724 2258 5798; x_wconf 74' lang='grc'><strong>155</strong></span> <span class='ocrx_word' id='word_1_880' title='bbox 2311 5742 2363 5787; x_wconf 88' lang='lat' dir='ltr'><strong>a,</strong></span> <span class='ocrx_word' id='word_1_881' title='bbox 2424 5725 3001 5798; x_wconf 78' lang='grc' dir='ltr'>παμμεγεθεστάτους.</span> <span class='ocrx_word' id='word_1_882' title='bbox 3053 5726 3173 5783; x_wconf 82' lang='lat' dir='ltr'><strong>Jam</strong></span> <span class='ocrx_word' id='word_1_883' title='bbox 3226 5724 3584 5798; x_wconf 59' lang='lat' dir='ltr'><strong>vero&#39;censor</strong></span> <span class='ocrx_word' id='word_1_884' title='bbox 3617 5724 3727 5793; x_wconf 87' lang='lat' dir='ltr'><strong>ille,</strong></span> 
     </span>
    </p>
   </div>
   <div class='ocr_carea' id='block_1_117' title="bbox 2166 5795 3725 5869">
    <p class='ocr_par' dir='ltr' id='par_1_117' title="bbox 2166 5795 3725 5869">
     <span class='ocr_line' id='line_1_120' title="bbox 2166 5795 3725 5869; baseline -0.001 -18"><span class='ocrx_word' id='word_1_885' title='bbox 2166 5796 2316 5865; x_wconf 86' lang='lat' dir='ltr'><strong>cujus</strong></span> <span class='ocrx_word' id='word_1_886' title='bbox 2349 5795 2563 5851; x_wconf 79' lang='lat' dir='ltr'><strong>memini</strong></span> <span class='ocrx_word' id='word_1_887' title='bbox 2593 5795 2707 5853; x_wconf 87' lang='lat' dir='ltr'><strong>not.</strong></span> <span class='ocrx_word' id='word_1_888' title='bbox 2735 5796 2825 5860; x_wconf 69' lang='lat'><strong>40,</strong></span> <span class='ocrx_word' id='word_1_889' title='bbox 2861 5813 2980 5868; x_wconf 78' lang='lat' dir='ltr'><strong>pag.</strong></span> <span class='ocrx_word' id='word_1_890' title='bbox 3028 5798 3120 5864; x_wconf 85' lang='grc'><strong>55,</strong></span> <span class='ocrx_word' id='word_1_891' title='bbox 3153 5813 3215 5854; x_wconf 78' lang='lat' dir='ltr'><strong>ex</strong></span> <span class='ocrx_word' id='word_1_892' title='bbox 3262 5812 3328 5854; x_wconf 85' lang='lat' dir='ltr'><strong>eo</strong></span> <span class='ocrx_word' id='word_1_893' title='bbox 3371 5799 3512 5869; x_wconf 83' lang='lat' dir='ltr'><strong>quod</strong></span> <span class='ocrx_word' id='word_1_894' title='bbox 3560 5795 3725 5851; x_wconf 84' lang='lat' dir='ltr'><strong>Deum</strong></span> 
     </span>
    </p>
   </div>
  </div>
