4146 6424
317 470 426 525 537
432 484 439 510 ξ

1421 467 1509 521 DE
1547 464 1918 521 TRINITATE
1956 463 2153 517 LIBER
2192 462 2476 519 PRIMUS.

3465 456 3593 513 338x

315 583 413 636 τοῦ
439 581 733 650 κτίσματος
759 582 803 649 ἡ
826 580 1027 652 φυσικὴ
1064 582 1245 652 μορφὴ
1286 580 1380 634 τοῦ
1413 582 1696 645 κτίσαντος
1728 598 1895 635 κατα-

2009 590 2081 634 est
2112 580 2295 643 homo,
2328 577 2470 631 aliud
2502 576 2677 642 imago
2724 572 3001 627 hominis:
3044 585 3107 624 ac
3153 569 3353 634 vivum,
3408 578 3594 639 atque.

320 669 577 725 νοεῖσθαι.
607 670 742 723 Οὐδὲ
774 668 865 741 [17
897 669 947 742 b]
1008 670 1117 741 γὰρ
1144 670 1266 723 οὑδὲ
1291 670 1423 739 άλλη
1460 670 1620 740 φύσις
1653 671 1750 741 τὴν
1780 670 1897 723 ἐτέ-

320 778 422 827 ραν
449 764 509 814 ὲν
541 762 707 831 ἐαυτῇ
739 760 1132 815 ἐπιδείκνυσιν·
1167 760 1302 814 ἀλλὰ
1329 761 1426 813 καὶ
1465 763 1493 813 ὁ
1526 760 1716 830 Πατὴρ
1755 760 1900 831 εὑρί-

323 870 510 906 σκεται
554 851 921 911 ἀνυπόστατος
972 851 1299 921 γεγενῆσθαι
1348 852 1436 904 ὅτε
1487 852 1753 922 αἰρετικοὶ
1806 851 1898 902 τὸν

319 945 645 1015 χαρακτῆρα
671 944 731 997 οὑ
760 942 996 996 διδόασιν
1029 943 1172 1013 ἔχειν
1198 943 1360 996 αὑτὸν
1391 943 1491 1014 τῆς
1523 944 1893 1006 ὑποστάσεως.

332 1031 471 1084 Ἀλλ’
503 1033 625 1085 οὑδὲ
649 1034 677 1085 ὁ
705 1032 936 1104 ἀόρατος
954 1073 968 1098 ,
999 1034 1094 1085 καὶ
1118 1031 1432 1097 ἀσύνθετος,
1461 1034 1556 1097 καὶ
1586 1034 1724 1105 ἀσχη
1736 1035 1894 1104 μάτι·

320 1140 444 1186 στος
474 1123 606 1186 Θεὸς
631 1124 815 1176 εἰκόνα
844 1124 957 1194 ἔχει
986 1125 1104 1177 οἵαν
1138 1125 1334 1178 ἐκεῖνοι
1362 1126 1687 1196 ἐμφαίνουσι
1723 1143 1896 1197 μιμη-

316 1216 498 1285 τικήν.
541 1213 818 1285 Παραλὺει
871 1215 929 1267 δὲ
969 1214 1037 1268 τά
1089 1215 1314 1268 ἐκείνων
1355 1214 1539 1283 σαφῶς
1571 1217 1665 1268 καὶ
1718 1216 1751 1285 ἠ
1796 1216 1898 1267 ὲπ-

317 1303 533 1372 αγωγὴ,
563 1303 791 1374 ἔχουσα·
824 1307 947 1371 Οὐχ
985 1304 1301 1373 ἁρπαγμὸν
1331 1305 1602 1374 ᾐτήσατο
1648 1304 1715 1357 τὸ
1747 1305 1901 1358 εἶναι

320 1396 429 1449 ἴσα
466 1392 609 1461 Θεῷ.
647 1396 783 1466 Περὶ¹
828 1395 885 1448 δὲ
929 1396 1166 1465 φυσικῆς
1212 1396 1418 1458 εἰκόνος
1465 1396 1756 1466 ὑφηγεῖται
1804 1395 1899 1448 καὶ

317 1488 560 1558 Munia-ﬁ;
581 1487 832 1541 οὑτωσεί·
876 1486 1238 1557 Ἐγέννησεν
1273 1488 1454 1556 Ἀδὰμ
1474 1486 1582 1541 τὸν
1606 1485 1729 1553 Σὴθ
1750 1485 1899 1539 κατὰ

320 1580 437 1647 μὴν
456 1578 657 1633 εἰδέαν
678 1578 884 1633 αὐτοῦ.
920 1581 1032 1633 Οὑκ
1059 1575 1127 1650 ἦν
1150 1580 1205 1632 δὲ
1228 1579 1565 1651 ὲτεροούσιος
1588 1579 1897 1647 ἀναγκαίως

319 1671 348 1722 6
384 1670 492 1741 Σὴθ
533 1669 613 1739 τῷ
668 1670 836 1740 Ἀδάμ
861 1687 873 1700 ⁸
921 1670 1017 1723 καὶ
1044 1671 1193 1740 ὅμως
1228 1671 1413 1724 εἰκόνα
1454 1672 1552 1741 τὴν
1586 1671 1761 1724 εἰδέαν
1804 1671 1899 1722 καὶ

318 1763 579 1833 ὁμοίωσιν
620 1762 719 1830 τῆς
760 1762 945 1824 οὐσίας
978 1762 1254 1815 ἐκάλεσεν.
1297 1761 1459 1815 Ἀλλὰ
1507 1763 1604 1815 καὶ
1636 1763 1763 1836 περὶ
1806 1763 1895 1815 ἀν-⁹

321 1850 561 1922 Θρώπου,
592 1853 753 1919 φησι,
792 1852 1120 1921 γέγραπται,
1158 1852 1239 1904 ὅτι
1281 1852 1427 1904 ἔστιν
1461 1849 1624 1903 εἰκὼν
1652 1851 1900 1916 καὶδόξα

2000 681 2310 740 operantem
2354 669 2519 723 Deum
2562 666 2792 721 Verbum
2835 663 3051 732 imagini
3112 670 3259 714 motu
3298 659 3592 714 desumus.

1991 783 2011 821 ι
2040 761 2393 813 uodammodo
2437 755 2780 811 assimilant:
2827 768 2948 807 cum
2981 752 3025 805 is
3061 760 3112 805 et
3163 753 3338 820 quoad
3383 763 3572 805 essen-

2004 855 2155 914 tiam,
2179 860 2235 905 et
2260 849 2432 918 quoad
2459 848 2663 910 omnia,
2718 846 2896 913 imago
2937 842 3005 897 sit
3048 841 3223 896 Patris
3262 841 3412 895 omni
3454 854 3571 893 om-

2002 944 2127 996 nino
2153 942 2463 995 diversitate
2495 953 2706 1001 carens,
2733 944 2787 989 et
2835 945 3056 998 aeterna,
3084 948 3190 987 non
3224 948 3352 987 vero
3386 935 3450 985 ad
3505 930 3571 984 il~

2003 1033 2103 1085 lius
2126 1032 2357 1087 formam
2383 1044 2447 1085 ac
2492 1029 2718 1096 figurant
2746 1026 2835 1091 sit,
2862 1025 3029 1078 instar
3052 1021 3324 1077 simulacri
3347 1036 3377 1074 a
3402 1021 3571 1089 plaste

2002 1121 2189 1184 emoti,
2217 1131 2309 1174 aut
2341 1119 2558 1187 sculpti,
2587 1117 2730 1187 quod
2777 1114 3072 1168 inanimum
3108 1119 3209 1176 est,
3249 1124 3347 1164 nec
3374 1124 3470 1163 sua
3511 1123 3571 1164 sc

1972 1204 1973 1207 “
2001 1215 2050 1267 vi
2084 1227 2348 1267 movens:
2389 1225 2564 1279 neque
2606 1208 2896 1263 secundum
2926 1205 3069 1258 illius
3097 1203 3354 1273 speciem,
3406 1209 3458 1254 et
3480 1214 3573 1254 co-

2003 1306 2166 1359 loretu
2209 1305 2299 1368 sit,
2329 1299 2628 1370 cujusmodi
2660 1308 2745 1351 est
2785 1296 3081 1350 artiﬁciosa
3113 1296 3178 1348 ad
3214 1293 3570 1348 imitationem

2002 1393 2166 1455 facta,
2202 1401 2255 1445 et
2280 1399 2430 1444 muta
2477 1388 2722 1458 eﬂigies:
2775 1386 3079 1455 hujusmodi
3125 1385 3268 1440 enim
3311 1385 3573 1453 imagines

2001 1497 2178 1553 neque
2217 1482 2394 1551 quoad
2429 1488 2702 1541 naturam,
2730 1491 2901 1545 neque
2927 1491 2992 1529 ex
3030 1475 3239 1541 integro
3261 1474 3438 1542 quoad
3464 1473 3570 1526 alia

2001 1583 2345 1643 prototypum
2397 1568 2677 1624 exhibent.
2732 1568 2897 1622 Porro
2943 1567 3178 1621 hominis
3231 1566 3394 1620 etiam
3431 1564 3573 1619 ﬁlius

2002 1666 2177 1734 imago
2233 1675 2317 1719 est
2348 1659 2664 1715 substantia:
2711 1659 2879 1727 patris
2928 1657 3034 1721 sui,
3080 1657 3172 1709 sed
3214 1656 3460 1709 diversus
3504 1652 3573 1708 ab

2002 1757 2116 1825 ipso
2177 1763 2463 1817 estmtate,
2514 1762 2609 1805 aut
2659 1750 2860 1819 specie,
2890 1758 2981 1801 aut
3026 1747 3312 1809 sententia,
3351 1754 3443 1798 aut
3492 1745 3572 1808 vi,

2002 1858 2093 1901 aut
2126 1848 2404 1914 dignitate,
2454 1854 2549 1897 aut
2597 1843 2679 1897 his
2727 1842 2980 1895 omnibus
3034 1838 3215 1898 simul,
3248 1845 3342 1890 aut
3393 1836 3570 1904 aliqua

318 1938 477 1992 Θευῦ.
540 1940 677 1991 Ἀλλ’
725 1938 984 2009 οὐδαμοῦ,
1042 1934 1089 1991 ὧ
1138 1932 1303 2002 οὗτοι,
1355 1938 1641 2009 ἄνθρωπος
1684 1939 1716 2010 ἢ
1773 1938 1899 1992 ἄλλο

2009 1939 2170 1992 etiam
2200 1936 2307 1989 alia
2343 1950 2420 1991 re.
2449 1936 2518 1988 At
2550 1933 2692 1989 Deus
2722 1930 2966 1987 Verbum
2983 1929 3099 1983 sine
3128 1927 3235 1983 ullo
3264 1926 3576 1982 discrimine

321 2030 536 2101 ποίημα
580 2030 886 2103 γέγραπται
913 2025 1053 2082 εἶναι
1081 2028 1422 2098 ἀπαύγασμα
1465 2029 1564 2099 τῆς
1602 2028 1759 2099 δόξης
1804 2028 1898 2082 τοῦ

320 2122 457 2175 Geo?)
489 2122 582 2176 καὶ
614 2121 901 2194 χαρακτὴρ
943 2121 1043 2191 τῆς
1076 2119 1445 2182 ὑποστάσεως·
1483 2119 1714 2173 ἄλλοδέ
1752 2121 1899 2173 ἐστιν

321 2212 607 2284 ἄνθρωπον
633 2213 816 2266 εἰκόνα
853 2208 991 2265 εἶναι
1020 2210 1185 2275 Θεοῦ,
1221 2211 1363 2263 τοῦτ’
1399 2210 1515 2263 ἔστι
1558 2212 1620 2264 τὸ
1645 2213 1901 2283 τεχνηθὲν

321 2302 416 2354 τοῦ
451 2302 884 2372 τεχνησαμένου,
912 2301 986 2363 ὡς
1013 2300 1200 2371 δίφρος
1228 2297 1324 2353 τοῦ
1351 2302 1618 2364 τέκτονος.
1653 2302 1902 2374 Σολομὼν

322 2393 431 2464 γὰρ
469 2393 618 2461 λέγει
645 2408 656 2420 ·
705 2393 1041 2461 Ἀιοαλόγως
1088 2391 1215 2445 τῶν.
1258 2390 1605 2460 κτισμάτων.
1645 2396 1679 2447 ό
1722 2396 1903 2447 Γενε-

319 2482 611 2551 σιοι.·ργὸς
645 2480 970 2548 θεωρεῖται,’
1004 2482 1098 2534 καὶ
1129 2480 1259 2534 ἄλλο
1296 2482 1464 2547 ἐστὶν,
1498 2482 1639 2535 κατά
1673 2482 1735 2535 τὸ
1765 2482 1902 2554 σύμ-

325 2590 559 2643 μορφον,
590 2574 681 2625 καὶ
704 2572 1036 2634 ταυτούσιον,
1066 2573 1157 2625 καὶ
1180 2573 1535 2643 συνάναρχον,
1558 2574 1902 2646 ἀπαύγασμα

322 2657 468 2715 εἶναι
494 2659 674 2728 δόξης,
707 2663 800 2713 καὶ
825 2660 1147 2731 χαρακτῆρα
1173 2662 1522 2725 ὑποστάσεως
1543 2663 1902 2718 ὲνυπόστατον

324 2750 422 2802 καὶ
467 2748 882 2816 ἀψευδέστατον.
917 2751 1054 2818 Φησί
1104 2750 1217 2820 γάρ
1242 2769 1255 2782 ·
1318 2751 1380 2804 '0
1434 2751 1694 2820 ἑωρακὼς
1752 2752 1859 2822 ἐμὲ
1884 2795 1900 2821 ,

324 2841 549 2907 ἑώρακε
584 2839 687 2893 τὸν
716 2842 947 2909 Πατέρα
966 2859 978 2871 ⁸
1024 2844 1051 2894 6
1092 2841 1151 2894 δὲ
1186 2842 1447 2912 ἑωρακὼς
1473 2842 1780 2915 ἄνθρωπον,
1807 2846 1905 2917 οὑχ

325 2930 537 3002 ἑώρακε
583 2931 673 2983 τὸν
703 2932 832 2984 Θεόν
860 2949 872 2960 ·
899 2931 974 2995 ὡς
1025 2934 1054 2984 6
1088 2931 1423 3003 θεασάμενος
1451 2934 1541 2987 τὸν
1566 2934 1776 3006 δίφρον,
1806 2937 1903 3007 οὐχ

324 3021 539 3093 ἑώρακε
556 3022 644 3075 τὸν
663 3023 902 3075 τέκτονα.
923 3023 1082 3076 Ἀ).λά
1104 3025 1196 3077 καὶ
1220 3024 1433 3096 ἀνάγκη
1456 3025 1549 3078 τοῦ
1569 3026 1729 3095 μόνου
1745 3027 1908 3096 ἀορά-

334 3129 418 3165 του
438 3111 572 3165 Θεοῦ
597 3113 765 3183 μόνην
797 3114 1025 3185 ἀόρατον
1048 3111 1188 3168 εἶναι
1222 3116 1438 3185 ἐκείνην
1466 3117 1563 3185 τὴν
1593 3118 1775 3169 εἰκόνα
1808 3117 1908 3171 καὶ¹

326 3202 387 3254 οὑ
419 3201 508 3254 τὸν
541 3203 661 3255 κατ’
689 3202 873 3255 εἰκόνα
911 3201 1103 3272 ὁρατὸν
1132 3184 1437 3272 ἄνθρωπον.
1468 3184 1607 3255 Uitta
1631 3199 1723 3256 οὖν

326 3292 513 3362 ὅμοιός
536 3295 680 3345 ἐστιν
711 3294 738 3344 6
774 3292 929 3355 Υἱὸς·
962 3292 1165 3363 γράφει
1197 3294 1331 3363 γάρ’,
1361 3295 1457 3359 Τίς
1482 3290 1906 3363 ὁμοιωθήσεται
1934 3279 1975 3335 C

328 3382 410 3448 τῷ
438 3384 632 3451 Κειρίῳ
656 3384 725 3436 ἐν
760 3383 911 3448 υἱοῖς
949 3383 1135 3448 Θεοῦ,
1172 3382 1308 3436 Οὑτε
1353 3384 1431 3454 τῷ
1463 3383 1573 3455 [l8
1600 3403 1631 3437 a
1658 3384 1680 3457 ]
1712 3383 1933 3450 ἑαυτοῧη

326 3474 505 3546 natth
535 3475 816 3545 ἀνόμοιος·
867 3474 1014 3542 Ἐγὼ
1063 3474 1192 3543 γὰρ,
1240 3476 1393 3546 φησι,
1426 3474 1525 3528 καὶ
1554 3477 1585 3527 ό
1612 3474 1815 3542 Πατὴρ
1839 3473 1910 3528 ἕν

329 3565 539 3637 ἐσμεν.
576 3565 639 3617 Οἱ
666 3565 722 3617 δὲ
758 3566 982 3634 κτιστῆς
1007 3565 1214 3629 εἰκόνος
1243 3565 1450 3620 ἔννοιαν
1471 3565 1564 3618 ἐπὶ
1592 3565 1754 3618 αὑτοῦ
1778 3566 1937 3636 ).αμ-,

330 3654 610 3718 ϐάνοντες,
655 3653 1025 3724 ὲξομοιοῦνται
1057 3655 1135 3725 τῷ
1166 3656 1651 3728 Ναὸουχοδονόσωρ
1684 3655 1909 3727 ποιητὴν

329 3744 536 3815 ἄψυχον
585 3747 770 3801 εἰκόνα
817 3746 1239 3818 προσκυνεῖσθαι
1286 3746 1616 3801 τυπώσαντι.
1666 3749 1775 3801 Καὶ
1818 3748 1910 3801 τὸν

343 3837 517 3907 Ἀδάμ
548 3838 605 3889 δὲ
651 3838 738 3891 διά
778 3837 876 3909 τὴν
924 3838 1208 3909 παρακοήν
1257 3839 1322 3892 ἐκ
1371 3839 1465 3891 τοῦ
1512 3840 1837 3911 παραδείσου
1882 3841 1911 3892 6

330 3928 463 3993 Θεὸς
497 3928 722 3993 δικαίως
747 3929 938 4001 ἔρρεψε
964 3947 977 3960 .

332 4019 424 4082 τρν
464 4020 638 4091 Ἀδάμ
658 4021 832 4075 καὶτὸ
862 4023 1040 4075 κοινὸν
1066 4023 1221 4093 ήμῶν
1242 4023 1361 4076 ὅλον
1389 4024 1542 4093 γένος
1579 4026 1607 4076 ὁ
1642 4025 1768 4089 Υἱὸς
1801 4027 1913 4079 εἰσ-

332 4110 542 4179 ἤγαγεν
563 4112 638 4173 ὡς
667 4111 785 4169 ἴσος
811 4111 1029 4175 πάντως
1057 4115 1122 4183 τῇ
1152 4111 1472 4183 θεότητικαὶ
1497 4113 1789 4184 ἀγαθότητι
1820 4115 1912 4168 καὶ

332 4202 625 4273 δεσποτεία
656 4201 735 4273 τῷ
770 4203 986 4273 ρίψαντι
1020 4204 1322 4274 τυγχάνων.
1369 4202 1478 4256 Ποῦ
1507 4204 1562 4257 δὲ
1587 4205 1799 4276 ἐγράφη
1831 4206 1913 4260 ὅτι

332 4293 665 4365 ἀσύγκριτος
709 4297 737 4348 6
777 4295 968 4365 Πατὴρ
1012 4296 1147 4366 πρὸς
1176 4296 1266 4348 τὸν
1308 4294 1501 4349 ἑαυτοῦ
1532 4298 1846 4369 Μονογενῆ;
1877 4298 1911 4368 ἢ

332 4387 414 4439 ὅτι
447 4388 476 4439 6
522 4387 649 4449 Υἱὸς
690 4386 854 4439 αὑτοῦ
889 4385 988 4438 καὶ
1026 4385 1135 4439 τῶν
1183 4385 1400 4440 πάντων
1430 4388 1772 4460 Δημιουργὸς
1818 4390 1913 4442 καὶ

334 4477 551 4554 κριτὴς,
578 4478 721 4533 κατά
747 4478 844 4549 τὴν
867 4478 1055 4549 Θεῖκὴν
1077 4476 1240 4537 αὑτοῦ
1266 4480 1362 4544 καὶ
1391 4480 1525 4532 ὅλων
1559 4480 1652 4551 ὲξῃ
1666 4497 1729 4552 ρη
1741 4480 1908 4552 μένην
1934 4480 1947 4484 ’

1031 3930 1125 3983 τὸν
1160 3929 1216 3983 δὲ
1253 3930 1478 4001 λῃστὴν,
1513 3932 1605 3985 καὶ
1634 3933 1731 3985 σὺν
1764 3930 1943 4002 αὑτῷ.

2005 2037 2060 2081 et
2100 2026 2638 2094 adamussirnquoad
2684 2023 2863 2079 omnia
2916 2020 3235 2088 simplicem,
3279 2028 3334 2073 et
3376 2019 3577 2074 incora-

2007 2118 2261 2187 positam,
2288 2127 2345 2172 et
2379 2117 2639 2173 varietate
2674 2124 2956 2189 carentem
2987 2112 3161 2166 Patris
3191 2110 3447 2164 deitatem
3478 2123 3575 2161 na-

2009 2209 2273 2274 turaliter,
2301 2207 2446 2261 etab
2476 2218 2679 2260 πιοτηο
2705 2206 2867 2259 habet
2898 2212 2954 2257 ut
2991 2201 3166 2256 Patris
3191 2201 3369 2268 imago
3397 2217 3411 2253 ;
3451 2214 3576 2252 nam

2011 2299 2151 2368 quod
2184 2300 2296 2365 ipse
2321 2299 2391 2352 sit
2425 2296 2516 2350 Dei
2547 2297 2724 2365 imago
2750 2294 2858 2367 42
2892 2293 3185 2349 secundum
3210 2293 3355 2360 quid,
3381 2301 3578 2361 etpra-

2008 2401 2128 2460 pter
2175 2389 2394 2458 aliquid,
2432 2403 2499 2442 ne
2532 2388 2771 2457 cogitare
2829 2386 3044 2456 quidem
3088 2384 3234 2438 licet.
3284 2382 3394 2438 Nec
3449 2397 3578 2437 vero

2007 2480 2295 2551 quidquam
2336 2480 2477 2534 illius
2527 2480 2702 2547 imago
2720 2488 2823 2542 est,
2858 2477 2948 2545 qui
2976 2474 3092 2543 ejus
3122 2475 3579 2543 respectuincom:

2007 2575 2264 2643 parabilis
2291 2575 2362 2628 sit
2397 2593 2410 2628 :
2453 2588 2623 2640 neque
2648 2587 2743 2639 per
2790 2586 2912 2623 eum
2953 2570 3042 2638 qui
3066 2568 3351 2623 dissimilis.
3372 2566 3466 2629 sit,
3487 2576 3578 2619 aut

2008 2666 2209 2728 minor,
2244 2675 2336 2718 aut
2369 2665 2666 2733 subjectus,
2722 2660 3102 2729 repratseutari
3146 2667 3322 2727 potest
3367 2657 3453 2711 ille
3486 2656 3579 2724 qui

2010 2772 2170 2811 verus
2207 2757 2298 2819 sit,
2339 2765 2392 2810 et
2421 2755 2770 2824 archetypas,
2793 2760 2847 2807 et
2874 2751 3071 2819 major,
3096 2759 3149 2803 et
3171 2749 3252 2803 sui
3286 2749 3396 2818 ipse
3420 2749 3578 2817 juris,

2010 2858 2064 2903 et
2108 2847 2545 2916 incomparabilis
2596 2864 2608 2899 :
2651 2859 2823 2913 neque
2881 2843 3082 2910 pariter
3130 2855 3226 2909 per
3270 2850 3580 2895 creaturam

2010 2938 2275 2994 naturalis
2306 2937 2476 2991 forma
2513 2936 2787 2993 Creatoris
2842 2932 3068 3001 intelligi
3114 2939 3288 2999 potest
3318 2949 3330 2987 ε
3365 2946 3485 2984 nam
3516 2946 3583 2985 ne

2009 3030 2110 3084 alia
2146 3029 2359 3098 quidem
2392 3029 2496 3080 ulla
2538 3038 2730 3081 natura
2783 3026 3012 3080 alteram
3066 3025 3118 3079 in
3159 3025 3449 3094 semetipsa
3492 3036 3581 3081 re-

2011 3130 2320 3190 praesentat.
2349 3119 2487 3185 Quin
2552 3120 2713 3171 etiam
2746 3116 2873 3170 illud
2913 3117 3179 3185 sequitur,
3232 3126 3289 3169 ut
3329 3114 3585 3179 Patersit

2013 3210 2130 3269 siue
2168 3209 2492 3273 substantia,
2523 3207 2625 3261 nisi
2661 3222 2862 3273 verum,
2890 3205 2961 3260 sit
3000 3206 3145 3271 illud,
3170 3205 3311 3273 quod
3348 3202 3583 3257 haeretici

2009 3308 2223 3363 negant,
2251 3298 2425 3364 ipsum
2454 3296 2654 3350 habere
2675 3296 3044 3351 characterem
3070 3292 3408 3348 substantiae.
3444 3292 3585 3345 Prae-

2010 3396 2153 3440 terea
2191 3386 2500 3449 invisibilis,
2532 3396 2589 3438 et
2643 3385 3054 3454 incompositus,
3087 3394 3141 3438 et
3182 3383 3350 3453 ﬁgura
3396 3394 3586 3436 careas

2009 3476 2148 3529 Deus
2200 3476 2488 3544 imaginem
2526 3473 2726 3527 habere
2756 3489 2859 3528 non
2896 3483 3093 3542 potest,
3125 3474 3336 3541 qualem
3368 3471 3469 3540 ipsi
3501 3473 3588 3526 de-

2011 3565 2278 3627 scribunt,
2316 3578 2437 3631 qua:
2476 3562 2684 3616 scilicet
2716 3563 2782 3616 ad
2826 3562 3183 3616 imitationem
3220 3560 3356 3613 facta
3401 3559 3583 3613 fuerit.

2009 3653 2222 3708 Illorum
2251 3663 2432 3705 autem
2462 3661 2774 3705 commenta
2822 3650 3109 3704 manifeste
3162 3659 3384 3705 enervat
3419 3649 3585 3702 etiam

2010 3745 2149 3814 quod
2178 3743 2480 3809 subjicitur,
2513 3753 2568 3795 et
2606 3742 2685 3795 sic
2705 3756 2763 3794 se
2785 3741 2948 3795 habet
2976 3758 2991 3795 :
3031 3740 3152 3794 Non
3183 3741 3419 3807 rapinam
3474 3738 3585 3810 (87)

2011 3840 2298 3894 arbitratus
2330 3846 2402 3891 est
2431 3852 2539 3889 esse
2571 3852 2625 3888 se
2654 3833 2907 3903 aequalem
2941 3834 3066 3886 Deo.
3104 3833 3176 3886 De
3204 3831 3436 3886 naturali
3458 3846 3587 3886 vero

2016 3918 2249 4000 imagine
2292 3930 2508 3998 Moyses
2555 3941 2769 3996 quoque
2814 3926 2893 3979 sic
2949 3924 3228 3993 loquitur:
3270 3922 3439 3977 Adam
3473 3922 3586 3993 (88)

2010 4025 2180 4092 genuit
2207 4020 2332 4076 Sella
2360 4019 2642 4074 secundum
2658 4019 2882 4087 [armum
2917 4030 3091 4083 suam.
3131 4012 3312 4083 Neque
3331 4029 3460 4067 vero
3490 4013 3588 4069 fuit

2014 4113 2143 4177 Setb
2171 4112 2396 4173 alterius
2429 4111 2737 4164 necessario
2793 4106 3130 4175 substantiae,
3168 4105 3347 4159 habita
3382 4106 3589 4159 ratione

2013 4208 2080 4259 ad
2111 4203 2376 4271 Adamum
2406 4220 2421 4269 ;
2474 4211 2529 4256 et
2564 4212 2741 4260 tamen
2780 4198 3068 4267 imaginem
3103 4196 3214 4268 (89)
3248 4188 3458 4251 vocavit
3486 4196 3590 4251 for-

2013 4311 2181 4363 mam,
2217 4304 2272 4349 et
2304 4292 2717 4348 similitudinem
2772 4290 3113 4345 suhStantize.
3160 4288 3229 4342 At
3274 4289 3338 4343 de
3372 4289 3589 4343 homine

2012 4403 2245 4459 quoque,
2281 4385 2841 4457 inquiunt,.scriptum
2872 4392 2952 4438 est
2982 4381 3115 4454 (90),
3139 4396 3260 4436 eum
3297 4396 3418 4437 esse
3459 4380 3591 4435 ima-

2014 4482 2217 4552 ginem,
2258 4487 2315 4535 et
2343 4478 2569 4547 gloriam
2602 4476 2717 4531 Dei.
2753 4475 2858 4531 Sed
2910 4473 3056 4529 nullo
3095 4474 3146 4528 iu
3204 4474 3341 4542 loco,
3390 4489 3424 4529 ο
3466 4489 3592 4529 sua-

335 4570 561 4640 άπειρον
598 4568 761 4638 φύσιν
794 4568 1001 4639 κτίσμα
1039 4568 1220 4634 ὲστίν;
1255 4570 1287 4640 ἢ
1330 4568 1488 4634 ὅλως,
1522 4570 1604 4623 ὅτι
1642 4570 1775 4625 ποτὲ
1810 4572 1908 4625 οὑκ

2018 4572 2245 4633 vissimi,
2289 4569 2356 4624 de
2390 4568 2630 4633 homine,
2657 4576 2748 4620 aut
2777 4565 2843 4620 de
2874 4565 2979 4619 alia
3010 4565 3114 4618 ulla
3148 4575 3398 4619 creatura
3450 4566 3590 4629 scri-

331 4652 434 4727 ἧν;
472 4657 506 4728 ἢ
539 4657 643 4711 ποῦ
680 4657 863 4722 ἰδικῶς
902 4659 1005 4728 ἔφη
1037 4661 1077 4713 ὁὶ
1091 4657 1300 4730 Πατὴρ,
1340 4659 1571 4714 Ἔκτισά
1609 4678 1698 4731 μοι
1740 4660 1869 4715 Υἰόν
1893 4679 1907 4693 ο

333 4752 419 4822 ἥνό
459 4752 610 4818 Υἰὸς,
636 4754 924 4824 Ἐκτίσθην
956 4754 1061 4807 ὑπὸ
1092 4753 1187 4807 τοῦ
1226 4752 1466 4826 Πατρός;
1501 4756 1639 4824 ὅπερ
1670 4755 1909 4820 ἀκούειν,

338 4851 532 4926 μήτιγε
576 4851 670 4917 καὶ
702 4849 913 4919 λέγειν,
960 4849 1190 4920 φρικτὸν
1239 4850 1332 4902 καὶ
1365 4849 1617 4917 φευκτόν.
1663 4849 1912 4921 Οὑὸαμοῦ

339 4942 437 5010 μὲν
484 4938 576 4997 οὖν
623 4942 907 5007 παντελῶς
946 4941 1096 5005 θείας
1141 4941 1235 4995 καὶ
1270 4942 1645 5013 πνευματικῆς
1691 4942 1915 5013 Γραφῆς

335 5033 566 5105 εὓρηται
600 5035 796 5092 ταῦτα.
848 5035 1173 5088 Τοὺναντίον
1206 5034 1260 5086 δὲ
1297 5034 1681 5105 συγκρίνοντος
1722 5033 1914 5087 ἑαυτὸν

337 5126 473 5196 πρὸς
518 5127 611 5179 τὸν
648 5126 871 5195 Πατέρα
920 5127 1033 5180 ἐστὶ
1103 5124 1281 5178 πάντα
1322 5124 1416 5177 τοῦ
1451 5124 1792 5190 Μονογενοῦς
1844 5123 1916 5176 τὰ

338 5217 467 5290 περὶ
493 5216 592 5287 τῆς
622 5216 876 5287 θεότητος
897 5214 1062 5269 αὑτοῦ
1093 5217 1311 5293 ῥήματα
1331 5231 1344 5244 ·
1380 5215 1476 5269 καὶ
1509 5214 1754 5276 ὲνοῦντος
1784 5216 1913 5267 ἑαυ-

409 5391 522 5458 (87)
555 5391 676 5447 Non
700 5394 962 5460 rapinam.
989 5392 1220 5461 Philipp.
1253 5409 1315 5459 ll,
1343 5395 1396 5447 6.

406 5462 519 5534 (88)
553 5463 743 5534 Adam.
771 5463 920 5534 Gen.
956 5479 1008 5526 ν,
1044 5464 1099 5517 5.
1159 5462 1345 5517 Graeca
1385 5462 1551 5518 editio
1582 5478 1698 5532 pro,
1741 5462 1917 5534 εἰδέαν

338 5532 522 5596 habet,
557 5532 721 5586 ἰδέαν.
760 5533 990 5587 Sensum
1016 5547 1190 5586 tamen
1239 5534 1419 5601 potius
1452 5549 1612 5601 quam
1643 5533 1803 5587 verba
1839 5533 1917 5586 ci-

337 5611 415 5655 tat
450 5602 752 5672 Didymus:
791 5619 929 5672 quze,
957 5620 1077 5658 cum
1116 5605 1317 5657 clarius
1357 5605 1581 5656 reddant
1609 5602 1749 5672 quod
1802 5602 1915 5668 ipse

337 5671 637 5739 suhjttngit,
669 5673 757 5727 hic
786 5671 953 5726 allezo
979 5692 992 5725 :
1029 5672 1231 5741 Ἐζησε
1259 5672 1316 5726 δὲ
1351 5672 1522 5740 Ἀδάμ
1541 5671 1787 5725 διακόσια
1821 5672 1916 5741 καὶ

338 5741 631 5814 τριάκοντα
665 5742 758 5814 ξτη
778 5784 796 5814 ,ν
825 5742 917 5814 καί⁹
944 5740 1201 5814 ἐγέννησε
1242 5743 1382 5796 κατὰ
1424 5742 1523 5814 τὴν
1559 5742 1699 5814 ἰδέαν
1744 5740 1911 5814 αὑτοῦ

336 5811 431 5877 καὶ
460 5811 604 5882 κατά
630 5811 729 5882 τὴν
755 5812 938 5880 εἰκόνα
964 5811 1150 5882 αὑτοῦ⁹
1182 5814 1276 5867 καὶ
1304 5813 1626 5882 ἐπωνόμασε
1656 5813 1715 5865 τὸ
1740 5811 1914 5882 ὄνομα

337 5880 501 5934 αὑτοῦ
554 5880 695 5949 Σήθ,
732 5884 887 5937 idest
934 5903 944 5913 ·
995 5881 1133 5936 Vixit
1168 5900 1281 5937 vero
1322 5880 1499 5936 Adam‘
1524 5894 1694 5938 ccxxx
1725 5880 1913 5947 annos,

2017 4673 2166 4734 ptum
2198 4671 2301 4729 est,
2332 4676 2452 4716 eam
2486 4674 2608 4715 esse
2637 4658 2976 4728 splendorem
3012 4656 3203 4727 gloria:
3229 4657 3341 4721 Dei,
3376 4664 3430 4709 et
3458 4656 3591 4708 cha-

2022 4764 2286 4810 racterem
2352 4750 2689 4806 substantia}.
2732 4747 2888 4803 Aliud
2925 4757 3103 4801 autem
3161 4756 3264 4811 est,
3319 4747 3590 4800 hominem

2018 4861 2136 4902 esse
2169 4845 2456 4915 imaginem
2490 4840 2604 4907 Dei,
2631 4840 2681 4894 id
2717 4847 2801 4894 est
2832 4854 2943 4893 rem
2978 4837 3331 4891 fabrefactam
3360 4837 3595 4892 archite-

2017 4941 2090 4996 cti
2128 4953 2249 4995 esse
2275 4936 2589 5006 imaginem,
2628 4933 2767 4988 sicut
2802 4931 2931 4987 sella
2979 4942 3061 4986 est
3096 4930 3271 4999 imago
3305 4930 3467 5000 fabri;
3520 4934 3596 4987 ait

2018 5033 2162 5087 enim
2205 5029 2460 5085 Salomon
2510 5045 2524 5081 :
2566 5024 2671 5080 Per
2717 5025 3013 5095 analogiam
3067 5022 3180 5093 (9i)
3228 5032 3594 5077 creaturarum

2022 5121 2567 5187 Conditor.cernimr.
2608 5118 2763 5173 Aliud
2815 5132 2940 5171 vero
2981 5124 3083 5177 est.
3120 5129 3216 5183 per
3261 5114 3591 5168 identitatcm

2024 5213 2552 5279 formaehessentiat,
2609 5221 2664 5266 et
2716 5206 3430 5279 mternitatiysplendorem
3474 5220 3596 5261 esse

2025 5399 2071 5444 ct
2101 5394 2276 5461 genuit
2307 5389 2591 5457 acciendum
2629 5390 2850 5461 fortnam
2877 5402 3047 5451 suam,
3074 5395 3119 5461 et
3147 5383 3430 5461 secundum
3456 5384 3587 5436 ima-

2024 5452 2189 5530 ginem
2229 5452 2401 5530 suam,
2430 5471 2475 5512 et
2516 5452 2795 5530 nominavit
2830 5471 3012 5523 nomen
3050 5454 3170 5530 eju_3_
3195 5452 3345 5530 Seth.

2096 5528 2207 5601 (89)
2244 5529 2556 5598 Imaginem.
2588 5529 2672 5601 4E:
2687 5530 2817 5601 _hac
2851 5541 2982 5601 race
3031 5523 3484 5601 conjicerelicel,
3531 5524 3591 5601 ιι-

2024 5594 2261 5655 brarium
2297 5594 2535 5652 nostrum
2586 5599 2638 5650 in
2677 5596 2905 5661 Genesis
2938 5595 3055 5648 loco
3086 5603 3209 5646 ante
3256 5594 3417 5648 allato
3457 5595 3597 5648 orni-

2023 5674 2162 5725 sisse
2194 5670 2351 5721 verba
2382 5669 2491 5734 illa,
2521 5668 2616 5722 καὶ
2649 5663 2790 5720 κατά
2823 5665 2924 5735 τὴν
2968 5663 3153 5717 εἰκόνα
3182 5663 3367 5728 αὑτοῦ,
3404 5665 3454 5719 id
3487 5673 3594 5728 est,

2020 5750 2068 5795 et
2099 5739 2380 5808 secundum
2408 5739 2689 5808 imaginem
2711 5752 2887 5808 suam.

2094 5808 2204 5875 (90)
2237 5806 2499 5875 Scriptum
2519 5804 2617 5860 ἓιι.
2655 5808 2672 5859 l
2701 5806 2823 5862 Cor.
2857 5821 2931 5870 at,
2962 5804 3015 5858 7.

2097 5873 2206 5951 (91)
2256 5873 2364 5931 Per
2403 5878 2720 5948 analogiam.
2764 5876 2888 5948 Sap.
2931 5890 3051 5941 χιιι,
3083 5873 3136 5929 5.
