4088 6428
538 443 645 497 359

1776 441 2011 499 DlDYMl
2049 440 2522 497 ALEXANDRlNl

3685 436 3788 494 560

543 562 745 632 gloriae.
783 569 836 613 et
865 562 1233 615 characterem
1276 561 1649 631 hypostaseos,
1702 558 1819 614 sive
1871 560 2118 615 substan-

2236 558 2315 611 ιον
2353 557 2447 610 καὶ
2475 556 2736 626 ὁμότιμον
2767 526 3160 622 ἀποφαίνοντος
3178 569 3189 580 ·
3232 549 3345 604 ἀλλ’
3374 550 3495 603 οὐδὲ
3538 549 3725 603 τέκνον
3752 551 3789 620 ἢ

480 712 484 716 _
546 654 633 706 tia:
674 653 726 704 in
765 652 922 705 Patre
952 653 1355 717 subsistentem,
1387 659 1441 706 et
1470 650 1901 705 veracissimam.
1939 651 2119 721 Inqui’t

543 743 685 796 enim
715 742 864 810 ipse:
902 741 1007 805 Qui
1032 742 1157 795 vidit
1188 741 1301 811 (9i)
1339 757 1437 806 me,
1468 741 1594 794 uidit
1621 738 1832 795 Patrem
1860 756 1878 794 :
1914 750 1970 795 at
1992 756 2141 796 vero.

543 833 632 901 qui
673 833 802 885 vidit
842 832 1134 897 hominem,
1168 847 1272 885 non
1309 833 1441 886 wdit
1497 830 1690 896 Deum,
1736 832 1876 887 sicut
1907 833 1997 901 qui
2038 832 2121 887 vi-

547 926 621 977 dit
652 924 860 986 sellam,
890 937 995 976 non
1033 923 1164 976 vidit
1199 921 1430 977 l‘abrum.
1471 923 1666 977 Verum
1703 938 1923 979 necesse
1954 925 2118 978 etiam

545 1024 647 1077 est,
697 1026 754 1066 ιιι
812 1013 969 1065 unius
1027 1012 1313 1067 invisibilis
1373 1013 1463 1066 Dei
1514 1013 1605 1068 illa
1678 1029 1780 1067 una
1838 1014 2122 1071 invisibilis

554 1107 732 1172 imago
760 1104 853 1169 sit,
889 1121 993 1157 non
1043 1120 1172 1158 vero
1200 1105 1425 1159 visibilis
1457 1107 1637 1168 homo,
1664 1107 1753 1175 qui
1786 1116 1869 1160 est
1896 1106 1960 1160 ad
1989 1107 2122 1161 ima-

549 1195 727 1264 ginem
761 1196 893 1265 (95).
929 1197 1096 1265 Igitur
1147 1195 1312 1250 Filius
1356 1211 1527 1264 neque
1581 1196 1734 1251 alteri
1772 1195 1879 1269 ‘3
1932 1197 2124 1252 similis

549 1298 665 1351 est;
710 1290 970 1354 scriptum
1020 1298 1102 1341 est
1155 1288 1297 1341 enim
1346 1305 1359 1342 :
1413 1287 1543 1353 Quis
1580 1287 1692 1358 (94)
1745 1288 2125 1342 ασδὶηιὶιαιιὶιιιι

550 1378 777 1432 Domino
817 1380 871 1432 in
906 1378 1030 1445 ﬁliis
1072 1378 1219 1432 Dei?
1275 1392 1449 1449 neque
1493 1376 1640 1431 Patri
1688 1393 1787 1432 suo
1848 1378 2125 1433 dissimilis

549 1478 682 1521 est:
728 1468 803 1520 ait
842 1468 983 1521 enim
1019 1484 1033 1520 :
1076 1464 1185 1535 Ego
1232 1465 1344 1537 (95)
1390 1474 1439 1519 et
1486 1463 1648 1519 Pater
1706 1482 1867 1520 unum
1918 1482 2121 1520 sumus.

551 1557 657 1624 Qui
686 1572 814 1610 vero
854 1566 1090 1612 creatam
1134 1557 1186 1610 in
1231 1557 1347 1626 ipso
1398 1556 1884 1611 comminiscuntur
1933 1556 2123 1624 imagio

554 1663 699 1712 nem,
734 1647 1247 1702 Nabuchodonosori
1297 1648 1410 1719 (96)
1447 1647 1651 1702 similes
1682 1657 1827 1712 sunt,
1868 1647 1958 1715 qui
2009 1662 2125 1701 ma-

552 1738 843 1801 nul'actam,
888 1750 942 1793 et
1004 1742 1358 1794 inanimatam
1419 1738 1707 1809 imaginem
1763 1736 2034 1802 conﬂavit,
2070 1747 2129 1793 ut

551 1832 867 1889 adoraretur
896 1831 1025 1900 (97).
1061 1831 1323 1885 Adamum
1353 1846 1514 1899 porro
1549 1831 1618 1884 oh
1651 1828 2067 1883 inobedientiam
2099 1843 2130 1884 e

2221 648 2432 702 παιδίον
2465 646 2499 716 ἢ
2547 645 2795 716 γέννημα
2838 645 3054 715 εἴρηται
3085 642 3304 694 πώποτε
3354 640 3497 694 κατὰ
3535 639 3633 710 τὴν
3679 639 3794 694 ἄνω

2222 740 2448 809 ἄπειρον
2471 736 2724 807 γέννησιν
2752 737 2819 805 ἣν
2845 735 2997 789 οὐδὲν
3021 733 3084 786 τὸ
3108 732 3366 803 παράπαν
3389 731 3796 802 χαρακτηρίσαι

2220 819 2474 882 δύναταιο
2522 828 2608 881 ἵνα
2645 828 2719 898 μή
2751 844 2804 880 τι
2842 826 3034 897 μικρὸν
3063 824 3094 894 ἢ
3129 824 3384 879 ὑπόνοιαν
3412 822 3647 895 παρέχον
3675 826 3796 886 ταῖς

2223 918 2635 991 προλεχθείσαις
2708 916 2887 972 αὐτῶν
2941 915 3358 985 σεσοφισμέναις
3426 913 3797 984 βλασφημίαις

2224 1007 2558 1081 φαντασθείῃ
2605 1024 2722 1071 τιςο
2765 1007 2879 1061 ἀλλ’
2934 1006 3061 1069 Υἱὸς
3112 1005 3199 1059 διὰ
3241 1005 3304 1057 τὸ
3350 1004 3552 1057 τέλειον
3596 1005 3693 1056 καὶ
3734 1005 3797 1056 τὸ

2224 1099 2478 1169 ἀνάρχως
2507 1096 2835 1169 γεννηθῆναι
2857 1136 2872 1161 ,
2919 1098 3014 1151 ua)
3041 1096 3101 1149 τὸ
3133 1097 3269 1167 πρὸς
3298 1095 3389 1149 τὸν
3432 1094 3654 1165 Πατέρα
3698 1095 3799 1165 τῆς

2226 1189 2439 1259 φύσεως
2465 1189 2904 1260 ἀπαράλλακτον.
2935 1187 3071 1243 Ὀλα
3100 1187 3158 1242 δὲ
3184 1188 3252 1263 τᾲ
3279 1186 3611 1258 νομιζόμενα
3649 1187 3802 1257 παρὰ

2224 1298 2365 1334 τισιν
2402 1278 2539 1333 εἶναι
2570 1281 2705 1351 πρὸς
2733 1280 2961 1350 θεότητα
2994 1279 3185 1351 μικρὰ,
3214 1280 3309 1332 καὶ
3334 1279 3414 1342 τὸ,
3457 1279 3521 1331 '0
3556 1278 3803 1347 πέμψας

2220 1389 2298 1440 με
2332 1369 2535 1438 Πατὴρ
2557 1370 2769 1439 μείζων
2804 1371 2924 1439 μού
2962 1369 3115 1435 ἐστι,
3164 1369 3252 1422 διὰ
3287 1369 3385 1440 τὴν
3421 1368 3804 1439 φιλάνθρωπον

2229 1464 2323 1521 καὶ
2369 1463 2605 1537 ἄρρητον
2654 1461 2763 1533 [18
2791 1461 2863 1534 b]
2908 1460 3322 1535 ὲνανθρὼπησιν
3375 1461 3561 1523 αὑτοῦ,
3600 1461 3699 1531 τὴν
3733 1460 3802 1515 δι’

2228 1557 2379 1627 ἡμᾶς
2413 1556 2507 1608 καὶ
2537 1554 2678 1624 ὑπὲρ
2715 1554 2874 1626 ἡμῶν
2901 1553 3220 1624 γενομένην,
3243 1554 3365 1616 ταῖς
3392 1554 3563 1624 ἱεραῖς
3600 1568 3804 1627 κεχρη-

2231 1634 2509 1719 ᾇμῴδηται
2560 1646 2794 1717 βίϐλοις’
2840 1647 2908 1701 δι’
2939 1648 3004 1717 ἦν
3044 1647 3137 1700 καὶ
3171 1645 3416 1714 ἀγγέλων
3459 1644 3806 1715 ἡλαττῶσθαι

2230 1740 2558 1811 γέγραπται,
2587 1739 2731 1793 κατὰ
2754 1739 2844 1792 τὸν
2887 1739 3206 1793 Ἀπόστολον
3232 1738 3612 1790 ἐπιστείλαντα
3634 1754 3647 1768 ·
3694 1738 3807 1792 Τὸν

2231 1828 2308 1889 δὲ,
2321 1829 2523 1898 ,ϐραχύ
2559 1847 2610 1882 τι
2648 1830 2784 1897 παρ’
2814 1828 3109 1899 ἀγγέλωνς
3137 1828 3558 1898 ἠλαττωμένον
3580 1825 3809 1891 ,Βλέπο-

553 1920 800 1989 paradiso
850 1918 990 1976 Deus
1049 1923 1242 1977 merito
1296 1922 1478 1991 ejecit.
1544 1922 1829 1977 Latronem
1893 1937 2038 1988 vero,
2074 1933 2129 1977 et

2236 1939 2341 1990 μεν
2400 1923 2632 1990 Ἰησοῦν
2680 1923 2777 1976 διὰ
2814 1924 2878 1975 τὸ
2918 1922 3160 1991 πάθημα
3193 1922 3298 1975 τοῦ
3331 1920 3610 1977 θανάτου.
3659 1919 3807 1989 Ἐγὼ

549 2026 672 2067 cum
708 2012 821 2079 ipso
866 2014 1165 2078 Adamn-tt,
1207 2025 1263 2069 et
1297 2015 1607 2069 universum
1655 2024 1898 2069 nostrum
1955 2030 2127 2086 genus

556 2104 680 2156 illuc
708 2102 876 2158 Filius
943 2104 1239 2163 introduxit
1276 2104 1408 2175 (98),
1446 2114 1628 2173 utpote
1661 2106 1734 2170 ei,
1777 2107 1866 2176 qui
1905 2107 2129 2176 expule-

557 2204 660 2258 rat,
702 2194 923 2249 omnino
948 2196 1168 2264 a‘qualis
1200 2195 1421 2262 deitate,
1454 2204 1508 2250 et
1541 2197 1801 2259 bonitate,
1846 2205 1901 2252 et
1952 2197 2129 2251 domi-

558 2286 796 2352 natione.
829 2286 1062 2341 Ubinam
1094 2303 1222 2341 vero
1273 2288 1533 2357 scriptum
1577 2286 1771 2356 legitur
1829 2288 1963 2359 (99),
2025 2287 2129 2341 Pa-

562 2388 722 2439 trem,
782 2376 964 2431 habita
1000 2381 1065 2429 ad
1119 2392 1275 2431 suum
1331 2377 1669 2445 Unigenitum
1731 2378 1956 2445 ratione,
2012 2393 2131 2433 esse

563 2466 923 2537 asyucritum,
949 2468 1047 2522 hoc
1083 2477 1185 2533 est,
1214 2468 1734 2536 incomparabilem?
1774 2480 1867 2523 aut
1889 2470 2128 2523 omnium

563 2556 925 2620 conditorem,
962 2570 1023 2609 ac
1047 2555 1284 2623 judicem
1322 2556 1511 2612 Filium
1551 2557 1666 2627 ejus
1690 2567 1925 2628 spectata
1963 2559 2130 2628 ipsius

2230 2012 2322 2069 οὖν
2350 2011 2506 2087 οἶμαι
2533 2015 2628 2069 καὶ
2650 2016 2709 2067 οὐ
2743 2015 2961 2076 πάντως
2990 2012 3406 2083 διασφᾴλλομαι,
3443 2014 3525 2065 ὅτι
3552 2012 3679 2083 περὶ
3709 2011 3805 2064 τοῦ

2232 2107 2447 2178 Πατρὸς
2493 2107 2584 2160 καὶ
2621 2105 2813 2159 ἑαυτοῦ
2857 2101 2978 2157 εἷπε
2999 2142 3014 2168 ,
3067 2103 3167 2174 τὴν
3199 2105 3401 2174 ἀμφοῖν
3425 2104 3637 2166 δεικνὺς
3667 2104 3807 2171 ἀγαο

2233 2197 2434 2269 Θότητα
2464 2197 2556 2251 καὶ
2588 2196 2982 2268 ὁμοουσιότητα
3003 2212 3015 2225 ·
3046 2197 3123 2250 ’Ὴ
3146 2195 3438 2263 ποιήσατε
3468 2194 3532 2247 τὸ
3554 2192 3809 2261 δένδρον

2233 2288 2441 2351 καλὸν,
2470 2287 2569 2340 καὶ
2600 2288 2704 2340 τὸν
2737 2286 2971 2355 καρπὸν
2992 2286 3181 2340 αὐτοῦ
3208 2286 3421 2348 καλὸν,
3453 2284 3489 2353 ἢ
3520 2283 3811 2349 ποιήσατε

2232 2378 2300 2430 τὸ
2349 2378 2603 2446 δένδρον
2638 2378 2875 2445 σαπρὸν
2921 2378 3019 2431 καὶ
3058 2376 3165 2431 τὸν
3196 2376 3431 2445 καρπὸν
3469 2374 3657 2429 αὐτοῦ
3699 2389 3811 2429 σα-

2232 2472 2413 2539 πρόν·
2440 2471 2509 2523 ἐκ
2537 2469 2647 2539 γὰρ
2681 2471 2788 2525 τοῦ
2824 2470 3079 2537 καρποῦ,
3126 2470 3292 2539 φησι,
3338 2467 3401 2521 τὸ
3443 2466 3695 2535 δένδρον
3719 2483 3810 2534 τι-

2230 2562 2524 2616 νώσκεται
2534 2600 2546 2612 .

559 2653 761 2716 divina,
804 2658 856 2710 et
887 2649 1113 2714 infinita,
1169 2661 1219 2704 et
1282 2653 1351 2708 ab
1404 2654 1653 2707 omnibus
1705 2652 1865 2707 rebus
1921 2663 2200 2723 segregata
2262 2665 2454 2706 natura
2530 2660 2838 2707 creaturam
2897 2651 3057 2706 esse?
3106 2660 3198 2705 aut
3251 2651 3470 2705 omnino
3527 2648 3813 2718 aliquando

562 2761 682 2799 cum
744 2760 854 2802 non.
914 2746 1224 2800 exstitisse?
1288 2758 1378 2801 aut
1429 2748 1646 2803 ubinam
1700 2748 1980 2827 Speciatim
2051 2749 2183 2802 dixit
2255 2749 2338 2803 vel
2396 2748 2615 2804 Pater:
2664 2747 2855 2803 Creavi
2922 2749 3052 2803 mihi
3125 2744 3354 2810 Filium;
3429 2744 3513 2798 vel
3571 2742 3743 2798 Elius
3792 2758 3806 2795 :

556 2838 785 2895 Creatus
820 2856 936 2897 sum
1002 2858 1030 2893 a
1092 2839 1289 2895 Patre?
1354 2843 1494 2910 quod
1571 2842 1787 2905 auditu,
1862 2842 2055 2896 nedum
2146 2844 2290 2899 dictu
2344 2842 2671 2897 horrendum
2732 2849 2833 2905 est,
2890 2850 2945 2897 et
2998 2842 3219 2896 omnino
3289 2838 3615 2909 fugiendum.
3669 2835 3812 2890 Nes-

560 2949 722 3003 quam
762 2948 924 3003 porro
994 2932 1106 2988 haec
1144 2935 1197 2987 in
1262 2942 1373 2989 tota
1419 2933 1618 2997 divina,
1668 2942 1721 2987 et
1773 2951 1801 2986 a
1859 2934 2039 2988 divino
2097 2934 2298 3005 Spiritu
2356 2934 2624 3005 inspirata
2680 2936 2958 3006 Scriptura
3015 2933 3380 2988 inveniuntur.
3441 2931 3484 2985 E
3539 2930 3813 2985 contrario

561 3033 741 3081 autem
783 3041 1119 3095 quaecunque
1178 3028 1243 3080 de
1305 3041 1399 3081 sua
1438 3027 1639 3081 deitate
1669 3027 1801 3081 dixit
1834 3025 2173 3097 Unigenitus,
2224 3043 2287 3083 ea
2318 3030 2497 3082 omnia
2547 3040 2673 3083 sunt
2723 3028 2843 3084 Filii
2881 3029 3228 3098 semetipsum
3281 3025 3647 3095 comparantis
3704 3025 3812 3079 Pa-

567 3118 658 3181 tri,
714 3125 768 3172 et
804 3131 966 3170 unum
995 3131 1116 3173 cum
1151 3117 1260 3182 illo,
1323 3116 1669 3186 ejusdemque
1734 3117 1952 3174 honoris
2015 3117 2235 3186 dignum
2298 3133 2357 3173 se
2401 3119 2844 3175 demonstrantis.
2879 3118 3018 3186 Quin
3052 3126 3290 3188 spectata
3336 3118 3540 3172 caelesti
3606 3116 3811 3170 inlinita

565 3209 935 3279 generatione,
1007 3224 1165 3277 quam
1217 3208 1351 3267 nihil
1378 3208 1595 3263 omnino
1642 3209 1981 3277 exprimere,
2028 3224 2091 3263 ac
2138 3220 2523 3278 repnesentare
2573 3211 2734 3279 valet,
2767 3226 2941 3281 neque
2967 3211 3173 3274 τέκνον,
3208 3210 3261 3265 id
3293 3221 3377 3265 est
3414 3209 3606 3273 Natus,
3643 3226 3816 3279 neque

566 3300 802 3365 παιδίον,
844 3301 895 3357 id
921 3309 1000 3358 est
1031 3299 1300 3370 puerulus,
1333 3315 1504 3370 neque
1529 3300 1807 3371 γέννημα,
1850 3301 1899 3355 id
1950 3311 2035 3356 est
2091 3301 2325 3370 genimen
2352 3303 2450 3375 (l),
2523 3319 2755 3375 unquam
2806 3304 2981 3359 dictus
3040 3302 3140 3357 fuit
3187 3320 3201 3358 :
3246 3318 3313 3357 ne
3367 3302 3574 3358 scilicet
3617 3303 3814 3373 aliquid

572 3394 773 3451 humile
832 3394 1157 3460 imaginetur
1230 3391 1387 3462 quis,
1464 3400 1555 3446 aut
1616 3392 1763 3461 quod
1822 3392 2089 3460 praedictis
2171 3407 2356 3448 eorum
2408 3394 2765 3464 blasphemiis
2827 3394 3116 3449 artiﬁciose
3166 3394 3412 3448 conﬁctis
3460 3395 3813 3463 suspicionem

568 3488 824 3560 praebeat.
896 3483 1094 3543 Verum
1147 3483 1293 3549 Υἱός,
1322 3484 1374 3538 id
1407 3493 1491 3538 est
1543 3482 1740 3550 Filius,
1806 3483 2021 3551 dicitur,
2072 3484 2142 3539 ob
2195 3485 2488 3553 perlectam
2563 3495 2723 3555 atque
2764 3495 3020 3540 aeternam
3074 3487 3496 3554 generationem,
3549 3491 3817 3542 carnulent-

573 3598 678 3653 que
740 3580 900 3651 plane
938 3595 1059 3633 cum
1103 3578 1262 3633 Patre
1295 3589 1563 3633 naturam.
1595 3577 1788 3632 Omnia
1844 3593 1971 3633 vero
2003 3579 2091 3633 illa
2164 3595 2284 3651 qua
2352 3566 2605 3634 nonnulli
2636 3589 2881 3648 respeCtu
2934 3577 3232 3631 divinitatis
3289 3575 3399 3649 44
3443 3580 3659 3633 humilia
3697 3594 3816 3635 es~e

573 3681 782 3742 putant,
816 3681 874 3725 ut
933 3681 987 3725 et
1024 3671 1197 3726 illud:
1245 3670 1350 3738 Qui
1410 3672 1550 3724 misit
1605 3686 1685 3727 me
1742 3669 1899 3724 Pater
1935 3670 2034 3744 (Ξ),
2094 3672 2266 3738 major
2327 3688 2406 3726 me
2445 3682 2540 3737 est,
2603 3672 2653 3725 in
2702 3671 2875 3725 sacris
2943 3669 3093 3724 libris
3166 3669 3418 3725 divinitus
3482 3673 3700 3733 dictata.
3755 3688 3814 3728 ac

572 3768 771 3834 scripta
834 3773 954 3820 sunt
999 3765 1068 3819 ob
1097 3764 1377 3832 benignam
1408 3773 1569 3833 atque
1595 3761 1915 3818 ineﬂ'abilem
1963 3763 2131 3830 ipsius
2176 3765 2619 3828 incarnationem,
2644 3777 2762 3833 qua:
2806 3772 3025 3832 propter
3072 3776 3189 3828 nos,
3244 3769 3298 3815 et
3355 3777 3452 3831 pro
3494 3765 3644 3817 nobis
3675 3762 3811 3818 facta

573 3863 657 3909 est
716 3862 987 3921 :propter
1053 3866 1212 3919 quam
1254 3851 1414 3905 etiam
1458 3852 1713 3921 scriptum
1761 3850 1881 3915 l'uit,
1943 3867 2065 3905 eum
2137 3852 2342 3922 angelis
2408 3853 2669 3907 minorem
2707 3850 2908 3907 factum
2974 3867 3112 3919 esse,
3176 3852 3325 3919 juxta
3377 3853 3690 3923 Apostolum
3765 3855 3815 3908 in

577 3943 828 4013 Epistolis
892 3942 1005 3996 suis
1044 3943 1417 4011 inquientem:
1462 3940 1601 4002 Eum
1656 3954 1826 3997 autem
1876 3944 1976 4013 (ὃ),
2023 3943 2113 4013 qui
2172 3945 2377 3999 modico
2420 3960 2577 4014 quam
2626 3946 2815 4016 angeli,
2864 3947 3157 3999 minoratnr
3203 3957 3299 4011 est,
3352 3950 3579 4000 videmus
3616 3946 3819 4010 Jesum,

577 4052 787 4113 propter
837 4044 1130 4111 passionem
1193 4040 1397 4094 mortis.
1445 4039 1556 4108 Ego
1618 4038 1780 4108 igitur
1827 4049 1956 4109 puto
1987 4079 2003 4104 ,
2047 4054 2147 4101 nec
2216 4041 2435 4095 omnino
2487 4040 2662 4106 fallor,
2704 4041 2849 4095 illum
2902 4042 2969 4095 de
3015 4040 3195 4109 Patre,
3256 4052 3309 4099 et
3363 4042 3428 4095 de
3475 4056 3533 4096 se
3587 4042 3719 4110 ipso,
3765 4054 3823 4096 ut

579 4140 870 4195 bonitatem
909 4139 1224 4206 utriusque,
1253 4145 1307 4190 et
1343 4135 1960 4190 consubstantialitatem
2019 4140 2362 4202 ostenderet,
2422 4137 2623 4193 dixisse
2672 4156 2686 4192 :
2737 4138 2843 4205 Aut
2891 4137 3050 4207 facile
3081 4135 3158 4205 (4)
3204 4134 3441 4193 arborem
3507 4132 3716 4194 bonam,
3768 4142 3819 4187 et

580 4232 806 4299 fructum
865 4231 978 4299 ejus
1030 4229 1264 4281 bonum:
1304 4236 1392 4287 aut
1455 4224 1610 4293 facite
1650 4231 1885 4289 arborem
1952 4226 2163 4292 malam,
2224 4239 2269 4282 et
2320 4231 2549 4297 fructum
2610 4239 2722 4299 ejus
2785 4228 3003 4282 malum.
3071 4225 3338 4296 Siquidem
3403 4239 3468 4276 ex
3501 4223 3701 4293 fructu,
3731 4221 3809 4275 itt-

580 4325 717 4394 quit,
747 4324 903 4378 arbor
935 4321 1279 4390 cognoscitur.

1132 4411 1282 4467 CAP.
1321 4410 1461 4469 xvn
1512 4412 1608 4482 (ιι).

654 4508 918 4577 Quoniam
941 4520 1071 4559 vero
1123 4520 1186 4557 ex
1222 4505 1305 4559 his
1337 4505 1425 4572 qui
1487 4504 1592 4558 lieo
1638 4504 1831 4558 bellum
1887 4504 2151 4569 inferunt,

654 4665 768 4735 (92)
801 4664 905 4729 Qui
939 4664 1085 4717 vidit.
1112 4660 1415 4735 Joanixtv,
1443 4660 1497 4715 9.

656 4728 770 4805 (⁷95)
804 4728 887 4788 Ad
916 4736 1212 4805 imaginem.
1248 4731 1378 4787 Vide
1411 4740 1524 4805 no_t.
1556 4728 1645 4794 68,
1680 4745 1798 4801 pag.
1828 4729 1880 4784 9.

659 4800 771 4873 (94)
808 4805 960 4873 Quis.
991 4803 1134 4857 Psal.
1164 4818 1430 4867 uxxvttt,
1471 4800 1521 4853 7.

658 4872 772 4942 (95)
800 4872 933 4937 Eoo.
964 4873 1121 4929 Joan.
1154 4890 1208 4937 ι,
1250 4872 1342 4928 50.

661 4938 772 5015 (96)
808 4943 1357 5015 Nabuchodonosori._
1391 4940 1627 5015 Codeg,“
1653 4938 2156 5015 ῌαϐουχοδονοσωρ,

589 5009 711 5073 cum
740 5009 806 5076 ὼ,
825 5026 880 5067 et
898 5016 1017 5068 sine
1043 5021 1289 5068 accentu.
1318 5010 1519 5067 Guerre
1551 5009 1848 5066 Bihliorum’
1864 5009 2154 5074 editiones,

591 5087 728 5150 alim,
757 5083 1415 5155 Ng6oux050v6cxop,_ali_:_e,
1441 5079 1946 5155 Ναϐουχοδονόσῳρ.

665 5102 728 5150 ξιξ,
757 5098 1245 5155 Ναοουχοοονοσορ,
1279 5098 1415 5146 ιιιιιρ,
1442 5098 1946 5204 ιναοουχοοονοσως.

663 5156 774 5226 (97)
798 5153 864 5209 Ut
888 5158 1218 5230 adorantur.
1250 5151 1306 5206 lu
1330 5151 1539 5230 Carmen,
1567 5154 1910 5230 Epoauuveia
1931 5167 2009 5213 αι,
2038 5164 2155 5230 pro,

592 5221 679 5348 ξιξ
703 5221 1157 5347 προσκυνεῖσθαν
1188 5238 1307 5292 qua:
1340 5222 1541 5289 ellipsis
1571 5221 1772 5278 Graecis
1808 5221 2160 5289 scriptoribus

616 5297 716 5348 ami
746 5296 871 5348 iaris
897 5302 999 5348 est.

616 5296 871 5349 amiliaris
897 5302 999 5350 est.

668 5364 779 5434 (98)
804 5363 1123 5434 lntroduait.
1149 5360 1349 5434 Nempe
1371 5361 1422 5413 in
1455 5374 1675 5434 regnum
1698 5360 1990 5434 caelorum;
2016 5359 2157 5434 quod

597 5427 849 5498 bsrha'ro,
883 5452 945 5488 es
979 5432 1193 5487 Persica
1227 5427 1435 5486 scilicet
1473 5427 1651 5499 lingua
1679 5431 1840 5484 ducto
1863 5471 1877 5494 ,
1911 5427 2159 5482 Paradisi

599 5504 813 5556 nmnine
856 5520 883 5556 a
934 5503 1135 5558 Gra'cis
1191 5500 1437 5555 Patribus
1485 5501 1685 5568 passim
1734 5501 1909 5553 vocari
1958 5506 2153 5568 norunt

601 5571 856 5639 theologi.
896 5572 1131 5626 Salutem
1158 5572 1337 5637 itaque
1365 5567 1574 5634 Adami,
1602 5585 1760 5639 quem
1790 5585 1817 5621 a
1847 5568 2065 5627 Christo,
2086 5567 2151 5639 ad

605 5637 806 5695 inferos
855 5643 1209 5696 descendente
1254 5641 1537 5695 liberatum
1588 5637 1663 5693 ait
1721 5639 2052 5707 Augustinus
2102 5637 2153 5689 in

601 5709 831 5774 epistola
860 5710 980 5774 164,
1009 5714 1075 5763 at
1122 5711 1399 5773 Evodium,
1434 5710 1635 5765 indicat
1666 5711 1748 5764 his
1784 5706 1963 5762 verbis
1992 5708 2155 5774 Didy—

607 5794 725 5848 mus
762 5777 1039 5832 Tatianum
1076 5780 1236 5833 tacite
1269 5780 1523 5834 vellicans
1544 5820 1559 5844 ,
1588 5780 1678 5848 qui
1711 5778 1914 5848 primus
1950 5776 2156 5844 ταύτην

606 5846 953 5929 βλασφημῶν
1002 5849 1050 5903 id
1079 5858 1179 5915 est,
1219 5850 1350 5909 hanc
1386 5846 1777 5918 blasphemiam.
1806 5848 2157 5919 quemadmo-

2884 4407 3042 4460 ΚΕΦ.
3092 4406 3189 4459 IZ'.

2340 4504 2557 4576 Ἐπειδὴ
2605 4503 2662 4557 δὲ
2695 4500 3088 4574 θεομαχοῦντες
3120 4500 3169 4552 οἱ
3202 4498 3299 4569 μὲν
3328 4498 3422 4550 σὺν
3464 4495 3542 4566 τῷ
3588 4494 3700 4565 Υἱῷ
3731 4493 3826 4547 καὶ

2257 4662 2382 4715 dum
2417 4660 2652 4714 lrenaaus
2690 4657 2785 4711 lib.
2821 4672 2857 4721 ι,
2898 4671 3019 4726 cap.
3059 4654 3151 4720 3i,
3185 4653 3440 4726 loquitur,
3478 4649 3820 4718 excogitavit,

2259 4740 2315 4785 ut
2344 4731 2608 4786 Adamum
2637 4729 2779 4783 inter
2806 4722 3087 4781 damnatos
3114 4739 3180 4779 ac
3213 4722 3468 4792 reprobos
3498 4730 3819 4774 numeraret.

2331 4818 2446 4885 (99)
2483 4817 2714 4885 Legitur.
2755 4814 3143 4885 Eunomianos,
3183 4814 3297 4868 sive
3318 4815 3607 4867 Anomteos
3635 4809 3827 4885 Carpit,

2261 4880 2350 4949 qui
2393 4880 2513 4943 cum
2541 4880 2801 4940 Iiomousii
2833 4899 3016 4939 vocem
3049 4884 3171 4937 ideo
3214 4889 3551 4952 respuerent.
3595 4881 3735 4948 quod
3775 4880 3827 4952 in

2264 4957 2542 5027 Scriptura
2587 4971 2707 5011 non.
2740 4955 2966 5027 legatur,
2995 4954 3143 5027 plura
3197 4950 3375 5006 tamen
3407 4953 3473 5005 de
3498 4952 3633 5027 Filio
3668 4950 3833 5027 impie

2264 5019 2623 5088 aﬂirinabant,
2659 5040 2779 5095 quae
2804 5019 2873 5078 'in
2910 5019 3191 5095 Scriptura
3226 5037 3399 5092 neque
3426 5022 3601 5090 quoad
3646 5019 3829 5082 verba,

2261 5112 2437 5167 neque
2464 5096 2640 5166 quoad
2680 5094 2898 5150 sensum
2931 5094 3297 5164 reperiuntur.

2333 5187 2408 5257 (1)
2436 5183 2709 5257 Genimen.
2734 5185 2811 5241 Ea
2840 5184 3059 5249 locutio,
3090 5198 3193 5252 qua
3218 5182 3388 5238 Filius
3412 5184 3686 5239 diceretur
3727 5180 3829 5235 Pa-

2263 5256 2359 5312 tris
2381 5256 2646 5327 γέννημα,
2674 5256 2722 5308 id
2746 5264 2829 5309 est
2854 5258 3089 5327 genimen
3115 5270 3206 5307 seu
3230 5269 3458 5324 germen,
3485 5267 3671 5327 parum
3699 5265 3835 5327 non:

2264 5320 2423 5381 nullis
2465 5320 2714 5380 Patribus
2750 5320 3099 5393 probabatur,
3135 5334 3193 5376 ttt
3231 5320 3446 5378 constat
3477 5320 3542 5379 ex
3583 5320 3835 5393 Gregorii

2263 5396 2488 5471 Nysseni
2519 5395 2656 5449 libro
2682 5391 2841 5449 tertio
2869 5405 3050 5448 contra
3082 5394 3400 5448 Eunomium
3439 5409 3559 5464 pag.
3600 5391 3721 5446 l05.

2335 5488 2412 5559 (Ξ)
2444 5486 2547 5553 Qui
2577 5486 2738 5559 misit.
2769 5483 2960 5541 Joaun.
2989 5482 3239 5559 _xtv,‘28,
3274 5485 3362 5559 ubi
3396 5496 3573 5559 tamen
3613 5480 3824 5559 non_le-

2258 5550 2421 5631 gitur,
2450 5550 2520 5611 τυ
2544 5556 2764 5631 πέμψας
2792 5573 2885 5631 pa,
2908 5557 3001 5631 sed
3028 5574 3041 5609 :
3073 5554 3244 5609 Ὄτιὸ
3273 5554 3465 5631 Πατήρ
3492 5569 3591 5623 μου
3624 5550 3835 5621 μείζων,

2264 5625 2363 5700 μού
2390 5631 2505 5700 ἔσει
2524 5669 2538 5693 ,
2571 5625 2630 5682 id
2654 5625 2754 5691 est,
2796 5625 2930 5700 quia;
2957 5626 3290 5700 Paler‘meus
3328 5625 3497 5694 major
3521 5638 3601 5676 me
3626 5632 3722 5676 est.

2331 5700 2405 5767 (ὅ)
2441 5699 2571 5752 Eum
2608 5695 3001 5767 autem.'7llebr.
3032 5711 3093 5757 lt,
3117 5695 3169 5767 9:

2334 5765 2409 5835 (4)
2446 5770 2543 5821 Aut
2576 5768 2750 5835 facile.
2796 5766 2983 5819 Matth.
3019 5780 3117 5829 xu,
3149 5765 3237 5835 ὃὸ.

2336 5834 2410 5910 (5)
2442 5838 2570 5909 Cap.
2611 5834 2659 5889 Χ
2678 5835 2804 5891 l’ll.
2838 5835 3070 5889 Primam
3120 5834 3210 5889 Dei
3246 5840 3545 5889 creaturam
3582 5848 3683 5887 non
3714 5840 3837 5883 esse
