4146 6470
491 477 593 533 347
1756 472 1991 529 DIDYMI
2028 474 2501 531 ALEXANDRIN}
3637 471 3766 528 5484

491 611 523 649 ο
567 593 705 647 Deus
742 589 1083 654 exercituum,
1140 597 1233 643 aut
1292 590 1561 643 virtutum.
1626 588 1765 654 Quin
1824 600 1878 645 et
1923 591 2070 647 Elius

2186 596 2268 648 ιαὶ
2325 593 2511 656 Ἠλίας
2549 595 2576 645 ὁ
2607 590 2870 660 Θεσϐίτης
2899 590 2956 642 ὲν
2996 591 3061 659 τῇ
3102 588 3261 660 τρίτῃ
3301 587 3408 641 τών
3449 588 3745 642 Βασιλειῶν

493 681 777 738 Thesbites
807 680 860 734 in
922 681 1079 735 tertia
1115 675 1424 749 Regnorum
1490 678 1714 735 historia
1769 679 1903 750 (29),
1957 680 2070 753 48

2186 685 2413 755 ηστορίᾳ,
2482 684 2582 753 τῆς
2645 682 2901 745 Σιδωνίας
2962 683 3135 752 χήρας
3212 679 3302 733 τὸν
3372 680 3486 732 υἱὸν
3553 680 3748 752 νεκρὸν

494 789 614 830 cum
671 781 902 836 orasset,
954 780 1013 825 ut
1057 779 1327 825 mortuum
1386 770 1622 825 Sidoniae
1671 771 1842 825 vidua:
1901 771 2069 826 lilium

2186 775 2297 827 5ντα
2342 773 2641 827 ἀναϐιῶναι
2687 771 3015 842 εὐξάμενος,
3062 772 3243 843 τρίτον
3291 770 3621 840 ἐνεφύσησεν
3666 773 3746 835 είς

494 866 561 918 ad
598 864 762 918 vitam
792 869 1089 925 revocaret,
1106 869 1188 914 ter
1215 860 1268 914 in
1301 859 1477 929 ipsum
1504 857 1813 925 insutilavit,
1840 869 1895 915 et
1920 870 2072 929 post-

493 971 558 1011 ea
606 955 759 1009 illum
799 952 1138 1010 resuscitavit
1176 970 1189 1007 :
1234 960 1393 1020 atque
1432 952 1505 1005 ita
1559 967 1664 1006 non
1712 952 1868 1005 modo
1898 961 2074 1006 osten-

497 1047 578 1102 dit
627 1061 687 1102 se
724 1046 776 1099 in
817 1044 1066 1099 oratione
1114 1041 1380 1097 vivillcam
1417 1041 1737 1098 Trinitatem
1775 1041 2073 1097 invocat-is-

498 1154 583 1204 se,
612 1138 705 1192 sed
736 1147 791 1191 et
823 1150 922 1190 nos
948 1135 1147 1199 docuit,
1183 1148 1288 1189 non
1316 1133 1476 1187 aliam
1508 1145 1746 1189 nostram
1778 1143 1870 1187 aut
1892 1133 2067 1197 ﬁdem,

500 1241 593 1283 aut
624 1228 677 1282 in
718 1226 986 1281 reddenda
1022 1225 1134 1280 Deo
1169 1225 1335 1294 gloria
1394 1222 1678 1279 formulam
1712 1240 1829 1280 esse
1855 1225 2103 1279 debere.‘

498 1317 633 1374 Cum
672 1332 803 1373 vero
834 1318 921 1384 iis,
953 1318 1043 1387 qui
1074 1331 1268 1386 aquam
1298 1317 1607 1386 portabant,
1640 1319 1893 1388 prmeepit
1924 1332 1938 1370 :
1971 1315 2076 1370 Ite-

501 1428 617 1464 rum
645 1410 757 1482 (50)
789 1409 884 1465 hoc
910 1409 1097 1479 facite;
1117 1418 1169 1463 et
1201 1427 1216 1465 :
1259 1407 1431 1463 Tertio
1462 1410 1557 1462 hoc
1584 1409 1763 1477 facite,
1794 1418 1903 1462 tres
1938 1408 2067 1462 has-

504 1519 565 1557 ce
608 1506 856 1559 omnibus
893 1504 1106 1575 hymnis
1142 1504 1332 1574 dignas
1363 1519 1622 1574 personas
1649 1506 1840 1573 aequali
1876 1505 1925 1559 vi
1953 1505 2074 1559 ubi-

502 1613 607 1665 que
644 1597 695 1650 in
726 1596 976 1652 omnibus
1004 1598 1247 1665 operari,
1284 1608 1339 1651 et
1391 1597 1669 1666 aequaliter
1730 1598 2074 1652 honoraudas

501 1702 623 1740 esse
680 1685 957 1741 iudicavit.
1022 1686 1174 1752 Quod
1229 1686 1273 1740 si
1331 1688 1483 1742 vobis
1538 1688 1731 1755 placet,
1773 1704 1839 1742 cx
1896 1688 2073 1742 divina

505 1788 878 1843 quoquevoce
926 1789 1114 1829 rursus
1146 1776 1195 1829 id
1232 1775 1430 1845 ipsum,
1463 1776 1527 1829 de
1556 1790 1666 1844 quo
1694 1760 1891 1845 agitur,
1926 1775 2076 1830 vobis

503 1873 690 1917 notum
752 1864 967 1918 faciam.
1013 1863 1146 1920 Nam
1206 1882 1329 1919 cum
1379 1866 1570 1927 turris.
1614 1877 1671 1921 ut
1727 1877 1809 1921 est
1840 1868 1891 1921 in
1939 1867 2075 1925 libro

2114 904 2124 917 .
2171 866 2356 928 αὑτὸν,
2402 865 2496 918 καὶ
2534 864 2707 927 οὑτως
2747 864 3044 934 ἀνέστησεν
3070 879 3083 893 ·
3127 865 3190 915 ἐκ
3230 861 3420 915 τούτου
3465 863 3746 932 μονονουχὶ

2176 958 2445 1027 σημάνας,
2489 956 2564 1019 ὡς
2605 955 2766 1018 αὑτὸς
2802 956 2858 1009 ἐν
2900 957 2968 1025 τῇ
3014 957 3291 1025 προσευχῇ
3342 954 3441 1024 τὴν
3483 952 3747 1017 ζωοποιδν

2174 1045 2539 1098 ἐπεκαλέσατο
2585 1044 2811 1115 Τριάδα,
2846 1033 2981 1098 ἀλλά
3013 1043 3108 1096 καὶ
3142 1045 3289 1113 ἡμᾶς
3336 1043 3409 1113 μὴ
3445 1042 3618 1106 ἄλλως
3659 1061 3748 1095 πι-

2175 1135 2384 1189 στεύειν
2414 1137 2509 1189 καὶ
2538 1135 2781 1201 δοξάζειν
2807 1135 3042 1201 διδάξας.
3070 1134 3180 1187 Καὶ
3208 1135 3316 1196 τοῖς
3346 1130 3663 1205 ὑδροφόροις
3691 1134 3747 1186 δὲ

2176 1228 2702 1299 παρακελευόμενος,
2740 1227 3131 1291 Δισσεύσατε,
3168 1226 3283 1288 καὶ,
3321 1226 3745 1292 Τρισσεύσατε,

2173 1320 2271 1384 τὰς
2301 1323 2452 1392 τρεῖς
2486 1321 2866 1391 πανυμνήτους
2898 1318 3227 1380 ὑποστάσεις
3276 1316 3613 1385 ίσοδυνάμως
3656 1317 3750 1369 καὶ

2174 1412 2455 1482 ὁμοτίμως
2495 1409 2772 1481 πανταχοῦ
2816 1410 2875 1462 ἐν
2920 1409 3087 1461 πᾶσιν
3132 1409 3374 1477 ἐνεργεῖν
3422 1404 3746 1476 παρεδήλου.

2176 1502 2238 1555 Ei
2266 1501 2322 1554 δὲ
2364 1499 2643 1571 βούλεσθε,
2674 1498 2949 1570 γνώριμον
2983 1497 3111 1567 ὑμῖν
3152 1496 3246 1548 καὶ
3279 1496 3344 1547 ἐκ
3384 1492 3533 1556 θείας
3568 1493 3749 1564 φωνῆς

2178 1588 2335 1655 αὖθις
2366 1592 2428 1645 τὸ
2475 1590 2793 1661 κινούμενον
2833 1589 3063 1660 ποιήσω.
3119 1587 3207 1641 Ἐν
3247 1585 3356 1656 γὰρ
3392 1584 3559 1656 βίϐλῳ
3595 1585 3751 1638 Γενέ-

2180 1700 2337 1748 σεως,
2372 1685 2429 1736 ἐν
2456 1685 2521 1754 τῇ
2566 1682 2916 1753 πυργοποιῖᾳ,
2947 1682 2975 1733 ὁ
3007 1678 3138 1741 Θεὸς
3167 1678 3259 1731 καὶ
3292 1676 3482 1748 Πατὴρ
3510 1676 3609 1739 τὰς
3644 1693 3750 1747 μα-

2179 1776 2378 1846 καρίας
2418 1774 2744 1838 ὑποστάσεις
2787 1772 3068 1843 ἐξέφηνεν,
3107 1772 3241 1842 πρὸς
3274 1771 3361 1824 τὸν
3396 1767 3589 1823 ἐαυτοῦ
3622 1767 3777 1825 Υίὺν,

2178 1867 2272 1920 καὶ
2305 1867 2365 1920 τὸ
2410 1868 2562 1937 ἅγιον
2608 1866 2773 1929 αὑτοῦ
2803 1865 3029 1935 Πνεῦμα
3060 1863 3296 1935 εἰρηκώς
3318 1881 3329 1892 ·
3361 1862 3538 1917 Δεῦτε
3575 1876 3754 1918 κατα-

501 1950 745 2017 Genesis,
782 1953 1162 2019 aediﬁcaretur,
1200 1954 1344 2010 Deus
1373 1966 1424 2010 et
1459 1955 1621 2009 Pater
1657 1957 1843 2011 beatas
1893 1971 2075 2027 perso-

2186 1958 2386 2025 ιῖἀντες
2416 1934 2767 2028 συγχέωμεν
2794 1956 2920 2010 ἐκεῖ
2951 1934 3150 2009 αὐτῶν
3176 1955 3282 2021 τὰς
3319 1954 3622 2024 γλώσσας,
3655 1953 3756 2005 ἵνα

504 2058 603 2098 nas
636 2045 1021 2112 manifestavit,
1046 2047 1127 2121 ita
1156 2046 1352 2101 Filiu-n
1382 2062 1563 2111 suum,
1590 2058 1646 2103 et
1679 2059 1925 2103 Sanctum
1954 2047 2074 2117 ejus

2186 2049 2258 2119 μὴ
2289 2050 2637 2102 ἀκούσωσιν
2663 2047 2922 2113 ἕκαστος
2945 2045 3060 2115 τὴν
3086 2044 3298 2116 φωνὴν
3323 2045 3430 2099 τοῦ
3463 2044 3752 2111 πλησίον.

503 2132 766 2202 Spiritum
826 2135 1104 2211 alloquens
1154 2155 1166 2191 :
1227 2135 1412 2191 Venite
1466 2138 1600 2209 (5|),
1661 2140 2072 2204 descendemus,

503 2226 887 2294 confundantus
919 2228 994 2281 ibi
1025 2228 1231 2298 linguas
1260 2246 1461 2294 eorum,
1494 2241 1548 2284 ut
1577 2246 1679 2284 non
1712 2232 1895 2284 audiat
1918 2247 2078 2284 unus-

502 2321 717 2388 quisque
752 2336 925 2373 uocem
958 2323 1188 2389 proximi
1224 2323 1328 2376 sui.
1361 2322 1570 2393 Moyses
1597 2334 1774 2378 autem
1804 2324 1868 2377 ad
1898 2335 2080 2377 Osten-

507 2408 756 2474 dendatn,
794 2419 851 2461 ut
891 2409 1105 2478 Opinor,
1144 2410 1429 2464 Trinitatis
1477 2412 1862 2481 aequalitatem,
1918 2428 2079 2467 unam

507 2498 671 2552 vitem
736 2501 985 2569 exposuit
1041 2500 1093 2553 in
1148 2500 1318 2554 tribus
1356 2503 1736 2572 propaginibus
1764 2502 1896 2572 (52),
1949 2516 2082 2556 nus-

508 2604 669 2657 quam
721 2604 850 2643 vero
898 2590 1120 2645 alteram
1166 2593 1513 2660 propaginem
1550 2592 1720 2647 altera
1775 2592 2084 2663 profundio-

511 2695 620 2732 rem
657 2680 768 2749 (53)
808 2681 943 2734 dixit
992 2700 1006 2737 :
1054 2697 1119 2736 ne
1157 2684 1277 2752 quis
1314 2682 1523 2739 scilicet
1578 2698 1740 2737 unam
1792 2674 2078 2752 personani

513 2772 680 2827 altera
717 2775 951 2843 priorem
989 2788 1176 2845 putet,
1198 2778 1291 2832 sed
1351 2789 1461 2833 tres
1497 2778 1563 2832 ad
1613 2794 1773 2832 unam
1825 2780 2080 2833 deitatem

508 2876 753 2933 spectare
784 2869 1073 2922 credamus
1112 2870 1371 2923 universi.
1407 2869 1521 2935 Qua
1545 2872 1709 2923 etiam
1745 2870 1811 2923 de
1844 2884 2006 2924 causa
2033 2873 2082 2922 in

510 2957 690 3020 altari,
726 2957 777 3010 in
815 2973 921 3026 quo
949 2958 1188 3013 Trinitas
1224 2959 1583 3044 gloriﬁcatur,
1616 2963 1816 3030 gradus
1846 2962 1959 3045 ﬁeri
1991 2945 2085 3015 vc:

512 3046 612 3098 tuit
640 3045 818 3098 divina
848 3046 1121 3115 Scriptura
1156 3048 1266 3119 (54)
1302 3066 1316 3103 :
1349 3064 1416 3103 ne
1437 3048 1644 3103 scilicet
1672 3049 1939 3115 homines,
1978 3054 2080 3106 sic-

510 3146 568 3189 ut
601 3136 652 3189 in
688 3138 943 3204 gradibus
971 3177 986 3201 ,
1020 3139 1226 3193 divinas
1273 3155 1533 3210 personas
1564 3141 1638 3194 ita
1667 3142 1979 3208 delinirent,
2029 3152 2084 3197 ut

512 3226 735 3281 alteram
767 3230 934 3281 altera
977 3230 1290 3284 inferiorem
1327 3232 1584 3287 dicerent.
1627 3234 1680 3287 In
1733 3249 1942 3287 summa
1981 3235 2084 3288 νο·
2112 3269 2157 3330 C

516 3328 600 3372 tus
641 3318 1047 3374 Testamentum
1090 3321 1221 3377 Novi
1264 3333 1445 3393 typum
1483 3322 1683 3389 ferens,
1729 3326 1970 3393 mystice,
2032 3338 2087 3380 et

514 3410 906 3477 consultissima
937 3410 1190 3479 loquitur,
1222 3415 1531 3483 mysterium
1560 3415 1743 3479 hocce,
1776 3420 1914 3484 quod
1944 3427 2089 3485 post-

513 3514 575 3552 ea
627 3499 947 3568 patefactum
1000 3503 1126 3570 luit,
1178 3506 1514 3575 muigmatice
1560 3510 1735 3577 potius
1799 3509 1978 3562 multis
2034 3511 2085 3562 in

515 3585 646 3640 locis
677 3588 938 3654 iudicans,
973 3606 1131 3660 quam
1183 3595 1233 3647 in
1267 3611 1373 3650 uno
1423 3597 1718 3667 eodemque
1749 3598 1859 3668 (.35)
1907 3598 2087 3668 expla-

517 3694 676 3745 nans,
710 3696 774 3735 ac
801 3681 957 3735 simul
994 3685 1166 3752 magis
1188 3685 1315 3739 illud
1346 3687 1646 3757 explicans,
1676 3705 1836 3759 quam
1862 3694 2088 3744 obscure

515 3768 759 3823 indicans
787 3789 800 3823 :
828 3786 893 3825 ne
916 3772 1125 3827 scilicet
1155 3785 1247 3829 aut
1283 3792 1394 3842 eos,
1426 3780 1515 3849 qui
1552 3780 1743 3834 initiati
1776 3795 1881 3834 non
1909 3793 2083 3845 erant,

513 3860 713 3930 quique
745 3866 978 3918 nondum
1037 3867 1167 3922 satis
1198 3867 1359 3933 lirmi,
1413 3872 1716 3940 tlivianne
1769 3873 2089 3943 cognitionis

519 3966 747 4021 capaces
767 3957 1123 4024 exsistebant,
1148 3963 1420 4029 repentina
1457 3965 1812 4032 impressione
1832 3964 2091 4034 percelle—

517 4057 745 4109 ret,aut
794 4052 937 4105 onmi
1001 4068 1095 4107 eos
1158 4055 1356 4108 damno
1426 4055 1687 4119 alliceret;
1751 4056 1878 4109 illud
1944 4059 2087 4109 enim

518 4148 662 4192 esset
709 4138 820 4210 49
866 4142 1189 4213 imperitim,
1247 4146 1349 4198 hoc
1406 4156 1584 4199 autem
1655 4146 2086 4202 inhumanitatis.

518 4227 670 4300 Saepe
695 4247 820 4287 vero
846 4246 1007 4288 etiam
1033 4253 1217 4290 eorum
1256 4236 1392 4306 (36),
1428 4252 1546 4305 quze
1574 4253 1637 4291 ex
1671 4238 1958 4293 occasione
1983 4254 2090 4294 uno

517 4316 571 4372 in
614 4320 729 4373 loco
760 4324 919 4378 nobis
963 4325 1099 4377 dixit
1125 4324 1191 4377 ad
1223 4326 1794 4394 corriprelteudendum
1833 4327 2087 4395 dillicilia,

517 4409 870 4475 solutionem,
897 4414 1423 4486 explicationemque
1455 4417 1508 4470 in
1540 4419 1644 4472 alio
1675 4420 1911 4490 capitulo
1951 4435 2091 4490 prae-

524 4498 653 4553 bere
692 4501 1001 4554 consuevit.
1054 4502 1259 4556 Novum
1311 4516 1489 4558 autem
1523 4506 1927 4560 Testamentum
1982 4524 2090 4563 non

2179 2139 2289 2193 Καὶ
2312 2138 2551 2208 Μωῦσῆς
2578 2138 2657 2202 δὲ,
2689 2137 2787 2209 τὴν
2818 2139 3038 2207 ἰσότητα
3066 2137 3164 2207 τῆς
3202 2135 3449 2207 Τριάδος,
3479 2135 3555 2198 ὡς
3580 2129 3757 2205 οἶμαι,

2180 2230 2392 2300 δηλῶν,
2433 2230 2651 2293 ἐξέθετο
2703 2231 2832 2301 μίαν
2882 2230 3126 2302 ἄμπελον
3175 2231 3233 2283 ἐν
3277 2229 3424 2299 τρισὶ
3478 2228 3777 2298 πυθμέσιν

2177 2318 2363 2372 τοῦτον
2388 2318 2483 2371 τοῦ
2522 2318 2685 2373 ἄλλου
2721 2319 2996 2390 πυθμένος
3035 2315 3272 2389 οὐδαμοῦ
3316 2315 3757 2387 προϐαθέστερον

2180 2410 2449 2483 είρηκώς’
2494 2413 2580 2465 ἵνα
2620 2414 2692 2483 μή
2723 2430 2807 2476 τις
2846 2412 2945 2483 τὴν
2974 2410 3269 2464 ὑπόστασιν
3298 2409 3500 2480 ταύτην
3542 2409 3757 2479 ἐκείνης

2182 2504 2536 2574 προτερεύειν
2563 2504 2783 2575 νομίσῃ,
2824 2503 2957 2556 ἀλλὰ
3000 2503 3097 2567 τὰς
3129 2505 3279 2573 τρεῖς
3309 2504 3367 2555 ἐν
3403 2503 3502 2572 μιᾷ
3549 2500 3757 2553 συντεί-

2183 2612 2294 2648 νειν
2359 2595 2378 2667 [
2405 2595 2478 2649 20
2502 2597 2530 2648 ι
2554 2594 2575 2667 ]
2619 2596 2833 2666 θεότητι
2863 2596 3062 2659 πάντες
3088 2594 3450 2665 πιστεύωμεν.
3480 2592 3578 2646 Διὰ
3604 2591 3763 2645 τοῦτο

2183 2687 2275 2739 καὶ
2304 2688 2337 2756 ἡ
2370 2686 2729 2751 θεόπνευστος
2757 2686 2948 2759 Γραφὴ
2978 2684 3246 2739 ἐκώλυσεν
3276 2687 3333 2738 ἐν
3362 2683 3439 2755 τῷ
3468 2684 3762 2752 θυσιαστη-

2188 2780 2308 2849 ρίῳ,
2336 2781 2394 2831 ἐν
2432 2772 2476 2846 ᾧ
2518 2782 2550 2850 ἡ
2597 2779 2767 2849 Τριὰς
2810 2777 3120 2845 δοξάζεται,
3163 2776 3511 2848 ἀναϐαθμοὺς
3552 2778 3755 2830 ποιεῖν’

2186 2868 2326 2920 ὥστε
2358 2869 2433 2939 μὴ
2461 2868 2535 2930 ώς
2564 2869 2621 2921 ἐν
2653 2868 2877 2939 βαθμοῖς
2908 2864 3236 2939 διορίζεσθαι
3263 2864 3602 2935 ἀνθρώπους,
3635 2863 3755 2917 καθ’

2188 2959 2379 3027 ὑφεσίν
2410 2976 2533 3013 τινα
2564 2956 2703 3013 εἶναι
2729 2958 2829 3022 τὰς
2857 2958 3007 3021 θείας
3052 2958 3398 3032 ὑποστάσεις.
3436 2958 3545 3010 Καὶ
3575 2954 3762 3017 ἁπλῶς

2189 3054 2223 3123 ἠ
2254 3052 2467 3106 Παλαιὰ
2495 3052 2763 3123 Διαθήκη,
2795 3052 2964 3104 τύπον
2993 3051 3234 3122 φέρουσα
3258 3051 3355 3121 τῆς
3376 3049 3543 3112 Νέας,
3578 3064 3763 3118 μυστι-

2188 3145 2301 3208 κῶς
2318 3145 2411 3198 καὶ
2437 3143 2901 3216 προμηθεστάτως
2919 3142 3243 3213 διαλέγεται·
3259 3140 3600 3211 αἰνιττομένη
3627 3138 3761 3209 μᾶλ-

2188 3236 2277 3290 λον
2305 3239 2360 3290 ἐν
2398 3231 2630 3300 πολλοῖς,
2658 3235 2690 3306 ἢ
2718 3236 3000 3307 φράζουσα
3031 3237 3088 3289 ἐν
3120 3233 3301 3304 ταυτῷ
3320 3251 3334 3264 ο
3361 3234 3454 3287 καὶ
3482 3231 3763 3303 φράζουσα

2190 3328 2369 3392 πλέον,
2395 3328 2537 3399 ἥπερ
2561 3328 2913 3399 αίνισσομένη
2942 3327 3004 3379 τὸ
3029 3326 3254 3397 ὕστερον
3276 3324 3542 3393 ἐκφανθέν
3568 3324 3765 3394 μυστή-

2192 3436 2339 3489 ριον’
2388 3420 2537 3482 ὅπως
2587 3420 2723 3489 μήτε
2784 3416 2964 3488 πλήξῃ
2999 3418 3064 3485 τῇ
3121 3414 3294 3484 ἀθρόᾳ
3339 3412 3609 3484 προσϐολῇ
3639 3412 3763 3473 τοὺς

2189 3511 2487 3581 ἀμυήτους,
2512 3509 2607 3561 καὶ
2626 3507 2778 3560 οὑπω
2797 3506 2956 3567 ὄντας
2974 3501 3268 3574 σταθερούς
3292 3518 3350 3553 τε
3376 3500 3467 3554 καὶ
3482 3499 3764 3560 δεκτικοὺς

2188 3602 2286 3673 τῆς
2312 3599 2563 3661 θεοπτίας
2580 3615 2595 3629 ο
2620 3598 2756 3667 μήτε
2780 3596 2886 3666 μὴν
2915 3597 2994 3657 είς
3023 3594 3085 3646 τὸ
3111 3591 3369 3654 παντελὲς
3396 3589 3666 3663 ζημιώσῃ·
3702 3590 3764 3641 τὸ

2193 3692 2426 3763 μὲνηηγάρ
2457 3686 2526 3760 ἦν
2553 3686 2829 3757 ἀπειρίας,
2870 3686 2930 3738 τὸ
2959 3685 3015 3739 δὲ
3054 3682 3470 3753 ἀπανθρωπίας.
3499 3680 3762 3742 Πολλάκις

2188 3783 2245 3836 δὲ
2274 3781 2368 3834 καὶ
2397 3779 2540 3847 ἅπερ
2578 3777 2739 3848 τυχὸν
2776 3772 3009 3829 ἐνταῦθα
3054 3776 3184 3845 ἡμῖν
3214 3772 3551 3842 δυσεφίκτως
3599 3772 3764 3841 ἔφρα-

2192 3888 2281 3935 σε,
2311 3868 2375 3922 δι’
2418 3868 2610 3940 ἐτέρας
2657 3866 2875 3938 γραφῆς
2919 3865 3017 3936 τὴν
3059 3864 3211 3917 λύσιν
3249 3864 3572 3934 παρέσχετο.
3614 3860 3762 3913 Ἡδὲ

2192 3959 2309 4029 Nec
2343 3958 2443 4012 οὑκ
2488 3957 2568 4010 έτι
2596 3957 2670 4020 ὡς
2703 3957 2760 4008 ἐν
2798 3957 2925 4025 σκιᾷ
2957 3956 3050 4008 καὶ
3102 3953 3584 4025 παραπετάσματι,
3628 3949 3763 4002 ἀλλὰ

2193 4050 2378 4119 σαφῶς
2420 4052 2513 4104 καὶ
2544 4048 2839 4120 διαρρήδην
2865 4045 3081 4118 φράζει,
3104 4046 3178 4109 ὼς
3204 4042 3571 4116 μαρτυροῦσιν
3596 4033 3759 4091 θύτου

2190 4142 2405 4205 Παῦλος
2446 4140 2694 4212 γράφων,
2731 4137 3022 4207 Ῥωμαίοις
3059 4136 3179 4207 μὲν,
3219 4135 3399 4202 Εἴπερ
3427 4126 3513 4197 εἷς
3538 4134 3570 4185 ο*
3600 4130 3762 4195 Θεός·

2191 4231 2458 4294 Γαλάταις
2506 4230 2562 4283 δὲ
2600 4229 2693 4283 καὶ
2746 4226 3091 4299 Κορινθίοιςο
3150 4225 3212 4276 '0
3267 4223 3411 4288 Θεὸς
3450 4216 3537 4286 εἷς
3572 4220 3763 4273 ἐστιν.

2192 4324 2301 4378 Καὶ
2337 4323 2500 4377 πάλιν
2528 4321 2585 4375 δὲ
2626 4318 2933 4390 Κορινθίοις
2957 4317 3019 4369 τὸ
3043 4314 3314 4385 δεύτερονο
3354 4314 3424 4368 Ἡ
3461 4311 3631 4380 χάρις
3660 4310 3767 4366 τοῦ

2192 4415 2413 4484 Κυρίου
2448 4411 2618 4482 ’ἡμῶν
2666 4409 2868 4477 Ἰησοῦ
2897 4404 3156 4475 Χριστοῦ
3176 4444 3191 4468 ,
3223 4404 3319 4457 καὶ
3350 4403 3388 4469 ἠ
3425 4402 3623 4471 ἀγάπη
3660 4400 3767 4453 τοῦ

2195 4505 2364 4572 Θεοῦ,
2390 4502 2490 4557 καὶ
2530 4503 2569 4571 ἠ
2611 4499 2891 4554 κοινωνία
2914 4495 3019 4551 τοῦ
3044 4494 3215 4564 ἁγίου
3247 4492 3591 4560 Πνεύματος
3618 4489 3770 4559 μετὰ

513 4587 625 4654 jam
659 4595 916 4655 tanquam
946 4588 998 4643 in
1031 4593 1244 4657 umbra,
1269 4603 1322 4646 et
1348 4597 1447 4650 sub
1483 4596 1619 4660 velo,
1656 4597 1748 4650 sed
1782 4598 2084 4663 manifesto,

2194 4596 2434 4650 πάντων
2468 4591 2653 4662 ὑμῶν.
2708 4588 2967 4643 Ἐνταῦθα
2995 4586 3084 4640 διὰ
3121 4585 3182 4637 τὸ
3214 4582 3411 4637 ταυτὸν
3449 4584 3550 4652 τῆς
3576 4580 3767 4651 θεότη-

520 4685 573 4729 et
606 4692 865 4747 expresse
889 4679 1152 4748 loquitur,
1186 4692 1243 4735 ut
1276 4692 1545 4757 testantur
1580 4686 1639 4747 ii,
1663 4700 1892 4754 quorum
1927 4690 2086 4741 verba

521 4771 770 4839 subjicio.
804 4770 1004 4827 Paulus
1052 4770 1311 4830 Romanis
1340 4777 1555 4846 quidem
1593 4779 1835 4832 SCl‘ibCllS
1864 4799 1875 4832 :
1912 4777 2078 4849 Siqui-

593 4972 706 5041 (29)
772 4971 1032 5027 Historia.
1077 4974 1138 5026 ιιι
1189 4974 1315 5038 Reg.
1367 4990 1517 5041 xvtt,
1563 4976 1653 5030 2|.
1704 4976 1901 5030 Eodem
1934 4977 2089 5031 modo

518 5044 763 5099 Justinus
824 5045 874 5097 in
938 5043 1306 5095 Cohortatioue
1373 5047 1441 5096 ml
1504 5045 1739 5108 (ἔνθεοι,
1791 5063 1942 5100 ηιιιιι.
1995 5047 2088 5109 3|,

524 5117 670 5187 tuine
713 5113 904 5187 librum
935 5114 1087 5187 citat.
1118 5114 1231 5165 Οὐκ
1257 5113 1364 5187 ἀπὸ
1393 5116 1489 5187 τῆς
1522 5116 1710 5187 τρίτης
1739 5116 1956 5187 (inquit)
1983 5115 2091 5169 τῶν

522 5182 819 5237 Βασιλειῶν
855 5170 1123 5254 ἱστορίαςς
1164 5200 1217 5236 κ.
1247 5199 1298 5235 τ.
1327 5183 1374 5235 λ.
1403 5158 1592 5239 Nimis:
1619 5158 1865 5239 ea‘I‘lét‘lit‘l
1894 5158 2089 5255 Regno-

523 5271 635 5305 rum
670 5256 890 5306 historia
913 5255 938 5307 ?
961 5264 1065 5305 etc.

594 5325 706 5391 (30)
767 5323 985 5377 lterum.
1039 5320 1101 5375 Ill
1167 5321 1295 5389 lleg.
1355 5340 1506 5388 XVIII,
1562 5326 1650 5380 54.
1700 5324 2097 5392 Complutensis

522 5394 686 5466 editio
725 5397 883 5447 habet
907 5434 920 5455 ,
976 5392 1352 5466 Δευτερώσατε
1376 5434 1389 5454 ,
1441 5406 1494 5448 et
1525 5393 1915 5466 Τρισσεύσατε.
1951 5394 2097 5457 Non—

525 5463 683 5536 rutilae
710 5465 845 5536 alite,
876 5461 1270 5536 Δευτερώσατε,
1305 5461 1759 5536 διέτρισσώσατε.

597 5534 705 5603 (51)
756 5532 955 5587 Venite.
1013 5534 1148 5587 Gen.
1199 5550 1283 5599 XI,
1341 5534 1395 5586 7.
1437 5532 1848 5603 'Complutensis
1892 5533 2092 5588 editio:

527 5602 709 5674 Ϊιεύτε,
739 5606 832 5655 καὶ
857 5604 1192 5667 καταϐάντες
1223 5604 1540 5674 συγχέωμεν
1563 5602 1741 5658 αὑτῶν
1775 5603 2092 5671 γλῶσσαν...

526 5670 754 5744 ἕκαστος
777 5675 873 5743 τῆς
908 5675 1109 5744 φωνῆς.
1144 5670 1416 5744 Muuullte
1442 5670 1557 5728 alia:
1596 5670 1859 5728 editiones
1895 5676 2093 5726 habent

531 5752 588 5792 ιιι
625 5741 745 5812 legit
766 5740 1057 5812 Didymus.
1344 5740 1357 5767 ⁸

599 5811 713 5879 (ὖὶ)
756 5809 1157 5880 Ρνοριιαίιιίὸιιε.
1188 5812 1322 5867 (ἰν-ιι.
1366 5832 1449 5875 si,
1483 5815 1516 5860 (ι
1543 5824 1593 5866 et
1631 5814 1711 5866 lt).

600 5880 712 5952 (55)
759 5880 1179 5949 ΡνοῙιιηιΙίονεηι.
1220 5883 1350 5949 \"ux,
1392 5884 1668 5954 προϐαθύς
1709 5885 1854 5940 deest
1886 5885 1936 5937 in
1976 5883 2088 5937 vul-

2193 4706 2306 4751 τος,
2339 4684 2554 4757 πρώτου
2594 4681 2996 4754 ἐμνημόνευσεν
3037 4675 3131 4730 τοῦ
3170 4674 3334 4738 Υἱοῦ,
3372 4673 3465 4728 καὶ
3493 4672 3635 4726 οὑτω
3675 4670 3767 4725 τοῦ

2197 4778 2431 4850 Πατρὸς,
2460 4772 2578 4830 εἶτα
2602 4773 2695 4828 τοῦ
2722 4772 2877 4842 ἁγίου
2908 4769 3045 4824 Πνεύ
3057 4786 3221 4834 ματος
3248 4767 3430 4822 αὑτοῦ·
3456 4764 3771 4819 κοινωνίαν

2198 4976 2337 5045 gazis
2365 4974 2585 5045 lexieis,
2619 4982 2723 5045 aut
2758 4971 2899 5025 millo
2945 4969 3191 5039 exertiplo
3230 4969 3491 5022 illustrata
3526 4965 3786 5034 ιιιῒετιιιιθ,⁸

2200 5044 2256 5100 ut
2292 5046 2342 5097 in
2375 5044 2591 5097 Patricii
2625 5044 2814 5096 lexico.

2271 5115 2382 5185 (54)
2425 5115 2724 5185 Scriptura.
2757 5109 2924 5185 Exod.
2950 5106 3155 5185 xx_,.2_6.
3183 5105 3381 5159 Eodem
3403 5104 3560 5185 plane
3585 5107 3762 5168 modo,

2199 5176 2307 5252 quo
2357 5176 2837 5254 Ditlytnits,_hunc
2888 5177 3052 5231 Exodi
3102 5176 3534 5254 locvti-unaccepit
3578 5186 3769 5254 auctor

2203 5241 2509 5309 Clossnruirt
2550 5255 2602 5304 in
2634 5241 2931 5312 'Exodum,
2982 5261 3123 5299 anno
3172 5241 3343 5308 1756,
3383 5244 3435 5297 in
3462 5241 3771 5298 ’Fascirulo

2202 5326 2570 5376 auecdotorum
2614 5336 2641 5372 a
2690 5335 2775 5371 me
2813 5319 3005 5371 editus.
3057 5313 3232 5381 Nihil,
3279 5313 3451 5379 inquit
3481 5330 3601 5382 pag.
3638 5312 3768 5372 HG.

2204 5396 2258 5447 iu
2298 5391 2558 5445 Triuitnte
2588 5390 2849 5455 superius,
2884 5384 3015 5439 nihil
3065 5386 3285 5455 inferius
3329 5384 3639 5455 credendum
3668 5392 3779 5455 εει,

2208 5478 2271 5515 ne
2301 5462 2495 5531 gradus
2535 5450 2974 5531 {aciumu_s,_sicut
3001 5450 3207 5531 utrius,
3237 5454 3455 5508 dicendo
3490 5453 3646 5506 Patre
3674 5450 3772 5506 Fi-

2206 5525 2332 5584 lium
2361 5525 2633 5591 minorem,
2664 5540 2709 5581 et
2744 5526 2885 5580 Filio
2921 5525 3175 5593 Spiritum
3210 5536 3468 5579 sanctum.

2279 5601 2390 5670 (35)
2435 5600 2751 5670 Eodemque.
2794 5599 2847 5651 ιθ
2872 5591 3102 5670 Crine“.
3137 5598 3194 5650 ὲν
3220 5592 3400 5670 τᾳυτῷ
3419 5632 3433 5655 ,
3464 5591 3606 5670 qunti
3633 5593 3771 5645 sumi

2203 5662 2569 5737 etiam'putest
2598 5662 2833 5722 adverbii
2869 5669 3059 5729 instar,
3091 5678 3147 5719 nt
3196 5662 3398 5737 valeat,
3431 5662 3606 5724 simul,
3640 5678 3769 5725 una,

2202 5742 2332 5797 sive,
2364 5735 2418 5791 ιιι
2442 5740 2597 5807 Vulg.
2630 5741 2893 5804 interpres
2920 5738 3059 5806 loqui
3090 5738 3250 5808 solet,
3277 5735 3328 5786 in
3355 5747 3536 5808 un'um.

2273 5795 2383 5928 (ὅθι)
2405 5808 2497 5869 2i,
2532 5795 2747 5931 {Etsi-um.
2774 5795 2829 5862 lu
2855 5795 3061 5870 Graeco,
3085 5795 3246 5877 ἅπερ,
3282 5818 3378 5875 pro
3411 5795 3612 5871 ὧνπερ.
3645 5797 3775 5853 Vide

2274 5891 2308 5931 ι.
2404 5894 2518 5931 una.
2584 5886 2592 5905 ‘
2620 5917 2632 5931 .

2200 5891 2308 5935 nol.
2343 5882 2371 5928 7
2403 5894 2518 5949 pag.
2546 5882 2632 5931 5⁸).
