4146 6438
397 446 425 462 ρ

397 446 425 462 ρ

397 438 500 499 δίιθ

1480 444 1566 498 DE
1603 443 1982 498 TRINITATE
2022 443 2223 498 LIBER
2263 445 2542 503 PRIMUS.

3538 454 3645 513 550

392 554 454 609 δὲ
480 553 573 608 τοῦ
601 555 756 623 ἁγίου
783 557 1094 627 Πνεὰματος
1126 558 1262 626 μετὰ
1292 557 1501 627 Harpe;
1533 558 1626 610 καὶ
1665 556 1794 608 Υἱοῦ
1842 551 1967 608 εἷπε

2073 558 2185 611 dem
2221 558 2330 629 (57)
2389 575 2521 611 unus
2562 568 2633 611 est
2680 558 2834 612 Deus.
2873 559 3081 616 Galatis
3120 577 3245 617 vero
3271 601 3285 625 ,
3357 576 3410 616 ct
3457 564 3648 619 Corin-

392 644 493 714 τῆς
534 646 662 714 μιᾶς
706 644 979 711 θεότηιος,
1016 647 1108 700 καὶ
1140 646 1318 717 δόξης,
1349 649 1441 699 καὶ
1486 646 1798 716 βασιλείας’
1837 645 1972 698 ποία

391 734 502 806 γὰρ
519 734 649 805 ἄλλη
682 737 775 788 ἐπὶ
811 736 945 790 Θεοῦ
971 739 1278 799 κοινωνία;
1306 737 1567 805 Ἐφεσίοις
1607 737 1664 789 δέ
1686 755 1698 768 ·
1721 732 1824 801 Εἷς
1856 739 1974 791 Κύ-

382 842 536 893 ριος,
569 826 680 894 μία
701 828 927 894 πίστις,
967 827 1037 881 ἐν
1063 826 1400 896 βάπτισμα,
1433 824 1521 894 εἷς
1559 827 1705 893 Θεὸς
1732 828 1829 881 καὶ
1857 832 1974 881 Πα-

394 916 503 984 τὴρ
528 915 802 982 πάντων,
836 922 870 972 ὀ
905 917 993 989 [:11
1026 918 1081 990 a]
1117 920 1215 972 ἐπὶ
1271 917 1532 982 πάντων,
1557 917 1655 971 καὶ
1693 917 1790 972 διὰ
1820 917 1956 975 πάν

389 1022 528 1071 των,
553 1006 651 1060 καὶ
679 1007 749 1059 ἐν
782 1006 989 1062 πᾶσιν.
1026 1009 1157 1062 Εἶτα
1180 1011 1291 1072 τοῖς
1314 1009 1516 1070 αὐτοῖς·
1549 1009 1768 1061 Τούτου
1794 1007 1976 1077 χάριν

388 1099 638 1167 κάμπτω
665 1098 738 1152 τὰ
774 1100 999 1169 γόνατά
1027 1119 1147 1170 μου
1188 1101 1336 1169 πρὸς
1380 1099 1487 1154 τὸν
1517 1100 1666 1155 Θεὸν
1713 1101 1811 1153 καὶ
1853 1104 1971 1153 Πα-

386 1190 550 1258 τέρα,
589 1190 658 1255 ἐξ
686 1187 758 1247 οὗ
781 1191 949 1246 πᾶσα
976 1192 1191 1260 πατριὰ
1215 1192 1283 1245 ἐν
1303 1191 1579 1259 οὐρανοῖς
1610 1192 1708 1245 καὶ
1735 1190 1832 1243 ἐπὶ
1856 1191 1974 1261 τῆς

387 1280 753 1350 ὀνομάζεται,
786 1284 884 1336 ἵνα
926 1283 1009 1348 δῷ
1046 1283 1206 1352 ὑμῖν,
1236 1287 1384 1336 κατὰ
1419 1283 1526 1335 τὸν
1561 1281 1829 1335 πλοῦτον
1865 1281 1973 1350 τῆς

384 1369 578 1438 δόξης
633 1373 855 1436 αὑτοῦ,
905 1372 1153 1442 δυνάμει
1210 1371 1644 1441 κραταιωθῆναι
1708 1366 1973 1427 διὰ’τοῦ

385 1462 737 1529 Πνεύματος
765 1462 971 1522 αὐτοῦ,
1008 1467 1094 1528 εἰς
1127 1464 1232 1516 τὸν
1272 1464 1392 1517 ἐσω
1430 1462 1747 1530 ἄνθρωπον
1781 1482 1975 1518 κατοι-

384 1549 576 1617 κῆσαι
610 1550 716 1603 τὸν
737 1553 994 1618 Χριστὸν
1020 1552 1115 1606 δια
1154 1552 1264 1618 τῆς
1291 1555 1550 1616 πίστεως
1570 1552 1639 1605 ἑνι·
1674 1555 1803 1618 ταῖς
1830 1570 1972 1621 καρ-

382 1639 567 1706 δίαις.
599 1635 725 1694 Ὧδε
762 1643 922 1695 πάλιν
960 1644 1180 1713 ὁμοίως,
1220 1644 1308 1697 διὰ
1333 1646 1393 1697 τὸ
1428 1646 1668 1714 ἰσότιμον
1704 1646 1812 1698 τῶν
1851 1646 1976 1698 ὑπο-

387 1731 656 1796 στάσεων,
685 1736 822 1804 μετὰ
857 1736 947 1787 τὸν
978 1736 1218 1806 Πατέρα,
1254 1735 1470 1806 πρώτου
1508 1737 1602 1788 τοῦ
1636 1736 1970 1807 Πνεῦματος,

383 1823 484 1877 καὶ
518 1822 665 1876 οὕτω
704 1824 796 1877 τοῦ
832 1826 960 1878 Υἰοῦ
995 1827 1397 1896 ἐμνημόνευσεν
1445 1827 1557 1880 Καὶ
1584 1827 1742 1879 πάλιν
1773 1828 1969 1898 Κοριν-

2081 651 2204 704 thiis
2237 674 2250 704 :
2292 650 2429 704 Deus
2465 649 2576 718 (38)
2613 666 2746 703 unus
2777 662 2871 704 est.
2900 650 2966 704 Et
3009 668 3199 707 rursus
3237 655 3286 706 in
3317 656 3641 709 secundan

2075 741 2384 796 Corinthios
2418 760 2430 794 :
2465 738 2660 793 Gratia
2691 741 2801 810 {59)
2838 740 3048 795 Domini
3078 746 3239 797 nostri
3269 744 3394 797 Jesu
3428 745 3643 815 Christi,

2075 843 2123 886 et
2152 833 2379 886 charitas
2410 833 2503 885 Dei
2518 861 2544 898 -,
2578 845 2624 886 et
2653 836 3054 887 communicatio
3086 836 3194 907 (40)
3221 840 3388 891 sanc:i
3420 837 3643 905 Spiritus

2050 939 2192 976 -cum
2221 923 2461 976 omnibus
2487 925 2647 976 vobis.
2683 922 2780 977 Hic
2804 924 2874 977 ob
2919 924 3252 980 identitatem
3287 930 3502 983 deitatis
3533 934 3643 999 pri-

2074 1028 2221 1066 mum
2264 1014 2508 1067 nominat
2557 1013 2751 1068 Filium
2781 1057 2794 1080 ,
2842 1015 3037 1069 deinde
3084 1016 3295 1070 Patrem
3345 1034 3405 1072 ac
3458 1030 3640 1088 postea

2075 1115 2321 1161 sanctum
2357 1106 2476 1174 ejus
2520 1105 2799 1174 Spiritum.
2853 1105 3389 1163 Conimunicationem
3430 1124 3640 1175 autem,

2073 1210 2166 1249 seu
2209 1197 2639 1250 communionem
2688 1196 2922 1267 Spiritus
2976 1199 3143 1251 saucii
3196 1215 3315 1253 cum
3374 1201 3533 1254 Patre
3580 1214 3637 1257 et

2073 1281 2231 1350 Filio,
2263 1285 2388 1338 dum
2425 1286 2578 1348 dixit,
2602 1287 2760 1339 unius
2791 1288 3004 1340 deitaiis
3024 1327 3038 1350 ,
3071 1297 3123 1340 et
3151 1288 3358 1356 glorise,
3386 1299 3440 1343 et
3467 1291 3642 1343 domi-

2080 1375 2333 1438 nationis,
2373 1390 2463 1429 seu
2499 1377 2646 1444 regni
2690 1379 3126 1430 coinmunionem
3176 1379 3433 1433 indicavit
3471 1398 3483 1432 :
3522 1395 3641 1449 qua:

2074 1451 2218 1518 enim
2246 1463 2351 1515 alia
2388 1470 2469 1517 est
2498 1463 2548 1515 in
2581 1464 2688 1517 Deo
2719 1464 3059 1517 communio?
3081 1465 3160 1517 Ad
3189 1465 3448 1531 Ephesius
3471 1479 3602 1519 vero
3627 1483 3639 1518 :

2077 1551 2222 1606 Unus
2249 1552 2360 1619 (41.)
2397 1552 2671 1616 Dominus,
2705 1570 2808 1606 una
2839 1554 2988 1621 ﬁdes,
3022 1571 3183 1607 unum
3208 1556 3483 1622 baptisma,
3511 1573 3642 1611 unus

2073 1642 2236 1705 Deus,
2263 1651 2311 1695 et
2342 1640 2505 1694 Pater
2535 1643 2792 1702 omnium,
2820 1644 2909 1710 qui
2937 1653 3010 1695 est
3040 1660 3194 1711 super
3233 1661 3405 1697 omnes
3434 1685 3448 1707 ,
3484 1658 3529 1698 et
3555 1663 3645 1712 per

2075 1733 2272 1789 omnia.
2297 1741 2344 1782 et
2372 1731 2425 1782 in
2455 1729 2693 1784 omnibus
2730 1730 2861 1800 (42).
2897 1731 3099 1784 Deinde
3124 1734 3189 1783 ad
3218 1735 3435 1787 eosdem
3463 1752 3476 1787 :
3521 1734 3642 1787 Hit-

2078 1823 2158 1881 ius
2186 1820 2295 1888 (45)
2334 1821 2406 1871 rei
2436 1821 2608 1888 gratia
2637 1822 2788 1888 ﬂecto
2819 1836 2985 1887 genita
3012 1836 3125 1872 mea
3166 1821 3234 1872 ad
3267 1820 3429 1874 Deum
3457 1834 3503 1875 et
3541 1822 3643 1876 Pa—

384 1902 523 1977 θίοις
545 1930 559 1943 ’
586 1915 916 1982 Παρακαλῶ
957 1915 1024 1969 δὲ
1066 1914 1242 1984 ὑμᾶς,
1286 1915 1535 1983 ἀδελφοὶ
1552 1955 1566 1978 ,
1595 1915 1692 1969 διὰ
1716 1916 1823 1969 τοῦ
1850 1920 1967 1970 Ko-

2074 1924 2202 1966 trem
2228 1912 2359 1983 (44),
2382 1928 2443 1964 ex
2465 1930 2564 1979 quo
2590 1914 2756 1964 omnis
2776 1911 3059 1979 paternitas
3086 1911 3138 1963 in
3163 1910 3323 1972 caelis,
3356 1923 3401 1963 et
3424 1912 3475 1963 in
3505 1924 3643 1966 terra

375 2005 520 2072 ρίου
548 2004 719 2074 ἡμῶν
765 2007 968 2073 Ἰησοῦ
1006 2007 1286 2073 Χριστοῦ,
1320 1993 1419 2059 καὶ
1466 2006 1564 2060 διὰ
1590 2006 1699 2074 τῆς
1730 2008 1968 2076 ἀγάπης

383 2095 496 2149 τοῦ
550 2098 917 2164 Πνεύματος,
976 2097 1512 2165 συναγωνίσασθαί
1560 2114 1662 2166 μοι
1714 2098 1783 2150 ἐν
1840 2097 1969 2163 ταῖς

381 2189 755 2256 προσευχαὶ
786 2186 937 2255 ὑπὲρ
962 2187 1105 2255 ἐμοῦ
1140 2188 1288 2255 πρὸς
1326 2191 1427 2240 τον
1468 2190 1635 2241 Θεόν.
1696 2188 1967 2259 Ἑϐραίοις

380 2273 441 2326 δέ
466 2291 476 2303 ·
525 2276 594 2327 El
623 2275 731 2343 γὰρ
759 2278 789 2328 ό
819 2274 890 2327 δι’
926 2274 1197 2343 ἀγγέλων
1216 2275 1502 2343 λαληθεὶς
1525 2278 1706 2344 λόγος
1734 2277 1967 2346 ἐγένετο

372 2367 650 2433 βέϐαιος,
686 2367 782 2419 καὶ
828 2365 996 2420 πᾶσα
1033 2366 1369 2435 παράϐασις
1400 2368 1495 2421 καὶ
1526 2370 1800 2438 παρακοὴ
1830 2371 1968 2444 ἐλα-

379 2457 494 2509 ϐεν
525 2454 765 2507 ἔνδικον
789 2455 1306 2523 μισθαποδοσίαν
1333 2454 1457 2521 πῶς
1487 2458 1656 2526 ἡμεῖς
1683 2458 1967 2526 ἐκφευξό-

373 2548 567 2614 μεθα,
594 2548 957 2612 τηλικαύτης
993 2545 1408 2613 ἀμελήσαντες
1437 2551 1734 2615 σωτηρίας
1746 2566 1765 2612 ;
1801 2550 1968 2615 "Hm;

378 2636 587 2704 ἀρχὴν
610 2637 885 2690 λαϐοῦσα
921 2636 1239 2691 λαλεῖσθαι
1269 2638 1366 2691 διὰ
1413 2639 1517 2692 τοῦ
1553 2643 1807 2707 Κυρίου,
1848 2641 1966 2693 ὑπὸ

378 2726 507 2781 τῶν
555 2728 980 2790 ἀκουσάντων,
1033 2731 1120 2794 εὶς
1159 2729 1682 2803 ἡμιῖςοέϐεϐαιὼθὴ,
1723 2746 1973 2786 συνεπι-

375 2815 830 2884 μαρτυροῦντος
857 2815 962 2869 τοῦ
1008 2816 1156 2871 Θεοῦ
1188 2820 1463 2887 σημείοις
1498 2836 1561 2873 τε
1593 2821 1690 2873 καὶ
1738 2821 1965 2889 τέρασι,

380 2905 487 2961 καὶ
527 2905 829 2971 ποικίλαις
888 2904 1211 2976 δυνάμεσι,
1262 2908 1360 2961 καὶ
1414 2909 1759 2978 Πνεύματος
1795 2911 1967 2979 ἁγίου

376 2995 715 3066 μερισμοῖς,
742 2997 892 3051 κατὰ
928 2997 1041 3066 τὴν
1069 2997 1257 3052 αὐτοῦ
1290 2998 1565 3066 θέλησιν.
1598 3001 1694 3054 Διὰ
1733 2997 1825 3054 οὖν
1848 3001 1964 3065 τοῦ,

383 3087 633 3155 Κυρίου,
660 3086 950 3157 δεδήλωται
974 3090 1002 3141 ὁ
1028 3088 1158 3151 Υἱός
1181 3104 1194 3117 ·
1225 3087 1314 3140 διὰ
1346 3088 1401 3141 δὲ
1431 3089 1524 3142 τοῦ
1545 3129 1557 3153 ,
1587 3090 1757 3154 Θεοῦ,
1801 3093 1829 3144 ὁ
1856 3091 1967 3143 Πα-

380 3178 491 3248 τήρ
548 3173 666 3229 εἶτα
701 3178 791 3229 καὶ
820 3177 879 3229 τὸ
920 3177 1265 3244 αὐτεξούσιον
1293 3178 1388 3231 καὶ
1423 3178 1828 3249 παντοδύναμον
1870 3177 1965 3232 τοῦ

389 3268 551 3337 ἁγίου
586 3267 921 3338 Πνεύματος.
977 3269 1146 3321 Καὶό
1208 3268 1334 3332 Υἱὸς
1382 3270 1438 3322 δὲ
1480 3270 1680 3334 ἔδειξε,
1725 3272 1823 3341 τὴν
1867 3272 1964 3341 μὲν

387 3360 520 3430 μίαν
549 3358 801 3428 Θεότητα,
836 3358 924 3411 διὰ
953 3356 1046 3411 τοῦ
1079 3361 1270 3427 εἰπεῖν,
1302 3361 1363 3413 Τί
1380 3377 1458 3429 με
1480 3361 1677 3429 λέγεις
1704 3362 1966 3429 drawn;

385 3449 605 3515 Οὐδεὶς
632 3450 871 3520 ἀγαθὸς,
899 3452 950 3503 εὶ
977 3450 1064 3520 μὴ
1104 3449 1191 3517 εἷς
1211 3455 1242 3505 o'
1276 3453 1419 3518 Θεός
1437 3467 1452 3481 ’
1481 3453 1578 3515 τὰς
1606 3451 1663 3503 δὲ
1695 3452 1968 3523 ἰσοτίμους

383 3544 479 3596 καὶ
510 3543 871 3612 ὶσοδυνάμους
900 3546 1049 3614 τρεῖς
1079 3544 1427 3608 ὑποστάσεις,
1469 3543 1559 3597 διὰ
1594 3544 1694 3615 τῆς
1742 3544 1870 3615 περὶ
1904 3544 1965 3595 τὸ

388 3631 677 3709 βάπτισμα
701 3633 919 3704 διδαχῆς
940 3648 954 3663 ’
997 3632 1072 3705 μὴ
1106 3635 1276 3688 εέπὼν
1302 3636 1359 3689 δὲ
1390 3633 1757 3711 πειραστικῶς
1784 3634 1968 3701 ἐξετά-

460 3812 577 3881 (37)
609 3803 899 3881 Siquidem.
954 3813 1117 3866 Rom.
1152 3826 1237 3877 ιιι,
1265 3811 1354 3865 50.
1388 3813 1575 3867 ϐιωοιι
1627 3810 1792 3867 editio
1829 3811 1977 3865 ἐπεί-

389 3898 516 3951 περ,
530 3880 666 3952 pro,
684 3880 687 3881 ⁷
707 3880 886 3952 εἴαιτεερἶ

457 3949 576 4074 (ἓὸ)
633 3950 794 4006 Deus.
838 3949 1032 4005 'Galat.
1102 3966 1184 4017 ιιι,
1244 3949 1335 4016 20,
1381 3960 1436 4007 et
1483 3950 1505 4007 l
1578 3951 1703 4008 Cor.
1766 3967 1885 4017 Viti,
1941 3951 1976 4005 4

388 4029 439 4072 et
468 4029 526 4073 6.

459 4088 575 4162 (.59)
642 4087 850 4145 Gratia.
922 4087 1180 4162 ill_Cor.
1244 4106 1361 4152 xm.
1412 4091 1498 4162 15.
1539 4091 1746 4162 Graeca
1803 4089 1969 4162 editio

392 4158 598 4237 g‘ltiillit
653 4158 1091 4237 vocem,_ﬂp€bv,
1123 4176 1293 4237 quani
1333 4169 1389 4215 et
1416 4161 1710 4237 _Vii_|gat_us
1736 4160 1882 4230 legit,
1911 4171 1963 4214 et

398 4227 658 4299 Didyllllls
692 4240 802 4299 tum
841 4227 966 4289 hic:
985 4241 1094 4283 tum
1141 4227 1192 4284 in
1242 4231 1378 4283 libro
1406 4229 1481 4283 De
1514 4227 1720 4298 Spiritu
1753 4227 1953 4292 sancto,

395 4297 542 4351 num.
575 4297 678 4369 16,
705 4298 794 4352 ubi
848 4299 989 4353 edita
1041 4300 1373 4369 exemplaria
1424 4297 1645 4362 habent,
1669 4302 1735 4352 sit
1764 4314 1964 4369 semper

393 4383 507 4423 cum
538 4368 778 4421 omnibus
820 4369 1123 4423 uobis:sed
1162 4367 1326 4423 cades
1365 4381 1547 4423 noster
1576 4370 1778 4423 omittit
1814 4367 1969 4421 binas

393 4449 576 4560 lVaces,
610 4438 677 4490 sit
718 4453 939 4507 semper,
973 4448 1032 4491 ut
1079 4455 1174 4494 eas
1222 4440 1422 4494 omittit
1459 4439 1719 4510 Didymus
1766 4438 1870 4491 hoc
1910 4437 1961 4489 in

411 4520 530 4561 oco.

445 4522 530 4562 ρο.

2071 2004 2398 2065 nominatur,
2427 2011 2480 2054 ut
2510 2003 2591 2054 det
2617 2001 2758 2054 vobis
2783 2000 3067 2054 secundum
3088 2002 3295 2055 diuitias
3313 2005 3490 2070 gloria:
3513 2021 3640 2062 sum.

2070 2094 2258 2146 uirtute
2301 2093 2633 2144 corroborari
2663 2106 2752 2159 per
2786 2090 3041 2159 Spiritum
3087 2092 3199 2161 ejus
3241 2096 3292 2145 in
3346 2093 3640 2145 interiorem

2034 2228 2039 2235 .
2070 2185 2327 2236 hominem
2345 2183 2453 2248 (45)
2473 2182 2707 2235 habitare
2727 2181 2994 2236 Christum
3017 2199 3107 2250 per
3125 2184 3277 2251 ﬁdem
3304 2185 3355 2236 in
3377 2182 3637 2241 cordibus.

2072 2271 2183 2325 lloc
2222 2274 2273 2326 in
2316 2273 2436 2326 loco
2486 2287 2675 2326 rursus
2726 2273 2886 2325 simili
2924 2274 3134 2325 ratione
3161 2274 3231 2327 ob
3277 2276 3639 2345 a-qualiiatem

2072 2363 2312 2426 honoris,
2343 2364 2433 2430 qui
2457 2362 2684 2431 singulis
2718 2364 2962 2429 personis
2991 2363 3236 2428 debetur,
3279 2375 3395 2430 post
3428 2364 3637 2419 Patrem

2069 2456 2214 2522 prius
2259 2456 2498 2508 meminit
2535 2454 2799 2521 Spiritus,
2828 2454 3022 2508 deinde
3052 2454 3197 2507 Filii.
3241 2455 3304 2509 Et
3340 2471 3529 2511 rursus
3566 2462 3633 2510 ad

2068 2547 2376 2599 Corinthios
2396 2548 2671 2600 scribens:
2705 2544 2926 2599 Obsecro
2956 2545 3065 2615 (46)
3083 2556 3257 2599 autem
3285 2564 3393 2613 vos,
3419 2548 3633 2615 fratres,
3704 2580 3719 2589 -

2067 2656 2155 2705 per
2173 2639 2447 2691 Dominum
2589 2648 2820 2691 nostrum
2837 2620 3015 2689 Jes‘um
3038 2637 3323 2700 Christum,
3344 2651 3388 2690 et
3407 2656 3495 2703 per
3511 2640 3639 2692 cha-

2070 2730 2273 2782 ritatem
2298 2727 2558 2796 Spiritus,
2589 2741 2640 2781 ut
2674 2728 2929 2797 adjuvetis
2970 2745 3049 2780 me
3090 2729 3145 2780 in
3179 2730 3502 2782 orationibus
3544 2748 3635 2799 pro

2068 2837 2149 2874 me
2176 2823 2245 2873 ad
2274 2821 2455 2875 Deum.
2485 2823 2563 2875 Ad
2600 2820 2852 2875 Heln-mos
2880 2834 3057 2875 autem
3085 2840 3098 2875 :
3129 2822 3183 2877 Si
3208 2825 3342 2876 enim
3378 2825 3511 2894 (Π),
3542 2825 3633 2893 qui

2067 2925 2159 2976 per
2192 2910 2402 2978 angelos
2432 2911 2606 2963 dictus
2652 2921 2725 2965 est
2759 2927 2927 2964 sermo
2949 2952 2963 2975 ,
3003 2912 3172 2981 factus
3215 2926 3287 2966 est
3323 2915 3507 2980 ﬁrmus
3534 2956 3548 2977 ,
3591 2924 3639 2966 et

2069 2998 2235 3051 omnis
2279 2999 2664 3065 pra'varicatio,
2714 3008 2764 3053 et
2805 3001 3157 3054 inobexlientia
3212 3003 3408 3069 accepit
3434 3004 3638 3073 justam

2067 3088 2318 3141 mercedis
2372 3088 2805 3154 retributionem;
2852 3092 3108 3159 quomodo
3168 3109 3262 3145 nos
3299 3093 3637 3160 effugiemus,

2070 3180 2115 3233 si
2150 3188 2346 3243 tantam
2383 3181 2761 3248 neglexerimus
2805 3182 3072 3235 salutem?
3116 3198 3233 3250 qua’
3277 3200 3393 3235 cum
3433 3184 3639 3236 initium

2070 3273 2349 3340 acceperit,
2382 3274 2450 3325 ad
2481 3273 2792 3343 loquendum
2835 3291 2926 3342 per
2959 3273 3239 3327 Dominum
3262 3314 3277 3337 ,
3318 3276 3380 3326 ab
3406 3275 3476 3326 eis
3501 3315 3514 3335 ,
3552 3275 3639 3343 qui

2075 3362 2379 3425 audierunt,
2410 3362 2586 3415 in.nos
2616 3364 2928 3431 conﬁrmata
2957 3374 3065 3425 est,
3095 3372 3411 3417 contestante
3446 3362 3554 3414 1)ιό
3594 3374 3639 3416 et
3697 3382 3735 3431 χ

2074 3451 2257 3518 signis,
2300 3461 2346 3503 et
2385 3455 2654 3519 portentis,
2687 3465 2733 3506 et
2783 3454 2943 3507 uariis
2985 3456 3304 3520 virtutibus,
3345 3466 3389 3507 et
3418 3451 3643 3521 Spiritus

2071 3541 2238 3593 sancti
2261 3542 2712 3598 distributionibus
2744 3546 2902 3612 juxta
2937 3562 3085 3599 suam
3115 3546 3449 3599 voluntatem.
3474 3544 3644 3598 ΡΟῙῚῸ

2075 3631 2163 3689 hic
2207 3631 2421 3686 Domini
2469 3635 2580 3705 (48)
2624 3637 2882 3691 vocabulo
2924 3636 3254 3707 signiﬁcatur
3299 3634 3506 3702 Filius,
3540 3633 3638 3688 Dei

2085 3809 2173 3864 his
2198 3822 2319 3878 quae
2354 3819 2673 3876 sequuntur.
2722 3806 2848 3861 llaec
2879 3808 3021 3862 enim
3055 3807 3123 3861 ibi
3161 3806 3424 3872 legimus:
3464 3824 3483 3857 i
3508 3805 3645 3862 Noc-

2085 3894 2189 3934 non
2228 3890 2281 3933 et
2310 3879 2437 3933 illud
2466 3880 2936 3939 considerandum,
2967 3879 3108 3944 quod
3141 3878 3192 3929 in
3228 3878 3411 3937 corde,
3445 3886 3496 3929 et
3524 3892 3647 3929 sen-

2082 3964 2142 4003 su
2176 3948 2319 4020 [οοιι.
2368 3960 2553 4020 noster
2585 3966 2599 4000 :
2633 3956 2681 4000 et
2730 3948 3018 4020 in_sensu]
3056 3946 3308 4020 habitare
3339 3962 3441 4020 non
3475 3956 3646 4016 potest

2083 4016 2354 4081 creatura,
2380 4018 2480 4072 nisi
2526 4018 2683 4083 Deus,
2711 4027 2764 4071 et
2796 4016 3154 4083 Serino'ejus,
3191 4018 3241 4069 in
3276 4016 3475 4085 Spiritu
3514 4033 3639 4069 san-

2082 4099 2288 4142 cto.....
2321 4087 2423 4142 Per
2461 4088 2616 4140 Iidem
2654 4090 2848 4156 quippe
2879 4088 3121 4140 habitare
3159 4086 3432 4139 Christum
3481 4086 3530 4139 in
3563 4087 3647 4140 in—

2072 4159 2255 4211 teriori
2295 4158 2510 4211 homine
2557 4157 2609 4209 iii
2653 4160 2879 4225 Spiritu,
2935 4161 3009 4209 ait
3059 4156 3347 4225 Aposmlus
3394 4156 3463 4207 ita
3507 4156 3643 4225 scri-

2070 4229 2203 4283 bens
2231 4242 2244 4279 :
2283 4225 2352 4280 In
2382 4227 2584 4289 Spiritu
2610 4228 2658 4279 in
2697 4223 2936 4279 interiori
2978 4228 3186 4278 homine
3230 4224 3469 4277 habitare
3493 4223 3649 4279 Citri-

2072 4308 2206 4351 stum
2267 4312 2360 4366 per
2411 4298 2566 4365 ﬁdem
2624 4298 2677 4350 in
2741 4294 2984 4366 cordibus
3019 4296 3200 4349 vestris
3232 4293 3421 4366 [codex
3463 4303 3648 4348 noster

2074 4364 2347 4488 quendose,
2380 4364 2437 4420 ut
2473 4368 2717 4421 videtur:
2749 4364 2986 4438 nostris].
3021 4366 3138 4434 Ipse
3164 4364 3433 4434 quoque,»
3469 4373 3522 4417 et
3557 4378 3676 4439 reo.

2094 4451 2239 4488 iuua.
2414 4442 2424 4455 '

2094 4442 2239 4488 iuua.
2414 4442 2424 4455 '

2296 4504 2543 4560 Obsecro.
2598 4504 2713 4558 Non
2767 4506 2817 4557 iii
2879 4505 3136 4574 Epistolis
3205 4504 3272 4558 ad
3335 4504 3646 4561 Corinthios

464 4575 580 4647 (40)
612 4575 1050 4632 Communicatio.
1087 4579 1161 4632 Ita
1203 4579 1363 4633 vertit
1391 4577 1544 4645 Vulg.
1583 4579 1868 4647 interpres,
1906 4590 1970 4630 ac
2005 4568 2046 4623 D
2075 4568 2293 4647 scriptis
2348 4578 2460 4628 haec
2477 4586 2747 4647 gexstani,
2792 4577 2885 4628 sed
2922 4568 3105 4629 'ltom.
3140 4590 3228 4640 xv,
3258 4574 3344 4628 30.
3382 4576 3511 4630 Vide
3548 4589 3648 4629 no-

400 4642 762 4715 lliero'nymus
808 4647 866 4719 in
908 4647 1132 4719 Didymi
1179 4648 1316 4701 libro
1335 4648 1447 4717 jam
1480 4642 1859 4719 luiidatonox
1888 4655 1965 4719 ta-

398 4729 519 4838 inﬁn
555 4716 853 4769 communio
902 4716 1112 4788 Didymi
1176 4716 1349 4788 scopo
1373 4718 1829 4773 accommodatior
1882 4717 1968 4770 hic

398 4797 444 4838 vi
483 4797 628 4838 etur.

396 4797 628 4838 νιιιοιιιτ.

465 4855 579 4928 (μ)
613 4854 782 4928 linus.
824 4856 1117 4928 Ephes._rv,
1153 4857 1187 4912 5
1218 4866 1273 4912 et
1300 4857 1352 4913 ϐ.

468 4924 689 4998 (42)]11
721 4926 981 4998 omnibus.
1014 4926 1201 4998 Graeca
1248 4929 1335 4983 ed.
1388 4927 1536 4981 addit
1575 4928 1729 4998 ὑμῖν,
1777 4926 1828 4980 id
1858 4935 1963 4990 est,

402 4996 559 5050 vobis.
602 4994 855 5064 vulgatus
885 4996 981 5050 int.
1023 4996 1193 5051 nobis.

469 5062 811 5135 (45)llujus.
838 5066 1033 5133 Ephes.
1065 5082 1143 5130 ιιι,
1174 5066 1356 5122 ll-l'l.
1400 5065 1511 5120 Hoc
1556 5064 1849 5135 Scriptura:
1890 5075 1968 5119 te-

402 5133 728 5207 stiinonium,
766 5151 830 5207 ac
851 5137 966 5207 duo
996 5150 1115 5205 qua}
1138 5139 1379 5207 proxime
1427 5133 1769 5207 antecedunt,
1808 5135 1969 5207 simili

406 5206 559 5277 modo
596 5203 1233 5277 Macedonianis'objicit
1292 5207 1548 5276 Didymus
1588 5206 1638 5259 in
1702 5206 1836 5259 libro
1893 5203 1973 5258 De

407 5270 604 5341 Spiritu
633 5286 835 5328 sancto.

474 5344 585 5467 (Ἣ
622 5345 699 5398 Ad
754 5345 919 5425 Deam
973 5355 1021 5400 et
1082 5345 1314 5427 Patrem:
1368 5343 1559 5426 Graeca
1590 5344 1795 5399 editio:
1828 5341 1973 5422 ῌρὸς

474 5429 490 5465 ι
585 5416 755 5467 arena.
794 5432 889 5467 του
936 5414 1142 5467 Kuolou
1193 5418 1350 5467 iiqu
1387 5415 1561 5467 Ἰησου
1616 5417 1874 5467 Χοιστου.
1911 5414 1973 5466 Et

405 5411 755 5488 sbv_ﬂattépa
794 5413 889 5488 τοῦ
923 5414 1142 5488 _K_uplou
1193 5414 1366 5488 ήμῶν-
1387 5415 1561 5487 Ἰησοῦ
1616 5411 1975 5488 Χριστοῦζιῐι

409 5484 559 5548 paulo
600 5483 715 5556 post
752 5501 767 5539 :
801 5486 890 5556 ἕνα
916 5483 1068 5556 διξιηό
1097 5483 1404 5556 quomodo
1437 5483 1681 5539 dictavit'
1717 5484 1976 5555 Didymus

408 5565 569 5624 segni.
599 5555 668 5624 27
706 5572 760 5609 a.
800 5555 928 5609 Vide
955 5553 1214 5624 tit—segni.
1242 5553 1311 5609 88
1342 5571 1394 5607 a.

475 5622 582 5693 (45)
619 5623 685 5677 In
716 5626 1015 5679 interiorem
1050 5622 1330 5679 hominem.
1397 5624 1472 5677 lia
1504 5622 1655 5691 Vulg.
1685 5622 1973 5691 interpres.

414 5684 760 5763 Ilieroiiyiiiiis
795 5711 924 5749 vero
962 5697 1014 5749 in
1064 5694 1275 5763 Didyini
1325 5694 1459 5747 libro
1498 5693 1575 5747 De
1606 5684 1978 5760 Spiritu-san-

411 5770 507 5825 cto,
540 5778 688 5817 nunt.
718 5764 809 5826 24,
852 5765 1029 5828 vertit,
1060 5764 1115 5818 in
1143 5764 1384 5818 interiori
1413 5764 1641 5827 homine,
1671 5773 1834 5832 atque
1864 5765 1977 5816 haec

413 5832 565 5895 Verba
597 5834 772 5905 jungit
807 5850 913 5889 non
949 5850 1069 5890 cum
1113 5833 1179 5889 iis
1204 5847 1324 5904 qua:
1358 5834 1702 5898 antecedunt,
1731 5834 1824 5889 sed
1852 5847 1974 5888 cuin

2071 4654 2185 4713 tam,
2210 4643 2307 4713 17,
2324 4660 2444 4713 pag.
2476 4645 2528 4699 5.

2141 4712 2251 4782 (47)
2281 4712 2337 4767 Si
2371 4715 2531 4767 enim.
2565 4715 2725 4767 lleltr.
2764 4731 2821 4779 ιι,
2849 4713 2885 4767 2
2917 4713 2971 4767 4.

2141 4784 2253 4852 (48)
2285 4783 2513 4852 Domini.
2549 4784 2720 4836 Simili
2767 4786 2923 4836 modo
2976 4782 3128 4836 Pauli
3170 4783 3329 4837 verba
3363 4782 3557 4850 accipit
3592 4785 3644 4838 in

2072 4851 2215 4908 libro
2238 4853 2315 4906 De
2343 4851 2545 4922 Spiritu
2580 4865 2782 4922 sancto,
2809 4870 2956 4907 num.
2988 4854 3074 4915 15,
3100 4854 3186 4905 uhi
3217 4854 3328 4905 haec
3352 4852 3640 4922 leguntur:

2076 4922 2275 4994 (Unde
2301 4934 2353 4975 et
2380 4920 2670 4994 Aposwlus
2698 4921 2893 4992 [codex
2930 4934 3112 4994 noster
3139 4922 3316 4994 habet,
3347 4920 3642 4994 Paulus]...

2072 4993 2234 5046 alium
2266 5009 2386 5045 eum
2419 5006 2537 5046 esse
2565 4993 2632 5046 ab
2658 4995 2908 5045 omnibus
2943 4992 3146 5059 angelis
3171 4993 3525 5052 demonstrat,
3562 4992 3646 5045 ili—

2073 5076 2236 5116 ceiis:
2265 5060 2362 5116 Cui
2406 5063 2542 5115 enim
2588 5064 2893 5130 angelorum
2932 5063 3065 5114 dixit
3100 5061 3385 5128 aliquando
3408 5076 3426 5112 :
3449 5060 3582 5130 sede
3611 5079 3644 5114 ιι

2073 5133 2270 5185 dextris
2320 5132 2491 5185 meis..
2524 5167 2563 5184 ..
2587 5129 2797 5199 Et’post
2829 5132 2928 5185 alia
2956 5148 2969 5184 :
3004 5130 3275 5195 Quomodo
3307 5147 3398 5183 nos
3430 5129 3648 5197 effugie-

2074 5218 2211 5268 mus,
2246 5212 2444 5254 tantam
2489 5201 2800 5269 negligentes
2853 5201 3115 5258 salutem?
3161 5214 3276 5268 qua:
3332 5201 3647 5270 principium

2074 5273 2330 5339 accipiens
2363 5270 2440 5340 ad
2461 5270 2774 5340 loquendum
2803 5287 2893 5339 per
2921 5270 3325 5325 Dominum.....
3359 5269 3474 5323 Hoc
3502 5271 3649 5324 eiiint

2074 5343 2216 5410 quod
2241 5342 2336 5405 ait,
2361 5339 2444 5393 cui
2477 5339 2801 5410 angelorum,
2830 5357 2983 5410 mque
3013 5342 3300 5410 accipitur,
3336 5356 3400 5394 ac
3425 5340 3470 5393 si
3501 5342 3648 5393 dice-

2077 5421 2152 5464 ret
2176 5409 2318 5483 [cotL
2345 5409 2569 5483 noster.‘
2600 5410 2850 5483 dixerit]:
2881 5409 3028 5483 Nulli
3056 5426 3073 5463 :
3107 5409 3201 5483 per
3229 5411 3650 5483 angelieitnino-

2078 5480 2197 5535 meti
2242 5482 2552 5547 signiﬁcans
2607 5480 2846 5533 omnium
2892 5482 3244 5534 substantiam
3302 5480 3651 5534 invisibiliuin

2077 5562 2467 5623 creaturarum.
2508 5550 2714 5623 Neque_
2734 5552 2876 5604 enim
2927 5551 3018 5623 ulli
3070 5549 3437 5623 [sitiet-datum
3468 5558 3649 5605 estex

2078 5631 2268 5693 nostri)
2293 5621 2483 5693 (πού-οε
2503 5617 2622 5674 sic}
2658 5617 2843 5693 Neque
2873 5621 3010 5693 enim
3056 5617 3212 5693 nulli]
3246 5621 3462 5690 quidem
3490 5634 3651 5693 ange-

2079 5690 2274 5752 lorum,
2320 5701 2375 5742 et
2419 5691 2535 5743 alite
2585 5690 2794 5742 cuidam
2847 5692 3147 5747 rationabili
3194 5690 3463 5747 creaturis
3514 5690 3651 5743 dixit

2082 5760 2219 5814 Deus
2257 5777 2270 5812 :
2302 5758 2435 5813 Sede
2463 5776 2493 5811 a
2528 5760 2723 5812 dextris
2750 5762 2897 5814 meis.
2923 5761 2976 5815 In
2997 5776 3282 5817 commune
3311 5763 3490 5831 itaque
3520 5757 3650 5814 Ser-

2082 5845 2168 5885 nio
2192 5830 2520 5899 pronuntiat,
2553 5845 2657 5885 non
2691 5845 2806 5886 esse
2828 5831 3027 5887 dictum
3059 5834 3311 5905 cuiquam
3336 5830 3599 5888 creaturae
3627 5844 3645 5884 :
