4100 6460
390 534 507 593 369

1485 542 1574 599 DE
1611 542 1987 599 ΤῖὶΙΝίΤΑΤΕι
2028 542 2219 598 LIBER
2266 543 2544 602 PRIMUS.

3538 550 3647 608 373

394 653 516 723 Υξῷ
537 652 649 724 ἅμα
683 655 777 708 καὶ
810 655 1155 721 αὐτεξούσιον
1199 660 1497 729 παριστῶν.
1535 661 1717 713 Ἔστιν
1750 660 1964 714 ἀκοῦσαι

2084 678 2201 717 ncm
2243 662 2573 733 inquientem
2606 679 2618 714 :
2651 659 2715 714 Ut
2742 677 2914 715 omnes
2953 662 3062 734 (uti)
3122 663 3365 719 honorent
3400 664 3596 722 Filium
3626 709 3645 738 ,

391 744 495 797 ra".
523 744 612 796 τοῦ
641 744 776 799 Θεοῦ
809 747 906 799 καὶ
938 747 1150 818 Πατρδς
1189 748 1316 819 παρ’
1363 749 1559 821 Ἡσαΐᾳ
1620 753 1719 821 μὲν
1759 751 1974 822 εἰρηκό-

387 850 520 898 τος·
548 837 656 890 Καὶ
696 838 811 905 τὴν
841 836 1030 902 δόξαν
1070 856 1191 907 μου
1225 839 1400 910 ἑτέρῳ
1441 842 1744 896 οῠ’δώσω·
1795 843 1973 895 Ἰωάν-

387 945 485 981 νου
535 928 592 981 δὲ
646 930 942 998 φήσαντος*
975 929 1099 982 Ἵνα
1144 931 1365 997 πάντες
1404 931 1613 1001 τιμῶσι
1666 934 1771 987 τὸν
1818 934 1972 995 Υὶὸν,

386 1020 589 1085 καθὼς
618 1019 827 1090 τιμῶσι
870 1020 976 1073 τὸν
1023 1020 1252 1089 Πατέρα
1285 1024 1405 1094 (ἤδη
1450 1024 1557 1095 γὰρ
1603 1025 1717 1095 ᾔδει
1765 1025 1970 1094 σαφῶς,

380 1111 471 1165 ὅτι
505 1113 604 1181 οὐχ
640 1114 961 1185 ὲτεροουσίῳ
988 1114 1065 1185 τῷ
1092 1117 1383 1184 Μονογενεῖ
1409 1117 1501 1169 καὶ
1525 1117 1602 1187 τῷ
1637 1118 1774 1188 ἁγίῳ
1801 1118 1972 1171 Πνεῦ-

386 1219 526 1272 ματι
562 1205 597 1274 ἡ
633 1204 759 1268 δόξα
800 1205 1238 1276 ἀναπέμπεται)·
1281 1206 1442 1260 πάλιν
1488 1206 1581 1260 τοῦ
1613 1208 1842 1279 Μάρκου
1888 1209 1976 1262 λέ-

380 1310 584 1360 γοντος
616 1295 723 1348 ἀπὸ
762 1295 855 1348 τοῦ
898 1296 1163 1367 Χριστοῦ·
1200 1299 1297 1363 Ὃς
1330 1296 1437 1365 γὰρ
1478 1297 1554 1351 ἂν
1597 1299 1976 1370 ἐπαισχυνθῇ

377 1402 460 1453 με
515 1385 618 1439 καὶ
651 1386 791 1452 τοὺς
821 1387 1003 1455 ἐμοὺς
1019 1390 1259 1458 λόγους,
1283 1389 1353 1442 ἐν
1380 1387 1457 1457 τῇ
1487 1388 1662 1459 γενεᾷ
1689 1393 1872 1461 ταύτῃ
1901 1391 1976 1461 τῇ

378 1476 696 1545 μοιχαλίδι
736 1478 831 1530 καὶ
867 1478 1222 1547 ἁμαρτωλῷ,
1255 1479 1349 1536 καὶ
1391 1483 1423 1533 ό
1456 1480 1585 1546 Υἱὸς
1619 1480 1722 1535 τοῦ
1749 1483 1972 1551 ἀνθρὼ-

382 1580 507 1621 xcv
561 1567 1112 1637 ἐπαισχυνθήσεται
1160 1570 1363 1634 αὐτὸν,
1408 1570 1553 1625 ὅταν
1596 1572 1747 1641 ἔλθῃ
1784 1574 1853 1626 ἐν
1899 1573 1972 1642 τῇ

381 1658 539 1726 δόξῃ
581 1658 688 1713 τοῦ
722 1660 949 1727 Πατρὸς
989 1661 1175 1716 αὑτοῦ
1217 1660 1366 1731 μετὰ
1413 1662 1531 1715 τῶν
1561 1662 1830 1733 ἀγῇὲλων
1857 1663 1975 1717 τῶν

378 1734 594 1819 (igitur.
620 1752 676 1803 Ὀ
707 1752 998 1815 Ματθαῖος,
1034 1752 1092 1805 τὸ
1122 1753 1250 1806 αὐτὸ
1284 1753 1574 1823 κεφάλαιον
1602 1754 1968 1824 ἐκτιθέμενος,

380 1842 485 1895 οὐκ
519 1838 696 1905 εἶπεν,
735 1844 822 1896 Ἦν
849 1847 911 1914 τῇ
944 1843 1039 1915 [‘26
1070 1842 1121 1915 b]
1147 1844 1271 1917 δόξῃ
1300 1844 1391 1897 τοῦ
1421 1845 1653 1916 Πατρὸς,
1681 1845 1819 1913 ἀλλ’,
1870 1847 1973 1899 Ἐν

385 1934 461 2002 τῇ
493 1935 605 1989 τοῦ
633 1936 786 2000 Υἱοῦ,
817 1937 958 1990 οὕτω
993 1936 1236 2008 γράψας*
1278 1938 1455 1990 Ὅταν
1498 1937 1565 1990 δὲ
1597 1939 1745 2006 ἔλθῃ
1783 1942 1814 1991 ὀ
1843 1939 1971 2004 Υἱὸς

2078 756 2211 806 sicut
2252 755 2509 805 honorant
2556 751 2766 805 Patrem
2822 753 2960 822 (jam
3012 754 3152 807 enim
3184 756 3348 823 pro‘oe
3386 768 3645 825 noverat,

2086 845 2334 915 gloriam,
2370 861 2488 913 qua:
2528 845 2767 897 redditur
2799 844 3107 914 Unigcnito,
3154 853 3208 900 et
3243 847 3462 916 Spiritui
3511 864 3644 904 san-

2079 948 2182 999 cto,
2213 952 2317 990 non
2346 936 2491 989 reddi
2522 936 2836 1000 lieterousio,
2896 936 2993 990 hoc
3021 947 3125 1000 est,
3159 938 3228 1001 ei,
3274 940 3360 1008 qui
3411 940 3480 993 sit
3506 940 3645 995 alte-

2083 1028 2189 1078 rius
2235 1025 2502 1088 cssentim)
2552 1045 2562 1079 :
2605 1027 2825 1095 insuper
2861 1025 3096 1080 Marcum
3122 1028 3387 1082 dicentem
3425 1045 3491 1083 ex
3525 1045 3647 1099 pcr-

2078 1132 2210 1171 sona
2250 1117 2446 1172 Christi
2480 1136 2491 1169 :
2522 1117 2626 1182 Qui
2667 1118 2802 1171 enim
2848 1116 2959 1186 (6'7)
2996 1134 3075 1170 me
3120 1120 3381 1173 erubuerit
3417 1130 3465 1173 et
3495 1121 3644 1175 verba

2077 1228 2212 1276 mea,
2255 1210 2306 1262 in
2338 1210 2670 1279 generatione
2699 1209 2796 1261 ista
2831 1209 3072 1262 adultera
3118 1218 3166 1261 et
3222 1211 3507 1277 peccatrice
3537 1249 3552 1275 ,
3599 1222 3646 1264 et

2078 1299 2252 1353 Filius
2292 1301 2521 1353 hominis
2553 1297 2812 1352 erubescet
2838 1314 2976 1366 eam,
3011 1314 3124 1350 cum
3156 1299 3348 1351 venerit
3391 1300 3444 1351 in
3474 1300 3646 1368 gloria

2082 1388 2257 1441 Patris
2292 1389 2374 1441 sui
2405 1404 2523 1441 cum
2555 1388 2751 1455 angelis
2784 1387 3002 1440 sanctis.
3062 1384 3176 1440 Hoc
3237 1388 3407 1455 ipsum
3441 1387 3645 1456 capitu-

2079 1482 2184 1532 lum
2221 1494 2497 1547 exponens
2530 1478 2814 1532 Matthasus
2838 1493 2942 1530 non
2979 1478 3133 1541 dixit,
3165 1478 3215 1530 in
3247 1478 3415 1547 gloria
3446 1477 3641 1539 Patris.

2078 1571 2191 1635 sed,
2229 1574 2280 1622 in
2315 1571 2482 1640 gloria
2530 1566 2683 1633 Filii,
2745 1585 2863 1623 cum
2915 1570 2985 1622 ita
3029 1570 3300 1636 scripserit
3337 1568 3513 1623 :Cum
3548 1588 3644 1621 au-

2077 1674 2174 1715 tem
2214 1660 2326 1733 (68)
2354 1662 2547 1714 venerit
2606 1654 2779 1712 Filius
2828 1660 3052 1712 hominis
3095 1661 3146 1711 in
3202 1660 3372 1728 gloria
3433 1677 3551 1726 sua,
3596 1673 3644 1713 et

2075 1772 2249 1808 omnes
2305 1756 2473 1807 sancti
2530 1753 2703 1821 angeli
2759 1768 2875 1804 cum
2934 1768 3016 1816 eo,
3077 1751 3284 1820 quando
3331 1750 3523 1804 sedebit
3590 1753 3646 1803 in

2076 1849 2261 1898 throno
2321 1843 2502 1915 glorite
2556 1860 2685 1898 sum.
2730 1843 2794 1896 Et
2839 1842 2977 1910 apud
3019 1840 3278 1895 Joannem
3330 1842 3441 1895 ait:
3472 1840 3646 1895 Glori-

2076 1938 2175 2006 ﬁca
2212 1936 2323 2005 (69)
2352 1951 2433 1988 me
2460 1935 2626 2002 gloria
2652 1950 2805 2002 quam
2848 1933 3009 1984 habui
3049 1931 3188 2001 apud
3238 1942 3306 1995 te,
3367 1941 3644 2001 antequam

383 2022 492 2075 τοῦ
525 2022 840 2091 ἀνθρώπου
875 2025 945 2077 ἐν
972 2023 1044 2093 τῇ
1082 2026 1229 2093 δόξῃ
1281 2027 1488 2087 αὐτοῦ,
1526 2028 1624 2079 καὶ
1671 2026 1893 2094 πάντες
1919 2031 1964 2081 ol

2082 2028 2308 2080 mundus
2370 2038 2520 2080 esset.

378 2112 540 2182 ἅγιοι
576 2115 813 2185 ἄγγελοι
830 2119 957 2187 μετ’
983 2116 1168 2172 αὑτοῦ
1189 2135 1203 2149 ο
1234 2115 1331 2169 ὅτε
1364 2117 1585 2187 καθίσῃ
1624 2118 1723 2170 ἐπὶ
1755 2120 1969 2186 θρόνου
2005 2119 2187 2187 δόξης
2218 2119 2421 2172 αὐτοῦ.
2444 2118 2552 2172 Καὶ
2576 2117 2705 2188 παρ’
2747 2116 2965 2186 Ἰωάννῃ
3032 2115 3088 2168 δέ
3150 2131 3341 2185 φησιν’
3373 2115 3646 2180 Δόξασόν

379 2222 459 2272 με
500 2204 579 2273 τῇ
600 2206 769 2276 δόξῃ,
796 2203 835 2279 ᾗ
879 2205 1045 2278 εἶχον
1077 2212 1236 2280 παρὰ
1272 2213 1394 2278 σοὶ,
1436 2213 1546 2281 πρὸ
1589 2213 1695 2267 τοῦ
1735 2215 1841 2269 τὸν
1872 2219 2103 2284 κόσμον
2133 2214 2304 2270 εἶναι.
3456 2212 3471 2221 ’

1042 2300 1200 2356 ΚΕΦ.
1236 2303 1321 2357 K'.

320 2380 331 2386 ’
382 2388 526 2455 Περὶ
566 2386 807 2463 {afuerit
836 2390 899 2441 τὸ
930 2391 1255 2463 ὀιεοούσιον
1279 2392 1378 2444 καὶ
1414 2390 1798 2463 ὶσοδύναμον,
1824 2412 1964 2448 κατο-

451 2456 669 2529 οικεῖνη
687 2459 756 2511 ἑν
802 2458 1040 2529 πιστοῖς
1068 2464 1174 2513 τόν
1200 2477 1263 2513 τε
1291 2460 1542 2529 Πατέρα,
1571 2456 1682 2516 τόν
1707 2456 1963 2529 terior,

452 2531 524 2603 τό
545 2526 802 2603 ratirth
833 2526 1091 2597 Πνεῦμα.
1110 2530 1220 2582 Καὶ
1248 2531 1398 2598 πρὸς
1421 2526 1537 2599 τὴν
1566 2531 1685 2587 τῶν
1705 2526 1968 2603 ὲτεροδόὲ

449 2597 583 2661 ξων
600 2598 927 2651 ἀντίθεσιν.

453 2689 774 2758 Εὑρήσομεν
809 2688 889 2741 ἔτι
937 2688 997 2741 τὸ
1036 2691 1319 2760 ὁμοούσιον
1363 2692 1463 2762 τῆς
1498 2694 1745 2765 Τριάδος,
1776 2698 1868 2751 καὶ
1891 2698 1966 2762 ὡς

382 2775 823 2846 ἀπαραλλάκτως
856 2778 1032 2831 πάντα
1067 2780 1213 2831 ἐστὶν
1262 2781 1398 2852 αὐτῇ
1442 2782 1660 2850 δυνατὰ,
1701 2786 1749 2837 εἰ
1790 2784 1965 2849 ξυνεί-

380 2867 588 2937 δωμεν,
631 2869 712 2921 ὅτι
751 2869 888 2940 αὑτὴ
938 2870 1096 2942 μόνη,
1131 2871 1270 2941 ὑπὲρ
1312 2872 1374 2924 τὸ
1412 2872 1574 2928 sum
1611 2877 1704 2929 καὶ
1736 2878 1965 2947 ἀόρατον

379 2954 542 3023 οὖσα,
576 2962 696 3014 κατ’
727 2961 913 3014 οὐσίαν
955 2963 1281 3035 μετέχεσθαι
1317 2964 1555 3031 δύναται,
1597 2970 1689 3021 καὶ
1725 2970 1965 3042 πληροῦν

380 3049 437 3103 ὃν
459 3052 649 3105 ἔκτισε
672 3053 798 3105 ναόν
817 3070 829 3082 ·
861 3053 956 3107 καὶ
982 3055 1120 3126 αὐτῇ
1145 3056 1205 3109 οὐ
1238 3056 1299 3110 τὸ
1330 3060 1562 3130 πρᾶγμα
1592 3060 1751 3115 τοῦτο
1782 3064 1963 3133 μόνον,

381 3143 519 3196 ἀλλὰ
546 3146 697 3215 καὶὴ
731 3144 873 3209 λέξις
929 3147 1178 3218 ἁρμόζει.
1211 3149 1444 3204 Ἔπεται
1471 3152 1579 3222 γὰρ
1611 3153 1688 3225 τῷ
1722 3155 1967 3227 μεθεκτῷ

380 3233 441 3285 τὸ
467 3234 771 3303 ἄτρεπτονο
814 3236 908 3289 καὶ
938 3235 1114 3307 τούτῳ
1172 3238 1233 3291 τὸ
1278 3238 1551 3305 ἄκτιστον,
1600 3242 1628 3294 ὃ
1678 3244 1825 3297 ἐστιν
1875 3244 1968 3297 καὶ

382 3324 640 3395 ἄναρχον.
670 3325 835 3379 Οὐδὲν
866 3325 923 3378 δὲ
953 3327 1196 3395 κτιστὸν,
1257 3329 1379 3382 ὅσον
1421 3331 1529 3383 ἀπὸ
1569 3331 1799 3404 Γραφῶν
1842 3350 1968 3386 συν-

381 3414 470 3483 ηθε
482 3415 593 3480 ίας,
628 3416 918 3486 μετουσίας
940 3418 1127 3493 τρόπῳ,
1153 3417 1472 3488 μετέχεσθαι
1493 3418 1734 3485 δύναται,
1763 3421 1796 3492 ἢ
1827 3422 1963 3493 πλη-

382 3505 513 3575 ροῦν
565 3506 837 3570 οὐσιωδῶς
891 3508 983 3561 τὸν
1038 3490 1348 3579 ἄνθρωπον·
1397 3508 1532 3563 ἀλλὰ
1566 3510 1712 3580 μόνῳ
1749 3490 1826 3581 τῷ
1864 3490 1966 3582 τῆς

383 3594 574 3661 ἕξεως,
599 3596 698 3666 τῆς
718 3596 948 3668 ἀγαθῆς,
977 3598 1009 3669 ἢ
1044 3599 1141 3669 τῆς
1173 3598 1403 3667 φαύλης.
1424 3601 1817 3672 Μεταφορικῶς
1851 3602 1959 3676 γὰρ

382 3686 618 3757 λέγομέν
647 3704 799 3752 τινας
855 3690 1057 3760 ἀρετῆς
1085 3690 1177 3743 καὶ
1200 3692 1516 3766 ἐπιστήμης
1548 3692 1956 3765 πεπληρῶσθαι,

383 3780 476 3831 καὶ
503 3777 931 3850 τεθεωρημένως
960 3781 1252 3852 προφέρειν
1276 3781 1529 3834 δύνασθαι
1554 3783 1623 3836 τὰ
1642 3783 1842 3854 ἀρετῆς
1867 3786 1959 3838 καὶ

383 3872 695 3943 ἐπιστήμης
740 3872 1015 3945 ἐπίχειρα,
1039 3873 1115 3938 ὡς
1161 3877 1209 3927 oi
1254 3876 1569 3946 ἀκραιφνῶς
1614 3876 1713 3945 τῆς
1742 3878 1959 3948 χάριτος

382 3963 473 4016 τοῦ
507 3964 669 4032 ἁγίου
692 3964 1008 4035 Πνεῦματος
1036 3965 1444 4036 μεταλαχόντες.
1474 3968 1845 4037 Μαρτυρείται
1866 3964 1958 4022 οὖν

385 4058 662 4109 κατοικεῖν
688 4056 747 4107 ὲν
770 4058 899 4127 ἡμῖν
920 4057 949 4110 ὅ
974 4075 1034 4110 τε
1058 4057 1265 4129 Πατὴρ,
1299 4057 1327 4109 ὃ
1354 4074 1415 4109 τε
1445 4057 1571 4120 Υἱὸς
1595 4057 1770 4110 καὶτὸ
1795 4058 1963 4111 Πνεῦ-

388 4164 482 4216 μα,
514 4147 594 4210 ὡς
618 4148 777 4218 ήνίκα
806 4149 1017 4213 Παῦλος
1052 4148 1358 4220 Κορινθίοις
1394 4147 1453 4201 τὸ
1490 4148 1739 4220 δεύτερον
1760 4150 1958 4221 γράφει

385 4238 447 4291 ἐκ
493 4238 592 4291 τοῦ
638 4237 933 4312 Ἱερεμίου·
985 4241 1184 4310 Ἡμεῖς
1230 4239 1341 4311 γὰρ
1386 4240 1532 4306 ναὸς
1580 4240 1726 4294 Θεοῦ
1774 4240 1962 4310 ἐσμεν

382 4328 624 4397 ζῶντος,
652 4330 845 4397 καθὼς
858 4328 1027 4387 εἶπεν
1041 4335 1073 4385 ὀ
1092 4332 1234 4397 Θεός
1252 4348 1266 4361 ·
1304 4330 1628 4399 Ἐνοικήσω
1646 4333 1716 4383 ἐν
1732 4331 1954 4399 αὐτοῖς,

386 4423 478 4475 καὶ
516 4422 974 4492 ἐμπεριπατήσω
997 4442 1012 4454 ο
1039 4423 1137 4476 καὶ
1170 4424 1383 4491 ἔσομαι
1421 4420 1618 4476 αὐτῶν
1660 4422 1819 4488 Θεὸς,
1857 4424 1953 4477 καὶ

386 4514 557 4568 αὐτοὶ
591 4495 838 4569 ἔσονταῖ
869 4532 987 4585 μου
1014 4516 1190 4580 λαός·
1229 4514 1322 4567 καὶ
1346 4514 1508 4567 πάλιν
1532 4530 1545 4544 ο
1585 4517 1706 4568 Οὐκ
1736 4514 1954 4579 οἴδατε,

385 4602 471 4657 ὅτι
513 4607 659 4671 ναὸς
710 4606 857 4661 Θεοῦ
904 4608 1063 4669 ἐστε,
1120 4605 1219 4659 καὶ
1268 4605 1333 4658 τὸ
1376 4604 1619 4674 Πνεῦμα
1655 4605 1761 4659 τοῦ
1808 4606 1955 4660 Θεοῦ

385 4697 537 4751 οἰκεῖ
560 4697 631 4751 ἐν
661 4697 838 4768 ὐμῖν;
886 4697 985 4755 καὶ
1017 4699 1127 4752 οὐκ
1161 4696 1379 4761 οἴδατε,
1417 4695 1506 4750 ὅτι
1539 4696 1609 4751 τὰ
1634 4695 1722 4768 [27
1757 4696 1813 4769 a]
1843 4696 1960 4751 σώ-

458 4874 571 4945 (66)
604 4876 669 4931 Ut
695 4893 890 4933 omnes.
925 4876 1082 4932 Joan.
1112 4893 1166 4944 γ,
1192 4878 1284 4933 23.

458 4947 574 5016 (U7)
614 4946 719 5011 Qui
763 4950 922 5003 enim.
958 4947 1123 5003 Marc.
1162 4964 1280 5015 vm,
1311 4946 1402 5002 58.
1451 4946 1636 5002 Grmca
1686 4946 1850 5002 editio
1880 4947 1959 5001 sic

391 5018 553 5071 habet
597 5019 815 5089 omnino
837 5057 853 5082 ,
884 5027 943 5071 ιιι
974 5018 1275 5089 οἰιιγιιιιιει.Δ
1302 5018 1381 5089 At
1402 5017 1657 5085 Vulgatus
1692 5017 1957 5089 interpres

391 5088 666 5140 contrario
704 5102 866 5141 sensu
898 5106 913 5141 :
944 5087 1209 5155 confessus
1249 5087 1430 5155 faterit.
1464 5099 1520 5140 et
1556 5105 1569 5139 :
1602 5087 1952 5153 conﬁtebitur.

393 5159 472 5226 An
515 5156 776 5226 suspicari
810 5157 934 5210 licet
974 5158 1224 5210 librarios
1255 5160 1326 5215 ita
1362 5156 1665 5225 scripsisse,
1702 5172 1797 5226 pro
1830 5173 1955 5210 con-

395 5224 540 5295 fusus
570 5225 749 5294 fuerit,
782 5237 856 5290 et,
884 5225 1277 5295 confundetur?

464 5293 578 5362 (68)
617 5295 749 5349 Cum
784 5293 994 5349 autem.
1026 5294 1213 5349 Matth.
1257 5310 1381 5360 xxv,
1438 5294 1527 5350 51.
1565 5293 1752 5349 Graeca
1797 5296 1961 5350 editio

396 5378 489 5429 pro
510 5364 598 5417 ὅτε
620 5367 776 5419 habet
796 5365 939 5427 τότε,
968 5365 1019 5418 id
1048 5375 1152 5425 est.
1178 5374 1322 5417 tunc.

465 5432 892 5556 (ϐιηάβίονιβεα.
938 5433 1107 5507 ,ιοιιιλ
1143 5447 1274 5501 xvn,
1303 5434 1359 5489 5.
1397 5435 1585 5505 Aliqua
1634 5435 1836 5490 omittit
1879 5435 1961 5490 in-

465 5518 565 5556 me
606 5520 675 5556 l8.

401 5505 675 5559 termedia.

466 5571 576 5641 (Ἱο)
607 5572 685 5627 0b
716 5572 1340 5635 consubstantialitatem.
1372 5582 1476 5628 etc.
1522 5572 1636 5627 Hoc
1672 5574 1841 5642 ipsum
1871 5589 1960 5627 ar-

399 5652 705 5762 gumentum
758 5644 871 5697 fuse
914 5644 1253 5712 persequitur
1291 5643 1548 5714 Didymus
1599 5644 1650 5698 in
1700 5644 1836 5728 libro
1885 5644 1960 5730 pe

445 5722 598 5762 mritu
620 5722 820 5762 sancto.
856 5728 1003 5762 num.
1041 5713 1095 5762 ι.
1130 5724 1183 5762 et
1212 5727 1384 5762 seum.
1410 5722 1461 5762 et
1493 5728 1642 5762 num-
1687 5715 1758 5762 25
1780 5724 1837 5762 et
1869 5715 1956 5762 ut)-

444 5712 599 5781 piritu
620 5722 820 5774 sancto,
856 5728 1003 5767 num.
1041 5713 1095 5775 4,
1130 5724 1183 5766 et
1212 5712 1461 5781 seqq.,'et
1493 5728 1642 5770 num.
1687 5714 1758 5769 25
1780 5724 1837 5767 et
1869 5715 1956 5769 60.

400 5779 624 5853 AlicubiA
655 5795 781 5853 vero
825 5782 1014 5836 iisdem
1069 5784 1248 5838 verbis
1290 5779 1536 5838 fluentem
1577 5799 1729 5839 suam
1766 5785 1957 5853 aperit,

404 5847 591 5920 quibus
612 5850 713 5920 hoc
738 5852 788 5904 in
823 5853 1014 5920 capite.

473 5915 581 5990 (7|)
618 5917 766 5989 Ipsa.
814 5915 1087 5978 Librarius
1125 5924 1277 5993 quasi
1318 5923 1570 5992 incertus,
1631 5923 1960 5980 scriboretnc

2702 2308 2856 2363 CAP.
2905 2308 3021 2367 XX.

2068 2398 2145 2453 De
2200 2416 2280 2462 eo,
2359 2402 2497 2467 quod
2546 2401 2599 2453 in
2662 2400 2957 2470 Scripturis-
3010 2405 3070 2456 ob
3118 2403 3641 2458 consubstantialitav-

2137 2480 2237 2523 lem
2277 2470 2495 2542 (70),7e_t
2521 2475 2796 2542 potestatis
2828 2474 3174 2542 a'qualitatem
3231 2474 3466 2542 legimus,
3494 2474 3642 2526 liabi-

2143 2548 2254 2592 tare
2278 2541 2333 2593 in
2362 2539 2602 2610 ﬁdelibus
2624 2551 2669 2593 et
2704 2539 2936 2604 Patrem,
2965 2553 3010 2595 et
3040 2541 3236 2594 Filium
3260 2539 3294 2607 ,’
3307 2551 3354 2595 et
3385 2542 3643 2610 Spiritum

2138 2618 2399 2662 sanctum.
2450 2607 2519 2661 Et
2567 2622 2748 2662 contra
2791 2612 3230 2664 heterodoxorum
3276 2607 3639 2680 objectionem.

2140 2698 2413 2755 Praeterea
2444 2700 2958 2754 consubstantialem
3000 2716 3120 2756 esse
3171 2700 3491 2756 Trinitatem
3528 2741 3543 2765 ,
3577 2717 3643 2755 ac

2068 2791 2244 2845 omnia
2281 2806 2415 2844 cam'
2447 2805 2604 2858 posse
2642 2792 2762 2845 sine
2805 2790 2917 2845 ullo
2946 2792 3089 2845 inter
3140 2806 3402 2860 personas
3444 2792 3641 2847 discri-

2070 2881 2237 2943 mine,
2292 2879 2648 2943 inveniemus,
2693 2879 2739 2934 si
2790 2881 2893 2935 hoc
2936 2881 3457 2944 animadvertamus,
3489 2881 3632 2949 quod

2067 2983 2189 3022 cum
2252 2968 2362 3037 ipsa
2390 2968 2502 3038 (Ἠ)
2533 2969 2646 3023 sola
2707 2984 2868 3039 supra
2915 2970 3296 3024 immaterialia
3358 2981 3412 3025 et
3456 2971 3643 3026 invisi-

2067 3060 2193 3114 bilia
2221 3061 2399 3115 Omnia
2448 3062 2620 3130 posita
2675 3061 2787 3125 sit,
2848 3062 3156 3131 participari
3208 3063 3503 3117 secundum
3552 3077 3642 3117 es-

2069 3152 2297 3204 sentiam
2350 3160 2549 3220 potest,
2606 3162 2662 3206 et
2715 3152 2972 3222 templum
3030 3153 3274 3223 implere,
3348 3153 3457 3224 62
3495 3153 3641 3222 quod

2067 3240 2332 3307 condidit;
2392 3256 2457 3295 ac
2505 3242 2551 3296 si
2599 3243 2952 3308 noverimus,
3013 3258 3119 3298 non
3178 3244 3339 3298 modo
3395 3245 3531 3297 baiic
3581 3243 3633 3298 ei

2069 3345 2181 3384 rem
2207 3332 2515 3399 convenire,
2539 3332 2632 3388 sed
2669 3333 2832 3387 etiam
2869 3333 3046 3402 ipsum
3079 3334 3423 3389 vocabulum.
3483 3334 3638 3401 Quod

2068 3417 2211 3470 enim
2270 3427 2353 3472 est
2411 3418 2860 3474 commu'nicabile
2900 3459 2917 3484 ,
2976 3428 3061 3474 est
3144 3420 3307 3474 etiam
3388 3421 3639 3475 immuta-

2070 3507 2213 3573 bile;
2277 3509 2420 3576 qnod
2499 3522 2627 3564 vero
2682 3519 2766 3564 est
2833 3510 3212 3576 immutabile,
3307 3520 3391 3565 est
3470 3511 3636 3565 etiam

2066 3600 2387 3665 increatum,
2438 3615 2555 3664 seu,
2579 3602 2720 3669 quod
2749 3602 2890 3656 idem
2923 3601 3084 3666 valet,
3125 3611 3209 3656 est
3256 3602 3417 3656 etiam
3479 3612 3636 3656 atter-

2064 3706 2215 3745 num.
2258 3689 2414 3743 Nulla
2448 3705 2575 3744 vero
2599 3700 2778 3745 creata
2828 3707 2933 3756 res,
2986 3700 3246 3760 quantum
3281 3690 3497 3759 quidem
3557 3691 3636 3746 lo-

2065 3782 2263 3851 quendi
2323 3782 2659 3836 consuetudo
2695 3784 2800 3836 fert
2831 3797 2860 3835 a
2891 3781 3186 3851 Scripturis
3221 3791 3430 3837 servata
3467 3821 3493 3846 ,
3542 3797 3639 3850 per

2074 3873 2539 3943 participationem
2576 3874 2966 3928 communicari
2991 3873 3098 3947 dici
3142 3882 3345 3942 potest,
3380 3885 3474 3929 aut
3504 3876 3633 3930 sub-

2071 3964 2399 4019 stantialiter
2432 3964 2704 4019 hominem
2739 3964 2967 4034 implere
3002 3964 3143 4019 valet
3174 3983 3188 4031 ;
3234 3968 3327 4020 sed
3373 3966 3634 4022 duntaxat

2070 4056 2238 4111 instar
2269 4057 2486 4112 habitus
2526 4058 2682 4121 boni,
2713 4065 2805 4111 aut
2844 4056 2971 4111 mali
3008 4074 3022 4110 :
3079 4059 3445 4127 metaphorice
3487 4059 3633 4114 enim

2066 4147 2228 4217 aliqui
2260 4149 2477 4215 virtute,
2517 4160 2569 4204 et
2619 4149 2848 4204 scientia
2891 4149 3079 4216 repleti
3109 4164 3230 4205 esse
3267 4151 3539 4216 dicuntur,
3579 4159 3635 4206 et

2062 4240 2398 4306 speculative
2481 4238 2727 4308 proferre
2786 4256 2945 4309 posse
3002 4241 3213 4297 virtutis
3288 4251 3341 4296 et
3396 4242 3634 4296 scientia

2064 4332 2202 4385 dona
2255 4330 2390 4401 (72),
2423 4342 2481 4385 ut
2515 4331 2549 4385 ii
2610 4329 2849 4401 qni'vere
2893 4348 2956 4388 ac
2991 4334 3203 4389 sincere
3242 4332 3473 4403 Spiritus
3509 4348 3635 4387 san«

2063 4424 2131 4477 cti
2175 4424 2364 4493 gratiae
2399 4424 2688 4493 participes
2724 4424 2851 4479 facti
2880 4436 3028 4482 sunt.
3078 4426 3132 4479 In
3166 4426 3319 4481 nobis
3347 4440 3508 4495 porro
3532 4426 3632 4480 ba-

2067 4515 2236 4569 bitare
2263 4525 2315 4569 et
2349 4513 2591 4579 Patrem,
2617 4526 2670 4570 et
2696 4516 2913 4582 Filium,
2953 4526 3006 4571 et
3046 4517 3312 4587 Spiritum
3371 4523 3633 4571 testantur-

2063 4604 2357 4674 Scriptum
2395 4624 2408 4659 :
2440 4616 2497 4660 ut
2529 4622 2650 4659 cum
2687 4606 2884 4661 Paulus
2936 4608 2988 4662 in
3050 4608 3380 4663 secunda'ad
3431 4606 3627 4661 Corin-

2065 4697 2206 4751 thios
2250 4697 2431 4752 scribit
2492 4710 2556 4751 cx
2598 4695 2875 4752 Jeremia:
2927 4697 3038 4752 Nos
3090 4698 3225 4751 enim
3280 4697 3392 4768 r75)
3447 4712 3628 4750 sumus

1992 4880 2035 4935 D
2064 4877 2236 4955 αὕτη,
2268 4878 2332 4955 id
2357 4885 2461 4943 est,
2489 4875 2633 4955 hac,
2678 4891 2745 4931 an
2784 4877 2943 4948 αὐτή,
2984 4876 3033 4929 id
3078 4887 3180 4941 est,
3214 4877 3359 4955 ipsa,
3410 4877 3628 4947 scripsit

2061 4947 2417 5016 sine'spiritu,
2443 4962 2506 4999 ac
2535 4948 2654 5000 sine
2681 4958 2924 5009 accentu,
2953 4963 3111 5016 αντη.

2132 5015 2245 5087 (ῑῖ)
2276 5015 2443 5070 Dona.
2483 5016 2824 5087 ΑἘπίχειρον
2855 5025 2935 5069 est
2968 5015 3184 5084 proprie
3215 5018 3620 5087 manupretium,

2061 5085 2321 5140 translate
2353 5085 2579 5154 quodvis
2606 5085 2879 5153 prwmium
2900 5127 2915 5146 .
2947 5097 3040 5139 aut
3064 5086 3490 5154 mercestltaque
3520 5086 3622 5140 So-

2058 5156 2312 5225 phocles,
2354 5155 2492 5225 apud
2530 5153 2861 5211 Clementem
2920 5157 2975 5209 in
3013 5164 3209 5223 quarto
3261 5153 3619 5219 Stromatum,

2055 5224 2306 5279 uirtutem
2358 5226 2433 5278 ait
2476 5224 2677 5279 laboris
2710 5226 2880 5292 ipsam
2911 5226 2992 5279 sui
3028 5224 3303 5294 praemium
3338 5238 3491 5294 esse,
3521 5226 3621 5278 οὐκ

2053 5296 2120 5348 ὲκ
2147 5294 2380 5366 θυραίων
2405 5294 2698 5365 τάπίχειρα
2728 5292 3045 5366 λαμϐάνειν,
3076 5295 3126 5348 id
3150 5303 3253 5358 est,
3278 5308 3379 5346 non
3408 5292 3620 5348 aliunde

2053 5365 2268 5434 prwmia
2292 5365 2541 5434 accipere.
2803 5365 2809 5366 ⁷
3116 5432 3128 5434 _
3206 5400 3235 5434 _.

2129 5435 2243 5505 (73)
2284 5431 2409 5487 Nos
2458 5435 2613 5487 enim.
2655 5434 2699 5487 ll
2757 5434 2884 5505 Cor.
2916 5450 3027 5505 _vr,
3069 5432 3156 5486 16.
3187 5431 3374 5505 Graeca
3411 5433 3622 5503 Episto-

2059 5503 2230 5557 larum
2248 5505 2391 5556 Pauli
2423 5505 2589 5559 editio
2619 5505 2779 5572 habet
2806 5524 2819 5557 :
2866 5503 3052 5572 Ὑμεῖς
3087 5541 3101 5554 .
3140 5541 3155 5555 .
3195 5540 3209 5555 .
3242 5503 3365 5555 ἐστε
3393 5540 3410 5557 .
3443 5542 3456 5555 .
3494 5543 3508 5556 .
3538 5504 3619 5557 ὅτι

2060 5573 2324 5643 ὲνοικήσω
2363 5614 2378 5629 .
2424 5610 2437 5623 .
2479 5610 2494 5624 .
2545 5612 2559 5625 .
2609 5571 2821 5625 ἔσονταί
2859 5571 2966 5643 μοι.
3002 5573 3177 5627 Locus
3210 5585 3334 5643 vero
3380 5589 3409 5626 a
3455 5573 3619 5626 Paulo

2060 5644 2145 5697 hic
2170 5641 2431 5713 allegatus
2460 5653 2639 5713 exstat
2667 5658 2771 5713 non
2802 5641 3133 5705 inderemia,
3160 5650 3217 5713 ut
3241 5642 3317 5695 ait
3340 5642 3615 5713 Didymus,

2057 5714 2151 5767 sed
2191 5710 2360 5781 Leuit.
2401 5726 2549 5776 uri,
2583 5710 2669 5764 t2.
2721 5712 2791 5764 At
2825 5727 2947 5765 cum
2990 5711 3276 5781 Apostolus
3314 5710 3469 5779 paulo
3500 5723 3619 5781 post

2059 5781 2246 5836 atl‘erat
2282 5780 2528 5834 Jercmize
2578 5782 2759 5843 verba,
2792 5797 2879 5833 ero
2930 5781 3067 5834 vobis
3110 5782 3165 5833 in
3207 5779 3448 5848 Patrem,
3494 5779 3619 5835 hinc

2062 5853 2288 5905 fortasse
2322 5849 2558 5917 profecta
2608 5853 2773 5903 errati
2814 5853 3050 5904 occasio.
3086 5852 3402 5917 Quanquam
3458 5852 3617 5918 Didy-

2060 5938 2204 5976 tuum
2242 5922 2292 5975 in
2327 5921 2558 5975 citandis
2600 5919 2890 5989 Scriptura:
2923 5922 3054 5976 locis
3083 5922 3337 5975 nicuwria
3379 5934 3629 5975 nonnon-
