4146 6430
638 506 751 568 333

1880 503 2118 561 DIDYMI
2157 502 2627 561 ALEXANDRINI

3779 499 3912 558 385

645 626 719 679 hil
752 638 873 679 cum
906 622 957 676 in
989 621 1275 690 semetipso
1305 621 1529 684 habere,
1558 620 1696 689 quod
1746 621 2069 690 acquisitum
2099 621 2213 675 lue—

2331 635 2499 689 μιενον,
2528 622 2583 672 ὲν
2615 616 2791 687 ἑαυτῷ
2824 613 2992 670 εἶναι’
3020 601 3227 669 οἴκοθεν
3264 613 3307 666 δ’
3346 611 3644 681 ἐπάγεσθαι
3678 613 3911 680 τάγαθὰ

647 718 735 779 rit,
768 724 857 769 aut
892 712 1035 784 quod
1065 713 1203 767 alter
1241 713 1293 767 in
1340 714 1454 781 ipso
1498 722 1754 781 operatus
1782 714 1872 777 sil,
1908 714 2002 767 sed
2036 714 2212 767 omnia

646 822 705 861 se
757 808 892 860 bona
928 806 992 859 de
1034 819 1132 858 suo
1172 804 1389 867 habere,
1437 818 1499 859 ac
1545 818 1728 857 secum
1782 804 2016 867 trahere,
2055 792 2215 857 unam

648 896 883 948 divinam
913 908 1122 963 pacem,
1160 892 1313 960 cujus
1346 907 1453 946 non
1484 903 1566 946 est
1604 892 1727 946 linis
1754 892 1888 963 (5'2),
1913 905 1967 946 et
2009 892 2074 946 de
2110 907 2213 959 qua

607 970 815 1039 ‘I‘aias
858 984 1067 1037 loeutus
1107 993 1224 1049 est,
1272 998 1391 1037 cum
1433 981 1801 1036 exclamavit:
1837 982 2054 1035 Domine
2105 980 2216 1051 (5'5)

2319 712 2494 764 πάντα
2529 710 2827 781 παριστῶν,
2860 708 2956 779 τὴν
2993 707 3117 777 μίαν
3146 705 3332 776 θεῖκὴν
3361 706 3605 776 εἰρήνην,
3635 700 3704 775 ἦς
3745 705 3910 775 ὂριον

2317 802 2415 852 οὐκ
2447 799 2591 852 ἔστιν
2617 816 2630 829 ο
2670 799 2797 867 περὶ
2829 794 2895 869 ἧς
2953 797 3176 859 Ἡσαΐας
3222 794 3598 864 διακέκραγενσ
3645 795 3827 861 Κύριε
3876 798 3913 848 ό

2321 889 2465 954 Θεὸς
2514 888 2717 957 ἡμῶν,
2755 886 3003 954 εἰρήνην
3035 886 3140 951 δές
3180 884 3322 953 ἡμῖν
3349 900 3361 913 ’
3394 882 3590 936 πάντα
3636 882 3747 951 γὰρ
3781 884 3915 937 ἀπ-

2319 975 2544 1042 έδωκας
2573 975 2717 1046 ἡμῖν
2737 993 2749 1006 ·
2787 977 2983 1042 Κίιριε,
3015 973 3190 1038 ἐκτὸς
3214 970 3331 1026 σοῦ
3349 969 3541 1024 ἄλλον
3574 973 3683 1023 οὐκ
3729 969 3913 1024 οἴδα-

652 1077 792 1129 Deus
839 1084 1030 1137 noster,
1054 1090 1230 1142 pacem
1265 1074 1333 1126 (la
1375 1074 1519 1127 nobis
1533 1090 1554 1137 ;
1577 1075 1749 1128 omnia
1778 1075 1912 1127 enim
1948 1072 2217 1125 reddidisti

2331 1083 2430 1120 uer
2450 1084 2465 1097 ο
2514 1065 2591 1129 ὼς
2623 1064 2791 1119 αὑτοῦ
2821 1064 3216 1134 τυγχάνουσαν,
3254 1060 3341 1114 διὰ
3392 1059 3453 1112 τὸ
3486 1060 3757 1113 ἐπίκοινον
3793 1060 3913 1129 τῆς

653 1167 798 1219 nobis
825 1180 844 1218 :
876 1164 1112 1226 Domine,
1156 1171 1307 1216 extra
1344 1173 1391 1217 te
1418 1164 1580 1217 alium
1619 1180 1719 1217 non
1757 1164 1991 1218 novimus
2015 1180 2033 1218 :
2057 1165 2216 1228 hanc,

654 1257 891 1324 inquam,
941 1271 1149 1324 pacem,
1210 1265 1394 1324 utpote
1451 1270 1572 1324 quae
1624 1256 1766 1310 illius
1800 1265 1906 1320 est,
1955 1270 2021 1310 eo
2068 1256 2214 1324 quod

653 1360 992 1400 rommuuem
1040 1361 1162 1401 cum
1212 1345 1370 1399 Patre
1421 1355 1668 1398 naturam
1724 1346 1937 1411 habeat,
1970 1355 2024 1398 et
2068 1360 2221 1415 teque

657 1439 913 1491 ltotninus
960 1438 1049 1502 sit,
1081 1453 1145 1492 ac
1191 1437 1299 1502 ille,
1334 1437 1546 1505 propria
1602 1437 1927 1490 auctoritate
1972 1437 2217 1506 largitur.

653 1529 741 1580 Ait
769 1527 910 1580 enim
938 1543 950 1578 :
980 1524 1173 1578 Pacem
1207 1525 1321 1595 (54)
1351 1525 1581 1594 relinquo
1616 1525 1776 1588 vobis,
1821 1540 2000 1593 pacem
2055 1540 2221 1578 nteant

654 1620 721 1667 da
767 1617 927 1669 vobis.
971 1615 1176 1670 idcirco
1214 1614 1413 1669 Paulus
1462 1629 1676 1682 quoque
1720 1617 1912 1668 eodem
1954 1615 2110 1668 modo
2144 1615 2222 1667 tli-

654 1708 833 1759 \iuum
868 1707 979 1776 (55)
1010 1709 1111 1761 hoc
1142 1707 1337 1761 donum
1371 1707 1559 1759 ambas
1593 1707 1861 1761 iucreatas
1908 1708 2225 1777 hypostases

547 1816 555 1826 ·
653 1800 771 1850 sine
806 1798 915 1851 ullo
957 1798 1272 1851 discrimine
1312 1798 1730 1851 subministrare
1767 1798 1864 1859 ait,
1898 1780 2018 1849 cum
2049 1797 2133 1851 sic
2158 1798 2220 1849 ad

656 1888 926 1942 llumauos
980 1887 1175 1940 alicubi
1214 1886 1403 1940 scribit
1430 1904 1443 1939 :
1474 1886 1659 1940 Gratia
1696 1887 1804 1957 (.36)
1837 1887 1998 1953 vobis,
2033 1897 2079 1939 et
2118 1903 2225 1954 pax

652 1998 685 2032 α
715 1979 819 2032 Deo
862 1978 1020 2032 Patre
1062 1988 1259 2040 nostro,
1303 1989 1349 2029 et
1399 1977 1618 2030 Domino
1672 1976 1803 2031 Jesu
1849 1976 2075 2033 Christo.
2114 1978 2227 2033 Hoc

656 2085 838 2124 autem
874 2071 1047 2134 ipsum
1085 2070 1154 2122 ita
1193 2083 1250 2122 se
1293 2069 1516 2133 habere,
1562 2068 1877 2134 dignoscere
1917 2069 2070 2124 nobis
2103 2068 2225 2124 licet

656 2162 819 2214 etiam
854 2175 917 2215 ex
961 2160 1064 2214 illis
1094 2160 1274 2212 verbis
1304 2177 1316 2211 :
1347 2158 1540 2213 Omnia
1570 2157 1682 2227 (57)
1716 2175 2036 2228 quacunque
2070 2158 2224 2212 liabet

656 2249 842 2315 Pater,
876 2267 991 2304 mea
1029 2259 1172 2303 sunt.
1209 2247 1335 2303 Haec
1387 2249 1529 2303 enim
1570 2264 1679 2304 non
1715 2250 1779 2303 de
1816 2259 2084 2314 creatura,
2125 2250 2229 2304 hoc

657 2351 738 2396 est
781 2342 847 2395 de
893 2341 1108 2396 Christo
1139 2350 1193 2425 ut
1234 2341 1472 2404 homine,
1501 2340 1692 2394 inscite
1735 2340 2048 2408 accipienda
2079 2350 2226 2406 sunt,

659 2435 751 2487 sed
785 2433 1050 2497 dcldiviua
1077 2432 1358 2502 dignitate,
1389 2432 1432 2485 si
1478 2441 1655 2485 tamen
1693 2431 2009 2501 dignitatem
2041 2432 2092 2485 in
2120 2432 2229 2487 Deo

660 2526 842 2579 dicere
893 2524 972 2577 las
1010 2535 1112 2578 εει.
1156 2523 1297 2577 Deus
1335 2522 1479 2577 enim
1508 2522 1727 2593 (inquit)
1757 2531 1839 2577 est
1876 2523 2075 2577 Pater?
2100 2523 2227 2578 Sum

659 2627 710 2669 et
751 2630 882 2685 ego;
913 2630 1031 2669 cum
1066 2614 1235 2669 Filius
1261 2614 1375 2682 ejus
1403 2614 1709 2682 unigenitus
1731 2614 1855 2676 sim,
1879 2625 1932 2669 et
1957 2629 2134 2678 verus,
2174 2624 2229 2668 et

658 2706 901 2760 dilectus.
942 2706 1199 2761 Dominus
1242 2716 1325 2760 est
1352 2704 1545 2759 Pater?
1571 2705 1700 2759 Sum
1751 2713 1806 2758 et
1848 2719 1947 2772 ego
1988 2705 2227 2757 ouminm

660 2796 938 2862 Dominus,
960 2804 1015 2850 et
1045 2796 1236 2858 haeres,
1266 2796 1355 2864 qui
1396 2795 1611 2849 vivente
1643 2794 1802 2847 Patre
1832 2793 1882 2846 in
1914 2793 2231 2846 haereditate

659 2882 956 2936 dominium
985 2896 1214 2936 exerceo
1239 2897 1253 2933 :
1278 2896 1341 2935 ac
1369 2896 1555 2935 eorum
1623 2895 1742 2949 qua:
1773 2894 1891 2933 mea
1927 2880 2093 2949 ipsius
2118 2878 2229 2951 (58)

662 2980 787 3023 sunt
847 2969 1019 3022 haeres
1047 2971 1283 3035 exsisto;
1322 2978 1434 3023 tum
1488 2975 1753 3037 quatenus
1794 2967 2032 3036 ipsorum
2070 2968 2234 3022 Crea-

665 3070 769 3122 tor,
804 3069 915 3112 tum
967 3073 1094 3113 vero
1138 3059 1300 3112 etiam
1333 3068 1391 3113 ut
1418 3072 1709 3128 germanus
1740 3057 1947 3113 Filius:
1984 3061 2235 3112 constitu-

666 3161 749 3202 tus
777 3160 955 3203 autem
990 3132 1107 3202 sum
1147 3149 1310 3204 (neres
1341 3149 1482 3221 (59),
1542 3158 1599 3204 ut
1640 3149 1970 3204 incarnatus.
2004 3149 2229 3204 Creator

664 3251 715 3293 et
744 3238 856 3294 Rex
888 3249 970 3294 est
997 3239 1188 3294 Pater?
1224 3241 1354 3296 Sum
1394 3256 1493 3311 ego
1532 3256 1746 3310 quoque
1773 3259 1787 3293 :
1812 3241 1922 3296 dixi
1953 3240 2064 3312 (60)
2090 3242 2231 3297 enim

2322 1156 2553 1226 φύσεως,
2595 1155 2689 1209 καὶ
2721 1136 3042 1226 κυριότητος
3081 1152 3294 1205 δίδωσιν
3340 1150 3713 1215 κατεξουσίαν.
3748 1152 3911 1220 Ἔφη

2321 1246 2464 1331 γὰρ;
2504 1245 2771 1314 Εἰρήνην
2818 1244 3029 1313 ἀφίημι
3078 1243 3239 1310 ὑμῖν,
3275 1239 3526 1309 εὶρήνην
3582 1239 3698 1308 τὴν
3739 1240 3914 1309 ἐμὴν

2321 1336 2527 1405 δίδωμι
2553 1337 2713 1406 ὑμῖν.
2749 1337 2837 1389 Διὸ
2867 1336 2963 1405 οὐχ
3004 1335 3205 1404 ἣκιστα
3242 1333 3337 1385 καὶ
3378 1332 3586 1395 Παῦλος
3627 1332 3785 1385 τοῦτο
3838 1332 3915 1385 τὺ

2324 1420 2592 1475 θεόσδοτον
2641 1424 2825 1493 χρῆμα
2873 1423 3039 1492 ἄμφω
3086 1421 3184 1484 τὰς
3230 1421 3527 1490 ἀγενήτους
3568 1421 3911 1484 ὑποστάσεις

2323 1512 2753 1582 ἀπαραλλάκτως
2795 1515 3047 1585 χορηγεῖν
3087 1511 3214 1582 ἔφη,
3262 1511 3552 1582 Ῥωμαίοις
3599 1511 3742 1564 οὕτω
3791 1529 3909 1565 που
3984 1564 3989 1568 .

2323 1603 2537 1674 γράψας
2556 1620 2568 1633 ·
2605 1603 2785 1672 Χάρις
2813 1604 2955 1673 ὑμῖν
2981 1604 3078 1659 καὶ
3111 1601 3317 1671 εἰρήνη
3343 1603 3462 1656 ἀπὸ
3489 1602 3636 1655 Θεοῦ
3665 1603 3913 1668 Πατρὸς

2290 1693 2495 1761 ίιὶμῶν
2525 1694 2622 1747 καὶ
2672 1696 2894 1761 Κυρίου
2931 1694 3125 1761 Ἰησοῦ
3175 1693 3434 1761 Χριστοῦ
3456 1712 3469 1724 ·
3517 1693 3809 1761 διάγνωσιν
3848 1693 3916 1744 δὲ

2323 1787 2478 1855 ἡμῖν,
2526 1784 2671 1836 τοῦτ’
2719 1779 2848 1837 αὐτὸ
2899 1783 3070 1847 οὕτως
3123 1783 3288 1854 ἔχειν,
3330 1782 3635 1854 παρέσχετο
3674 1782 3769 1835 καὶ
3818 1782 3942 1846 τὸ,

2326 1874 2539 1927 ΙΙεὶντιϊ
2555 1873 2671 1928 ὅσα
2707 1874 2832 1942 ἔχει
2873 1877 2906 1927 ὀ
2932 1874 3153 1943 Πατὴρ,
3193 1873 3306 1943 ἐμά
3339 1875 3528 1928 ἐστιν.
3568 1872 3751 1926 Ταῦτα
3793 1873 3915 1943 γὰρ

2259 1960 2300 2013 Β
2329 1968 2428 2019 οὐκ
2457 1965 2683 2036 ἀμαθῶς
2706 1968 2785 2028 εἰς
2810 1965 2907 2036 τὴν
2937 1966 3135 2029 κτίσιν,
3165 1965 3277 2018 ἀλλ’
3307 1966 3387 2027 είς
3415 1965 3513 2034 τὴν
3536 1963 3724 2034 θεῖκὴν
3749 1963 3918 2028 ἀξίαν

2332 2059 2762 2128 ὲκλαμϐάνεται,
2808 2060 2856 2110 εί
2903 2057 3059 2123 ἀξίαν
3103 2056 3195 2109 ἐπὶ
3240 2057 3333 2110 τοῦ
3376 2054 3511 2110 Θεοῦ
3564 2058 3729 2126 φάναι
3774 2058 3914 2130 χρή.

2331 2151 2462 2214 Θεὸς
2503 2150 2647 2220 γὰρ,
2695 2150 2881 2221 φησὶν,
2918 2150 3063 2201 ἐστὶν
3106 2150 3135 2201 6
3190 2147 3414 2218 Πατήρ;
3452 2148 3568 2218 είμὶ
3610 2147 3704 2200 καὶ
3756 2147 3917 2216 ἐγώο

2333 2240 2458 2302 Υἱὸς
2500 2239 2607 2309 γὰρ
2637 2237 2802 2291 αὑτοῦ
2842 2236 3153 2308 μονογενὴς,
3188 2236 3285 2289 καὶ
3318 2235 3571 2305 ἀληθινὸς
3592 2276 3605 2299 ,
3637 2237 3730 2289 καὶ
3763 2237 3918 2305 ἀγα-

2336 2331 2522 2400 πητός.
2558 2329 2762 2400 Κύριός
2792 2329 2939 2380 ἐστιν
2964 2330 2992 2381 6
3024 2329 3247 2399 Πατήρ.;
3288 2327 3403 2398 εἰμὶ
3428 2328 3521 2380 καὶ
3542 2327 3654 2396 ἐγὼ
3688 2328 3919 2382 πάντων

2335 2422 2554 2492 Κύριος,
2586 2423 2678 2473 καὶ
2714 2420 3044 2492 κληρονόμος
3089 2419 3290 2484 ζῶντος
3324 2420 3556 2491 Πατρός,
3577 2422 3674 2491 τῆς
3703 2421 3918 2493 κληρο-

2337 2513 2526 2583 νομίας
2566 2510 2861 2574 δεσπόζων.
2899 2509 3238 2581 Κληρονομῶ
3282 2511 3337 2563 δὲ
3363 2510 3432 2563 τὰ
3456 2510 3717 2581 ἐμαυτοῦ,
3748 2512 3922 2565 τοῦτο

2340 2604 2437 2674 μὲν
2478 2603 2552 2665 ὡς
2599 2602 2828 2673 ποιητὴς
2868 2602 3067 2666 αὐτῶν,
3118 2601 3275 2654 τοῦτο
3318 2602 3374 2655 δὲ
3419 2602 3510 2656 καὶ
3562 2603 3638 2665 ὡς
3687 2604 3924 2672 γνήσιος

2339 2694 2483 2756 Υἱός.
2549 2692 2770 2763 Ἐτὲθην
2812 2692 2869 2745 δὲ
2917 2692 3288 2764 κληρονόμος,
3335 2694 3411 2758 ὼς
3460 2693 3919 2765 ὲνανθρωπήσας.

2338 2784 2675 2855 Δημιουργὸς
2695 2783 2789 2836 καὶ
2816 2782 3067 2853 βασιλεύς
3094 2787 3238 2839 ἐστιν
3270 2787 3298 2838 6
3324 2786 3548 2856 Πατήρ;
3582 2784 3715 2854 εἰμί.
3743 2781 3924 2838 Εἶπον

2339 2875 2445 2943 γὰρ
2492 2875 2641 2943 ὑμῖν,
2687 2874 2761 2936 ὡς
2804 2871 2915 2928 Ἦν
2951 2891 3041 2941 τις
3082 2874 3420 2941 βασιλεὺς,
3459 2875 3557 2928 καί
3610 2874 3920 2944 ἐπορεύθη

2339 2965 2585 3034 ποιῆσαι
2616 2965 2838 3036 γάμους
2867 2964 2946 3032 τῷ
2970 2964 3075 3031 υἱῷ
3098 2966 3286 3021 αὐτοῦ
3312 2965 3391 3031 τῷ
3414 2965 3683 3031 βασιλεῖ.
3720 2967 3927 3037 Ἀτρε-

2341 3057 2470 3120 πτός
2498 3058 2642 3110 ἐστιν
2668 3057 2697 3107 6
2726 3058 2949 3127 Πατήρ;
2981 3059 3097 3129 εἰμὶ
3140 3059 3234 3111 καὶ
3279 3057 3406 3128 ἐγώ.
3442 3057 3927 3128 Κεχρησμῲδηται

2339 3150 2445 3221 γὰρ
2481 3150 2607 3220 περὶ
2634 3147 2916 3219 ἐμοῦ-’Σὺ
2967 3153 3000 3203 ό
3038 3152 3220 3217 αὐτὸς
3249 3147 3333 3217 εἴ,
3382 3150 3482 3204 καί
3527 3150 3601 3203 τὰ
3642 3149 3745 3217 ἔτη
3792 3162 3927 3205 σου

2339 3242 2449 3295 οὐκ
2475 3240 2886 3308 ἐκλείψουσιν.
2922 3242 3164 3314 Ἀπαθής
3197 3246 3344 3296 ἐστιν
3374 3242 3401 3294 6
3427 3241 3640 3312 Πατήρ;
3672 3241 3807 3311 εἰμὶ,
3834 3240 3926 3306 ὡς

669 3329 841 3395 vobis,
879 3330 1045 3384 fuisse
1078 3337 1354 3398 quemdam
1405 3347 1597 3401 regem,
1622 3340 1671 3386 et
1700 3333 1917 3399 abiisse,
1940 3343 1994 3388 ut
2040 3334 2229 3401 faceret

2337 3330 2570 3394 καὶτοὺς
2594 3303 2850 3402 μετόχους
2876 3349 2977 3402 μου
3003 3303 3268 3394 ἀπαθείας
3282 3331 3374 3403 [50
3388 3331 3439 3403 ιι]
3456 3303 3922 3402 μετάλάμέὰνεινξ

666 3436 700 3472 n
728 3421 874 3488 'ptias
904 3420 1016 3488 ﬁlio
1049 3436 1145 3473 suo
1180 3421 1309 3491 regi.
1348 3419 1710 3476 lmmutahilis
1748 3431 1834 3477 cst
1876 3422 2077 3476 Pater?
2100 3422 2229 3476 Sum

667 3526 713 3560 et
740 3525 859 3579 ego.
889 3511 1161 3580 Scriptum
1191 3521 1275 3566 est
1304 3513 1447 3566 enim
1473 3513 1538 3567 de
1560 3527 1647 3568 me
1669 3512 1779 3582 (61)
1805 3530 1821 3567 :
1858 3512 1934 3567 Tu
1961 3515 2100 3569 idem
2124 3517 2231 3584 ipse

665 3619 741 3667 es,
780 3610 827 3655 et
863 3603 989 3655 anni
1010 3603 1089 3655 tui
1127 3619 1229 3657 non
1271 3604 1533 3671 deficient.
1566 3602 1889 3673 lmpatihilis
1925 3616 2009 3662 est
2041 3606 2242 3662 Pater?

667 3693 797 3745 Sam
829 3707 928 3762 ego
964 3708 1198 3762 quoque,
1235 3694 1306 3748 ita
1338 3704 1395 3749 ut
1443 3697 1606 3750 etiam
1657 3698 1958 3767 participes,
1993 3713 2087 3753 seu
2119 3714 2241 3750 con-

664 3795 826 3839 sortes
858 3783 966 3854 (σε)
1013 3784 1114 3855 71
1152 3784 1278 3850 mei,
1316 3785 1732 3854 impatihilitatis
1770 3787 2060 3855 participes
2103 3786 2232 3842 sint.

665 3874 922 3932 [Eternus
970 3885 1053 3930 est
1097 3876 1299 3931 Pater?
1335 3876 1466 3932 Sum
1508 3889 1562 3932 et
1599 3892 1720 3946 ego.
1762 3876 2050 3945 Nunquam
2093 3876 2236 3930 enim

668 3967 782 4035 ipse
825 3983 931 4021 non
974 3969 1163 4047 habuit
1204 3982 1401 4022 nomen
1444 3966 1645 4031 Patris,
1678 3974 1735 4020 et
1767 3964 2156 4021 subsistentem
2185 3965 2238 4018 in

663 4075 731 4113 eo
756 4059 939 4129 gloriae
963 4075 1071 4114 suae
1094 4058 1464 4128 splendorem,
1487 4066 1543 4110 et
1566 4058 1945 4110 characterem
1979 4057 2233 4111 substan-

667 4149 773 4210 tiae,
806 4159 858 4202 et
874 4148 1175 4225 imaginem
1218 4146 1462 4225 deitatis,
1493 4158 1688 4214 nempe
1719 4160 1828 4201 me.
1865 4146 2009 4221 Vita,
2041 4155 2098 4201 et
2123 4147 2233 4215 lux,

662 4248 718 4290 et
757 4220 997 4301 bonitas,
1046 4248 1099 4291 et
1139 4220 1413 4304 potentia,
1443 4243 1499 4289 et
1533 4234 1819 4305 sapientia,
1849 4244 1905 4290 et
1931 4220 2151 4303 veritas,
2182 4244 2238 4292 et

663 4329 871 4390 (nimia,
915 4343 1034 4397 qua:
1065 4328 1174 4383 Deo
1217 4328 1377 4396 digna
1434 4330 1579 4395 sunt,
1623 4338 1708 4382 est
1758 4326 1957 4381 Pater?
2005 4326 2137 4382 Sum
2183 4341 2239 4383 et

664 4435 785 4488 ego,
813 4429 874 4475 ut
897 4430 1057 4475 antea
1107 4419 1352 4475 audistis.
1390 4418 1554 4489 Atqui
1608 4419 1773 4474 etiam
1826 4416 2075 4476 Salvator
2113 4436 2232 4476 sum

2340 3424 2605 3492 ’Λναρχος
2633 3424 2662 3475 6
2694 3424 2919 3492 Ηατήρ;
2968 3423 3101 3493 εἰμί.
3141 3425 3214 3475 Οὐ
3244 3423 3352 3491 γὰρ
3383 3418 3472 3493 ἦν,
3512 3423 3600 3475 ὅτε
3636 3424 3736 3477 οὐκ
3766 3419 3925 3494 εἶχεν

2333 3514 2396 3566 τὺ
2426 3514 2594 3584 ὄνομα
2622 3512 2715 3565 τοῦ
2750 3512 2982 3582 Πατρδς,
3013 3514 3108 3565 καὶ
3135 3514 3232 3583 τῆς
3256 3513 3413 3584 δόξης
3442 3513 3607 3566 αὑτοῦ
3637 3516 3698 3568 τὸ
3721 3516 3925 3568 ὲνυπό-

2339 3621 2531 3657 στατον
2560 3602 2920 3671 ἀπαύγασμα,
2953 3604 3046 3656 καὶ
3071 3603 3162 3655 τὸν
3192 3604 3516 3675 χαρακτῆρα
3540 3605 3641 3675 τῆς
3670 3606 3922 3659 ὑποστά-

2338 3712 2474 3757 σεως
2494 3734 2506 3755 ,
2553 3694 2647 3746 καὶ
2676 3693 2772 3765 τὴν
2803 3692 2986 3748 εἰκόνα
3024 3696 3123 3766 τῆς
3167 3695 3439 3766 θεότητος,
3478 3698 3598 3769 ἐμέ.
3630 3698 3784 3764 Ζωὴ,
3817 3701 3921 3753 καὶ

2337 3788 2471 3855 φιτς,
2519 3788 2615 3840 καὶ
2663 3786 2936 3860 ἀγαθότης
2960 3831 2975 3854 ,
3008 3789 3102 3842 καὶ
3143 3789 3395 3861 δύναμις,
3442 3793 3536 3845 καὶ
3572 3792 3769 3860 σοφία,
3817 3794 3921 3846 καὶ

2334 3873 2576 3944 ἀλήθεια,
2603 3876 2697 3929 καὶ
2727 3877 2827 3930 ὅσα
2852 3877 2986 3930 Θεοῦ
3013 3877 3140 3943 ἄξιά
3171 3880 3315 3933 ἐστιν
3353 3882 3380 3933 6
3414 3882 3600 3951 Πατήρ
3627 3896 3641 3943 ;
3672 3880 3811 3950 εἰμὶ,
3836 3879 3918 3944 ὡς

2335 3964 2636 4033 φθάσαντες
2683 3965 2973 4036 ἠκούσατε.
3027 3969 3137 4021 Καὶ
3188 3969 3368 4039 μέντοι
3417 3970 3512 4022 καὶ
3553 3970 3742 4040 Σωτὴρ
3779 3968 3917 4038 ἐγὼ,

2336 4054 2637 4109 ἀνατέλλων
2662 4056 2752 4110 τὸν
2799 4059 2951 4129 ἥλιον
2981 4060 3072 4113 ἐπὶ
3107 4060 3348 4125 δικαίους
3390 4061 3483 4113 καὶ
3531 4061 3914 4132 ἁμαρτωλοὺς,

2337 4145 2431 4198 καὶ
2459 4146 2557 4200 οὐκ
2584 4147 2806 4217 ἐπάγων
2852 4150 3023 4204 κακὸν
3060 4150 3183 4204 ἀντὶ
3226 4151 3418 4206 κακοῦ.
3446 4151 3842 4221 ,Φιλάνθρωπος
3882 4150 3916 4203 ὁ

2335 4234 2553 4305 Πατήρς
2590 4237 2727 4307 είμί·
2764 4238 2964 4308 ὃπουγε
2991 4239 3141 4309 ὑμῶν
3179 4240 3344 4295 ἕνεκα
3370 4241 3608 4311 ἐμαυτὸν
3641 4241 3912 4307 ὲκένωσα,

2341 4326 2551 4398 μορφὴν
2577 4328 2763 4383 δούλου
2783 4329 2962 4383 λαϐών
2986 4345 3003 4362 ν
3027 4331 3119 4384 καὶ
3146 4331 3505 4401 ραπιζόντων,
3532 4334 3624 4385 καὶ
3652 4332 3916 4402 ὲμπτυόνι-

2338 4434 2468 4482 των,
2494 4421 2588 4472 καὶ
2644 4420 3048 4492 ἐμπαιζόντων,
3088 4422 3182 4475 καὶ
3207 4422 3584 4493 σταυροῦντων
3612 4422 3765 4493 ὑμῶν
3812 4425 3910 4492 ἡν·-

666 4598 806 4652 sisse
827 4595 1312 4670 ex_si_stimo,_quod,
1350 4611 1473 4670 cum
1512 4596 1655 4670 inter
1680 4596 1926 4651 homines
1959 4597 2232 4653 Graecani-
2264 4603 2314 4664 ι)
2411 4599 2523 4670 (55)
2555 4598 2819 4670 Diginam.
2850 4598 3015 4670 Recto
3043 4597 3319 4670 θεόσδοτον
3359 4597 3582 4670 dictavit
3609 4597 3861 4670 Didymus
3890 4618 3907 4656 :

668 4681 750 4722 eae.
768 4665 1086 4720 eruditionis
1109 4666 1510 4721 amantissimos
1531 4666 1854 4729 scriberent,
1884 4676 2230 4731 venerentur,

668 4753 762 4798 ne.
788 4735 843 4790 si
877 4735 1034 4789 aliter
1062 4751 1120 4790 se
1150 4736 1467 4804 gessissent,
1497 4736 1660 4789 veluti
1721 4737 1901 4801 rudes,
1940 4746 1995 4791 et
2028 4737 2229 4791 indocti

670 4805 1239 4875 ιιιιςνὶςοτειιιιιι·;,ειιι
1268 4806 1408 4875 quod
1437 4804 1693 4874 majorem
1726 4806 1826 4859 hac
1849 4807 2055 4863 ratione
2093 4807 2233 4875 apud

576 4916 585 4925 .
669 4875 789 4926 illus
816 4874 972 4928 ﬁdem
1003 4876 1102 4929 sibi
1150 4874 1440 4929 conciliare
1464 4875 1680 4930 vellent.
1719 4875 1979 4931 Praeclare
2012 4878 2070 4933 S.
2099 4874 2234 4928 Am-

670 4944 883 4998 brusius
913 4945 1005 4999 lib.
1052 4960 1112 4999 ιιι
1150 4944 1225 4997 De
1251 4943 1376 5016 ﬁde,
1406 4958 1526 5013 cap.
1554 4946 1607 5011 1,
1643 4960 1765 5000 cum
1798 4945 1851 4999 in
1886 4947 2058 5016 primo
2098 4946 2235 5001 libro

671 5031 775 5067 nou
803 5023 1086 5086 poetarum
1130 5014 1423 5086 versiculos
1456 5015 1695 5086 citasset,
1733 5024 1791 5067 ut
1836 5014 2112 5086 Didymus,
2141 5017 2235 5070 sed

670 5099 733 5166 ex
758 5083 982 5163 poeticis
1006 5083 1678 5166 fabuliscomparationem
1707 5083 1951 5166 duxisset
1976 5103 1988 5138 :
2016 5084 2071 5139 Si
2094 5086 2232 5166 quis,

669 5153 866 5220 inquit,
907 5165 1087 5207 contra
1133 5153 1333 5206 licitum
1393 5163 1538 5220 putat
1593 5155 1817 5207 colorem
1867 5153 2236 5219 disputationis

670 5221 929 5285 eiusmodi
958 5240 989 5274 (ι
1023 5224 1235 5292 poeticis
1260 5222 1453 5291 fabulis
1483 5224 1796 5285 derivatum,
1828 5234 1876 5276 et
1910 5240 2025 5276 cum
2056 5223 2111 5289 in
2134 5224 2238 5291 ﬁde

676 5293 806 5344 nihil
843 5294 983 5360 quod
1033 5294 1325 5360 vituperare
1375 5293 1537 5359 possit
1600 5293 1869 5357 invenerit,
1922 5294 2123 5360 aliquid
2182 5294 2239 5345 in

671 5377 906 5414 sermone
955 5362 1313 5430 reprehendit;
1369 5372 1612 5429 agnoscat
1663 5377 1788 5430 non_
1817 5361 1985 5414 solum
2030 5372 2238 5415 senten-

673 5432 794 5494 tias,
818 5432 906 5484 sed
937 5427 1389 5485 etiam'rersicalos
1406 5427 1716 5498 poetarum,
1750 5427 2040 5500 Scriptaris
2071 5433 2241 5485 inser-

671 5509 751 5551 tos
773 5517 882 5553 esse
903 5503 1112 5555 divinis.

746 5570 856 5640 (52)
896 5569 1065 5625 Finis.
1099 5570 1339 5640 Respicit
1398 5568 1500 5640 lsa.
1552 5583 1627 5636 ιχ,
1652 5569 1707 5633 ‘7,
1730 5568 1817 5625 ubi
1867 5568 2103 5637 legitur:
2134 5568 2242 5622 Καὶ

670 5639 770 5775 ῗῆς
800 5638 1022 5711 είρήνης
1070 5642 1172 5694 οὐκ
1211 5638 1330 5694 ἔστι
1354 5638 1529 5706 τέλος,
1560 5642 1610 5695 id
1639 5652 1742 5705 cst,
1783 5650 1829 5694 et
1854 5642 2000 5710 pacis
2032 5655 2133 5694 non
2167 5648 2241 5694 est

695 5723 815 5760 υσις.

695 5723 815 5760 υσις.

704 5845 716 5856 ,
753 5776 863 5856 ίῗδδ)
899 5777 1133 5856 Dandae.
1169 5781 1270 5835 lsa.
1304 5796 1449 5846 sxw,
1502 5780 1566 5835 12
1595 5793 1646 5837 et
1682 5781 1765 5834 l3.
1793 5780 2053 5835 Nonnulla
2084 5780 2243 5836 omit—

677 5848 745 5901 tit
782 5848 1117 5902 iutermedia.

747 5903 862 5983 (iii)
899 5914 1104 5971 Pacem.
1138 5917 1326 5975 Joaun.
1363 5935 1468 5987 XIV,
1500 5920 1585 5973 '27.

2338 4666 2580 4737 sic'euim
2618 4668 2881 4722 Pindarus
2922 4666 3084 4737 Pyth.
3120 4669 3208 4737 od.
3259 4683 3290 4737 ν
3317 4668 3552 4737 scripsit,
3585 4667 3781 4733 aliique
3813 4682 3909 4722 ve-

2338 4747 2502 4792 teres.
2539 4736 2724 4806 ltaque
2774 4735 3093 4791 vocabulum
3135 4736 3293 4806 illud,
3351 4735 3614 4806 θεόδοτος,
3669 4739 3811 4805 quod
3855 4741 3905 4793 in

2341 4804 2651 4878 [ragmento
2692 4806 3072 4878 Didymiapud
3126 4804 3385 4878 Joannem
3436 4804 3823 4878 DamaScenum
3855 4810 3907 4862 in

2341 4876 2646 4943 Pai-altelis,
2689 4891 2811 4946 pag.
2871 4876 2995 4943 685,
3049 4876 3266 4944 legitur,
3309 4878 3626 4932 tuendosum
3679 4876 3909 4934 fortasse

2339 4957 2417 5004 CSI
2429 4986 2441 4999 .

2409 5014 2520 5087 (56)
2551 5015 2755 5087 Gratia.
2784 5013 2939 5087 Rom.
2974 5031 3015 5081 ι,
3048 5016 3100 5069 7.

2438 5082 2528 5155 57⁷)
2561 5086 2771 5155 aniu.
2793 5084 2946 5155 Joan.
2981 5100 3091 5151 1m,
3117 5082 3203 5139 l5.

2434 5152 2520 5221 58)
2552 5153 2671 5225 Alea
2699 5154 2880 5225 ipsius.
2918 5153 3059 5222 Lego
3087 5152 3324 5225 ἐμαυτοῦ
3357 5169 3453 5222 pro
3480 5155 3695 5209 ἑαυτοῦ.

2436 5225 2523 5296 ῖι9)
2559 5222 3001 5296 quantulus..."
3030 5222 3215 5296 Intres.
3239 5225 3475 5292 Respicit
3501 5225 3663 5280 Hebr.
3690 5241 3728 5289 t,
3751 5223 3808 5279 2.

2412 5292 2524 5363 (60)
2566 5292 2708 5347 Dixi.
2739 5292 2927 5363 Matth.
2960 5309 3092 5359 χιιι,
3117 5293 3172 5346 2.

2436 5298 2501 5349 60
2566 5298 2708 5347 Dixi.
2739 5298 2927 5346 Matth.
2960 5309 3092 5359 χιιι,
3117 5298 3172 5346 2.

2436 5298 2525 5435 ﬁt)
2554 5363 2626 5435 De
2654 5377 2754 5415 me.
2790 5362 2933 5435 Vide
2955 5374 3060 5418 not.
3088 5365 3329 5435 78,7pag.
3363 5362 3454 5419 27.

2436 5370 2525 5435 6|)
2554 5370 2626 5415 De
2654 5377 2754 5415 me.
2791 5370 2920 5417 Vide
2955 5374 3060 5418 not.
3088 5370 3177 5427 '18,
3209 5378 3329 5433 pag.
3363 5370 3454 5419 27.

2413 5370 2525 5505 (62)
2559 5429 2862 5505 Consortes.
2916 5432 3135 5505 Locutio
3181 5434 3377 5505 Bihlica
3446 5447 3520 5505 ex_
3559 5431 3659 5505 illo
3713 5428 3903 5505 psalmi

2342 5500 2486 5569 xLiv,
2505 5505 2660 5557 ducta
2693 5518 2704 5552 :
2739 5500 2860 5555 Prw
2889 5504 3214 5557 consortibus
3245 5503 3359 5572 (seu
3384 5500 3752 5572 participibus)
3775 5500 3902 5552 tuis.

2344 5576 2496 5639 Quod
2524 5586 2653 5627 vero
2684 5582 2897 5639 spectat
2924 5574 2989 5626 ad
3026 5573 3168 5625 illam
3212 5569 3497 5639 ἀπάθειαν,
3525 5569 3575 5639 ill
3605 5578 3708 5630 est,
3737 5569 3908 5634 impa-

2346 5637 2667 5712 tibititatem,
2698 5637 2852 5708 cujus
2878 5658 2976 5696 nos
3006 5642 3291 5712 participes
3311 5638 3444 5712 ellie‘i
3479 5637 3730 5702 allinuat,
3757 5651 3906 5705 qua:-

2346 5726 2451 5779 que
2500 5711 2809 5781 Hieronymi
2852 5708 3213 5765 accusatione
3248 5708 3486 5772 infamis,
3525 5716 3636 5781 aut_
3661 5716 3911 5774 suspecta

2347 5777 2560 5841 saltem,
2592 5777 2717 5833 tluui
2749 5781 2861 5834 lucc
2910 5782 3135 5833 dictaret
3192 5781 3464 5848 Didymus,
3495 5777 3742 5848 nomium
3773 5788 3908 5828 eva-

2350 5858 2514 5973 ῗιέηιι,
2549 5849 2719 5972 dicitur:
2751 5850 2800 5901 iu
2835 5851 2971 5905 uotis
3006 5850 3070 5904 ad
3116 5843 3303 5920 segtnf
3330 5846 3427 5899 I75
3468 5863 3520 5910 a,
3545 5850 3655 5899 sive
3682 5843 3746 5897 ad
3779 5857 3902 5914 cap.

2445 5922 2587 5973 tertii
2638 5922 2649 5972 ι
2691 5919 2755 5972 ri.
3042 5970 3048 5973 .

2445 5920 2587 5973 tertii
2616 5919 2755 5972 libri.
