4146 6420
212 295 326 353 383

1326 290 1415 344 DE
1458 285 1833 344 TRINITATF.
1874 286 2073 341 LlBER
2116 289 2394 345 Nllill'S.

3387 300 3492 355 586

215 410 482 483 εσχόμην.
531 411 716 465 Πάντα
763 402 1005 462 οὖείεῖττε
1081 407 1142 459 τὰ
1220 407 1463 478 πατρικὰ
1522 403 1804 474 τυγχάνειν

1911 418 2031 472 ego,
2069 404 2157 471 qui
2189 405 2319 458 oriri
2356 403 2496 457 l‘acio
2530 406 2643 476 (65)
2671 414 2840 461 solent
2879 408 3257 478 snperjnstos,
3288 422 3339 465 et
3364 429 3485 481 pet:-

215 502 385 558 αὑτοῦ
407 541 422 565 ,
465 501 607 553 ὥστε
645 499 810 570 μηδὲν
856 498 1017 550 πλέον
1044 496 1240 551 διδόναι
1272 497 1349 568 τῷ
1381 495 1501 564 Θεῷ
1530 495 1735 565 Πατρὶ,
1771 494 1803 561 ἢ

217 595 385 667 μόνον
422 593 484 645 τὺ
514 588 655 645 εἶναι
701 591 924 661 Πατέρα
977 589 1107 642 Υἰοῦ
1156 588 1494 660 συνανάρχου
1541 587 1637 640 καὶ
1684 604 1807 637 συν-

213 684 551 755 υφεστῶτος.
574 683 731 737 Οῦτω
749 682 1024 736 πιστεύειν
1056 681 1337 735 ἀναπείθει
1365 682 1459 734 καὶ
1490 680 1572 746 τὺ,
1603 678 1807 732 Πάντα

210 777 284 830 τὰ
307 777 422 845 ἐμὰ
474 775 558 829 σά
578 775 750 827 ἐστιν
766 792 778 803 ·
808 774 905 827 καὶ
933 774 1003 826 τὰ
1023 773 1126 835 σὰ,
1148 772 1261 841 ἐμὰ
1284 790 1297 803 ·
1323 771 1419 824 καὶ
1441 769 1807 835 δεδόξασμαι

209 868 281 920 ἐν
323 867 552 931 αὐτοῖς.
585 867 648 918 El
679 864 788 934 γὰρ
839 866 913 936 μὴ
946 864 1034 917 διὰ
1081 864 1179 935 τὴν
1220 864 1456 935 φυσικὴν
1490 864 1672 933 σχέσιν
1701 855 1804 913 ὦδε

212 958 432 1028 ἐλέχθη,
482 958 577 1010 καὶ
611 958 777 1009 πᾶσιν
808 958 920 1019 τοῖς
961 958 1248 1026 πατρικοῖς
1277 954 1550 1018 οὐσιωδῶς
1594 953 1805 1017 δεδόξα-

215 1067 340 1102 σται
362 1051 392 1101 ὁ
425 1048 588 1109 Υἱόςο
620 1050 667 1100 εί
705 1048 779 1117 μὴ
809 1047 1058 1117 βασιλεία
1101 1048 1195 1101 καὶ
1226 1047 1512 1099 δεσποτεία
1550 1047 1646 1115 μία
1670 1063 1803 1113 τυγ-

214 1142 402 1211 χάνει’
454 1140 593 1211 ἄρα,
634 1139 775 1192 κατά
806 1155 869 1207 γε
903 1138 1061 1207 λόγον
1105 1140 1399 1210 αἱρετικὸν,
1462 1138 1607 1191 ἐστιν
1643 1139 1678 1191 ἆ
1725 1137 1800 1207 μὴ

214 1233 320 1284 ὑπὸ
354 1234 453 1302 τὴν
504 1230 598 1284 τοῦ
653 1230 888 1301 Πατρὸς,
938 1230 1052 1283 ἀλλ’
1101 1229 1207 1284 ὑπὸ
1257 1231 1356 1301 τὴν
1409 1231 1654 1296 ἐξουσίαν
1705 1231 1800 1283 τοῦ

220 1322 350 1376 Υἱοῦ
407 1323 573 1377 τελεῖ.
629 1322 740 1375 Καὶ
795 1322 959 1375 πάλιν
984 1338 998 1352 ο
1060 1322 1201 1374 Ἐὰν
1234 1321 1347 1390 ἐγὼ
1374 1320 1596 1385 δοξάζω
1624 1321 1803 1390 ἐμαυ-

213 1414 341 1484 τὸν,
397 1415 437 1482 ἡ
482 1412 634 1477 δόξα
686 1431 806 1481 μου
851 1413 1032 1467 οὐδέν
1076 1414 1280 1467 ἐστιν’
1318 1413 1491 1467 ἐστιν
1538 1417 1571 1468 ό
1599 1413 1800 1482 Πατήρ

206 1522 329 1572 μου
420 1508 454 1558 ό
525 1503 789 1567 δοξάζων
861 1522 959 1574 με.
1035 1505 1220 1576 Ἐμοὶ,
1308 1507 1509 1576 φησὶν,
1587 1505 1800 1574 λέγοντι

213 1596 344 1665 περὶ
394 1596 494 1666 τῆς
544 1596 782 1667 ἐμαυτοῦ
834 1596 1023 1667 θεῖκῆς
1063 1598 1242 1667 δόξης,
1290 1598 1373 1650 ὅτι
1421 1597 1561 1667 Ἐγὼ
1614 1597 1710 1651 καὶ
1768 1601 1801 1649 ό

214 1687 420 1754 Πατὴρ
444 1687 516 1741 ἓν
542 1688 751 1757 ἐσμεν,
784 1689 1061 1742 ἀπιστεῖτε
1082 1705 1095 1719 ·
1128 1689 1241 1743 ἀλλ’
1276 1689 1422 1743 ἐστιν
1445 1691 1473 1741 ὁ
1503 1685 1800 1760 μαρτυρῶν

1913 501 2146 559 calores,
2173 503 2355 547 etnon
2388 495 2584 548 induco
2622 497 2821 550 malum
2857 514 2954 566 pro
2989 500 3131 553 man
3163 500 3293 570 (δι).
3333 501 3494 557 lleni-
3570 564 3575 569 γ

1911 598 2045 649 guns
2098 593 2181 637 est
2221 584 2414 639 Pater?
2462 586 2591 640 Sum
2648 598 2699 643 et
2744 603 2885 657 ego:
2917 591 3355 660 quandoquidem
3411 612 3498 646 me

1912 675 2085 743 ipsum
2132 685 2356 745 pr0pter
2394 694 2488 732 vos
2535 679 2830 745 exinaniri,
2876 679 3105 735 formam
3150 685 3289 738 servi
3338 687 3498 738 neci.-

1910 768 2084 837 piens,
2128 770 2387 839 vobisque
2415 771 2590 840 alapis
2635 788 2718 825 me
2749 774 3104 838 medentibus,
3131 785 3294 845 atque
3320 778 3371 829 in
3404 793 3490 831 me

1910 862 2354 930 eonspuentibus,
2383 872 2439 916 et
2478 862 2608 916 mihi
2641 862 3012 930 illudentibns,
3049 882 3242 935 meque
3274 871 3495 923 cruciti-

1910 953 2187 1021 gentibus,
2214 953 2334 1007 haec
2370 954 2624 1007 universa
2657 956 2914 1011 sustinui.
2958 956 3152 1011 Omnia
3186 974 3335 1027 ergo,
3369 975 3488 1028 qua!

1910 1042 2088 1097 Patris
2126 1056 2273 1107 sunt,
2315 1061 2407 1099 sua
2452 1046 2589 1100 dixit
2630 1062 2771 1111 esse,
2833 1049 2908 1102 ita
2961 1057 3019 1102 ut
3079 1050 3211 1103 nihil
3264 1052 3497 1120 amplius

1911 1136 2019 1191 Deo
2062 1137 2206 1191 Patri
2242 1141 2352 1202 det,
2401 1139 2503 1192 nisi
2550 1140 2651 1194 hoc
2687 1140 2884 1205 solum,
2920 1144 3060 1210 quod
3106 1142 3222 1212 ipse
3254 1144 3322 1196 sit
3354 1158 3497 1197 coae-

1907 1230 2070 1294 terni,
2097 1246 2162 1285 ac
2197 1231 2358 1285 simul
2386 1248 2507 1284 cum
2540 1247 2604 1286 eo
2646 1234 2995 1288 snhsistentis
3027 1234 3150 1288 Filii
3192 1236 3370 1291 Pater.
3407 1238 3499 1289 S'r.

1908 1336 2004 1373 nos
2029 1321 2609 1391 crcderejubetetiam
2640 1325 2921 1379 oraculum
2959 1326 3087 1380 illud
3116 1343 3129 1378 :
3161 1326 3352 1381 Omnia
3382 1328 3498 1396 (65)

1905 1426 2019 1463 mea
2084 1422 2175 1463 tua
2239 1422 2400 1474 sunt,
2450 1421 2501 1463 et
2561 1422 2651 1465 tua
2706 1431 2857 1478 mea,
2909 1426 2956 1467 et
3014 1416 3339 1484 gloriﬁcatns
3381 1432 3495 1468 sunt

1903 1503 1957 1553 in
1988 1501 2114 1558 illis.
2151 1501 2206 1555 Si
2259 1502 2402 1555 enim
2450 1518 2554 1556 non
2600 1516 2825 1574 propter
2864 1508 3168 1561 naturalem
3216 1508 3495 1562 habitudi-

1907 1593 2028 1645 nem
2060 1593 2111 1645 id
2141 1592 2213 1646 ita
2242 1592 2445 1647 dictum
2480 1592 2605 1658 fuit,
2633 1611 2697 1649 ac
2728 1597 2773 1649 si
2802 1611 2907 1650 non
2938 1600 3212 1663 omnibus,
3236 1615 3354 1667 quae
3396 1598 3497 1653 Pa-

1910 1684 2008 1739 tris
2042 1697 2188 1750 sunt,
2231 1687 2670 1742 snbstantialiter
2715 1689 3049 1754 gloriﬁcatns
3094 1700 3176 1746 est
3228 1692 3416 1757 Filius,
3451 1695 3495 1747 si

214 1796 310 1849 μοι
350 1778 562 1849 Πατὴρ,
597 1780 679 1833 ὅτι
713 1779 856 1833 κατὰ
883 1779 1046 1850 φύσιν
1079 1780 1394 1850 δοξάζομαι,
1438 1781 1566 1842 Υἱὸς
1601 1781 1698 1849 μὲν
1727 1777 1801 1832 ὣν

1908 1772 2119 1828 demunt
2155 1776 2435 1845 utriusque
2475 1792 2698 1845 regnum
2735 1792 2799 1832 ac
2828 1780 3126 1834 dominium
3165 1796 3331 1834 unum
3387 1798 3493 1835 non

211 1868 383 1921 αὐτοῦ
435 1869 721 1939 ἀγαπητὸς
767 1870 862 1923 καὶ
916 1869 1198 1939 ἀληθινὸς,
1244 1871 1376 1933 Θεὸς
1422 1869 1479 1923 δὲ
1516 1868 1669 1939 ὑμῶν
1716 1870 1811 1921 καὶ

213 1960 519 2031 Δεσπότης.
563 1956 696 2013 Εἶτα
728 1960 875 2027 λέγει
901 1978 915 1992 ·
950 1960 1164 2029 Πάτερ,
1216 1960 1474 2023 δόξασόν
1531 1974 1647 2013 σου
1708 1958 1812 2012 τὸν

220 2052 383 2113 raw,
434 2053 533 2105 ἵνα
572 2052 669 2106 καὶ
700 2056 732 2106 ό
776 2053 910 2118 Υἱός
956 2068 1074 2104 σου
1110 2050 1347 2119 δοξάσῃ
1377 2067 1471 2103 σε.
1523 2052 1644 2119 ’Ὶση
1676 2052 1808 2103 κάν-

206 2142 390 2195 ταῦθα
422 2142 699 2215 ἐφυλάχθη
729 2144 864 2213 τιμή
902 2159 962 2194 τε
1000 2141 1095 2194 καὶ
1124 2139 1252 2204 δόξα
1282 2142 1402 2202 ταῖς
1432 2140 1602 2204 θείαις
1626 2140 1712 2211 [3|
1750 2139 1806 2212 tt]

194 2233 602 2286 ιὺποστάσεσιν.
661 2226 730 2304 ᾯ
791 2232 901 2303 γὰρ
952 2232 1018 2286 ἂν
1075 2231 1434 2302 ὑπολάϐωμεν
1482 2233 1670 2302 τρόπῳ
1719 2234 1809 2286 τὸν

207 2325 440 2395 Πατέρα
466 2324 712 2391 δοξάζειν
743 2325 834 2376 τὸν
865 2324 995 2376 Υἱὸν
1024 2322 1191 2376 αὐτοῦ
1218 2362 1232 2386 ,
1261 2322 1439 2394 τούτῳ
1467 2323 1629 2386 αὐτὸς
1656 2324 1808 2390 δοξά-

206 2418 364 2478 ζεται
392 2418 486 2469 ὑπ’
512 2416 702 2470 αὐτοῦ.
737 2417 844 2469 Καὶ
870 2412 1031 2479 αὖθις
1061 2416 1300 2485 ἐπάγει·
1346 2415 1458 2469 Καὶ
1490 2416 1607 2469 νῦν
1632 2415 1809 2480 δόξα-

206 2512 328 2563 σόν
344 2526 428 2577 με
453 2549 469 2573 ,
503 2507 694 2575 Πάτερ
713 2547 728 2571 ,
755 2510 915 2576 παρὰ
944 2504 1179 2570 σεαυτῷ
1203 2545 1218 2568 ,
1253 2504 1329 2573 τῇ
1373 2506 1523 2573 δόξῃ
1572 2500 1610 2575 ᾗ
1641 2501 1809 2573 εἶχον

207 2599 325 2669 πρὸ
348 2600 466 2654 τοῦ
497 2600 605 2653 τὸν
628 2600 861 2669 κόσμον
882 2596 1034 2653 εἶναι
1062 2596 1223 2667 παρὰ
1243 2600 1366 2652 σοί.
1388 2599 1620 2669 Φρικτὸν
1643 2598 1804 2669 ἀκοῇ,

208 2693 293 2744 ὅτι
324 2694 352 2745 ὁ
392 2690 555 2755 δόξαν
591 2690 729 2760 ἔχων
776 2690 1029 2762 ἀνάρχως
1077 2682 1228 2761 παρᾶ
1264 2688 1342 2760 τῷ
1391 2689 1586 2743 ἑαυτοῦ
1631 2689 1807 2760 [Iatth

208 2782 397 2851 (τοῦτο
418 2782 529 2853 γὰρ
554 2782 809 2853 σημαίνει
840 2782 922 2843 τὸ,
951 2778 1035 2853 ⁷ῌ
1058 2778 1227 2851 εἶχον
1248 2781 1398 2851 δόξῃ
1429 2781 1542 2849 πρὸ
1569 2782 1676 2834 τοῦ
1702 2780 1807 2834 τὸν

205 2875 450 2943 κόσμον
462 2869 639 2943 εἶναι)
701 2874 807 2927 ὑπὸ
836 2874 1130 2945 αἱρετικῶν
1155 2876 1218 2927 οὐ
1245 2871 1548 2938 δοξάζεται.
1579 2874 1715 2927 Ποία
1748 2872 1806 2926 δὲ

203 2963 277 3037 ἦν
314 2966 493 3037 αὖτη;
549 2968 673 3029 Ἦν,
711 2966 787 3029 ὼς
823 2961 998 3037 οἶμαι,
1051 2967 1145 3020 καὶ
1173 2967 1402 3037 Μάρκος
1448 2965 1582 3037 ἔφη’
1618 2967 1806 3019 Ὅταν

205 3060 366 3127 ἔλθῃ
400 3062 433 3112 ό
478 3057 609 3123 Υἱὸς
636 3058 705 3110 ἐν
739 3057 813 3126 τῇ
850 3058 1000 3127 δόξῃ
1032 3059 1138 3113 τοῦ
1179 3058 1410 3126 Πατρός
1441 3058 1650 3112 αὐτοῦ’
1680 3056 1802 3110 ἀντὶ

208 3120 483 3219 comam
518 3120 1147 3219 πάτρικὴεῖδιξαᾴὲχει,
1187 3147 1278 3200 καὶ
1297 3120 1543 3217 *ὲν-αὐτῇ
1587 3146 1706 3217 ἥξει
1740 3146 1802 3198 τὸ
1831 3120 1873 3176 C

206 3240 487 3311 δεύτερον.
519 3234 619 3293 ⁷ον
648 3240 705 3293 δὲ
735 3241 767 3310 ἡ
799 3239 925 3305 δόξα
956 3239 1076 3309 μία,
1107 3238 1206 3292 οὐκ
1234 3237 1368 3309 άλλη
1403 3239 1497 3292 κα).
1523 3237 1658 3307 άλλη
1682 3236 1800 3290 θεό-

206 3348 347 3401 της,
397 3332 491 3384 καὶ
547 3330 823 3401 βασιλεία,
870 3332 965 3385 καὶ
1014 3330 1385 3403 προσκύνησις
1437 3329 1798 3399 καθέστηκεν.

212 3425 381 3478 Ὅθεν
412 3422 900 3496 προπαραγγέλλει
927 3437 940 3450 ·
992 3424 1316 3477 Πιστεύετε
1362 3424 1450 3488 εις
1487 3421 1596 3475 τεν
1631 3420 1803 3487 Θεὸν,

209 3516 313 3567 καὶ
344 3514 436 3579 είς
481 3513 595 3581 ἐμὲ·
632 3512 947 3566 πιστεύετε
972 3528 986 3541 ⁸
1026 3513 1096 3566 ἐν
1122 3510 1202 3581 τῇ
1231 3512 1390 3579 οἰκίᾳ
1429 3512 1536 3565 τοῦ
1577 3511 1802 3577 Πατρός

202 3622 327 3673 μου
354 3604 539 3674 μοναὶ
566 3604 793 3658 πολλαί
817 3607 995 3659 εἰσιν.
1026 3604 1139 3675 Τῆς
1170 3604 1289 3676 γὰρ.
1306 3604 1582 3675 θεότητος,
1611 3602 1798 3674 φησὶν,

207 3696 480 3767 διαφορὰν
505 3696 603 3749 οὐκ
625 3695 874 3767 ἐχούσης,
904 3695 1034 3767 μίαν
1061 3696 1300 3760 πίστεως
1319 3696 1522 3765 γνῶσιν
1550 3695 1677 3767 περὶ
1702 3694 1804 3764 τῆς

211 3788 447 3857 Τριάδος
478 3788 622 3858 ἔχειν
663 3787 936 3857 ὀφείλετε,
974 3788 1040 3841 ἶν’
1074 3786 1217 3841 οῦτω
1254 3788 1715 3859 κατασκηνώσητε
1745 3790 1804 3840 ὲν

212 3878 454 3942 ἐκείναις
495 3882 616 3943 ταῖς
660 3879 1158 3951 τρισμακαρίσταις
1198 3880 1410 3944 αὐλαῖς,
1461 3882 1582 3943 ταῖς
1636 3880 1802 3932 πᾶσιν

211 3972 504 4042 ἀρμοδίαις
554 3962 615 4026 τε
654 3974 747 4025 καὶ
789 3972 1105 4045 ἀρκούσαις.
1135 3974 1210 4026 Οὐ
1242 3972 1401 4042 μόνον
1443 3971 1573 4040 γοῦν
1607 3971 1675 4025 τὰ
1711 3970 1802 4040 ὑφ’

211 4064 447 4135 ήγητοῦ,
477 4064 616 4119 ἀλλὰ
642 4066 735 4119 κα)⁸
757 4065 824 4118 τὰ
850 4066 985 4119 Θεοῦ
1024 4067 1299 4137 παρέχων,
1336 4066 1518 4134 λέγει·
1564 4066 1803 4135 Ἀφέον-

212 4157 311 4209 ταί
343 4173 443 4209 σοι
477 4159 537 4209 αἱ
575 4157 853 4225 ἁμαρτίαι
874 4174 885 4185 ·
932 4157 1221 4228 προσέχεις
1255 4157 1533 4211 κάνταῦθα
1583 4159 1642 4211 τὸ
1670 4158 1800 4211 αὐτ-

211 4247 331 4312 εΞού
341 4265 455 4301 σιον
479 4249 668 4312 αὐτοῦ,
691 4249 772 4302 ὅτι
792 4248 992 4301 ὡσανεὶ
1017 4249 1152 4321 πρὸς
1173 4249 1393 4319 μείζονα
1410 4250 1470 4302 οὐ
1491 4248 1800 4320 πρεσϐεύει,

210 4340 325 4393 ἀλλ’
352 4341 431 4404 ὡς
460 4341 818 4413 αὐτοκράτωρ
850 4344 1141 4412 συγχωρεῖ.
1169 4341 1449 4405 Ματθαῖος
1481 4341 1559 4404 δὲ,
1597 4358 1802 4395 συνεισ-

1913 1878 2017 1931 est,
2045 1868 2315 1935 sequitur,
2332 1868 2486 1936 juxta
2528 1871 2840 1924 liazreticam
2871 1872 3091 1941 quidem
3118 1874 3495 1929 ratiocinatio-

1916 1974 2061 2022 nem,
2097 1968 2153 2010 ut
2184 1961 2428 2027 quaedam
2457 1961 2588 2026 sint,
2630 1977 2750 2030 qua:
2781 1977 2886 2016 non
2917 1962 3016 2017 sub
3047 1962 3243 2028 Patris,
3272 1965 3365 2018 sed
3396 1964 3498 2018 sub

1912 2047 2032 2101 Filii
2109 2058 2373 2117 potestate
2438 2063 2849 2106 enumerentnr.
2945 2053 3010 2106 Et
3099 2071 3290 2110 rursus
3355 2067 3370 2107 :
3428 2054 3490 2109 Si

1911 2156 2003 2209 ego
2021 2130 2132 2211 (66)
2154 2142 2391 2211 gloriﬁco
2417 2159 2496 2198 me
2520 2146 2715 2211 ipsum,
2745 2146 2916 2215 gloria
2948 2162 3061 2200 mea
3094 2147 3223 2199 nihil
3257 2157 3332 2201 est
3368 2159 3387 2198 :
3417 2155 3495 2199 est

1914 2230 2078 2301 Pater
2110 2249 2274 2297 mens,
2308 2235 2399 2303 qui
2425 2235 2687 2304 glori/ient
2734 2253 2831 2289 me.
2867 2236 3015 2299 Mihi,
3045 2238 3238 2308 inquit,
3281 2240 3347 2293 de
3377 2255 3492 2294 mea

1913 2322 2090 2376 divina
2130 2323 2299 2393 gloria
2319 2324 2519 2379 dicenti
2550 2344 2563 2380 :
2600 2324 2713 2395 Ego
2742 2325 2852 2397 (67)
2891 2339 2939 2381 et
2985 2328 3148 2382 Pater
3187 2346 3351 2383 unum
3401 2347 3496 2384 sn-

1911 2429 2048 2474 mus,
2091 2429 2195 2467 non
2248 2416 2503 2480 creditis;
2534 2417 2629 2471 sed
2657 2427 2759 2481 est,
2789 2419 2879 2487 qui
2939 2418 3069 2473 mihi
3124 2423 3491 2477 testimonium

1912 2506 2181 2572 perbibet,
2223 2504 2405 2570 Pater,
2439 2510 2735 2563 secundum
2778 2522 3026 2565 naturam
3078 2512 3370 2581 gloriﬁcari
3406 2528 3494 2569 nte

1912 2607 2139 2661 testans,
2171 2614 2293 2652 cum
2324 2600 2493 2669 ipsius
2531 2602 2791 2656 exsistam
2825 2603 3056 2658 dilectus
3086 2602 3275 2669 Filius,
3310 2616 3366 2660 et
3401 2621 3493 2660 ve.-

1913 2703 2024 2753 rtts,
2054 2701 2233 2744 vester
2258 2702 2436 2746 autem
2465 2693 2627 2757 Dens,
2655 2705 2708 2748 et
2743 2695 3021 2750 Dominus.
3051 2696 3253 2751 Deinde
3277 2698 3446 2767 inquit
3477 2717 3490 2751 :

1916 2774 2086 2831 I’ater
2108 2778 2243 2848 (68),
2277 2779 2517 2849 glori/ica
2567 2791 2714 2834 tuum
2752 2780 2970 2844 Filium,
3017 2792 3072 2835 nt
3101 2795 3145 2835 et
3175 2780 3347 2835 Filius
3374 2792 3493 2836 tuas

1910 2870 2162 2939 glot‘iﬁcel
2194 2881 2260 2925 te.
2289 2871 2540 2941 Equalis
2590 2872 2690 2926 hoc
2721 2873 2883 2926 etiam
2923 2873 2974 2927 in
3014 2872 3132 2927 loco
3158 2873 3355 2927 divinis
3384 2889 3495 2927 ser-

1912 2970 2069 3015 vatus
2108 2971 2192 3015 est
2229 2972 2284 3016 et
2315 2963 2510 3026 honor,
2537 2973 2592 3016 et
2632 2963 2801 3033 gloria
2848 2966 3096 3032 persoluis
3128 2981 3140 3017 :
3173 2979 3495 3034 quocunque

1909 3055 2052 3109 enim
2088 3056 2302 3110 modoa
2342 3054 2507 3111 Patre
2547 3055 2840 3127 gloriﬁcari
2888 3057 3380 3112 existitmwerimns
3404 3055 3494 3110 Fi-

1908 3147 2036 3201 lium
2077 3162 2260 3215 suum,
2294 3149 2483 3203 eodem
2526 3150 2643 3219 ipse
2704 3149 2867 3203 Pater
2896 3164 2924 3201 a
2963 3149 3100 3203 Filio
3137 3149 3487 3221 gloriﬁcatur.

1906 3237 1973 3291 Et
2020 3254 2210 3294 rursus
2249 3240 2393 3294 addit
2430 3256 2442 3290 :
2475 3239 2541 3293 Et
2579 3258 2715 3296 nunc
2747 3241 2858 3312 (69)
2894 3240 3131 3309 gloriﬁca
3171 3259 3271 3306 me,
3309 3240 3489 3305 Pater,

1906 3333 2047 3398 apud
2097 3330 2427 3395 temetipsum
2488 3331 2658 3400 gloria
2730 3347 2888 3399 qnam
2947 3330 3128 3395 habui,
3184 3332 3490 3400 priusquam

1906 3421 2135 3473 mundus
2177 3430 2333 3484 esset,
2374 3423 2515 3489 apud
2570 3433 2640 3477 te.
2694 3421 3028 3475 llorrendum
3064 3423 3247 3475 auditu
3288 3430 3388 3484 est,
3422 3423 3490 3476 il-

1907 3507 2017 3561 lum
2047 3508 2154 3577 72
2180 3509 2271 3577 qui
2324 3510 2549 3577 gloriam
2582 3510 2650 3563 ab
2674 3521 2877 3565 aeterno
2909 3512 3071 3565 habet
3102 3513 3241 3580 apud
3272 3510 3488 3565 Patrem

1908 3614 2064 3654 suum
2092 3602 2220 3670 (hoc
2250 3600 2396 3653 enim
2458 3601 2730 3669 signiﬁcat
2763 3602 2874 3671 (70)
2914 3602 3081 3657 illud:
3111 3600 3292 3655 Gloria
3331 3614 3490 3670 quam

1913 3690 2071 3744 habui
2127 3690 2432 3759 priusquam
2480 3694 2707 3742 mundus
2744 3694 2924 3760 esset),
2967 3692 3034 3743 ab
3075 3690 3350 3744 luereticis
3383 3706 3490 3745 non

1911 3781 2235 3853 ﬁeriﬁcari.
2277 3779 2467 3847 Qualis
2487 3790 2670 3833 autem
2702 3791 2823 3834 erat
2855 3782 2998 3834 ista?
3031 3781 3124 3841 Ea,
3160 3791 3216 3833 ut
3249 3791 3398 3849 pnto,
3426 3783 3493 3835 do

1907 3888 2012 3944 qua
2049 3872 2264 3926 Marcus
2310 3871 2475 3927 etiam
2522 3871 2635 3923 ait:
2665 3869 2795 3924 Cum
2837 3872 3025 3924 venerit
3066 3871 3179 3940 (71)
3211 3870 3387 3926 Filius
3430 3874 3488 3925 in

1907 3966 2077 4037 gloria
2113 3964 2291 4018 Patris
2318 3964 2400 4017 sui
2432 3979 2448 4016 :
2481 3962 2620 4030 quod
2654 3963 2879 4032 perinde
2929 3972 3013 4017 est
3055 3980 3118 4017 ac
3156 3967 3200 4017 si
3245 3965 3486 4018 diceret:

1911 4058 2089 4112 Patris
2123 4055 2350 4125 gloriam
2392 4056 2576 4121 habet,
2605 4064 2659 4109 et
2691 4055 2742 4109 in
2777 4055 2874 4108 hac
2899 4055 3093 4107 iterum
3126 4056 3324 4108 veniet.
3346 4056 3491 4121 Qum

1908 4166 2026 4205 rum
2068 4158 2246 4204 autem
2286 4163 2389 4201 una
2427 4156 2512 4202 est
2544 4146 2740 4216 gloria,
2788 4147 2891 4201 alia
2924 4160 3087 4215 atque
3132 4147 3236 4201 alia
3274 4163 3377 4200 non
3408 4159 3491 4201 est

1908 4245 2103 4308 deitas,
2132 4251 2189 4297 et
2232 4257 2480 4311 regnum,
2519 4251 2571 4295 et
2602 4242 2871 4294 adorntio.
2904 4239 3018 4306 Qua
3055 4240 3119 4293 de
3146 4254 3304 4293 causa
3336 4241 3489 4308 prius

1908 4334 2150 4404 praecipit
2182 4351 2195 4387 :
2226 4330 2448 4389 Creditis
2480 4331 2593 4401 (72)
2636 4334 2690 4385 in
2738 4331 2931 4396 Deum,
2968 4340 3017 4383 et
3062 4332 3115 4383 in
3152 4347 3231 4384 me
3273 4330 3484 4384 credite.

213 4432 398 4503 φέρων
424 4433 519 4486 καὶ
550 4433 714 4496 αὐτὸς
744 4436 866 4497 ταῖς
892 4433 1139 4504 περὶτοῦ
1169 4433 1490 4505 μονογενοῦς
1521 4431 1652 4486 Υἱοῦ
1681 4432 1802 4485 θεο-

1909 4425 1973 4479 In
2018 4431 2172 4479 domo
2213 4425 2387 4479 Patris
2424 4428 2521 4478 mei
2560 4426 2859 4479 mansiones
2912 4427 3094 4476 multa:
3141 4434 3284 4477 sunt.
3323 4422 3488 4489 Quasi

212 4522 438 4593 λογίαις,
470 4524 572 4595 ἔφη
593 4541 606 4553 ·
645 4524 859 4590 Οὐδεὶς
884 4524 1164 4593 γινώσκει
1200 4526 1308 4578 τὸν
1339 4525 1571 4594 Πατέρα
1592 4566 1605 4589 ,
1634 4526 1688 4579 εὶ
1707 4524 1794 4593 μὴ

211 4617 244 4666 ό
306 4615 459 4681 Υἱός·
492 4615 636 4669 οὐδὲ
661 4615 771 4669 τὸν
812 4616 946 4669 Υιόν
972 4632 1063 4682 τις
1095 4615 1510 4686 ἐπιγινώσκει,
1542 4619 1592 4671 εἱ
1622 4614 1708 4685 μὴ
1764 4618 1798 4669 ό

212 4706 429 4776 Πατήρ.
463 4707 588 4771 Πῶς
621 4708 803 4762 τοίνυν
826 4703 972 4764 οὗτοι
1000 4707 1423 4779 φιλονεικοῦσιν,
1450 4709 1525 4773 ὡς
1552 4708 1753 4771 εἰδότες
1777 4746 1794 4772 ,

210 4793 301 4849 τὸν
353 4797 453 4867 μὲν
506 4799 730 4870 Πατέρα
783 4800 1149 4871 ἀσύγκριτον·
1204 4800 1296 4854 τὸν
1345 4800 1404 4853 δὲ
1447 4799 1574 4853 Υίὸν
1603 4798 1792 4862 αὑτοῦ,

211 4885 459 4957 ἀνόμοιον
486 4890 636 4961 αὐτῴ
660 4906 674 4921 ·
715 4890 813 4963 τὴν
856 4893 912 4946 δὲ
958 4893 1166 4955 οὐσίαν,
1222 4892 1549 4963 ἀγεννησίαν
1573 4908 1587 4923 ο
1640 4891 1792 4944 οὐδὲν

280 5086 393 5160 (63)
424 5090 570 5160 Oriri
605 5095 765 5160 facio.
795 5094 932 5149 Vide
968 5095 1152 5147 Matth.
1184 5110 1235 5153 ν,
1280 5093 1367 5147 45.

282 5158 399 5230 (64)
428 5159 531 5215 Pro
555 5158 715 5215 malo.
744 5164 876 5217 Vide
910 5164 1066 5218 Rom.
1107 5181 1205 5227 sit,
1238 5166 1337 5230 ll;
1372 5174 1425 5216 et
1465 5163 1481 5216 Ι
1531 5164 1672 5219 Petr.
1708 5180 1790 5228 :tt,

208 5226 268 5290 9;
294 5226 353 5282 et
374 5228 575 5285 Jerem.
607 5246 679 5296 tv,
712 5236 766 5296 ti,
798 5244 904 5289 etc.

280 5296 394 5437 {65;
419 5298 633 5381 omnia.
668 5301 823 5358 Joan.
860 5319 990 5369 xm,
1026 5305 1111 5359 10.

303 5367 373 5420 66
432 5367 489 5423 St
513 5387 626 5437 ego.
654 5370 808 5427 Joan.
845 5390 961 5435 wn,
995 5375 1083 5428 55.

303 5367 394 5438 66)
432 5367 489 5438 Si
513 5387 626 5438 ego.
654 5370 808 5427 Joan.
845 5367 1083 5435 mni“.

277 5437 393 5509 (67)
418 5437 554 5509 Ego.
582 5439 737 5497 Joan.
767 5460 818 5509 χ,
852 5445 944 5499 50.

272 5507 387 5577 (68)
420 5506 605 5569 Pater.
634 5506 959 5577 Joanﬂxvn,
999 5515 1046 5568 1.

275 5575 390 5648 (69)
416 5577 482 5651 Et
508 5596 667 5635 nunc.
695 5581 850 5637 Joan.
888 5575 1023 5650 xvii,
1060 5585 1113 5651 5,
1142 5585 1230 5639 ubi
1254 5586 1441 5641 (iraira
1482 5583 1646 5638 editio
1692 5587 1786 5639 ad-

206 5644 555 5721 ditjjoettlam
584 5651 672 5716 σύ,
711 5653 758 5708 id
790 5665 892 5721 est,
936 5665 1009 5711 tu.

272 5716 389 5787 (70)
417 5715 718 5789 Significat.
774 5715 901 5781 Vide
955 5741 1074 5798 qua:
1117 5727 1437 5783 adnotamus
1496 5728 1560 5782 ad
1608 5745 1777 5802 Segm.

1834 4478 1881 4535 D

1907 4520 2085 4573 dicat:
2115 4516 2248 4571 Cum
2289 4518 2511 4571 deitatis
2574 4517 2777 4571 nullum
2828 4516 2899 4570 sit
2948 4515 3265 4580 discrimen,
3324 4533 3486 4570 unam

1905 4615 1972 4666 de
2006 4609 2273 4664 Trinitate
2317 4608 2519 4663 habere.
2561 4608 2773 4663 debetis
2821 4608 2942 4663 lidei
2993 4609 3359 4678 cognitionem
3392 4620 3489 4661 :nt

1905 4705 1978 4758 ita
2008 4704 2293 4759 credentes
2328 4702 2380 4756 in
2419 4703 2524 4756 illis
2563 4711 2645 4758 ter
2669 4702 3000 4757 beatissimis
3036 4702 3197 4764 aulis,
3229 4716 3346 4770 quae
3368 4716 3486 4756 om-

1906 4796 2062 4851 nibus
2098 4803 2296 4865 aptatze
2324 4805 2472 4858 sunt,
2507 4809 2571 4849 ac
2605 4793 2962 4859 snmcientes,
3005 4793 3321 4848 inhabitetis
3348 4792 3482 4863 (75).

1902 4890 2021 4945 .Iam
2066 4904 2195 4945 vero
2236 4905 2339 4943 non
2396 4890 2552 4945 modo
2606 4891 2882 4946 doctorem
2920 4891 3031 4961 (7i)
3071 4905 3128 4945 se
3171 4893 3484 4956 ostendens,

2057 5113 2111 5151 a.
2167 5093 2375 5147 Excidit
2435 5091 2656 5147 librario
2704 5110 2804 5149 vox
2870 5089 3029 5161 εἶναι,
3066 5096 3307 5152 addenda
3359 5105 3482 5151 ante

1904 5165 2085 5305 u“(67.0
2122 5233 2253 5305 Cum
2293 5238 2506 5305 venerit.
2541 5237 2705 5290 Marc.
2745 5251 2862 5294 vni.
2888 5237 2977 5292 58.

1972 5303 2084 5374 (72)
2110 5303 2357 5358 Creditis.
2398 5304 2553 5361 Joan.
2582 5323 2689 5368 xw,
2726 5306 2749 5358 l
2777 5318 2829 5360 et
2855 5308 2909 5359 ἓ.

1974 5375 2083 5446 (75)
2147 5374 2312 5430 Aulis.
2347 5414 2360 5427 .
2403 5415 2416 5429 .
2452 5417 2465 5429 .
2506 5416 2520 5429 .
2550 5376 2869 5446 inhabilelis.
2903 5376 3124 5431 LOCntio
3183 5376 3379 5431 Bililit'a
3411 5393 3478 5433 ex

1894 5442 2088 5498 Psalm.
2131 5460 2278 5505 LXIV,
2307 5461 2445 5517 vers.
2488 5448 2522 5501 4
2560 5447 2675 5516 (seu
2718 5445 2773 5514 5)
2830 5448 3134 5517 desumpta,
3206 5450 3293 5501 ubi
3347 5448 3478 5517 legi-

1891 5523 1975 5567 tur
2007 5533 2019 5567 :
2054 5516 2484 5586 Κατασκηνώσει
2516 5517 2573 5568 ὲν
2608 5518 2726 5578 ταῖς
2760 5516 2949 5579 αὐλαῖς
2978 5533 3092 5581 σου,
3124 5518 3258 5584 sive,
3312 5529 3367 5574 ut
3399 5516 3481 5574 est

1886 5586 1938 5638 in
1980 5587 2134 5653 Vulg.
2170 5588 2289 5651 int.,
2329 5587 2639 5639 inltabitabt't
2668 5586 2720 5636 in
2748 5587 2901 5639 atriis
2926 5586 3049 5640 tuis.

1958 5655 2070 5721 (74)
2109 5656 2406 5710 Doctorem.
2445 5654 2608 5740 Lego,
2646 5654 2955 5733 ὑφηγητοῦ.
