4146 6418
374 443 483 507 πιεε

1485 456 1571 509 DE
1607 454 1979 510 TRINITATE
2022 453 2217 509 LIBER
2258 453 2534 509 PRIMUS.

3515 456 3618 512 426

371 566 537 633 γενετ,
595 568 671 629 ὡς
716 567 1068 638 προείρηται,
1124 567 1211 621 διὰ
1257 568 1318 621 τὸ
1359 569 1629 624 ἐπίκοινον
1688 572 1780 639 τῆς
1834 570 1939 622 θεό-

2056 578 2139 624 ter
2173 570 2415 623 homines
2446 571 2522 632 tit,
2562 569 2613 622 in
2647 569 2758 624 otio
2792 573 2968 639 degat,
3019 584 3137 624 cum
3171 571 3324 625 Pater
3366 572 3416 627 in
3463 572 3619 637 Filio,

370 671 554 726 τητος,
596 659 690 709 καὶ
732 658 830 728 τῆς
861 659 1141 729 ἀδιαδόχου
1175 662 1303 730 μιᾶς
1339 660 1636 729 βασιλείας.
1672 662 1795 723 Πῶς
1837 660 1946 731 γὰρ

368 746 469 798 καὶ
512 746 765 819 ἐγχωρεῖ,
805 748 896 801 τὸν
936 750 1033 819 μὲν
1062 750 1270 821 ἄρχειν,
1311 752 1402 804 τὸν
1430 752 1506 815 δὲ,
1537 752 1613 813 ὼς
1649 753 1707 802 ἐν
1737 749 1945 821 ἀνθρώ-

2051 668 2103 711 ει
2133 659 2297 712 Filius
2330 659 2382 711 in
2413 658 2575 712 Patre
2603 669 2838 724 maneat,
2875 670 2928 712 et
2964 660 3196 728 Spiritus
3226 676 3252 714 a
3302 662 3456 716 Patre
3495 680 3622 732 pro-

2053 750 2228 813 cedat,
2261 766 2323 804 ac
2350 758 2565 804 ntaneat
2597 750 2735 818 apud
2798 749 2991 804 Filium
3032 751 3142 823 (51)
3184 752 3365 805 divino
3423 754 3624 807 modo?

370 853 512 899 ποις,
552 842 795 911 σχολαῖον
824 838 996 905 εἶναι,
1034 842 1160 896 ὅταν
1192 844 1220 895 ὁ
1265 844 1454 914 Πατὴρ
1494 845 1551 897 ὲν
1599 843 1677 912 τῷ
1742 842 1867 912 ι’ἰῷ,
1907 843 1997 894 καὶ
2046 843 2075 894 ό
2118 840 2244 904 Υἱὸς
2288 844 2346 894 ὲν
2380 842 2456 911 τῷ
2499 842 2675 912 Πατρὶ
2723 841 2911 916 μένει,
2956 841 3048 894 καὶ
3085 844 3245 896 ὁπότε
3296 844 3357 896 τὸ
3399 844 3621 915 Πνεῦμα

367 933 726 1005 ἐκπορεύεται
769 931 921 1004 παρὰ
986 932 1080 986 τοῦ
1119 936 1352 1006 Πατρὸς,
1387 937 1481 987 καὶ
1520 935 1668 1005 μένει
1719 934 1868 1003 παρὰ
1919 932 1995 1002 τῷ
2034 931 2149 1002 Υἱῷ
2179 931 2409 996 θεῖκῶς;

880 1112 962 1184 ιιι
1005 1113 1058 1185 ι]
1106 1115 1263 1170 ΚΕΦ.
1306 1115 1430 1168 AB'.

458 1197 599 1271 Περί
628 1202 984 1274 δοξολογὶας
1014 1206 1199 1260 αὐτοῦ
1233 1206 1339 1259 τοῦ
1372 1206 1504 1260 Υἰοῦ
1543 1206 1648 1259 τοῦ
1682 1205 1849 1259 Θεοῦ.

442 1295 745 1365 Τοιγαροῦν
774 1297 867 1350 καὶ
910 1298 1035 1369 περὶ
1066 1300 1165 1369 τῆς
1190 1298 1348 1368 δόξης
1377 1297 1541 1352 αὐτοῦ
1571 1298 1667 1351 θέα
1690 1337 1704 1360 ,
1732 1292 1821 1351 οἷα
1852 1299 1945 1351 καὶ

367 1382 527 1449 αὖθις
574 1387 938 1458 μαρτυροῦσιν
984 1390 1033 1441 οἱ
1078 1388 1244 1457 ἅγιοι,
1277 1384 1384 1453 ὧν,
1425 1390 1608 1460 φησιν,
1655 1393 1693 1442 δ
1720 1391 1945 1458 κόσμος

368 1478 482 1529 οὐκ
502 1472 581 1545 ἦν
607 1475 803 1542 ἄξιος⁸
832 1476 1172 1542 διδάσκοντες
1199 1481 1346 1550 ἡμᾶς
1373 1480 1498 1541 τοὺς
1521 1479 1702 1549 χάριτι
1732 1480 1823 1533 ἐπὶ
1846 1482 1945 1550 τῆς

369 1567 472 1637 γῆς
522 1566 817 1636 κληθέντας
866 1569 1048 1633 υἱοὺς,
1078 1569 1170 1622 τὸν
1217 1571 1280 1623 ὲκ
1329 1570 1432 1640 τῆς
1476 1570 1829 1632 ὑποστάσεως
1854 1571 1947 1623 τοῦ

369 1657 583 1727 Πατρὸς
620 1659 882 1729 μονογενῆ
913 1660 1039 1712 Υἱὸν
1066 1661 1124 1712 ὲν
1154 1659 1263 1731 ἴση,
1298 1660 1550 1732 καθάπερ
1583 1661 1767 1725 αὑτὸν,
1795 1660 1949 1727 δοξά-

369 1748 483 1809 ζειν
505 1746 653 1818 δόξῃ,
685 1751 779 1801 καὶ
807 1748 1134 1803 ἀποϐλέπειν
1164 1751 1244 1814 εἰς
1268 1732 1368 1821 τὴν
1400 1751 1557 1817 δόξαν
1582 1752 1647 1822 ἢν
1677 1747 1818 1822 εἶχεν
1843 1751 1949 1823 πρὸ

369 1837 459 1890 τοῦ
492 1839 584 1891 τὸν
628 1841 831 1910 κόσμον
874 1836 1011 1894 εἷναι
1060 1841 1209 1912 παρὰ
1240 1842 1318 1912 τῷ
1366 1843 1543 1913 Πατρὶ
1589 1842 1666 1911 τῷ
1704 1842 1780 1913 μὴ
1814 1842 1946 1910 φθο-

2648 1107 2799 1165 CAP.
2844 1109 3059 1171 XXXII.

2364 1198 2439 1255 De
2471 1200 2638 1270 gloria
2670 1200 2771 1268 ipsi
2806 1200 2899 1255 Dei
2930 1199 3076 1255 Filio
3111 1203 3338 1256 reJdtta.

2116 1290 2237 1347 Jam
2268 1304 2399 1345 vero
2437 1292 2504 1344 de
2542 1288 2712 1358 gloria
2743 1303 2956 1359 quoque
3004 1292 3192 1361 ipsius,
3247 1306 3311 1345 ac
3342 1291 3622 1358 majestate
3688 1286 3708 1305 ‘

2052 1382 2173 1435 vide
2222 1379 2397 1449 qualia
2464 1395 2652 1435 rursus
2698 1389 2968 1434 testentur
3026 1381 3230 1444 sancti,
3278 1398 3498 1451 quorum
3544 1382 3623 1433 di-

2053 1487 2204 1542 gnus,
2251 1482 2308 1525 ut
2341 1471 2415 1522 ait
2472 1469 2751 1540 Scriptbra
2791 1470 2925 1541 (52),
2962 1488 3061 1526 non
3107 1481 3221 1527 erat
3267 1477 3515 1528 mundus.
3559 1474 3621 1528 Hi

2053 1577 2215 1632 porro
2244 1578 2343 1618 nos
2377 1565 2591 1629 docent,
2626 1562 2695 1616 ab
2735 1563 2823 1627 iis,
2864 1565 2953 1633 qui
2983 1564 3036 1617 in
3083 1574 3226 1618 terra
3268 1580 3363 1629 per
3392 1577 3621 1636 gratiam

2053 1655 2227 1708 vocati
2265 1664 2391 1709 sunt
2430 1652 2545 1717 lilii,
2592 1652 2742 1706 illum
2771 1653 2860 1721 qui
2898 1669 2965 1708 ex
3010 1669 3240 1724 persona
3274 1654 3450 1709 Patris
3480 1657 3622 1710 exsi-

2051 1745 2145 1799 stit
2184 1745 2521 1814 unigenitum
2555 1743 2750 1797 Filium
2780 1744 2997 1813 aequali,
3047 1760 3109 1800 ac
3161 1746 3334 1814 ipsum
3371 1745 3619 1810 'Patrem.

2051 1832 2221 1902 gloria
2257 1829 2570 1900 gloriﬁcari,
2604 1845 2831 1901 eamque
2873 1832 3098 1903 gloriam
3133 1833 3202 1887 ab
3237 1834 3368 1902 ipsis
3405 1836 3619 1904 respici.

362 1925 545 1980 νοῢντι
571 1926 647 1998 τῷ
681 1929 990 2001 Ἀγαπητῷο
1028 1930 1324 2000 βασκανίας
1353 1932 1460 2002 γὰρ
1490 1933 1584 1984 καὶ
1615 1931 1815 1993 παντὸς
1845 1933 1939 1986 πά-

2051 1934 2207 1990 quant
2239 1920 2447 1986 habuit,
2465 1921 2777 1991 priusquam
2817 1924 3047 1977 mundus
3065 1932 3226 1989 esset,
3253 1926 3390 1992 apud
3406 1922 3620 1978 Patrem

365 2022 492 2081 θους
522 2020 583 2072 τὸ
610 2020 763 2074 Θεῖον
807 2020 1120 2092 ἐλεύθερον.
1177 2020 1341 2074 Δαυῗδ
1388 2024 1446 2074 ὲν
1499 2030 1579 2075 οα¹
1607 2022 1841 2093 ψαλμῷ,
1885 2022 1943 2076 ὃν

362 2112 812 2183 ὁμολογουμένως
855 2113 985 2182 περὶ
1048 2111 1142 2165 τοῦ
1212 2112 1450 2184 Χριστοῦ
1516 2115 1943 2184 προεφήτευσεν,

368 2203 603 2267 Ἔσται,
635 2204 819 2273 φησιν,
855 2203 920 2257 τὸ
954 2203 1143 2272 ὄνομα
1183 2204 1370 2257 αὐτοῦ
1414 2203 1823 2274 εὐλογημένον
1859 2211 1945 2272 εἰς

362 2294 506 2359 τοὺς
538 2295 779 2360 αἰῶνας·
817 2294 931 2363 πρὸ
965 2295 1070 2349 τοῦ
1114 2295 1294 2362 ἡλίου
1344 2294 1607 2363 διαμένει
1646 2297 1714 2348 τὸ
1758 2296 1946 2366 ὄνομα

360 2386 552 2440 αὑτοῦ
588 2386 687 2438 καί
725 2385 838 2452 πρὸ
869 2383 979 2453 τῆς
1012 2385 1283 2453 σελήνης
1315 2385 1527 2455 γενεὰς
1556 2384 1811 2456 γενεῶν
1841 2389 1940 2441 καί

358 2476 1058 2545 ἐνευλοτηιθήσονται.ἐν
1105 2478 1264 2543 αὐτῷ
1296 2478 1484 2532 πᾶσαι
1515 2481 1576 2532 αἰ
1607 2477 1797 2547 φυλαὶ
1833 2477 1943 2547 τῆς

357 2565 499 2633 γῆς,
530 2566 630 2618 καί
663 2566 859 2621 πάντα
895 2568 970 2622 τὰ
997 2568 1142 2637 ἔθνη
1164 2570 1566 2638 μακαριοῦων
1595 2569 1800 2624 αὐτόν.
1829 2571 1946 2624 Εὑ-

356 2658 625 2726 λογητὸς
657 2658 874 2727 Κύριος
921 2664 953 2714 ό
1010 2662 1154 2726 Θεὸς
1194 2662 1301 2716 τοῦ
1364 2662 1707 2731 ’Ῑσραὴλγό
1755 2658 1944 2718 ποιῶν

360 2748 667 2817 θαυμάσια
711 2752 921 2819 μόνος,
976 2754 1075 2807 καί
1118 2754 1450 2823 εὐλογητὸν
1494 2753 1560 2807 τὸ
1611 2754 1797 2825 ὄνομα
1834 2752 1944 2825 τῆς

354 2838 547 2906 δόξης
571 2841 756 2894 αὐτοῦ
778 2844 865 2907 εἰς
901 2844 1008 2898 τὸν
1037 2844 1222 2901 αἰῶνα
1251 2847 1350 2899 καί
1376 2848 1461 2911 εἰς
1488 2847 1596 2900 τὸν
1618 2844 1806 2902 αἰῶνα
1833 2848 1942 2903 τοῦ

362 2927 579 2996 αἰῶνος
599 2931 717 2985 ’καί
744 2934 1197 3001 πληρωθήσεται
1230 2935 1339 3003 τῆς
1360 2936 1544 3004 δόξης
1564 2938 1751 2993 αὐτοῦ
1775 2936 1944 2994 πᾶσα

364 3024 406 3091 ἠ
426 3022 522 3092 γῆ·
546 3023 1215 3095 γένοιτο.-Εὑλογητὸς
1226 3028 1440 3095 Κύριος
1454 3031 1487 3081 d
1501 3027 1644 3094 Θεὸς
1669 3028 1939 3106 Ἰσραὴλ,

363 3108 536 3179 εἶπεν,
568 3115 689 3167 ἀντὶ
719 3114 812 3167 τοῦ
835 3154 849 3179 ,
884 3114 1272 3187 δοξαζόμενος,
1306 3117 1339 3188 ἢ
1370 3118 1708 3189 αἰνούμενος.
1753 3121 1810 3173 '0
1835 3120 1942 3190 γὰρ

361 3204 534 3269 Θεὸς,
566 3204 868 3273 εὐλογεῖται
910 3206 1010 3276 μὲν
1054 3206 1159 3259 ὑπὸ
1206 3200 1312 3260 τῶν
1343 3207 1522 3278 ἔργων
1553 3207 1750 3271 αὑτοῦ,
1795 3206 1940 3262 τοῦτ’

2046 2010 2243 2066 dilecto
2289 2026 2388 2066 suo
2428 2028 2534 2067 non
2575 2012 2902 2067 invidentem
2936 2032 2949 2067 :
2994 2014 3341 2081 malignitatis
3372 2016 3539 2079 enim,
3566 2026 3622 2070 et

2044 2103 2416 2173 cujuscunque
2447 2100 2594 2173 pravi
2619 2103 2842 2159 allectus
2868 2120 3061 2175 expers
3088 2116 3171 2161 est
3206 2107 3487 2162 Divinitas.
3516 2109 3621 2161 Da-

2047 2194 2132 2247 vid
2162 2190 2378 2263 quidem
2421 2196 2473 2248 in
2508 2210 2640 2249 LXXI
2682 2196 2908 2263 psalmo,
2938 2210 3096 2264 quem
3144 2198 3263 2253 sine
3305 2208 3621 2253 controver-

2045 2282 2125 2336 sia
2166 2283 2232 2337 de
2279 2282 2501 2337 Christo
2547 2285 2883 2354 prophetavit
2914 2303 2926 2338 :
2954 2282 3071 2338 Erit
3102 2284 3238 2357 (5'5),
3297 2287 3489 2356 inquit,
3526 2304 3622 2339 no-

2045 2390 2161 2428 men
2188 2376 2301 2437 eius
2329 2374 2651 2430 benedictum
2698 2378 2752 2429 in
2782 2376 2976 2430 saecula
3007 2390 3025 2427 :
3062 2388 3183 2430 ante
3220 2377 3379 2430 solem
3409 2393 3616 2446 perma-

2044 2475 2128 2535 net
2169 2482 2355 2521 nomen
2390 2469 2526 2536 ejus,
2574 2480 2621 2520 et
2684 2477 2802 2521 ante
2843 2468 3023 2520 lunam
3075 2470 3431 2537 generationes
3469 2486 3614 2537 gene-

2044 2558 2328 2612 rationum.
2362 2556 2430 2612 Et
2470 2558 2839 2613 benedicentur
2874 2561 2928 2612 in
2966 2560 3079 2628 ipso
3107 2558 3214 2629 97
3249 2576 3422 2614 omnes
3456 2560 3619 2613 tribus

2044 2657 2220 2713 terrae,
2257 2657 2303 2701 et
2353 2665 2528 2702 omnes
2574 2661 2747 2719 gentes
2798 2652 3003 2703 beatum
3056 2652 3414 2718 prardicabunt
3446 2652 3614 2704 illum.

2044 2736 2351 2794 Benedictus
2392 2739 2645 2794 Dominus
2704 2741 2840 2794 Deus
2869 2739 3112 2806 Israelis,
3141 2741 3229 2811 qui
3277 2742 3404 2810 facit
3454 2744 3620 2795 mira-

2046 2830 2172 2884 bilia
2206 2831 2369 2896 solus,
2399 2841 2446 2886 et
2475 2832 2796 2886 benedictum
2828 2849 3015 2887 nomen
3060 2831 3244 2901 gloria:
3283 2833 3396 2901 ejus
3431 2833 3483 2886 in
3512 2850 3613 2886 ste-

2045 2922 2240 2985 cuium,
2277 2931 2329 2975 et
2357 2923 2411 2976 in
2463 2921 2711 2976 sa’culum
2742 2920 2944 2976 saeculi.
3004 2917 3075 2973 Et
3108 2920 3409 2990 implebitur
3448 2922 3617 2991 gloria

2044 3013 2160 3081 ejus
2188 3013 2355 3066 omnis
2394 3023 2550 3066 terra.
2592 3011 2737 3065 Fiat.
2781 3010 2870 3065 Ait
2905 3020 3107 3077 autem,
3142 3008 3457 3065 Benedictus
3507 3012 3619 3065 Do-

2042 3105 2215 3157 minus
2261 3102 2400 3158 Deus
2429 3102 2670 3167 Israelis,
2718 3103 2820 3158 hoc
2855 3112 2958 3169 est,
3000 3102 3352 3173 gloriticatus,
3383 3114 3474 3158 aut
3503 3104 3613 3159 lau-

2045 3194 2202 3249 datus
2232 3193 2366 3265 (54).
2410 3193 2542 3248 Nam
2593 3193 2735 3249 Deus
2766 3194 3109 3250 benedicitur
3134 3197 3351 3265 quidem
3380 3196 3447 3252 ab
3489 3213 3617 3268 ope-

364 3295 514 3348 ἔστιν
540 3294 841 3361 δοξάζεταιο
869 3296 1080 3365 εὐλογεῖ
1094 3296 1149 3351 δὲ
1174 3298 1333 3361 αὐτὸς
1354 3297 1422 3350 τὰ
1442 3300 1617 3351 οἰκεῖα
1643 3298 1939 3367 κτίσματα,

2044 3288 2193 3344 ribus
2227 3289 2358 3349 suis,
2420 3288 2471 3341 id
2523 3299 2625 3355 εει,
2695 3288 3067 3363 gloriﬁcatur;
3120 3289 3392 3345 benedicit
3436 3300 3616 3346 autem

363 3387 507 3441 τοῦτ’
543 3387 690 3440 ἐστιν
722 3388 956 3455 ἁγιάζει.
998 3389 1429 3460 Ἐπισημαντέον
1455 3389 1512 3444 δὲ
1532 3430 1548 3453 ,
1580 3390 1657 3453 ὡς
1684 3390 1778 3443 καὶ
1806 3389 1940 3454 Θεὸς

376 3476 623 3547 Ἰσραὴλ,
655 3477 683 3529 ὃ
721 3479 838 3530 ἐστι
871 3478 1003 3542 Θεὸς
1048 3478 1157 3532 τῶν
1187 3480 1463 3550 πατέρων,
1497 3479 1641 3535 καθὰ
1681 3482 1710 3533 ὁ
1752 3479 1940 3552 Πατὴρ

357 3567 530 3622 αὐτοῦ
561 3569 866 3640 ἀνείρηται.
913 3571 1025 3624 Καὶ
1058 3572 1116 3623 ὲν
1146 3578 1227 3624 πε⁹
1255 3570 1454 3643 ψαλμῷ
1481 3571 1541 3625 τὸ
1570 3588 1941 3643 παγκρατορι-

360 3660 462 3714 σιὸν
490 3662 583 3714 καὶ
607 3661 954 3733 πανδύναμον
982 3661 1076 3715 τοῦ
1115 3663 1457 3731 Μονογενοῦς
1483 3703 1497 3726 ,
1546 3664 1642 3716 καὶ
1681 3661 1758 3725 ὡς
1790 3662 1938 3731 ὀφεί-

361 3754 447 3806 λει
481 3752 796 3817 δοξάζεσθαι
843 3753 1143 3825 erupto-ubi),
1180 3753 1401 3822 ψάλλειο
1434 3752 1636 3807 Πάντα
1663 3753 1735 3806 τὰ
1763 3753 1937 3820 ἔθνη,

354 3845 483 3898 ὅσα
545 3844 867 3912 ἐποίησας,
914 3844 1202 3912 ἥξουσιν,
1252 3845 1349 3897 καὶ
1399 3843 1942 3911 προσκυνήσουσιν

359 3936 620 3989 ἐνώπιόν
662 3952 801 4000 σου,
850 3938 1027 4003 Κύριε
1051 3978 1066 3999 ,
1104 3936 1205 3989 καὶ
1232 3935 1607 3997 δοξάσουσιν
1642 3934 1708 3988 τὸ
1755 3933 1941 4003 ὄνομα

359 4042 501 4090 σου,
533 4027 624 4081 ὅτι
647 4027 836 4095 μέγας
859 4023 918 4080 εἷ
933 4026 1037 4090 σὺ,
1072 4026 1171 4081 καί
1199 4010 1385 4080 ποιῶν
1408 4024 1737 4095 ,θαυμάσια
1774 4024 1856 4078 σὺ
1887 4020 1946 4077 εἷ

359 4123 397 4172 ό
429 4118 577 4184 Θεὸς
599 4105 946 4187 μόνοςίκαὶ
972 4119 1032 4172 ἐν
1083 4124 1173 4188 ιη’·
1210 4121 1273 4171 Ol
1313 4116 1556 4184 οὐρανοί
1595 4114 1941 4184 διηγοῦνται

360 4208 555 4274 δόξαν
596 4209 763 4263 Θεοῦ.
792 4210 948 4275 Πῶς;
981 4206 1072 4278 Τῷ
1108 4207 1387 4279 δεικνύναι
1427 4205 1537 4259 ἀπὸ
1564 4205 1665 4274 τῆς
1695 4204 1941 4274 δοθείσης

360 4302 546 4364 αὐτοῖς
589 4300 1007 4372 μεγαλειότητος
1045 4300 1140 4353 καὶ
1182 4298 1520 4369 ὼραιότητος
1547 4338 1562 4362 ,
1621 4295 1715 4367 [42
1749 4294 1806 4365 α]
1849 4294 1940 4346 ἀν-

362 4393 700 4464 υπέρϐλητον
728 4393 822 4445 καὶ
844 4390 1196 4462 δοξαζόμενον
1223 4391 1311 4443 τὸν
1337 4389 1815 4459 δημιουργήσαντα
1836 4425 1850 4450 ,
1883 4386 1941 4448 ὃς

359 4489 508 4539 ἐστιν
541 4487 569 4537 ὁ
589 4484 721 4547 Θεὸς
751 4484 941 4552 Λόγος.
975 4482 1061 4547 Τῷ
1116 4483 1225 4554 γὰρ
1255 4484 1422 4551 Λόγῳ
1446 4480 1666 4546 Κυρίου
1692 4480 1745 4531 οἰ
1766 4479 1940 4544 οὐρα-

355 4579 454 4634 νοί
468 4576 944 4645 ἐστερεώθησαν.
971 4574 1068 4627 καὶ
1095 4572 1175 4638 τῷ
1195 4575 1494 4640 Πνεύματι
1516 4569 1621 4623 τοῦ
1643 4570 1942 4636 στόματος

2042 3380 2155 3450 ipse
2180 3380 2428 3449 proprias
2457 3391 2757 3445 creaturas,
2789 3380 2843 3434 id
2874 3389 2978 3446 est,
3002 3395 3097 3435 eas
3125 3382 3448 3436 sanctiﬁcat.
3483 3381 3614 3435 Illud

2041 3471 2203 3523 etiam
2261 3471 2796 3526 animadvertendum
2849 3480 2971 3540 est,
3014 3470 3184 3527 Deum
3238 3472 3469 3538 lsraelis,
3516 3476 3616 3527 hoc

2041 3569 2146 3616 est.
2178 3560 2341 3613 Deum
2375 3569 2612 3628 patrum,
2649 3560 2791 3615 sicut
2830 3570 3051 3616 vocatus
3083 3571 3167 3615 est
3197 3562 3357 3616 Pater
3387 3564 3526 3627 ejus,
3564 3577 3611 3613 ιιι

2042 3651 2212 3719 ipsum
2245 3650 2332 3703 hic
2361 3650 2662 3718 praedicari.
2694 3649 2760 3703 Et
2793 3652 2846 3705 in
2880 3665 3060 3705 uxxv
3082 3651 3310 3720 psalmo,
3346 3649 3613 3720 Unigeniti

2041 3742 2487 3811 omnipotentiam
2518 3740 2658 3810 (55),
2685 3755 2748 3794 ac
2780 3741 3150 3796 omnimodam
3186 3742 3448 3811 quidlibet
3497 3742 3611 3795 elli-

2041 3833 2217 3889 ciendi
2247 3840 2573 3901 potestatem
2607 3832 2922 3896 ostendens,
2945 3842 3000 3888 et
3036 3833 3261 3904 gloriam
3306 3834 3354 3887 ei
3390 3835 3615 3889 redden-

2042 3927 2162 3979 dam
2205 3939 2324 3979 esse
2372 3924 2594 3990 docens,
2631 3922 2704 3978 ita
2757 3918 2980 3993 psallit:
3022 3923 3214 3978 Omnes
3253 3924 3366 3994 (56)
3417 3935 3612 3995 gentes,

2039 4030 2371 4084 quascunque
2407 4012 2592 4081 fecisti,
2627 4012 2854 4078 uenient,
2904 4020 2955 4065 et
3006 4011 3295 4065 adorabunt
3332 4028 3509 4064 coram
3543 4021 3613 4076 te,

2043 4105 2281 4172 Domine,
2319 4113 2366 4158 et
2405 4102 2778 4175 gloriﬁcabunt
2807 4117 2995 4156 nomen
3026 4109 3194 4164 tuum,
3225 4102 3471 4169 quoniam
3504 4119 3615 4154 ma-

2040 4215 2173 4269 gnus
2208 4215 2261 4252 es
2311 4208 2367 4250 tu
2410 4198 2460 4250 'et
2497 4196 2699 4265 faciens
2734 4194 3000 4249 mirabilia
3030 4210 3049 4249 :
3079 4204 3132 4247 tu
3162 4210 3214 4248 es
3263 4193 3404 4247 Deus
3445 4193 3610 4252 solus.

2044 4291 2107 4343 Et
2144 4291 2196 4343 in
2228 4304 2358 4343 xvm
2388 4308 2400 4343 :
2439 4285 2568 4343 Caeli
2600 4288 2712 4358 (57)
2748 4297 2998 4342 enarrant
3041 4288 3265 4357 gloriam
3302 4285 3416 4339 Dei.
3468 4286 3613 4351 Quo-

2042 4379 2200 4434 modo
2235 4388 2413 4431 autem
2453 4377 2748 4431 enarrant?
2784 4374 2892 4431 Per
2939 4376 3364 4446 ampliludinem,
3415 4385 3467 4428 et
3497 4377 3611 4443 pul-

2042 4468 2424 4530 chritudinem,
2467 4481 2570 4536 qua
2621 4467 2804 4521 donati
2843 4478 2989 4531 sunt,
3034 4475 3089 4520 et
3141 4480 3242 4534 qua
3282 4466 3611 4535 praestantis-

2044 4562 2261 4625 simum,
2311 4569 2362 4613 et
2397 4559 2565 4629 gloria
2626 4559 2844 4627 dignum
2905 4574 3025 4613 esse
3080 4559 3373 4613 ostendunt
3424 4573 3608 4611 eorum

356 4669 548 4725 αὑτοῦ
575 4667 766 4724 πᾶσαι
787 4669 847 4721 αἰ
866 4663 1151 4734 δυνάμεις
1174 4663 1392 4718 αὐτῶν.
1424 4660 1562 4715 Οὔτε
1590 4654 1682 4713 οὖν
1709 4656 1805 4728 τὴν
1829 4656 1938 4709 τῶν

2044 4653 2397 4721 conditorem,
2432 4654 2522 4724 qui
2556 4663 2637 4708 est
2669 4654 2806 4709 Deus
2829 4651 3064 4708 Verbum
3095 4668 3109 4706 :
3137 4668 3259 4707 nam
3298 4650 3460 4705 Verbo
3490 4650 3602 4723 (58)

357 4851 617 4922 synodica
651 4851 899 4931 epistola,
949 4862 1110 4929 quam
1156 4845 1375 4925 primus.
1395 4841 1560 4896 edidit
1590 4841 1671 4893 vir
1705 4839 1772 4894 cl.
1808 4837 1933 4891 Val-

356 4921 580 4983 larsius,
616 4921 730 4974 haec
760 4920 978 4988 Origent
1013 4919 1175 4988 verba
1216 4916 1405 4988 tribuit
1450 4910 1724 4988 pagZSI‘H,
1753 4907 1935 4988 tom-xl

616 4962 1005 5058 ’ὥὲτῦἱιγῗῖιέέ
1040 4984 1237 5040 Christi
1270 4962 1775 5060 regimini/iniretur
1821 4976 1929 5030 ali-

355 5050 589 5130 quando.
621 5061 665 5114 A
695 5075 802 5128 qun
842 5050 1029 5130 errore
1062 5071 1222 5126 quam
1268 5050 1424 5123 longe
1473 5050 1613 5105 absit
1648 5050 1929 5118 Didymus,

357 5127 505 5199 patet
538 5127 738 5199 exiboc
770 5127 968 5199 capite.
1073 5193 1105 5199 _
1189 5192 1203 5199 _
1620 5189 1634 5199 _
1696 5185 1709 5196 ε
1894 5186 1925 5199 __

431 5199 543 5271 (5i)
582 5198 663 5271 Μ.
699 5216 781 5271 a._
803 5186 1024 5271 Filium.
1073 5193 1149 5248 De
1189 5192 1313 5257 hac,
1351 5186 1926 5271 aliisquehujusmodi

356 5255 725 5324 locationibus
756 5268 995 5340 Didymi,
1038 5255 1340 5340 sermonem
1382 5255 1539 5340 habui
1585 5260 1645 5340 in
1685 5255 1926 5325 Epistola

355 5340 427 5392 ad
452 5340 755 5392 Archintum
804 5332 1098 5404 praesulem.
1140 5332 1404 5404 (laeternm
1443 5332 1541 5382 hac
1585 5332 1720 5404 ipsa,
1760 5340 1923 5393 quam

290 5456 299 5459 -
355 5411 618 5479 Didymus
653 5401 831 5479 είΐετι,
882 5407 1092 5479 ratione
1137 5401 1804 5479 Origene":"postmodum
1840 5410 1926 5448 re-

352 5467 494 5531 fellit
536 5467 866 5546 Theophilus
913 5475 964 5528 in
994 5470 1203 5546 prima
1228 5467 1481 5546 Pascha“;
1521 5467 1746 5546 epistola
1785 5480 1925 5546 anno

350 5550 454 5602 ιω
495 5548 637 5611 datu,
682 5533 832 5601 Illum.
871 5546 926 5615 5_,
956 5533 1076 5614 ρέα.
1107 5542 1232 5615 55g.
1283 5533 1755 5615 Ubi_eri_t‘_.inqnit,
1788 5533 1926 5615 quod

351 5634 557 5685 semper
589 5605 760 5670 Filius
800 5617 855 5669 in
888 5605 1073 5676 Ρᾰιτὲ,
1100 5623 1147 5666 et
1180 5610 1364 5685 Pater_
1383 5610 1435 5661 in
1470 5605 1609 5659 Filio
1634 5615 1733 5669 est,
1767 5605 1811 5658 si
1841 5619 1925 5656 re-

350 5680 525 5757 gnum
556 5685 686 5757 Filii
720 5704 823 5740 non
864 5686 962 5757 erit
994 5680 1366 5757 rcowternum?

426 5756 539 5826 (52)
578 5756 872 5826 S_criplura.
912 5755 1071 5808 Hebr.
1108 5769 1181 5816 XI,
1216 5750 1303 5805 58.

426 5813 886 5897 (53)_Erit'.Psa|.
917 5839 1061 5892 uxr,
1096 5838 1124 5876 a
1164 5813 1305 5897 vers.
1337 5818 1402 5873 ΓΙ
1434 5818 1497 5870 ad
1528 5813 1815 5897 ειηγυτιηι
1851 5824 1924 5866 ta-

351 5888 501 5965 men,
525 5888 600 5949 ’Et
641 5909 759 5948 ante
790 5898 968 5948 lienam
1007 5888 1364 5962 generationes
1412 5888 1829 5958 generatiouum,
1865 5900 1924 5937 ex

636 5989 904 6050 ΡΑτιιοι..
954 5988 1070 6049 (in.
1118 5979 1427 6046 XXXIX;

2026 4832 2319 4893 .versiculo
2346 4833 2537 4897 quinto
2562 4830 2801 4901 ejusdem
2829 4824 3018 4897 psalmi
3042 4826 3146 4901 huc
3176 4825 3435 4901 translata
3456 4838 3601 4883 sunt.

2040 4904 2113 4957 Ibi
2152 4912 2330 4957 autem
2365 4901 2551 4956 Graeca
2592 4898 2764 4955 editio
2805 4913 2901 4968 pro
2932 4898 3143 4966 γενεάς.
3178 4898 3229 4949 id
3260 4906 3342 4949 est
3382 4915 3604 4962 genera-

2038 4975 2232 5035 tiones,
2268 4974 2446 5033 habet,
2476 4973 2693 5038 γενεᾶς,
2734 4967 2872 5039 quod
2926 4967 3076 5039 Vulg.
3127 4969 3390 5039 interpres
3426 4969 3604 5039 vertit,

2034 5044 2090 5096 in
2111 5042 2461 5110 generatione.
2477 5035 2642 5093 Paulo
2664 5035 2793 5110 post
2822 5053 2940 5107 pro.
2973 5036 3066 5089 καὶ
3091 5035 3401 5104 εὑλογητόν,
3435 5035 3604 5088 Βιωίιι

2036 5109 2257 5182 habent,
2271 5114 2383 5182 aco).
2406 5111 2600 5182 εὑλογη
2609 5109 2785 5182 μένον.

2108 5174 2719 5252 (54)]Αιιάαιυῴᾞοε
2775 5192 2938 5252 sensu
3000 5174 3333 5252 a__prol_‘anis
3387 5191 3605 5252 quoque

2032 5246 2387 5319 scriptoribus
2419 5251 2683 5318 accipitur
2724 5250 2946 5303 vet-hum
3000 5246 3264 5313 εὐλογεῖν,
3308 5264 3400 5301 seu
3450 5250 3603 5297 bene-

2031 5324 2221 5375 dicere.

2103 5390 2216 5462 (55)
2237 5388 2700 5462 Omnipotentiam.
2720 5387 2842 5452 Pro,
2865 5386 3329 5462 παγκρατορικόν,
3345 5383 3605 5462 _Clem_en_s

2033 5463 2084 5515 in
2112 5456 2303 5528 iqut'nto
2347 5459 2694 5521 Stromatum,
2746 5474 2809 5512 ac
2864 5459 3120 5527 Didymus
3162 5456 3425 5526 superius
3468 5456 3605 5508 dixit

2032 5529 2547 5600 παντοκρατορικόν.

2104 5603 2216 5672 (56)
2245 5592 2468 5672 Ὀμιῂεε.
2504 5598 2668 5672 _l’sal.
2724 5614 2919 5672 uttxv,
2978 5612 3117 5650 vers.
3175 5596 3206 5650 8
3250 5606 3301 5650 el
3346 5592 3398 5648 9.
3434 5594 3601 5649 Biblia

2034 5668 2253 5734 habent,
2283 5668 2436 5731 Θεός,
2474 5669 2588 5721 sine
2628 5668 2872 5720 articulo.

2101 5741 2213 5807 (57)
2254 5737 2402 5792 Caeli.
2437 5737 2574 5791 Psal.
2627 5753 2777 5799 χνιιι,
2815 5751 2955 5790 vers.
2989 5737 3037 5789 1.

2100 5803 2212 5880 (58)
2261 5807 2627 5880 γεγὺοηνεεΙ.
2666 5822 2835 5869 xxx",
2904 5820 3083 5880 _vers.
3119 5803 3325 5880 6.»Y_ide
3359 5817 3471 5861 not.
3511 5804 3607 5868 52.

2031 5877 2151 5954 pag.
2182 5881 2232 5934 7.
2265 5879 2630 5934 Tcrtullianus
2664 5892 2876 5947 quoque
2904 5877 3030 5946 legit
3065 5885 3121 5932 ut
3160 5877 3451 5944 Didymus;
3481 5894 3599 5931 nam

3257 5970 3330 6032 ιι
