4146 6442
563 476 664 529 427

1838 469 2077 528 DIDYMI
2116 468 2579 527 ALEXAbDRlNl

3704 466 3811 530 H8

566 592 774 645 Domini
809 590 923 644 caeli
947 590 1146 659 ﬁrmati
1175 600 1319 657 sunt,
1358 600 1405 645 et
1434 590 1641 660 Spiritu
1671 592 1778 646 oris
1815 593 1929 663 ejus
1964 608 2131 646 omne:

2241 587 2463 659 ἀψύχων
2510 588 2852 658 αἰσχύνονται
2903 588 3031 660 περὶ
3068 589 3164 658 τῆς
3197 580 3352 659 δόξης
3412 578 3503 640 τοῦ
3553 587 3684 641 Υἱοῦ
3721 591 3815 645 καὶ

562 683 776 736 virtutes
812 695 1012 734 eorum.
1047 681 1232 750 Itaque
1281 682 1369 736 isti
1422 697 1491 736 ne
1541 681 1670 736 illud
1714 684 1929 751 quidem
1990 684 2138 738 testi-

563 774 803 827 monium
834 772 1184 838 erubescunt,
1218 774 1362 843 quod
1398 774 1462 828 de
1507 771 1651 840 Filii,
1685 782 1738 828 et
1763 773 1993 843 Spiritus
2021 788 2140 828 san-

560 865 630 919 eti
679 864 850 933 gloria
892 878 978 918 res
1022 862 1334 918 inanimatae
1364 862 1476 934 (59)
1502 863 1759 930 reddunt;
1790 873 1843 917 et
1879 864 1931 916 in
1957 879 2134 917 mn:

558 956 795 1011 Attollite
829 955 937 1027 (60)
978 967 1177 1024 portas,
1211 955 1486 1025 principes,
1523 965 1742 1022 uestras,
1763 966 1808 1010 et
1843 955 2135 1019 elevamini,

560 1059 724 1117 porta:
762 1057 995 1113 a'ternw,
1043 1056 1095 1101 et
1144 1047 1383 1102 introibit
1421 1045 1531 1101 Rea:
1569 1047 1773 1116 gloriw.
1829 1046 2035 1114 Quibus
2085 1048 2137 1101 in

563 1139 740 1194 verbis
774 1148 1001 1193 terrente
1033 1138 1247 1209 quidem
1278 1146 1545 1194 creatura:
1575 1138 1838 1208 prtecipit,
1886 1147 1945 1191 ιιι
1978 1137 2140 1191 attol-

563 1230 642 1284 lat
687 1240 871 1298 portas
897 1230 950 1283 in
981 1230 1097 1300 ejus
1138 1229 1555 1295 lncarnatione;
1602 1228 1806 1284 cmlesti
1854 1238 2055 1295 autem,
2086 1230 2137 1282 in

563 1319 680 1389 ejus
711 1320 1092 1389 Assumptione
1144 1319 1279 1387 (6|).
1335 1320 1402 1374 Et
1447 1320 1499 1373 in
1549 1334 1669 1375 cxvr
1700 1334 1714 1373 :
1750 1318 1989 1373 Laudato
2025 1316 2137 1390 (62)

565 1411 874 1477 Dominum,
908 1428 1083 1466 omnes
1117 1420 1320 1482 gentes,
1351 1420 1401 1466 et
1439 1410 1651 1464 laudent
1679 1425 1795 1464 eum
1826 1425 2001 1463 omnes
2047 1425 2140 1475 pa-

563 1502 696 1569 puli.
723 1544 726 1546 η
749 1502 916 1558 Isaias
962 1518 1126 1558 vero:
1162 1500 1351 1572 Regem
1391 1501 1503 1572 (63)
1545 1518 1662 1555 cum
1684 1501 1852 1571 gloria
1883 1500 2135 1555 videbitis.

2239 682 2332 734 τοῦ
2361 681 2515 750 ἁγίου
2540 681 2855 752 Πνεύματος
2883 680 3212 752 μαρτυρίαν.
3241 681 3353 733 Καὶ
3378 682 3435 734 ὲν
3462 678 3570 748 κγ’·
3610 683 3815 748 Ἄρατε

2240 772 2437 838 πύλας
2455 813 2469 837 ,
2499 774 2553 826 οἱ
2591 772 2877 841 ἄρχοντες
2896 813 2911 836 ,
2945 769 3131 841 ὑμῶν,
3158 770 3256 825 καὶ
3289 771 3602 840 ἐπάρθητε,
3629 774 3816 827 πύλαι

2240 862 2483 929 αὶώνιοι,
2517 864 2615 919 καὶ
2635 866 3045 919 εἰσελεύσεται
3070 867 3102 919 ό
3125 864 3429 930 ,ϐασιλεὺς
3465 864 3577 932 τῆς
3608 864 3814 933 δόξης.

2239 956 2679 1026 Παρακελεύεται
2708 959 2774 1028 τῇ
2809 955 2908 1027 μὲν
2936 957 3086 1010 κάτω
3116 956 3313 1022 κτίσει,
3350 953 3481 1028 ἆραι
3512 956 3611 1020 τὰς
3643 954 3818 1021 πύλας

2239 1048 2297 1100 ὲν
2417 1047 2827 1118 ὲνανθρωπήσει
2864 1046 3031 1101 αὑτοῦ
3056 1063 3070 1076 ·
3106 1049 3172 1119 τῇ
3199 1046 3257 1099 δὲ
3305 1045 3450 1110 ἄνω,
3485 1047 3542 1099 ἐν
3587 1048 3655 1117 τῇ
3684 1047 3817 1101 ἀνα-

2238 1137 2416 1209 λήψει.
2446 1135 2551 1189 Καὶ
2580 1139 2637 1188 ὲν
2667 1143 2774 1208 ρις¹
2796 1151 2811 1167 ·
2842 1136 3069 1190 Αἰνεῖτε
3101 1135 3209 1189 τὸν
3239 1136 3478 1203 Κύριον,
3511 1133 3707 1190 πάντα
3746 1137 3821 1191 τὰ

2239 1228 2409 1297 ἔθνη,
2444 1228 2539 1282 καὶ
2565 1226 3061 1282 ἐπαινεσάτωσαν
3093 1226 3281 1282 αὐτὸν
3313 1225 3537 1293 πάντες
3562 1231 3617 1282 oi
3656 1229 3815 1283 λαοί.

2251 1321 2476 1384 Ἡσαΐας
2498 1320 2582 1373 δέ’
2614 1318 2879 1374 Βασιλέα
2905 1318 3055 1388 μετὰ
3079 1318 3261 1386 δόξης
3282 1318 3527 1388 ὄψεσθε.
3571 1320 3818 1392 Ἐζεκιὴλ

2238 1413 2330 1467 δέ·
2360 1410 2753 1482 Εὐλογημένη
2799 1413 2837 1480 ἡ
2884 1410 3035 1475 δόξα
3073 1413 3296 1479 Κυρίου
3348 1411 3417 1464 ἐκ
3470 1410 3576 1465 τοῦ
3630 1410 3818 1467 τόπου

2237 1504 2453 1557 αὐτοῦ·
2487 1503 2602 1565 καὶ,
2630 1502 2792 1572 Αὕτη
2825 1503 2863 1570 ή
2903 1501 3136 1570 ὅρασις,
3185 1500 3446 1570 ὁμοίωμα
3487 1499 3674 1568 δόξης
3698 1504 3817 1557 Κυ-

564 1593 811 1647 Ezechiel
845 1603 1021 1647 autem
1057 1608 1070 1645 :
1105 1592 1385 1647 Benedicta
1442 1592 1554 1665 (66)
1587 1592 1757 1663 gloria
1814 1592 2026 1646 Domini
2075 1607 2131 1645 ea

2233 1596 2390 1664 plov.
2429 1591 2561 1648 Εἶτα
2585 1594 2797 1657 Παῦλος
2823 1612 2836 1626 ’
2869 1592 3217 1659 Φάσκοντες
3255 1589 3409 1648 εἶναι
3441 1592 3645 1662 σοφοὶ,
3673 1594 3821 1662 ἐμω-

561 1686 674 1739 loco
710 1702 825 1739 suo.
859 1685 924 1739 Et.
958 1705 970 1740 :
1009 1683 1139 1740 ch
1169 1684 1283 1759 (65)
1317 1687 1451 1739 visio
1484 1685 1780 1739 similitudo
1808 1683 1994 1754 gloria:
2032 1682 2140 1736 Do-

560 1778 710 1831 mini.
747 1778 949 1832 Deinde
978 1777 1176 1833 Paulus
1204 1796 1218 1833 :
1249 1772 1367 1850 98
1395 1776 1636 1832 Dicentes
1684 1774 1792 1849 (66)
1821 1793 1875 1829 se
1917 1791 2025 1829 esse
2053 1791 2138 1829 sa-

559 1870 777 1937 pientes,
808 1869 955 1923 stulti
986 1869 1114 1936 {acti
1165 1880 1304 1932 sunt,
1332 1880 1383 1923 et
1413 1877 1742 1922 mutaverunt
1790 1866 2011 1937 gloriam
2060 1865 2139 1918 in-

2236 1683 2563 1754 ράνθησαν
2583 1700 2597 1715 ’
2633 1684 2733 1738 καὶ
2763 1681 3044 1751 ἤλλαξαν
3080 1681 3197 1749 τὴν
3229 1680 3418 1747 δόξαν
3448 1682 3554 1736 τοῦ
3593 1681 3817 1751 ἀφθάρ-

2237 1792 2344 1829 του
2382 1773 2549 1839 Θεοῦ,
2585 1774 2654 1827 ἐν
2692 1773 3006 1843 ὁμοιώματι
3034 1772 3266 1837 εἰκόνος
3305 1771 3567 1842 φθαρτοῦ
3594 1773 3818 1842 ἀνθρὼ-

2239 1881 2356 1920 που
2375 1884 2389 1898 ·
2419 1866 2513 1919 καὶ
2541 1864 2703 1919 πάλιν
2737 1864 3025 1936 Ῥωμαίοις
3046 1881 3059 1896 ·
3096 1863 3193 1917 Διὸ
3224 1863 3569 1933 παρέδωκεν
3595 1864 3819 1930 αὐτοὺς

560 1958 918 2026 corruptibilis
953 1959 1071 2026 Dei,
1113 1961 1167 2014 in
1219 1959 1621 2015 similitudinem
1659 1959 1903 2029 imaginis
1952 1972 2131 2011 corru-

2236 1955 2306 2007 ἐν
2369 1954 2499 2021 ταῖς
2548 1926 2887 2024 ἐπιθυμίαις
2951 1926 3069 2008 των
3126 1926 3386 2024 καρδιῶν
3448 1953 3669 2014 αὐτῶν,
3728 1926 3818 2022 εἰς

557 2052 754 2118 ptibilis
790 2051 1056 2118 hominis;
1093 2061 1147 2106 et
1182 2067 1370 2106 rursus
1419 2052 1486 2107 ad
1537 2051 1809 2107 Romanos
1855 2065 1867 2101 :
1915 2047 2138 2118 Propter

557 2144 697 2212 quod
729 2141 839 2210 (G7)
875 2140 1093 2195 tradidit
1129 2142 1245 2195 illos
1277 2143 1329 2196 in
1360 2143 1623 2196 desideria
1661 2141 1899 2196 cordium
1928 2157 2131 2207 eorum,

560 2233 613 2283 in
646 2233 1058 2297 immunditiam,
1090 2243 1146 2287 ut
1191 2234 1476 2304 ignominia
1509 2235 1738 2305 afﬁciant
1774 2248 1996 2300 corpora
2038 2248 2136 2286 sua

498 2330 505 2345 ‘
562 2326 617 2377 in
655 2324 944 2393 semetipsis
973 2316 998 2378 ε’
1032 2325 1123 2394 qui
1165 2336 1612 2380 commutaverunt
1645 2326 1867 2396 gloriam
1899 2323 2010 2397 (68)
2042 2323 2135 2378 Dei

2235 2046 2627 2115 ἀκαθαρσίαν,
2647 2046 2753 2100 τοῦ
2773 2043 3149 2114 ἀτιμάζεσθαι
3174 2044 3247 2098 τὰ
3266 2044 3509 2114 σώματα
3528 2045 3727 2100 αὐτῶν
3747 2047 3818 2100 ὲν
3897 2105 3900 2108 ,

2234 2136 2486 2203 ἑαυτοῖς·
2520 2138 2738 2202 οἵτινες
2753 2135 3152 2206 μετήλλαξαν
3169 2136 3290 2204 τὴν
3314 2135 3501 2201 δόξαν
3528 2136 3636 2190 τοῦ
3668 2136 3816 2192 Θεοῦ

2234 2230 2304 2283 ἐν
2336 2229 2416 2295 τῷ
2450 2229 2680 2299 ψεύδεν
2708 2229 2806 2283 καὶ
2829 2227 3274 2296 ἐσεϐάσθησαν,
3310 2229 3408 2281 καὶ
3436 2227 3815 2297 ἐλάτρευσαν

2236 2318 2310 2388 τῇ
2335 2321 2525 2373 κτίσει
2556 2322 2716 2388 παρὰ
2747 2319 2854 2373 τὸν
2895 2319 3185 2372 κτίσαντα
3204 2360 3218 2383 ,
3255 2318 3321 2385 ὅς
3352 2319 3523 2373 ἐστιν
3565 2321 3815 2389 εὐλογη-

562 2415 616 2465 in
647 2413 998 2480 mendacium,
1035 2424 1084 2469 et
1124 2417 1419 2482 coluerunt,
1460 2426 1507 2472 et
1555 2417 1838 2471 servierunt
1882 2426 2131 2478 creaturae

2233 2410 2414 2480 μένος
2440 2413 2526 2476 είς
2558 2411 2699 2476 τοὺς
2743 2408 2983 2479 αἰῶνας.
3048 2409 3246 2479 Ἀμήν.
3296 2411 3392 2474 Τίς
3423 2411 3478 2464 δὲ
3526 2413 3554 2464 6
3596 2412 3813 2465 πάντων

560 2505 736 2571 potius
768 2521 925 2572 quam
957 2504 1217 2571 Creatori,
1255 2508 1346 2576 qui
1374 2518 1447 2562 est
1490 2506 1789 2562 benedictus
1826 2508 1881 2560 in
1918 2506 2133 2561 swcula.

562 2597 746 2648 Amen.
786 2594 1043 2661 Quisnam
1079 2611 1206 2651 vero
1230 2605 1313 2652 est
1350 2612 1528 2651 rerum
1564 2598 1801 2651 omnium
1852 2596 2130 2663 Conditor,

560 2702 720 2756 quem
769 2688 836 2739 ait
871 2702 989 2742 esse
1024 2688 1363 2744 benedictum
1400 2689 1450 2743 in
1480 2689 1695 2754 saecula,
1728 2689 1830 2743 nisi
1870 2688 2133 2757 Unigeni-

560 2778 678 2831 tus?
746 2778 974 2845 Quinam
1034 2793 1214 2834 autem
1279 2781 1338 2844 ii,
1374 2781 1462 2849 qui
1512 2789 1857 2837 ntutaverunt
1906 2780 2130 2850 gloriam

559 2869 720 2938 ejus?
759 2868 859 2936 Qui
893 2871 1098 2934 dicunt,
1132 2869 1317 2925 Gloria
1349 2871 1502 2926 Patri
1545 2890 1636 2942 per
1670 2871 1870 2926 Filium
1910 2873 1967 2925 in
2006 2888 2129 2925 san-

558 2975 638 3012 cto
699 2960 925 3029 Spiritu,
953 2960 1155 3028 quique
1193 2959 1389 3019 Filium
1438 2962 1732 3031 opinantur
1768 2975 1887 3016 esse
1921 2969 2133 3014 creatu-

562 3067 699 3114 ram,
729 3066 792 3104 ac
839 3065 904 3103 ne
955 3065 1131 3121 legem
1171 3051 1387 3120 quidem
1427 3063 1689 3107 aeternum
1724 3053 2006 3107 exsistere.
2051 3053 2132 3106 Ad

563 3140 780 3195 eosdem
814 3151 1071 3208 przeterea
1109 3140 1353 3196 scribens
1376 3142 1449 3195 ait
1479 3161 1492 3195 :
1517 3141 1604 3195 Ita
1632 3151 1689 3195 ut
1718 3141 1831 3214 (69)
1860 3143 1961 3195 sint
1991 3142 2132 3195 inea:-

2233 2501 2588 2573 δημιουργὸς,
2633 2501 2693 2554 ὃν
2722 2495 2861 2553 εἶναι
2906 2500 3054 2570 λέγει
3098 2501 3387 2572 εὐλογητδν
3411 2504 3490 2567 εἰς
3523 2505 3646 2567 τοὺς
3680 2502 3813 2557 αἰῶ-

2236 2612 2371 2657 νας,
2404 2597 2451 2647 εἰ
2489 2594 2563 2665 μὴ
2611 2596 2638 2647 6
2687 2595 3034 2664 Μονογενήςς
3089 2595 3232 2658 τινες
3276 2595 3332 2648 δὲ
3379 2597 3428 2648 oi
3460 2579 3813 2660 ’ἀλλάξαντες

2234 2686 2332 2760 τὴν
2387 2685 2540 2750 δόξαν
2591 2686 2796 2751 αὐτοῦ;
2849 2688 2911 2739 Οἱ
2954 2685 3241 2755 λέγοντες·
3294 2686 3449 2752 Δόξα
3498 2690 3681 2756 Πατρὶ
3735 2686 3812 2743 δι’

2233 2779 2369 2833 Υἱοῦ
2418 2778 2488 2831 ἐν
2540 2778 2687 2847 ἁγίῳ
2739 2779 3074 2847 Πνεύματι·
3124 2780 3173 2831 οἱ
3220 2780 3315 2832 καὶ
3380 2779 3586 2851 κτίσμα
3648 2780 3812 2833 αὐτὸν

2233 2865 2399 2933 εἶναι,
2449 2868 2543 2921 καὶ
2590 2868 2708 2922 οὐδὲ
2763 2867 2981 2929 βασιλέα
3036 2868 3252 2922 αἰώνιον
3289 2868 3619 2934 δοξάζοντες.
3679 2867 3812 2923 Εἶτα

2231 2962 2343 3026 τοῖς
2368 2962 2546 3024 αὐτοῖς
2589 2978 2783 3033 φησιν·
2809 2963 2911 3027 Εἰς
2952 2960 3018 3014 τὸ
3057 2958 3207 3015 εἶναι
3246 2962 3469 3028 αὐτοὺς
3505 2962 3811 3016 ἀναπολο-

2232 3052 2483 3122 γήτους·
2552 3045 2702 3106 διότι
2777 3054 3026 3122 γνόντες
3088 3052 3236 3106 Θεὸν
3263 3094 3275 3113 ,
3352 3055 3465 3121 οὺχ
3518 3053 3599 3120 ὡς
3662 3053 3810 3107 Θεὸν

2231 3144 2553 3210 ἐδόξασαν,
2608 3145 2647 3214 ἢ
2698 3145 3196 3214 ηὐχαρίστησανο
3254 3145 3393 3199 ἀλλ’
3450 3144 3810 3214 ἐματαιώθη-

563 3232 815 3286 eusabiles
866 3247 885 3286 :
918 3233 1045 3300 quia
1077 3249 1196 3286 cum
1223 3234 1575 3302 cognovissent
1623 3232 1807 3299 Deum,
1858 3250 1961 3288 non
1995 3233 2128 3287 sicut

2233 3253 2352 3291 σαν
2389 3237 2616 3304 ἐντοῖς
2655 3237 3068 3307 διαλογισμοῖς
3090 3234 3307 3300 αὐτῶν,
3357 3238 3452 3290 καὶ
3478 3238 3806 3307 ἐσκοτίσθη

559 3322 727 3376 Deum
760 3323 1203 3391 glorificaverunt,
1237 3334 1328 3376 aut
1356 3328 1555 3393 gratias
1584 3333 1832 3395 egerunt;
1883 3327 1974 3380 sed
2013 3343 2131 3382 eua-

562 3424 786 3469 nuerunt
820 3415 873 3467 in
906 3416 1309 3486 cogitationibus
1344 3419 1475 3486 suis,
1507 3428 1553 3471 et
1581 3418 1915 3472 obscuratum
1942 3429 2019 3473 est
2053 3420 2132 3474 in-

558 3507 753 3573 sipiens
784 3524 875 3561 cor
924 3524 1125 3563 eorum.
1186 3509 1496 3577 Qualisnam
1537 3527 1665 3566 vero
1693 3521 1776 3568 est
1824 3511 1967 3569 Deus
2019 3513 2127 3581 ille,

559 3598 650 3667 qui
694 3599 764 3654 ab
807 3600 1098 3662 haereticis.
1148 3610 1203 3656 et
1245 3600 1467 3666 Judwis,
1516 3611 1571 3657 et
1627 3603 1829 3660 Graecis
1885 3605 2129 3675 cognitus

558 3699 663 3750 est,
696 3689 788 3745 sed
820 3705 923 3744 non
962 3691 1196 3760 agnitus,
1227 3693 1327 3745 nisi
1364 3692 1467 3759 ille,
1501 3694 1591 3763 qui
1626 3694 1678 3747 in
1709 3709 1873 3749 carne
1903 3694 2130 3750 manife-

555 3791 725 3835 status
756 3790 855 3841 est,
887 3782 1027 3835 Deus
1056 3780 1326 3837 Verbum?
1358 3784 1439 3837 Ad
1462 3782 1773 3839 Corinthios
1806 3800 1935 3841 vero
1962 3787 2126 3840 etiam

554 3873 780 3939 primam
811 3872 1055 3926 scribens
1088 3871 1381 3941 Epistolam
1410 3872 1695 3927 Dominum
1723 3874 1906 3944 gloriae
1931 3884 2124 3930 natura

554 3966 727 4032 ipsum
771 3979 893 4019 esse
935 3965 1192 4032 ostendit,
1248 3982 1367 4021 cum
1411 3966 1483 4019 ait
1520 3985 1532 4020 :
1581 3965 1642 4020 Si
1695 3968 1833 4019 enim
1884 3965 1996 4037 (70)
2036 3983 2127 4020 co-

552 4056 867 4123 gnovissenl,
921 4056 1204 4111 Dominum
1246 4059 1431 4126 glorias
1470 4074 1572 4110 non
1614 4056 2016 4125 crueiﬁxissent.
2062 4057 2128 4111 Et

553 4146 679 4200 alibi
713 4164 724 4200 :
762 4145 831 4201 Ut
863 4148 918 4201 in
948 4148 1061 4219 (Ἠ)
1101 4150 1311 4201 nomine
1349 4146 1478 4200 Jesu
1534 4146 1735 4200 Christi
1791 4163 1940 4200 omne
1991 4163 2124 4217 genu

549 4237 832 4305 ﬂectatur:
864 4248 911 4292 et
955 4238 1123 4292 cumis
1148 4239 1329 4307 lingua
1375 4238 1727 4305 confitebitur,
1767 4239 1906 4307 quod
1954 4238 2126 4292 Domi-

553 4345 647 4380 nus
675 4328 827 4382 Iesus
859 4328 1101 4383 Christus
1133 4329 1187 4381 in
1241 4328 1413 4397 gloria
1455 4327 1550 4381 Dei
1582 4327 1783 4395 Patris,
1824 4331 1876 4382 ἱιΙ
1903 4336 1985 4383 est
2013 4371 2027 4393 ,
2071 4331 2123 4385 in

552 4420 663 4486 ipsa
689 4427 911 4488 paterna
932 4418 1104 4486 gloria
1123 4414 1571 4473 exsistit.Scribit
1590 4418 1811 4489 insuper
1834 4437 1846 4473 ε
1866 4415 2122 4491 Ειιιιι(72)

548 4508 708 4571 enim,
730 4509 820 4576 qui
838 4509 1128 4563 minoratus
1149 4518 1242 4573 est,
1262 4509 1493 4563 videmus
1526 4508 1729 4575 Jesum,
1757 4520 1966 4580 propter
2003 4529 2124 4578 pas-

2234 3332 2273 3399 ἡ
2304 3330 2597 3396 ἀσύνετος
2624 3327 2824 3383 αὐτῶν
2850 3329 3081 3396 καρδία.
3111 3329 3268 3392 Ποϊος
3299 3327 3351 3381 δὲ
3376 3329 3404 3380 6
3452 3326 3543 3399 [42
3573 3327 3626 3400 b]
3669 3345 3808 3397 γνω·

2233 3420 2379 3484 σθεὶς
2418 3420 2550 3484 Θεὸς
2574 3462 2585 3484 ,
2616 3420 2709 3474 καὶ
2753 3419 2826 3490 μὴ
2865 3418 3243 3487 ἐπιγνωσθεὶς,
3286 3418 3439 3490 παρὰ
3473 3418 3801 3489 αἱρετικῶν,

2229 3513 2324 3565 καὶ
2358 3511 2644 3575 Ἰουδαίων,
2672 3510 2766 3564 καὶ
2800 3506 3086 3579 Ἑλλήνων,
3111 3511 3161 3562 si
3187 3508 3260 3579 μὴ
3281 3510 3309 3561 ὁ
3333 3510 3616 3578 ἐπιφανεὶς
3641 3511 3805 3581 σαρκὶ

2229 3603 2361 3667 Θεὸς
2409 3602 2613 3671 Λόγος;
2665 3601 2774 3653 Καὶ
2826 3599 3136 3670 Κορινθίοις
3184 3600 3239 3652 δὲ
3294 3601 3353 3652 ἐν
3402 3601 3512 3663 τοῖς
3565 3600 3804 3669 πρώτοις

2228 3696 2558 3767 γράμμασι,
2594 3690 2798 3765 Κύριον
2829 3690 2987 3761 δόξης
3027 3689 3167 3743 κατὰ
3214 3690 3374 3759 φύσιν
3418 3685 3556 3743 εἶναι
3588 3690 3803 3754 δεικνὺς
3902 3737 3919 3745 ρ

2229 3784 2411 3849 αὑτὸν,
2445 3780 2746 3836 ἐπιστέλλει
2787 3779 2960 3844 οὕτως
2980 3796 2994 3811 ο
3045 3782 3115 3834 El
3148 3779 3258 3849 γὰρ
3289 3779 3540 3849 ᾔδεσαν,
3574 3783 3686 3834 οὐκ
3725 3779 3803 3834 ἂν

2228 3875 2335 3929 τὸν
2358 3875 2576 3943 Κύριον
2605 3872 2714 3941 τῆς
2740 3872 2927 3940 δόξης
2950 3872 3343 3939 ἐσταύρωσαν
3364 3889 3379 3902 ο
3415 3873 3509 3925 καὶ
3538 3872 3764 3944 ἑτέρωθι
3784 3888 3797 3901 ·

2231 3967 2356 4021 Ἵνα
2382 3967 2451 4019 ἐν
2501 3964 2582 4031 τῷ
2627 3965 2870 4034 ὀνόματι
2933 3962 3128 4030 Ἰησοῦ
3165 3962 3421 4031 Χριστοῦ
3477 3961 3601 4016 πᾶν
3650 3964 3799 4031 γόνυ

2227 4057 2460 4127 κάμψῃ,
2493 4056 2592 4110 καὶ
2624 4054 2793 4110 πᾶσα
2836 4055 3092 4125 γλῶσσα
3133 4053 3662 4125 ἐξομολογήσεται,
3708 4055 3799 4109 ὅτι

2226 4149 2444 4216 Κύριος
2481 4146 2719 4214 Ἰησοῦς
2745 4145 3018 4214 Χριστὸς,
3042 4148 3129 4212 εὶς
3157 4144 3345 4210 δόξαν
3376 4145 3522 4199 Θεοῦ
3545 4149 3801 4214 Πατρός⁶

2226 4239 2349 4292 ἀντ)⁵
2412 4238 2530 4301 τοῦ,
2577 4236 2665 4290 Ἐν
2694 4237 2829 4308 αὐτῇ
2866 4239 2932 4308 τῇ
2962 4240 3198 4308 πατρικῇ
3244 4235 3368 4309 δόξῃ
3403 4237 3661 4308 ὑπάρχει.
3692 4239 3801 4291 Καὶ

2226 4329 2327 4383 ἔτιο
2385 4329 2492 4383 Τὸν
2540 4328 2650 4400 γὰρ
2700 4328 3122 4397 ἠλαττωμένον
3152 4327 3465 4398 ,βλέπομεν
3534 4329 3796 4396 Ἰησοῦν,

2229 4420 2327 4475 διὰ
2352 4421 2416 4475 τὸ
2450 4420 2692 4491 πάθημα
2720 4419 2827 4474 τοῦ
2857 4420 3117 4475 θανάτου
3145 4419 3293 4488 δόξῃ
3326 4420 3425 4473 καὶ
3465 4419 3605 4490 τιμῇ
3630 4421 3799 4474 ἐστε-

2227 4511 2594 4581 φανωμένον.
2645 4508 3105 4582 ’Υστεροπριῖιτως⁵
3154 4511 3388 4581 εἴρηται.
3437 4512 3606 4582 Φησὶν
3653 4511 3795 4581 γάρ·

546 4601 747 4653 sionem
798 4602 1002 4665 ntortis,
1047 4600 1218 4670 gloria
1279 4612 1325 4656 et
1348 4601 1542 4657 honore
1597 4613 1922 4660 coronatum.
1973 4604 2125 4670 Quod

2233 4604 2332 4657 T6v
2383 4602 2643 4657 δοκοῦντά
2690 4617 2836 4654 τισιν
2890 4602 2978 4655 διὰ
3026 4602 3087 4655 τὸ
3137 4601 3372 4675 πάθημα
3416 4602 3511 4656 τοῦ
3566 4603 3798 4657 θανάτου

548 4754 602 4807 in
641 4754 775 4808 libro
808 4754 1056 4808 adversus
1103 4752 1392 4819 Praxeam,
1432 4768 1550 4823 cap.
1578 4756 1635 4820 7,
1666 4755 1739 4809 ita
1780 4755 1923 4810 hunc
1950 4756 2124 4810 versi-

549 4824 725 4893 culum
766 4823 919 4879 all‘ert
947 4843 960 4878 :
993 4826 1241 4879 Sermone
1275 4826 1389 4892 ejus
1425 4825 1542 4878 caeli
1573 4825 1875 4893 conﬁrmati
1901 4839 2046 4885 sunt.
2077 4836 2126 4880 et

548 4892 749 4959 Spiritu
780 4894 897 4964 ejus
949 4910 1125 4949 omnes
1171 4895 1302 4948 uires
1350 4910 1551 4948 eorum.
1595 4892 1817 4964 Et'cap.
1862 4897 1927 4949 i9
1960 4914 1973 4947 :
2004 4895 2128 4949 Ser-

547 4978 698 5015 mone
740 4962 851 5031 ejus
890 4965 1004 5018 coeli
1052 4965 1263 5033 formati
1313 4975 1453 5027 sunt,
1498 4973 1554 5034 et
1604 4962 1806 5032 Spiritu
1858 4966 1965 5020 oris
2011 4966 2125 5034 ejus

548 5048 724 5104 omnes
741 5034 965 5104 pirtutes
995 5050 1197 5104 eorum:
1229 5033 1303 5087 Ita
1338 5034 1464 5104 legit
1493 5033 1872 5091 Theodoretus
1901 5033 2122 5104 quoque

548 5116 668 5170 pag.
700 5102 804 5156 578
834 5114 1038 5157 catena:
1082 5104 1134 5156 in
1170 5101 1429 5159 Psalmoi.
1467 5104 1570 5159 Sed
1606 5105 1696 5159 alii
1723 5101 1931 5161 l’atres'
1955 5101 2126 5161 ferme

545 5186 734 5227 omnes
762 5174 965 5242 legunt,
1000 5175 1167 5227 omnis
1195 5176 1359 5227 virtus
1388 5191 1591 5229 eorum.

769 5263 867 5337 Res
902 5265 1226 5337 inanimum}.
1263 5264 1462 5320 Confer
1497 5268 1609 5321 hinc
1648 5281 1767 5321 cum
1800 5283 2028 5337 segmm.
2055 5268 2117 5324 51

546 5349 599 5397 a,
629 5333 780 5400 59a,
813 5335 879 5390 78
916 5337 966 5400 ὁ,
1000 5334 1065 5389 79
1103 5354 1132 5388 a
1166 5337 1315 5389 0187
1348 5356 1401 5391 α.

616 5423 728 5495 (60)
765 5427 1016 5481 Attollite.
1051 5426 1140 5481 Ps.
1173 5444 1325 5492 χχιιι,
1356 5444 1499 5482 vers.
1534 5430 1564 5481 7
1594 5441 1642 5481 et
1671 5429 1725 5483 9.

617 5519 727 5590 (61)
772 5522 1153 5587 Assumptioue.
1206 5520 1402 5574 Christi
1454 5520 1687 5573 ascensio
1715 5534 1742 5571 a
1787 5518 1992 5575 Graecis
2024 5537 2119 5577 vo-

544 5600 702 5640 catur
738 5590 1061 5656 Assumptio.

618 5656 726 5726 (62)
770 5659 1022 5713 Luudate.
1054 5660 1141 5713 l’s.
1180 5674 1323 5721 cxvt,
1381 5674 1523 5711 vers.
1588 5659 1635 5711 l.
1689 5659 1859 5717 Biblia
1897 5662 2115 5726 habent,

541 5721 884 5798 ἐπαινέσατε,
916 5743 1030 5798 pro,
1058 5731 1153 5783 καὶ
1191 5729 1657 5783 ἐπαινεσάτωσαν.

578 5796 728 5918 ι,(63)
770 5796 979 5866 Regem.
1028 5798 1131 5853 Isti.
1183 5815 1375 5863 χχχιιι,
1433 5800 1520 5852 17.
1561 5798 1816 5872 Vulgatus
1845 5805 2117 5870 interpres

598 5881 609 5918 l
637 5881 713 5918 er.

544 5877 713 5920 aillel‘.

612 5936 722 6006 itii)
763 5936 1062 5991 Benedicta.
1102 5936 1297 5992 Ezcch.
1339 5952 1420 6003 ιιι,
1459 5939 1545 5991 1‘2.

2299 4755 2433 4828 (65),
2461 4754 2625 4828 ch._
2646 4753 2932 4828 Bassiani,
2966 4754 3015 4809 Ι.
3059 4754 3225 4828 Biblia
3252 4755 3486 4828 habent,
3518 4757 3797 4828 ὁμοιώμα-

2228 4826 2437 4910 cogniti
2464 4837 2550 4910 εει
2582 4825 2964 4910 similitrudinis,
2995 4840 3111 4910 pro,
3126 4826 3406 4910 fpolwpa.

2300 4895 2411 4962 (66)
2454 4893 2712 4948 Dicentes.
2750 4893 2906 4947 Rom.
2941 4910 2978 4956 ι,
3008 4894 3098 4959 22,
3125 4893 3214 4948 25.

2300 4965 2412 5035 (67)
2454 4962 2677 5035 Propter
2699 4966 2857 5035 quod.
2896 4963 3051 5019 llom.
3085 4980 3125 5030 ι,
3157 4963 3227 5017 24
3258 4973 3312 5019 et
3342 4964 3431 5019 25.
3462 4963 3629 5020 Biblia
3655 4976 3793 5035 post,

2230 5032 2447 5098 αὐτούς,
2477 5032 2695 5095 addunt,
2720 5032 2871 5096 Θεός.

2303 5104 2424 5174 (68)
2457 5100 2712 5156 Gloriam.
2738 5102 2918 5174 Editio
2963 5102 3175 5174 Grzeea,
3214 5103 3298 5157 cui
3334 5105 3599 5158 consentit
3629 5115 3795 5158 trans-

2227 5172 2356 5228 latio
2388 5172 2634 5240 Vulgata,
2664 5173 2844 5243 habet,
2867 5174 2965 5243 τὴν
2994 5173 3272 5242 ἀλήθειαν,
3307 5176 3355 5226 id
3384 5185 3467 5228 est
3500 5182 3793 5230 ueritatem.

2228 5244 2292 5297 Et
2338 5243 2493 5314 paulo
2520 5253 2657 5309 post,
2679 5242 2995 5314 eblqu'ctig,
3030 5259 3146 5311 pro,
3174 5243 3553 5314 εὐλογημένος.

2299 5313 2409 5382 (69)
2451 5312 2534 5383 ita
2566 5312 2830 5383 ut._ll0m.
2866 5328 2904 5375 l,
2931 5313 3021 5370 ΞΟ.
3074 5314 3163 5367 21.
3224 5312 3386 5368 Εύὶιά
3410 5314 3580 5369 Biblia
3606 5333 3619 5369 :
3642 5314 3794 5383 γνόν-

2226 5400 2315 5447 τες
2339 5383 2431 5436 τὸν
2454 5382 2604 5453 Θεόν.
2636 5381 2722 5446 Ει,
2748 5382 3166 5453 εὐχαρίστησαν.

2297 5454 2405 5524 (70)
2446 5450 2505 5525 Si
2560 5454 2717 5507 enim.
2770 5450 2965 5507 l’Cor.
3010 5450 3068 5519 ιι,
3119 5452 3172 5506 8.
3222 5452 3392 5509 Biblia
3438 5468 3536 5525 pro
3573 5454 3791 5525 ᾔδεσαν,

2227 5521 2447 5585 habent,
2481 5521 2743 5590 ἔγνωσαν.

2295 5592 2402 5663 (7i)
2436 5593 2500 5646 l’t
2530 5593 2604 5645 in.
2643 5593 2871 5662 Philipp.
2905 5608 2965 5653 ιι,
2998 5593 3063 5648 l0
3088 5604 3141 5648 et
3171 5594 3257 5648 ll.
3292 5593 3554 5648 Nonnulla
3581 5592 3787 5650 omittit

2226 5661 2480 5730 Didymus
2527 5661 2864 5718 intermcdia.
2918 5663 3084 5719 Biblia
3151 5681 3254 5718 non
3313 5665 3512 5719 habent
3566 5679 3792 5728 vocem,

2222 5732 2575 5807 Χριστοῦ-ω
2618 5747 2734 5807 pro,
2776 5733 3247 5806 ἐξομολογήσεται,
3281 5735 3500 5800 habent,
3543 5734 3802 5807 ἐξομολο-

2222 5799 2291 5872 γή
2302 5818 2469 5873 τηται-
2483 5799 2751 5873 [rea-tius].

2292 5869 2403 5940 (Η)
2445 5869 2599 5949 Cum.
2629 5869 2790 5949 llebr.
2821 5889 2880 5938 ιι,
2907 5872 2957 5929 9.
2977 5871 3243 5930 Nonnulla
3276 5873 3479 5929 omittit
3502 5872 3785 5949 Didymus,

2223 5954 2286 5994 ac
2313 5956 2428 6009 pro,
2457 5940 2533 6005 δέ,
2566 5941 2853 6010 legit-(ap.
