4146 6428
410 423 515 480 453

1512 425 1598 478 DE
1638 423 2013 479 TRINITATE
2056 424 2255 479 LIBER
2296 425 2572 484 PRIMUS.

3570 438 3674 493 454

405 556 608 609 σωμεν
636 540 722 605 εἰς
754 539 860 591 τὸν
890 540 1096 602 τόπον,
1140 537 1210 594 οὗ
1248 540 1520 607 ἔστησαν
1572 546 1623 594 οἱ
1654 542 1836 606 πόδες
1877 542 1984 593 αὐ-

2100 542 2296 596 :antico
2319 542 2718 598 Deutcronomii
2753 550 2967 602 scrihit:
3004 548 3132 604 Cum
3162 552 3271 622 (96)
3295 570 3409 606 vero
3431 554 3675 607 introdu-

404 630 535 683 τοῦ.
569 627 778 690 Παῦλος
798 630 862 681 ἐκ
883 629 980 698 τῆς
1008 628 1151 700 ᾠδῆς
1173 628 1266 681 τοῦ
1291 630 1713 700 Δευτερονομίου
1736 630 1981 700 γράφων·

406 724 595 776 Ὅταν
619 720 687 774 δὲ
710 719 996 789 εἰσαγάγῃ
1022 721 1131 773 τὸν
1155 723 1538 789 Πρωτότοκον
1560 723 1645 787 εἰς
1663 720 1778 789 τὴν
1792 723 1988 776 οἰκου-

401 812 615 883 μένην,
629 813 791 881 λέγει
811 827 824 841 ⁸
846 812 954 867 Καὶ
969 811 1571 880 προσκυνησάτωσαν
1590 811 1749 877 αὐτῷ
1764 811 1986 877 πάντες

404 904 645 974 ἄγγελοι
681 903 849 957 Θεοῦ.
880 904 989 957 Καὶ
1018 903 1048 954 ὁ
1078 904 1497 975 εὐαγγελιστήςο
1541 900 1751 966 Εἶπον,
1802 905 1985 973 φησὶν,

404 1000 458 1049 οἱ
480 994 691 1063 μάγοι·
743 994 985 1064 ’Ῑδομεν
1019 996 1206 1049 αὐτοῦ
1234 996 1339 1049 τὸν
1367 996 1591 1064 ἀστέρα
1629 996 1698 1049 ἐν
1745 995 1820 1063 τῇ
1847 996 1990 1049 ἀνα-

402 1086 574 1155 τολῇ,
611 1086 711 1140 καὶ
748 1086 1013 1157 ἤλθομεν
1050 1087 1472 1157 προσκυνῆσαι
1510 1088 1669 1153 αὐτῷ
1692 1106 1704 1119 ·
1754 1089 1848 1141 καὶ
1879 1087 1986 1140 πά-

402 1178 506 1232 λινο
548 1178 721 1245 Ἰδοὺ,
758 1180 956 1250 φησὶν,
991 1180 1213 1249 λεπρὸς
1237 1177 1426 1251 ἦλθεν
1446 1223 1460 1247 ,
1493 1182 1589 1234 καὶ
1622 1181 1981 1248 προσεκύνει

404 1267 566 1335 αὐτῷ
586 1286 603 1301 ·
627 1271 724 1323 καὶ
748 1271 912 1325 πάλιν
938 1271 1089 1343 παρὰ
1117 1273 1380 1344 Ματθαίῳ
1403 1272 1567 1343 φησίν
1588 1289 1600 1302 ·
1651 1273 1990 1325 Ἐκόπασεν

407 1363 441 1414 ὁ
469 1361 687 1430 ἄνεμος
706 1378 719 1391 °
751 1364 805 1416 οἱ
825 1361 986 1418 δὲέν
1009 1361 1088 1428 τῷ
1111 1363 1301 1426 πλοίῳ
1322 1363 1790 1430 προσεκύνησαν
1807 1358 1987 1425 αὐτῷ,

406 1450 721 1520 λέγοντες’
790 1451 1043 1520 Ἀληθῶς
1100 1454 1249 1508 Θεοῦ
1320 1454 1451 1520 Υἱὸς
1488 1449 1575 1507 ei:
1621 1453 1731 1505 Καὶ
1766 1451 1828 1519 οὐ
1868 1450 1992 1504 καθ’

406 1543 592 1612 ἡμᾶς,
635 1544 830 1614 φησὶν,
866 1546 994 1609 τοὺς
1036 1545 1256 1617 ἀφθόνῳ
1296 1544 1390 1618 [44
1448 1545 1504 1618 ιι]
1552 1545 1732 1615 δωρεᾷ
1766 1543 1993 1614 ἐπικλη-

410 1636 600 1698 θέντας
633 1636 801 1699 υἱούς.
839 1637 980 1701 Καὶ,
1014 1638 1239 1706 Ἄρχων
1262 1654 1353 1703 τις
1400 1636 1764 1705 προσεκύνει
1802 1631 1987 1698 αὐτῷ.

2092 634 2162 686 cit
2197 636 2591 703 primogenitum
2628 639 2682 692 in
2713 641 2884 693 orbem
2921 653 3093 704 terrm,
3126 644 3253 697 dicit
3287 661 3307 698 :
3347 645 3409 698 Et
3456 645 3677 700 adorent

2093 724 2204 796 (9'7)
2238 742 2352 778 eum
2412 743 2582 782 omnes
2614 730 2784 799 angeli
2835 732 2974 797 Dei;
3017 745 3069 787 ct
3117 737 3467 804 evangelista,
3506 736 3668 790 Dixe-

2094 818 2374 891 runt(98),
2433 821 2628 890 inquit,
2674 825 2861 894 magi:
2913 824 3153 882 Vidimus
3204 830 3406 885 stellam
3461 830 3572 898 ejus
3622 831 3675 883 in

2096 907 2330 972 Oriente,
2364 921 2409 963 et
2440 914 2675 967 venimus
2706 916 2931 968 adorare
2954 917 3144 981 ipsum.
3188 918 3250 972 Et
3277 935 3484 983 rursus,
3544 917 3676 971 Ecce

2096 1001 2228 1073 (99),
2261 1004 2452 1072 inquit,
2480 1005 2714 1074 leprosus
2737 1008 2891 1069 venit,
2935 1018 2979 1061 et
3006 1008 3262 1063 adorabat
3319 1027 3455 1064 eum.
3514 1012 3675 1065 ltetn-

2094 1105 2198 1160 que
2228 1095 2365 1161 apud
2399 1092 2707 1149 Matthzcum
2770 1095 3003 1166 legitur:
3042 1096 3276 1152 Cessavit
3324 1096 3399 1167 (l)
3458 1109 3675 1163 uentus;

2093 1183 2184 1253 qui
2216 1195 2388 1237 autem
2415 1186 2467 1238 in
2502 1187 2745 1241 navicula
2780 1196 2952 1251 erant,
3009 1189 3357 1243 adat-atterunt
3404 1206 3546 1254 eum,
3595 1191 3677 1242 di-

2092 1282 2300 1327 centes:
2339 1272 2464 1329 Vere
2492 1274 2662 1331 Filius
2697 1277 2789 1332 Dei
2810 1294 2881 1331 es.
2911 1277 3071 1345 Quasi
3102 1280 3337 1335 dicerent
3388 1296 3400 1331 :
3439 1277 3505 1333 Et
3569 1295 3675 1333 non

2091 1364 2231 1418 sicut
2266 1380 2384 1427 nos,
2422 1367 2512 1434 qui
2538 1381 2601 1421 ex
2627 1368 2880 1423 muniﬁco
2906 1370 3050 1425 dono
3081 1370 3528 1441 cognominamur
3558 1369 3671 1423 ﬁlii.

2096 1452 2161 1507 Et
2179 1453 2305 1508 alibi
2338 1470 2350 1504 :
2382 1454 2610 1519 Quidam
2640 1456 2716 1527 (2)
2745 1458 2985 1527 princeps
3010 1459 3267 1512 adorabat
3299 1472 3436 1510 eum.
3466 1456 3531 1510 Et
3557 1465 3678 1526 post

2099 1542 2247 1598 illius
2270 1546 2717 1600 resurrectionem
2754 1548 2981 1617 apostoli
3009 1548 3061 1602 in
3088 1558 3290 1610 monte,
3317 1556 3376 1600 ttt
3404 1547 3476 1600 ait
3508 1560 3673 1600 evan.

2099 1634 2291 1701 geliSta
2320 1635 2420 1705 (5),
2472 1634 2714 1690 Videntes
2739 1652 2878 1700 eum,
2902 1638 3250 1689 adorat-erunt
3281 1637 3473 1704 ipsum.

409 1731 519 1782 Καὶ
570 1731 706 1800 μετὰ
768 1730 866 1802 τὴν
917 1732 1211 1787 ἀνάστασιν
1247 1731 1415 1785 αὐτοῦ
1464 1734 1521 1785 ὲν
1578 1730 1655 1800 τῷ
1713 1730 1862 1799 ὄρει,
1932 1726 2134 1798 φησὶν,
2170 1733 2234 1785 0i
2285 1731 2615 1787 ἀπόστολοι
2659 1731 2888 1795 ἰδόντες
2925 1729 3142 1795 αὐτὸν,
3209 1727 3679 1797 προσεκύνησαν

410 1826 586 1891 αὐτῷ.

1032 1918 1189 1972 ΚΕΦ.
1253 1919 1372 1970 ΛΔ’.

516 2057 653 2124 Περὶ
682 2056 792 2125 τῆς
822 2058 972 2125 πρὸς
1012 2058 1119 2111 τὸν
1157 2058 1306 2111 Θεὸν
1333 2057 1565 2124 Πατέρα
1603 2058 1881 2123 πίστεως.

482 2147 641 2201 Καθὰ
665 2148 844 2203 τοίνυν
865 2150 965 2219 τῆς
998 2150 1218 2220 Γραφῆς
1260 2146 1502 2219 μείζονα,
1532 2148 1565 2218 ἢ
1604 2149 1733 2219 περὶ
1759 2148 1851 2201 τοῦ
1882 2149 1995 2201 Παε-

409 2236 558 2307 τρὺς,
585 2240 724 2293 κατὰ
756 2240 818 2293 τὸ
856 2239 1181 2310 φαινόμενον
1217 2239 1484 2308 λεγούσης
1523 2240 1696 2294 πολλὰ
1730 2241 1859 2311 περ).
1900 2242 1993 2295 τοῦ

411 2324 566 2392 Υἰοῦ,
595 2330 687 2382 καὶ
715 2329 983 2401 δηλούσης
1008 2330 1169 2383 αὑτὸν
1204 2330 1619 2400 παντοκράτορα
1649 2330 1741 2382 καὶ
1764 2330 1994 2402 ποιητὴν

408 2420 523 2471 τῶν
550 2419 763 2472 αἰώνων
785 2459 798 2483 ,
841 2420 936 2472 καὶ
977 2420 1193 2473 πάντων
1227 2421 1557 2490 δημιουργόν
1575 2438 1587 2450 ·
1618 2422 1713 2473 καὶ
1743 2420 1993 2490 ἀληθινὸν

407 2505 567 2567 Θεὸν,
612 2506 709 2559 καὶ.
746 2507 846 2559 οὐκ
877 2506 1067 2576 ἔχοντα
1108 2509 1213 2578 πρὸ
1256 2508 1421 2560 αὑτοῦ
1462 2508 1595 2561 Θεόν
1621 2525 1633 2538 ³
1676 2509 1768 2562 καὶ
1810 2509 1994 2564 ἐπάνω

407 2594 655 2658 πάντων,
685 2596 777 2647 καὶ
804 2595 976 2665 μέγαν
1007 2598 1100 2649 καὶ
1132 2598 1222 2650 ἐπὶ
1254 2598 1472 2651 πάντων
1498 2598 1650 2663 Θεὸν,
1685 2600 1823 2671 πρὸς
1844 2601 1901 2654 ὃν
1931 2603 1991 2655 οὐ

406 2683 791 2754 λογισθήσεται
826 2686 1041 2755 ἕτεροςο
1069 2689 1160 2739 καὶ
1200 2688 1263 2739 ὲκ
1306 2684 1493 2751 δεξιῶν
1524 2689 1993 2760 συγκαθεζόμενον
2028 2688 2035 2697 “

408 2771 490 2842 τῷ
517 2773 710 2844 Πατρὶ,
743 2775 836 2828 καὶ
871 2778 950 2837 εἰς
974 2776 1066 2829 τὸν
1091 2777 1290 2830 κόλπον
1323 2778 1487 2830 αὐτοῦ
1516 2779 1675 2832 ὄντα·
1705 2782 1799 2833 καὶ
1829 2782 1992 2834 αὑτὸν

412 2858 681 2933 εἶναιτὴν
720 2862 937 2918 αἰώνιον
967 2864 1132 2937 ζωὴν,
1176 2868 1268 2921 καὶ
1306 2867 1421 2937 φῶς
1458 2869 1519 2920 τὸ
1559 2867 1809 2937 ἀληθινὸν
1832 2909 1845 2932 ,
1901 2872 1993 2922 καὶ

415 2954 632 3007 πάντων
654 2955 877 3024 Κύριον.
905 2957 1000 3009 καὶ
1020 2958 1182 3027 μόνον
1202 2958 1479 3029 Δεσπότην
1500 2960 1594 3011 καὶ
1620 2959 1989 3032 ὲξουσιαστήν·

415 3038 620 3107 οὗτινος
651 3046 683 3115 ἡ
716 3047 813 3117 μὲν
841 3048 1030 3119 εἰρήνη
1065 3048 1164 3102 οὐκ
1188 3048 1300 3119 ἔχει
1323 3050 1491 3121 ὅριον,
1522 3050 1656 3104 ἀλλὰ
1695 3054 1787 3106 καὶ
1828 3053 1992 3124 ὑπερ-

415 3135 527 3205 έχει
567 3137 743 3191 πάντα
779 3138 932 3191 νοῦν·
980 3140 1022 3209 ήι
1066 3140 1122 3192 δὲ
1164 3139 1410 3211 βασιλεία
1455 3141 1839 3214 ἀτελεύτητοςις⁸
1897 3145 1991 3197 καὶ

415 3228 475 3281 ἐν
504 3229 695 3300 μηδενὶ
727 3228 872 3299 ἄλλῳ
901 3226 1040 3283 εἶναι
1068 3230 1166 3299 τὴν
1199 3231 1471 3302 σωτηρίαν
1496 3248 1507 3261 ·
1538 3234 1740 3287 καὶτὸν
1774 3234 1989 3305 Πατέρα

2663 1910 2814 1967 CAP.
2855 1908 3092 1963 XXXIV.

2515 2054 2587 2106 De
2614 2052 2716 2120 ﬁde
2753 2053 2813 2105 in
2831 2050 2995 2105 Deum
3028 2050 3267 2105 Patrem.

2173 2142 2645 2213 Quemadmodum
2680 2157 2845 2211 porro
2869 2141 2969 2197 etsi
3000 2142 3167 2195 multa
3199 2144 3267 2195 de
3302 2140 3441 2195 Filio
3476 2139 3678 2207 majora

2101 2242 2153 2294 in
2187 2237 2441 2307 speciem,
2466 2250 2626 2306 quam
2657 2237 2723 2290 de
2750 2233 2929 2298 Patre,
2966 2232 3245 2303 Scriptura
3276 2232 3443 2296 dicat,
3480 2241 3534 2286 ct
3585 2232 3679 2285 Fi-

2100 2329 2227 2383 lium
2261 2329 2435 2398 ipsum
2474 2326 2898 2393 omnipotentem
2929 2338 3052 2379 esse
3105 2324 3363 2386 declaret,
3408 2339 3470 2378 ac
3509 2323 3679 2376 facto-

2099 2436 2211 2477 rem
2241 2418 2581 2483 saaculorum,
2611 2426 2665 2470 et
2689 2430 2865 2470 rerum
2921 2416 3160 2470 omnium
3210 2416 3564 2480 conditorem,
3625 2424 3679 2468 et

2097 2523 2284 2580 verum
2318 2505 2727 2574 Deum,quiqne
2767 2503 2935 2558 Deum
2969 2513 3094 2557 ante
3112 2517 3168 2557 se
3191 2518 3295 2557 non
3353 2502 3564 2566 habeat,
3624 2512 3680 2556 et

2098 2614 2260 2668 supra
2288 2597 2466 2652 omnia
2499 2595 2849 2650 exsistentem
2880 2593 3028 2646 illum
3064 2602 3243 2655 vocet,
3268 2608 3331 2647 ac
3398 2609 3677 2662 magnum,

2097 2700 2152 2744 et
2181 2704 2342 2758 super
2378 2678 2560 2742 omnia
2603 2684 2793 2749 Deum,
2838 2692 2892 2738 et
2917 2699 3026 2754 prce
3063 2700 3168 2752 quo
3195 2699 3299 2737 non
3344 2684 3680 2753 reputabitur

2098 2780 2257 2846 alter,
2280 2789 2334 2833 et
2367 2794 2395 2831 a
2430 2778 2640 2832 dextris
2678 2775 2954 2829 sedentem
2984 2789 3086 2828 una
3117 2789 3239 2827 cum
3268 2772 3448 2840 Patre,
3478 2782 3533 2827 et
3579 2788 3678 2827 ex-

2098 2875 2374 2926 sistetttem
2404 2869 2457 2923 in
2486 2869 2606 2923 sinu
2640 2865 2776 2934 ejus,
2822 2875 2876 2920 et
2929 2867 3105 2936 ipsum
3144 2880 3262 2920 esse
3315 2866 3458 2919 dicat
3513 2865 3703 2944 vitam-

2097 2974 2377 3026 aeternam,
2406 2971 2460 3016 et
2486 2960 2664 3015 lucem
2686 2973 2891 3023 veram,
2921 2968 2973 3012 et
3001 2958 3240 3013 omnium
3286 2958 3590 3023 Dominum,
3622 2968 3679 3012 et

2098 3053 2267 3109 solum
2296 3049 2577 3105 Dominum
2623 3058 2675 3103 et
2693 3047 3086 3102 dominatorem
3110 3060 3126 3100 :
3151 3046 3304 3115 cujus
3328 3060 3429 3116 pax
3458 3048 3675 3116 quidem

2100 3161 2198 3198 nec
2228 3143 2389 3197 habet
2420 3140 2577 3211 102
2603 3142 2917 3204 terminum,
2949 3147 3004 3194 et
3033 3147 3252 3209 superat
3278 3154 3492 3194 omnem
3519 3153 3676 3193 men-

2102 3246 2229 3299 tem,
2261 3248 2483 3303 regnum
2534 3240 2713 3285 autem
2752 3231 2856 3284 ﬁne
2902 3238 3071 3296 caret,
3108 3240 3273 3298 atque
3310 3229 3365 3284 in
3398 3230 3546 3284 nullo
3574 3230 3681 3283 alio

415 3319 596 3374 ἕλκειν
643 3321 783 3393 πρὸς
819 3321 908 3375 τὸν
952 3322 1078 3375 Υίὸν
1100 3325 1231 3387 τοὺς
1276 3322 1488 3388 ἀξίουςο
1522 3326 1642 3378 κατ’
1677 3326 1827 3379 οὐδὲν
1854 3328 1988 3380 ὐπο-

2100 3326 2317 3381 salutem
2339 3338 2483 3385 esse,
2516 3331 2571 3376 et
2594 3322 2803 3376 Patrem
2832 3322 2898 3376 ad
2931 3320 3125 3377 Filium
3154 3322 3370 3376 trahere
3427 3335 3545 3387 eos,
3566 3320 3662 3389 qui

415 3411 697 3485 δεέστερος
737 3414 755 3481 (
782 3414 855 3485 μὴ
900 3415 1184 3485 γένοιτοί)
1225 3414 1506 3486 νομίζεται
1537 3418 1566 3469 ὁ
1615 3416 1824 3488 Πατὴρ,
1862 3418 1893 3487 ἢ
1934 3418 1996 3471 τὸ

417 3503 645 3573 Πνεῦμα
676 3503 876 3557 αὑτοῦ·
915 3506 1006 3559 τὸν
1054 3505 1165 3559 ἴσον
1208 3506 1430 3577 τρόπον,
1478 3506 1831 3577 θεολογούσης
1870 3508 1998 3578 περὶ

416 3592 509 3645 τοῦ
550 3593 765 3665 Πατρὸς
810 3593 1008 3664 ὑψηλὰ,
1056 3596 1156 3648 οὐκ
1199 3595 1404 3665 ὀφείλει
1446 3596 1522 3660 ὡς
1577 3595 1918 3668 μικρότερος,
1962 3596 1996 3666 ἢ

419 3678 668 3748 ἀνόμοιος
689 3680 997 3748 λογίζεσθαι
1021 3683 1050 3734 ὁ
1078 3683 1408 3754 Μονογενὴς,
1438 3684 1471 3754 ἢ
1498 3684 1557 3736 τὸ
1578 3684 1730 3753 ἆγιον
1752 3685 1994 3755 Πνεῦμα.

420 3769 691 3841 Οὐδεμιᾶς
725 3772 834 3843 γὰρ
868 3774 1090 3845 κτιστῆς
1114 3774 1392 3845 δυνάμεώς
1426 3778 1593 3841 ἐστιν,
1626 3776 1793 3848 μόνης
1819 3775 1876 3829 δὲ
1901 3776 1999 3847 τῆς

417 3859 700 3927 ἁκτίστου,
732 3863 799 3916 τά
834 3880 891 3915 τε
932 3864 1399 3934 μνημονευθέντα,
1434 3864 1530 3918 καὶ
1564 3866 1625 3918 τὸ
1650 3865 1998 3936 δημιουργεῖν

336 4017 348 4026 _
418 3950 608 4003 οὐσίαν
648 3953 708 4017 ἐξ
751 3954 853 4006 οὐκ
901 3954 1100 4019 ὄντων,
1146 3957 1241 4008 καὶ
1284 3954 1537 4027 λογικήν·
1581 3956 1864 4020 ζωοποιεῖν
1904 3974 1996 4010 τε·

419 4040 698 4113 ἁμαρτίας
728 4061 791 4097 τε
841 4048 1142 4116 συγχωρεῖν
1169 4064 1180 4076 ·
1218 4048 1313 4099 καὶ
1347 4046 1461 4119 ’τὴν
1505 4048 1683 4101 κτίσιν
1736 4048 1870 4101 ἰδίαν
1915 4049 2001 4100 λέο

418 4146 574 4199 γειν·
615 4135 708 4186 καὶ
743 4136 807 4186 ὲκ
850 4134 956 4187 τῶν
990 4135 1121 4189 ἴσων
1169 4135 1463 4204 γινώσκειν
1503 4137 1595 4189 τὸν
1643 4138 1882 4209 Πατέρα,
1927 4140 2001 4202 ὠς

419 4226 749 4296 γινώσκεται
776 4228 866 4280 ὑπ’
893 4228 1058 4283 αὑτοῦ
1080 4247 1095 4260 ·
1122 4229 1217 4285 καὶ
1250 4230 1532 4301 ισουργεῖνι
1550 4230 1626 4301 τῷ
1654 4230 1772 4300 Θεῷ
1806 4232 1999 4302 Πατρί’

422 4321 519 4374 καὶ
554 4318 691 4374 εἶναι
723 4322 778 4376 ἐν
814 4320 892 4390 τῷ
936 4321 1147 4391 Πατρὶ,
1176 4322 1272 4374 καὶ
1301 4322 1393 4374 τὸν
1423 4322 1642 4394 Πατέρα
1686 4324 1743 4374 ἐν
1772 4322 1919 4393 αὐτῷ
1945 4322 2005 4387 ἐξ

425 4412 574 4464 ἴσου·
604 4411 709 4464 ὑπὸ
732 4411 978 4479 ἀγγέλων
1016 4428 1076 4464 τε
1110 4411 1537 4485 ὑπηρετεῖσθαι·
1572 4415 1667 4467 καὶ
1696 4415 1755 4466 τὸ
1784 4413 1863 4466 ἔτι
1887 4414 2005 4467 τού-

420 4519 532 4556 των
578 4501 914 4573 ὑπερτεροῦν
960 4503 1020 4555 τὸ
1060 4504 1323 4573 μονογενῆ
1368 4503 1532 4568 Υῑὸν,
1568 4505 1663 4557 καὶ
1696 4505 1861 4567 Θεὸν,
1911 4506 2005 4562 καὶ

422 4591 539 4662 φῶς
566 4593 631 4646 ὲκ
659 4594 855 4663 φωτὸς,
889 4594 982 4646 καὶ
1014 4593 1160 4664 ζωὴν
1194 4594 1433 4658 αἰώνιον,
1465 4596 1558 4649 καὶ
1589 4596 1869 4667 ἀλήθειαν,
1910 4599 2004 4649 καὶ

2099 3414 2245 3484 digni
2276 3420 2401 3467 sunt
2434 3426 2445 3459 :
2481 3420 2657 3465 tamen
2690 3408 2835 3464 nullo
2855 3408 3012 3477 plane
3042 3409 3201 3464 modo
3242 3409 3419 3462 minor
3463 3407 3675 3478 (apage

2100 3501 2454 3573 impietatem)
2489 3509 2709 3571 putatur
2747 3499 2927 3566 Pater,
2981 3509 3078 3554 aut
3117 3499 3353 3570 Spiritus
3387 3498 3505 3568 ejus
3536 3515 3551 3550 :
3588 3514 3679 3553 ea-

2105 3594 2228 3649 dem
2261 3594 2471 3648 ratione
2498 3609 2620 3649 cum
2648 3592 2898 3648 sublimia
2932 3595 2997 3649 de
3021 3593 3182 3648 Patre
3217 3591 3496 3671 scriptura
3527 3590 3677 3657 dicit,

2101 3699 2205 3739 non
2233 3684 2391 3739 debet
2425 3683 2622 3749 minor,
2658 3692 2750 3736 aut
2781 3683 3058 3738 dissimilis
3090 3682 3425 3752 Unigenitus,
3455 3684 3536 3735 vel
3566 3682 3682 3750 Spi-

2102 3777 2238 3832 ritus
2263 3785 2484 3831 sanctus
2520 3775 2777 3843 reputari.
2808 3773 3016 3829 Nullius
3037 3773 3180 3828 enim
3236 3782 3434 3827 creatae
3491 3785 3682 3843 poten-

2100 3870 2209 3932 tiae,
2240 3868 2334 3923 sed
2367 3868 2623 3922 increatac
2650 3864 2914 3919 duntaxat
2942 3864 3152 3934 propria
3194 3873 3320 3918 sunt
3342 3873 3397 3918 et
3448 3879 3511 3918 ea
3540 3878 3681 3933 ‘quze

2101 3966 2521 4015 commemorata
2579 3956 2815 4019 fuerunt,
2878 3963 2932 4010 et
2984 3954 3347 4010 substantiam
3398 3969 3465 4009 ex
3514 3953 3681 4010 nihilo

2104 4066 2331 4117 creare;
2363 4059 2417 4106 et
2453 4044 2768 4103 rationalem
2806 4060 2923 4099 eam
2956 4044 3135 4100 facere
3150 4062 3171 4112 ;›
3190 4054 3244 4100 et
3268 4045 3410 4101 illam
3445 4047 3682 4101 viviﬁca-

2108 4152 2277 4209 re;et
2300 4151 2521 4212 peccata
2549 4141 2874 4207 condonare,
2931 4148 2989 4193 et.
3039 4150 3342 4192 creaturam
3368 4140 3449 4193 sui
3517 4140 3682 4209 ipsius

2104 4232 2377 4303 propriam
2406 4232 2587 4285 dicere
2618 4246 2643 4294 ;.
2665 4238 2719 4284 et
2753 4228 2966 4284 Patrem
3021 4242 3087 4282 ex
3122 4243 3275 4297 aequo
3334 4242 3682 4297 cognoscere,

2108 4324 2248 4377 sicut
2281 4322 2633 4390 semetipsum
2665 4321 2779 4389 ipse
2809 4319 3107 4388 cognoscit,
3158 4327 3211 4372 et
3258 4318 3517 4388 aequalem
3578 4333 3682 4372 una

2105 4431 2225 4469 cum
2254 4413 2363 4469 Deo
2382 4411 2545 4467 Patre
2573 4412 2942 4482 operationem
2972 4412 3211 4477 habere;
3254 4421 3308 4466 et
3337 4425 3457 4465 esse
3495 4410 3544 4463 in
3581 4409 3684 4463 Pa-

2106 4514 2205 4566 tre,
2243 4513 2298 4559 et
2334 4502 2621 4557 Patremin
2650 4502 2770 4571 ipso
2819 4502 3134 4572 aequaliter;
3197 4511 3252 4557 et
3304 4501 3526 4571 angelos
3579 4500 3683 4555 sibi

2107 4595 2432 4649 famulantes
2462 4594 2697 4659 habere;
2724 4603 2796 4658 et,
2822 4593 2966 4664 quod
2991 4593 3077 4648 his
3106 4594 3282 4647 adhuc
3338 4591 3685 4664 praestantius

423 4684 655 4754 Σωτῆρα
694 4684 1125 4756 μαρτυρεῖσθαι·
1162 4687 1257 4739 καὶ
1304 4688 1580 4759 πανταχοῦ
1622 4686 1716 4759 [44
1754 4688 1805 4759 b]
1860 4706 1996 4761 παρ-

2107 4697 2211 4753 est,
2255 4686 2582 4756 unigenitum
2611 4684 2805 4741 Filium
2829 4702 2856 4738 a
2881 4685 3158 4756 Scriptura
3183 4688 3384 4751 vocari,
3411 4701 3471 4740 ac
3495 4687 3684 4751 Deum,

421 4778 582 4839 εἶναι,
622 4776 713 4829 καὶ
744 4775 924 4831 πάντα
967 4778 1024 4828 ὲν
1054 4775 1204 4846 αὑτῷ
1230 4777 1549 4848 ὲστηρίχθαι
1571 4795 1583 4807 ·
1619 4777 1899 4847 βασιλείαν
1941 4796 2001 4832 τε

422 4867 690 4938 οὐρανῶν,
727 4869 822 4921 καὶ
856 4867 953 4934 τὴν
981 4868 1168 4938 θεῖκὴν
1211 4871 1454 4941 εἰρήνην,
1491 4870 1568 4931 ὼς
1600 4868 1764 4924 αὐτοῦ
1798 4872 2000 4941 τυγχά-

421 4975 646 5023 νουσαν,
687 4959 1016 5021 ἁϐασκάνως
1055 4960 1221 5036 πᾶσιν
1260 4959 1583 5029 δωρεῖσθαι·
1636 4961 1729 5013 καὶ
1760 4964 1871 5024 τοῖς
1911 4980 2001 5014 πι-

426 5046 731 5112 στεύουσιν,
766 5048 1216 5121 ἐπικαλουμένοις
1242 5050 1427 5113 αὐτὸν,
1468 5049 1566 5120 τὴν
1599 5050 1692 5102 ἐπὶ
1724 5054 1788 5122 τῇ
1822 5051 2003 5122 διηνε-

423 5142 514 5193 κεῖ
552 5142 800 5213 σωτηρίᾳ
839 5142 1100 5213 παρέχειν
1140 5142 1461 5211 ἀσφάλειαν.
1510 5145 1572 5196 Οἱ
1618 5144 1727 5214 γὰρ
1776 5145 1999 5215 κτίσμα,

424 5233 520 5286 καὶ
545 5234 647 5287 οὐκ
670 5234 928 5304 ἄναρχον,
962 5233 1254 5298 καλοῦντες
1282 5234 1373 5288 τὸν
1403 5234 1658 5305 ἀληθινὸν
1688 5236 1815 5289 Υἱὸν
1846 5237 2001 5303 Θεὸν,

453 5391 612 5515 #396)
655 5389 723 5444 Et
764 5407 903 5445 eum.
951 5390 1113 5446 Hebr.
1150 5406 1187 5456 ι,
1225 5389 1279 5454 6,
1332 5389 1435 5479 ,ιιὺὶ
1463 5399 1583 5460 post
1637 5390 1713 5455 δέ,
1762 5392 2001 5455 additur,

453 5480 469 5504 ¹¹
540 5480 607 5515 ιν.

425 5480 607 5515 παλιν.
2000 5502 2023 5508 -

500 5532 616 5601 (97)
658 5529 725 5584 Et
753 5531 993 5585 adorent.
1032 5530 1087 5584 In
1120 5528 1644 5601 Vulgatteeditionis
1671 5530 1911 5601 margine
1940 5531 2004 5583 ad

424 5599 698 5670 ρειιιηιιιιιι
738 5616 856 5656 xcw
890 5601 1204 5656 ’rel‘ertttttur
1227 5599 1345 5668 (tua:
1371 5599 1693 5670 lliCl’aultlS
1715 5599 1880 5664 citat;
1913 5602 2004 5653 sed

425 5677 668 5731 CXslzlnl,
708 5672 987 5739 tit-optimc
1026 5672 1101 5724 ait
1138 5671 1416 5739 Didymus,
1469 5669 1520 5722 in
1558 5669 1769 5723 cantico
1813 5670 2003 5723 Ilcttte-

429 5740 682 5800 t0nmttii.
718 5738 833 5808 cap.
866 5755 1036 5801 xxx",
1072 5756 1211 5793 vers.
1243 5738 1332 5792 45.

504 5808 615 5874 (98)
659 5806 929 5863 Dixerunt.
966 5810 1152 5865 Matth.
1200 5824 1259 5868 tt.
1306 5809 1325 5861 t
1371 5815 1425 5860 et
1453 5806 1778 5878 2.A_ASensum
1830 5809 2007 5878 potius

428 5878 587 5942 citat,
609 5894 770 5941 ﬂuam
798 5881 981 5934 verba.
1026 5880 1201 5933 E'litio
1228 5878 1413 5932 Graeca
1443 5895 1456 5930 :
1484 5875 1718 5931 εἴδομεν.

2106 4786 2161 4832 et
2193 4776 2366 4831 lucem
2402 4790 2471 4831 ex
2511 4776 2652 4841 luce,
2687 4784 2741 4831 et
2781 4776 3244 4839 vitant'asternam,
3273 4783 3326 4830 et
3376 4775 3683 4837 veritatem,

2104 4877 2157 4921 et
2192 4867 2525 4921 Salvatorem
2559 4866 2782 4934 dici;,et
2805 4866 3003 4937 ubique
3029 4868 3254 4927 adesse;
3297 4876 3351 4920 et
3394 4867 3577 4921 omnia
3626 4868 3681 4919 in

2108 4960 2223 5030 ipso
2262 4960 2472 5014 ﬁrmata
2499 4958 2781 5027 fuisse;et
2812 4976 3034 5031 regnum
3103 4961 3362 5015 caelorum
3417 4960 3686 5014 divinam-

2108 5068 2211 5124 que
2256 5069 2464 5123 pacem,
2489 5062 2672 5124 utpote
2694 5070 2813 5125 quae
2851 5055 3016 5125 ipsius
3034 5054 3124 5117 sit,
3155 5054 3269 5108 sine
3307 5054 3502 5109 invidia
3564 5068 3684 5106 om-

2114 5146 2271 5200 nibtts
2303 5146 2514 5215 largiri;
2551 5154 2604 5199 et
2633 5146 3001 5210 credentibus,
3034 5146 3122 5212 qui
3143 5160 3264 5198 eum
3299 5145 3566 5208 invocant,
3595 5158 3685 5196 se-

2112 5238 2398 5291 curitatem
2435 5237 2486 5290 in
2528 5245 2786 5307 perpetua
2809 5237 2983 5291 salute
3035 5238 3193 5291 sitam
3256 5238 3516 5304 praebere.
3582 5236 3683 5301 Qui

2185 5392 2299 5462 (99)
2336 5390 2487 5446 Ecce.
2524 5391 2714 5447 Matth.
2747 5409 2862 5460 νιιι,
2908 5394 2963 5447 ‘2.
3006 5395 3191 5447 Grai-ca
3229 5393 3392 5445 editio
3423 5410 3436 5446 :
3482 5391 3686 5445 Ἐλθὼν

2112 5462 2627 5534 προσεκρνειαύτῷ,
2716 5533 2719 5534 ν
2966 5532 3024 5534 Μ
3149 5530 3213 5534 __
3290 5530 3316 5534 _
3692 5472 3695 5475 '

2181 5534 2258 5604 (l)
2298 5532 2551 5604 Cessavit.
2580 5530 2770 5585 Matth.
2803 5547 2915 5604 tuti,
2965 5532 3035 5585 52
3065 5542 3116 5584 et
3145 5530 3236 5586 53.
3278 5530 3466 5585 Grteta
3517 5532 3685 5585 editio

2110 5601 2275 5665 addit,
2305 5603 2573 5664 ἐλθόντες,
2606 5611 2725 5666 post
2760 5601 2949 5671 πλοίῳ.

2181 5673 2257 5741 (2)
2300 5672 2549 5736 Quidam.
2604 5671 2788 5723 Matth.
2826 5669 2910 5734 Ix,
2946 5669 3030 5723 18.
3057 5670 3277 5736 Vocula,
3312 5687 3410 5736 τις,
3445 5670 3594 5724 derst
3629 5673 3686 5728 in

2110 5742 2299 5798 Clama
2330 5743 2582 5793 editione.

2184 5813 2258 5881 (5)
2310 5809 2572 5864 Videntes.
2615 5809 2803 5863 Matth.
2836 5826 3033 5876 xxt'ttt,
3080 5810 3160 5864 l7.
