4146 6420
510 362 616 417 335

1728 318 1745 331 Ι
1797 365 2029 423 DIDYMI
2070 368 2536 424 ALEXANDRINI
3670 376 3781 429 οἰῖιίὶ

508 482 654 536 enim
695 494 878 534 verum
945 480 1136 534 Filium
1183 481 1450 545 Deum,et
1503 493 1744 538 sanctum
1805 501 1868 539 ac
1913 486 2084 540 viviti-

2194 487 2286 539 καὶ
2325 484 2384 539 τὸ
2416 486 2569 554 ἆγιον
2603 483 2697 537 καὶ
2735 484 2999 548 {marroth
3041 483 3290 555 Πνεῦμα,
3321 485 3383 539 ού
3428 488 3776 545 πιστεύουσιν

511 581 726 629 cantem
754 573 1015 639 Spiritum
1054 588 1159 626 non
1191 584 1455 628 aeternum
1496 586 1713 642 vocant,
1759 579 1852 631 sed
1883 590 2094 632 creatu-

511 678 651 725 ram,
686 660 758 715 illi
785 662 838 715 in
883 662 981 715 has
1029 678 1295 730 personas
1329 680 1433 720 non
1467 668 1711 728 credunt.
1745 670 1989 734 quamvis
2037 684 2094 724 se

507 751 733 803 credere
760 753 1146 819 proﬁteantur;
1181 752 1414 807 fortasse
1445 765 1623 810 autem
1660 773 1727 811 ne
1761 759 1813 812 in
1875 758 2091 813 Patrem

509 841 727 909 quidem
759 842 1023 896 credunt:
1067 844 1267 897 etenim
1299 844 1475 898 Patris
1528 834 1838 902 mandatitm
1894 850 2094 905 violant

511 934 587 1004 (4)
619 934 696 987 sic
729 934 1123 1003 praecipientis:
1154 935 1294 989 Audi
1323 936 1426 1006 (5),
1451 937 1638 1006 popnle
1658 955 1824 1004 meus,
1847 950 1892 993 et
1910 940 2095 1009 loquar

510 1026 637 1087 tibi;
670 1023 862 1087 Israel,
888 1036 933 1077 et
960 1026 1288 1080 contestabor
1321 1036 1405 1094 te;
1450 1030 1497 1081 si
1558 1032 1790 1088 audieris
1842 1050 1943 1097 me,
1991 1052 2094 1088 non

511 1118 609 1169 erit
640 1117 693 1168 in
722 1127 771 1170 te
823 1118 949 1170 deus
991 1134 1190 1184 recens,
1260 1138 1422 1191 neque
1470 1123 1715 1178 adorabis
1761 1126 1916 1180 deum
1968 1126 2100 1181 alie-

514 1224 659 1272 num,
698 1209 749 1263 id
813 1217 915 1273 est,
975 1209 1131 1265 deum
1194 1213 1286 1281 qui
1336 1213 1463 1267 olim
1512 1230 1618 1270 non
1661 1217 1949 1282 exstiterit,
2003 1228 2094 1273 aut

513 1301 675 1353 deum
712 1300 1098 1365 heterousium,
1124 1318 1217 1356 seu
1258 1305 1349 1373 qui
1380 1307 1451 1359 sit
1474 1308 1689 1361 alterius
1744 1310 2094 1376 substantiae;

511 1390 884 1444 e::Dominum
920 1392 1168 1464 (6)0eum
1188 1405 1336 1448 tuum
1360 1398 1630 1462 adorabis,
1665 1400 1821 1454 etilli
1862 1400 1962 1455 soli
1984 1418 2094 1455 ser-

513 1487 637 1545 ries;
668 1494 748 1537 et:
793 1482 916 1537 Non
946 1495 1097 1540 erunt
1131 1487 1207 1557 (7)
1240 1488 1335 1541 tibi
1366 1491 1442 1543 dii
1477 1491 1571 1545 alii
1618 1502 1809 1562 praeter
1834 1510 1953 1560 me;
2005 1502 2088 1550 et:

514 1571 824 1626 Maledictus
851 1573 928 1645 (8)
955 1578 1143 1640 omnis,
1162 1579 1254 1647 qui
1295 1578 1446 1634 habet
1471 1598 1614 1649 spem
1665 1584 1721 1636 in
1750 1583 1980 1649 homine,
2039 1585 2092 1640 id

510 1664 692 1727 est,iu
726 1677 995 1724 creatura.
1031 1666 1154 1723 Filii
1217 1686 1431 1741 quoque
1477 1684 1805 1743 praeceptum
1864 1673 2090 1740 violant,

515 1755 670 1825 103
706 1756 796 1824 qui
830 1757 883 1810 in
915 1757 1170 1813 Matthteo
1209 1761 1425 1829 quidem
1457 1765 1553 1825 ait,
1590 1763 1758 1817 Nemo
1790 1765 1867 1835 (9)
1926 1774 2092 1833 patest

2193 577 2273 638 εἰς
2316 575 2414 639 τὰς
2453 576 2780 636 ὑποστάσεις
2808 575 3041 639 ταύτας,
3081 576 3184 629 κᾶν
3224 577 3425 645 λέγωσι
3461 580 3772 635 πιστεύεινο

2194 665 2333 734 τάχα
2361 666 2416 718 δὲ
2446 665 2565 719 οὐδὲ
2597 668 2677 728 εἰς
2706 665 2798 718 τὸν
2829 665 3070 737 Πατέρα.
3107 666 3515 737 Παραὸαίνουσι
3544 668 3652 741 γὰρ
3675 669 3776 740 τὴν

2195 756 2412 827 ἐντολὴν
2479 755 2636 809 τοῦτο
2684 757 2783 826 μὲν
2848 756 2944 809 τοῦ
3008 758 3476 829 παραγγέλλοντος
3524 761 3772 831 Πατρός·

2199 847 2510 911 Ἄκουσον,
2542 850 2694 913 λαός
2729 865 2870 916 μου,
2911 847 3007 901 καὶ
3040 848 3295 915 λαλήσω
3325 863 3454 913 σοι,
3500 850 3773 919 Ἰσραὴλ,

2194 937 2290 990 καὶ
2316 938 2822 1007 διαμαρτυροῦμαί
2849 953 2970 992 σοι.
3021 940 3163 993 Ἐὰν
3199 940 3472 1009 ἀκούσῃς
3493 958 3634 1010 μου,
3660 945 3775 996 οὐκ

2192 1027 2366 1080 ἕσται
2415 1028 2484 1081 ὲν
2517 1029 2615 1080 σοὶ
2654 1028 2791 1095 θεὸς
2829 1031 3209 1099 πρόσφατος,
3252 1029 3394 1083 οὐδὲ
3426 1031 3775 1099 προσκυνή-

2164 1133 2333 1204 fere“;
2372 1118 2484 1184 θεῷ
2536 1120 2868 1188 ἀλλοτρίῳ·
2905 1121 3027 1175 ἀντὶ
3068 1120 3196 1183 τοῦ,
3237 1122 3337 1175 οὐκ
3374 1121 3488 1174 ὄντι
3530 1122 3662 1174 ποτὲ
3686 1163 3700 1185 ,
3735 1122 3772 1194 ἢ

2195 1208 2535 1281 ὲτεροουσίῳ.
2582 1210 2712 1272 Καὶ,
2752 1211 2971 1278 Κύριον
3017 1209 3126 1264 τὸν
3166 1212 3313 1265 Θεόν
3351 1225 3467 1264 σου
3511 1226 3774 1280 προσκυ-

2193 1299 2430 1365 νήσεις,
2492 1300 2590 1354 καὶ
2645 1300 2805 1364 αὐτῷ
2845 1302 3012 1369 μόνῳ
3042 1303 3428 1368 λατρεύσεις·
3464 1303 3593 1366 καὶ,
3649 1306 3771 1359 Οὐκ

2193 1393 2444 1449 ἔσονταί
2488 1409 2587 1447 σοι
2636 1393 2759 1447 θεοὶ
2790 1393 2996 1461 ἕτεροι,
3030 1392 3198 1462 πλὴν
3226 1394 3373 1463 ἐμοῦ
3394 1411 3407 1423 ·
3440 1394 3556 1457 καὶ,
3608 1394 3765 1448 Ἐπι-

2194 1484 2523 1554 κατάρατος
2555 1484 2694 1553 πᾶς,
2736 1484 2806 1552 ὃς
2853 1487 2978 1555 ἔχει
3013 1484 3128 1553 τὴν
3157 1485 3377 1538 ἐλπίδα
3419 1485 3511 1538 ἐπ’
3545 1483 3767 1552 ἅνθρω-

2194 1592 2342 1630 πον’
2370 1575 2515 1630 τοῦτ’
2549 1576 2725 1640 ἐστιν,
2768 1575 2865 1628 ἐπὶ
2891 1574 3119 1646 ποίημα.
3157 1574 3328 1627 Τοῦτο
3362 1574 3420 1627 δὲ
3446 1572 3540 1627 τοῦ
3584 1573 3771 1640 λέγον-

2192 1684 2286 1730 τος
2319 1667 2475 1731 Υἱοῦ,
2508 1669 2566 1720 ὲν
2608 1665 2871 1736 Ματθαίῳ
2917 1666 3047 1736 μέν·
3091 1663 3301 1730 Οὐδεὶς
3341 1662 3589 1718 δύναται
3625 1662 3766 1717 δυσὶ

2197 1760 2423 1827 κυρίοις
2471 1759 2819 1812 δουλεύειν·
2870 1756 3017 1809 τοῦτ’
3058 1755 3237 1820 ἔστιν,
3293 1754 3386 1807 δύο
3434 1753 3691 1823 φύσεσιν,
3732 1754 3765 1825 ἦ

510 1848 711 1900 duobus
741 1849 970 1903 dominis
1000 1850 1214 1915 seruire,
1237 1852 1292 1905 id
1325 1865 1427 1917 est,
1459 1853 1667 1908 duabus
1721 1857 1950 1921 naturis,
1999 1867 2084 1911 aut

2192 1850 2534 1914 δεσποτείαις
2557 1867 2571 1882 ο
2605 1852 2662 1903 ὲν
2693 1849 2891 1925 Παύλῳ
2927 1849 2983 1901 δὲ
3024 1847 3316 1918 Ῥωμαίοις
3364 1846 3729 1899 ὲπιστέλλοντι
3752 1863 3764 1873 ·

511 1940 1011 2006 dominationibus;
1042 1942 1098 1996 in
1131 1941 1299 1998 Paulo
1331 1953 1510 1998 autem
1540 1944 1799 2001 Romanis
1846 1948 2092 2002 scribeno

509 2035 563 2079 te
603 2045 615 2079 :
654 2025 942 2080 Coluerunt
997 2028 1109 2101 (10)
1155 2039 1204 2084 et
1260 2033 1546 2086 servierunt
1615 2045 1870 2090 creaturte
1925 2039 2092 2106 magis

509 2135 667 2185 quam
705 2117 967 2174 Creatori.
999 2120 1165 2176 Musis
1195 2122 1407 2177 demum
1433 2123 1608 2195 legem
1660 2126 1862 2180 violant
1909 2128 1987 2182 sic
2031 2142 2092 2183 se

510 2210 838 2266 habentem:
870 2212 974 2276 Qui
997 2212 1109 2282 (ll)
1142 2214 1511 2281 sacriﬁcaverit
1539 2216 1639 2268 diis
1701 2217 1905 2281 alienis,
1955 2236 2089 2288 pra:-

513 2309 591 2353 ter
616 2302 785 2353 solum
824 2301 1008 2364 Deum,
1038 2303 1383 2371 lapidabitur.
1420 2305 1627 2359 Recens
1656 2320 1855 2372 autem,
1880 2321 1933 2363 et
1960 2311 2092 2365 alie-

513 2406 618 2444 nus
640 2390 780 2445 Deus
805 2391 894 2444 ille
921 2393 1160 2456 exsistit,
1192 2397 1282 2462 qui
1313 2411 1416 2449 non
1447 2407 1529 2449 est
1556 2398 1661 2450 Deo
1692 2410 1744 2451 et
1785 2399 1927 2452 Patri
1964 2416 2092 2454 eon-

512 2478 909 2544 substantialis,
943 2482 1144 2550 quique
1174 2483 1463 2552 aliquando
1492 2501 1597 2538 non
1625 2486 1742 2540 luit.
1774 2488 1843 2540 At
1890 2488 1979 2557 qui
2010 2489 2084 2541 di-

511 2579 660 2635 ettnt,
687 2570 869 2624 Gloria
904 2570 1053 2625 Patri
1080 2589 1173 2642 per
1197 2572 1400 2626 Filium
1437 2575 1489 2627 in
1510 2585 1692 2629 sancto
1723 2574 1945 2645 Spiritu,
1984 2592 2087 2630 nun

509 2662 815 2730 gloriﬁcent
846 2662 1066 2729 Filium,
1100 2674 1191 2718 ant
1251 2663 1510 2733 Spiritum
1570 2667 1701 2720 Dei:
1759 2683 1880 2722 nam
1935 2668 2087 2722 alteri

509 2767 604 2819 per
631 2754 859 2808 alterum
886 2756 938 2807 in
970 2756 1144 2809 altero
1175 2755 1401 2826 gloriam
1433 2756 1696 2818 referunt,
1732 2770 1847 2821 aut,
1884 2768 1946 2813 ut
1979 2776 2085 2813 me-

507 2844 610 2900 lius
624 2846 972 2904 dicam.nulli
1002 2865 1015 2899 :
1042 2849 1337 2917 quinetiam
1386 2850 1585 2902 laedunt
1611 2852 1841 2918 primum
1875 2851 2087 2917 quidem

507 2935 836 2991 voluntatem
888 2936 1106 2998 Patris,
1146 2939 1237 3007 qui
1293 2940 1406 3002 ait,
1478 2939 1714 2993 Gloriam
1757 2942 1869 3010 (l2)
1922 2959 2089 2995 meam

514 3027 671 3080 alteri
696 3043 797 3079 non
837 3027 994 3091 dabo,
1030 3029 1084 3083 id
1115 3038 1220 3093 est,
1249 3030 1296 3083 ei
1332 3034 1421 3099 qui
1478 3033 1545 3085 sit
1578 3033 1801 3087 alterius
1848 3043 2085 3090 naturze:

509 3118 710 3185 quique
733 3117 871 3173 Filio
898 3119 1128 3174 similem
1154 3135 1220 3175 ac
1253 3121 1354 3175 sibi
1388 3124 1648 3176 honorem
1705 3123 1902 3178 deferri
1952 3125 2084 3179 vult.

508 3205 715 3263 Deinde
740 3223 867 3263 vero
899 3209 1062 3264 etiam
1089 3212 1438 3267 traditionem
1491 3213 1611 3267 Filii
1675 3216 2084 3285 transgrediun-

509 3306 615 3349 tur.
648 3298 730 3351 Ae
753 3297 892 3352 idem
931 3299 1028 3367 ipsi
1062 3300 1283 3362 iaciunt,
1317 3304 1459 3372 quod
1484 3304 1539 3368 ii,
1571 3305 1662 3373 qui
1721 3319 1816 3358 ore
1869 3307 2083 3375 quidem

509 3388 679 3453 ipsum
698 3389 1282 3456 vocabantChristnm,
1315 3394 1565 3449 manibus
1615 3406 1793 3451 autem
1834 3413 1955 3449 eum
1986 3415 2087 3451 me-

506 3477 724 3539 dehant,
750 3490 806 3530 et
831 3478 1168 3536 clamabant:
1190 3480 1500 3548 Prophetiza
1527 3484 1640 3555 (15)
1660 3485 1825 3547 nobis,
1856 3484 2082 3549 Christe,

502 3570 620 3636 quis
637 3570 812 3638 estqui
835 3580 883 3623 te
897 3574 1180 3638 percussit:
1193 3574 1390 3642 quique
1408 3575 1621 3630 aiebant
1647 3595 1657 3628 :
1686 3577 1956 3632 Credimus
1972 3577 2084 3646 (14)

505 3668 559 3710 ut
598 3657 825 3730 Moyses.
868 3671 914 3714 et
938 3662 1233 3728 prop/tetra;
1267 3665 1362 3718 sed
1389 3680 1510 3719 eum
1542 3666 1738 3735 ipsum,
1764 3668 1852 3735 qui
1904 3670 1971 3721 ah
1999 3668 2083 3723 his

505 3753 895 3817 praenuntiatus
922 3752 1121 3815 fuerat,
1148 3756 1553 3811 cruailixerunt.
1577 3755 1708 3812 Cum
1736 3772 1866 3826 ergo
1886 3768 1939 3812 et
1976 3759 2087 3813 Deo

504 3839 671 3908 Patri,
699 3852 755 3895 et
771 3842 1058 3912 Uuigenito
1078 3843 1185 3900 Deo
1212 3846 1626 3916 inobsequentes
1647 3850 1845 3909 sint.et
1870 3852 2000 3904 tides
2028 3852 2080 3902 in

503 3942 810 3987 creaturam
855 3936 926 3987 sit
949 3937 1180 4002 inutilis,
1206 3951 1270 3992 ac
1297 3954 1492 3992 nocere
1515 3940 1684 4009 magis
1705 3941 1895 4007 possit,
1919 3956 2079 4009 quam

504 4022 746 4089 salvare;
805 4035 1055 4091 reputent
1099 4027 1222 4093 ipsi,
1253 4046 1319 4080 an
1355 4028 1595 4094 periculo
1652 4035 1837 4082 careat
1887 4044 2079 4082 eorum

506 4115 658 4177 tides,
687 4116 812 4169 dum
844 4118 1073 4172 salutem
1107 4119 1413 4188 abnegant:
1447 4134 1545 4173 nec
1575 4120 1719 4173 enim
1753 4119 1933 4174 salvus
1968 4122 2081 4176 ﬁeri

505 4207 551 4259 is
574 4216 772 4274 potest,
808 4211 899 4278 qui
930 4220 1077 4264 recte
1114 4225 1222 4263 non
1259 4212 1475 4263 credat:
1509 4226 1633 4265 nam
1694 4213 1973 4282 praeclara.
2025 4225 2083 4268 ut

501 4296 687 4363 aiunt,
712 4313 803 4354 res
853 4308 938 4354 est
986 4300 1214 4364 servari,
1247 4299 1474 4355 aliorum
1514 4317 1642 4356 vero
1700 4303 1799 4357 alia
1852 4315 1934 4358 est
1992 4322 2080 4359 ra-

2207 1937 2682 2005 Ἐσεϐἀσθησαν,
2719 1938 2817 1991 καὶ
2854 1938 3230 2005 ἐλάτρευσαν
3257 1934 3332 2003 τῇ
3358 1936 3570 1998 κτίσει,
3610 1940 3769 2001 παρὰ

2190 2029 2297 2083 τὸν
2334 2030 2648 2083 κτίσαντα.
2690 2028 2862 2082 Τοῦτο
2890 2028 2948 2082 δὲ
2986 2028 3079 2081 τοῦ
3109 2027 3572 2098 νομοθετήσαντος
3605 2029 3767 2080 Moti}-

2190 2123 2329 2185 σέως
2351 2139 2365 2152 ⁸
2425 2122 2489 2175 '0
2534 2119 2829 2181 θυσιὰζων
2866 2120 3021 2186 θεοῖς
3058 2121 3432 2187 ἀλλοτρίοις,
3466 2121 3767 2185 λιθοϐολη-

2189 2212 2466 2277 θήσεται,
2495 2211 2666 2279 πλὴν
2698 2213 2893 2279 Κυρίῳ
2914 2212 3101 2280 μόνῳ.
3131 2210 3451 2280 Πρόσφατος
3475 2208 3533 2262 δὲ
3560 2210 3655 2261 καὶ
3675 2208 3767 2260 ἁλ-

2188 2304 2396 2374 λὸτριος
2435 2303 2596 2365 Θεὸς,
2635 2305 2663 2355 ὁ
2708 2303 2781 2373 μὴ
2827 2301 3111 2372 ὁμοούσιος
3155 2300 3235 2371 τῷ
3277 2300 3397 2371 Θεῷ
3448 2301 3540 2353 καὶ
3589 2300 3765 2369 Hatth

2194 2393 2289 2468 ᾣν,
2327 2395 2421 2447 καὶ
2462 2394 2589 2446 ποτὲ
2624 2393 2699 2464 μὴ
2735 2393 2999 2463 ὑπάρξας.
3052 2394 3160 2446 Καὶ
3205 2393 3256 2444 oi
3302 2392 3575 2460 λέγοντες,
3609 2391 3763 2453 Δόξα

2193 2485 2376 2553 Πατρὶ
2410 2484 2483 2537 δι’
2528 2485 2665 2538 Υίοῦ
2717 2485 2786 2537 ἐν
2830 2485 2975 2553 ἁγίῳ
3014 2485 3340 2553 Πνεύματι,
3376 2484 3435 2535 οὐ
3485 2481 3765 2546 δοξάζουσι

2189 2576 2280 2628 τὸν
2328 2574 2486 2638 Υἱὸν,
2523 2575 2555 2645 ἢ
2603 2575 2663 2628 τὸ
2698 2576 2922 2645 Πνεῦμα
2966 2574 3060 2627 τοῦ
3114 2574 3271 2631 Θεοῦ.
3327 2574 3505 2645 Ἀλλῳ
3546 2573 3654 2644 γὰρ
3698 2573 3769 2626 δι’

2190 2665 2348 2719 ἄλλου
2394 2668 2453 2718 ἐν
2483 2665 2626 2736 ἄλλῳ
2669 2667 3055 2737 ἀναπέμπουσι
3086 2667 3186 2736 τὴν
3228 2666 3415 2730 δόξαν,
3469 2665 3666 2736 μᾶλλον
3710 2664 3767 2716 δι

2188 2758 2296 2810 οὐδ’
2323 2757 2567 2827 ὁποτέρῳ
2591 2777 2602 2787 ο
2639 2758 2733 2810 καὶ
2772 2756 3285 2829 παρατιτρώσκουσι
3353 2756 3512 2810 τοῦτο
3572 2755 3668 2826 μὲν
3710 2753 3767 2806 τὸ

2191 2847 2402 2919 θέλημα
2449 2847 2544 2901 τοῦ
2570 2850 2784 2920 Πατρὸς
2816 2849 3105 2917 (λέγοντος
3126 2865 3139 2879 ο
3208 2846 3327 2915 Τὴν
3363 2845 3455 2918 [A5
3493 2845 3546 2917 a]
3581 2845 3766 2908 δόξαν

2184 2955 2303 3007 μου
2352 2937 2532 3005 ἑτέρῳ
2580 2941 2651 2991 οὺ
2700 2938 2911 2991 δώσω·
2979 2938 3099 2991 ἀντὶ
3134 2937 3271 3003 τοῦ,
3334 2937 3650 3006 Ἐτεροψυεί
3703 2935 3766 2986 ού

2187 3028 2363 3093 δώσω,
2422 3029 2743 3099 βουλομένου
2798 3029 2855 3082 δὲ
2916 3028 3180 3099 τιμᾶσθαι
3237 3028 3328 3081 τὸν
3389 3027 3515 3080 Tib»
3569 3026 3767 3097 ὁμοίως

2188 3119 2409 3191 αὐτοῦ),
2462 3119 2619 3173 τοῦτο
2682 3121 2740 3174 δὲ
2799 3121 2894 3179 καὶ
2960 3122 3061 3192 τὴν
3116 3120 3417 3191 παράδοσιν
3466 3117 3561 3171 τοῦ
3600 3116 3763 3170 Υῑοῦο

2186 3213 2349 3281 ὅμοια
2383 3212 2684 3281 πάσχοντες
2713 3212 2821 3266 τῶν
2856 3212 3089 3282 Χριστὸν
3121 3212 3218 3281 μὲν
3241 3210 3404 3264 αὑτὸν
3429 3209 3507 3280 τῷ
3539 3209 3767 3278 στόματι

2185 3299 2514 3363 καλούντων,
2546 3303 2665 3364 ταῖς
2695 3301 2753 3354 δὲ
2784 3302 2942 3372 χερσὶ
2970 3300 3284 3354 τυπτόντων
3318 3299 3412 3353 καὶ
3436 3298 3763 3371 κραζόντων·

2186 3390 2622 3461 Προφήτευσον
2668 3391 2811 3460 ἡμῖν
2830 3433 2843 3453 ,
2874 3390 3111 3457 Χριστὲ,
3158 3392 3247 3456 τ’ς
3279 3391 3450 3444 ἐστιν
3476 3393 3509 3444 ὀ
3542 3391 3766 3456 παίσας

2187 3495 2263 3534 σε
2288 3498 2300 3510 ·
2327 3479 2435 3533 τῶν
2465 3482 2559 3533 κα).
2578 3480 2845 3547 λεγόντων
2872 3478 3064 3543 οὕτως·
3096 3480 3465 3549 Πιστεύομεν
3491 3480 3571 3545 ὡς
3596 3482 3763 3532 Μωῦ-

2188 3572 2310 3640 σῆς
2345 3572 2438 3625 καὶ
2470 3575 2523 3624 οἱ
2553 3570 2849 3639 προφῆται
2871 3587 2882 3598 ·
2919 3570 3081 3623 αὐτὸν
3110 3571 3166 3623 δὲ
3196 3571 3288 3623 τὸν
3321 3569 3764 3640 προφητευθὼτα

2190 3665 2648 3735 σταυρωσὰντων.
2695 3664 2822 3715 Ὅτε
2855 3657 2946 3715 οὖν
2986 3663 3080 3715 καὶ
3106 3664 3134 3715 ὁ
3160 3662 3293 3726 Θεὸς
3329 3662 3518 3733 Πατὴρ
3553 3663 3649 3715 σὺν
3685 3661 3770 3731 τῷ

2189 3759 2470 3825 μονογενεῖ
2489 3754 2608 3825 Θεῷ
2635 3753 3028 3826 παρακούεται,
3057 3754 3154 3807 καὶ
3180 3755 3214 3824 ἡ
3242 3754 3323 3817 εἰς
3347 3753 3554 3823 κτίσμα
3583 3752 3763 3814 πίστις

2185 3847 2470 3917 ἀνωφελής
2522 3847 2703 3909 ἐστιν,
2753 3846 3014 3916 βλάπτειν
3050 3845 3247 3917 μᾶλλον
3285 3845 3318 3915 ἢ
3366 3844 3559 3907 σώζειν
3604 3844 3763 3896 δυνα-

2189 3939 2326 4008 μένη
2353 3956 2365 3968 ·
2417 3938 2573 3992 αὐτοὶ
2631 3938 3065 4007 λογιζέσθωσαν,
3130 3940 3178 3991 εί
3238 3936 3519 3990 ἀκίνδυνον
3580 3935 3760 4006 ἔχουσι

2187 4029 2369 4083 πίστιν
2388 4070 2403 4092 ,
2433 4031 2533 4101 τὴν
2572 4028 2847 4100 σωτηρίαν
2876 4028 3235 4101 ἀρνούμενοι·
3265 4027 3347 4081 δεῖ
3374 4027 3484 4098 γὰρ
3522 4027 3759 4096 σωθῆναι

2181 4117 2357 4189 ὀρθῶς
2399 4118 2752 4173 πιστεύοντα·
2805 4119 2975 4171 καλὸν
3009 4118 3153 4189 γὰρ,
3187 4117 3343 4186 φασὶ,
3386 4116 3447 4168 τὸ
3486 4115 3754 4184 σωθῆναι·

2180 4210 2349 4264 τᾶλλα
2385 4212 2442 4265 δέ
2502 4214 2649 4266 ἐστιν
2693 4212 2866 4275 ἄλλως
2927 4211 3105 4279 λόγος.
3167 4211 3276 4263 Καὶ
3319 4208 3650 4262 Μακεδονίου
3701 4207 3759 4260 δὲ

2183 4303 2392 4371 παῖδες,
2422 4304 2499 4368 ὡς
2537 4304 2631 4358 τοῦ
2666 4305 2821 4374 ἁγίου
2855 4302 3194 4374 Πνεύματος,
3224 4301 3367 4356 οὕτω
3395 4302 3490 4355 καὶ
3520 4299 3613 4354 τοῦ
3647 4302 3760 4353 Μο-

573 4496 650 4566 li)
717 4494 1034 4570 Mandatum
1064 4565 1076 4570 _
1100 4496 1317 4570 violant.
1392 4496 1504 4552 llue
1571 4499 1757 4570 ipsum
1810 4500 2080 4554 haereticis
2112 4505 2154 4557 Ι)
2192 4501 2280 4563 10,
2310 4499 2562 4556 Christus
2585 4501 2843 4556 Dominus
2871 4501 3118 4556 etnudem
3148 4500 3321 4554 locum
3346 4498 3603 4570 allegatis,
3627 4513 3757 4553 ttsus

507 4565 886 4640 argumentum
916 4565 1192 4640 objieitin
1218 4578 1508 4640 comment.
1543 4565 1605 4621 in’
1630 4567 1872 4640 Psalmos
1892 4610 1908 4635 ,
1953 4586 2073 4640 pag.

503 4637 611 4691 695
651 4646 869 4691 catenze-
910 4635 1292 4702 Corderiante,
1340 4639 1407 4691 ad
1463 4654 1606 4694 vers.
1659 4638 1693 4692 9
1725 4640 1915 4705 psalmi
1956 4635 2073 4694 80":

501 4706 697 4781 Terina
717 4705 815 4781 τὴν
854 4706 907 4759 Ἀ
920 4706 1061 4781 ρείου
1081 4704 1327 4781 _(inq_nit)
1361 4709 1462 4781 xui
1490 4704 2077 4781 Εὐνομίουπαραπλη-

503 4776 900 4861 ξίαινςὲλέἴχει..
922 4776 999 4861 ήῌί
1031 4776 1139 4848 γὰρ
1173 4777 1606 4861 ούέιὸμοούσιος,
1637 4776 1927 4861 ζάλλότριος
1967 4776 2075 4861 ἄρα

503 4847 705 4898 καλοῖτ’
737 4848 812 4920 ᾖν
854 4847 1197 4920 εξκότως
1237 4847 1346 4904 Τὸν
1385 4850 1529 4903 ὅσιον
1569 4849 1748 4902 τοίνυν
1784 4847 2075 4920 προφανῶς

503 4916 1029 4996 παροινούσινόμον,
1054 4917 1330 4996 ἀλλύτριον
1368 4919 1461 4996 καὶ
1489 4920 1799 4996 πρόσφατον
1828 4916 2073 4996 προσκυ-

502 4986 721 5050 νοῦντες
750 4986 889 5050 θεόν,
914 4986 982 5041 ‘td
1009 4999 1111 5050 est,
1143 4986 1273 5042 nec
1296 4990 1432 5050 Arii,
1457 5002 1504 5044 et
1532 4986 1780 5042 Eunomii
1808 4986 2071 5043 resaniam

505 5060 824 5124 redarguunt
858 5075 877 5112 :
904 5059 947 5109 si
994 5059 1131 5111 enim
1170 5060 1633 5111 consubstantialis
1674 5076 1776 5111 non
1821 5072 1894 5111 est
1942 5059 2071 5127 (Fi-

506 5127 663 5191 lius).
727 5128 932 5179 alienus
1000 5128 1182 5198 merito
1229 5131 1404 5180 vocari
1454 5141 1635 5193 poterit
1663 5169 1677 5181 .
1703 5166 1717 5181 .
1742 5169 1753 5181 .
1790 5128 2072 5198 Manifesta

504 5198 676 5264 itaque
714 5210 951 5249 sanctam
995 5196 1153 5261 legem
1202 5200 1680 5264 transgrediuntur,
1725 5196 1952 5252 alienum
2011 5217 2072 5253 ac

523 5276 773 5319 recentem
808 5267 960 5318 deum
983 5268 1284 5319 adorantes.

576 5357 654 5425 (5)
695 5359 851 5411 Audi.
914 5358 1000 5411 l‘s.
1061 5372 1227 5419 Lux,
1261 5374 1399 5413 vers.
1444 5361 1474 5413 ’ἲ
1518 5365 1652 5422 (seu
1699 5361 1787 5427 9).
1830 5361 2076 5429 Complu-

508 5429 674 5502 toiifis
708 5430 875 5502 editio
904 5429 1104 5502 ouiittit
1152 5442 1328 5495 voces,
1353 5433 1446 5483 καὶ
1478 5431 1699 5502 λαλήσω
1721 5448 1825 5493 σοι,
1866 5432 1989 5484 item
2021 5441 2079 5485 ut

514 5495 662 5566 Vulg.
699 5500 1003 5552 translatio.

576 5608 654 5677 (ϐ)
696 5608 996 5682 Dominum.
1042 5612 1194 5666 Deut.
1239 5630 1312 5675 vr,
1360 5615 1445 5675 15,
1493 5612 1580 5665 uhi
1626 5626 1724 5682 pro
1767 5615 2078 5682 προσκυνή-

509 5692 657 5754 ιςιςεις,Δ
682 5678 846 5754 editio
869 5680 1053 5754 Graeca
1088 5685 1266 5746 habet,
1301 5678 1696 5754 φοϐηθήσῃςὶιι
1737 5678 1825 5754 εει
1850 5678 2071 5736 timebis.

511 5747 616 5799 Sed
646 5749 783 5800 idem
810 5751 1092 5820 utrobique
1124 5747 1357 5807 sensus:
1382 5747 1661 5822 eiq'uo'lit
1693 5763 1751 5806 ut
1776 5752 1962 5806 Matth.
1997 5771 2070 5817 tv,

2180 4570 2252 4625 sit
2270 4642 2273 4643 ν
2283 4575 2446 4643 vet-hu
2472 4574 2884 4643 προσκυνήσεις.

2258 4640 2333 4710 (7)
2366 4640 2485 4693 Non
2514 4637 2684 4696 erunt.
2726 4637 2891 4695 Exod.
2927 4656 3018 4707 xx,
3046 4641 3101 4696 5.
3140 4640 3245 4697 Sed
3279 4639 3433 4711 Vulg.
3461 4640 3558 4694 int.
3596 4637 3752 4710 paulo

2183 4711 2359 4772 aliter,
2401 4714 2588 4763 eodem
2624 4722 2801 4765 tamen
2828 4727 3009 4765 sensu.

2255 4779 2329 4849 (8)
2374 4780 2709 4833 Mnledlclus.
2755 4781 2957 4835 Jerem.
2987 4795 3120 4845 xvn,
3152 4779 3205 4836 5.
3238 4780 3425 4836 Graeca
3453 4780 3615 4836 editio
3649 4792 3747 4849 pro

2183 4852 2311 4913 πᾶς,
2347 4850 2504 4921 habet
2532 4852 2561 4903 ὀ
2599 4850 2906 4921 ἄνθρωπος.

2252 4922 2331 4990 (9)
2378 4918 2562 4975 Nemo.
2602 4918 2786 4974 Matth.
2822 4938 2897 4985 v1,
2927 4921 3017 4975 24.

2251 4992 2359 5063 (10)
2402 4992 2707 5045 Coluerunt.
2741 4993 2897 5046 Rom.
2936 5007 2973 5055 1,
3007 4991 3097 5044 25.

2252 5083 2363 5151 (lli
2405 5081 2527 5145 Qui.
2558 5082 2829 5150 Leguutur
2863 5084 2977 5138 haec
3002 5081 3167 5138 Exod.
3199 5097 3336 5146 xx",
3375 5082 3465 5136 20.
3504 5081 3609 5135 Sed
3652 5096 3753 5151 pro

2252 5096 2363 5151 (tu
2405 5096 2527 5145 Qui.
2558 5096 2829 5150 Leguutur
2865 5096 2977 5138 haec
3002 5096 3167 5138 mou.
3199 5097 3336 5146 xx",
3375 5096 3465 5136 ‘zu.
3504 5096 3609 5135 aen
3652 5096 3750 5202 8m

2184 5151 2683 5222 λιθοϐοληθήσεται,
2724 5151 2908 5207 Grteca
2955 5153 3118 5206 editio
3168 5154 3328 5205 habet
3368 5151 3648 5222 ὲξολοθρευ
3687 5151 3750 5219 ἠ-

2182 5238 2356 5285 σεται,
2407 5226 2457 5273 id
2488 5235 2592 5287 est,
2636 5222 3081 5275 exterminabitur.
3131 5223 3201 5275 At
3239 5222 3493 5290 lapidatio
3539 5226 3647 5289 ipsa
3696 5237 3747 5272 tu

2185 5293 2598 5345 ltettteronotnio
2627 5302 2956 5344 memoratur
3002 5307 3118 5353 χιιι,
3161 5292 3257 5355 lt),
3286 5302 3341 5345 et
3376 5308 3504 5355 xvn,
3556 5291 3611 5356 5,
3658 5291 3748 5345 ubi

2183 5362 2520 5433 idololatram
2549 5361 2814 5433 lapidibus
2842 5362 2995 5415 obrui
3017 5362 3172 5433 jubet
3204 5363 3432 5433 Moyses.

2255 5432 2364 5501 (1‘2)
2411 5429 2673 5484 Gloriam.
2731 5428 2833 5484 lsa.
2868 5428 3096 5496 “n.8,
3138 5442 3191 5485 et
3231 5428 3419 5496 χιξνιιι,
3451 5432 3538 5486 ll.

2251 5522 2362 5590 (15)
2403 5519 2741 5589 Prophetiza.
2772 5520 2959 5573 Matth.
2996 5536 3144 5585 τινι,
3175 5520 3263 5573 68.

2253 5612 2365 5680 (14)
2405 5611 2698 5666 Credimus.
2746 5611 2867 5666 llaec
2894 5616 3054 5665 verha
3095 5613 3146 5664 in
3194 5610 3379 5663 Blliliis
3411 5624 3513 5680 non
3552 5607 3748 5676 reperi.

2185 5678 2417 5747 Respicn
2453 5692 2630 5734 autem
2670 5680 2902 5736 fortasse
2946 5683 3201 5750 Didymus
3241 5681 3367 5733 illud
3413 5678 3639 5735 Joannis
3669 5695 3752 5747 υς,

2184 5752 2253 5804 ‘28
2283 5760 2299 5799 ξ
2337 5750 2445 5803 Nos
2474 5767 2644 5804 autem
2686 5750 2846 5805 Musis
2879 5751 3128 5818 discipuli
3157 5768 3358 5804 sumus.
