4146 6440
397 410 503 468 437

1498 415 1586 470 DE
1626 413 1998 471 TRINITATE
2038 413 2240 469 LIBER
2281 413 2566 471 PRIMUS.

3555 372 3660 470 tes

397 522 653 593 νογενοῦς
685 524 783 597 τὴν
810 524 968 591 δόξαν
1001 527 1060 579 οὐ
1112 526 1396 593 σώζουσιν,
1426 528 1713 601 ὁμοούσιον
1754 526 1832 598 τῷ
1862 527 1975 579 Πα-

2108 527 2160 581 io
2182 527 2419 597 (IS-I6).
2449 524 3043 581 AtMacedoniialumni
3062 523 3511 596 (I7)sicutsancti
3543 524 3665 595 Spi-

396 618 517 689 cp‘t,
537 614 634 668 καὶ
658 615 780 685 οὐχὶ
803 613 1089 684 ὁμοούσιον
1117 613 1365 683 λέγοντες
1392 616 1556 670 αὐτόν
1580 634 1594 648 ο
1626 617 1702 679 ὡς
1723 615 1979 677 νοεῖσθαι,

398 704 483 757 ὅτι
516 703 684 775 ἄλλης
712 704 905 775 ὁμοίας
930 705 1119 769 οὐσίας
1146 707 1313 760 ἐστίν.
1355 708 1516 760 Ὥστε
1557 707 1803 761 λείπεται
1834 709 1984 778 αἱρε-

398 796 626 859 τικοὺς,
682 795 715 867 ἢ
764 797 997 867 ἀμεῖψαι
1055 799 1113 851 ὲν
1152 800 1274 861 ταῖς
1330 796 1649 870 θρησκείιις
1702 798 1880 854 αὐτῶν
1925 798 1986 851 τὸ

398 888 571 959 ὄνομα
599 887 693 941 τοῦ
732 888 947 958 Πατρὸς
968 926 984 952 ,
1023 888 1099 951 ὡς
1139 891 1207 959 τῇ
1238 888 1466 961 ἀληθείᾳ
1511 892 1642 961 παρ’
1670 891 1851 953 αὐτοῖς
1886 889 1987 943 οὐκ

399 979 554 1043 ὄντος
591 979 754 1033 αὑτοῦ
802 980 1019 1052 Πατρδς
1040 1021 1054 1047 ,
1099 979 1180 1033 ἔτι
1233 983 1339 1052 μὴν
1389 982 1485 1035 καὶ
1522 981 1617 1035 τοῦ
1664 980 1987 1053 μονογενοῦς

402 1070 559 1137 Υίοῦ,
590 1072 687 1125 καὶ
717 1071 813 1125 τοῦ
845 1073 1164 1144 Πνεύματος
1192 1072 1250 1126 δὲ
1274 1071 1369 1126 τοῦ
1398 1072 1557 1137 Θεοῦ,
1590 1073 1666 1137 ὡς
1691 1071 1848 1128 τοῦτο
1887 1073 1988 1127 οὐκ

397 1165 561 1227 δντος
604 1164 946 1234 (συγγνώτω
993 1164 1050 1218 δὲ
1095 1167 1229 1236 ἡμῖν
1265 1164 1299 1236 ἠ
1346 1165 1479 1233 ἁγία
1515 1165 1613 1244 καὶ
1654 1160 1857 1237 σεπτὴ,
1893 1166 1989 1218 καὶ

399 1259 533 1327 παρ’
558 1257 714 1327 ἡμῶν
749 1256 1084 1327 δοξαζομένη
1131 1256 1417 1329 ὁμοούσιος
1466 1258 1637 1327 Τριάς
1660 1258 1679 1329 )
1701 1276 1714 1289 ·
1752 1257 1986 1329 ἀμεῖψαι

400 1349 457 1402 δὲ
489 1349 597 1420 πρό
631 1365 695 1418 γε
726 1349 944 1403 πάντων
984 1352 1043 1402 τὸ
1087 1349 1296 1404 ἑαυτῶν
1330 1350 1501 1420 ὄνομα
1523 1388 1537 1414 ,
1574 1349 1671 1403 καὶ
1714 1350 1850 1421 μήτε
1894 1366 1991 1402 κα-

401 1440 608 1493 λεῖσθαι
634 1441 996 1512 Χριστιανοὺς
1016 1440 1050 1511 ἢ
1069 1440 1501 1512 Πνευματικοὺς,
1531 1442 1666 1511 μήτε
1686 1440 1990 1495 διακεῖσθαι

401 1530 478 1592 ὡς
510 1529 662 1591 ὄντες
695 1530 851 1582 αὐτοὶ
883 1531 1079 1582 ἐκεῖνοι
1107 1530 1393 1601 ὁμογενεῖς
1421 1532 1529 1584 υἱοὶ
1558 1530 1668 1583 τῶν
1713 1530 1859 1584 ἰδίων
1889 1548 1992 1584 πα-

401 1623 579 1694 τέρων
599 1634 613 1648 ⁸
653 1621 686 1692 ἢ
726 1620 801 1691 μὴ
839 1620 1188 1687 ἐξαλλάττειν
1222 1623 1325 1693 τῆς
1358 1620 1453 1675 τοῦ
1489 1622 1705 1692 Πατρὸς
1738 1621 1990 1692 θεότητος

2088 617 2245 679 ritus,
2272 616 2352 672 sic
2381 617 2545 670 etiam
2575 613 2846 686 Unigeniti
2883 614 3105 685 gloriam
3154 614 3479 671 labefactant
3498 654 3513 675 ,
3543 633 3663 670 cum

2086 711 2263 781 ipsum
2294 712 2445 766 aiunt
2473 726 2595 767 esse
2623 710 2770 765 Patri
2798 709 3157 765 hommusium
3190 708 3325 780 (I8),
3354 710 3405 762 id
3459 717 3562 773 est,
3593 708 3667 763 si-

2089 805 2232 859 milis
2263 819 2385 858 cum
2422 819 2487 859 co
2516 803 2853 866 substantiae,
2879 818 2983 856 non
3032 816 3159 855 vero
3206 800 3570 865 Itomousium,
3610 799 3666 853 id

2088 908 2164 951 est
2196 895 2710 952 consubstantialem
2732 911 2748 960 ;
2772 902 2831 949 ut
2864 893 3174 963 signiﬁcent
3197 892 3335 964 (I9),
3386 908 3508 947 eum
3534 891 3669 946 alte-

2087 993 2202 1046 rius
2225 991 2420 1047 similis
2445 991 2759 1046 substantiae
2793 987 2955 1061 104
2982 988 3263 1043 exsistere.
3312 987 3498 1055 Itaque
3535 985 3667 1040 reli-

2087 1072 2252 1151 quum
2285 1090 2389 1145 est,
2419 1091 2477 1136 ut
2510 1080 2749 1136 lneretici
2782 1090 2874 1134 aut
2916 1080 2967 1133 in
2986 1076 3381 1148 superstitiosis
3431 1077 3670 1148 ipsorum

2088 1172 2324 1242 liturgiis
2346 1187 2543 1228 nomen
2572 1169 2750 1226 Patris
2775 1169 3079 1235 immutent,
3135 1165 3333 1236 quippe
3373 1179 3493 1220 cum
3545 1178 3672 1218 vere

2084 1261 2237 1331 juxta
2274 1262 2394 1317 illos
2423 1275 2528 1315 non
2554 1262 2626 1317 sit
2650 1259 2853 1315 Pater:
2890 1259 3020 1328 quin
3050 1257 3216 1314 etiam
3256 1270 3448 1311 nomen
3484 1255 3673 1323 unige-

2091 1356 2190 1411 niti
2219 1355 2364 1419 Filii,
2394 1365 2451 1411 et
2514 1354 2752 1424 Spiritus
2806 1352 2897 1409 Dei
2954 1351 3243 1406 obliterent
3299 1362 3521 1403 necesse
3563 1355 3672 1413 est,

2090 1448 2291 1518 quippe
2330 1461 2456 1503 cum
2483 1460 2672 1502 eorum
2695 1444 2965 1500 sententia
2996 1450 3191 1500 neuter
3217 1441 3288 1496 sit
3349 1438 3473 1493 talis
3527 1436 3673 1507 (par-

2099 1549 2185 1594 cat
2228 1552 2358 1593 vero
2385 1536 2538 1593 nobis
2588 1544 2872 1601 sancta,et
2902 1534 3196 1600 adoranda,
3234 1543 3287 1586 et
3315 1547 3343 1584 a
3377 1530 3530 1585 nobis
3561 1527 3674 1598 glo-

2096 1630 2304 1685 rificata
2368 1624 3314 1696 consubstantialis,Trinilas):sed
3377 1623 3432 1676 in
3486 1620 3676 1689 primis

402 1716 498 1767 καὶ
523 1712 702 1784 δόξης,
733 1713 827 1767 τὸν
863 1712 1119 1784 ἀληθινὸν
1150 1714 1302 1778 Υἱὺν,
1340 1715 1435 1769 καὶ
1475 1714 1537 1768 τὺ
1586 1716 1742 1783 ἆγιον
1770 1702 1991 1786 Πνεῦμα

2100 1722 2370 1791 proprium
2410 1734 2606 1776 nomen
2646 1726 2854 1774 mutent
2891 1725 3129 1786 oportet,
3182 1731 3246 1771 ac
3286 1730 3459 1783 neque
3513 1712 3677 1767 Chri-

401 1806 596 1861 αὺτοῦ.
629 1806 785 1860 Ἰδιον
835 1807 945 1878 γὰρ
986 1806 1258 1861 Ἰουδαίων
1293 1807 1393 1877 μὲν
1425 1808 1489 1861 τὸ
1520 1808 1611 1861 τὸν
1644 1807 1864 1877 Πατέρα
1897 1807 1993 1876 μό-

2100 1813 2256 1867 stiani
2280 1823 2565 1878 vocentur,
2593 1819 2688 1866 aut
2731 1808 3025 1880 spiritales,
3059 1820 3231 1877 neque
3268 1820 3327 1860 se
3352 1805 3450 1874 ipsi
3481 1817 3679 1872 paren-

403 1915 496 1951 vov
528 1899 712 1968 τιμᾷν,
751 1898 1020 1969 Ἐλλήνων
1052 1897 1108 1950 δὲ
1138 1897 1200 1950 τὸ
1235 1896 1330 1969 [45
1363 1898 1416 1970 b]
1476 1897 1682 1967 πλῆθος
1705 1897 1994 1967 δαιμονίων

2100 1912 2208 1955 ιιιιιι
2244 1916 2461 1957 suorum
2502 1913 2845 1971 congeneres
2878 1898 3016 1952 lllios
3032 1910 3152 1951 esse
3183 1895 3533 1958 existiment;
3587 1899 3680 1945 aut

410 1993 586 2061 μέγα,
627 1992 723 2045 καὶ
779 1992 997 2063 μικρὸν,
1034 1993 1131 2046 καὶ
1182 1992 1472 2063 χρονικδν,
1512 1992 1606 2045 καὶ
1651 1990 1990 2062 ἑτεροούσιον

2100 2006 2129 2045 a
2158 1993 2380 2057 deitate,
2406 2001 2460 2047 et
2495 1991 2665 2061 gloria
2722 1990 2901 2044 Patris
2936 2001 3123 2042 verum
3170 1986 3390 2048 Filium,
3443 1994 3500 2038 et
3554 1997 3679 2038 san-

405 2084 609 2137 σέϐειν.
1446 2116 1455 2121 -
2098 2092 2243 2137 ctum
2274 2084 2390 2154 ejus
2426 2082 2689 2154 Spiritum
2712 2097 2817 2137 non
2837 2081 3160 2137 subducant.
3198 2076 3332 2132 Nam
3362 2076 3674 2131 Iudaaorum

405 2178 624 2246 quidem
649 2175 923 2245 proprium
949 2184 1053 2237 est,
1083 2175 1255 2229 solum
1302 2172 1520 2226 Patrem
1580 2171 1881 2234 honorare;
1945 2171 2256 2227 Graecorum
2316 2186 2465 2237 vero,
2520 2173 2918 2226 multitudinem
2973 2169 3278 2223 daemonum
3334 2166 3534 2229 colere,
3587 2161 3681 2232 qui

404 2270 589 2336 magni
624 2269 759 2331 sint,
793 2274 843 2320 et
882 2269 1127 2335 parvi,et
1183 2262 1525 2334 tcmporarii,
1573 2272 1628 2316 et
1684 2262 1998 2326 heterousii,
2041 2263 2145 2319 hoc
2173 2274 2279 2327 est,
2316 2264 2403 2318 alii
2437 2262 2572 2318 alias
2593 2264 2840 2317 habentes
2870 2271 3115 2315 naturas.

1029 2399 1191 2454 ΚΕΦ.
1250 2399 1374 2452 ΛΕ⁸.

448 2492 653 2556 Ὀπως
699 2488 815 2557 χρὴ
869 2487 1035 2543 νοεῖν·
1086 2489 1204 2567 τὰς⁵
1230 2489 1544 2555 θεολογίας
1602 2487 1721 2541 τῶν
1759 2490 1915 2556 Γρα-

1122 2575 1277 2627 φων.

481 2648 964 2718 Συναγωνίσασθαι
994 2648 1051 2701 δὲ
1080 2649 1108 2700 ὁ
1151 2646 1370 2713 ἀνάξιος
1416 2646 1529 2716 ἐγὼ
1565 2649 1688 2710 ταῖς
1741 2649 1867 2718 περὶ
1897 2647 1992 2702 τοῦ

408 2737 741 2813 μονογενοῦς
766 2739 898 2792 Υίοῦ
924 2739 1019 2793 καὶ
1044 2738 1140 2791 τοῦ
1166 2738 1324 2808 ἁγίου
1352 2737 1494 2792 Πνεύ
1504 2755 1673 2809 ματος
1697 2738 1994 2806 θεολογίαις

409 2828 717 2902 προήχθην,
747 2829 867 2882 οὐδὲ
894 2828 1036 2883 κατὰ
1070 2827 1278 2882 ἔννοιαν
1308 2828 1715 2899 παραὸλάπτων
1738 2829 1841 2900 τὴν
1866 2831 1996 2900 περὶ

408 2921 505 2977 τοῦ
560 2919 696 2974 Θεοῦ
749 2922 847 2975 καὶ
898 2920 1113 2992 Πατρὺς
1177 2920 1457 2992 ἄφραστον
1519 2920 1679 2987 δόξαν
1738 2923 1837 2993 (οὐ
1887 2923 1995 2994 γὰρ

409 3012 705 3084 ἠγνόηται,
736 3012 869 3065 ὡσεὶ
907 3013 1000 3065 καὶ
1047 3012 1121 3084 μὴ
1171 3013 1277 3083 πρὸ
1311 3013 1514 3084 ἀμφοῖν
1551 3012 1848 3083 δεδήλωται
1886 3012 1996 3067 τῶν

2683 2397 2835 2452 CAP.
2873 2395 3095 2451 XXXV.

2101 2492 2372 2557 Quomodo
2395 2490 2681 2562 intelligere
2711 2499 2943 2572 oporteat
2972 2488 3398 2571 .Scripturarum
3453 2488 3517 2541 de
3576 2486 3683 2541 Deo

2719 2570 3040 2614 testimonia.

2171 2654 2245 2708 Eo
2275 2662 2453 2707 autem
2489 2653 2754 2708 adductus
2780 2668 2897 2707 sum
2928 2667 3026 2721 ego
3053 2650 3330 2720 indignus,
3377 2657 3435 2702 ut
3478 2651 3529 2702 in
3586 2647 3685 2703 hoc

2103 2745 2399 2800 certamine
2418 2743 2826 2814 Scripturarum
2856 2741 3200 2804 testimoniis,
3238 2741 3289 2793 in
3332 2741 3527 2808 quibus
3570 2739 3685 2793 uni-

2103 2834 2269 2904 geniti
2298 2833 2444 2898 Filii,
2482 2844 2537 2886 et
2560 2832 2797 2901 Spiritus
2827 2831 3001 2886 sancti
3047 2830 3305 2884 divinitas
3360 2829 3686 2890 declaratur,

2103 2924 2266 2978 veluti
2300 2924 2579 2993 suppetias
2620 2922 2843 2977 ferrem.
2880 2922 2933 2974 Id
2969 2934 3131 2989 porro
3167 2933 3272 2974 non
3322 2932 3387 2972 eo
3443 2916 3685 2986 prmstitl,

2101 3015 2245 3085 quod
2272 3013 2601 3070 inell'abilem
2634 3014 2728 3068 Dei
2762 3027 2824 3067 ac
2841 3010 3023 3066 Patris
3051 3011 3276 3080 gloriam
3304 3023 3373 3063 ne
3408 3007 3686 3077 cogitatio-

410 3108 718 3179 εἰρημένων
761 3106 922 3161 θείων
973 3106 1362 3163 ὑποστάσεων·
1396 3107 1511 3161 ἀλλ’
1551 3109 1701 3179 ὅμως
1734 3108 1901 3179 ἄμφω
1937 3112 1994 3162 αἱ

2102 3123 2171 3162 ne
2195 3108 2410 3177 quidem
2441 3105 2772 3161 labefactare
2794 3103 3024 3167 vellem;
3084 3111 3208 3157 nota
3256 3102 3399 3154 enim
3461 3112 3521 3152 ea
3570 3108 3684 3153 est:

411 3198 741 3261 ὑποστάσεις
780 3197 839 3265 ἐξ
880 3196 1046 3250 αὐτοῦ
1082 3197 1222 3251 κατὰ
1254 3198 1418 3267 φύσιν
1471 3198 1734 3268 συμφυῶς
1772 3200 1932 3260 εἰσιν,
1963 3201 1997 3269 ἡ

415 3291 517 3361 μὲν
542 3288 633 3343 τοῦ
661 3289 790 3343 Υἱοῦ
822 3290 1180 3362 γεννητικῶς,
1208 3292 1241 3359 ὴ
1272 3290 1329 3343 δὲ
1356 3288 1451 3342 τοῦ
1487 3288 1802 3357 Πνεῦματος
1832 3288 1997 3341 αὐτοῦ

413 3381 891 3455 ὲκπορευτικῶς)·
951 3381 1068 3435 ἀλλ’
1120 3379 1414 3453 αἱρετικῶν
1462 3380 1562 3443 τὰς
1612 3377 2000 3449 πανολεθρίους

412 3471 700 3542 ἐξηγήσεις
742 3470 1287 3540 ἀποσκευαζόμενος,
1324 3469 1417 3522 καὶ
1462 3469 1870 3537 συνιστάμενος,
1913 3466 1995 3519 ὅτι.

2104 3210 2158 3254 et
2180 3199 2426 3267 quamvis
2446 3196 2561 3270 (‘20)
2593 3206 2720 3251 ante
2752 3195 2943 3250 ambas
2972 3193 3260 3264 praedictas
3303 3191 3512 3245 divinas
3567 3204 3688 3257 per-

2104 3304 2270 3344 sonas
2301 3290 2677 3343 manil’cstatus
2703 3287 2819 3352 sit;
2872 3295 3056 3340 tamen
3101 3294 3332 3352 utraque
3384 3280 3689 3352 liypostasls

2104 3394 2172 3432 ex
2209 3380 2325 3450 ipso
2357 3380 2654 3434 secundum
2695 3386 2968 3441 naturam,
2998 3384 3052 3430 et
3075 3389 3196 3430 cum
3224 3375 3339 3445 ipso
3387 3372 3688 3435 cocxsistit,

2105 3468 2226 3522 Filii
2279 3460 2495 3537 quidem
2527 3469 2840 3539 hypostasis
2868 3484 2964 3537 per
2993 3466 3424 3537 generationem,
3455 3464 3690 3533 Spiritus

412 3562 478 3615 δι’
515 3556 590 3616 ὧν
628 3561 846 3616 δοκοῦσι
886 3562 1041 3633 παρὰ
1083 3561 1180 3629 τὴν
1226 3558 1453 3632 Γραφὴν
1494 3558 1657 3612 πλέον
1704 3559 1871 3628 τιμᾷν
1903 3557 1994 3610 τὸν

2100 3568 2273 3613 autent
2329 3560 2497 3629 ipsius
2535 3576 2632 3630 per
2673 3559 3106 3628 processionem.
3155 3558 3264 3611 Sed
3319 3556 3433 3610 haec
3464 3555 3690 3619 dictavi,

415 3653 657 3724 Πατέρα,
692 3654 781 3707 διὰ
810 3653 1015 3707 τούτων
1049 3653 1210 3707 αὐτόν
1239 3669 1298 3705 τε
1328 3651 1558 3705 λυποῦσι
1580 3691 1594 3715 ,
1629 3651 1722 3704 καὶ
1765 3649 1855 3702 τὸν
1884 3651 1998 3702 Μο-

417 3745 610 3815 νογενῆ
644 3745 831 3812 αὐτοῦ,
873 3747 968 3800 καὶ
998 3747 1058 3799 τὸ
1086 3745 1315 3816 Πνεῦμα
1348 3743 1745 3817 ὲνυδρίζουσιν.

2096 3660 2156 3704 ιιι
2187 3650 2570 3705 haereticorum
2602 3651 3090 3720 perniciosiSsimas
3119 3645 3506 3717 explicationes
3536 3658 3692 3698 ever-

2101 3751 2294 3807 terem,
2326 3741 2597 3811 simulque
2633 3743 2940 3811 probarem,
2964 3740 3087 3795 illos
3132 3753 3228 3809 per
3279 3752 3342 3792 ea
3372 3736 3485 3805 ipsa
3541 3732 3690 3790 Patri

416 3831 729 3902 displicere,
772 3843 936 3904 atque
1005 3834 1358 3905 Unigvnitum
1393 3832 1530 3903 ejus,
1567 3849 1631 3888 ac
1655 3832 1917 3904 Spiritum
1948 3831 2272 3888 contumelia
2306 3830 2548 3895 afﬁcere,
2574 3845 2668 3901 per
2709 3846 2827 3900 quae
2862 3829 3078 3884 Patrem
3113 3830 3291 3900 ipsum
3321 3838 3508 3883 contra
3542 3826 3691 3883 Scri-

414 3939 590 3997 pturae
637 3940 871 3987 mentem
931 3931 1102 4002 magis
1162 3932 1413 3986 videntur
1467 3931 1753 3986 honorare.

1045 4085 1203 4138 ΚΕΦ.
1236 4086 1377 4152 scr.

773 4179 881 4232 Καὶ
909 4177 1086 4232 τοῦτο
1119 4178 1252 4247 περὶ
1287 4178 1395 4233 τοῦ
1441 4179 1648 4233 αὐτοῦ.

490 4269 629 4334 Τοὺς
660 4270 837 4323 τοίνυν
891 4270 1205 4341 ὀρθοδόξους
1231 4271 1338 4341 χρὴ
1388 4270 1586 4324 εἰδέναι
1637 4271 1737 4342 μὲν
1760 4312 1774 4335 ,
1809 4271 1885 4334 ὡς
1914 4273 2009 4325 καὶ

420 4360 551 4432 περὶ
587 4362 784 4433 μικροῦ
819 4362 980 4435 ἔργου
1016 4363 1109 4416 τοῦ
1139 4361 1274 4416 Θεοῦ
1306 4362 1387 4432 (εί
1433 4362 1781 4434 τολμήσαντα
1813 4363 2006 4435 μικρὸν

2560 4080 2715 4152 105
2732 4079 2961 4137 CAPUT
3008 4078 3248 4134 xxxvr.

2710 4172 2788 4227 De
2816 4174 2995 4227 eadem
3020 4189 3094 4225 re.

2186 4266 2322 4321 Illud
2354 4279 2519 4336 porro
2562 4263 2849 4319 orthodoxi
2880 4263 3060 4317 norint
3087 4271 3323 4333 oportet,
3350 4274 3445 4316 eos
3475 4262 3570 4331 qui
3602 4260 3686 4316 vel

2114 4360 2181 4413 de
2214 4372 2382 4428 parvo
2409 4356 2594 4424 aliquo
2621 4356 2713 4409 Dei
2745 4369 2909 4425 opere
2938 4355 3004 4425 (si
3032 4364 3211 4409 tamen
3242 4354 3410 4409 ullum
3436 4353 3528 4408 Dei
3550 4367 3689 4422 opus

420 4452 584 4522 ἔργον
603 4452 720 4506 ἔστι
752 4454 917 4523 φάναι
943 4453 1110 4522 Θεοῦ)
1128 4456 1240 4519 τοῖς
1268 4453 1542 4507 διαλαϐεῖν
1564 4453 1826 4517 ἐθέλουσι,
1851 4454 1996 4525 χρεία

2116 4450 2236 4503 sine
2272 4446 2496 4501 audacia
2531 4462 2753 4517 parvum
2784 4461 2979 4501 vocare
3015 4446 3162 4519 licet)
3195 4447 3464 4502 disserere
3498 4444 3689 4508 velint,

419 4544 615 4611 λόγων,
649 4546 744 4599 καὶ
769 4544 947 4617 ἔργων
982 4547 1089 4620 πρὸ
1118 4546 1225 4600 τῶν
1255 4547 1449 4616 λόγων,
1496 4547 1591 4600 καὶ
1630 4546 1865 4610 πίστεως
1904 4545 1996 4617 πρέ

2120 4539 2426 4594 eruditione
2472 4537 2740 4609 indigere,
2799 4537 2905 4597 sed,
2949 4544 3075 4592 ante
3114 4536 3472 4593 eruditionem
3513 4535 3692 4605 operi-

497 4794 707 4862 (15-16)
747 4794 873 4850 Alia
896 4802 974 4849 est
1000 4797 1157 4847 ratio.
1173 4793 1279 4848 Pro
1307 4792 1482 4856 ἄλλως
1504 4793 1682 4862 λόγος,
1717 4793 1835 4863 lego
1850 4793 2008 4856 ἄλλος

426 4866 619 4935 λόγος·
662 4880 824 4933 quam
876 4864 1270 4935 proverbialem
1330 4865 1659 4919 locutionem
1711 4864 1763 4918 in
1810 4864 2007 4925 Atticis

428 4933 786 5004 scriptoribus
829 4933 1057 5004 memini
1082 4948 1167 4987 me
1206 4933 1406 5004 legere.

500 5002 611 5077 (Π)
646 5005 981 5077 ,Αίιιιηηξειη
1019 5003 1486 5077 (ξιξερο-παῖδες.-
1510 5016 1605 5057 seu
1651 5002 1775 5071 ﬁlii,
1817 5016 2010 5077 nempe

426 5072 701 5144 discipuli.
736 5074 910 5129 Simili
938 5076 1097 5129 modo
1145 5074 1234 5127 alii
1267 5075 1432 5127 etiam
1474 5072 1768 5144 loquuntur
1810 5074 2007 5144 vetusti

429 5142 744 5214 scriptores.
786 5145 859 5199 lla
894 5146 983 5215 qui
1024 5144 1378 5215 pbilosogliiae
1415 5142 1825 5215 Operam_dant,
1857 5142 2006 5211 φιλο-

424 5212 608 5285 σόφων
642 5215 829 5279 παῖδες
868 5212 1133 5270 vocantur
1168 5228 1196 5265 a
1238 5212 1516 5285 Clemenle
1548 5212 1600 5266 in
1630 5212 2004 5285 ‘Prglreplico;

426 5280 518 5351 qui
545 5301 675 5339 vero
704 5287 1199 5354 grammaticaarte
1224 5283 1419 5354 eruditi
1450 5291 1599 5354 sunt,
1626 5283 1677 5337 in
1707 5280 2004 5351 Pwdagogo

432 5358 684 5428 dicuntur
714 5353 1350 5428 γραμματικῶν-παῖδες.
1380 5353 1519 5428 Quin
1557 5367 1740 5428 vocem
1770 5366 2003 5428 quoque,

429 5425 579 5491 υἱός,
620 5419 1003 5481 εοᾱὸὶηέὲιιειι
1046 5424 1358 5478 adhibuisse
1400 5424 1611 5477 videtur
1656 5419 1910 5475 Justinus
1952 5422 2003 5474 in

432 5497 648 5549 (Saliari.
672 5498 741 5548 ad
771 5495 1002 5559 ercos,
1044 5509 1192 5547 num.
1229 5492 1285 5558 5,
1336 5491 1462 5545 dum
1501 5492 1758 5545 Musaeum
1804 5491 2006 5560 Orphei

428 5566 580 5629 υἱόν,
626 5581 719 5619 seu
755 5567 925 5633 ﬁiium
960 5572 1272 5630 nuncupat;
1324 5562 1503 5616 Musmi
1531 5564 1674 5616 enim
1711 5570 1863 5629 pater
1900 5562 2008 5616 Eu-

435 5635 645 5701 molpus
667 5634 783 5694 fni.
812 5651 914 5689 non
941 5633 1206 5702 Orpheus.

507 5699 620 5772 (I8)
665 5699 1046 5758 llomwusiuni.
1088 5701 1395 5757 Ductfssimi
1448 5700 1695 5772 monachi
1734 5699 1792 5772 S.
1837 5699 2004 5754 Mauri

439 5774 502 5825 ad
519 5770 786 5828 ‘Athanas.
818 5777 911 5827 lib.
960 5774 1035 5827 De
1062 5774 1294 5842 synodis,
1332 5786 1451 5839 pag.
1496 5770 1616 5832 746,
1659 5771 2000 5825 scribendum

434 5858 562 5899 esse
620 5845 980 5909 contendunt,
1032 5841 1383 5910 ὁμοιοούσιον,
1446 5842 1556 5896 sive
1605 5842 1999 5895 lmmwousium.

2106 4790 2219 4858 Ego
2258 4788 2544 4841 lectionem
2586 4783 2954 4858 Passioneiani
2998 4783 3202 4840 codicis
3250 4795 3355 4835 non
3386 4782 3687 4845 immutavi,

2107 4855 2209 4915 etsi
2243 4858 2468 4911 alteram
2490 4855 2660 4924 magis
2682 4855 2925 4924 probem.

2178 4925 2291 4999 (I9)
2362 4925 2429 4979 Ut
2485 4919 2795 4999 signiﬁcent.
2837 4923 3039 4999 _Rect_e
3097 4919 3689 4999 _htec___Maced0nianis

2107 4989 2306 5068 potius,
2356 4989 2888 5068 quam'MEtcedonio
2932 4992 3136 5068 tribuit
3201 4991 3485 5068 Didymus.
3521 4989 3680 5068 “Nam

2112 5058 2408 5122 Macedonii
2438 5065 2628 5134 dogma
2657 5073 2754 5125 est,
2801 5072 2858 5116 ut
2896 5058 3360 5134 aitiﬂieronyrntts
3399 5059 3478 5134 _in_
3514 5058 3688 5134 Chro-

2113 5139 2245 5198 nico,
2296 5129 2789 5200 Patrem'qnidem,
2840 5142 2887 5185 ct
2936 5131 3134 5185 Filium
3168 5129 3324 5200 unius
3374 5129 3684 5194 divinitatis,

2109 5207 2444 5277 ejusdemque
2464 5199 2767 5277 substantia:
2791 5202 3046 5277 conﬁteri,
3071 5200 3157 5254 sed
3179 5199 3430 5267 Spiritum
3449 5210 3687 5277 sanctum

2110 5267 2283 5331 dicens
2332 5267 2650 5329 creaturam.
2702 5267 3209 5328 Macedonianorum
3256 5279 3435 5322 autem
3480 5267 3690 5332 Opinio-

2113 5363 2234 5401 nem
2265 5346 2602 5400 Antiocbena
2650 5343 2888 5415 synodus
2926 5358 3070 5415 anno
3116 5340 3219 5394 565
3258 5338 3552 5415 declaravit
3587 5337 3685 5415 ain

2109 5434 2212 5487 qua
2239 5418 2467 5486 synodo,
2497 5424 2568 5487 ιιι⁸
2601 5406 2903 5487 ειίιἹὺὶιίθιιὶ
2950 5406 3685 5487 Ηξυτοιιχιιιιιθημυηιοιιεξο,

2112 5475 2462 5554 Ἁηυηῖαεοᾳηά
2492 5483 2700 5552 rejects,
2741 5484 2970 5554 medium
3000 5483 3137 5535 inter
3158 5475 3285 5531 Ἰιαέ
3338 5475 3689 5530 Homoiusiou

2118 5551 2556 5610 Macedonianum
2586 5556 2773 5619 dogma
2810 5551 3223 5605 vindicaverunt.

2186 5624 2299 5695 (20)
2338 5626 2404 5678 Et
2438 5614 2690 5695 quamvis.
2729 5621 2937 5695 Utrum_
2958 5637 3019 5675 ea
3063 5619 3239 5695 lectio,
3292 5616 3423 5695 dies}
3457 5614 3550 5668 καὶ
3585 5615 3682 5686 μή,

2114 5687 2389 5760 τεόιηέίι,
2429 5687 2631 5758 indicet
2656 5693 2843 5746 lector.
2896 5688 3009 5758 Ego
3056 5689 3299 5744 voculam
3346 5687 3419 5761 μή
3477 5699 3687 5754 expuu-

2064 5816 2067 5821 .
2112 5766 2336 5835 gendum
2371 5761 2708 5818 crediderim.
