4100 6438
539 382 644 439 ιόθ

1802 374 2035 429 ῡιυγιιι
2077 374 2547 430 ALEXANDRINI

3680 369 3787 429 MO

540 501 640 553 bns
685 494 819 566 (21),
863 501 986 546 ante
1011 505 1174 561 opera
1213 504 1364 549 vero.
1396 499 1555 557 atque
1583 490 1942 546 eruditionem
1976 490 2088 555 title1

2206 494 2408 563 ἀμφοῖν
2437 492 2659 555 τούτων,
2692 490 2783 543 καὶ
2816 489 3014 558 πολλῆς
3051 487 3355 554 εὐλαϐείας,
3388 488 3481 541 καὶ
3512 488 3789 559 κατανοή-

536 599 852 655 magnaque
900 583 1116 651 pietate,
1161 590 1216 635 et
1259 580 1681 649 exquisitissima
1729 583 2097 644 meditatione,

536 684 593 729 ut
641 675 741 728 hac
782 671 990 726 ratione
1037 669 1337 738 intelligere
1382 668 1528 737 digiti
1572 667 1706 723 (iam
1739 684 1805 725 ne
1826 669 1952 723 illud
1984 671 2104 737 qui-

536 766 679 830 dem,
720 763 861 832 quod
897 744 1120 831 parvum
1150 761 1239 823 sit,
1278 760 1752 830 cOgitationecapi
1780 775 1963 827 posse,
2003 761 2097 816 sed

534 864 590 910 ct
620 857 721 910 hoc
743 854 1009 934 hnmanos
1047 851 1102 905 in
1140 849 1411 906 inﬁnitum
1461 858 1689 905 conatus
1737 850 1996 906 excedere
2033 851 2101 922 (si

533 946 676 999 enim
708 945 800 1000 Dei
828 958 963 1014 opus
992 952 1097 1006 est,
1133 942 1239 999 etsi
1269 957 1495 1012 parvum
1535 943 1809 1007 videatur,
1846 958 2097 1014 magnum

533 1039 940 1105 est,:quatenus
985 1045 1069 1090 est
1128 1032 1267 1088 Dei:
1301 1032 1489 1088 Parvis
1534 1044 1710 1088 autem
1754 1034 1871 1105 (22)
1907 1052 2099 1106 magna

533 1126 796 1180 laboribus
823 1125 1078 1195 quomodo
1124 1123 1238 1194 quis
1269 1126 1622 1193 assequatur?
1665 1124 1885 1179 stultum
1908 1134 2007 1191 est,
2039 1134 2100 1180 ut

532 1217 624 1270 ille
664 1218 761 1282 ait,
806 1217 917 1271 lucc
961 1216 1039 1271 uel
1081 1214 1279 1286 optare)
1323 1232 1337 1269 :
1380 1214 1547 1270 multo
1595 1226 1773 1271 autem
1819 1216 1988 1286 magis
2042 1229 2100 1271 ut

531 1324 694 1379 supra
718 1309 981 1365 humanas
1006 1309 1150 1364 vires
1171 1323 1295 1364 esse
1317 1317 1672 1377 cognoscant,
1705 1308 1876 1378 ipsius
1910 1307 2100 1363 ineﬂ‘a-

530 1399 654 1454 bilis
702 1400 792 1453 Dei
838 1399 983 1454 illam
1033 1400 1306 1456 notionem
1350 1400 1571 1467 habere,
1599 1414 1719 1470 quae
1745 1402 2100 1473 archangelu-

532 1505 647 1542 rum
684 1490 847 1544 etiam
873 1505 1090 1546 sensum
1119 1506 1185 1546 ac
1217 1499 1450 1546 mentem
1483 1502 1704 1561 superat
1728 1507 1742 1544 :
1768 1493 1884 1547 hinc
1915 1502 2097 1546 autem

527 1592 918 1651 cognoscentes
961 1593 1016 1639 et
1044 1598 1072 1638 a
1104 1585 1422 1655 periculosis
1462 1582 1901 1654 inquisitionibus
1928 1585 2096 1639 absti-

529 1684 718 1741 neant,
770 1675 895 1729 talia
925 1673 1056 1744 Deo,
1102 1678 1193 1748 qui
1231 1676 1378 1733 solus
1407 1691 1470 1733 ea
1502 1681 1670 1742 novit,
1704 1677 2094 1745 relinquentes,

525 1775 579 1819 et
605 1780 726 1820 cum
753 1765 1007 1835 Apostolo
1050 1766 1233 1822 dicant
1258 1786 1272 1823 :
1305 1767 1523 1822 Credidi
1554 1766 1697 1839 (25),
1727 1777 1933 1836 propter
1956 1767 2096 1837 quod

2205 597 2342 643 σεως
2365 581 2696 650 ἀκροτάτης·
2723 579 2808 631 ἵνα
2859 578 2945 632 διὰ.
2976 577 3146 631 ταῦτα
3188 578 3388 646 γνῶναι
3437 577 3787 644 ἀξιωθέντες,

2202 672 2278 735 ὡς
2311 672 2404 724 καὶ
2423 672 2483 723 τὸ
2507 670 2699 741 μικρὸν
2729 670 2826 739 οὑχ
2852 668 3125 739 ἁλώσιμον
3150 671 3214 739 τῇ
3245 667 3471 739 διανοίᾳ,
3497 666 3787 720 ἀλλ’ἀπείεο

2204 781 2312 835 ρως
2341 762 2433 816 καὶ
2461 761 2593 815 αὑτὸ
2632 760 2740 813 τῶν
2770 759 3124 831 ἀνθρωπίνων
3179 758 3481 830 ὑπερφέρει
3518 758 3789 811 ἐπιϐολῶν

2200 855 2285 926 (εἰ
2308 852 2416 924 γὰρ
2454 852 2549 905 τοῦ
2578 851 2713 905 Θεοῦ
2742 850 2924 922 ἔργον,
2957 849 3059 904 κᾶν
3091 848 3284 921 μικρὸν
3322 848 3452 920 δοκῇ
3479 888 3493 912 ,
3536 848 3677 918 μέγα
3708 846 3785 910 ὡς

2199 945 2334 999 Θεοῦ
2357 962 2370 976 ·
2409 942 2655 1012 Μικροῑς
2682 941 2750 995 δὲ
2775 942 2845 996 τὰ
2864 939 3097 1010 μεγάλα
3127 938 3253 1004 πῶς
3277 938 3406 993 ἕλοι
3435 956 3524 1004 τις
3567 937 3644 991 ἂν
3672 939 3785 991 πό-

2198 1053 2436 1100 νοισιν;
2478 1035 2735 1106 Ἀμαθὲς,
2766 1035 2951 1105 φασὶν,
2988 1033 3087 1087 καὶ
3120 1033 3187 1087 τὸ
3215 1033 3550 1098 ,ϐούλεσθαι
3594 1031 3783 1099 τάδε),

2202 1130 2379 1198 πολλῷ
2409 1128 2466 1181 δὲ
2494 1128 2693 1199 μᾶλλον
2727 1129 2760 1198 ή
2790 1127 2919 1198 περὶ
2946 1125 3112 1180 αὑτοῦ
3166 1124 3261 1177 τοῦ
3315 1123 3593 1195 ἀφράστου
3644 1123 3781 1178 Θεοῦ

2197 1220 2445 1290 διάληψις
2495 1202 2897 1290 ὑπερϐαίνουσα
2947 1218 3039 1270 καὶ
3085 1216 3441 1287 ἀρχαγγέλων
3494 1215 3781 1287 αἴσθησιν·

2197 1311 2306 1365 τῶν
2340 1311 2438 1382 μὲν
2472 1309 2755 1380 σφαλερῶν
2787 1307 3071 1378 ζητήσεων
3115 1307 3563 1378 ἀναχωρήσωσιν,
3620 1303 3784 1375 γινώ-

2201 1421 2350 1457 σκειν
2405 1401 2498 1473 [46
2530 1400 2588 1473 a]
2624 1399 2765 1454 αὑτά
2820 1400 2966 1471 μόνῳ
3000 1398 3079 1469 τῷ
3106 1397 3224 1469 Θεῷ
3269 1398 3541 1466 ἀφιέντες,
3575 1399 3670 1452 σὺν
3702 1397 3783 1468 τῷ

2212 1494 2517 1565 Ἀποστόλῳ
2564 1493 2621 1547 δὲ
2669 1490 2924 1545 εἴπωσιν·
2975 1490 3356 1553 Ἐπίστευσα,
3382 1488 3473 1542 διὸ
3508 1488 3606 1543 καί
3637 1488 3780 1542 ἐλά-

2197 1590 2392 1653 λησα·
2424 1583 2522 1646 τὰς
2547 1582 2604 1636 δὲ
2637 1580 2916 1651 θεολογίας
2946 1580 3055 1634 τῶν
3084 1579 3316 1651 Γραφῶν
3366 1581 3503 1632 νοεῖν
3548 1579 3776 1632 οὑτωσί·

2200 1675 2456 1744 Ὅτιπερ,
2481 1671 2607 1725 ὅταν
2645 1670 2752 1724 ἀπὸ
2778 1670 2897 1735 ένὸς
2926 1667 3215 1741 προσώπου
3271 1667 3539 1737 λέγουσιν,
3570 1666 3658 1719 διὰ
3681 1666 3779 1736 τὴν

2203 1765 2331 1834 μίαν
2360 1764 2520 1834 φύσιν
2553 1765 2646 1816 καὶ
2674 1762 2923 1834 θέλησιν·
2978 1763 3106 1817 ὅταν
3139 1760 3247 1816 ἀπὸ
3301 1762 3524 1831 ἀμφοῖν,
3577 1758 3665 1811 διὰ
3717 1758 3780 1811 τὸ

522 1866 573 1911 et
622 1859 828 1912 locutus
874 1876 1014 1913 sum.
1068 1858 1471 1929 Scripturarnm
1498 1869 1674 1914 autem
1700 1860 1765 1914 de
1799 1859 1907 1927 Deo
1944 1859 2088 1914 testi-

2197 1855 2503 1911 δείκνυσθαι
2532 1856 2593 1908 τὸ
2629 1854 2992 1909 ίδιοσύστατον
3022 1855 3120 1925 τῆς
3166 1852 3329 1921 ἁγίας
3358 1852 3451 1906 καὶ
3499 1851 3779 1923 ἀκηράτου

523 1948 704 2001 monia
737 1948 818 2003 sic
851 1949 919 2004 ab
954 1951 1024 2005 iis
1052 1950 1278 2020 intelligi
1304 1957 1536 2019 oportet,
1572 1958 1629 2004 ut
1663 1950 1859 2013 norint,
1909 1963 2095 2005 sacros

521 2037 815 2106 scriptores
858 2040 1016 2094 modo
1049 2054 1116 2094 ex
1160 2039 1318 2093 unius
1367 2053 1600 2109 persona
1651 2038 1831 2109 loqui,
1882 2042 1953 2095 ob
1994 2053 2095 2093 na-

525 2141 659 2185 turae
688 2141 744 2186 et
767 2131 1069 2186 voluntatis
1099 2132 1399 2197 unitatem;
1437 2130 1598 2186 modo
1617 2146 1682 2186 ex
1712 2146 1940 2200 persona
1974 2146 2092 2185 am-

519 2221 735 2286 barum,
768 2229 828 2275 ut
859 2222 910 2275 in
943 2229 1132 2276 sancta
1177 2231 1232 2276 et
1276 2222 1628 2276 immaculata
1664 2221 1930 2277 Trinitate
1965 2237 2093 2291 pro-

526 2313 697 2380 priam
756 2312 1165 2367 consistentiam
1216 2313 1521 2367 ostendant.
1588 2311 1892 2381 Aliquando
1947 2314 2091 2369 enim

518 2399 687 2457 Isaias
716 2402 792 2456 ait
823 2420 836 2456 :
867 2400 980 2471 Ego
1008 2401 1261 2456 Dominus
1284 2400 1396 2472 (24)
1440 2403 1648 2455 extendi
1679 2402 1883 2465 calum,
1916 2412 1962 2457 et
1995 2403 2093 2472 ﬁr-

516 2494 657 2546 mavi
675 2503 906 2558 terram;
927 2502 980 2548 et
1005 2508 1214 2557 rursus,
1234 2491 1346 2563 Ego
1370 2508 1485 2546 sum
1500 2492 1636 2561 (25),
1658 2503 1705 2547 et
1728 2509 1830 2547 non
1856 2504 1930 2547 est
1954 2494 2091 2547 alius

516 2583 658 2637 Deus
682 2593 873 2652 prieter
904 2600 1027 2648 me;
1073 2584 1142 2639 ob
1170 2584 1384 2639 deitatis
1453 2584 1711 2640 unitatem
1768 2594 1823 2640 et
1864 2601 2090 2640 concor-

515 2675 657 2729 diam
710 2689 1096 2743 personarum,
1134 2684 1189 2727 ut
1224 2684 1382 2729 antea
1416 2676 1614 2729 dictum
1639 2685 1760 2741 est;
1799 2676 2089 2745 aliquando

515 2765 931 2820 commemorari
989 2780 1095 2820 non
1156 2765 1367 2819 videtur
1435 2765 1669 2834 Spiritus
1716 2780 1969 2832 sanetus,
2023 2782 2087 2823 ec

513 2857 651 2926 quod
715 2856 842 2920 Dei,
910 2856 1066 2927 cujus
1116 2857 1229 2925 ipse
1282 2856 1517 2926 Spiritus
1596 2865 1707 2918 est.
1777 2872 1970 2912 nomen
2002 2836 2088 2913 ὀι

513 2948 659 3002 illum
717 2947 1138 3015 complectatur;
1195 2946 1483 3015 aliquando
1534 2946 1855 3002 initiationis
1922 2948 2084 3001 rituns

516 3035 730 3086 tradens
757 3034 1010 3088 Dominus
1033 3035 1126 3096 ait,
1156 3033 1494 3103 Baptizantes
1525 3034 1636 3107 (26)
1661 3052 1772 3100 eos,
1794 3037 1848 3089 in
1876 3036 2084 3090 nomine

514 3120 721 3187 Patris,
754 3132 803 3176 et
828 3120 978 3189 Filii,
1018 3135 1065 3178 et
1096 3122 1325 3193 Spiritus
1353 3126 1556 3191 sancti;
1583 3139 1648 3179 eo
1672 3124 1813 3194 quod
1843 3140 2083 3194 persona:

512 3216 702 3285 aequali
740 3216 942 3270 honore
985 3191 1158 3286 dignae
1199 3220 1327 3282 sint,
1358 3226 1412 3271 et
1438 3217 1628 3286 aequali
1660 3191 1896 3285 potentia
1939 3232 2081 3286 prte-
2110 3191 2153 3251 ο

516 3308 664 3373 ditaa,
707 3318 763 3362 et
806 3308 1321 3373 consubstantiales,
1360 3319 1414 3363 et
1456 3309 1757 3374 distinctae;
1793 3308 2082 3380 aliquando

478 3401 651 3468 -qnod
675 3399 871 3454 alicubi
903 3400 969 3455 de
1018 3400 1124 3455 Deo
1164 3410 1219 3454 et
1263 3400 1421 3455 Patre
1463 3400 1666 3456 dictum
1703 3412 1806 3467 est,
1851 3402 1980 3457 alibi
2016 3404 2083 3458 de

512 3489 827 3560 Unigenito,
869 3500 960 3544 aut
993 3491 1059 3546 de
1114 3489 1320 3561 Spiritu
1356 3502 1548 3548 saneto
1589 3506 2078 3563 commemoratur,

513 3584 671 3655 106
708 3583 777 3638 ob
809 3584 1096 3653 praedictas
1128 3599 1354 3650 causas;
1390 3585 1677 3655 aliquando
1697 3588 1884 3641 eadem
1918 3602 2080 3657 opera

414 3678 421 3679 ’
510 3677 694 3729 eadem
730 3676 1046 3744 operatione
1087 3676 1276 3730 ambas
1322 3690 1583 3745 personas
1622 3676 1822 3744 facere,
1852 3678 2082 3733 diversis

511 3766 686 3820 modis
731 3766 927 3820 docent
979 3764 1130 3837 (27),
1179 3766 1245 3820 ob
1296 3767 1580 3835 rationem,
1631 3784 1750 3838 quae
1775 3769 1936 3824 allata
1963 3781 2078 3837 est;

507 3860 794 3930 aliquando
817 3901 832 3925 ,
872 3876 997 3916 cum
1030 3861 1199 3931 possit
1233 3875 1569 3932 unaquaque
1614 3876 1843 3930 persona
1893 3876 2082 3916 creare

508 3960 561 4004 et
603 3951 785 4005 omnia
831 3951 1031 4016 facere,
1081 3951 1282 4020 placuit
1322 3951 1430 4005 Deo
1458 3960 1514 4004 et
1546 3949 1692 4004 Patri
1743 3964 1838 4019 per
1885 3950 2080 4019 Filium

509 4039 720 4108 quidem
754 4055 816 4094 ac
851 4039 1015 4094 Deum
1040 4040 1222 4094 omnia
1252 4040 1529 4101 constitui,
1556 4053 1654 4108 per
1686 4037 1945 4108 Spiritum
1985 4054 2081 4093 an-

511 4141 615 4188 tem
641 4139 887 4187 sanctum
919 4131 1247 4186 sanctiﬁcari
1267 4171 1284 4196 ,
1317 4144 1381 4184 eo
1401 4129 1542 4199 quod
1566 4144 1670 4183 una
1698 4129 1771 4183 sit
1799 4127 2081 4185 Trinitatis

508 4223 794 4288 voluntas,
861 4230 1030 4290 utque
1081 4210 1424 4284 ostendatur,
1480 4220 1663 4273 omnia
1714 4219 1852 4275 bona
1902 4219 1971 4276 ab
2016 4236 2078 4277 es

505 4312 930 4393 subministrari,
961 4321 1015 4367 et
1045 4322 1101 4366 ut
1135 4326 1472 4367 communem
1507 4326 1606 4366 nos
1635 4312 1707 4376 ei,
1736 4321 1792 4367 et
1817 4314 2078 4382 aqualem

505 4406 806 4474 gratiarum
852 4405 1123 4457 actionem
1165 4404 1478 4469 reddamus,
1520 4405 2077 4476 etglorillcationem;

2194 1950 2441 2021 Τριάδος.
2482 1951 2648 2004 Ὅταν
2702 1948 2813 2020 γὰρ
2858 1949 3084 2011 Ἡσαΐας
3130 1947 3300 2020 λέγῃ·
3370 1947 3511 2015 Ἐγὼ
3563 1948 3779 2014 Κύριος

2191 2038 2457 2102 ἐξέτεινα
2486 2037 2592 2092 τὸν
2625 2038 2888 2105 οὐρανόν
2908 2081 2922 2102 ,
2956 2037 3054 2090 καὶ
3101 2035 3438 2105 ἐστερέωσα
3480 2035 3595 2104 τὴν
3622 2035 3766 2107 γῆν·

2192 2130 2287 2183 καὶ
2313 2130 2473 2183 πάλιν
2495 2146 2507 2161 ·
2556 2128 2703 2200 Ἐγὼ
2735 2129 2872 2199 εἰμὶ,
2902 2129 2999 2183 καί
3034 2130 3144 2183 οὐκ
3170 2127 3344 2183 ἔστιν
3375 2128 3566 2193 ἄλλος
3611 2130 3777 2198 Θεὸς,

2191 2218 2359 2286 πλὴν
2388 2219 2533 2287 ἐμοῦ
2561 2238 2574 2250 ·
2604 2219 2691 2273 διὰ
2724 2218 2822 2288 τὴν
2856 2219 2983 2289 μίαν
3013 2217 3244 2287 θεότητα
3292 2214 3386 2270 καὶ
3434 2215 3779 2287 συμφωνίαν,

2189 2309 2259 2373 ὼς
2326 2310 2664 2381 προείρηται.
2704 2311 2871 2363 Ὅταν
2924 2309 3051 2383 δόξῃ
3101 2309 3174 2380 μὴ
3232 2307 3663 2379 μνημονεύεσθαι
3717 2307 3780 2360 τδ

2191 2399 2343 2469 ἆγιον
2370 2402 2614 2472 Πνεῦμα,
2649 2402 2738 2454 διὰ
2766 2401 2826 2453 τὸ
2855 2398 3324 2471 συμπεριέχεσθαι
3366 2399 3498 2452 αὐτὸ
3530 2398 3607 2469 τῷ
3633 2398 3781 2468 Θεῷ,

2188 2485 2249 2544 οὗ
2284 2490 2509 2560 Πνεῦμα
2537 2491 2797 2561 τυγχάνει
2826 2489 2884 2543 ὅν
2905 2507 2917 2519 ·
2945 2492 3072 2543 ὅταν
3103 2490 3199 2561 τὴν
3253 2489 3640 2561 μυσταγωγίαν
3667 2507 3775 2545 πα-

2193 2581 2382 2652 ραδοὺς
2409 2584 2437 2634 ὁ
2471 2582 2749 2653 Δεσπότης
2781 2582 2952 2653 λέγῃ·
2989 2580 3383 2648 Βαπτίζοντες
3434 2582 3656 2646 αὐτοὺς
3687 2584 3778 2649 είς

2187 2671 2254 2724 τὸ
2277 2671 2463 2739 ὄνομα
2480 2670 2588 2725 τοῦ
2617 2672 2866 2738 Πατρός,
2896 2670 2995 2725 καὶ
3022 2672 3129 2725 τοῦ
3161 2671 3319 2737 non,
3346 2671 3443 2727 καί
3478 2673 3583 2726 τοῦ
3604 2673 3776 2742 ἁγίου

2188 2763 2564 2831 Πνεύματος·
2623 2762 2711 2816 διὰ
2770 2762 2833 2815 τὸ
2882 2762 3146 2833 ἰσότιμον,
3186 2762 3282 2817 καὶ
3336 2762 3626 2829 ίσοσθενὲς,
3683 2762 3777 2815 καὶ

2185 2853 2488 2923 ὁμοοῦσιον,
2524 2855 2617 2906 καὶ
2645 2854 2745 2925 τὴν
2768 2854 3046 2931 εὐκρινίαν
3067 2854 3174 2907 τῶν
3205 2853 3573 2909 ὑποστάσεων.
3606 2857 3776 2909 Ὅταν

2185 2946 2246 2998 τὺ
2279 2945 2372 2997 νῦν
2425 2945 2554 3015 περὶ
2605 2943 2699 2997 τοῦ
2754 2944 2890 2997 Θεοῦ
2940 2945 3032 2997 καὶ
3064 2944 3277 3016 Πατρὺς
3304 2945 3512 3016 λεχθὲν,
3549 2947 3776 3017 ἑτέρωθι

2187 3038 2316 3109 περὶ
2349 3036 2443 3090 τοῦ
2471 3036 2830 3105 Μονογενοῦς,
2859 3038 2892 3108 ἢ
2916 3036 3010 3089 τοῦ
3043 3038 3196 3105 ἁγίου
3230 3038 3549 3110 Πνεύματος
3568 3040 3776 3110 ἀπομέ-

2190 3146 2385 3198 μνηται
2406 3145 2419 3157 ·
2455 3128 2543 3181 διὰ
2569 3129 2667 3192 τὰς
2698 3128 3084 3200 προλεχθείσας
3117 3129 3312 3193 αἰτίας.
3349 3130 3518 3184 Ὅταν
3544 3131 3613 3183 τά
3634 3130 3775 3184 αὐτὰ

2190 3220 2346 3292 ἔργα,
2378 3220 2474 3291 τὴν
2519 3220 2687 3292 αὐτὴν
2740 3220 3019 3291 ἐνέργειαν
3076 3222 3393 3293 ἀμφοτέρας
3448 3226 3622 3277 ποιεῖν
3674 3222 3772 3285 τὰς

2191 3310 2514 3375 ὑποστάσεις
2543 3312 2813 3382 διαφόρως
2851 3311 3172 3365 διδάσκωσιν
3192 3327 3206 3342 ·
3257 3311 3344 3365 διὰ
3386 3312 3446 3365 τὸ
3479 3312 3553 3374 ὡς
3585 3312 3771 3383 προεί-

2194 3418 2372 3473 ρηται.
2422 3402 2591 3456 Ὅταν
2638 3402 2875 3473 ἑκάστης
2926 3401 3276 3464 ὑποστάσεως
3329 3402 3633 3473 δυναμένης
3672 3401 3769 3472 δη-

2192 3494 2541 3564 μιουργῆσαι,
2576 3494 2669 3547 καὶ
2698 3493 2875 3546 πάντα
2926 3492 3189 3562 ποιῆσαι,
3230 3492 3520 3564 εὐδόκησεν
3561 3495 3589 3545 ὁ
3639 3491 3773 3556 Θεὸς

2189 3582 2283 3638 καὶ
2321 3583 2530 3655 Πατὴρ,
2575 3582 2662 3636 διὰ
2723 3582 2821 3653 μὲν
2849 3582 2944 3634 τοῦ
2997 3581 3127 3633 Υἱοῦ
3158 3583 3252 3634 καὶ
3283 3582 3418 3635 Θεοῦ
3472 3583 3770 3652 ὑποστῆναι

2180 3672 2385 3736 πάντα,
2418 3672 2505 3725 διὰ
2523 3672 2580 3725 δὲ
2615 3670 2707 3728 τοῦ
2738 3670 2892 3739 ἁγίου
2925 3671 3239 3741 Πνεύματος
3284 3673 3610 3744 ἀγιασθῆναι
3631 3691 3643 3707 ·
3685 3674 3771 3729 διὰ

2187 3764 2247 3816 τὸ
2271 3764 2328 3817 ἓν
2355 3763 2564 3834 θέλημα
2593 3763 2693 3834 τῆς
2714 3764 2959 3837 Τριάδος,
2986 3763 3080 3816 καὶ
3102 3762 3164 3815 τὸ
3190 3763 3496 3817 δείκνυσθαι
3524 3763 3581 3831 ἐξ
3603 3764 3773 3835 αὐτῆς

2187 3855 2541 3927 χορηγεῖσθαι
2573 3856 2749 3909 πάντα
2779 3855 2848 3908 τὰ
2881 3855 3042 3921 καλὰ,
3076 3855 3170 3909 καὶ
3203 3856 3292 3910 διά
3318 3856 3378 3908 τὸ
3411 3859 3559 3927 ἡμᾶς
3586 3857 3774 3929 κοινὴν

2189 3948 2326 4019 αὑτῇ
2360 3947 2454 4000 καὶ⁹
2484 3947 2604 4017 ἴσην
2638 3947 2987 4018 ἀναπέμπειν
3018 3947 3363 4019 εὐχαριστίαν
3418 3949 3510 4002 καὶ
3558 3949 3771 4016 δοξολο-

2187 4040 2330 4108 γίαν.
2370 4039 2539 4092 Ὅταν
2567 4041 2677 4102 τοῖς
2707 4039 2891 4101 αὐτοῖς
2922 4038 3149 4113 ὀνόμασι
3194 4038 3486 4111 κέχρηνται
3544 4042 3638 4093 ἐπὶ
3669 4041 3771 4112 τῆς

2190 4132 2465 4204 μακαρίας
2491 4131 2716 4202 Τριάδος
2737 4147 2749 4160 ·
2771 4125 2881 4184 οἷον
2903 4130 3057 4193 Θεὸς,
3092 4130 3313 4200 Κύριος.
3349 4132 3521 4199 ἆγιος,
3539 4132 3767 4197 δίκαιος,

2185 4224 2409 4294 ἀγαθὸς,
2447 4224 2541 4278 καὶ
2566 4225 2664 4277 ὅσα
2704 4222 2959 4278 τοιαῦτα·
2997 4222 3135 4292 πλὴν
3176 4223 3255 4275 ὅτι
3281 4225 3309 4275 ό
3342 4223 3550 4294 Πατὴρ,
3607 4227 3769 4294 μόνος

2187 4316 2281 4369 καὶ
2303 4316 2388 4369 ἀεὶ
2420 4315 2612 4385 Πατήρ
2633 4332 2645 4344 ·
2671 4313 2764 4366 καὶ
2795 4315 2823 4366 ὁ
2850 4310 3099 4381 ἀληθινὸς
3129 4310 3256 4373 Υἱὸς
3286 4311 3379 4365 καὶ
3405 4312 3555 4376 Θεὸς,
3590 4315 3683 4365 καὶ
3707 4314 3768 4373 τὸ

2186 4407 2339 4475 ἆγιον
2358 4405 2600 4476 Πνεῦμα,
2623 4405 2872 4476 ἀνάρχως
2902 4403 2959 4455 ἓν
2978 4403 3068 4477 [46
3111 4403 3165 4477 b]
3197 4405 3290 4459 καὶ
3321 4403 3382 4457 τὸ
3397 4405 3526 4458 αὐτὸ
3543 4405 3765 4475 Πνεῦμα

503 4496 797 4565 aliquando
843 4494 1140 4563 Scriptura:
1190 4496 1380 4551 iisdem
1424 4504 1647 4552 utuntur
1676 4499 1984 4555 nominibus
2010 4500 2078 4555 de

2190 4498 2281 4553 τοῦ
2319 4498 2454 4551 Θεοῦ
2477 4514 2493 4530 ·
2518 4498 2607 4551 διὰ
2638 4498 2736 4569 τὴν
2762 4497 2862 4567 τῆς
2895 4497 3138 4567 φύσεως,
3169 4498 3265 4551 καὶ
3320 4496 3597 4567 βασιλείας
3620 4537 3635 4560 ,
3671 4497 3766 4549 καὶ

503 4585 659 4642 beata
708 4583 976 4639 Trinitate
1023 4586 1325 4656 loquentes,
1366 4587 1666 4656 cuiusmodi
1714 4601 1862 4655 sunt,
1913 4590 2075 4657 Deus,

502 4675 785 4741 Dominus,
821 4687 1064 4742 sanctus,
1090 4677 1288 4748 justus,
1323 4680 1516 4746 bonus,
1538 4688 1594 4734 et
1622 4679 1743 4735 aliis
1773 4681 2076 4749 similibus;

507 4765 687 4834 idque,
724 4780 846 4825 cum
894 4766 961 4821 de
1004 4768 1118 4836 ipsa
1168 4767 1485 4837 loquuntur,
1522 4767 1786 4822 duntaxat
1819 4768 2029 4826 faciunt
2056 4811 2071 4836 ,

503 4870 566 4910 eo
591 4858 735 4926 quod
766 4859 1073 4914 communis
1121 4859 1195 4916 sit
1244 4860 1299 4914 in
1348 4859 1733 4932 hypostasibus
1773 4871 1988 4931 natura,
2019 4869 2075 4918 et

570 5036 683 5107 (21)
726 5035 1265 5113 ορεῂὺιιεεῄδίιιιίίίσ
1316 5040 1549 5096 inculcat
1602 5043 1698 5098 lib.
1745 5041 1820 5097 De
1867 5041 2071 5113 Spiritu

500 5117 700 5172 sancto,
740 5122 795 5159 n.
834 5109 853 5163 I
899 5118 956 5163 et
979 5109 1071 5164 65.

572 5176 684 5247 (22)
726 5175 911 5233 Parvis
932 5188 1130 5251 antem.
1166 5179 1445 5237 Librarius
1483 5182 1637 5251 quasi
1672 5197 1736 5238 ea
1777 5198 1880 5238 non
1911 5184 2071 5238 intel-

501 5245 710 5327 ligeret,
752 5261 881 5327 quae
933 5249 1022 5305 hic
1066 5251 1373 5327 scribebat,
1406 5245 1702 5327 accentus,
1747 5263 1823 5327 e_t__
1846 5254 2070 5320 spiritus

501 5315 700 5398 omisit2
752 5315 1226 5398 Sunt_autem_dno
1256 5315 1442 5398 iambi,
1473 5337 1629 5398 _quos
1664 5315 1893 5398 erillus
1932 5338 2067 5392 quo-

500 5399 627 5466 que.
649 5385 767 5466 lil_i._
798 5404 850 5441 rx
891 5389 1265 5466 inlulianurn
1311 5393 1391 5447 sic
1430 5385 1586 5466 aﬂ'ert
1618 5385 1873 5466 :_0ptime
1904 5385 2077 5447 antem

499 5454 627 5507 mihi
653 5457 852 5529 d_ia:isse
884 5461 1091 5513 videtur
1125 5462 1341 5528 quidam
1369 5479 1397 5515 ε
1417 5465 1583 5529 poetis
1613 5454 1919 5517 Grécorum
1950 5479 1968 5516 :

674 5525 932 5601 Ξμικροίς
963 5530 1021 5601 δὲ
1052 5525 1368 5601 τάμεγάλα
1393 5525 1510 5597 πῶς
1542 5533 1653 5585 ἒλοι
1684 5550 1771 5596 τις
1797 5531 1864 5585 ἂν

571 5658 623 5713 Id
652 5594 951 5713 egﬁvoiow;
992 5594 1349 5670 Ἀμαθὲςκαὶ
1374 5603 1436 5656 τὸ
1461 5594 1922 5672 βούλεσθαιντάδε.

594 5675 623 5715 ιι
652 5675 757 5728 est,

766 5732 883 5809 Qui
910 5752 1102 5805 magna
1143 5744 1317 5808 parvis
1353 5759 1619 5809 compares
1661 5741 1970 5799 laboribus?

764 5802 1016 5859 Stultum'
1032 5817 1106 5861 est
1139 5802 1215 5863 rei
1256 5812 1356 5866 ista
1394 5802 1538 5868 velte.

2186 4586 2400 4639 πάντων
2424 4586 2706 4639 κοινωνίαν
2724 4604 2736 4617 ·
2764 4585 2922 4639 τοῦτο
2948 4586 3004 4639 δὲ
3038 4588 3131 4639 ἐπὶ
3172 4587 3341 4657 αὐτῆς
3371 4586 3558 4657 μόνης.
3600 4588 3764 4639 Ὅταν

2183 4678 2241 4729 ὲν
2268 4677 2563 4748 ἀπορῤήτῳ
2605 4677 2980 4747 διαλέγωνται,
3019 4678 3106 4730 διὰ
3159 4677 3219 4731 τὸ
3246 4678 3333 4731 ἀεὶ
3374 4678 3434 4730 τὸ
3470 4679 3765 4749 μυστήριον

2181 4768 2282 4839 τῆς
2316 4769 2551 4832 πίστεως
2601 4768 2988 4837 φυλάττεσθαι,
3017 4770 3200 4839 μόνοις
3245 4767 3762 4839 ἀποκαλυπτόμενον

2181 4862 2410 4922 πιστοῖς.
2451 4861 2617 4913 Ὅταν
2642 4858 2892 4929 λέγωσιν,
2921 4859 3012 4913 τὸν
3036 4859 3134 4930 μὲν
3166 4859 3298 4914 Θεὸν
3333 4860 3555 4930 Πατέρα
3570 4860 3762 4929 γεννή-

2251 5044 2364 5113 (25)
2404 5042 2640 5099 Credidi.
2702 5041 2743 5094 ll
2785 5042 2914 5096 Cor.
2965 5056 3039 5108 tv,
3100 5042 3201 5106 15,
3240 5056 3324 5113 ex,
3366 5040 3574 5113 psalmo
3630 5054 3757 5094 σιν.

2184 5111 2481 5182 Utrobique
2518 5114 2704 5167 Graeca
2736 5113 2903 5166 editio
2930 5113 3197 5176 voculam,
3232 5111 3596 5182 xai,»omittit_.

2250 5184 2362 5255 (24)
2395 5179 2534 5252 Ἐθο
2596 5182 2875 5255 Dominus.
2947 5183 3048 5235 lsa.
3105 5196 3250 5255 μιν,
3309 5180 3420 5255 24.-
3460 5181 3515 5235 1η
3570 5179 3754 5255 Bibliis

2178 5251 2393 5335 auditur
2425 5251 2527 5308 vos
2558 5251 2739 5323 μόνος,
2791 5252 2843 5303 id
2884 5262 2971 5306 est
3033 5252 3200 5316 solus,
3236 5266 3364 5306 casu
3399 5251 3626 5308 fortasse
3666 5251 3756 5305 bic

2175 5339 2395 5378 01111583.

2246 5386 2360 5463 (25)
2389 5391 2502 5463 ἔσο
2530 5409 2666 5446 sum.
2700 5382 2979 5463 Καίσωνι,
3008 5390 3062 5445 9.

2245 5460 2359 5534 (26)
2394 5460 2759 5534 B_optizanles.
2796 5461 3002 5534 Matth,
3023 5476 3225 5534 xxvm,
3250 5460 3338 5516 i9.

2244 5530 2356 5602 (27)
2414 5532 2643 5586 Diversis
2702 5534 2890 5585 modis.
2948 5531 3039 5585 Sic
3098 5533 3273 5596 verti,
3333 5549 3398 5585 ne
3454 5530 3747 5585 lectionem

2162 5604 2374 5680 codicis
2419 5612 2623 5680 temere
2668 5603 2973 5680 immutare
3019 5602 3247 5680 viderer:
3299 5602 3564 5656 Caeterum
3623 5611 3752 5680 puto

2172 5674 2452 5742 legendum
2487 5672 2816 5743 ἀδιαφόρως,
2859 5673 2909 5727 id
2958 5682 3040 5727 cst
3076 5670 3451 5739 imliﬁ‘erenter,
3495 5684 3587 5726 aut
3641 5670 3750 5724 sine

2172 5742 2473 5797 discrimine
2507 5743 2523 5811 (
2549 5742 2721 5809 facere
2738 5743 2776 5810 ).
