4100 6426
551 442 651 498 451

1796 437 2033 492 morsu
2067 432 2533 517 ALEsANomNI
2588 439 2607 449 α

3702 435 3833 503 £32-

548 563 842 624 exsistens,
873 570 927 614 et
967 567 1110 613 totus
1145 557 1213 613 ab
1240 558 1492 613 omnibus
1536 565 1753 628 propter
1777 557 1945 628 ipsius
1971 558 2113 614 boni-

2233 556 2577 627 καταλάμπον
2602 597 2616 621 ,
2677 558 2767 609 καὶ
2840 556 3113 627 πανταχοῦ
3190 557 3430 627 πληθύον
3493 558 3768 631 ἀγιασμὸν
3793 603 3810 629 ,

552 662 713 706 tatem
745 651 1117 720 participatus.
1165 660 1217 705 et
1262 659 1535 719 receptus,
1566 664 1670 704 non
1699 659 1877 703 tamen
1904 649 2126 716 divisus,

547 755 721 809 neque
773 741 877 793 alio
918 738 1351 809 'transmigrans,
1385 752 1563 808 neque
1597 739 1944 793 mutationem
1997 737 2129 793 sub-

548 830 695 890 iens,
732 831 822 884 sed
861 832 1109 885 omnibus
1135 831 1321 885 eodem
1362 844 1580 900 semper
1633 830 1815 893 modo,
1868 844 1973 884 non
2000 843 2129 883 vero

545 935 609 974 ex
642 930 815 989 parte,
848 921 1134 990 inspirans,
1158 930 1213 976 et
1247 920 1522 991 propriam
1557 921 1850 991 puritatem
1884 935 1914 974 a
1937 934 2127 989 corpo-

552 1009 702 1064 ribus
759 1012 1241 1066 incontaminatam
1288 1026 1550 1077 servans,
1611 1021 1667 1066 et
1717 1012 1897 1066 omnia
1947 1011 2129 1067 divino

550 1102 711 1155 modo
736 1102 1065 1166 illuminans,
1098 1114 1153 1157 et
1179 1103 1377 1173 ubique
1416 1103 1922 1167 sanctiﬁcationem,
1957 1102 2131 1157 chari-

552 1203 742 1256 tatem,
780 1209 984 1261 pacem,
1037 1194 1383 1261 sapientiam,
1426 1195 1706 1265 gaudium,
1753 1195 2121 1259 securitatem,

551 1295 606 1337 ct
629 1299 789 1338 omne
831 1286 1027 1339 bonum
1064 1284 1224 1357 115
1251 1288 1545 1355 adaugens,
1590 1295 1775 1354 utpote
1800 1285 1892 1355 qui
1930 1301 1995 1339 ex
2034 1300 2129 1353 pa-

554 1384 708 1429 terno
754 1372 900 1430 fonte
948 1375 1061 1447 (55)
1113 1376 1468 1432 subsistenter
1525 1378 1877 1432 emanavitac
1905 1378 2124 1433 eluxit:

554 1480 651 1533 per
700 1479 898 1532 quem,
954 1475 1009 1520 et
1066 1475 1286 1537 propter
1340 1482 1497 1537 quem
1550 1468 1825 1522 nobiscum
1886 1477 2130 1523 versatur

553 1554 696 1609 Deus
719 1566 772 1610 et
802 1555 980 1620 Pater,
1006 1571 1125 1611 cum
1150 1569 1257 1626 quo
1284 1557 1518 1627 Spiritus
1548 1562 1662 1627 ipse
1685 1567 1740 1613 et
1768 1560 1819 1612 in
1850 1558 2003 1614 caelis
2021 1567 2124 1625 est,

552 1657 607 1699 ct
642 1648 781 1715 apud
821 1663 919 1702 nos
953 1657 1164 1714 manet;
1213 1663 1337 1703 nam
1384 1658 1561 1719 potest
1603 1651 1819 1719 quidem
1870 1664 2128 1719 unaqua-

553 1751 657 1805 que
685 1738 866 1792 divina
892 1753 1116 1807 persona
1151 1739 1331 1792 omnia
1382 1738 1624 1809 perfecte
1652 1739 1768 1793 sine
1797 1738 1957 1793 ullius
1987 1740 2126 1793 imii-

551 1828 730 1895 gentia
762 1828 976 1895 facere;
1027 1845 1212 1884 verum
1244 1842 1303 1884 ut
1341 1831 1527 1885 eadem
1562 1830 1880 1885 ostendatur
1928 1845 2127 1900 opera-

2230 647 2471 717 ἀγάπην,
2502 647 2745 717 εἰρήνην,
2771 647 2985 715 σοφίαν,
3008 647 3205 719 χαρὰν,
3231 650 3549 717 ἀσφάλειαν,
3579 654 3674 705 καὶ
3700 655 3814 707 ne.

2229 736 2454 806 ἀγαθὸν,
2487 737 2583 791 ἆτε
2605 738 2669 790 ἐκ
2692 738 2791 808 τῆς
2816 741 3091 811 πατρικῆς
3114 740 3496 805 ὲνυποστάτως
3520 741 3813 813 ἐκλάμψαν

2231 829 2413 899 πηγῆς
2433 845 2446 857 -
2493 827 2562 879 δι’
2592 822 2653 882 οὗ
2694 827 2788 880 καί¹
2819 826 2886 879 δι’
2914 826 2943 879 δ
2991 829 3123 898 ἡμῖν
3157 826 3448 899 πλησιάζει
3487 831 3516 882 ὀ
3546 829 3680 891 Θεὸς
3715 832 3814 883 καὶ

2230 917 2442 988 Πατὴρ,
2468 916 2587 987 μεθ’
2612 909 2675 969 οὗ
2705 916 2799 969 καί
2829 918 2888 971 ὲν
2914 917 3167 987 οὐρανοῖς
3192 919 3363 981 ἐστιν,
3396 918 3492 971 καὶ
3518 921 3649 990 παρ’
3678 921 3814 991 ἡμῖν

2233 1007 2416 1078 μένει·
2466 1008 2770 1079 δυναμένης
2824 1009 2923 1080 μὲν
2969 1009 3209 1081 ἑκάστης
3253 1010 3406 1073 Θείας
3458 1011 3811 1074 ὑποστάσεως

2228 1100 2545 1171 ἀπροσδεῶς
2590 1100 2770 1153 πάντα
2820 1101 3043 1171 ποιῆσαι
3089 1100 3347 1163 τελείως·
3387 1100 3475 1154 ἵνα
3526 1101 3583 1154 δὲ
3622 1101 3811 1173 δειχθῇ

2228 1190 2290 1243 τὸ
2337 1192 2753 1262 συμπρακτικδν
2792 1192 2886 1245 καὶ
2936 1191 3354 1264 ἀπαράλλακτον
3401 1194 3502 1264 τῆς
3528 1210 3588 1247 τε
3621 1195 3813 1258 οὐσίας

2232 1280 2432 1345 αὑτῶν,
2464 1280 2562 1352 τῆς
2596 1298 2655 1333 τε
2700 1283 3148 1353 προσκυνήσεως,
3191 1283 3286 1335 καὶ
3336 1281 3530 1354 δόξης,
3577 1284 3675 1337 καὶ
3723 1285 3816 1337 εὑά

2228 1370 2513 1440 χαριστίας
2546 1370 2647 1440 τῆς
2688 1370 3011 1441 ὀφειλούσης
3046 1372 3175 1441 παρ’
3200 1372 3361 1443 ήμῶν
3394 1374 3677 1441 γίνεσθαι,
3718 1375 3815 1428 διά

2226 1452 2387 1515 τοῦτο
2415 1465 2565 1534 κοινῇ
2598 1463 2746 1533 παρά
2793 1463 2895 1533 τῆς
2936 1463 3099 1533 ἁγίας
3147 1464 3377 1533 Τριάδος
3424 1466 3527 1536 τῆς
3576 1466 3813 1529 κτίσεως

2228 1552 2630 1625 πληρωθείσης.
2685 1553 2855 1626 [51a]
2896 1555 3187 1626 Παριστῶν
3223 1555 3355 1623 γοῦν
3401 1552 3464 1609 τὸ
3517 1557 3815 1630 τριαδικῶς

2227 1644 2694 1716 διακεκοσμῆσθαι
2735 1646 2836 1716 τὴν
2860 1646 3058 1711 κτίσιν,
3100 1646 3291 1716 ψάλλει
3310 1662 3323 1677 ·
3367 1666 3385 1699 ι
3416 1646 3506 1718 Τῷ
3534 1647 3677 1718 λόγῳ
3703 1650 3817 1703 Κυο

2231 1736 2349 1808 ρίου
2388 1739 2437 1790 οἱ
2493 1738 2714 1809 οὐρανοὶ
2779 1736 3213 1809 ἐστερεώθησαν,
3263 1740 3359 1792 καὶ
3402 1739 3481 1810 τῷ
3532 1740 3816 1811 Πνεύματι

2228 1831 2322 1884 τοῦ
2376 1830 2643 1900 στόματος
2690 1829 2855 1883 αὑτοῦ
2929 1832 3100 1884 πᾶσαι
3149 1832 3207 1884 αἱ
3255 1831 3513 1901 δυνάμεις
3558 1832 3757 1886 αὐτῶν.
3788 1851 3807 1883 ι

554 1920 649 1978 tio.
688 1921 987 1989 eademque
1014 1935 1135 1974 cum
1164 1920 1396 1976 essentia
1423 1921 1685 1988 ipsarum,
1720 1931 1832 1975 tum
1863 1922 2126 1986 adoratio,

2233 1918 2399 1974 Εἶπεν
2425 1899 2534 1992 γὰρ
2560 1922 2766 1992 Κύριον
2802 1921 2902 1992 μὲν
2956 1922 3047 1975 τὸν
3075 1921 3208 1975 Θεὸν
3246 1899 3467 1993 Πατέρα
3487 1940 3500 1953 ·
3530 1924 3700 1992 Λόγον
3752 1924 3817 1978 δὲ

551 2022 599 2065 et
635 2011 827 2081 gloria,
861 2020 913 2065 et
954 2011 1248 2080 gratiarum
1276 2012 1441 2076 actio,
1471 2027 1591 2082 quae
1616 2013 1696 2066 eis
1728 2012 1878 2068 reddi
1906 2028 1936 2066 a
1975 2013 2129 2068 nobis

551 2105 728 2167 debet,
760 2103 882 2156 ideo
917 2102 1279 2158 communiter
1310 2119 1340 2157 ιι
1386 2103 1875 2159 sancta~Trinitate
1916 2104 2123 2159 creatio

550 2193 814 2260 completa
847 2192 966 2246 fuit.
1003 2190 1069 2247 Ut
1103 2195 1245 2249 hunc
1277 2210 1442 2271 porro
1485 2203 1792 2249 creatarutn
1835 2210 2013 2249 rerum
2039 2210 2131 2249 or-

551 2296 737 2337 natum
794 2295 954 2353 atque
1008 2285 1248 2340 ordinem
1300 2301 1330 2339 a
1386 2297 1496 2341 tota
1553 2285 1820 2341 Trinitate
1869 2303 1991 2342 esse
2038 2289 2132 2343 de-

551 2384 819 2430 monstret
868 2377 1055 2443 David,
1110 2377 1195 2432 sic‘
1223 2378 1443 2445 psallit;
1482 2397 1501 2430 ι
1546 2377 1725 2434 Verbo
1766 2379 1876 2450 (⁸54)
1919 2380 2129 2434 Domini

554 2467 678 2522 caeli
709 2467 909 2521 lirmati
938 2479 1087 2534 sunt,
1120 2480 1175 2522 et
1212 2468 1419 2539 Spiritu
1455 2469 1567 2524 oris
1598 2470 1714 2540 ejus
1743 2484 1932 2525 omnes
1959 2471 2130 2523 virtu-

555 2568 633 2610 tes
655 2573 862 2612 eorum.
900 2578 919 2610 ι
954 2559 1163 2615 Etenim
1209 2561 1491 2615 Dominum
1536 2562 1753 2631 quidem
1795 2561 1925 2617 dicit
1964 2562 2129 2617 Deum

548 2645 805 2714 Patrem;
861 2650 1096 2706 Verbum
1166 2668 1316 2717 vero,
1374 2651 1717 2723 Unigenitum
1776 2650 1994 2717 Filium,
2039 2668 2135 2721 per

547 2755 730 2809 quem,
760 2749 815 2794 et
844 2755 871 2792 a
917 2756 1025 2809 quo
1067 2743 1234 2796 creati
1258 2750 1385 2796 sunt
1424 2742 1583 2806 cteli;
1626 2742 1889 2812 Spiritum
1924 2752 2126 2807 autem,

547 2840 793 2885 sanctum
829 2830 920 2886 Dei
967 2831 1357 2887 subsistentem
1394 2831 1684 2903 Spiritum,
1709 2848 1738 2886 a
1767 2848 1872 2902 quo
1911 2845 1965 2888 et
2003 2850 2131 2887 san-

547 2922 769 2976 ctificati
816 2920 931 2992 ('55)
973 2932 1034 2975 et
1079 2925 1420 2978 corroborati
1474 2934 1638 2978 sunt:
1696 2925 1810 2995 ipse
1859 2926 2001 2979 enim
2052 2933 2132 2978 est

549 3013 789 3071 divinum
819 3029 1015 3068 nomen
1046 3033 1060 3082 ;
1106 3016 1221 3084 ipse
1245 3017 1655 3085 Omnipotentia,
1700 3026 1755 3072 et
1786 3017 2132 3071 excellentis-

550 3104 686 3158 sima
732 3104 988 3173 dignitate
1023 3107 1311 3173 praeditus;
1355 3107 1445 3175 qui
1497 3106 1655 3161 simul
1711 3122 1830 3161 cum
1861 3107 2022 3161 Patre
2068 3123 2132 3163 ac

550 3193 689 3247 Filio
708 3203 760 3247 et
794 3205 1271 3256 commemoratur.
1295 3206 1350 3249 et
1384 3195 1845 3265 congloriﬁcatur;
1871 3197 1962 3265 qui
2003 3212 2130 3251 sen-

549 3283 777 3347 etilicat,
814 3293 865 3338 et
898 3285 1156 3350 vivilicat,
1188 3295 1243 3341 et
1274 3285 1513 3340 cmlestis
1546 3286 1681 3341 lucis
1727 3287 2017 3357 participes
2052 3287 2130 3341 fa-

557 3375 668 3438 cit;
718 3375 809 3444 qui
856 3376 1190 3445 singulorum
1248 3378 1300 3431 in
1337 3378 1621 3432 concordia
1671 3380 2127 3449 persevcrantiam

549 3466 819 3531 custodit;
857 3468 947 3535 qui
1002 3469 1279 3536 prophetis
1314 3478 1369 3524 et
1419 3468 1677 3537 apostolis
1725 3469 2029 3538 inspiravit,
2078 3477 2132 3523 et

550 3559 904 3629 martyribus,
961 3569 1017 3612 ut
1066 3561 1364 3629 tyrannicae
1430 3560 1735 3614 crudelitati
1791 3562 2126 3627 resisterent,

546 3652 654 3704 vim
689 3651 868 3717 dedit;
913 3651 1003 3720 qui
1053 3662 1298 3717 renovat,
1347 3663 1402 3708 et
1448 3653 1639 3707 liberat
1669 3662 1727 3707 ut
1762 3652 2040 3718 Dominus,
2078 3663 2133 3707 et

549 3742 689 3797 ﬁlios
719 3744 810 3797 Dei
841 3758 941 3798 nos
982 3743 1115 3799 facit
1145 3759 1203 3798 ut
1246 3746 1481 3813 Spiritus
1522 3745 1857 3812 adoptionis;
1894 3745 1985 3813 qui
2017 3746 2129 3798 dte-

548 3850 767 3911 monnm
796 3837 942 3891 acies
970 3852 1066 3904 per
1116 3837 1589 3904 illuminationem,
1649 3837 1702 3890 id
1760 3846 1844 3891 est
1892 3853 1987 3905 per
2034 3838 2098 3891 ba

551 3927 781 3996 ptisma,
836 3930 1068 3998 repellit,
1126 3939 1182 3982 et
1227 3930 1625 3994 adversarium,
1673 3944 1768 3983 seu
1830 3928 2122 3994 Satanam,

551 4019 842 4088 ignominia
872 4019 1065 4083 allicit;
1096 4021 1186 4088 qui
1220 4022 1481 4076 cmlorum
1510 4031 1694 4090 portas
1719 4020 1874 4074 nobis
1896 4029 2125 4084 reserat,

549 4119 603 4163 et
624 4110 689 4163 ad
723 4111 913 4166 salutis
935 4112 1138 4165 aditum
1166 4110 1278 4181 (56)
1303 4126 1403 4166 nos
1428 4112 1595 4176 ducit,
1625 4120 1677 4165 et
1702 4109 1961 4179 angelica:
1994 4125 2127 4165 con-

549 4201 890 4267 versationis,
936 4202 1350 4272 hyrnnodiwque
1393 4203 1685 4271 participes
1731 4201 1892 4269 facit;
1922 4201 2015 4271 qui
2042 4217 2129 4257 se-

552 4290 681 4344 mita
717 4290 873 4346 nobis
927 4290 1006 4357 lit,
1042 4291 1107 4343 ad
1167 4291 1339 4359 ipsum
1385 4291 1658 4345 ctelestem
1708 4289 1875 4346 Deum
1926 4305 1990 4345 ac
2022 4291 2125 4345 Pa-

553 4393 688 4435 trem
718 4382 1022 4447 deducens;
1069 4382 1160 4449 qui
1194 4381 1543 4436 serenissimo
1574 4383 1809 4437 adventu
1842 4397 1940 4437 suo
1970 4383 2126 4438 nobis

552 4485 674 4526 sese
724 4469 995 4525 liberrime
1061 4480 1115 4525 et
1177 4470 1635 4526 excellentissime
1689 4472 2054 4529 manifestavit
2098 4490 2112 4539 ;

2231 2012 2322 2065 τὸν
2354 2013 2617 2084 μονογενῆ
2659 2012 2809 2077 Υἱὸν,
2851 2013 2919 2066 δι’
2949 2008 3010 2068 οὗ
3055 2014 3150 2066 καὶ
3180 2013 3309 2084 παρ’
3342 2006 3403 2066 οὗ
3438 2013 3771 2085 ἐκτίσθησαν
3796 2031 3812 2045 ·

2231 2100 2457 2170 Πνεῦμα
2482 2101 2541 2154 δὲ
2594 2101 2656 2154 τὸ
2689 2098 3050 2155 ὲνυπόστατον
3083 2103 3237 2170 ἅγιον
3268 2101 3496 2173 Πνεῦμα
3525 2103 3622 2156 τοῦ
3649 2103 3815 2167 Θεοῦ,

2234 2192 2363 2261 παρ’
2416 2184 2469 2245 »ὖ
2526 2192 2883 2260 ἀγιασθέντες
2937 2192 3446 2265 ὲνεδυναμώθησαν.
3498 2195 3643 2248 Αὐτὸ
3701 2196 3853 2264 γάρ·

2237 2285 2385 2335 ἐστιν
2446 2282 2506 2334 τὸ
2560 2280 2738 2335 θεῖκὸν
2787 2282 2992 2354 ὄνομα,
3049 2284 3110 2338 τὸ
3164 2285 3663 2357 παντοκρατορικδν
3696 2287 3817 2349 ,καὶ

2236 2373 2504 2444 ὑπερέχον
2549 2372 2801 2444 ἀξίωμα,
2848 2374 2909 2427 τὸ
2953 2375 3049 2427 σὺν
3089 2376 3264 2446 Ilath
3303 2376 3398 2430 καὶ
3450 2376 3562 2447 Υἱῷ
3602 2396 3821 2449 μνημο-

2235 2464 2524 2534 νευόμενον
2570 2466 2664 2519 καὶ
2711 2464 3192 2535 συνδοξαςόμενον·
3235 2467 3295 2520 τὸ
3339 2467 3678 2537 ἀγιαστικὸν,
3714 2470 3819 2521 καὶ

2235 2554 2532 2619 ζωοποιὺν,
2587 2555 2681 2609 καὶ
2750 2555 2926 2624 φωτὸς
2982 2557 3236 2628 οὐρανίου
3307 2559 3659 2628 μεταδοτικόν
3685 2570 3700 2590 ⁸
3749 2560 3819 2612 τὸ

2235 2646 2603 2718 φρουρητικδν
2653 2646 2901 2701 ἑκάστων
2949 2649 3049 2718 τῆς
3078 2650 3136 2702 ὲν
3182 2650 3470 2721 ταυτότητι
3509 2650 3770 2722 διαμονῆς
3799 2668 3816 2680 ·

2232 2737 2291 2790 τὸ
2338 2739 2644 2808 προφήταις
2691 2739 2783 2791 καὶ
2837 2739 3152 2802 ἀποστόλοις
3202 2741 3493 2811 ὲνηχῆσαν,
3532 2741 3626 2793 καὶ
3666 2744 3821 2812 μάρ-

2233 2845 2404 2899 τυρας
2453 2831 2769 2901 ἀντιστῆναι
2821 2836 3117 2903 τυραννικῇ
3167 2832 3413 2904 ὠμότητι
3477 2835 3815 2903 ὲνισχύσαν·

2234 2920 2294 2972 τὸ
2323 2921 2671 2985 ἀνακαινίζον
2705 2921 2796 2974 καὶ
2831 2923 3150 2993 ἐλευθεροῦν
3175 2924 3251 2986 ὡς
3289 2925 3511 2996 Κύριος,
3537 2927 3632 2979 καὶ
3664 2926 3821 2990 υἱοὺς

2234 3011 2373 3064 Θεοῦ
2414 3014 2562 3082 ἡμᾶς
2628 3012 2819 3067 ποιοῦν
2866 3015 2942 3077 ὼς
2992 3015 3219 3086 Πνεῦμα
3261 3015 3565 3080 υἱοθεσίας·
3605 3017 3665 3069 τὸ
3709 3018 3825 3071 ἀπ-

2240 3101 2465 3156 ελαῦνον
2505 3103 2581 3174 τῷ
2610 3105 2921 3176 φωτίσματι
2961 3107 3229 3177 δαιμόνων
3253 3108 3435 3179 στίφη,
3476 3109 3570 3162 καί
3595 3109 3686 3163 τὸν
3719 3111 3822 3162 ἀν-

2236 3193 2540 3262 τικείμενον
2587 3193 2979 3265 καταισχύνον·
3026 3196 3086 3250 τὸ
3132 3198 3471 3261 ἀναπετάζον
3525 3202 3657 3270 ἡμῖν
3712 3201 3819 3265 τάς

2233 3283 2476 3352 οὐρανῶν
2511 3283 2706 3347 πύλας,
2754 3286 2847 3338 καὶ
2882 3285 3016 3352 ἆγον
3050 3286 3142 3339 ἐπὶ
3188 3287 3288 3358 τὴν
3332 3286 3534 3342 εἴσοδον
3566 3291 3666 3360 τῆς
3704 3309 3819 3344 σωο

2232 3373 2455 3444 τηρίας,
2501 3376 2595 3427 καὶ
2640 3375 2742 3445 τῆς
2790 3376 3036 3444 ἀγγέλων
3084 3378 3361 3444 πολιτείας
3406 3382 3501 3434 καὶ
3535 3382 3820 3453 ὑμνῳδίας

2231 3465 2597 3536 ἐργαζόμενον
2650 3468 2971 3532 κοινωνούς·
3008 3471 3067 3523 τὸ
3107 3471 3394 3542 γινόμενον
3441 3476 3573 3545 ἡμῖν
3623 3477 3818 3547 τρίϐος

2233 3557 2589 3627 ἀποφέρουσα
2643 3559 2780 3629 πρὸς
2833 3560 2997 3613 αὑτὸν
3032 3563 3123 3616 τὸν
3178 3566 3501 3637 ἐπουράνιον
3534 3567 3666 3620 Θεὸν
3718 3571 3818 3624 καὶ

2233 3649 2452 3719 Πατέρα
2474 3665 2489 3678 ·
2525 3650 2557 3718 ἡ
2596 3647 2939 3714 αὐτεξούσιος
2988 3653 3085 3713 καὶΙ
3118 3657 3532 3727 ὑπερϐάλλουσα
3577 3660 3818 3730 γαληνο-

2229 3739 2367 3809 τάτη
2406 3740 2799 3812 ἐπιφάνειαοὴ
2850 3742 3092 3812 γόνιμος,
3137 3748 3233 3799 καὶ
3277 3747 3526 3820 ἄπειρος,
3567 3753 3663 3804 καὶ
3708 3770 3817 3805 σω⁴

2234 3829 2393 3900 στικὴ
2448 3829 2712 3901 δύναμις·
2751 3835 2785 3904 ἡ
2830 3834 3131 3906 ἀμεγέθης,
3172 3838 3268 3891 καὶ
3313 3840 3667 3911 ἀσύγκριτος,
3720 3844 3818 3897 καὶ

2234 3921 2405 3990 σεπτὴ
2457 3922 2785 3987 ὑπόστασις·
2826 3927 2858 3995 ἡ
2908 3925 3210 3999 ἄχραντος,
3263 3932 3358 3983 καὶ
3408 3933 3685 4004 ἔγκριτος,
3719 3939 3818 3990 καὶ

2233 4012 2509 4080 πάναγνος
2541 4012 2697 4077 δόξα·
2730 4018 2761 4087 ἡ
2815 4015 2934 4070 θεία
2968 4020 3149 4089 χάρις,
3198 4023 3226 4091 ἡ
3278 4021 3340 4074 τά
3384 4019 3641 4078 λεῖποντα
3679 4027 3817 4079 ἀνα-

2232 4101 2546 4173 πληροῦσα,
2599 4106 2691 4157 καὶ
2732 4104 2800 4158 τὰ
2838 4107 3037 4183 ἀσθενῆ
3076 4111 3316 4181 ἰωμένη·
3360 4115 3393 4183 ἡ
3431 4113 3672 4186 ἄρῤητος
3718 4120 3818 4171 καὶ

2231 4191 2402 4256 ἀΐδιος
2431 4194 2706 4267 ἀγαθότης
2724 4213 2738 4226 ·
2767 4198 2799 4268 ἡ
2832 4199 2982 4268 πηγὴ
3011 4200 3118 4253 τῶν
3147 4202 3512 4257 ἀνεκλείπτων
3545 4211 3818 4277 χαρισμά-

2227 4301 2359 4345 των,
2391 4287 2486 4339 καὶ
2525 4288 2727 4351 παντὸς
2770 4288 2977 4357 ἀγαθοῦ
3017 4292 3110 4344 νοῦ
3149 4293 3404 4364 πρόοδος·
3437 4297 3470 4366 ἡ
3508 4297 3815 4365 μελλόντων

2233 4376 2327 4430 καὶ
2354 4376 2650 4445 ἀγνώστων
2692 4379 2897 4450 ἀληθὴς
2947 4383 3288 4454 φανέρωσις·
3332 4388 3365 4457 ή
3412 4386 3582 4460 [51b]
3632 4393 3813 4463 σωτή-

2232 4487 2347 4543 ριος
2388 4473 2643 4542 σφραγὶς,
2679 4476 2774 4527 καὶ
2803 4475 2864 4529 τὺ
2900 4475 3042 4529 θεῖον
3078 4477 3313 4549 χρίσμα·
3345 4480 3375 4531 ὁ
3416 4480 3675 4552 ἀρραϐὼν
3700 4483 3812 4536 τῶν

552 4563 642 4630 qui
672 4572 755 4617 est
788 4561 946 4632 115
980 4562 1228 4626 fecunda,
1261 4572 1316 4617 et
1341 4563 1578 4629 infinita,
1611 4575 1667 4618 et
1689 4567 1953 4619 servatrix
1997 4565 2120 4632 vis;

2233 4563 2414 4616 ἀϊδίων
2466 4564 2714 4631 ἀγαθῶν·
2756 4569 2888 4639 παρ’
2923 4559 2984 4620 οὗ
3035 4569 3182 4622 πᾶσα
3234 4570 3444 4638 κτίσις,
3495 4573 3666 4645 ὁρατὴ
3715 4575 3815 4628 καὶ

553 4653 940 4724 magnitudine,
996 4667 1089 4708 seu
1145 4653 1481 4709 dimensione
1532 4655 1725 4723 quavis
1781 4668 2014 4720 carens,
2067 4665 2122 4709 ct

629 4824 738 4906 £33)
774 4824 962 4906 Fonte.
982 4826 1243 4906 ξεί-θρίω.
1265 4826 1449 4906 ῐ⁹ίιιεξνὲ
1471 4838 1530 4881 ιιι
1559 4829 1850 4897 loquuntur
1873 4828 2128 4906 theologi,

568 4913 587 4967 ι
624 4895 740 4950 Ιοιιὲ
775 4896 940 4967 totius
980 4895 1298 4967 divinitatis.
1347 4915 1365 4947 ι
1410 4896 1551 4951 Cave
1591 4895 1769 4952 autem
1810 4908 2007 4967 putes,
2045 4895 2132 4954 his

562 4966 922 5035 locationibus
976 4966 1375 5030 processionem
1409 4967 1641 5035 Spiritus
1681 4965 1855 5022 sancti
1885 4983 1913 5020 a
1944 4965 2127 5034 Patre,

558 5034 804 5105 [filioque
832 5036 1045 5105 negari.
1066 5036 1177 5100 Qua
1206 5037 1270 5088 de
1297 5052 1352 5089 re
1384 5034 1518 5090 alias
1544 5051 1849 5093 sermonem
1877 5036 2038 5091 habui
2070 5038 2125 5092 in

559 5102 895 5173 Epistolahad
928 5104 1232 5157 Archinlum
1260 5106 1559 5173 prwsulem.

627 5174 738 5239 (‘55)
785 5171 972 5226 Verbo.
1019 5173 1158 5226 Psal.
1193 5171 1365 5238 XXXII,
1397 5191 1536 5230 vers.
1585 5177 1636 5229 6.

632 5244 745 5312 ('55)
786 5241 1136 5309 Sanctiﬁcati.
1185 5243 1316 5297 Cum
1361 5247 1475 5297 hate
1526 5246 1592 5299 ab
1625 5260 1691 5299 eo
1738 5246 1936 5298 dictata
1995 5255 2124 5309 sint,

562 5313 652 5377 qui
672 5315 754 5382 ‘ob
781 5313 1178 5382 Origenismum
1206 5313 1344 5367 male
1368 5314 1535 5381 audit,
1565 5314 1698 5368 nihil
1728 5314 1938 5368 facilius
1963 5330 2122 5382 quam

559 5389 620 5432 ut
671 5380 795 5452 illuc
852 5380 918 5436 ab
964 5382 1491 5452 aliquoitrahantur.
1539 5384 1672 5438 Vide
1722 5399 1839 5452 quae
1881 5380 2129 5451 superius

561 5464 685 5521 pag.
725 5451 816 5517 8'7,
846 5452 1118 5505 adnotavi.
1145 5451 1284 5518 Quid
1322 5462 1498 5506 tamen
1534 5462 1680 5507 vetat
1718 5451 2008 5521 quominus
2044 5455 2130 5506 Di-

562 5519 778 5591 dymum
850 5522 1220 5575 existimemus
1275 5521 1534 5577 caelorum
1589 5519 1811 5578 nomine
1874 5524 2129 5591 angelos,

563 5585 935 5658 ctnlorumque
987 5592 1236 5653 virtutes,
1277 5608 1371 5644 seu
1416 5602 1728 5658 potestates.
1764 5603 1856 5645 aut
1914 5585 2129 5646 l'o'rtitu4

564 5655 715 5732 dines
729 5655 1184 5732 ‘hie’itttelligere,
1221 5655 1446 5732 ideoque
1476 5662 1807 5732 VOrigeniano
1838 5678 1999 5732 sensu
2026 5678 2132 5716 non

564 5721 711 5787 loqui
729 5722 769 5800 ?_
787 5721 1142 5800 llieronyiuus
1172 5721 1309 5800 sane
1356 5721 1409 5783 in
1463 5721 1700 5793 Episiola
1740 5733 1809 5785 ad
1858 5731 2132 5800 Algusiam

569 5792 836 5868 "ungo,
876 5813 894 5844 ι
932 5792 1114 5868 Militia
1154 5798 1299 5860 caali,
1332 5817 1353 5850 ι
1385 5792 1574 5868 inquit,
1611 5821 1628 5851 ι
1671 5818 1773 5855 non
1811 5792 2017 5854 tantum
2052 5802 2131 5854 sol

567 5858 885 5928 appellatur,
914 5872 969 5917 ct
998 5865 1146 5927 luna,
1172 5875 1225 5919 et
1251 5858 1396 5920 aStra
1427 5858 1726 5939 rutilantia,
1752 5870 1843 5923 sed
1877 5882 1932 5924 et
1956 5873 2131 5925 ontnis

2233 4655 2484 4727 ἀόρατος,
2517 4657 2711 4730 λογικὴ
2738 4661 2832 4713 καὶ
2865 4659 2939 4731 μὴ
2969 4661 3181 4733 λογικὴ,
3211 4663 3603 4737 ὲνδυναμοῦται
3627 4684 3641 4697 ·
3676 4670 3811 4739 παρ’

2241 4832 2481 4912 angelica
2532 4835 2839 4912 multitudo=
2885 4851 3185 4912 eorumque
3228 4843 3519 4905 exercitus,
3563 4844 3654 4912 qui
3700 4844 3813 4898 He-

2239 4899 2425 4976 braice
2459 4903 2760 4976 appellatur
2807 4899 3166 4968 Sabaothfid
3208 4920 3321 4976 est,
3363 4899 3644 4975 virtu-tuin,
3696 4914 3813 4970 sive

2236 4971 2646 5047 exercituum.)
2676 4972 2908 5028 Hilarius
2938 4990 3065 5047 vero
3095 4981 3159 5030 ad
3185 4993 3246 5031 ea
3277 4971 3412 5047 p'sal.
3434 4996 3584 5035 van
3618 4971 3806 5047 verba,

2240 5056 2259 5090 ι
2292 5038 2424 5117 ςῳιί
2451 5042 2900 5117 ᾀίειίμιιινθςιιιιιη
2928 5046 3005 5098 sic
3033 5038 3289 5113 loquitur'
3315 5065 3433 5117 pag.
3459 5051 3566 5104 2‘20
3597 5062 3728 5106 tom.
3752 5052 3769 5106 Ι

2243 5127 2262 5158 ι
2300 5107 2355 5162 Si
2378 5111 2530 5190 enim
2573 5111 2656 5166 lex
2698 5107 2958 5190 disposita
2988 5126 3075 5190 est
3105 5107 3202 5183 per
3228 5107 3471 5185 angelos,
3507 5107 3814 5190 panemque

2233 5180 2546 5257 angelorum
2599 5180 2941 5257 manducavit
2988 5180 3165 5250 homo,
3216 5180 3811 5257 cmlique's'tillasse'in

2235 5247 2364 5324 _S_ina
2405 5251 2740 5324 scribuntur,
2769 5250 3007 5324 profecto
3049 5247 3405 5311 ministerium
3441 5261 3541 5313 hoc
3572 5277 3600 5312 a
3631 5262 3808 5324 ccelis,

2234 5317 2289 5388 id
2325 5328 2430 5388 est,
2462 5319 2531 5373 ab
2570 5317 2781 5387 angelis
2812 5321 3079 5388 expletum
3110 5339 3228 5377 esse
3255 5343 3356 5379 non
3388 5329 3610 5383 dubium
3645 5344 3748 5385 εει.
3785 5317 3804 5382 ί

2236 5384 2374 5467 Quid
2430 5384 3086 5467 plunfa‘i'Didymtisjpse
3129 5395 3271 5467 hunc
3315 5398 3563 5452 eumdem
3617 5384 3810 5467 psalmi

2239 5456 2693 5535 locum‘aﬂ'erens
2721 5456 2890 5535 sefgm.
2938 5456 3005 5535 7_8
3047 5462 3097 5527 b,
3148 5481 3165 5512 ι
3200 5463 3438 5521 Virtutes
3470 5456 3734 5522 caelorum
3788 5488 3807 5519 ι

2233 5529 2313 5603 ait
2353 5542 2475 5582 esse
2513 5544 2619 5582 non
2668 5533 2825 5603 modo
2866 5529 3125 5585 caelorum
3164 5550 3183 5584 ι
3220 5537 3570 5603 substantias,
3623 5557 3642 5590 ι
3692 5539 3813 5594 sive

2230 5594 2283 5646 id
2310 5612 2426 5675 [quo
2462 5615 2496 5675 ε-
2519 5599 2992 5675 constituuntttr,_i
3024 5616 3209 5675 verum
3241 5605 3402 5675 etiam
3438 5623 3457 5656 ι
3498 5594 3745 5675 angelos.
3783 5627 3803 5661 ι

2302 5664 2416 5742 (ῥϐ)
2458 5665 2663 5721 Salutis
2694 5670 2922 5742 (iditum.
2950 5668 3173 5724 Locutio
3198 5673 3496 5740 translata;
3527 5664 3811 5742 eiemplis

2235 5736 2471 5810 scilicet,
2521 5747 2577 5810 ut
2629 5739 2840 5810 opinor,
2893 5739 3075 5810 ducta,
3116 5756 3345 5807 quorum
3392 5736 3518 5810 pars
3564 5736 3814 5799 anterior

2235 5803 2465 5869 εἴσοδος,
2499 5806 2609 5858 sive
2641 5803 2676 5855 ι
2706 5809 2879 5862 aditus
2918 5827 2935 5857 ι
2973 5803 3189 5875 dicitur,
3227 5821 3316 5865 aut
3346 5803 3680 5884 προπύλαια,
3716 5830 3814 5871 seu

2238 5891 2257 5924 ι
2303 5874 2640 5930 vestibulum.
2679 5896 2698 5927 ι

2238 5891 2257 5924 ι
2303 5877 2640 5929 vestibulum.
2679 5896 2698 5927 ι
