4146 6424
387 441 492 495 4³ὶὸ

385 553 445 612 οὗ
493 559 625 628 ἡμῖν
672 556 704 625 ἡ
755 554 873 608 θεία
910 553 1302 623 ἀναγέννησις,

385 655 611 719 ἄφεσις,
663 647 901 702 καὶτῶν
957 646 1240 717 ἁμαρτιῶν
1288 648 1321 716 ἡ
1372 646 1717 716 ἐπικάλυψις,
1778 647 1872 700 καὶ
1926 648 1959 716 ἡ

386 743 524 811 πρὸς
559 741 650 793 τὸν
680 739 812 791 Θεὸν
859 738 1161 802 οἰκείωσις·
1197 735 1457 807 στέφανός
1487 756 1546 791 τε
1588 739 1836 801 δικαίοις,
1872 740 1965 790 καὶ

386 833 606 902 ἀγαθῶν
639 831 944 901 ἀπόληψις·
981 831 1233 901 οὐράνιόν
1265 847 1324 883 τε
1352 830 1695 899 ἐνδιαίτημα,
1725 830 1818 882 καὶ
1852 828 1964 900 ζωὴ

385 925 789 995 ἀτελεύτητος,
817 924 910 977 καὶ
946 923 1221 993 βασιλείας
1272 922 1406 976 Θεοῦ
1456 922 1793 993 κληρονομία
1835 922 1965 975 αἰώ-

385 1036 496 1082 νιος
518 1037 530 1048 ·
569 1010 780 1079 οὗτινος
822 1016 922 1085 τῆς
964 1016 1250 1078 κοινωνίας
1286 1014 1373 1068 διὰ
1409 1014 1507 1084 τῆς
1542 1010 1965 1081 παλιγγενεσίας

383 1113 415 1163 ὁ
442 1109 719 1180 μετέχων,
756 1108 1017 1178 τυγχάνει
1059 1106 1167 1159 τῶν
1211 1105 1692 1177 μνημονευθέντων
1722 1102 1961 1171 ἀγαθῶν,

383 1204 477 1256 καὶ
539 1202 678 1273 πρὸς
756 1200 858 1264 τὰς
914 1199 1209 1262 καθολικὰς
1257 1197 1599 1260 Ἐπιστολάς,
1647 1196 1796 1257 θείας
1847 1194 1964 1247 ἐστὶ

383 1298 640 1360 κοινωνὸς
679 1295 914 1366 φύσεως.
949 1295 1009 1348 't)
1038 1293 1148 1365 γὰρ
1194 1290 1470 1363 ἀφθάρτου
1514 1291 1609 1343 καὶ
1639 1289 1810 1343 ἀϊδίου
1853 1306 1965 1356 φω-

382 1390 645 1459 τίσματος
731 1384 1104 1458 μετειληφὼς,
1167 1387 1390 1457 ἀγήρως
1461 1382 1602 1436 κατά
1658 1380 1720 1433 τὸ
1774 1378 1964 1450 νοητὸν

386 1480 537 1550 μένει
571 1481 629 1532 ὲν
668 1479 881 1549 νεότητι
922 1478 1018 1531 καὶ
1052 1475 1331 1547 ὴπιότητι,
1368 1474 1464 1527 καὶ
1499 1472 1840 1547 ἐξομοιοῦται
1886 1469 1965 1542 τῷ

372 1571 532 1642 κμόνῳ
560 1570 735 1641 ἔχοντι
766 1568 1089 1635 ἀθανασίαν,
1115 1568 1210 1622 καὶ
1241 1566 1355 1636 φῶς
1383 1563 1623 1618 οἰκοῦντι
1646 1563 1960 1636 ἀπρόσιτον.

378 1663 444 1715 Οί
495 1660 607 1733 γὰρ
659 1661 761 1730 τῆς
803 1659 1061 1732 Ἀρχαίας
1117 1658 1213 1712 καὶ
1266 1656 1413 1719 Νέας
1484 1652 1760 1725 Διαθήκης
1825 1652 1965 1722 tepo-

382 1749 618 1819 μάνται,
653 1751 752 1821 τῆς
800 1749 1062 1803 ἀνωτάτω
1113 1749 1245 1818 μιᾶς
1287 1746 1439 1808 θείας
1479 1743 1696 1814 φύσεως
1729 1740 1868 1794 εἶναι
1903 1739 1965 1793 τὸ

378 1839 535 1913 ἅγιον
597 1842 825 1915 Πνεῦμα
891 1843 1233 1896 ἐπίστανται.
1283 1837 1491 1891 Αὐτίκα
1555 1835 1687 1904 γοῦν
1753 1848 1960 1906 μαρτυ-

380 1926 591 2007 ροῦσινο

1420 437 1508 493 DE
1549 435 1922 491 TRINITATE
1964 435 2163 490 LIBER
2208 432 2592 493 SECUNDUS.

1351 555 1440 607 καὶ
1481 554 1591 609 τῶν
1642 555 1881 624 ἀνομιῶν
1923 557 1954 623 ἡ

2062 554 2330 622 asyucrita
2369 554 2444 622 (id
2470 562 2575 617 est,
2608 551 3091 621 incomparabilis),
3121 561 3173 607 et
3201 556 3506 609 veneranda
3544 558 3649 629 by-

3542 444 3644 499 43H

2065 642 2338 712 postasis;
2380 641 2827 705 incontaminata,
2872 652 2928 697 et
2974 643 3195 707 eximia,
3243 658 3306 698 ac
3352 646 3640 714 purissima

2064 733 2267 802 gloria;
2298 732 2390 802 qui
2430 742 2513 787 est
2540 732 2720 787 divina
2769 734 2883 801 ipsa
2928 735 3123 803 gratia,
3181 749 3303 804 quae
3334 737 3640 795 deﬁcientia

2065 831 2211 884 sunt,
2255 821 2532 890 supplcns,
2563 831 2618 876 et
2648 837 2770 890 qua:
2799 822 3014 877 inﬁrma
3045 837 3192 888 sunt,
3243 842 3477 895 sanans;
3510 829 3644 884 inef-

2066 910 2265 974 fabilis,
2311 921 2367 965 et
2397 911 2729 981 sempiterna
2764 913 3017 994 bonitas;
3044 914 3467 970 indeﬁcientium
3512 921 3645 973 cha-

2067 1002 2351 1055 rismatum
2387 1001 2524 1065 fons,
2551 1012 2609 1056 et
2647 1002 2825 1057 omnis
2871 1005 3027 1058 bonae
3058 1006 3256 1058 mentis
3302 1021 3637 1074 przecursor,

2066 1094 2392 1160 futurarum,
2434 1103 2490 1149 et
2515 1095 2817 1163 ignotarum
2849 1111 3027 1150 rerum
3071 1110 3198 1150 vera
3227 1097 3595 1154 manifestatio
3625 1118 3640 1166 ;

2063 1183 2313 1238 salutaris
2345 1183 2669 1254 obsignatio,
2720 1193 2776 1238 et
2808 1185 3044 1240 divinum
3080 1186 3342 1254 chrisma,
3390 1188 3504 1242 sive
3543 1204 3642 1242 un-

2064 1273 2332 1345 ctio(57),
2381 1285 2706 1330 aeternorum
2771 1275 3036 1330 honorum
3090 1276 3326 1333 arrhabo
3387 1295 3401 1332 :
3448 1293 3479 1332 a
3535 1294 3642 1346 quo

2062 1364 2240 1417 omnis
2297 1373 2545 1422 creatura
2608 1363 2834 1418 visibilis
2887 1373 2944 1418 et
3008 1364 3331 1430 invisibilis,
3398 1368 3642 1422 rationa-

2064 1454 2132 1510 lis
2170 1463 2225 1509 et
2288 1453 2621 1508 irrationalis
2663 1454 2829 1508 robur
2875 1468 2938 1509 ac
2996 1454 3103 1509 vim
3141 1455 3341 1524 accipit
3387 1474 3402 1510 :
3445 1471 3476 1510 a
3535 1471 3644 1525 quo

2065 1546 2220 1602 nobis
2260 1553 2345 1601 est
2395 1545 2580 1601 divina
2636 1545 2994 1615 regeneratio,
3050 1552 3106 1600 et
3152 1544 3496 1615 iniquitatmn
3556 1562 3644 1601 re-

2064 1643 2272 1707 missio,
2306 1650 2363 1697 et
2411 1648 2756 1712 peccatorum
2808 1639 3094 1694 absconsio
3123 1638 3259 1708 (38),
3313 1649 3368 1694 et
3418 1639 3643 1707 conjun-

2064 1736 2174 1791 ctio
2206 1734 2319 1807 (59)
2368 1750 2492 1790 cum
2524 1735 2653 1799 Deo,
2701 1742 2759 1788 et
2805 1746 3006 1787 corona
3047 1732 3228 1803 justis,
3260 1742 3316 1786 et
3364 1733 3636 1787 bonorum

2064 1829 2370 1898 acquisitio,
2398 1836 2455 1882 et
2488 1825 2710 1881 cmleste
2745 1824 3101 1887 domicilium,
3132 1833 3187 1880 et
3227 1824 3339 1879 vita
3393 1823 3643 1878 intermio

1995 1910 2038 1965 Β
2069 1929 2217 1987 nata,
2256 1928 2313 1974 et
2356 1919 2505 1988 regni
2567 1917 2662 1971 Dei
2713 1916 3042 1986 sempiterna
3093 1916 3433 1970 haereditas:
3482 1913 3641 1983 cujus

377 2005 776 2082 communionis
810 2027 900 2095 qui
972 2039 1071 2095 per
1129 2020 1597 2092 regenerationem
1632 2016 1693 2071 ﬁt
1730 2016 2021 2084 particeps,
2062 2022 2485 2067 commemorata
2518 2012 2657 2065 bona
2704 2009 3074 2078 consequitur,
3118 2016 3172 2062 et
3213 2006 3366 2075 juxta
3394 2005 3644 2061 catholi-

377 2136 471 2174 cas
498 2118 771 2188 Epistolas
813 2092 1005 2172 divina:
1048 2112 1161 2183 (40)
1193 2121 1278 2167 est
1321 2122 1547 2166 consors
1587 2114 1813 2159 naturae.
1856 2101 1956 2169 Qui
1994 2103 2138 2156 enim
2202 2097 2629 2168 incorruptibile,
2696 2106 2753 2152 et
2793 2106 3055 2151 aeternum
3099 2092 3366 2166 baptisma
3417 2095 3641 2164 partici-

377 2187 555 2281 pavit,
578 2210 712 2265 senii
742 2223 937 2278 expers
980 2205 1158 2276 quoad
1211 2202 1468 2265 animam,
1500 2207 1555 2254 et
1599 2196 1870 2267 spiritum,
1906 2194 1960 2248 in
1996 2193 2277 2263 juventute
2316 2201 2497 2246 manet
2524 2205 2587 2245 ac
2629 2191 2681 2244 in
2714 2188 2938 2243 infantia
3000 2187 3137 2255 (41),
3181 2197 3237 2243 ει
3289 2189 3339 2243 ei
3375 2187 3641 2243 assimila-

376 2279 488 2372 tur,
538 2304 628 2375 qui
661 2305 811 2359 solus
863 2299 975 2372 (4‘2)
1028 2298 1192 2353 habet
1248 2290 1732 2353 immortalitatem,
1782 2297 1835 2342 ει
1884 2287 2055 2340 lucem
2123 2284 2334 2339 habitat
2402 2280 2848 2338 inaccessibilem.
2899 2279 3032 2335 Nam
3100 2279 3311 2336 Veteris
3372 2295 3436 2334 ac
3500 2279 3632 2333 Novi

375 2371 715 2451 Testamenti
746 2371 1040 2461 scriptores
1069 2387 1210 2444 sacri
1257 2384 1371 2457 (45)
1404 2382 1664 2453 Spiritum
1700 2386 1951 2451 sanctum
1993 2374 2228 2431 celestis
2291 2375 2453 2430 unius
2514 2375 2710 2430 divina:
2751 2382 2957 2429 natura:
2991 2386 3112 2427 esse
3142 2383 3358 2427 norunt.
3392 2371 3471 2426 En
3504 2387 3637 2427 vero

373 2491 506 2560 quid
534 2498 817 2543 testentur.
844 2484 1105 2539 Nimirum
1141 2500 1155 2535 ι

1022 2575 1181 2629 ΚΕΦ.
1211 2571 1285 2622 B'.

372 2669 517 2737 Περὶ
556 2669 662 2723 τοῦ
707 2667 773 2721 τὸ
817 2667 989 2735 ἅγιον
1032 2664 1273 2737 Πνεῦμα
1310 2658 1459 2737 εἶτ-αι
1506 2658 1601 2713 τοῦ
1648 2656 1807 2712 Θεοῦ.
1846 2655 1958 2710 Καὶ

731 2731 873 2804 περί
893 2731 1198 2803 αἰρετικῆς(
1223 2731 1601 2795 ἀντιθέσεως.

448 2829 672 2902 Πρῶτον
708 2829 830 2900 μὲν,
874 2829 956 2882 ὅτι
1001 2826 1226 2896 Πνεῦμα
1256 2829 1401 2879 ἐστιν
1432 2823 1528 2876 τοῦ
1561 2820 1720 2884 Θεοῦ,
1763 2819 1860 2872 καὶ
1891 2820 1956 2871 ὲκ

373 2920 469 2974 τοῦ
502 2920 658 2983 Θεοῦ,
685 2922 732 2974 εί
765 2920 858 2973 καὶ
896 2919 969 2990 μὴ
1015 2918 1129 2989 μετ’
1160 2917 1344 2982 αὐτὸν,
1384 2915 1479 2968 καὶ
1520 2913 1680 2983 μόνον
1718 2909 1857 2973 είδδς
1889 2908 1958 2962 τὰ

372 3010 469 3063 τοῦ
495 3007 651 3073 Θεοῦ,
675 3010 769 3062 καὶ
794 3009 885 3061 ἐπὶ
914 3008 1122 3070 πάντας
1157 3004 1452 3075 τυγχάνονο
1486 3001 1710 3070 λέγουσι
1739 2999 1919 3053 τοιάδε
1936 3015 1951 3029 ⁸

372 3100 614 3169 Μωῡσῆς
656 3100 753 3169 μὲν
786 3100 845 3150 ὲν
882 3100 948 3168 τῇ
979 3097 1194 3151 Γενέσει
1226 3098 1291 3149 ὲκ
1326 3092 1620 3166 προσώπου
1649 3091 1745 3145 τοῦ
1778 3090 1913 3143 Θεοῦ
1935 3104 1950 3120 ⁸

2726 2553 2877 2610 CAP.
2920 2550 2986 2609 ll.

2062 2650 2316 2719 Spiritum
2347 2656 2585 2701 sanctum
2628 2643 2886 2724 esseDei.
2923 2640 2989 2692 Et
3030 2640 3095 2693 de
3134 2640 3500 2694 Itwreticorum
3547 2640 3639 2695 ob-

2724 2722 2972 2782 jecltone.

2132 2808 2426 2863 Testantur
2457 2807 2655 2876 primo,
2703 2803 2965 2874 Spiritum
3009 2818 3131 2857 esse
3164 2802 3278 2866 Dei,
3323 2811 3376 2858 et
3407 2818 3472 2857 ex
3504 2801 3637 2870 Deo,

2059 2901 2160 2956 etsi
2193 2915 2300 2953 non
2338 2897 2410 2953 sit
2453 2906 2574 2965 post
2626 2897 2824 2963 ipsum,
2856 2903 2911 2950 et
2943 2909 3066 2948 eum
3112 2893 3285 2947 solum
3339 2894 3477 2947 scire
3518 2909 3640 2963 quae

2058 2997 2186 3044 sunt
2215 2988 2330 3053 Dei,
2366 2996 2421 3041 et
2450 2999 2611 3054 super
2636 2999 2825 3039 omnes
2849 2983 3148 3050 exsistere;
3181 2982 3297 3036 base
3324 2983 3469 3036 enim
3496 2984 3635 3038 scri-

2057 3081 2212 3135 bunt.
2240 3078 2417 3133 Moses
2432 3077 2646 3146 quidem
2675 3077 2728 3128 in
2756 3074 2950 3131 Genesi
2981 3089 3046 3127 ex
3074 3088 3299 3141 persona
3327 3073 3418 3127 Dei
3446 3092 3500 3127 ει
3519 3073 3635 3128 Non

380 3207 397 3238 ι
429 3189 505 3240 Οὐ
544 3162 617 3258 μὴ
646 3162 952 3259 έιαταμείνῇ
986 3186 1047 3238 τὸ
1079 3183 1305 3253 Πνεῦμά
1339 3162 1441 3254 μου
1475 3184 1533 3234 ὲν
1583 3183 1695 3245 τοῖς
1742 3178 1954 3251 ἀνθρὼ-

2061 3169 2223 3239 116
2251 3167 2588 3236 permanebit
2618 3164 2731 3236 (44)
2785 3164 3022 3245 Spiritus
3069 3179 3221 3218 meus
3247 3162 3301 3217 in
3335 3163 3638 3220 hominibus

374 3297 496 3342 ποις
530 3279 740 3342 τούτοις
789 3280 870 3341 εἰς
923 3278 1015 3330 τὸν
1068 3276 1271 3340 αἰῶνα,
1318 3274 1406 3331 διὰ
1456 3273 1519 3327 τὸ
1568 3269 1707 3325 εἶναι
1756 3272 1956 3333 αὐτοὺς

375 3373 605 3443 σάρκαςο
621 3391 638 3422 ι
681 3371 933 3438 Ἀγγαῖος
956 3369 1157 3440 ὁμοίιος
1178 3368 1286 3421 ἀπὸ
1309 3367 1496 3438 θεῖκῆς
1522 3363 1707 3435 φωνῆς
1724 3378 1736 3391 ⁸
1764 3380 1781 3412 ι
1814 3359 1957 3429 Ἐγώ

374 3467 489 3534 είμι
534 3464 652 3535 μεθ’
696 3463 870 3534 ὑμῶν,
903 3463 997 3516 καὶ
1028 3461 1089 3515 τὺ
1134 3459 1362 3531 Πνεῦμά
1414 3476 1515 3530 μου
1550 3455 1852 3525 ἐφέστηκεν
1899 3453 1958 3505 ὲν

379 3555 526 3624 μέσῳ
547 3552 721 3624 ὑμῶν⁹
737 3574 754 3605 ι
773 3552 1048 3624 Ζαχαρίας
1070 3551 1271 3620 ὁμοίως
1287 3566 1302 3580 σ
1329 3568 1346 3600 ι
1369 3548 1517 3618 Πλὴν
1540 3543 1807 3599 ἀκούσατε
1830 3541 1959 3604 τοὺς

374 3647 565 3713 λόγους
601 3664 719 3717 μου,
752 3647 847 3700 καὶ
885 3645 954 3698 τὰ
984 3644 1191 3714 νόμιμά
1224 3660 1325 3713 μου
1371 3639 1615 3712 δέχεσθε,
1646 3637 1682 3692 ἃ
1728 3634 1840 3705 ἐγὼ
1870 3636 1957 3689 ὲν-

316 3740 325 3749 ’
374 3737 632 3807 τέλλομαι
682 3740 740 3792 ὲν
776 3737 1055 3807 Πνεῦματί
1114 3752 1215 3806 μου
1270 3737 1385 3797 τοῖς
1436 3732 1646 3794 δούλοις
1700 3746 1802 3799 μου
1841 3728 1955 3790 τοῖς

373 3828 748 3898 προφήταιςί
800 3829 1025 3889 Ἡσαΐας
1083 3826 1191 3879 ἀπὸ
1239 3824 1336 3878 τοῦ
1403 3823 1619 3893 Πατρὸς
1684 3819 1820 3890 πρὸς
1863 3817 1955 3871 τὸν

372 3920 530 3973 Υίόν·
569 3939 588 3971 ι
619 3922 692 3974 Τὸ
737 3920 959 3991 Πνεῦμα
988 3921 1050 3974 τὸ
1082 3920 1234 3990 ἐμὸν,
1262 3919 1291 3972 ὅ
1329 3917 1423 3989 [52
1445 3915 1501 3989 a]
1532 3916 1679 3967 ἐστιν
1722 3912 1814 3966 ἐπὶ
1846 3911 1952 3975 σοὶ,

370 4014 467 4067 καὶ
497 4013 567 4068 τὰ
597 4015 838 4085 ῥήματα.
863 4014 899 4069 ἃ
930 4013 1137 4068 δέδωκα
1183 4013 1264 4075 είς
1308 4009 1369 4064 τὸ
1413 4009 1587 4078 στόμα
1621 4022 1739 4066 σου,
1765 4003 1826 4056 οὐ
1879 3999 1953 4072 μὴ

370 4104 604 4179 ἐκλείπῃ
633 4107 698 4160 ὲκ
739 4106 834 4159 τοῦ
881 4104 1151 4177 στόματός
1192 4120 1307 4167 σου,
1338 4102 1432 4155 καὶ
1459 4102 1525 4153 ὲκ
1557 4096 1653 4151 τοῦ
1686 4095 1953 4165 στόματος

370 4193 469 4249 τοῦ
518 4198 995 4270 σπέρματόςσουσ
1025 4217 1043 4250 ι
1098 4197 1324 4267 σπέρμα
1365 4193 1541 4261 λέγων
1592 4187 1778 4253 αὐτοῦ,
1826 4185 1953 4247 τοὺς

444 4333 561 4404 (37)
599 4332 813 4387 Unctio.
852 4332 1094 4404 Respicit
1129 4336 1531 4384 sacramentum
1583 4317 1950 4376 continuatio-

372 4407 476 4462 nis.
511 4403 651 4473 Lego
681 4419 852 4471 segni.
896 4403 991 4473 126
1024 4412 1079 4456 et
1113 4415 1264 4473 seqq.
1406 4465 1437 4473 __
1862 4458 1872 4473 ,
1938 4458 1948 4470 ,

445 4458 557 4546 (38)
588 4458 906 4528 Ἄὺδεῖηεὶο.
939 4458 1263 4546 [ιρευιῖοιίεε
1307 4465 1520 4520 Biblica:
1542 4478 1616 4544 ,εχ
1647 4459 1737 4515 illo
1762 4458 1950 4546 psalmi

370 4534 520 4600 vers.
541 4534 851 4611 'desmnpta:
882 4562 895 4597 :
931 4561 949 4594 ι
983 4541 1132 4596 Beati
1163 4553 1390 4606 quorum
1423 4534 1663 4611 remissae
1694 4541 1819 4585 sunt
1851 4534 1952 4582 itii-

370 4617 640 4687 (ιιιὶιοιεεὲ
673 4623 726 4666 et
750 4606 986 4687 quorum
1038 4621 1180 4687 tecta
1228 4606 1692 4687 suntvpeccata...»

446 4684 558 4750 (39)
599 4668 938 4752 Conjunctie.
966 4681 1021 4735 ln
1051 4680 1262 4752 Graeco,
1287 4668 1580 4752 οἰκείωσις,
1608 4672 1658 4724 id
1684 4679 1789 4752 est,
1819 4687 1839 4720 ι
1871 4668 1954 4723 fa-

372 4743 683 4813 miliaritas.
706 4743 738 4804 ⁷)
775 4762 864 4805 aut
896 4770 915 4804 ι
956 4749 1350 4821 prepinquitas_._
1379 4764 1420 4821 __r
1468 4746 1642 4821 atque
1687 4743 1826 4795 hanc
1857 4754 1954 4821 vo-

371 4825 787 4893 ceni‘Didymns
821 4813 1008 4893 eodem
1055 4813 1514 4893 inodo_adbi_buit
1562 4813 1638 4893 ἰιι⁸
1654 4817 1952 4893 comment.

370 4895 427 4946 in
484 4882 751 4946 Psalmas.
818 4890 975 4946 Aﬁini
1018 4890 1179 4945 etiam
1236 4887 1507 4940 locutione
1566 4882 1736 4934 utitur
1781 4895 1951 4947 segrn.

373 4963 477 5017 H9
506 4980 558 5026 α,
591 4973 644 5015 ει
674 4962 747 5016 2?.
778 4978 834 5025 a,
868 4962 957 5017 ubi
983 4962 1098 5015 ait:
1130 4955 1647 5027 Προσομιλήσαεντξς
1668 4949 1750 5027 ,τῷ
1785 4947 1954 5027 ea“???

372 5020 674 5102 Πνεῦματι.
726 5033 791 5086 Ει
821 5020 912 5085 ἐἁ
958 5046 1100 5102 vers.
1142 5020 1205 5083 Π
1272 5020 1395 5102 cap.
1435 5020 1451 5079 ἰ
1501 5022 1620 5102 Jobi
1658 5020 1824 5102 (pag.
1881 5020 1952 5102 44

371 5089 580 5155 catenae
609 5105 664 5155 in
704 5102 899 5156 Jobnm
934 5117 962 5154 a
1012 5100 1196 5155 Niceta
1242 5089 1802 5161 cmiciunatav):'11&<;
1843 5089 1952 5161 γὰρ

371 5171 491 5243 Θεῷ
513 5171 881 5243 προσομιλῶν,
910 5171 1083 5243 μικρὰ
1100 5166 1379 5243 φροντίζει
1410 5164 1518 5217 τῶν
1546 5164 1718 5228 κάτω,
1749 5164 1799 5215 id
1844 5172 1951 5240 est,

376 5262 395 5293 ι
451 5224 585 5295 Nam
614 5224 707 5312 qui
744 5243 851 5296 Deo
868 5224 1473 5312 'u'titu'rfamiliariter,
1518 5224 1729 5312 terrena
1757 5233 1951 5312 parvi-

409 5313 580 5365 endit.
625 5310 645 5364 ἱ
684 5312 949 5366 Nimirum
991 5312 1163 5366 sancti
1222 5310 1358 5361 hunt

409 5329 580 5365 endit.
625 5333 644 5364 ο
684 5329 949 5366 mmtrum
991 5329 1163 5366 sancu
1222 5329 1358 5361 ιιυιιι
1403 5329 1494 5373 (ιιι
1530 5329 1606 5357 au
1642 5329 1840 5356 ramus
1893 5329 1946 5353 ιιι

369 5329 541 5445 Epist.
571 5384 635 5453 ad
669 5382 866 5451 Eplies.
892 5381 1060 5453 11,19)
1107 5381 1293 5436 οἰκεῖοι
1319 5375 1412 5429 τοῦ
1426 5374 1586 5438 Θεοῦ,
1616 5373 1665 5427 id
1687 5380 1791 5437 est,
1816 5389 1836 5422 t
1855 5371 1950 5424 do-

369 5454 581 5506 inestici
620 5452 734 5506 Dei.
777 5474 795 5505 ι

446 5521 558 5589 (40)
604 5522 829 5577 Divitiae.
862 5522 903 5575 ιι
938 5520 1081 5575 Petr.
1116 5536 1154 5587 ι,
1187 5536 1239 5574 4.

358 5578 878 5716 gwfzﬂgolnfantia.
929 5578 1152 5657 Codex;
1195 5589 1473 5663 ἡπιότητι.
1525 5584 1655 5641 Vide
1705 5590 1818 5636 not.
1852 5578 1943 5646 16,

365 5676 493 5731 pag.
531 5676 619 5716 νυ.
1200 5730 1207 5731 7
1643 5716 1647 5725 ί

444 5732 559 5798 (42)
602 5731 780 5787 Solus.
816 5731 832 5784 1
863 5731 1003 5787 Tim.
1035 5749 1113 5797 vr,
1149 5730 1235 5785 16.

602 5803 896 5869 Scriptores
927 5794 1173 5856 sacrifln
1205 5799 1414 5871 Graeco,
1446 5794 1944 5871 ispopdv1at.j’itl_e

369 5863 487 5926 ιιυί.
522 5863 617 5938 29,
651 5863 771 5942 pag.
810 5872 899 5927 57.
938 5873 1109 5927 Simili
1142 5872 1299 5925 modo
1325 5870 1374 5923 in
1409 5863 1940 5923 comment.inPsal-

1403 5308 1494 5373 (ut
1530 5305 1606 5357 ait
1642 5301 1840 5356 Paulus
1876 5300 1946 5373 Ain
2015 5336 2025 5343 -

2059 3259 2144 3315 his
2177 3259 2230 3313 in
2262 3257 2537 3323 saculum,
2589 3256 2718 3323 quia
2754 3255 2855 3325 ipsi
2894 3264 3022 3309 sunt
3070 3269 3286 3309 carnes.
3341 3273 3361 3306 ι
3410 3253 3639 3324 Aggaus

2060 3352 2264 3420 pariter
2294 3364 2358 3404 ex
2387 3363 2617 3418 persona
2650 3347 2744 3401 Dei
2776 3365 2790 3400 :
2830 3364 2851 3399 ι
2897 3346 3009 3416 Ego
3039 3344 3152 3416 (45)
3188 3362 3306 3400 smn
3337 3347 3637 3412 vobiscum,

2061 3449 2118 3496 et
2163 3438 2399 3508 Spiritus
2426 3451 2579 3492 meus
2608 3436 2760 3490 stetit
2792 3435 2845 3488 in
2880 3435 3064 3489 medio
3093 3444 3350 3489 vestrum.
3383 3454 3402 3486 ι
3435 3434 3638 3489 Ζειειιιιο

2062 3534 2174 3588 rias
2208 3532 2495 3587 similiter:
2529 3549 2548 3581 ι
2581 3531 2969 3585 Verumtamen
3007 3528 3118 3599 (46)
3145 3530 3330 3583 audite
3356 3544 3639 3584 sermones

2062 3640 2235 3690 meos,
2268 3634 2320 3678 et
2350 3622 2591 3689 legitima
2640 3635 2757 3674 mea
2806 3621 3090 3686 suscipite,
3124 3633 3246 3688 quas
3297 3633 3399 3687 ego
3441 3620 3639 3674 mando

2062 3717 2117 3770 in
2150 3714 2353 3781 Spiritu
2387 3726 2507 3766 meo
2540 3709 2717 3781 servis
2766 3709 2901 3763 meis
2944 3708 3239 3777 prophetis.
3275 3727 3295 3760 ›
3348 3707 3520 3763 Isaias
3570 3725 3638 3765 ex

2060 3820 2289 3877 persona
2319 3803 2498 3861 Patris
2544 3800 2739 3855 Filium
2794 3798 3161 3866 alloquentis:
3198 3817 3216 3849 ι
3250 3797 3487 3866 Spiritus
3522 3799 3639 3870 (47)

2062 3914 2234 3963 meus,
2267 3900 2358 3965 qui
2390 3904 2475 3951 est
2504 3895 2557 3949 in
2586 3901 2656 3957 te,
2697 3902 2752 3947 et
2780 3892 2967 3956 verba,
3003 3906 3124 3960 qua:
3154 3892 3274 3946 dedi
3316 3892 3368 3946 in
3399 3907 3494 3947 ore
3524 3902 3638 3957 tun,

2060 4005 2167 4046 non
2203 3988 2450 4044 deﬁcient
2482 4001 2551 4040 ex
2595 3998 2691 4039 ore
2735 3992 2849 4047 tun,
2889 3993 2945 4037 et
2990 3998 3057 4037 ex
3096 3998 3193 4038 ore
3237 3984 3461 4038 seminis
3491 3985 3587 4038 tui.
3612 4002 3635 4037 ι

2061 4082 2254 4137 Semen
2288 4079 2406 4149 ejus
2438 4076 2667 4147 appellat
2698 4073 2903 4138 ﬁdeles,
2940 4088 3073 4142 quos
3104 4076 3266 4127 etiam
3297 4075 3362 4127 ad
3393 4074 3636 4144 adoptio-

2061 4190 2184 4229 nem
2232 4171 2486 4237 vocavit;
2518 4176 2574 4223 et
2619 4182 2809 4221 rursus
2841 4180 2907 4220 ex
2946 4180 3177 4236 persona
3210 4165 3330 4219 Filii
3360 4182 3373 4218 :
3416 4183 3436 4217 ι
3460 4166 3637 4236 Spiri-

2058 4324 2170 4363 πίοι
2206 4305 2269 4360 ad
2311 4318 2455 4358 vers.
2491 4302 2514 4355 l
2552 4299 2745 4369 psalmi
2778 4314 2953 4363 xxxii,
2980 4308 3035 4353 et
3063 4298 3129 4352 ad
3164 4313 3304 4352 vers.
3336 4294 3407 4349 24
3438 4294 3632 4365 psalmi

2057 4392 2210 4440 cxm,
2248 4374 2448 4428 Mosem
2481 4383 2633 4426 vocat
2670 4370 3013 4440 ἱεροφάντην.

2131 4435 2242 4518 (ﬂ)
2274 4444 2395 4518 Non
2425 4435 2766 4518 permanebit.
2795 4435 2929 4518 Gen.
2951 4435 3030 4518 lvi,
3054 4436 3108 4490 3.
3135 4435 3412 4518 ﬁantnulla:
3442 4435 3634 4518 editio-

2061 4506 2157 4572 nes
2186 4506 2445 4569 omittunt
2471 4525 2652 4575 voces,
2689 4510 2772 4572 tt;
2795 4509 2887 4561 τὸν
2911 4507 3105 4561 αίῶνα.
3137 4507 3243 4560 Sed
3278 4506 3633 4573 Complulen-

1984 4579 2033 4636 ι)
2060 4589 2136 4642 sis
2173 4600 2267 4639 eas
2305 4585 2490 4648 habet,
2520 4583 2645 4634 item
2677 4588 2736 4632 ut
2776 4578 3035 4648 Didymus
3074 4580 3175 4648 hoc
3220 4575 3272 4648 in
3310 4577 3458 4648 loco;
3504 4589 3627 4627 nam

2059 4656 2224 4721 alibi,
2264 4662 2322 4709 ut
2370 4643 2720 4707 enarratione
2755 4650 2810 4701 in
2842 4643 3069 4716 primam
3107 4643 3256 4699 Petri
3298 4645 3360 4698 ad
3401 4660 3520 4713 cap.
3566 4658 3632 4710 ιι,

2058 4727 2106 4781 is
2149 4742 2242 4779 eas
2290 4721 2676 4789 prmtcrmittit.

2129 4794 2243 4866 (45)
2286 4784 2420 4866 Ego.
2464 4795 2623 4860 Agg.’
2655 4805 2716 4854 ιι,
2753 4787 2786 4842 5
2825 4796 2880 4842 ει
2914 4785 2966 4840 6.
3009 4785 3273 4839 Nonnulla
3312 4784 3634 4839 omittuntur

2057 4864 2397 4920 intcrrnedia.

2129 4935 2238 5007 (46)
2286 4926 2886 5007 νενυηιιαηιεηηΖοειι..
2907 4940 2946 4989 t,
3069 4922 3310 5007 Verbum
3338 4925 3628 5007 ἀκουςατξ,

2057 5006 2109 5060 id
2135 4993 2238 5070 est,
2288 5021 2307 5054 ι
2356 5001 2556 5065 audite,
2605 5017 2623 5049 ι
2657 5000 2823 5070 deest
2874 4996 2933 5070 in
2969 4993 3177 5070 Bibliis.
3221 4993 3287 5046 Et
3327 5010 3423 5060 pro
3472 4996 3549 5070 ἀ,
3577 4993 3627 5070 in

2056 5064 2255 5131 eisdem
2283 5073 2496 5141 legitur,
2511 5064 2631 5121 ὅσα.
2656 5068 2714 5121 In
2737 5068 2873 5141 libro
2898 5066 2975 5141 De
2988 5064 3131 5141 Spir.
3156 5072 3336 5141 sancto
3359 5079 3511 5119 num.
3535 5067 3628 5129 29,

2057 5145 2216 5215 hujus
2241 5135 2490 5215 versiculi
2517 5149 2722 5208 partem
2753 5135 2919 5215 affert.
2943 5135 3229 5215 Didymus,
3263 5135 3333 5186 ita
3362 5144 3542 5215 tamen
3572 5146 3631 5187 ut

2053 5204 2302 5270 videatur
2324 5204 2530 5281 legisse
2551 5225 2678 5273 non,
2711 5226 2729 5258 ι
2764 5204 2980 5281 mando,
3014 5224 3033 5257 ι
3063 5213 3120 5258 ιιι
3145 5204 3259 5267 hic,
3283 5206 3447 5281 sed,_¢
3483 5220 3631 5281 man-

2052 5287 2199 5349 davi,
2241 5302 2259 5336 ι
2299 5284 2344 5337 si
2378 5273 2523 5336 Edita
2573 5276 3257 5349 exemplariaspectemus
3284 5290 3321 5349 _:
3368 5273 3449 5326 sic
3481 5277 3625 5326 enim

2053 5342 2256 5410 habent
2287 5372 2301 5407 :
2340 5371 2359 5404 ι
2396 5342 2749 5417 Ουιεειιιιαιιε
2774 5342 3026 5417 mandari
3058 5342 3550 5417 iii-Spirituﬂmeo,
3602 5363 3621 5396 ι

2052 5434 2159 5479 etc.
2189 5425 2258 5476 At
2284 5411 2455 5478 code}
2489 5411 2672 5473 noster
2710 5432 2813 5471 ms.
2846 5415 2916 5469 ibi
2950 5415 3030 5470 sic
3058 5414 3219 5469 habet
3249 5431 3262 5467 :
3300 5431 3319 5459 ι
3357 5411 3624 5478 Quaecun-

2049 5510 2155 5564 que
2183 5509 2282 5563 cgu
2324 5492 2522 5564 man_d_o
2554 5490 2607 5542 in
2642 5486 2845 5564 Spiritu
2889 5501 3038 5564 meo,
3080 5507 3116 5564 »-
3157 5494 3212 5537 ει
3246 5482 3627 5564 reliqua.__Nu-

2051 5553 2202 5618 mero
2216 5553 2413 5616 iamen
2433 5560 2524 5624 '50,
2554 5553 2747 5612 rursus
2770 5557 2967 5610 citatur
2989 5555 3076 5608 hic
3105 5554 3252 5609 locus
3280 5556 3355 5607 ita
3384 5570 3439 5607 τι
3468 5553 3623 5609 Man-

2048 5636 2187 5688 dabo
2220 5638 2271 5686 in
2301 5630 2504 5700 Spiritu
2538 5644 2680 5700 meo,
2716 5646 2736 5679 ι
2772 5635 2825 5679 ει
2847 5634 3070 5700 caetera.

2119 5703 2232 5773 (47)
2256 5693 2521 5773 Spiritus.
2560 5697 2663 5773 lsa.
2693 5712 2807 5762 ιιι,
2841 5694 2931 5749 il.
2956 5693 3226 5765 Coniplut.
3261 5695 3397 5752 e‘dit.
3428 5694 3619 5762 habet,

2049 5765 2273 5845 ῥήματά
2311 5765 2437 5843 μου,
2483 5768 2520 5823 ἃ
2559 5765 2754 5821 ἔδωκα.
