4146 6434
515 455 623 513 455

1754 438 1988 495 DIDYMI
2031 432 2501 491 ALEXANDRINI

3596 479 3601 483 _
3664 425 3767 486 156

517 576 603 621 tus
638 563 751 635 (48)
793 561 1001 616 Domini
1054 572 1218 627 super
1266 572 1370 611 me.
1429 574 1447 607 3
1498 556 1716 626 Impleta
1756 565 1936 609 autem
1984 556 2095 609 btec

2202 550 2445 615 πιστοὺς,
2473 550 2567 613 οὓς
2605 548 2698 602 καὶ
2729 550 2807 611 είς
2836 547 3109 601 υἱοθεσίαν
3144 546 3423 599 ἐκάλεσεν.
3463 546 3570 600 Καὶ
3606 546 3771 599 πάλιν

515 672 637 712 esse
711 658 763 708 in
818 653 1212 715 lncarnatione,
1277 649 1561 703 Matthtcus
1624 649 1706 702 his
1759 647 1941 702 verbis
1971 646 2087 699 ait:

521 765 544 800 ι
577 746 646 801 Ut
678 744 791 817 (19)
820 744 1213 811 adimpleretur.
1238 743 1378 808 quod
1407 740 1609 793 dictmu
1650 747 1734 792 est
1765 753 1859 807 per
1899 737 2090 793 Isaiam

517 838 834 906 prophetam
872 835 1138 887 dicentem
1169 849 1182 885 :
1230 832 1366 889 Ecce
1398 830 1509 900 (50)
1548 844 1687 898 puer
1727 841 1900 891 meus,
1931 842 2090 897 quem

517 926 676 994 elegi,
714 925 942 979 dilectus
974 937 1145 987 mens,
1190 922 1242 975 in
1287 936 1394 991 quo
1429 922 1567 973 bene
1613 919 1939 987 complacuit
1975 917 2094 972 ani-

519 1032 619 1070 mae
646 1030 796 1069 mete.
834 1014 1034 1066 Ponam
1067 1012 1328 1081 Spiritum
1366 1024 1541 1064 meum
1579 1024 1742 1078 super
1770 1024 1927 1073 eum;
1969 1027 1987 1061 3
2038 1019 2093 1061 et

520 1120 709 1160 rursus
734 1119 798 1157 e3;
843 1118 1072 1173 persona
1107 1101 1324 1155 Patris:
1367 1119 1386 1152 ι
1435 1100 1671 1170 Spiritus
1703 1100 1815 1171 (51)
1853 1100 1995 1153 enim
2025 1115 2092 1154 ex

523 1210 612 1249 me
653 1192 842 1247 exibit.
872 1210 892 1244 3
939 1192 1004 1246 Et
1049 1192 1101 1245 in
1144 1190 1427 1246 Ezechiele
1462 1190 1759 1245 altissimus
1792 1190 1955 1246 Pater
1990 1206 2091 1246 no~

519 1295 693 1341 Struin
748 1285 964 1354 quidem
1019 1284 1306 1353 spiritum,
1363 1292 1524 1337 vocat
1574 1284 1742 1338 nostri
1800 1282 2089 1352 spiritum,

521 1378 783 1447 Spiritum
810 1391 939 1431 vero
973 1386 1240 1440 sanctum,
1275 1376 1356 1430 sui
1395 1376 1567 1445 ipsius
1595 1374 1871 1444 proprium
1913 1382 2091 1438 vocat,

518 1475 706 1533 utpote
741 1466 834 1533 qui
870 1481 936 1519 ex
970 1466 1083 1534 ipso
1129 1466 1393 1533 processit
1444 1465 1737 1519 secundum
1790 1450 2088 1518 naturam:

523 1574 545 1611 ι
592 1558 659 1611 Ει
701 1557 838 1609 dabo
870 1555 980 1626 (52)
1020 1556 1170 1609 vobis
1199 1570 1292 1608 eor
1320 1570 1538 1620 novum,
1585 1563 1640 1610 et
1688 1553 1950 1624 Spiritum
1990 1568 2089 1610 no-

517 1663 643 1700 vum
678 1664 694 1698 :
734 1655 789 1699 et
814 1648 1053 1701 auferam
1085 1661 1178 1699 cor
1211 1646 1477 1714 lapideum
1509 1661 1576 1700 ex
1606 1660 1771 1700 carne
1795 1656 1999 1710 vestra,
2039 1654 2094 1700 et

516 1738 655 1792 dabo
679 1737 827 1791 vobis
856 1753 951 1791 cor
999 1749 1253 1790 carneum
1286 1752 1301 1790 :
1338 1749 1391 1791 et
1438 1735 1699 1806 Spiritum
1740 1751 1918 1791 meum
1954 1736 2092 1791 dabo

515 1831 569 1883 in
594 1830 779 1893 vobis;
812 1847 832 1881 3
873 1838 927 1884 et
967 1829 1018 1883 in
1052 1828 1241 1884 Joele:
1279 1846 1299 1880 ι
1331 1826 1615 1882 Etiundam
1651 1826 1763 1900 (55)
1792 1827 1856 1882 de
1887 1826 2089 1896 Spiritu

2195 641 2303 695 ἀπὸ
2347 640 2441 693 τοῦ
2486 639 2613 692 Υῐοῦ
2640 656 2653 669 ·
2699 659 2715 688 ι
2741 637 2965 709 Πνεῦμα
2999 636 3203 707 Κυρίου
3247 637 3333 689 ἐπ’
3379 635 3532 706 ἐμέ.»
3574 636 3771 707 Ἐκπερ

2193 730 2459 802 περάνθαι
2487 730 2543 783 δὲ
2566 728 2741 782 ταῦτα
2766 730 2823 782 ἐν
2854 730 2920 799 τῇ
2951 727 3254 797 οἰκονομίᾳ,
3282 725 3558 787 Ματθαῖος
3595 724 3771 787 οὕτως

2193 819 2373 876 εἶπεν·
2410 839 2428 872 ι
2458 820 2647 883 ’Ὀπως
2692 817 2953 889 πληρωθῇ
2996 815 3059 869 τὺ
3097 815 3260 887 ῥηθὲν
3290 814 3381 868 διὰ
3413 814 3633 867 Ἡσαΐου
3674 808 3771 867 τοῦ

2192 913 2498 983 προφήτου,
2541 908 2792 976 λέγοντος
2812 922 2826 938 ⁸
2863 906 2994 959 Ἰδοὺ
3028 908 3059 960 ό
3089 908 3215 968 παῖς
3259 921 3382 975 μου,
3412 903 3471 957 ὃν
3520 904 3769 975 ᾑρέτισα,

2191 1006 2221 1057 ό
2266 1001 2549 1072 ἀγαπητός
2599 1016 2735 1071 μου,
2783 1001 2864 1062 είς
2903 998 2963 1051 δν
3012 997 3303 1067 εὐδόκησεν
3350 997 3385 1065 ἡ
3435 995 3577 1065 ψυχή
3632 1013 3766 1066 μου·

2193 1094 2343 1166 θήσω
2372 1093 2434 1146 τὸ
2476 1090 2704 1161 Πνεῦμα
2749 1106 2849 1160 μου
2896 1089 2983 1142 ἐπ’
3033 1088 3228 1142 αὐτόν’
3260 1105 3280 1139 3
3321 1087 3412 1141 καὶ
3468 1086 3630 1140 πάλιν
3663 1086 3774 1139 ἀπὸ

2192 1185 2286 1239 τοῦ
2327 1186 2575 1256 Πατρός·
2610 1203 2628 1235 ι
2657 1184 2883 1253 Πνεῦμα
2926 1180 3036 1252 γὰρ
3068 1179 3128 1247 ἐξ
3172 1178 3308 1285 ἐμοῦ
3359 1177 3719 1285 ἐξελεύσετμι.
3748 1197 3766 1228 3
3815 1186 3829 1285 ί

2193 1274 2303 1329 Καὶ
2341 1277 2398 1328 ἐν
2431 1273 2509 1343 τῷ
2544 1272 2804 1344 Ἰεζεκιὴλ
2837 1274 2867 1325 ό
2896 1270 3121 1340 ὕψιστος
3162 1268 3375 1339 Πατὴρ,
3407 1268 3469 1320 τὸ
3507 1267 3605 1337 μὲν
3637 1268 3774 1336 ήμέι

2190 1383 2346 1436 τερον
2389 1364 2624 1434 πνεῦμα,
2656 1363 2814 1434 ήμῶν
2849 1359 3067 1430 πνεῦμα
3091 1376 3105 1390 ·
3146 1358 3208 1412 τὸ
3240 1359 3298 1412 δὲ
3334 1358 3487 1425 ἆγιον
3520 1356 3767 1427 Πνεῦμα,

2194 1457 2325 1510 ἴδιον
2362 1454 2556 1509 ἐαυτοῦ
2605 1453 2942 1525 ἐξονομάζει,
2986 1452 3082 1508 ἆτε
3112 1450 3173 1515 ἐξ
3220 1449 3385 1504 αὐτοῦ
3441 1449 3774 1520 ἐκπορευθὲν

2193 1547 2334 1602 κατὰ
2366 1546 2556 1616 φύσιν
2599 1564 2617 1597 ι
2646 1545 2757 1599 Καὶ
2790 1543 2946 1597 δώσω
2974 1543 3102 1614 ὑμῖν
3134 1540 3363 1613 καρδίαν
3411 1542 3627 1610 καινήν,
3675 1541 3772 1594 καὶ

2193 1638 2408 1708 πνεῦμα
2435 1636 2618 1690 καινόν
2637 1653 2649 1666 ·
2689 1636 2783 1689 καὶ
2810 1634 2995 1703 ἀφελῶ
3027 1632 3124 1705 τὴν
3173 1632 3399 1703 καρδίαν
3436 1631 3535 1701 τὴν
3567 1631 3773 1702 λιθινὴν

2193 1732 2258 1783 ἐκ
2284 1730 2385 1800 τῆς
2426 1728 2628 1800 σαρκὸς
2671 1727 2849 1797 ὑμῶν,
2886 1727 2979 1780 καὶ
3017 1725 3174 1779 δώσω
3203 1725 3332 1794 ὑμῖν
3362 1723 3590 1794 καρδίαν
3636 1740 3772 1793 σαρ-

2194 1820 2373 1891 κίνην,
2412 1820 2506 1871 καὶ
2537 1818 2600 1871 τὸ
2645 1816 2870 1887 Πνεῦμά
2907 1833 3011 1886 μου
3054 1814 3210 1868 δώσω
3240 1815 3299 1868 ἐν
3334 1814 3461 1885 ὑμῖν
3483 1830 3495 1842 ’
3523 1831 3540 1864 3
3579 1812 3674 1865 καὶ
3714 1812 3773 1862 ἐν

513 1934 636 1973 meo
676 1934 838 1987 super
881 1933 1096 1971 omnem
1128 1933 1372 1973 carnem.
1408 1935 1426 1970 3
1474 1916 1599 1972 Haec
1626 1932 1842 1986 quoque
1871 1917 2088 1985 impleta

2197 1911 2268 1983 τῷ
2307 1910 2494 1981 ἰωήλο
2540 1930 2559 1963 ι
2599 1908 2805 1979 Ἐκχεῶ
2853 1907 2961 1961 ἀπὸ
3013 1906 3106 1960 τοῦ
3162 1905 3480 1975 Πνεύματός
3533 1920 3634 1974 μου
3685 1903 3777 1955 ἐπὶ

513 2024 635 2064 esse
672 2009 889 2077 scripsit
913 2008 1112 2064 Paulus
1142 2010 1208 2062 ad
1236 2007 1457 2062 Titum:
1497 2026 1517 2059 ι
1559 2007 1786 2074 Quando
1831 2007 1945 2077 (54)
1991 2023 2087 2079 θρα

515 2101 697 2168 paruit
726 2096 896 2168 gratia
923 2100 1181 2155 salutaris
1211 2108 1415 2165 nostra,
1449 2114 1554 2153 non
1589 2115 1655 2154 ex
1686 2100 1940 2166 operibus
1970 2112 2090 2169 quae

515 2193 747 2246 fecimus
776 2206 900 2254 nos,
933 2191 1027 2245 sed
1070 2190 1367 2245 secundum
1407 2188 1630 2243 multam
1672 2189 1842 2259 ipsius
1874 2187 2090 2243 miseri-

511 2281 756 2336 cordiam
789 2280 1156 2349 regenerando
1202 2293 1300 2332 nos
1345 2292 1441 2346 per
1484 2277 1758 2332 lavacrum
1805 2290 2093 2346 regenera-

516 2372 682 2426 tionis
717 2380 771 2425 et
816 2370 1189 2423 renovationis
1223 2368 1459 2437 Spiritus
1488 2368 1688 2431 sancti,
1718 2381 1877 2436 quem
1906 2365 2095 2422 eﬂndit

513 2461 570 2515 in
604 2476 700 2515 nos
725 2460 937 2513 abunde
956 2474 1049 2530 per
1065 2458 1247 2513 Jcsum
1266 2460 1565 2513 Christum.
1589 2477 1607 2510 3
1629 2458 1982 2525 Quandonam
2006 2474 2095 2513 au-

516 2559 621 2604 tem
643 2566 662 2601 (
681 2547 907 2603 effudit?
934 2567 953 2600 3
976 2548 1190 2618 quando
1211 2547 1461 2603 Christus
1490 2547 1766 2603 insnﬂlans
1784 2548 1979 2602 dixitzt
2000 2549 2101 2603 Ac-

510 2640 676 2710 cipite
702 2638 964 2713 Spiritum
997 2648 1264 2693 sanctum.
1292 2656 1312 2691 3
1340 2637 1509 2694 Recte
1534 2649 1715 2694 autem
1740 2639 1976 2707 positum
2013 2650 2098 2694 est

511 2732 662 2796 illud,
685 2749 703 2783 ι
743 2732 965 2787 effudit:
994 2750 1011 2782 3
1044 2728 1234 2785 eﬂ‘ndit
1257 2730 1465 2786 scilicet
1484 2746 1606 2786 eum
1626 2731 1793 2786 veluti
1822 2746 2097 2802 aquamex

511 2823 628 2891 ipso
646 2822 1186 2878 consubstantialiter
1220 2822 1624 2892 procedentem,
1652 2830 1714 2876 et
1754 2831 1815 2875 ut
1858 2822 2097 2876 divinum

519 2922 870 2980 unguentum,
894 2910 1051 2979 117
1078 2910 1535 2978 quemadmodum
1568 2918 1868 2977 opportune
1891 2923 1920 2963 a
1942 2908 2098 2962 nobis

511 3004 565 3058 in
598 3006 728 3057 locis
769 3002 1215 3056 convenientibus
1250 3000 1585 3055 ostendetur.
1616 2999 1783 3054 Recte
1807 2999 1971 3053 etiam
2023 2999 2101 3053 di-

511 3103 657 3147 ctmn
712 3102 836 3155 est,
898 3109 918 3141 ι
950 3091 1126 3159 Super
1185 3103 1400 3143 omnem
1465 3103 1725 3143 carnem:
1767 3106 1787 3140 3
1837 3088 2104 3158 quadranl

510 3185 653 3236 enim
705 3180 1008 3249 hujusmodi
1061 3194 1223 3233 voces
1256 3180 1309 3233 in
1358 3186 1562 3233 sancta:
1595 3177 1878 3232 Trinitatis
1919 3191 2103 3232 essen-

2191 2004 2367 2057 πᾶσαν
2386 2001 2584 2071 σάρκα.
2614 2020 2632 2052 ›
2651 1999 2760 2052 Καὶ
2786 1998 2958 2053 ταῦτα
2985 1996 3294 2051 τετελέσθαι
3312 1995 3523 2058 Παῦλος
3539 1992 3775 2066 ἔγραψεν

2189 2095 2362 2164 Τίτῳ·
2398 2112 2416 2145 ι
2446 2093 2577 2145 Ὅτε
2604 2090 2901 2161 ἐπεφάνηή
2934 2088 3090 2160 χάρις
3114 2088 3148 2158 ἡ
3177 2087 3440 2157 σωτήριος
3466 2085 3645 2157 ἡμῶν,
3677 2085 3777 2137 οὐκ

2191 2185 2249 2252 ἐξ
2276 2185 2453 2255 ἔργων
2473 2224 2488 2248 ,
2522 2176 2598 2236 ὧν
2627 2182 2961 2252 ἐποιήσαμεν
2994 2181 3174 2250 ἡμεῖς,
3204 2176 3340 2231 ἀλλὰ
3384 2176 3526 2229 κατὰ
3552 2176 3614 2229 τὸ
3641 2175 3775 2226 πολὺ

2191 2254 2360 2329 αὐτοῦ
2403 2274 2552 2337 ἔλεος
2595 2254 2965 2342 ἀναγεννήσας
2998 2271 3145 2342 ἡμᾶς
3176 2267 3268 2321 διὰ
3312 2266 3538 2338 λουτροῦ
3580 2265 3775 2332 παλιγ-

2192 2369 2467 2438 γενεσίας,
2520 2368 2614 2420 καὶ
2667 2364 3082 2427 ἀνακαινώσεως
3130 2363 3446 2433 Πνεύματος
3501 2361 3678 2429 ἁγίου,
3714 2355 3775 2415 οῦ

2194 2461 2410 2530 ἐξέχεεν
2435 2460 2519 2527 ἐφ’
2536 2459 2685 2529 ἡμᾶς
2709 2456 2979 2519 πλουσίως
3002 2454 3093 2509 διὰ
3122 2453 3295 2524 Ἰησοῦ
3318 2451 3611 2524 Χριστοῦ.»
3638 2451 3776 2504 Πότε

2194 2552 2252 2605 δὲ
2268 2551 2509 2621 ἐξέχεενς
2534 2550 2661 2603 Ὅτε
2684 2549 2712 2601 ὁ
2732 2547 2962 2619 Χριστὸς
2984 2544 3265 2617 ἐμφυσῶν,
3286 2544 3472 2612 ἔλεγεν
3487 2560 3499 2572 ·
3523 2561 3542 2595 ι
3570 2541 3775 2595 Λάϐετε

2197 2642 2420 2713 Πνεῦμα
2447 2641 2620 2711 ἆγιον.
2658 2659 2677 2693 3
2699 2634 2774 2694 Εὖ
2802 2639 2859 2693 δέ
2891 2640 2983 2693 καὶ
3014 2637 3097 2701 τὸ,
3120 2636 3382 2705 ἐξέχεεν,
3420 2633 3515 2689 an
3548 2634 3690 2705 ὕδωρ
3717 2632 3777 2697 ἐξ

2198 2733 2361 2788 αὐτοῦ
2391 2731 2691 2803 όμοουσίως
2716 2728 3067 2802 ἐκπορευθὲν,
3089 2728 3182 2781 καὶ
3208 2725 3278 2799 μύ
3288 2744 3376 2798 ρον
3396 2725 3577 2779 θεῖκδν
3597 2767 3611 2789 ,
3633 2723 3775 2779 καθὰ

2210 2823 2484 2894 εὐκαίρως
2529 2826 2586 2876 ἐν
2640 2825 2755 2886 τοῖς
2818 2820 3148 2893 ἁρμόζουσιν
3203 2817 3391 2882 τόποις
3436 2817 3777 2888 δειχθήσεται

2201 2912 2337 2983 πρὸς
2373 2912 2561 2983 ήμῶνο
2597 2913 2692 2966 καὶ
2723 2913 2806 2976 τὸ,
2846 2930 2865 2964 ι
2908 2912 3031 2966 Ἐπὶ
3064 2913 3243 2965 πᾶσαν
3277 2911 3474 2983 σάρκα.
3515 2927 3534 2961 3
3575 2912 3638 2962 Ai
3669 2908 3777 2980 γὰρ

2201 3003 2376 3067 λέξεις
2414 2996 2596 3065 αὗται,
2633 3003 2729 3056 ἐπὶ
2753 3004 2852 3075 τῆς
2884 3004 2941 3056 ἐν
2968 3003 3129 3075 ὁμάδι
3163 3002 3434 3073 μεθεκτῆς
3465 3001 3651 3064 οὐσίας
3678 3002 3776 3070 τῆς

2202 3095 2363 3163 ἁγίας
2422 3094 2652 3166 Τριάδος
2701 3095 3061 3166 ἁρμόζουσιν,
3117 3094 3233 3149 ἀλλ’
3265 3096 3366 3148 οὐκ
3416 3094 3507 3147 ἐπὶ
3557 3094 3778 3163 κτιστῆς

2203 3185 2511 3256 ἀμεθέκτου
2580 3185 2805 3256 λογικῆς
2849 3186 3080 3255 φύσεως.
3130 3187 3204 3239 υύ
3253 3187 3362 3257 γάρ
3404 3203 3507 3239 που
3564 3184 3680 3257 [£2
3707 3182 3774 3255 ὁ]

514 3274 662 3338 tiam,
687 3286 806 3340 qua
842 3271 1078 3324 essentia
1127 3279 1236 3321 tota
1279 3266 1439 3322 simul
1474 3267 1587 3337 (55)
1632 3264 2095 3320 communicabilis

2198 3278 2434 3348 ἐγράφη.
2464 3276 2588 3331 οὐτε
2623 3278 2804 3347 λέγειν
2845 3278 3121 3343 πειθανδν,
3169 3279 3377 3350 Ἐκχεῶ
3406 3264 3513 3333 ἀπὸ
3545 3278 3638 3332 τοῦ
3670 3279 3771 3348 ἀρα

511 3374 630 3428 est;
690 3374 745 3416 at
793 3371 988 3415 creatae
1038 3357 1535 3415 incommunicabili
1585 3357 1837 3411 rationali
1890 3366 2096 3409 natura:

514 3469 618 3506 non
648 3452 975 3507 conveniunt
1006 3468 1020 3504 :
1052 3464 1317 3518 nusquam
1346 3449 1492 3503 enim
1543 3448 1807 3515 scriptum
1854 3456 1959 3510 est,
1997 3461 2094 3499 ne—

512 3561 619 3615 que
674 3543 951 3612 probabile
997 3544 1139 3597 dictu
1191 3551 1310 3607 est,
1358 3558 1377 3592 ι
1412 3538 1697 3593 Effundam
1749 3539 1816 3593 de
1859 3539 2095 3592 areban-

512 3636 631 3707 gelo
661 3635 809 3705 (56);
842 3652 860 3686 3
921 3634 1084 3702 idque
1133 3646 1238 3687 non
1294 3631 1543 3686 absolute
1591 3629 1947 3692 enuntiatum,
2000 3628 2093 3683 sed

511 3743 632 3782 cum
672 3728 1063 3789 additamenta,
1113 3742 1133 3775 ι
1190 3738 1353 3792 super
1381 3737 1596 3777 onmem
1644 3736 1885 3776 carnem.
1920 3738 1938 3773 3
1990 3719 2096 3773 Da-

509 3818 600 3872 vid
642 3832 857 3888 quoqne
888 3817 1111 3886 supplex
1159 3817 1360 3871 clamat
1390 3836 1403 3871 :
1443 3834 1463 3868 ι
1494 3816 1757 3885 Spiritum
1791 3814 1905 3883 (57)
1945 3823 2093 3866 tuum

511 3919 754 3965 sanctum
782 3924 848 3964 ne
876 3908 1091 3964 auferas
1116 3924 1145 3963 a
1173 3925 1257 3964 me
1280 3926 1295 3975 ;
1321 3930 1339 3962 3
1367 3920 1419 3963 et
1441 3924 1662 3963 rursus:
1691 3924 1710 3957 ι
1734 3903 2095 3976 Spiritus(58)

514 4009 640 4055 tuus
683 4001 854 4055 bonus
894 4001 1123 4055 deducet
1174 4016 1257 4055 me
1311 4002 1361 4054 in
1418 4010 1561 4054 terra
1614 4007 1801 4061 recta;
1834 4016 1851 4048 3
1896 4005 1950 4050 et
1972 3994 2100 4048 Mat.

515 4092 686 4148 thaius
723 4108 790 4149 ex
843 4108 1071 4163 persona
1120 4091 1273 4146 Filii:
1310 4110 1328 4142 ι
1359 4091 1471 4144 Non
1512 4090 1656 4144 enim
1689 4088 1803 4159 (59)
1833 4103 1926 4143 vos
1963 4088 2117 4143 estis

588 4272 701 4343 (48)
740 4271 997 4343 Spiritus.
1039 4271 1143 4327 lsa.
1177 4286 1356 4343 LXILI.
1386 4269 1518 4343 \[ide
1545 4269 1706 4324 etiam
1744 4268 1876 4325 Luc.
1905 4285 1979 4337 tv,
2004 4271 2092 4328 18.

606 4344 697 4411 49)
735 4342 801 4396 Ut
868 4342 1058 4397 Matth.
1103 4357 1201 4406 xu,
1255 4341 1340 4411 l7,
1375 4340 1461 4411 l8.

606 4347 697 4411 49)
735 4347 801 4396 Ut
868 4347 1058 4397 Matth.
1103 4357 1201 4406 xu,
1255 4347 1461 4404 17,18.

584 4347 698 4485 i5tl)
742 4413 902 4485 Ecce.
938 4411 1241 4485 Hinchpital
1288 4410 1684 4485 Mat_th:eus_ex_
1728 4410 1831 4485 lsa.
1882 4425 2015 4472 Lxu,
2048 4426 2092 4475 ι,

514 4479 616 4538 etsi
647 4479 699 4535 in
735 4479 936 4534 ϐιαιως
968 4480 1150 4533 Bibliis
1176 4495 1316 4532 nunc
1346 4481 1524 4546 aliqua
1558 4480 1967 4537 sit.lacti0nnm
1995 4495 2090 4532 va-

2199 3367 2486 3437 χαγγέλου,
2515 3368 2607 3421 καὶ
2634 3367 2756 3421 οὐδέ
2780 3364 2952 3431 οὕτως
2971 3368 3408 3438 ἀπολελυμένως,
3432 3368 3565 3428 ἀλλ’,
3591 3387 3609 3419 ι
3657 3369 3778 3421 Ἐπὶ

2200 3458 2384 3510 πᾶσαν
2420 3457 2619 3528 σάκρα.
2660 3475 2678 3508 3
2716 3457 2828 3509 Καὶ
2866 3455 3028 3510 Δαυῒδ
3075 3457 3132 3509 δὲ
3182 3457 3440 3510 ἱκετεύων
3477 3458 3574 3528 βοᾷ
3596 3474 3609 3488 ·
3651 3476 3671 3509 r
3706 3457 3779 3509 rs

2201 3547 2430 3617 Πνεῦμα
2464 3564 2555 3599 σου
2591 3547 2652 3600 τὸ
2682 3547 2836 3614 ἅγιον
2868 3545 2942 3616 μὴ
2976 3545 3271 3617 ἀντανέλῃς
3302 3547 3397 3599 ἀπ’
3434 3548 3596 3617 ἐμοῦ·
3632 3567 3649 3598 3
3684 3546 3778 3600 καὶ

2201 3637 2364 3692 πάλιν
2391 3655 2403 3668 ·
2449 3656 2467 3688 ι
2518 3638 2591 3690 Τὸ
2638 3635 2864 3705 Πνεῦμα
2910 3653 3005 3689 σου
3062 3636 3122 3689 τὸ
3177 3635 3379 3704 ἀγαθὸν
3404 3636 3665 3707 ὁδηγήσει
3712 3652 3777 3705 με

2203 3730 2260 3781 ἐν
2276 3730 2344 3799 γῇ
2376 3728 2563 3799 εὐθείᾳ
2581 3743 2594 3756 ·
2635 3746 2653 3778 3
2681 3729 2771 3781 ml.
2793 3728 3070 3793 Ματθαῖος
3091 3728 3198 3782 ἀπὸ
3219 3728 3312 3782 τοῦ
3342 3728 3473 3781 Υἱοῦ
3495 3745 3507 3757 ·
3533 3748 3551 3779 ι
3581 3730 3654 3781 Οὐ
3671 3728 3779 3799 γὰρ

2205 3819 2364 3889 ὑμεῖς
2394 3822 2515 3872 ἐστε
2544 3818 2594 3872 οί
2622 3819 2929 3885 λαλοῦντες,
2958 3819 3094 3873 ἀλλὰ
3117 3820 3178 3873 τὸ
3202 3819 3427 3891 Πνεῦμα
3451 3820 3546 3873 τοῦ
3568 3819 3779 3890 Πατρός

2207 3926 2308 3980 μου
2339 3909 2400 3962 τδ
2430 3909 2624 3963 λαλοῦν
2655 3911 2712 3962 ἐν
2744 3910 2873 3979 ὑμῖν
2894 3926 2908 3939 ’
2951 3929 2968 3961 3
3004 3911 3032 3963 ὅ
3060 3913 3229 3975 ἐστιν,
3259 3912 3372 3982 Οὐχ
3400 3911 3557 3981 ὑμεῖς
3583 3912 3633 3964 oi
3663 3927 3779 3965 κτι-

2206 4001 2343 4064 στοὶ,
2379 4000 2514 4054 ἀλλὰ
2547 4000 2607 4055 τὸ
2635 4000 2891 4055 ἄκτιστον
2923 4001 3149 4073 Πνεῦμα
3176 4003 3270 4056 τοῦ
3296 4002 3452 4057 Θεοῦ.
3485 4002 3691 4073 Γράφει
3718 4002 3778 4055 δέ

2205 4091 2299 4145 καὶ
2324 4090 2556 4155 Παῦλος,
2584 4090 2720 4163 πρὸς
2749 4091 2849 4161 μὲν
2877 4092 3195 4164 Κορινθίους
3221 4095 3277 4147 ἐν
3301 4095 3367 4165 τῇ
3399 4093 3589 4167 πρώτῃ
3628 4093 3779 4146 Ἐπιο

2207 4271 2477 4344 ronensis.
2513 4273 2969 4344 tlpsumrquoqne
2992 4292 3010 4324 3
3048 4272 3324 4344 eﬂuﬁsionis
3367 4291 3387 4324 ι
3413 4287 3659 4344 nomen,3
3693 4275 3776 4327 in-

2201 4342 2337 4414 quit,
2373 4341 2699 4414 rint-reatam
2731 4341 2967 4414 Spiritus
2992 4343 3162 4414 sancti
3182 4343 3535 4414 substantiam
3566 4344 3774 4411 probat.

2200 4409 2387 4480 Neque
2437 4413 2581 4466 enim
2627 4409 2925 4468 lieus'cum
2963 4412 3210 4479 angelum
3247 4413 3430 4475 mittit,
3482 4409 3578 4467 aut
3620 4414 3777 4466 aliam

2201 4490 2528 4551 creaturam,
2560 4499 2579 4533 ι
2604 4482 2909 4548 Εσιιηόιιω,
2938 4500 2957 4533 3
2998 4482 3150 4545 dicit,
3175 4482 3240 4535 de
3288 4481 3476 4551 angelo
3513 4496 3649 4546 meo,
3689 4492 3782 4536 aut

517 4548 880 4642 rietas.nV'ide
915 4551 1007 4630 lib.
1044 4550 1118 4603 De
1150 4549 1242 4642 Si).
1281 4548 1319 4642 ξ
1363 4566 1548 4642 ιιιιιιιιἈ
1573 4566 1629 4642 n1.
1689 4549 1795 4604 Pro
1834 4550 2091 4620 ᾑρέτισα,
2126 4587 2170 4642 D
2201 4549 2534 4642 principally,
2576 4560 2670 4606 aut
2718 4552 2933 4642 tbpono,
2969 4560 3062 4605 aut
3106 4548 3509 4642 dominatione.
3540 4551 3596 4605 lu
3648 4553 3781 4605 solis

517 4623 688 4692 code;
718 4619 1136 4692 P_:35_sioneia_nus
1165 4620 1251 4669 hic
1292 4621 1485 4692 habet,
1511 4619 1772 4692 ᾑρέτισα.

587 4689 698 4759 (51)
742 4689 993 4759 Spiritus.
1026 4689 1128 4759 lsa.
1150 4703 1280 4753 Lvn,
1306 4687 1392 4741 16.
1430 4686 1572 4759 Vide
1598 4701 1708 4759 not.
1749 4689 1840 4751 50,
1873 4705 1993 4759 pag.
2022 4688 2084 4759 A7.

587 4757 700 4828 (52)
743 4758 815 4828 Et
841 4760 993 4828 dabo.
1032 4758 1227 4828 Egi-ch.
1255 4772 1441 4821 χχχιιι,
1466 4757 1535 4810 26
1565 4769 1619 4812 et
1647 4758 1740 4811 27.
1792 4757 1913 4823 Pro,
1950 4757 2089 4811 λιθι-

516 4826 634 4901 νήν,
665 4826 1040 4901 Ιιιεο-λιθίνην.
1067 4826 1443 4901 G_riec_a_editio
1478 4838 1606 4901 post
1636 4827 2090 4901 πνεῦμακαινόν,

518 4896 695 4967 addit,
722 4896 886 4950 δώσω
920 4896 979 4951 ἐν
1021 4898 1171 4967 ὑμῖν,
1218 4897 1267 4949 itl
1308 4907 1407 4967 est,
1447 4896 1489 4947 «⁷
1525 4898 1662 4952 dabo
1691 4900 1742 4952 ill
1780 4896 1961 4954 vobis.
1996 4917 2015 4949 3

596 4966 705 5034 (55)
750 4967 1055 5034 ΙζῙῙιιηιίηηι.
1080 4967 1215 5019 Juel.
1257 4981 1313 5030 ll,
1347 4966 1437 5019 ‘28.

590 5037 699 5106 (ῖιιί)
744 5037 988 5101 Quando.
1021 5035 1126 5090 Tit.
1182 5052 1265 5099 Ill,
1310 5036 1423 5090 4-6.
1465 5035 1913 5106 Sensumgpotins
1958 5036 2089 5090 alle-

518 5104 628 5176 gat,
678 5104 838 5175 Quam
893 5106 1256 5176 verbaipsa,
1317 5118 1373 5176 ut
1414 5116 1538 5160 sunt
1598 5109 1649 5158 in
1705 5104 2095 5176 Bibliis.‘Vide

518 5174 799 5299 fﬁﬁﬂhil‘
844 5192 896 5239 α,
937 5185 990 5229 et
1032 5174 1101 5230 69
1128 5176 1179 5239 b,
1222 5182 1278 5228 cl.
1320 5175 1420 5230 116
1464 5192 1518 5239 a,
1548 5184 1600 5230 et
1647 5176 1741 5229 lib.
1779 5175 1856 5229 De
1905 5174 2000 5243 Sp.
2030 5174 2090 5230 S.

519 5262 666 5299 Illllll.
700 5262 786 5299 ‘IZ.

589 5314 701 5383 (55)
740 5312 872 5366 Τοια
914 5313 1090 5384 simul.
1122 5313 1175 5367 In
1219 5312 1431 5376 Graece.
1462 5316 1521 5369 ἐν
1575 5312 1947 5384 ὁμάδι.ννοοῑε
1971 5328 2091 5382 por-
2140 5332 2149 5337 ’

523 5398 603 5443 ro.
659 5384 815 5454 ὑμᾶς,
871 5383 1072 5454 nullum
1126 5384 1178 5437 in
1236 5385 1547 5453 vulgaribus
1601 5383 1812 5454 Erexit-is
1874 5383 2096 5437 affertur

518 5452 841 5523 cretnplum.
866 5453 1010 5506 Inter
1039 5467 1198 5523 opera
1248 5452 1910 5523 Maneti,seujlanii-lnno
1943 5455 2096 5505 attri-

520 5519 647 5573 buta
697 5532 1011 5592 numeratur
1050 5519 1349 5592 ἐπιστολῶν
1392 5522 1550 5592 ὁμάς.
1597 5521 1922 5587 Theophilus
1971 5538 2098 5592 vero

520 5599 831 5661 antecessor
855 5590 950 5661 lib.
989 5607 1024 5645 ιι
1051 5590 1475 5651 Ιηειὶιιιιίοηιιήι,
1511 5594 1589 5645 ιιι.
1629 5592 1681 5655 1,
1720 5594 1907 5647 scribit
1941 5612 1953 5645 :
1984 5591 2096 5661 Τῆς

517 5657 578 5713 δὲ
606 5661 822 5729 ipsa”,
853 5660 971 5729 ἦτοι
1000 5663 1368 5715 univcrsitatis
1394 5661 1555 5725 εἰσίν,
1588 5672 1683 5713 etc.

596 5727 705 5795 (50)
744 5729 815 5781 De
838 5727 1169 5798 archangelo.
1213 5732 1515 5795 Sitnillima,
1547 5742 1595 5782 et
1625 5731 1854 5784 maxime
1882 5728 2095 5797 gemina

522 5798 817 5869 dictaverat
852 5799 1102 5869 Didymus
1135 5803 1186 5853 in
1220 5802 1357 5855 libro
1393 5801 1469 5855 De
1510 5802 1709 5866 Spiritu
1744 5811 1922 5852 sancto
1971 5814 2093 5869 cum

522 5883 672 5922 nam.
707 5866 760 5934 8,
798 5880 905 5922 tum
942 5866 1174 5923 niaxime
1221 5886 1365 5924 num.
1407 5873 1492 5935 11,
1521 5887 1639 5941 pag.
1677 5871 1800 5935 119,
1823 5869 1951 5925 edit.
1990 5866 2094 5923 Ve-

2198 4612 2397 4689 quippé
2438 4612 2542 4685 his,
2587 4635 2706 4689 quae
2748 4612 2817 4676 ab
2851 4612 2956 4676 alio
2998 4620 3411 4688 participantur,
3459 4619 3548 4675 hic
3601 4635 3781 4675 sermo

2194 4690 2484 4758 cotisentit.
2510 4708 2529 4742 3
2580 4689 2801 4755 Confer,
2854 4692 2898 4745 si
2940 4690 3138 4758 placet,
3183 4691 3340 4745 ambo
3383 4691 3499 4744 haec
3547 4690 3684 4756 loca,
3727 4700 3783 4745 et

2196 4755 2482 4828 Didymum
2524 4774 2651 4831 vere
2693 4755 2998 4831 Didymum.
3035 4759 3087 4814 id
3117 4755 3198 4814 est
3241 4760 3536 4831 geminum,
3561 4776 3623 4813 ac
3661 4755 3781 4815 Sese

2197 4840 2336 4894 pene
2375 4829 2772 4900 exscribentem
2800 4829 2907 4883 ‘bic
2941 4844 3217 4900 agnosces.
3253 4830 3402 4895 Quod
3432 4829 3473 4900 si
3505 4844 3615 4900 rem
3642 4843 3781 4897 quo-

2199 4908 2305 4962 que
2338 4898 2547 4953 minimi
2573 4900 2828 4952 momenti
2866 4898 3125 4953 adnbtare
3184 4899 3331 4960 licet,
3380 4898 3782 4952 animadvertas

2204 4965 2384 5038 velim,
2413 4967 2864 5038 quemadmodum
2910 4970 2996 5023 hic
3025 4968 3101 5021 ait
3138 4968 3417 5038 Didymus,
3443 4964 3569 5019 οὔτε
3600 4966 3781 5035 λέγειν

2196 5033 2479 5105 πειθανόν,
2515 5039 2588 5092 ita
2623 5037 2695 5091 ibi
2738 5047 2859 5105 post
2893 5033 3255 5101 vocabultnn,'
3278 5057 3295 5088 ι
3325 5033 3724 5101 Dnnunatione,
3756 5056 3774 5088 3

2197 5103 2543 5172 iniTolosano
2569 5122 2666 5161 ms.
2693 5103 2903 5172 codice,
2931 5119 2985 5160 et
3010 5107 3287 5172 Vaticano,
3312 5116 3367 5159 et
3393 5114 3580 5160 nostro
3610 5108 3731 5160 addi
3762 5124 3777 5161 :

2202 5189 2221 5222 ι
2247 5171 2571 5238 Incredibili,
2594 5178 2721 5241 imo,
2759 5176 2933 5230 fallaci
2957 5177 3252 5230 istiusmodi
3276 5171 3449 5229 dicto.
3475 5194 3494 5226 3

2269 5242 2383 5316 (5'1)
2414 5243 2877 5316 S;3irititm.APsal.
2920 5262 2972 5310 ι,
3025 5260 3167 5300 vers.
3217 5246 3285 5298 12
3327 5242 3782 5316 (seu,__l?3).AYide

2197 5309 2291 5365 lib.
2337 5309 2543 5383 Didjmi
2585 5314 2661 5368 De
2695 5313 2896 5383 Spiritu
2928 5309 3131 5379 sancto,
3168 5331 3313 5370 num.
3334 5309 3401 5372 ’2.
3438 5313 3507 5367 55
3532 5309 3585 5383 et
3618 5314 3706 5370 19.

2272 5382 2387 5452 (58)
2422 5382 2674 5445 Spiritus.
2715 5382 2859 5440 PSal.
2884 5400 3051 5450 exul,
3083 5400 3223 5440 vers.
3258 5385 3325 5439 12
3351 5386 3466 5452 (seu
3495 5382 3607 5439 lOl.

2274 5453 2385 5522 (59)
2444 5453 2567 5508 Non
2600 5456 2759 5509 enim.
2812 5455 3003 5510 Matth.
3058 5470 3134 5520 ι,
3181 5455 3271 5510 90.
3316 5453 3487 5507 Biblia
3543 5454 3779 5519 habent,

2198 5523 2375 5593 ὑμῶν,
2430 5525 2480 5577 id
2530 5534 2631 5590 cst,
2685 5527 2914 5595 «vestri,
2939 5545 2957 5577 3
2992 5541 3108 5594 pro,
3139 5543 3157 5576 ι
3186 5526 3309 5579 mei.
3335 5544 3355 5577 3
3399 5522 3781 5595 At_Didytnus

2198 5591 2582 5666 segm._cti:_nn
2621 5594 2733 5666 148
2764 5597 2815 5661 b,
2871 5591 3030 5650 habet
3072 5612 3199 5666 μου,
3226 5611 3319 5650 seu
3359 5591 3527 5666 tmei.
3558 5610 3578 5644 3
3608 5591 3687 5666 _At
3726 5595 3780 5666 in

2200 5661 2450 5735 libroDe
2482 5663 2686 5730 Spiritu
2733 5676 2937 5730 sancto,
2982 5661 3129 5719 num.
3163 5666 3248 5731 i9,
3286 5665 3527 5735 legitur_:
3560 5678 3579 5713 t
3607 5664 3784 5719 Patris

2199 5732 2402 5796 vestri;
2434 5750 2451 5781 3
2488 5749 2795 5801 quanquam
2839 5736 2907 5789 ibi
2970 5736 3137 5789 codex
3191 5730 3374 5790 ueste}
3421 5730 3639 5788 ’calamo
3686 5748 3786 5789 ex-

2200 5808 2386 5875 aratos
2422 5802 2582 5857 habet
2612 5821 2625 5856 :
2655 5800 2674 5854 ι
2709 5803 2811 5859 Sed
2846 5805 3077 5874 Spiritus
3118 5804 3292 5861 Patris
3318 5801 3409 5875 qui
3462 5800 3701 5870 loquitur
3728 5804 3781 5857 in
3872 5838 3875 5841 ν

2200 5868 2370 5924 vobis.
2394 5885 2417 5922 3
