4146 6420
477 394 580 447 31ἰὸ

1708 389 1939 444 DlDYMl
1976 390 2446 445 ALEXANDRlNl

477 522 595 561 rtnn
629 504 862 566 vocavit,
890 503 937 557 id
955 513 1059 563 est,
1081 518 1298 555 servum
1323 501 1606 567 ;lsraelem
1634 519 1760 558 vero
1784 505 2051 574 primoge—

2154 505 2406 574 εἰρῆσοαι
2444 505 2567 557 Υίδν
2592 547 2603 562 .
2637 502 2729 558 καὶ
2767 507 3064 578 Μονογενῆ,
3096 509 3188 560 καὶ
3220 507 3390 575 Λόγον
3430 508 3519 560 τοῦ
3553 509 3724 573 Θεοῦ,

474 599 665 659 nitmn,
695 596 888 665 quippe
904 595 994 663 qui
1015 594 1187 664 ipsmn
1211 595 1438 649 adorare
1465 595 1694 664 primum
1722 595 1886 663 cmpit
1913 596 2046 665 (80),

471 697 526 742 et
580 695 818 756 spectata
880 700 1001 739 cum
1062 700 1157 738 sua
1215 685 1266 738 in
1333 684 1502 756 Deum
1562 683 1884 751 affectione,
1939 694 2050 739 tum

473 783 566 839 Dei
625 783 792 852 ipsius
841 795 968 836 cura
1023 789 1075 836 el
1133 781 1531 846 sollicitudine,
1573 781 1692 838 loco
1745 783 1838 836 ﬁlii
1908 791 2047 837 erat.

474 875 658 943 Itaque
697 887 820 938 vos,
857 888 874 922 ι
903 886 1084 938 meus,
1113 889 1131 922 ι
1166 872 1232 926 de
1255 887 1384 926 vero
1414 871 1633 942 quidem
1679 872 1817 927 Filio
1841 915 1858 937 ,
1891 884 1945 927 et
1986 874 2053 928 de

473 979 603 1018 vero
648 962 854 1034 Spiritu
907 964 1050 1018 dicta
1099 979 1128 1016 a
1160 963 1295 1030 Deo,
1353 965 1736 1035 proprietatem
1773 965 1884 1036 (8|)
1921 981 2052 1019 con-

471 1057 912 1126 junctiouemquc
966 1055 1236 1125 signiﬁcat
1289 1066 1530 1123 naturae;
1585 1058 1651 1110 de
1702 1057 1823 1112 aliis
1871 1067 2049 1111 autem

433 1213 440 1222 ν
474 1149 726 1202 omnibus
763 1162 882 1202 cum
909 1146 1129 1213 dicitur,
1157 1147 1397 1214 denotat,
1429 1162 1524 1203 eos
1552 1155 1757 1201 attenta
1808 1147 2053 1201 domina-

477 1241 640 1297 tionis
689 1249 782 1294 ant
837 1239 956 1295 ﬁdei
1013 1241 1225 1294 ratione
1258 1239 1326 1294 ab
1359 1240 1475 1310 ipso
1525 1239 1761 1294 differre.
1824 1243 1902 1292 lta
1957 1253 2052 1294 nus

482 1346 701 1402 quoque
733 1331 912 1386 dicere
951 1332 1331 1386 consuevimus
1375 1347 1481 1387 non
1511 1332 1671 1386 modo
1700 1332 1765 1386 de
1818 1331 1903 1396 iis,
1935 1346 2052 1399 quae

475 1422 631 1478 nobis
659 1431 786 1477 sunt
814 1421 1330 1486 consubstantialia,
1369 1440 1387 1473 ι
1433 1421 1574 1476 lilius
1603 1437 1755 1476 meus
1776 1463 1791 1487 ,
1830 1422 2052 1490 spiritus

474 1528 627 1567 meus
651 1531 666 1579 ;
706 1531 724 1564 ι
752 1513 844 1568 sed
878 1523 931 1566 et
951 1512 1020 1567 de
1047 1513 1189 1579 aliis,
1218 1531 1236 1563 ι
1281 1501 1408 1581 ager
1434 1528 1603 1577 meus,
1632 1528 1804 1580 equus
1829 1528 1998 1575 mens,
2027 1533 2045 1564 ι

475 1601 583 1652 imo
617 1600 803 1664 etiam,
837 1616 855 1650 ι
882 1599 1020 1653 Deus
1043 1613 1212 1653 meus.
1253 1615 1272 1649 ι
1318 1599 1448 1652 Nam
1478 1600 1935 1669 quemadmodum
1972 1602 2053 1654 di-

465 1689 610 1744 vinae
646 1698 854 1743 natura:
888 1687 1190 1743 subsistens
1241 1686 1471 1744 Verbum
1503 1702 1569 1743 ex
1622 1689 1899 1759 hypostasi
1955 1688 2050 1744 Dei

475 1779 712 1850 genitum
737 1792 858 1832 esse
889 1777 1194 1832 ostenditur
1226 1792 1330 1832 non
1365 1778 1682 1846 simpliciter
1709 1789 1762 1832 et
1806 1779 2050 1834 absolute

2155 595 2247 648 καὶ
2296 596 2551 666 Χριστὸν,
2601 596 2839 649 δείκνυσι
2884 598 3212 668 γεγενῆσθαι
3256 601 3319 651 ὲκ
3348 599 3446 669 τῆς
3487 600 3726 653 ὑποστά-

2155 703 2290 748 σεως
2317 686 2412 738 τοῦ
2453 686 2609 748 Θεοῦ,
2641 686 2776 740 ἀλλὰ
2802 687 2864 741 τὸ
2910 688 3056 759 ἔχειν
3089 689 3439 760 συνημμένην
3469 689 3566 760 τὴν
3601 690 3728 742 συλ-

2151 774 2319 846 λαϐὴν
2351 776 2443 828 τοῦ
2477 795 2494 826 ι
2535 795 2636 848 μου
2671 797 2688 828 ι
2726 779 2820 830 καὶ
2852 797 2870 829 ι
2912 797 3004 833 σου
3037 799 3055 831 ι
3094 782 3111 850 (
3131 781 3205 843 ὡς
3229 782 3391 851 ἡνίκα
3413 783 3441 833 ὁ
3473 782 3569 850 μὲν
3596 781 3726 844 Θεὸς

2152 867 2284 938 λέγῃ
2309 886 2321 899 ·
2363 887 2380 919 ι
2422 864 2591 931 Οὗτός
2626 870 2771 922 ἐστιν
2799 873 2827 923 6
2860 870 2987 934 Υίὸς
3021 888 3124 941 μου
3161 872 3188 922 ὁ
3218 872 3529 942 ἀγαπητός·
3571 892 3589 924 ι
3632 872 3727 924 καὶ

2154 961 2314 1014 πάλιν
2337 977 2349 989 ο
2390 979 2406 1010 ι
2431 961 2506 1013 ·”υ
2537 961 2692 1029 λόγος
2725 978 2824 1033 μου
2847 965 2877 1016 ὁ
2898 962 3131 1032 ἀγαθός·
3168 982 3186 1015 ι
3221 964 3334 1031 καὶ,
3362 983 3380 1014 ι
3428 965 3727 1033 Ἠτοίμασα

2151 1047 2344 1119 λύχνον
2375 1049 2453 1120 τῷ
2486 1051 2708 1121 Χριστῷ
2755 1069 2855 1121 μου
2877 1069 2889 1080 ·
2937 1071 2956 1102 ι
2998 1053 3158 1122 ἡμεῖς
3189 1051 3246 1104 δὲ
3280 1051 3723 1123 ἀνευφημοῦμεν,

2165 1141 2222 1194 '0
2274 1141 2402 1204 Υἱός
2450 1159 2578 1195 σου·
2631 1147 2659 1196 6
2707 1145 3016 1215 Μονογενής
3062 1160 3184 1197 σου·
3221 1146 3249 1196 6
3294 1145 3524 1217 Χριστός
3565 1146 3723 1216 σου)·

2153 1234 2276 1288 οὐδέ
2310 1251 2372 1302 γε
2410 1235 2515 1305 μὴν
2550 1235 2612 1287 τὸ
2644 1235 2948 1305 ὁμωνύμως
2980 1237 3012 1305 ἢ
3052 1237 3379 1307 συνωνύμως
3414 1239 3540 1307 περὶ
3571 1239 3726 1308 ἡμῶν

2153 1323 2504 1394 γεγράφθαι,
2549 1343 2567 1376 ι
2609 1325 2728 1378 Υἱοὶ
2768 1325 3108 1396 ἀνθρώπων,
3144 1328 3248 1389 ἕως
3281 1327 3410 1380 πότε
3452 1328 3727 1400 βαρυκάρ-

2154 1417 2292 1481 διοι;
2333 1436 2353 1468 ι
2387 1416 2596 1482 ὲξέλκει
2629 1419 2718 1471 τὸν
2751 1418 2878 1471 Υἰὸν
2929 1418 3022 1471 τοῦ
3069 1419 3216 1472 θεοῦ
3249 1421 3284 1489 ἡ
3311 1422 3593 1490 ὁμωνυμία
3628 1424 3727 1492 τῆς

2153 1505 2406 1576 θεότητος
2425 1524 2438 1538 ·
2468 1506 2610 1560 οὕτω
2643 1508 2702 1560 τὸ
2729 1507 2881 1574 ἆγιον
2916 1507 3157 1577 Πνεῦμα,
3190 1508 3250 1559 οὐ
3280 1507 3340 1560 τὸ
3371 1508 3555 1570 ἁπλῶς
3585 1511 3730 1579 εἰρῆ-

2155 1593 2280 1648 σθαι
2317 1595 2571 1667 Πνεῦμα,
2604 1596 2740 1648 ἀλλὰ
2776 1596 2836 1648 τὸ
2873 1596 3140 1666 συνῆφθαι
3174 1595 3250 1664 τῷ
3285 1597 3506 1666 ὀνόματι
3529 1638 3542 1662 ,
3579 1596 3612 1668 ἢ
3652 1597 3726 1660 ὡς

2155 1687 2262 1740 ἀπὸ
2291 1686 2383 1740 τοῦ
2414 1686 2547 1740 Θεοῦ
2599 1688 2658 1740 τὸ
2692 1708 2710 1738 ι
2744 1705 2866 1757 μου,
2907 1706 2924 1738 ι
2961 1689 2993 1758 ἢ
3028 1687 3102 1750 ὡς
3137 1686 3243 1740 ἀπὸ
3273 1688 3371 1757 τῆς
3401 1689 3628 1750 κτίσεως
3667 1688 3730 1740 τὸ

2160 1796 2177 1829 ι
2217 1796 2348 1841 σου,
2404 1798 2422 1830 ι
2460 1780 2492 1849 ἢ
2542 1779 2634 1832 καὶ
2680 1779 2777 1849 τὴν
2835 1799 2852 1830 ι
2887 1779 3062 1846 ἅγιος.
3096 1777 3178 1848 »ἢ
3231 1796 3250 1828 ι
3294 1778 3586 1848 ἄφθαρτος,
3623 1796 3640 1828 ι
3691 1775 3724 1845 ἥ

478 1887 542 1925 ex
574 1885 638 1925 eo
661 1870 803 1940 quod
838 1869 1144 1924 nominetur
1164 1869 1355 1933 Filius,
1381 1877 1436 1923 et
1465 1845 1800 1938 Unigenitus,
1838 1881 1892 1924 et
1917 1868 2050 1924 Ver-

2159 1889 2177 1922 (
2213 1870 2428 1934 αἰώνιος
2483 1890 2500 1922 ι
2531 1871 2673 1935 λέξιν
2705 1871 2855 1940 δηλοῖ
2884 1870 3324 1941 ἐκπεπορεῦσϐαι
3354 1870 3484 1923 αὐτὸ
3515 1872 3578 1922 ὲκ
3627 1869 3726 1938 τῆς

473 1966 598 2017 bum
647 1961 764 2024 Dei,
818 1970 873 2016 et
898 1961 1195 2027 Christus,
1245 1959 1339 2015 sed
1383 1975 1451 2014 ex
1482 1975 1546 2014 eo
1597 1961 1738 2028 quod
1786 1961 2049 2016 adnexam

475 2057 752 2109 videamus
797 2053 863 2107 iis
899 2051 1346 2122 appellationibus
1413 2067 1594 2107 vocem
1623 2089 1639 2115 ,
1681 2069 1698 2102 ι
1737 2067 1906 2114 meus,
1954 2071 1972 2104 ι
2000 2062 2054 2108 et

483 2166 499 2197 ι
538 2157 681 2210 tuus,
731 2164 748 2196 ι
783 2145 864 2214 (ιιι
893 2160 1011 2198 cum
1043 2144 1180 2199 Deus
1219 2144 1412 2212 inquit,
1441 2163 1457 2194 ι
1491 2142 1589 2199 llic
1613 2156 1694 2198 est
1732 2143 1843 2214 (89.)
1887 2143 2052 2197 Filius

477 2251 628 2290 meus
652 2235 907 2299 dilectus;
949 2251 968 2285 ι
1010 2245 1063 2288 ct
1092 2249 1277 2288 rursus
1304 2273 1319 2297 ,
1357 2251 1376 2286 ι
1412 2234 1603 2288 Sermo
1638 2234 1748 2303 (83)
1771 2249 1922 2287 meus
1955 2232 2052 2286 bo-

477 2341 614 2391 nus;
654 2345 672 2377 ι
700 2335 752 2380 et
782 2366 798 2391 ,
839 2345 856 2374 ι
891 2324 1082 2379 Paravi
1114 2325 1227 2396 (84)
1258 2327 1532 2380 lucernam
1573 2325 1792 2380 Christo
1827 2341 1984 2378 meo:
2026 2343 2044 2374 ι

477 2431 709 2486 cumque
744 2431 842 2471 nos
874 2415 1191 2488 clamamus,
1251 2434 1270 2467 ι
1333 2415 1501 2471 Filius
1544 2425 1687 2476 tuus.
1734 2414 2053 2484 Unigeuitus

479 2523 625 2572 tuus,
664 2507 910 2562 Christus
950 2515 1105 2572 tuus;
1128 2507 1176 2568 ι)
1211 2520 1386 2575 neque
1421 2521 1549 2561 vero
1593 2521 1658 2560 ex
1693 2509 1757 2559 eo
1777 2505 1917 2574 quod
1955 2506 2050 2559 lto-

479 2615 760 2670 monyme,
793 2601 844 2652 id
875 2607 978 2664 est,
1003 2598 1304 2667 aaqnivoce,
1344 2607 1437 2651 aut
1465 2611 1786 2668 synonyme,
1819 2597 1921 2652 huc
1946 2606 2048 2663 est,

479 2695 705 2748 uuivoce
728 2694 791 2747 de
812 2690 968 2746 nobis
993 2689 1255 2760 scriptum
1279 2689 1349 2743 sit
1367 2688 1503 2758 (85),
1529 2707 1546 2739 ι
1583 2687 1700 2742 Filii
1735 2687 1846 2759 (86)
1885 2688 2055 2742 homi-

479 2800 627 2850 num,
659 2795 937 2851 usquequo
965 2782 1116 2850 gravi
1146 2777 1348 2835 corde?
1381 2796 1400 2829 ι
1437 2777 1626 2832 ἰειὶιεεο
1677 2776 2048 2846 homonymia,

477 2892 574 2929 seu
608 2876 884 2930 nominum
933 2871 1229 2926 similitudo
1255 2869 1450 2923 Filium
1482 2865 1577 2923 Dei
1605 2867 1843 2922 excludit
1869 2881 1896 2918 a
1939 2865 2052 2920 dei-

484 2976 632 3020 tate:
687 2965 766 3019 ita
802 2961 1066 3031 Spiritum
1118 2972 1366 3016 sanctum
1400 2973 1467 3014 ex
1510 2969 1734 3028 paterna
1781 2957 2050 3028 hypostasi

481 3057 812 3124 processisse
851 3051 1157 3108 ostenditur
1202 3066 1306 3106 non
1362 3065 1426 3106 ex
1456 3065 1522 3106 eo
1551 3049 1696 3120 quod
1737 3049 2052 3118 simpliciter

2154 1965 2426 2038 πατρικῆς
2478 1965 2860 2027 ὑποστάσεως·
2914 1964 3038 2016 οὐδέ
3069 1979 3132 2030 γε
3169 1963 3274 2034 μὴν
3317 1963 3380 2021 τὸ
3421 1957 3725 2031 ὁμωνύμως

2154 2056 2410 2125 εἰρῆσθαι
2439 2055 2509 2108 τὰ
2541 2055 2891 2126 λειτουργικὰ
2925 2054 3019 2107 καὶ
3050 2053 3118 2106 τὰ
3162 2053 3317 2124 ἡμῶν
3352 2051 3658 2123 πνεύματα,
3690 2047 3724 2121 ἢ

2154 2147 2306 2214 ἅγια,
2338 2148 2374 2219 ἢ
2409 2148 2622 2213 αἰώνια,
2657 2147 2866 2212 ὲξέλκει
2908 2147 3040 2200 αὐτὸ
3065 2146 3158 2199 τοῦ
3207 2144 3346 2199 κατὰ
3386 2144 3547 2212 φύσιν
3589 2139 3726 2195 εἶναι

2154 2237 2405 2308 ἀληθινὸν
2454 2237 2678 2308 Πνεῦμα
2714 2239 2806 2290 τοῦ
2846 2237 3002 2290 Θεοῦ.
3040 2237 3151 2291 Καὶ
3185 2239 3243 2290 ἐν
3281 2239 3392 2299 τοῖς
3441 2235 3725 2305 αἰνίγμασι

2153 2328 2262 2396 γὰρ
2298 2328 2482 2392 αὐτοῖς
2531 2332 2643 2392 τοῖς
2679 2329 2806 2400 περὶ
2840 2328 3003 2382 αὑτοῦ
3041 2327 3353 2401 εὑρίσκεταί
3393 2344 3476 2390 τις
3510 2327 3726 2397 πάντως

2153 2419 2388 2490 δήλωσις
2410 2419 2540 2490 περὶ
2563 2419 2662 2489 τῆς
2690 2419 2838 2482 θείας
2863 2419 3028 2473 αὐτοῦ
3057 2418 3267 2487 φύσεως
3301 2418 3397 2471 καὶ
3423 2416 3721 2487 δυνάμεως.

2157 2511 2238 2564 Τὰ
2270 2511 2328 2564 δὲ
2385 2510 2661 2581 κτίσματα
2696 2511 2830 2582 πρὸς
2878 2513 2978 2582 τὴν
3011 2511 3217 2566 ἑαυτῶν
3251 2511 3414 2581 φύσιν
3465 2512 3623 2582 ἔλαϐε
3665 2512 3725 2563 τὸ

2154 2600 2308 2669 ἅγιον
2335 2603 2431 2655 καὶ
2457 2601 2694 2670 αἰώνιον,
2723 2604 2788 2656 οὐ
2831 2603 3088 2666 καθάπαξ
3111 2605 3284 2658 ταῦτα
3311 2605 3451 2658 κατὰ
3480 2604 3640 2672 φύσιν
3667 2603 3726 2670 ἐξ

2153 2693 2359 2746 ἑαυτῶν
2400 2693 2610 2763 ἔχοντα.
2675 2694 2825 2746 Ἐπεὶ
2866 2695 2940 2766 μή
2981 2711 3045 2764 γε
3079 2695 3236 2749 αὐτοὶ
3281 2691 3427 2750 οὗτοι
3460 2697 3726 2767 αἱρετικοὶ

2153 2782 2498 2852 εὑρίσκονται
2542 2783 2975 2855 κατηγοροῦντες
3004 2785 3231 2850 ἑαυτῶν,
3275 2787 3357 2840 ὅτι
3398 2786 3463 2840 16
3491 2806 3510 2838 ι
3561 2803 3665 2857 μου
3697 2805 3722 2836 ι

2153 2874 2246 2928 ἐπὶ
2291 2874 2385 2927 τοῦ
2443 2874 2574 2929 Υἱοῦ
2624 2877 2718 2929 τοῦ
2763 2875 2925 2941 Θεοῦ,
2973 2878 3069 2932 καὶ
3113 2877 3175 2930 τὸ
3207 2897 3225 2928 ι
3262 2877 3415 2946 ἆγιον
3453 2897 3472 2931 ι
3525 2879 3622 2932 καὶ
3666 2877 3728 2930 1:6

2158 2983 2178 3018 ι
2212 2964 2428 3020 αἰώνιον
2459 2986 2477 3019 ι
2518 2968 2704 3032 ἁπλῶς
2729 2967 2974 3039 δέχονται
3013 2967 3088 3033 ὡς
3121 2969 3383 3038 ἁγγέλλον
3421 2969 3727 3041 ταυτότητα

2151 3056 2252 3126 τῆς
2299 3057 2485 3128 Θεῖκῆς
2514 3057 2762 3126 φύσεως;
2797 3060 3026 3114 Ἔπειτα
3071 3059 3207 3132 πρὸς
3252 3060 3484 3125 τούτοις,
3525 3061 3586 3114 οὐ
3627 3061 3726 3129 τὴν

481 3155 703 3201 vocetur
745 3144 1014 3215 Spiritus,
1071 3143 1165 3199 sed
1212 3157 1279 3198 ex
1325 3142 1565 3210 eo'quod
1607 3156 1849 3196 connexa
1891 3139 2051 3220 fuerit

2157 3147 2401 3218 ψύχωσιν
2434 3148 2588 3220 ήμῶν
2634 3151 2850 3220 πνεῦμα
2881 3150 3160 3222 ὠνόμασεν
3193 3154 3250 3205 ὲν
3278 3155 3398 3216 ταῖς
3431 3151 3728 3225 προκειμέ-

480 3239 606 3294 huic
638 3237 840 3294 nomini
869 3245 981 3302 aut,
1009 3250 1131 3291 cum
1158 3234 1396 3304 loquitur
1428 3233 1594 3298 Deus,
1626 3247 1730 3288 vox
1769 3250 1788 3284 ι
1828 3246 2001 3293 meus,
2027 3249 2044 3282 ι

474 3339 593 3395 aut,
625 3343 746 3384 cum
781 3326 1020 3396 loquitur
1049 3334 1322 3391 creatura,
1347 3340 1447 3380 vox
1478 3343 1496 3376 ι
1529 3335 1678 3389 tuus,
1714 3342 1732 3376 ι
1770 3323 2049 3376 autetiam

480 3434 580 3474 vos
625 3437 644 3469 ι
678 3427 930 3481 sanctus,
972 3435 990 3469 ι
1023 3415 1108 3472 vel
1139 3434 1156 3468 ι
1189 3414 1636 3485 incorruptibilis,
1663 3432 1683 3466 ι
1721 3413 1804 3467 vel
1840 3432 1856 3465 ι
1893 3424 2051 3467 auer-

483 3523 585 3564 nus
619 3524 632 3562 :
674 3526 692 3560 ι
733 3521 907 3576 neque
937 3520 1066 3561 vero
1091 3521 1157 3561 ex
1190 3521 1254 3561 eo
1287 3505 1427 3574 quod
1473 3505 1795 3574 homonyme
1825 3504 2053 3557 admini-

481 3600 719 3655 stratorii
739 3600 981 3670 spiritus,
1005 3614 1068 3653 ac
1097 3598 1266 3654 nostri
1291 3612 1509 3668 quoque
1553 3597 1776 3666 spiritus
1806 3605 1900 3650 aut
1930 3612 2053 3651 sau-

481 3695 550 3748 cti
576 3693 748 3748 vocati
774 3691 991 3757 fuerint,
1028 3690 1350 3755 autaeterni,
1389 3689 1634 3744 concludi
1663 3688 1820 3756 122
1853 3697 2048 3756 potest,

482 3801 604 3840 eum
637 3784 930 3840 secundum
988 3792 1238 3836 naturam
1277 3795 1382 3835 non
1419 3794 1536 3834 esse
1569 3794 1752 3832 verum
1787 3777 2050 3846 Spiritum

481 3874 755 3938 Dei;nam
793 3874 874 3929 vel
911 3874 962 3928 in
992 3873 1119 3942 ipsis
1152 3871 1511 3926 locutionihus
1545 3870 1793 3936 arcanis,
1830 3886 1948 3936 quzc
1988 3870 2054 3923 de

482 3969 574 4023 illo
604 3968 756 4023 dictae
787 3975 929 4032 sunt,
966 3967 1235 4020 invenitur
1261 3966 1483 4020 omnino
1516 3963 1756 4031 aliquid,
1789 3963 1931 4032 quod
1975 3964 2055 4015 di-

482 4062 659 4114 vinam
681 4060 796 4129 ejus
819 4070 1062 4113 naturam
1120 4073 1184 4113 ac
1211 4056 1504 4126 potentiam
1536 4053 1864 4108 manifestat.
1890 4054 2057 4106 Crea-

482 4160 614 4204 turaz
673 4161 848 4205 autem
877 4148 1276 4220 superadditam
1321 4160 1508 4200 earum
1545 4153 1753 4198 naturae
1791 4143 2055 4197 sanctita-

485 4250 590 4297 tem
643 4251 807 4310 atque
858 4238 1217 4294 aeternitatem
1256 4242 1618 4302 acceperunt,
1681 4247 1745 4287 ac
1782 4247 2055 4300 nunquam

481 4332 580 4386 ista
620 4347 685 4388 ex
741 4331 936 4399 seipsis
978 4327 1270 4384 secundum
1322 4333 1571 4378 naturam
1615 4323 1920 4393 habuerunt
1947 4323 2054 4377 ullo

479 4423 658 4478 modo.
739 4423 1008 4477 Czeterum
1067 4433 1248 4474 nonne
1322 4416 1561 4472 haeretici
1638 4415 1752 4487 (87)
1809 4415 1894 4470 isti
1954 4415 2053 4484 ipsi

2158 3257 2277 3303 ναις
2336 3241 2695 3306 ἀποδείξεσιν,
2752 3244 2888 3297 ἀλλὰ
2934 3244 2996 3297 τὸ
3049 3244 3211 3297 αὑτοῦ
3265 3245 3418 3314 ἅγιον
3475 3243 3720 3314 Πνεῦμα.

2165 3330 2426 3401 Ἑχόντων
2466 3333 2575 3407 γὰρ
2607 3336 2762 3406 ἡμῶν
2790 3336 2849 3388 τὸ
2892 3336 3021 3389 ἴδιον
3051 3335 3285 3407 πνεῦμα,
3319 3337 3336 3408 l
3366 3337 3434 3391 55
3461 3336 3530 3407 a]
3561 3336 3721 3408 ἔδὸθη

2151 3425 2284 3494 ἡμῖν
2333 3425 2426 3478 καὶ
2454 3425 2514 3479 τὸ
2542 3425 2636 3479 τοῦ
2668 3425 2823 3481 Θεοῦ.
2859 3423 2992 3479 Εῐπε
3026 3425 3133 3497 γὰρ
3164 3430 3192 3480 ὁ
3219 3429 3438 3499 Πατήρ⁸
3473 3447 3492 3479 ι
3529 3429 3603 3480 Οὐ
3649 3427 3724 3499 μὴ

2153 3517 2458 3589 καταμείνῃ
2487 3519 2547 3571 τὸ
2574 3518 2799 3587 Πνεῦμὰ
2847 3523 3048 3588 μουλὲν
3091 3523 3203 3582 τοῖς
3251 3520 3558 3591 ἀνθρώποις
3604 3522 3725 3573 τού-

2122 3618 2289 3668 ’τοις’
2332 3625 2349 3656 ι
2382 3606 2475 3658 καὶ
2504 3609 2531 3659 6
2559 3606 2714 3669 Υίὸςο
2751 3625 2768 3656 ι
2801 3607 3006 3660 Λάϐετε
3040 3608 3264 3678 Πνεῦμα
3294 3610 3469 3677 ἅγιον.
3505 3629 3522 3660 ι
3557 3609 3724 3678 Δῆλον

2151 3692 2255 3777 δὲη
2283 3695 2358 3758 ὡς
2407 3698 2517 3758 τοῖς
2575 3696 2675 3766 ἤδη
2721 3696 2920 3766 ἕχουσι-
2947 3697 3008 3750 τὸ
3060 3700 3258 3751 οἰκεῖον
3305 3699 3460 3770 ἡμῶν
3507 3699 3724 3770 πνεῦμα

2154 3782 2369 3850 ἐλέγετο
2404 3783 2530 3855 περὶ
2571 3785 2666 3838 τοῦ
2694 3784 2882 3839 θεῖκοῦ
2918 3787 3254 3858 Πνεύματος.
3299 3787 3457 3842 Καθὰ
3487 3789 3666 3842 τοίνυν
3696 3791 3725 3842 ὁ

2155 3872 2281 3936 Υἱὸς
2332 3873 2500 3942 Λόγος
2544 3875 2636 3928 τοῦ
2679 3876 2836 3942 Θεοῦ,
2880 3878 3070 3942 υἱικῶς
3113 3879 3460 3949 γεννητικός·
3492 3878 3634 3932 οὕτω
3666 3880 3726 3932 τὸ

2154 3965 2308 4034 ἅγιον
2358 3966 2602 4037 Πνεῦμα,
2654 3969 3040 4039 πνευματικῶς
3077 3971 3484 4042 ὲκπορευτικὸν,
3526 3973 3619 4025 καὶ
3661 3971 3723 4025 οὗ

2154 4055 2578 4126 δημιουργικῶς.
2622 4059 2733 4110 Καὶ
2763 4057 2838 4121 ὡς
2870 4059 3096 4130 οὐδεμία
3145 4061 3468 4132 παραλλαγὴ
3511 4062 3723 4129 οὐσίας,

2155 4146 2247 4200 καὶ
2278 4146 2578 4217 δυνάμεως,
2604 4149 2697 4202 καὶ
2723 4149 2882 4220 δόξης
2910 4150 2988 4221 τῷ
3021 4155 3300 4222 μονογενεῖ
3326 4151 3439 4222 Υίῷ
3469 4153 3605 4224 πρὸς
3631 4153 3723 4205 τὸν

2155 4236 2286 4290 Θεὸν
2320 4238 2559 4310 Πατέρα,
2609 4239 2842 4312 διαφορὰ
2883 4241 2938 4294 δὲ
2977 4243 3148 4305 πᾶσα,
3195 4243 3249 4295 εἰ
3277 4259 3340 4311 γε
3380 4243 3538 4314 θέμις
3567 4244 3724 4298 τοῦτο

2156 4330 2343 4398 φάναι,
2395 4332 2531 4403 πρὸς
2569 4333 2668 4403 τὴν
2717 4334 2924 4387 κτίσιν·
2971 4333 3114 4389 οὕτω
3161 4336 3256 4389 καὶ
3306 4335 3384 4406 τῷ
3430 4336 3510 4389 ἑνὶ
3558 4337 3723 4407 θεῑκῷ

2159 4422 2454 4492 Πνεύματι.
2501 4424 2573 4477 T6
2611 4420 2703 4478 οῦν
2736 4425 2871 4496 μηδὲ
2912 4426 3129 4480 ἀκούειν
3157 4427 3226 4481 τὰ
3270 4428 3581 4500 αῑρετικῶν,
3627 4428 3722 4482 τοῦ

479 4514 798 4585 semetipsos
831 4526 1096 4567 accusare
1145 4507 1643 4581 deprehenduntur,
1695 4506 1820 4576 quia
1865 4523 2051 4563 vocem

2163 4513 2236 4583 μὴ
2267 4514 2361 4566 καὶ
2387 4515 2742 4584 προσιέμενον
2772 4515 2911 4570 αὐτὰ
2941 4516 3158 4571 ἀκούειν
3183 4517 3538 4590 δικαιότερον.

485 4625 503 4660 ι
536 4619 684 4661 meus
720 4622 738 4657 ι
770 4603 835 4658 de
872 4601 1007 4658 Filio
1059 4600 1153 4655 Dei
1197 4599 1463 4670 prolatam
1490 4637 1506 4663 ,
1556 4606 1612 4652 et
1651 4611 1834 4680 vocem
1873 4615 1892 4649 ι
1922 4609 2179 4662 sanctus,
2230 4621 2245 4652 ι
2289 4613 2342 4657 et
2406 4623 2428 4653 ι
2471 4615 2706 4658 aeternus
2745 4625 2763 4658 ι
2799 4606 3116 4677 simpliciter
3165 4608 3236 4662 ita
3274 4609 3722 4679 interpretantur,

552 4788 664 4866 (89)
711 4785 946 4866 Pr't'nttt_nt
979 4783 1152 4866 erepit.
1187 4781 1260 4866 De
1287 4780 1583 4863 Israelitico
1616 4779 2062 4866 poptilonscu'ide
2163 4796 2334 4866 segm.
2370 4783 2518 4866 l9_b,
2559 4783 2799 4866 triticum
2820 4785 3007 4866 locum
3037 4786 3169 4844 alias
3196 4788 3399 4866 attulit.
3420 4789 3728 4866 [luctator-

482 4849 689 4920 Jacobi,
739 4865 834 4910 aut
883 4849 1099 4909 lsraelis
1139 4853 1390 4923 posteris,
1438 4866 1554 4923 non
1595 4849 2059 4923 de_’.lacobo_‘ipso

482 4919 789 4996 accipienda
821 4926 936 4979 haec
971 4933 1117 4996 sunt,
1140 4919 1237 4996 ξιιι⁸
1257 4930 1442 4990 patet:
1489 4920 1724 4996 alioquin
1773 4919 2060 4996 manifesto

484 4987 676 5052 falsum
702 5004 845 5050 esset
871 4994 1012 5062 quod
1042 4994 1115 5047 ait
1144 4987 1549 5063 Didy'mus,‘etsi
1573 4987 1743 5063 verbo
1775 4987 2058 5063 λατρεύειν

485 5084 589 5122 non
657 5059 982 5128 «adorandi,
1012 5081 1030 5114 ι
1084 5061 1179 5116 sed
1227 5059 1605 5115 (sacriﬁcandi
1636 5076 1654 5111 ι
1701 5059 2055 5129 signiﬁcatio-

485 5154 604 5191 nem
637 5135 1015 5189 tribueremus.

557 5205 668 5276 (81)
709 5202 1115 5276 Ρτορτὶειαιερ.
1160 5198 1256 5255 Ubi
1286 5198 1654 5276 ‘llieroﬁnymus
1701 5196 1795 5252 lib.
1831 5196 1907 5253 De
1934 5196 2057 5263 δρία

484 5267 591 5329 ritu
620 5267 826 5335 sancto,
853 5287 1001 5325 num.
1035 5271 1126 5334 26,
1165 5272 1324 5323 vertit
1353 5285 1366 5319 :
1401 5287 1418 5319 ι
1440 5267 1852 5334 Proprietatem,
1888 5276 1962 5328 et,
1999 5276 2054 5320 ut

486 5345 557 5399 ita
586 5345 782 5408 dicam,
811 5341 1254 5403 familiaritatem,
1277 5358 1294 5391 ι
1321 5338 1594 5395 οἰκείωσιν
1617 5353 1645 5390 a
1673 5337 1894 5406 Didymo
1923 5338 2057 5390 scri-

485 5425 633 5482 ptmn
665 5413 826 5482 fuisse
853 5421 1008 5482 puto,
1038 5409 1222 5482 utrhoc
1254 5408 1465 5482 inloco.

581 5482 670 5549 8-2)
708 5480 810 5534 llic
839 5477 1151 5549 éslrMatllt.
1185 5495 1264 5541 ιιι,
1297 5477 1384 5534 l7.

581 5487 670 5549 8‘2)
708 5487 810 5534 llic
839 5490 936 5533 est.
965 5487 1151 5535 Matth.
1185 5495 1264 5541 ltl,
1297 5487 1384 5534 Π.

557 5487 672 5620 ίὸὂ)
703 5550 909 5605 Sermo.
951 5548 1074 5603 llaec
1116 5549 1273 5602 verba
1332 5563 1435 5602 non
1495 5545 1653 5620 modo
1704 5547 1755 5600 in
1823 5545 2045 5620 Vulgata

486 5616 781 5674 Bibliorum
819 5620 1166 5673 translatione
1215 5635 1317 5672 non
1370 5617 1732 5685 reperiuntur,
1761 5616 1854 5671 sed
1892 5631 1959 5670 ne
1997 5618 2047 5670 in

484 5689 671 5745 Graeca
710 5689 943 5756 quidem.
980 5689 1121 5742 Citat
1169 5704 1296 5742 vero
1337 5703 1400 5742 ea
1451 5687 1706 5757 Didymus
1757 5701 1820 5757 ex
1853 5687 2046 5757 ngga-i

487 5775 607 5827 cap.
643 5773 701 5821 ll,
734 5755 879 5810 vers.
916 5757 970 5820 5,
1006 5767 1282 5825 propterea
1325 5757 1466 5827 quod
1517 5755 1818 5822 hujusmodi
1851 5756 1900 5807 iu
1934 5758 2048 5809 suis

484 5826 883 5898 exentplaribus
947 5829 1363 5882 additamentum
1416 5826 1658 5892 haberet,
1701 5834 1928 5891 utpatct
1983 5839 2048 5878 ex

2163 4861 2305 4926 tasse
2339 4864 2487 4926 sunt,
2531 4864 2586 4908 et
2635 4855 2759 4910 illuc
2815 4857 3073 4926 translata
3125 4875 3190 4913 ex
3246 4861 3424 4926 primo
3461 4860 3727 4916 versiculo

2198 4921 2354 4996 salmi
2385 4937 2720 4996 xuv,_quem
2748 4926 2813 4981 de
2851 4925 2987 4980 Filio
3019 4921 3259 4996 intelligit
3287 4927 3650 4984 Tertullianus
3673 4932 3724 4984 in

2185 4993 2304 5069 ibro
2343 4991 2804 5069 adu.__fraxeam.
2844 5011 2962 5065 cap.
3000 4997 3053 5050 ll
3094 5015 3108 5052 :
3145 5015 3163 5048 I
3187 4991 3471 5069 Distincte,
3530 5001 3722 5069 inquit,

2159 5059 2420 5138 Paler_e_t
2459 5061 2628 5138 Filius
2661 5059 3124 5138 detttonstrantur,
3171 5059 3721 5138 distincte,'inqu'am,

2164 5145 2268 5212 non
2289 5133 2486 5212 .divise,
2513 5134 2653 5187 sicut
2685 5147 2784 5200 ego
2813 5133 3026 5203 profero
3066 5137 3269 5212 dictum
3298 5151 3331 5192 ι
3365 5133 3473 5193 Deo
3502 5155 3516 5191 :
3546 5133 3568 5191 ε
3592 5138 3725 5192 Eru-

2161 5206 2332 5273 ctavit
2354 5218 2447 5273 cor
2473 5217 2647 5273 meum
2683 5217 2982 5273 sermonem
3013 5206 3297 5273 optimum.
3324 5226 3343 5258 ι

2230 5269 2344 5346 (ξφ)
2378 5270 2588 5346 ξρναυί.
2615 5270 2754 5346 Psal.
2782 5287 2968 5334 cum.
3007 5269 3068 5328 l8
3097 5277 3210 5346 (seu
3244 5276 3355 5346 Hi:

2231 5338 2346 5415 (85)
2386 5338 2471 5415 Ea}
2497 5356 2557 5394 eo
2585 5343 2836 5415 qugd..."
2881 5338 3132 5415 scriptum
3177 5346 3264 5415 sit.
3325 5344 3430 5400 Pro
3477 5347 3604 5400 1:6...
3635 5363 3729 5415 γε-

2158 5411 2406 5486 γράφθαι
2452 5411 2568 5486 lego
2617 5409 3130 5486 163...};796306at.
3186 5413 3439 5486 Legenda
3487 5434 3605 5486 qua.-
3637 5409 3727 5469 Di-

2159 5461 2461 5552 magis;
2479 5461 2630 5533 libro
2659 5461 2759 5534 be"
2774 5461 3609 5552 spata;:aleafsstlr'ss‘fi;
3637 5461 3728 5537 .11.-

2162 5550 2432 5628 uiunymis
2460 5560 2514 5629 et
2539 5555 2850 5672 spionymis
2879 5554 2972 5607 ait.

2236 5621 2349 5672 (86)
2376 5619 2523 5672 Ισίιίι.
2608 5621 2705 5672 sal.
2733 5637 2802 5672 tv.
2831 5622 2884 5672 ’5.

2236 5621 2349 5691 (ὃβ)
2376 5619 2523 5691 lj'jlii.
2565 5619 2802 5691 Psal_._'tv,
2831 5622 2884 5675 ’5.

2232 5688 2344 5757 t8?)
2379 5688 2653 5744 lla'relt'ci.
2683 5689 2797 5746 Non
2843 5692 3227 5756 Eunomianos,
3281 5689 3376 5746 sed
3421 5689 3723 5748 Macedonii

2157 5760 2390 5813 asseclas
2422 5760 2637 5814 indicat.

3620 399 3726 452 664
3795 407 3800 410 ’
