4146 6484
335 367 464 422 439
765 401 768 404 -
1452 368 1540 424 DE
1580 366 1950 425 TRINI'I'ATE
1989 367 2191 424 LIBER
2231 367 2614 428 SECUNDUS.
3559 362 3666 418 490

337 480 752 552 αριθμήσουσι
812 477 1203 548 λειτουργικοῖς
1239 465 1576 553 πνεύμθασιη
1611 485 1671 536 Εἰ
1717 483 1774 536 δὲ
1826 482 1984 536 τοῦτο

2088 485 2139 535 in
2173 482 2275 536 alia
2305 482 2525 551 regione
2553 492 2725 549 usque
2753 477 2821 532 ad
2845 476 3244 534 extremitatem
3279 484 3436 532 terra:
3472 476 3661 533 distri~

334 573 451 641 οὐχ
490 571 707 634 οὕτως,
737 570 860 623 οὐδὲ
884 569 946 623 τὸ
979 571 1134 640 ἅγιον
1195 573 1419 643 Πνεῦμα
1451 577 1652 628 νοεῖται
1702 576 1841 644 μετὰ
1872 575 1981 628 τῶν

2088 572 2239 635 huto,
2273 587 2424 626 suam
2456 569 2816 634 infallibilem,
2851 578 2905 622 et
2949 569 3429 623 iucontaminatam
3461 570 3665 639 imper-

335 663 552 716 ἑλλων
613 661 961 732 πνευμάτων.
1011 663 1378 734 Ἀρχάγγελος
1429 666 1539 736 γὰρ
1569 667 1670 718 οὐκ
1698 665 1865 719 ἔστιν.
1918 663 1979 719 Ὀ

2088 666 2324 719 tiebatur
2369 663 2736 733 sapientiam:
2797 677 3142 731 nequaquam
3191 663 3344 716 alteri
3380 664 3493 734 (96)
3542 665 3666 732 qui-

332 772 358 821 }
377 754 461 823 ἀρ
509 753 768 823 {nixa-l1),
799 753 892 805 καὶ
920 751 1181 824 Γαϐριὴλ,
1211 757 1305 808 καὶ
1328 757 1378 807 οἱ
1418 758 1537 807 κατ’
1566 755 1761 817 αὐτοὺς
1782 795 1796 818 ,
1843 756 1980 808 εἰσὶν

2088 755 2204 809 dem
2254 769 2415 818 nunc,
2447 754 2600 809 alteri
2635 769 2762 807 vero
2793 752 2926 807 alias
2958 761 3160 822 praesto
3201 754 3469 809 exsistens
3499 773 3512 809 :
3566 771 3659 810 tie--

335 847 715 917 ἁρχάγγε),οι
737 865 748 875 ·
785 848 905 917 μετ’
929 846 1170 910 ἐκείνους
1216 846 1273 898 δὲ
1324 846 1444 898 οὐδὲ
1478 846 1744 916 αἱρετικοὶ
1776 844 1980 897 εἴποιεν

2088 862 2191 915 que
2219 845 2374 900 alteri
2405 846 2620 916 quidem
2647 847 2838 916 magis,
2869 845 3023 899 alteri
3054 853 3240 899 autem
3260 845 3436 899 minus
3453 844 3661 910 amans,

307 949 410 992 ,ες-ν
448 938 738 1009 τετάχθαι
773 927 1016 1006 τὸᾶγιον
1049 937 1275 1008 Πνεῦμα
1300 935 1394 990 τοῦ
1426 936 1581 989 Θεοῦ.
1615 935 1726 989 Ποῦ
1752 931 1844 989 οῦν
1873 934 1982 988 λοι-

2088 949 2245 1007 atquc
2283 940 2589 1008 inspirans;
2619 939 2710 994 sed
2743 938 2903 993 simul
2925 949 2979 992 et
3015 937 3282 992 universis
3309 938 3661 1006 coniunctim,

310 1015 484 1092 στὸν,
521 1031 565 1100 ἦ
601 1029 694 1102 [60
728 1029 792 1101 b]
829 1030 966 1100 μετὰ
1001 1030 1171 1082 ποίων
1212 1029 1530 1100 κτισμάτων
1571 1027 1871 1084 τάσσεσθαι
1895 1027 1982 1081 δο-

2088 1039 2136 1085 ει
2165 1031 2396 1098 singulis
2421 1046 2668 1086 seorsum
2693 1030 2856 1085 simili
2883 1045 3094 1099 semper
3129 1029 3286 1082 modo
3312 1029 3627 1086 illucescens
3653 1047 3666 1084 :

337 1123 714 1192 κιμὰζουσιν
754 1121 885 1175 αὑτό
911 1140 926 1188 ;
970 1121 1125 1174 Μετὰ
1153 1121 1261 1191 γὰρ
1285 1121 1375 1173 τὸν
1408 1120 1542 1174 Θεὸν
1567 1161 1580 1185 ,
1619 1121 1783 1189 φύσιν
1813 1121 1980 1190 ἄλλην

2088 1123 2224 1178 sicut
2267 1123 2428 1178 etiam
2478 1109 2742 1178 Dominus
2781 1123 2916 1193 (97),
2952 1122 3041 1190 qui
3091 1121 3266 1177 dixit:
3301 1121 3460 1192 137
3497 1141 3516 1173 ι
3555 1121 3668 1177 Vo-

334 1213 608 1284 λογικὴν
629 1214 737 1266 ἀπὸ
759 1213 988 1284 Γραφῶν
1013 1215 1114 1266 οὐκ
1145 1209 1522 1284 ἐδιδάχθημεν,
1558 1214 1591 1283 ἦ
1626 1213 1734 1266 τῶν
1769 1213 1979 1266 πολλῶν

2088 1217 2287 1270 hiscum
2322 1230 2440 1269 sum
2488 1216 2740 1270 omnibus
2783 1215 2969 1269 diebus
2998 1229 3169 1282 usque
3213 1215 3280 1268 ad
3321 1229 3668 1270 consumma»

335 1305 710 1374 πνευμάτων
737 1305 831 1356 καὶ
865 1304 973 1355 τῶν
1008 1303 1129 1356 καθ’
1165 1304 1312 1373 ἡμᾶς
1340 1304 1630 1373 σωμάτων.
1669 1303 1790 1354 Ἔτι
1825 1318 1981 1370 σοφιυ

2088 1307 2286 1360 tionem
2316 1307 2522 1364 saeculi.
2557 1326 2576 1358 ›
2616 1306 2870 1375 Alioquin
2907 1321 3027 1360 cum
3061 1306 3146 1359 isti
3180 1305 3419 1360 haeretici
3461 1317 3670 1361 senten-

338 1397 589 1459 στικῶς
618 1398 681 1448 ὲκ
721 1397 830 1448 τῶν
877 1395 1255 1466 προκειμένων
1289 1394 1626 1462 ἐπάγουσινο
1682 1395 1742 1446 ’0
1789 1393 1978 1462 Πατὴρ

2088 1398 2211 1452 tiam
2238 1398 2382 1451 illam
2412 1399 2554 1468 apud
2582 1396 2845 1452 Joannem
2893 1398 3174 1466 scriptam,
3229 1417 3246 1449 ι
3284 1399 3518 1468 Spiritus
3548 1397 3666 1466 (98)

341 1491 455 1542 καί
490 1492 528 1542 ὁ
561 1489 691 1551 Υἱὸς
724 1489 997 1558 ἀληθινὸς,
1049 1487 1108 1539 τὸ
1147 1487 1203 1539 δὲ
1239 1486 1464 1555 Πνεῦμα
1519 1485 1747 1556 ἀλήθεια
1777 1485 1978 1554 γέγρα-

2088 1500 2167 1544 est
2206 1491 2364 1553 Deus,
2396 1508 2415 1541 ι
2467 1490 2534 1543 ad
2568 1490 2734 1543 Deum
2768 1497 2824 1544 ct
2857 1490 3068 1542 Patrem
3103 1488 3366 1554 referant,
3415 1504 3480 1544 eo
3525 1490 3666 1558 quod

340 1599 533 1642 πται,
564 1582 640 1644 ὡς
672 1582 966 1652 ἀπᾴδοντος
996 1580 1204 1634 τούτου.
1253 1581 1440 1632 Ἔστιν
1487 1579 1544 1631 δὲ
1587 1577 1802 1640 ταυτὸν,
1835 1576 1980 1631 καθὰ

2088 1579 2378 1651 (inquiunt)
2405 1581 2643 1651 Spiritus
2669 1582 2738 1635 sit
2762 1583 2875 1650 ipse
2904 1580 3102 1644 Pater;
3135 1597 3367 1651 cumque
3403 1591 3663 1650 praetcrea

343 1676 411 1726 ὲν
448 1673 546 1743 τῷ
578 1673 778 1744 πρώτῳ
806 1673 1072 1726 δέδεικται
1103 1673 1267 1742 λόγῳ,
1298 1672 1393 1724 καὶ
1432 1671 1494 1723 οὐ
1543 1670 1792 1741 διαφέρει
1822 1669 1979 1724 τοῦτο

2088 1674 2339 1740 scriptum
2382 1673 2472 1738 sit,
2520 1692 2538 1724 ι
2571 1673 2806 1743 Spiritus
2847 1674 3000 1728 faciei
3031 1673 3142 1744 (99)
3176 1683 3374 1728 nostra:
3418 1672 3665 1727 Christus

343 1766 457 1818 ὲκε
471 1767 621 1818 ἔνου.

2088 1763 2384 1818 Dominus:
2421 1783 2440 1816 ι
2486 1779 2665 1818 nonne
2696 1765 2824 1818 illud
2866 1775 3143 1832 sequetur,
3177 1775 3234 1818 ut
3266 1764 3426 1818 Pater
3454 1777 3665 1832 quoque

351 1871 427 1910 ac
479 1858 685 1920 Filius,
737 1867 920 1924 utpote
963 1856 1158 1924 quibus
1191 1869 1388 1909 nomen
1471 1851 1708 1922 Spiritus
1775 1853 2024 1907 convenit
2059 1853 2200 1906 inter
2235 1865 2461 1910 caeteros
2533 1856 2856 1911 famulantes
2893 1859 3118 1926 spiritus
3164 1858 3230 1910 ab
3268 1858 3332 1911 iis
3374 1871 3666 1910 conuumc-
3719 1900 3727 1904 .

355 1953 542 2003 randi
579 1950 728 2004 sint?
757 1950 908 2016 Quod
944 1951 986 2003 si
1018 1952 1118 2004 hoc
1143 1949 1244 2002 diri
1287 1963 1390 2002 non
1425 1957 1625 2016 potest,
1660 1960 1727 2000 ne
1755 1945 1988 2014 Spiritus
2028 1947 2246 2015 quidem
2289 1959 2510 2004 sanctus
2557 1951 2608 2004 in
2659 1951 2886 2004 aliorum
2935 1951 3216 2018 spirituum
3249 1965 3468 2004 censum
3497 1953 3664 2006 venit.

353 2038 544 2092 Nam
573 2040 940 2109 arcliangelus
977 2054 1082 2092 non
1136 2050 1250 2103 est;
1287 2037 1523 2091 Michael
1574 2036 1716 2089 enim
1773 2044 1826 2089 et
1870 2035 2110 2100 Gabriel,
2147 2041 2315 2106 ctqui
2349 2040 2432 2093 his
2456 2049 2582 2093 sunt
2622 2041 2858 2106 similes,
2928 2042 3232 2110 archangeli
3305 2053 3461 2107 sunt;
3529 2043 3666 2096 infra

357 2137 481 2189 hos
540 2145 720 2186 autem
773 2149 840 2186 ne
891 2133 1128 2186 lia-retici
1187 2132 1402 2200 quidem
1463 2131 1700 2184 dixerint
1757 2130 1988 2198 positum
2031 2147 2152 2187 esse
2183 2134 2441 2202 Spiritum
2472 2144 2721 2188 sanctum
2773 2133 2886 2187 Dei.
2915 2133 3144 2199 Quinam
3188 2149 3316 2202 ergo
3352 2135 3452 2204 ipsi
3520 2137 3668 2191 |0cus

319 2227 637 2295 .reliquus
676 2226 911 2279 e-t?aut
973 2240 1094 2278 cum
1163 2225 1485 2294 quibusnam
1545 2222 1814 2276 creaturis
1849 2236 1971 2276 eum
2022 2225 2328 2290 ponendum
2378 2227 2637 2280 censent?
2681 2225 2812 2279 Nam
2860 2234 2980 2294 post
3037 2226 3199 2279 Deum
3261 2226 3463 2280 nullam
3501 2227 3662 2281 aliam

362 2319 714 2373 rationalem
772 2329 1020 2372 naturam
1075 2333 1199 2372 esse
1247 2319 1444 2371 docent
1499 2313 1829 2382 Scriptum,
1880 2316 1980 2369 nisi
2058 2317 2289 2384 plurium
2349 2320 2678 2386 spirituum,
2741 2326 2795 2374 et
2883 2318 3069 2371 talium
3122 2333 3430 2387 corporum,
3485 2319 3662 2388 qualia

360 2422 512 2466 sunt
545 2422 750 2464 nostra.
805 2409 1029 2475 Insuper
1077 2408 1370 2475 sophistice
1436 2421 1501 2460 ex
1577 2405 1872 2473 przemissis
1946 2405 2185 2460 inferunt
2217 2425 2229 2462 :
2261 2406 2424 2464 Pater
2463 2408 2729 2464 etTilius
2755 2409 2956 2464 dicitur
3002 2410 3052 2463 in
3103 2410 3402 2478 Scripturis
3467 2425 3664 2468 verus:

365 2506 631 2574 Spiritus
661 2512 840 2558 autem
891 2503 1094 2556 veritas
1128 2502 1206 2571 (ιι)
1243 2517 1257 2554 :
1311 2499 1464 2568 quasi
1517 2499 1618 2553 hoc
1655 2501 1721 2553 ah
1767 2498 1861 2553 illo
1896 2501 2170 2556 diversum
2223 2504 2312 2558 sit.
2349 2504 2419 2557 At
2481 2518 2611 2558 vero
2655 2515 2947 2573 utrumque
3015 2519 3180 2555 unum
3224 2511 3279 2556 et
3352 2502 3490 2558 idem
3543 2514 3650 2566 est,

368 2611 444 2657 ut
481 2599 538 2654 in
593 2599 764 2667 primo
800 2596 943 2665 λόγῳ
991 2593 1068 2666 [id
1099 2603 1203 2659 est,
1249 2599 1501 2656 tractatu,
1535 2590 1616 2645 vel
1673 2591 1812 2646 libro
1854 2590 1970 2664 (2)]
2015 2604 2295 2648 ostensum
2333 2593 2450 2659 fuit,
2483 2609 2656 2664 neque
2685 2597 2750 2645 ab
2782 2595 2870 2647 illa
2907 2593 3083 2646 differt
3118 2594 3230 2648 lucc
3254 2593 3477 2649 locutio.

1045 2689 1204 2743 ΚΕΦ.
1257 2689 1334 2740 E'.

2654 2686 2816 2756 133
2854 2685 3005 2740 CAP.
3048 2683 3114 2740 ν.

371 2785 531 2854 Περὶ
563 2784 686 2839 τῶν
722 2783 1042 2854 λεγόντων,
1068 2782 1154 2834 ὅτι
1180 2778 1515 2854 Μονογενοῦς
1545 2778 1696 2854 evre;
1723 2775 1818 2854 τοῦ
1846 2775 1981 2854 θεοῦ

2088 2779 2163 2833 De
2197 2780 2292 2854 iis,
2325 2779 2414 2848 qui
2442 2778 2685 2847 inquiunt
2713 2792 2743 2854 :_
2783 2777 2915 2830 Cum
2963 2778 3102 2854 Deus
3134 2775 3364 2854 Ver-litim
3390 2778 3481 2854 _sit
3537 2777 3668 2854 pui-
3721 2821 3731 2829 .

457 2847 635 2925 λόγου
659 2894 674 2918 ,
708 2855 760 2908 τί
783 2847 842 2908 τὸ
869 2852 1096 2924 Πνεῦμα
1126 2851 1455 2921 καλέσομεν;
1483 2849 1581 2903 καὶ
1605 2850 1678 2904 τὰ
1701 2847 1908 2904 λοιπά.

2158 2851 2390 2970 gelnitus,
2440 2863 2548 2918 quo
2602 2848 2821 2901 nomine
2892 2848 3204 2903 reciibimus
3257 2847 3564 2916 Spiritum?
3612 2858 3662 2903 ct

2156 2936 2208 2972 re
2233 2935 2374 2988 aqua.

461 3014 608 3087 Πρὸς
631 3012 805 3066 ταῦτα
830 3011 879 3063 οἱ
923 3006 1306 3063 ποικιλώτατοι
1361 3008 1455 3060 καὶ
1500 3006 1982 3077 πολυτροπὼτατοι

382 3106 534 3161 κατὰ
569 3105 662 3158 τὸν
689 3104 845 3171 λόγον
881 3101 1016 3171 (οὐκ
1045 3096 1162 3153 οἴδα
1186 3139 1199 3163 ,
1237 3102 1285 3152 εἰ
1314 3101 1388 3170 μὴ
1413 3099 1508 3151 καὶ
1536 3097 1679 3152 κατὰ
1707 3098 1805 3168 τὴν
1840 3098 1976 3167 γνώ-

394 3215 526 3270 μην,
553 3197 774 3257 πάντως
801 3194 856 3246 δὲ
889 3195 969 3246 ὅτι
1003 3190 1344 3258 καὶτοῦτο),
1379 3191 1428 3244 οἱ
1462 3190 1560 3260 τῆς
1611 3189 1982 3261 ἁπλουστέρας

390 3289 490 3344 καὶ
543 3286 918 3359 ἀληθεστέρας
971 3282 1318 3345 διδασκαλίας
1376 3280 1646 3352 ἀλλότριοι
1691 3281 1983 3352 αἱρετικοὶ,

398 3444 596 3499 Paulus
627 3459 732 3498 non
764 3440 1007 3502 exstitit;
1039 3454 1136 3494 nec
1166 3439 1308 3494 enim
1339 3437 1441 3491 ulla
1467 3453 1533 3492 ex
1558 3445 1790 3508 quatuor
1822 3439 1971 3492 hisce

403 3517 547 3569 notis
575 3516 622 3568 ei
650 3511 921 3568 convenit.
961 3511 1098 3576 Quin
1127 3509 1236 3562 imo
1273 3510 1526 3579 Didymus
1563 3517 1743 3579 noster
1788 3508 1972 3562 Eccle-

407 3585 758 3638 siasaPaulo
802 3582 1060 3634 fundatas
1103 3577 1536 3634 commemorans
1597 3577 1648 3630 in
1691 3592 1975 3632 commen-

414 3654 566 3708 tariis
591 3655 644 3706 in
676 3653 928 3713 t’sutmos,
963 3651 1029 3703 ad
1068 3665 1206 3704 vers.
1240 3649 1276 3701 2
1321 3648 1510 3718 psalmi
1539 3662 1651 3712 CXI,
1681 3647 1821 3702 intra
1853 3662 1968 3702 eos-

408 3793 700 3860 Apostolus
728 3792 858 3860 ipsc,
895 3807 1016 3846 cum
1044 3792 1108 3843 ad
1146 3788 1422 3860 Romanos
1453 3788 1824 3860 scripsit,_su:n
1848 3803 1979 3860 prae-

405 3858 659 3916 dicationi
687 3858 804 3930 cap.
839 3876 924 3926 xv,
952 3875 1092 3914 vers.
1127 3859 1194 3912 19
1240 3860 1634 3930 assignaverat.
1689 3858 1781 3912 Sic
1813 3858 1972 3930 enim

407 3933 478 3987 ibi
516 3928 764 4002 loquitur
783 3941 966 4002 noster
999 3930 1294 4002 Bibliorum
1319 3928 1618 4002 interpres,
1654 3928 1974 4002 catechista,

403 4019 467 4056 ac
501 3996 781 4072 theologus
818 4022 831 4056 :
873 3998 998 4072 οἷον
1020 3999 1279 4072 Παῦλοςὸ
1308 3996 1623 4072 ἀπόστολος,
1643 3997 1750 4050 ἀπὸ
1784 3997 1980 4072 :lepou:

407 4074 585 4144 σαλὴμ
619 4065 780 4143 μέᾖρι
809 4071 903 4124 τοῦ
923 4068 1246 4144 Ἰλλυρικοῦ
1291 4067 1724 4144 σςοσττλσάμεινος-
1743 4066 1821 4144 τῷ
1856 4065 1982 4144 Θιξῷ

411 4137 767 4214 μυρξᾶνδροῦς
791 4137 1115 4214 Ἐκκλησίαξς
1145 4179 1182 4193 ..
1210 4139 1411 4214 δμοίως
1443 4137 1500 4214 δὲ
1536 4137 1630 4214 καὶ
1659 4138 1766 4190 τῶν
1780 4137 1982 4214 λοιπῶν

414 4207 668 4283 μαθητῶν
690 4213 941 4277 ἕκαστος’
973 4207 1025 4265 id
1055 4222 1138 4265 est
1174 4228 1192 4260 ι
1226 4207 1402 4283 Veluti
1444 4207 1642 4283 i’aulus
1681 4208 1982 4283 apostolus,

411 4277 502 4348 qui
533 4277 599 4336 ab
631 4283 932 4338 Jerusalem
978 4296 1150 4348 usque
1203 4280 1268 4334 ad
1323 4278 1595 4348 Illyricum
1652 4277 1984 4348 numerosis-

413 4347 580 4408 Stlllzls
625 4357 728 4406 lteo
764 4347 1415 4406 constituitiEcclesias...
1452 4361 1515 4399 ac
1539 4347 1792 4400 similiter
1825 4361 1982 4400 unus-

413 4424 639 4491 quisque
665 4442 728 4477 ex
755 4423 876 4477 aliis
915 4422 1212 4490 discipulis.
1237 4439 1256 4473 ›
1305 4416 1599 4491 Catholicis
1651 4417 1828 4491 itaque
1903 4432 1986 4491 ιἐτ

416 4486 911 4563 g'iiis,—inclyt:1:que
939 4486 1297 4556 Hispanorum
1327 4487 1525 4542 nationi
1550 4486 1812 4552 gratulor,
1844 4486 1987 4554 quod

415 4579 608 4616 novum
660 4565 792 4634 ipsis
847 4563 1127 4631 theologus
1172 4572 1354 4634 noster
1409 4568 1814 4634 monumentum
1864 4571 1987 4634 sup-

412 4635 636 4701 peditet,
680 4627 796 4703 'quo
858 4627 1055 4688 eoruui
1099 4631 1393 4695 sententia,
1438 4643 1502 4680 ac:
1549 4627 1770 4681 traditio
1816 4628 1990 4696 magis

410 4705 787 4777 confirmetur.
857 4774 883 4777 ,Α
944 4774 952 4777 Α
1113 4770 1136 4777 _
1251 4769 1300 4777 υ
1361 4768 1378 4777 _
1600 4767 1612 4777 ,
1709 4766 1732 4777 ,

485 4773 595 4844 (96)
625 4774 810 4828 Alteri.
846 4774 1048 4837 Codex,
1080 4769 1323 4844 obtrudi.
1361 4768 1523 4836 Lego,
1560 4767 1622 4844 οὐ
1665 4767 1824 4844 τῷδε.
1882 4767 1990 4844 [ἳεο

413 4843 464 4899 is
486 4836 794 4911 probandus
826 4836 1118 4906 videretur,
1156 4843 1246 4910 qui
1272 4842 1448 4908 legere
1479 4838 1679 4901 mallet,
1713 4836 1774 4889 οῦ
1801 4855 1877 4904 τῳ
1906 4837 1988 4901 δέ,

411 4914 466 4968 id
488 4926 562 4966 est
601 4913 660 4966 οῦ
689 4931 795 4967 τινι
815 4914 891 4967 δέ.

489 4984 599 5052 (97)
631 4983 777 5038 Sicut
803 4986 958 5039 etiam
1000 4983 1274 5037 Domini...
1329 4979 1524 5032 Eadem
1584 4978 1991 5052 scriliit,_euiii-
2035 5035 2038 5038 ,

417 5047 647 5135 denique
683 5055 876 5137 allegat
899 5054 1177 5137 exiluit-li.
1217 5067 1337 5137 gap.
1371 5064 1566 5137 xxvni,
1600 5063 1742 5102 vers.
1777 5047 1878 5137 ‘20.-
1906 5048 1988 5137 lo-
2024 5083 2067 5137 Β

415 5117 639 5180 ευηπξίη
666 5117 841 5179 verbis
875 5141 940 5179 ex
972 5126 1065 5179 lib.
1107 5125 1184 5178 De
1211 5117 1354 5191 Spir.
1393 5127 1577 5173 sancto
1621 5134 1790 5188 nuper
1812 5117 1992 5172 citatis

411 5203 523 5248 not.
555 5194 642 5259 80,
660 5212 779 5264 pag.
807 5196 927 5250 1'53.

489 5269 596 5335 (98)
632 5258 886 5333 Spii‘itus.
923 5265 1186 5335 .Ioan.iv,
1226 5263 1318 5316 9.4.
1359 5258 1494 5313 Vide
1530 5270 1704 5335 not_as_
1722 5261 1788 5310 ad
1821 5271 1990 5335 segni.

416 5330 520 5388 115
549 5330 599 5392 α’.
641 5330 853 5390 Similia
895 5338 1057 5390 habet
1096 5334 1354 5404 Didymus
1389 5346 1560 5399 segni.
1607 5330 1704 5383 107
1750 5347 1815 5404 ri.
1841 5331 1896 5380 ln
1927 5331 1992 5380 li-

418 5408 515 5457 bro
546 5413 726 5460 autem
769 5405 846 5459 De
877 5405 1075 5474 Spiritu
1109 5398 1718 5474 san'ctoriniiiuerohtuin
1755 5398 1842 5457 54,
1879 5409 1990 5474 tuin

411 5474 503 5534 58.
525 5479 604 5546 ad
634 5476 828 5529 Filium
852 5470 1072 5546 quidem
1107 5475 1273 5546 refert
1307 5472 1435 5546 illud
1464 5470 1611 5546 Pauli
1661 5472 1714 5521 in
1748 5472 1987 5546 secunnda

414 5548 480 5598 ad
505 5545 633 5599 Cor.
665 5561 786 5613 cap.
836 5538 916 5611 ιιί,
947 5560 1090 5600 vers.
1128 5543 1192 5596 17
1227 5559 1240 5595 :
1286 5561 1306 5595 ι
1351 5541 1821 5613 Dominusantem
1863 5538 1982 5613 Spi-_

418 5617 556 5669 ritus
582 5625 668 5670 est
697 5633 709 5669 :
736 5608 768 5668 “›
802 5619 868 5671 ad
896 5608 1110 5670 Patrem
1144 5629 1273 5668 vero
1301 5615 1415 5666 haec
1456 5609 1582 5664 lesu
1614 5610 1814 5681 Christi
1845 5608 1988 5675 apud

411 5681 678 5738 Joannem
717 5689 878 5739 verba
914 5707 927 5740 :
969 5704 987 5736 ι
1025 5684 1261 5753 Spiritus
1295 5691 1379 5737 est
1411 5681 1569 5732 Deus.
1613 5698 1630 5729 ι
1661 5679 1986 5753 "Quanquam

414 5756 588 5809 codex
627 5773 726 5810 ms.
763 5750 1104 5811 bibliotheca:
1134 5765 1332 5808 nostra:
1369 5753 1725 5805 Bononiensis
1765 5750 1832 5802 ab
1871 5750 1988 5802 edi-

416 5827 566 5883 tione
603 5824 904 5882 Veronensi
946 5827 1220 5892 discrepat
1263 5841 1277 5876 :
1319 5822 1488 5875 editio
1527 5823 1670 5878 enim
1711 5823 1791 5876 sic
1829 5819 1992 5876 habet
2028 5865 2058 5875 -

729 5920 1004 5989 PATROL.
1052 5918 1170 5980 Gn.
1218 5915 1523 5980 XXXIX.

2155 3008 2356 3063 Contra
2405 3007 2520 3063 hinc
2564 3009 3072 3074 inconstantissimi,
3109 3003 3453 3078 maximeque
3501 3010 3666 3075 varii,

2088 3108 2142 3153 ει
2173 3114 2423 3154 sermone
2451 3099 2616 3171 (haud
2647 3100 2762 3155 scio
2798 3117 2864 3155 an
2903 3111 3084 3156 mente
3120 3101 3356 3172 quoque)
3410 3102 3667 3172 versipel-

2091 3190 2167 3244 les
2203 3191 2459 3258 baeretici,
2512 3207 2542 3244 a
2586 3191 2898 3261 simpliciori
2948 3202 3097 3248 certe
3147 3193 3223 3263 (id
3271 3195 3414 3250 enim
3448 3193 3668 3248 omnino

2090 3281 2243 3353 scio)
2303 3281 2612 3351 veriorique
2660 3282 2906 3338 doctrina
2967 3285 3170 3348 alieni,
3224 3284 3411 3340 eadem
3470 3283 3667 3354 smpius

2079 3455 2249 3512 num._
2277 3439 2446 3512 51_:_i
2485 3439 3189 3512 sanctiﬁcationislrodex
3245 3452 3438 3505 noster,
3478 3459 3497 3492 ι
3536 3457 3664 3495 san-

2077 3509 2280 3581 ctita_tis
2309 3509 2374 3581 ι]
2411 3510 2780 3581 bonitatisque
2815 3509 3136 3567 vocabulum
3159 3522 3213 3564 et
3236 3514 3301 3565 ad
3339 3512 3572 3576 Patrem,
3612 3521 3668 3565 et

2081 3579 2148 3650 ad
2182 3578 2400 3644 Filium,
2437 3590 2493 3634 et
2521 3580 2589 3634 ad
2628 3578 2892 3648 Spiritum
2933 3588 3182 3634 sanctum
3218 3596 3370 3650 aeque
3403 3581 3663 3650 refertur,

2081 3649 2224 3720 sicut
2254 3650 2368 3718 ipsa
2399 3657 2613 3720 quoque
2640 3647 2930 3720 appellatio
2957 3651 3216 3718 Spiritus.
3245 3647 3376 3704 Nam
3413 3659 3468 3704 et
3499 3647 3663 3704 Pater

408 3725 533 3798 dem
587 3725 739 3798 lines
763 3721 877 3776 illas
916 3720 1240 3798 concludere
1294 3717 1522 3782 videtur,
1546 3788 1555 3798 '
1580 3733 1641 3798 ac
1689 3732 1804 3781 eos,
1837 3732 1973 3786 quos
2001 3739 2047 3798 ο
2081 3717 2316 3798 Spiritus
2356 3717 2574 3798 dicitur,
2621 3717 2686 3798 ut
2713 3717 2784 3798 ibi
2821 3740 2835 3778 :

2882 3741 2900 3774 ι
2949 3721 3184 3789 Spiritus
3225 3730 3308 3775 est
3339 3720 3499 3774 Deus.
3540 3739 3559 3772 ι
3599 3720 3664 3773 Et.

2083 3789 2254 3860 Filius
2279 3790 2535 3859 Spiritus.
2568 3809 2587 3842 ι
2623 3790 2902 3854 Dominus,
2935 3809 2954 3841 ι
2988 3792 3180 3857 inquit,
3212 3810 3230 3842 ι
3253 3789 3488 3860 Spiritus
3511 3799 3612 3845 est.
3637 3809 3655 3840 ι

2084 3859 2320 3931 Spiritus
2342 3870 2522 3914 autem
2565 3870 2785 3915 sanctus
2814 3876 3031 3931 semper
3066 3859 3305 3930 Spiritus
3348 3860 3526 3914 sancti
3563 3874 3661 3927 ap-

2083 3930 2373 4001 pellatione
2412 3942 2687 4001 censetur.
2714 3950 2734 3983 D
2781 3934 2851 3984 At
2897 3930 3166 4001 pustreina
3204 3931 3334 4001 haee
3369 3931 3422 3984 in
3465 3933 3663 4001 codice

2086 3999 2272 4054 nostro
2302 4000 2381 4054 sic
2421 4014 2478 4053 se
2518 3999 2713 4055 habent
2754 4019 2767 4053 :
2801 4019 2820 4052 ι
2868 3999 2926 4054 ut
2955 4001 3023 4054 ibi
3074 4019 3087 4054 :
3120 4018 3138 4052 ι
3194 3999 3428 4067 Spiritus
3461 4000 3577 4055 Dei.
3638 4019 3657 4051 ι

2087 4070 2152 4124 Ει
2183 4068 2352 4142 Eilitts
2393 4069 2648 4142 Spiritus.
2678 4089 2695 4121 ι
2739 4072 2949 4125 Domini
2985 4089 3003 4122 ι
3039 4068 3324 4142 [inteitdose
3351 4086 3446 4138 pro
3475 4070 3660 4126 Domi-

2086 4139 2250 4211 nus],
2295 4141 2490 4211 inquit,
2533 4159 2551 4192 ι
2587 4140 2821 4211 Spiritus
2846 4151 2947 4196 est.
2992 4161 3009 4193 ι
3041 4139 3112 4195 Ει
3157 4140 3409 4211 Spiritus
3436 4151 3660 4194 sanctus

2087 4155 2250 4211 nus],
2295 4155 2490 4208 inquit,
2533 4159 2551 4192 ι
2587 4155 2623 4193 δ
2669 4155 2821 4194 tritus
2846 4155 2947 4196 est.
2992 4161 3009 4193 ι
3049 4155 3112 4195 ιιι
3157 4155 3392 4208 Spiritus
3436 4155 3660 4194 sanctus

2087 4209 2587 4282 semper‘Spiritus
2621 4155 2830 4282 reader.
2873 4212 3063 4282 rectius
3111 4211 3301 4264 omittit
3349 4210 3440 4282 iiii;
3490 4225 3662 4282 uocem

2093 4302 2112 4332 ι
2151 4280 2357 4344 Sancti,
2400 4297 2418 4330 ι
2458 4297 2576 4350 qua:
2622 4278 2831 4350 irrepsit
2871 4284 2925 4335 in
2969 4281 3110 4337 edita
3155 4278 3516 4350 exemplaria]
3569 4294 3664 4347 ap-

2089 4351 2374 4420 pellatione
2408 4362 2682 4405 censetur.
2724 4372 2740 4404 ι
2794 4353 3052 4420 Equidem
3098 4367 3221 4404 cum
3257 4359 3442 4404 nostro
3473 4351 3662 4404 codice

2091 4421 2346 4489 legerem,
2392 4436 2410 4469 ι
2449 4421 2682 4489 Spiritus
2739 4423 2856 4484 Dei,
2907 4440 2927 4474 ›
2973 4422 3073 4476 nisi
3131 4435 3356 4474 numero
3407 4420 3665 4487 deinceps

2089 4489 2177 4554 58,
2211 4505 2332 4543 ευιιι
2382 4489 2520 4543 libro
2575 4491 2840 4561 impresso
2872 4491 3208 4548 consentiret
3245 4493 3344 4545 hac
3387 4490 3441 4543 in
3481 4505 3536 4543 re
3570 4506 3666 4542 co-

2090 4562 2194 4631 dex
2225 4561 2666 4631 manuscripttis;
2711 4573 2938 4631 uterque
2980 4563 3122 4616 enim
3157 4561 3358 4615 habet:
3399 4578 3417 4610 ι
3458 4569 3514 4613 ιιι
3541 4570 3688 4628 ante_

2091 4627 2310 4703 [eorlex_
2331 4631 2413 4680 hic
2445 4627 2627 4703 addit,
2655 4631 2814 4703 jam]
2851 4627 3119 4703 diximus,
3172 4631 3260 4684 tibi
3302 4633 3466 4703 etiam
3530 4631 3663 4683 illud

2043 4738 2057 4747 .
2093 4700 2442 4768 adjunxiinus
2477 4715 2490 4751 :
2532 4719 2550 4750 ι
2598 4700 2832 4768 Spit-iliis
2886 4702 3026 4756 Deus
3060 4711 3165 4754 est.
3216 4718 3234 4751 ι
3285 4701 3366 4752 Αιι
3409 4701 3496 4752 hic
3526 4714 3663 4767 quo-

2093 4783 2196 4838 que
2249 4770 2536 4836 legendum
2577 4772 2968 4836 suspicabimur
3020 4789 3034 4823 :
3094 4788 3111 4822 ι
3164 4771 3399 4838 Spiritus
3450 4768 3584 4823 Dei?
3639 4787 3658 4821 ι

2093 4839 2352 4906 Equidem
2387 4839 2561 4904 legere
2591 4840 2770 4894 malini
2808 4860 2818 4892 :
2859 4859 2878 4891 ι
2917 4841 3148 4908 Spiritus
3182 4841 3339 4894 Deus.
3380 4859 3398 4892 ι

2165 4909 2276 4979 (99)
2320 4908 2550 4972 Spiritus
2582 4910 2756 4977 faciei.
2790 4909 2990 4966 Tliren.
3023 4927 3094 4974 iv,
3122 4911 3208 4963 ‘20.
3236 4911 3407 4964 Biblia
3435 4925 3541 4963 non
3569 4911 3636 4962 lia

2742 4949 2756 4965 ο
2799 4927 2990 4966 llll'ell.
3023 4927 3094 4974 ιν,
3122 4927 3208 4963 2U.
3236 4927 3407 4964 mnna
3435 4927 3541 4963 non
3571 4927 3668 4962 Dit-

2096 4979 2223 5032 bent
2247 4979 2528 5031 articulum
2562 4979 2677 5032 τοῦ.

2168 5051 2243 5118 (1)
2297 5049 2515 5103 Veritas.
2546 5051 2603 5103 lit
2635 5051 2805 5119 prima
2854 5049 3078 5105 Joannis
3118 5065 3168 5115 v,
3211 5049 3265 5116 6,
3298 5049 3386 5103 ubi
3438 5047 3660 5119 vulgata

2106 5115 2384 5172 translatio
2436 5115 2680 5183 habet,'t
2722 5121 2972 5174 Christus
3010 5133 3094 5175 εει
3134 5115 3359 5181 veritas,
3401 5138 3418 5169 ι
3474 5115 3660 5171 (ἶνῐιεω

2105 5191 2269 5261 editio
2293 5190 2461 5261 habet
2489 5209 2502 5243 :
2532 5190 2592 5244 τὸ
2619 5190 2840 5261 Πνεῦμά
2871 5192 3017 5243 ἐστιν
3046 5193 3081 5261 ἡ
3126 5188 3375 5260 ἀλήθεια,
3429 5189 3529 5240 hoc
3548 5199 3660 5261 est,

2109 5278 2127 5311 ι
2167 5258 2398 5329 Spiritus
2427 5269 2508 5314 est
2535 5261 2754 5316 veritas.
2769 5256 2805 5313 'i
2848 5262 2976 5316 Vide
3009 5256 3176 5329 segni.
3204 5256 3272 5312 εἶθ
3306 5262 3354 5322 b,
3386 5273 3502 5325 pag.
3543 5256 3658 5310 127.

2175 5329 2250 5399 (2)
2297 5328 2473 5401 Libro.
2507 5330 2638 5385 Cum
2672 5331 2907 5401 priorem
2944 5328 3093 5384 hunc
3115 5329 3291 5401 λόγον,
3325 5331 3443 5401 sive
3468 5338 3663 5379 traCta-

2103 5397 2237 5462 tum,
2271 5400 2384 5454 sive
2415 5397 2738 5463 orationem,
2783 5402 2895 5456 sive
2926 5401 3120 5453 librum
3165 5400 3359 5466 allegat
3385 5397 3663 5466 Didymus,

2101 5471 2415 5538 plerumque
2443 5471 2716 5539 negotium
2747 5471 2900 5525 nobis
2930 5467 3662 5539 facessit._Vide_qua:adno.

2101 5535 2343 5610 tabiuiusi
2366 5542 2430 5610 ad
2466 5535 2640 5610 se'gm.
2674 5539 2742 5594 72
2776 5542 2826 5605 b,
2853 5541 2938 5610 775
2968 5555 3022 5603 a,
3067 5538 3132 5610 79
3171 5537 3221 5610 li,
3259 5537 3363 5590 155
3391 5544 3441 5598 ο,
3481 5535 3588 5610 l5ti
3610 5554 3664 5610 ιι,

2099 5609 2200 5684 iis
2234 5611 2285 5684 ιν,
2325 5607 2428 5664 185
2460 5606 2652 5673 0,187
2687 5610 2737 5675 ι,
2771 5609 2876 5665 eos
2910 5627 2963 5677 α,
2997 5618 3050 5684 e_t
3105 5608 3211 5661 ais
3240 5610 3505 5684 a_._Atqttt3
3538 5606 3666 5684 illud

2099 5681 2312 5734 interim
2346 5689 2518 5734 tecum
2551 5691 2760 5748 reputa,
2790 5691 2972 5734 utrum
3005 5678 3231 5732 duorum
3263 5679 3465 5748 λόγων.
3489 5692 3580 5729 seu
3613 5676 3668 5727 li-

2098 5750 2348 5814 brorum,
2384 5751 2590 5818 primus
2615 5747 2710 5808 hic
2757 5753 2983 5809 citetur.
3029 5763 3166 5807 auos
3202 5749 3372 5805 edidit
3411 5747 3668 5821 Didymus

2097 5831 2281 5876 contra
2319 5821 2563 5878 Aricinos.

3253 5882 3433 5974 '16
