4100 6424
448 354 543 412 491

1702 354 1937 413 DIDYMI
1976 356 2446 414 ALEXANDRINI

3617 360 3725 418 (σε

446 471 614 524 verba
659 477 962 540 repetentes
993 472 1244 542 inquiunt
1280 493 1292 529 :
1352 474 1492 530 Dens
1529 472 1763 531 Verbum
1803 484 2026 531 vocatus

2131 472 2556 544 ἀναστρέφοντε,
2613 469 2870 535 πολλάκις
2925 468 2992 523 τὰ
3042 469 3181 525 αὐτὰ
3231 471 3472 543 ῥήματα,
3512 475 3677 543 φασιν
3705 485 3720 500 ·

445 573 534 619 est
573 561 915 633 Unigenitus,
958 564 1086 634 quia
1121 564 1359 636 Spiritus
1389 576 1610 622 sanctus
1636 581 1702 622 ex
1744 566 2019 638 hypostasi

447 649 625 708 Patris
653 666 758 707 non
787 653 1047 709 exsistit:
1098 655 1338 726 alioquin
1386 659 1500 727 ipse
1530 658 1749 728 quidem
1795 669 2019 714 vocatus

449 757 555 799 non
585 742 773 800 luisset
798 741 1148 813 Unigenitus;
1186 746 1423 817 Spiritus
1451 763 1582 804 vero
1607 757 1829 805 sanctus
1864 764 2023 803 voca-

449 844 535 890 tus
567 835 758 891 luisset
787 836 956 907 ipsius
1000 836 1167 893 l'rater
1215 839 1316 910 (5).
1352 839 1430 895 ita
1468 839 1685 910 quidem
1732 840 1808 895 illi
1851 841 2023 895 disse.

447 938 593 992 runt,
641 944 704 983 ac
766 930 977 999 seipsos
1027 931 1261 1000 produnt
1309 932 1391 987 vel
1446 931 1550 987 sibi
1607 933 1738 1003 ipsis
1792 932 2025 988 dissimi-

449 1020 527 1076 les
562 1022 663 1090 (ι),
701 1021 843 1076 sicut
871 1023 951 1077 eis
973 1024 1251 1080 dissimilis
1292 1035 1378 1079 est
1412 1026 1636 1081 veritas.
1675 1025 2022 1095 Unigenitum

447 1112 587 1167 dixit
640 1111 921 1183 Scriptura
972 1112 1190 1176 Filium,
1238 1124 1348 1169 tum
1402 1116 1530 1187 quia
1579 1116 1729 1172 solus
1756 1132 1824 1171 ex
1857 1118 2024 1188 hypo-

447 1205 580 1259 stasi
611 1203 790 1259 Patris
837 1204 1049 1276 genitus
1092 1205 1214 1271 fuit,
1262 1222 1367 1262 non
1414 1224 1543 1264 vero
1590 1209 1874 1279 processit,
1916 1209 2025 1265 sie-

446 1305 506 1348 ut
562 1293 797 1362 Spiritus
843 1305 1095 1362 sanctus;
1151 1304 1262 1352 tum
1322 1299 1447 1369 quia
1507 1300 1799 1355 excludere
1853 1300 2026 1357 voluit

448 1386 825 1442 haereticorum
881 1387 1291 1457 hlasphemias,
1346 1391 1439 1460 qui
1487 1404 1611 1447 eum
1668 1391 1859 1447 dicunt
1905 1406 2025 1447 esse

448 1487 780 1545 creaturam,
832 1485 889 1534 et
924 1477 1114 1542 lilium,
1165 1479 1306 1536 sicut
1350 1495 1451 1537 nos
1501 1495 1711 1537 sumus.
1762 1480 2023 1551 Spiritum

446 1582 626 1624 autem
661 1580 909 1626 sanetum
946 1572 1022 1626 ait
1050 1571 1328 1642 Scriptura
1367 1590 1533 1629 unum
1563 1583 1620 1629 et
1659 1574 1839 1630 solum
1879 1590 2024 1642 esse,

448 1671 558 1715 tum
592 1662 716 1730 quia
738 1662 900 1719 unico
928 1663 1004 1735 (5)
1037 1664 1295 1734 quodam,
1328 1672 1384 1719 et
1412 1665 1676 1736 singulari
1711 1666 1874 1720 modo
1911 1666 2027 1734 ipse

444 1751 710 1819 processit
746 1766 811 1806 ex
848 1752 940 1807 Dei
978 1762 1033 1806 et
1076 1751 1253 1807 Patris
1286 1753 1583 1824 hyposlasi,
1615 1768 1722 1807 non
1771 1768 1905 1808 vero
1930 1768 2025 1823 ge-

2125 563 2435 635 Μονογενὴς
2490 562 2694 634 ἐκλήθη
2746 565 2775 617 ὁ
2829 561 2963 627 Θεὸς
2996 557 3190 631 Λόγος,
3242 563 3431 636 ἐπειδὴ
3456 564 3518 618 τὸ
3563 565 3723 635 ἅγιον

2127 652 2355 723 Πνεῦμα
2378 653 2478 705 οὑκ
2509 652 2575 705 ἐκ
2602 652 2703 724 τῆς
2748 653 3099 717 ὑποστάσεως
3144 657 3292 707 ἐστιν
3348 654 3443 707 τοῦ
3483 656 3719 729 Πατρός.

2139 741 2291 796 Ἐπεὶ
2324 739 2491 806 αὑτὸς
2546 743 2645 812 μὲν
2698 744 2799 797 οὑκ
2847 743 2914 798 ἂν
2962 742 3156 815 ἐλέχθη
3200 745 3546 817 Μονογενὴς,
3576 748 3640 801 τὸ
3663 748 3723 804 δὲ

2125 834 2283 903 ἅγιον
2349 833 2578 906 Πνεῦμα
2639 835 3055 906 προσηγορεύθη
3114 835 3180 890 ἂν
3240 836 3468 906 ἀδελφὸς
3530 839 3722 897 αὑτοῦ.

2138 926 2366 980 Ἐκεῖνοι
2393 926 2491 997 μὲν
2521 925 2718 991 οῦτως,
2745 927 2838 981 καὶ
2860 927 2996 999 πρὸς
3030 928 3257 992 ἑαυτοὺς
3280 929 3537 998 ἀνομοιοὺ
3546 948 3725 1001 μενοι,

2125 1019 2158 1089 ἡ
2189 1018 2247 1072 δὲ
2275 1017 2503 1090 ἀλήθεια
2526 1018 2664 1089 πρὸς
2688 1017 2905 1081 αὑτούς.
2938 1018 3250 1090 Μονογενὴς
3272 1018 3604 1091 γέγραπται,
3633 1022 3726 1077 διά

2090 1174 2099 1180 ,
2126 1127 2187 1164 τε
2220 1110 2281 1165 τὸ
2309 1110 2472 1182 μόνον
2496 1110 2823 1181 γεννηθῆναι
2849 1111 2914 1163 ὲκ
2943 1109 3044 1178 τῆς
3083 1110 3438 1176 ὑποστάσεως
3461 1112 3556 1166 τοῦ
3610 1116 3725 1169 Πα-

2125 1200 2275 1274 τρὸς.
2305 1202 2399 1255 καὶ
2432 1201 2507 1273 μὴ
2531 1200 2953 1272 ὲκπορευθῆναι,
2984 1199 3061 1263 ὡς
3085 1200 3146 1253 τὸ
3171 1199 3327 1269 ἅγιον
3350 1200 3604 1274 Πνεῦμα·
3632 1204 3724 1260 διά

2125 1310 2186 1347 τε
2216 1294 2277 1348 τὸ
2313 1291 2702 1348 ἀποκλείεσθαι
2730 1291 2831 1356 τὰς
2862 1292 3214 1363 βλασφημίας
3266 1293 3582 1364 αἱρετικῶν,
3635 1294 3725 1348 λε-

2126 1385 2331 1461 γόντων
2357 1386 2521 1441 αὑτὸν
2552 1386 2758 1457 κτίσμα
2787 1385 2882 1440 καὶ
2908 1385 3041 1449 υίὸν,
3072 1384 3149 1447 ὥς
3192 1384 3362 1456 ἐσμεν
3393 1387 3573 1457 ἡμεῖς.
3611 1387 3725 1441 Καὶ

2127 1479 2187 1532 τὸ
2217 1477 2371 1547 ἆγιον
2401 1478 2458 1530 δὲ
2498 1477 2722 1547 Πνεῦμα
2756 1477 2814 1530 ἓν
2853 1476 3143 1549 καὶιμόνον
3180 1475 3319 1530 εἶναι
3367 1477 3675 1548 γέγραπται
3703 1518 3720 1543 ,

2127 1570 2216 1625 διά
2243 1589 2300 1624 τε
2329 1570 2392 1623 τδ
2422 1570 2645 1633 ὲνιαίως
2672 1570 2770 1624 καὶ
2803 1569 2978 1640 μόνως
3003 1569 3134 1622 αὐτὸ
3161 1571 3225 1623 ἐκ
3249 1570 3347 1641 τῆς
3376 1570 3724 1633 ὑποστάσεως

2128 1662 2221 1716 τοῦ
2247 1662 2383 1716 Θεοῦ
2415 1662 2508 1715 καὶ
2541 1660 2754 1732 Πατρὺς
2781 1660 3197 1732 ὲκπορευθῆναι,
3223 1663 3317 1715 καὶ
3348 1663 3422 1733 μὴ
3454 1660 3721 1733 γεννηθῆο

2130 1771 2239 1813 ναι,
2270 1753 2344 1817 ὡς
2374 1755 2402 1805 ό
2436 1753 2561 1817 Υἱός
2584 1767 2598 1780 '
2626 1752 2715 1807 διά
2747 1770 2806 1805 τε
2860 1753 2921 1805 τὸ
2963 1753 3037 1824 μὴ
3068 1753 3296 1823 κτίσμα,
3352 1753 3431 1818 ὡς
3486 1754 3555 1807 τὰ
3572 1753 3724 1808 illa

442 1843 589 1899 nilus
620 1853 738 1910 est,
776 1844 918 1899 sicut
963 1843 1173 1899 Filius:
1214 1854 1325 1899 tum
1352 1846 1513 1900 etiam
1553 1861 1621 1901 ne
1663 1846 2022 1917 suspicemur,

2129 1845 2436 1916 πνεύματα,
2481 1845 2849 1899 ὑπονοεῖσθαι.
2908 1843 2981 1897 Τὸ
3012 1844 3122 1915 γὰρ
3147 1844 3205 1907 ἓν
3256 1843 3380 1898 οῦτε
3439 1845 3721 1909 ἀλλότριόν

442 1951 568 1992 eum
596 1949 717 1993 esse
741 1946 1068 2002 creaturam,
1096 1948 1157 1993 ut
1185 1947 1312 1994 sunt
1341 1938 1431 1992 alii
1478 1940 1723 2009 spiritus.
1761 1940 1895 1995 Nam
1931 1942 2022 2009 qui

443 2035 527 2082 est
560 2044 702 2084 unus
730 2028 970 2099 Spiritus
1004 2028 1109 2101 (6),
1145 2030 1354 2086 alienus
1410 2046 1517 2087 non
1566 2042 1649 2087 est
1685 2031 1756 2087 ab
1785 2033 2023 2087 essentia

445 2119 646 2183 Patris,
676 2135 858 2191 neque
886 2123 955 2177 ab
985 2123 1194 2179 unitate
1228 2122 1398 2192 illius,
1442 2124 1586 2192 quod
1615 2139 1780 2178 unum
1809 2132 1913 2191 est,
1940 2138 2025 2193 se-

442 2212 708 2282 jungitur,
761 2213 855 2268 sed
887 2228 1051 2270 unum
1104 2230 1227 2269 cum
1276 2230 1342 2270 eo
1379 2224 1511 2270 est:
1553 2230 1729 2286 neque
1775 2224 2023 2286 respectu

447 2303 593 2358 illius
634 2314 729 2357 aut
763 2305 962 2370 minor,
993 2305 1338 2377 subjectusve
1372 2317 1480 2372 est,
1515 2318 1608 2362 aut
1645 2307 1808 2362 alium
1841 2306 2020 2373 habet,

447 2397 540 2465 qui
565 2397 989 2463 connaturalior,
1018 2400 1295 2468 magisque
1314 2416 1438 2457 eum
1464 2400 1609 2456 illius
1628 2400 1866 2455 essentia
1894 2414 2025 2454 con-

443 2492 668 2561 junctus
695 2492 788 2559 sit,
826 2502 919 2547 aut
953 2493 1063 2547 Deo
1092 2494 1447 2564 propinquior
1477 2512 1490 2548 :
1529 2508 1705 2563 neque
1734 2501 1910 2561 potest
1940 2491 2020 2563 (7)

448 2594 540 2638 aut
564 2598 823 2639 numerus
845 2585 1050 2658 vocari,
1082 2598 1204 2639 eum
1243 2583 1515 2654 pertineat
1540 2586 1606 2638 ad
1637 2583 1903 2640 unitatem
1932 2597 2022 2637 es-

447 2677 655 2742 sentize,
683 2684 777 2728 aut
818 2674 961 2729 inter
993 2689 1080 2730 res
1133 2676 1427 2744 productas
1482 2675 1761 2741 collocari,
1822 2676 2024 2748 quippe

446 2766 536 2835 qui
567 2780 673 2819 una
687 2779 811 2820 eum
834 2763 1018 2832 Patre,
1042 2776 1094 2820 et
1118 2765 1257 2821 Filio
1278 2768 1525 2837 omnium
1565 2782 1745 2821 rerum
1773 2768 2025 2822 conditor

446 2866 553 2912 est.
582 2856 779 2926 Nequit
807 2871 936 2926 ergo
964 2872 1104 2911 unus
1125 2866 1348 2912 sanctus
1370 2854 1608 2926 Spiritus
1630 2865 1723 2911 aut
1747 2856 1910 2911 unius
1925 2853 2024 2909 Pa-
2058 2879 2064 2884 -

447 2950 566 3014 tris,
604 2950 832 3003 uniusve
871 2946 991 3003 Filii
1045 2962 1166 3003 esse
1211 2948 1520 3012 dissimilis,
1564 2956 1657 3001 aut
1691 2946 2024 3002 multitudini

446 3038 735 3108 spirituum
778 3037 992 3093 similis.
1071 3035 1536 3103 Quemadmodum
1585 3036 1727 3090 enim
1781 3036 2025 3106 quamvis

450 3142 593 3183 unus
656 3128 726 3183 sit
785 3126 925 3182 Deus
988 3137 1044 3183 et
1105 3125 1310 3190 Pater,
1391 3135 1446 3180 et
1505 3141 1645 3181 unus
1691 3124 1865 3182 Filius
1930 3139 2023 3180 ve-

2126 1936 2244 1990 ὲστι
2274 1935 2334 1988 τὸ
2366 1933 2588 2005 Πνεῦμα
2631 1934 2733 2005 τῆς
2760 1935 2948 2000 οὐσίας
2991 1934 3086 1989 τοῦ
3122 1935 3357 2007 Πατρός,
3387 1933 3512 1988 οῦτε
3536 1933 3722 2007 διώριο

2128 2047 2251 2085 σται
2288 2029 2389 2100 τῆς
2412 2029 2549 2101 πρὸς
2574 2029 2635 2082 τὸ
2662 2029 2719 2082 ἓν
2746 2028 3004 2105 ⁵ὲνώσεως
3030 2043 3044 2058 ⁸
3085 2027 3209 2082 οὔτε
3265 2028 3405 2100 πρὸς
3437 2030 3633 2094 ἐκεῖνο,
3683 2028 3718 2099 ἢ

2127 2121 2320 2193 ὕφεσιν
2347 2122 2537 2193 ἔχει,ῆ
2569 2120 2662 2195 [61
2706 2120 2772 2194 a]
2801 2121 2962 2176 ἄλλον
2991 2121 3186 2176 ἑαυτοῦ
3230 2122 3432 2193 μᾶλλον
3479 2122 3724 2194 συμφυέ-

2128 2231 2336 2286 στερον,
2370 2214 2403 2286 ἦ
2432 2212 2686 2284 ἀγχίθεον
2709 2230 2723 2245 ⁸
2754 2212 2867 2267 οὔτ’
2891 2215 3167 2285 ἀνέχεται,
3195 2215 3228 2286 ἢ
3261 2214 3496 2288 ἀριθμὸς
3547 2232 3723 2287 προσ-

2126 2306 2506 2378 ἀγορεύεσθαι,
2542 2306 2645 2378 τῆς
2676 2304 2862 2369 ὲνάδος
2895 2305 3085 2370 οὐσίας
3107 2304 3189 2373 δν,
3220 2305 3254 2377 ἢ
3285 2309 3398 2369 τοῖς
3426 2308 3720 2377 παρηγμέ-

2128 2415 2238 2463 νοις
2262 2396 2671 2464 συντάττεσθαι,
2703 2395 2813 2450 τῶν
2857 2397 3035 2451 πάντα
3059 2395 3491 2468 παραγαγόντων
3518 2398 3614 2449 σὺν
3642 2396 3723 2465 τῷ

2126 2489 2301 2561 Πατρι
2329 2489 2424 2544 καὶ
2451 2488 2528 2559 τῷ
2554 2487 2667 2558 Υἱῷ
2707 2490 2992 2560 τυγχάνον.
3031 2489 3106 2543 Οὑ
3154 2488 3380 2544 δύναται
3422 2485 3516 2543 οῦν
3547 2489 3609 2542 τὸ
3659 2488 3719 2542 ἒν

2126 2574 2280 2648 ἅγιον
2307 2577 2549 2649 Πνεῦμα,
2575 2576 2700 2631 οῦτε
2728 2578 2804 2649 τῷ
2835 2581 2917 2632 ἑνὶ
2937 2581 3054 2634 Πατ
3065 2581 3137 2652 ρἰ,
3163 2579 3195 2652 ἢ
3223 2580 3300 2651 τῷ
3327 2581 3409 2634 ἐνὶ
3441 2580 3555 2651 Υίῷ
3580 2576 3721 2635 εἶναι

2126 2671 2397 2741 ἀνόμοιον,
2421 2669 2543 2722 οῦτε
2560 2669 2636 2740 τῷ
2658 2670 2854 2741 πλήθει
2872 2671 2979 2723 τῶν
3002 2673 3332 2742 πνευμάτων
3348 2672 3554 2743 ὅμοιον.
3571 2670 3731 2725 Καϐί

2128 2765 2271 2833 άπερ
2306 2764 2416 2833 γὰρ
2435 2762 2551 2824 ἐνὸς
2574 2762 2727 2825 ὅντος
2758 2762 2895 2815 Θεοῦ
2924 2764 3017 2816 καὶ
3052 2764 3291 2835 Πατρδς,
3320 2764 3415 2816 καὶ
3441 2763 3555 2827 ἐνὸς
3589 2763 3719 2816 Υἱοῦ

2128 2852 2403 2923 ἀληθινοῦ,
2444 2853 2641 2917 πάντες
2689 2853 2739 2906 oi
2783 2852 2904 2908 κατ’
2935 2855 3121 2908 εἰκόνα
3163 2854 3229 2907 δι’
3276 2853 3591 2924 ἀγαθότητα
3624 2855 3721 2907 καὶ

2127 2943 2389 3013 ἀφθονίαν
2416 2943 2580 2997 αὑτοῦ
2615 2944 2927 3015 ἐκλήθημεν
2972 2944 3086 2998 θεοὶ
3128 2946 3221 2998 καὶ
3249 2946 3379 3012 υίοὶ,
3424 2947 3523 2999 οὑκ
3567 2946 3720 3008 ὅντες

2126 3038 2194 3107 τῇ
2239 3035 2468 3107 ἀληθείᾳ
2516 3035 2659 3089 κατά
2706 3036 2786 3100 τὸ,
2831 3055 2849 3087 ι
2896 3035 3038 3106 Ἐγὼ
3086 3032 3247 3090 εῖτ-ια’
3284 3037 3409 3091 Θεοί
3461 3038 3586 3091 ὲστε
3626 3038 3722 3091 καὶ

2129 3126 2236 3179 υίοὶ
2289 3126 2543 3196 Ὑψίστου
2570 3127 2771 3190 πάντες
2792 3144 2805 3157 ο
2848 3146 2865 3179 ι
2903 3126 3075 3191 οὑτως
3102 3128 3221 3192 ἑνὸς
3248 3128 3340 3182 καὶ
3371 3129 3531 3199 μόνου
3565 3127 3722 3191 ὄντος

450 3235 563 3286 rus,
597 3217 757 3291 139
783 3235 971 3275 omnes
1007 3229 1207 3283 tamen,
1236 3218 1327 3288 qui
1349 3217 1415 3272 ad
1451 3216 1568 3287 ejus
1600 3217 1886 3287 imaginem
1933 3230 2026 3272 su-

2134 3217 2287 3288 ἀγίου
2321 3192 2637 3288 Πνεῦματως
2668 3217 2946 3291 ἀληθείας,
2967 3219 3137 3273 πολλά
3168 3192 3456 3290 πνεύματα
3477 3219 3720 3288 λέγεται,

450 3327 591 3379 mus,
619 3313 692 3367 dii
714 3321 769 3367 et
809 3310 905 3366 lilii
936 3310 1005 3365 ob
1069 3309 1213 3365 illius
1265 3308 1561 3365 bonitatem
1624 3318 1680 3364 et
1727 3308 2026 3365 liberalita-

451 3416 580 3472 tem,
611 3405 735 3459 licet
768 3402 941 3472 reipsa
973 3417 1076 3455 non
1112 3402 1308 3469 simus,
1373 3401 1547 3455 vocati
1602 3401 1822 3465 luimus,
1869 3401 2022 3470 juxta

451 3499 602 3561 illud,
635 3515 655 3548 ι
697 3495 811 3567 Ego
845 3496 954 3550 dixi
987 3494 1063 3567 (8)
1096 3510 1111 3547 :
1145 3493 1224 3548 Dii
1271 3494 1426 3559 estis,
1453 3502 1508 3546 et
1532 3491 1624 3546 lilii
1656 3491 1864 3548 Excelsi
1910 3508 2026 3548 om-

448 3604 548 3644 nes
565 3606 579 3650 ;
596 3608 617 3642 ι
648 3589 722 3643 ita
741 3587 842 3644 etsi
865 3602 1007 3642 unus
1033 3587 1106 3641 sit
1129 3596 1183 3642 et
1210 3584 1357 3640 solus
1384 3585 1618 3654 Spiritus
1637 3593 1860 3639 sanctus
1882 3586 2027 3638 veri-

450 3676 597 3739 tatis,
627 3673 782 3728 mnlti
815 3682 997 3727 tamen
1034 3672 1261 3741 spiritus
1287 3670 1567 3733 dicuntur,
1597 3669 1691 3739 qui
1744 3682 1850 3723 non
1900 3677 2027 3723 sunt

449 3777 643 3823 natura
677 3765 911 3834 Spiritus
935 3763 1051 3817 Dei.
1081 3761 1250 3816 Porro
1291 3758 1366 3831 (9)
1397 3759 1634 3814 haeretici
1661 3758 1793 3812 nihil
1840 3758 1908 3813 de
1960 3771 2025 3812 eo

448 3857 689 3923 solliciti,
720 3865 778 3911 ut
805 3856 1004 3911 divinis
1037 3853 1303 3923 theologis
1336 3860 1699 3906 consentanea
1728 3850 1912 3905 dicere
1942 3849 2025 3902 vi-

448 3951 697 4015 deantur,
723 3949 825 4003 alia
848 3962 1065 4018 quoque
1093 3946 1286 3999 all'erre
1311 3958 1416 3999 non
1447 3953 1704 3997 verentur
1726 3941 1879 3995 valde
1904 3956 2026 4009 pcr-

448 4039 677 4095 niciosa.
709 4038 892 4109 Neque
918 4055 1048 4094 vero
1093 4036 1362 4108 quispiam
1405 4043 1695 4103 antequam
1749 4032 1801 4086 id
1845 4047 2022 4097 (ιιιιιιο,

450 4132 593 4202 quod
655 4132 897 4188 dicturus
971 4146 1112 4195 sum,
1169 4125 1435 4192 audierit;
1489 4139 1575 4181 me
1631 4125 2023 4192 reprehendat,

450 4228 595 4293 quod
626 4222 927 4293 perniciosa
953 4234 1140 4274 vocem
1172 4234 1292 4287 qum
1324 4217 1395 4270 illi
1432 4214 1700 4270 aﬂerunt:
1737 4229 1832 4269 eos
1879 4215 2023 4270 enim

449 4312 530 4366 sic
561 4312 707 4380 loqui
732 4310 1053 4380 comperiet,
1081 4319 1139 4361 ut
1168 4307 1379 4360 illorum
1437 4305 1678 4358 virorum
1742 4305 1907 4359 menti
1963 4318 2025 4357 ac

449 4403 733 4457 sententiae
779 4399 1064 4456 manifesto
1115 4407 1439 4469 repugnent,
1496 4397 1586 4467 qui
1646 4396 1757 4454 Deo
1810 4394 2027 4452 allian'te

451 4493 740 4561 scripsere,
773 4491 1204 4561 quique-donum
1235 4489 1337 4543 hoc
1363 4504 1392 4543 a
1424 4488 1537 4545 Deo
1592 4488 1915 4557 habuerunt,
1966 4498 2027 4543 ut

2132 3311 2233 3364 οὑκ
2260 3310 2388 3364 ὄντα
2415 3312 2481 3381 τῇ
2513 3309 2672 3380 φύσει
2703 3310 2993 3382 πνεύματα
3018 3310 3114 3364 τοῦ
3140 3311 3300 3365 Θεοῦ.
3328 3311 3401 3365 Οὑ
3433 3310 3727 3381 βλέποντες

2133 3399 2229 3453 κα)⁸
2247 3400 2733 3471 ἀνασκεπτόμενοι,
2764 3401 2911 3464 ὅπως
2937 3400 3002 3454 ἂν
3024 3404 3136 3465 τοῖς
3159 3401 3427 3468 θεολόγοις
3454 3401 3728 3471 φαίνοιντο

2135 3488 2429 3561 συμϐαῖνόν
2456 3507 2509 3543 τι
2541 3489 2811 3559 λέγοντες,
2846 3491 2945 3543 οὑκ
2977 3491 3197 3544 ὀκνοῦσι
3229 3491 3324 3544 καὶ
3361 3491 3496 3546 ἄλλα
3530 3493 3723 3560 ἐπιφέ-

2136 3599 2251 3653 ρειν
2305 3581 2563 3653 βλαϐερά.
2617 3582 2729 3634 Καὶ
2778 3581 2889 3651 μοὶ,
2920 3581 3053 3652 πρὶν
3095 3582 3333 3647 ἅπαντος
3373 3582 3602 3636 ἀκοῦσαι
3626 3580 3723 3636 τοῦ

2131 3675 2313 3746 λόγου,
2355 3671 2637 3745 μέμψηται
2691 3672 2827 3744 μηδὲ
2876 3667 2978 3738 εἷς,
3028 3676 3076 3727 εί
3128 3673 3334 3746 βλάϐην
3379 3674 3451 3727 τά
3494 3674 3726 3727 ἐκείνων

2133 3765 2305 3821 καλῶ.
2338 3764 2573 3835 Εὑρήσει
2600 3763 2729 3835 γάρ,
2770 3765 2852 3817 ὅτι
2890 3765 3241 3834 φθέγγονται,
3286 3766 3546 3837 ἄντικρυς
3573 3765 3720 3819 ἀντι-

2134 3856 2461 3927 πράττοντες
2504 3858 2569 3926 τῇ
2613 3855 2807 3927 γνώμῃ
2848 3856 2957 3909 τῶν
3004 3857 3281 3929 θεηγόρων
3323 3856 3552 3928 ἀνδρῶν,
3586 3856 3635 3910 οἳ
3662 3859 3721 3909 τὸ

2134 3948 2261 4019 περὶ
2282 3946 2783 4021 τοῦτο-διαπρέπειν
2813 3945 2961 4020 είχον
2983 3950 3133 4022 παρὰ
3152 3949 3244 4002 τοῦ
3262 3948 3399 4002 Θεοῦ
3430 3950 3487 4003 ὲν
3514 3949 3723 4021 δωρεᾶς

2134 4037 2311 4112 μέρει.
2351 4037 2583 4106 Λέγουσι
2636 4040 2778 4110 γάρ’
2819 4040 2882 4093 Εί
2927 4040 3061 4104 Θεὸς
3114 4040 3176 4094 τὸ
3216 4040 3371 4110 ἅγιον
3407 4040 3654 4111 Πνεῦμα,
3686 4041 3725 4113 ἢ

2133 4127 2349 4199 Πατὴρ,
2382 4128 2415 4198 ἢ
2465 4128 2594 4192 Υἱός
2633 4131 2810 4184 ἐστιν·
2859 4131 2935 4201 μὴ
2960 4129 3020 4185 ὃν
3053 4130 3108 4184 δὲ
3152 4130 3360 4185 τούτων
3393 4130 3581 4201 μηδὲν,
3619 4131 3720 4185 οὑκ

2132 4219 2248 4273 ἔστι
2277 4219 2430 4285 Θεὸς,
2452 4220 2528 4284 ὡς
2561 4221 2685 4273 οὑδὲ
2723 4220 2794 4274 τὰ
2834 4221 2969 4276 ἄλλα
3010 4221 3313 4293 πνεύματα.
3360 4224 3722 4293 Ἀπαντητέον

2131 4313 2309 4365 τοίνυν
2334 4312 2516 4376 αὑτοῖς
2544 4313 2765 4366 οὑτωσί*
2804 4314 3016 4384 Ὥσπερ
3053 4314 3186 4378 Θεὸς
3220 4317 3249 4368 ὁ
3292 4315 3499 4387 Πατὴρ.
3537 4316 3597 4368 οὑ
3635 4314 3724 4369 διὰ

2132 4404 2193 4458 τὸ
2228 4400 2366 4459 εἶναι
2395 4406 2637 4475 Πατέρα,
2660 4406 2794 4460 ἀλλὰ
2816 4406 2903 4461 διὰ
2927 4407 2986 4460 τὸ
3009 4403 3150 4462 εἷναι
3175 4406 3327 4472 θείας
3357 4408 3571 4477 φύσεως
3587 4423 3603 4439 ο
3627 4409 3721 4461 καὶ

2133 4498 2162 4550 ὁ
2190 4496 2337 4563 Υἱὸς,
2363 4498 2424 4549 οὑ
2457 4496 2548 4549 διὰ
2592 4497 2653 4548 τὸ
2695 4493 2836 4550 εἶναι
2873 4498 2969 4551 τοῦ
3005 4500 3262 4569 τυχόντος
3304 4499 3439 4562 υίὸς,
3469 4498 3605 4552 ἀλλὰ
3632 4498 3724 4551 διὰ

454 4586 557 4640 ista
594 4585 732 4638 inre
773 4583 1031 4653 praeclare
1087 4590 1456 4636 versarentur.
1519 4581 1681 4635 Aiunt
1739 4581 1918 4635 enim:
1973 4580 2026 4636 Si

2133 4587 2195 4640 τὸ
2226 4587 2320 4641 τοῦ
2371 4588 2507 4641 Θεοῦ
2554 4585 2692 4643 εἶναι
2736 4576 2867 4642 Ῠίὸν
2904 4591 3096 4660 Λόγον,
3145 4591 3238 4645 καὶ
3280 4591 3595 4662 ἀναγκαίως
3624 4591 3724 4661 τῆς

452 4675 564 4746 (l0)
594 4676 731 4729 Deus
762 4684 845 4728 est
884 4673 1118 4743 Spiritus
1150 4681 1394 4739 sanctus,
1429 4679 1523 4726 aut
1573 4672 1734 4727 Pater
1783 4685 1885 4737 est,
1936 4682 2029 4728 aut

450 4766 639 4823 Filius.
679 4767 839 4836 Atqui
876 4776 1061 4820 neuter
1094 4766 1283 4819 horum
1312 4776 1430 4819 est:
1467 4778 1572 4818 non
1600 4775 1828 4835 estergo
1868 4767 2051 4837 Deus,_

528 4968 604 5035 (3)
642 4968 847 5023 Frater.
912 4967 1024 5023 Hoc
1078 4968 1582 5024 Macedonianorttm
1639 4981 2021 5038 argumentum

453 5036 610 5092 aliud
654 5039 906 5111 Didymus
947 5055 1011 5094 ac
1060 5040 1214 5093 diluit
1247 5039 1299 5092 itt
1331 5038 1473 5095 libro
1508 5041 1671 5095 etiam
1706 5036 1781 5094 De
1823 5038 2026 5111 Spiritu

452 5120 652 5170 uincto,
668 5124 815 5162 num.
846 5110 934 5162 (ἃ.

528 5179 605 5250 (.l)
647 5177 1183 5250 ρὶεδὶηιὶιεεηυιροιε
1221 5178 1557 5250 versipelles.

527 5246 605 5317 (5)
644 5246 827 5302 Unico.
866 5251 924 5302 In
961 5246 1170 5316 Grmco,
1213 5250 1452 5312 ὲνιαίως.
1495 5249 1587 5303 Est
1620 5261 1799 5304 autem
1826 5252 2029 5315 ἐνιαῖος

462 5337 495 5389 ι
524 5323 691 5386 solus,
722 5336 882 5381 unus,
920 5337 938 5369 ι
979 5332 1071 5372 aut
1105 5339 1123 5370 ι
1154 5320 1459 5389 singularis.
1515 5338 1534 5370 ι
1583 5320 1766 5386 Itaque
1795 5320 2033 5376 Joannes

459 5388 837 5461 Euchaitarum
867 5389 1220 5461 metropolita
1242 5388 1295 5461 in
1330 5392 1577 5445 oratione
1607 5391 1807 5444 inedita
1842 5394 1895 5445 in
1924 5390 2030 5461 Sy-

455 5457 635 5529 uaxint
667 5462 993 5527 angelorum,
1030 5476 1149 5529 pag.
1191 5459 1279 5523 58,
1338 5461 1614 5524 cujusdam
1661 5476 1763 5513 ms.
1826 5457 2030 5515 codicis

456 5525 711 5581 Nanianze
735 5525 1202 5601 hihltotheezefsic
1227 5531 1463 5601 loquitur
1494 5548 1506 5584 :
1533 5529 1593 5583 τὸ
1617 5530 1837 5599 τρισσὸν
1861 5530 2030 5601 αὐτῆς

457 5601 675 5672 (nempe
699 5597 798 5666 τῆς
819 5594 969 5672 θείας
995 5594 1448 5672 μεγαλειότητος)
1473 5601 1567 5656 καὶ
1596 5594 1816 5665 ἐνίαῖον,
1851 5603 1899 5654 id
1924 5594 2027 5672 est,

456 5684 514 5792 se
540 5667 836 5721 trinitatem
877 5667 1046 5738 ipsius
1081 5667 1331 5740 (divinae
1364 5672 1708 5742 maiestatis)
1747 5682 1803 5727 et
1846 5670 2028 5727 unita-

516 5748 588 5788 ιιι.
636 5752 655 5785 ι

516 5748 655 5788 ιη.»

532 5805 607 5875 (6)
649 5801 893 5892 Spiritus.
928 5804 987 5859 Si
1021 5804 1349 5877 coniecturis
1375 5811 1651 5879 indulgere
1680 5813 1907 5871 liceret.
1936 5824 2027 5865 su-

2118 4666 2301 4732 ἀὺτοῦ
2341 4677 2493 4743 θείας
2526 4679 2739 4749 φύσεως
2773 4681 3075 4753 ὑπάρχειν·
3111 4682 3284 4747 οὕτως
3332 4685 3427 4739 καὶ
3466 4684 3527 4737 τὸ
3569 4684 3722 4752 ἅγιον

2138 4768 2364 4840 Πνεῦμα
2392 4770 2544 4837 Θεὸς,
2578 4772 2639 4826 οὑ
2673 4772 2761 4825 διὰ
2788 4773 2848 4826 τὸ
2889 4773 3075 4837 ἁπλῶς
3113 4770 3252 4829 εἶναι
3289 4775 3537 4846 Πνεῦμα,
3591 4774 3724 4828 ἀλλὰ

2134 4985 2375 5038 spicarer
2403 4971 2689 5043 legendum
2728 4986 2852 5030 esse
2886 4972 2939 5025 in
2973 4971 3162 5026 Graeco
3209 4987 3223 5024 :
3259 4970 3320 5023 τὸ
3348 4971 3458 5042 γὰρ
3487 4971 3545 5023 ἓν
3576 4970 3727 5042 δηλοί

2133 5041 2216 5094 ὅτι
2252 5039 2396 5094 οὔτε.
2422 5059 2476 5094 κ.
2517 5059 2570 5094 τ.
2603 5043 2656 5094 λ.

2137 5043 2216 5094 ὅτι
2252 5043 2396 5102 οὔτε,
2422 5059 2476 5096 κ.
2517 5059 2570 5095 τ.
2603 5043 2656 5096 λ,

2137 5109 2513 5233 agitataque
2568 5122 2756 5180 Ρυτεδίο
2790 5111 2993 5177 Codex,
3025 5106 3093 5164 ἂν
3138 5108 3344 5181 ἔχεται.
3393 5109 3560 5181 Lego,
3631 5111 3726 5164 ἀν.

2168 5199 2444 5319 χῖὲῗιῖρο
2468 5251 2603 5306 dimi.
2638 5251 2781 5307 Psal.
2816 5267 3000 5317 Lxxxt,
3029 5267 3172 5308 vers.
3199 5249 3253 5306 6.

2236 5260 2289 5315 8)
2331 5260 2444 5319 Ego
2468 5260 2603 5306 dimi.
2639 5260 2781 5307 Psal.
2816 5267 3000 5317 Lxxxt,
3029 5267 3172 5308 vers.
3199 5260 3253 5306 6.

2211 5260 2286 5394 (9)
2330 5320 2520 5394 Porro.
2558 5322 2672 5394 Nisi
2709 5322 2910 5394 aliquid
2939 5324 3108 5394 addas
3129 5323 3183 5376 in
3213 5321 3520 5394 Grmchac
3551 5321 3719 5390 legas,

2135 5388 2369 5462 exempli
2403 5408 2590 5452 causa,
2626 5393 2686 5445 οὑ
2732 5388 3019 5460 βλέποντες
3049 5388 3163 5456 οῦν,
3199 5394 3302 5462 vel,
3330 5392 3391 5445 οὑ
3430 5388 3723 5462 βλέποντες

2137 5461 2215 5527 δέ,
2250 5466 2355 5525 vel,
2388 5462 2503 5516 ἀλλ’
2530 5462 2593 5515 οὑ
2625 5462 2942 5533 βλέποντες,
2979 5465 3141 5533 nimis
3169 5461 3365 5525 soluta,
3394 5461 3535 5527 laxa,
3560 5473 3724 5529 atque

2137 5535 2428 5603 exsanguis
2458 5532 2730 5587 videbitur
2762 5536 2956 5586 oratio.
2999 5532 3315 5603 Quanquam
3344 5533 3458 5585 Iuec
3500 5547 3721 5601 magno-

2139 5616 2267 5671 pere
2297 5598 2517 5657 curasse
2550 5620 2654 5658 non
2690 5604 2900 5656 videtur
2947 5598 3223 5672 Didymus.
3263 5598 3522 5657 Fortasse
3554 5598 3719 5655 etiam

2139 5686 2339 5743 novum
2371 5682 2531 5741 caput
2555 5674 2645 5728 hic
2676 5673 2836 5743 incipi
2868 5671 3103 5739 volehat,
3126 5687 3249 5727 cum
3273 5671 3340 5726 ad
3361 5672 3520 5725 altam
3545 5681 3722 5727 trans-

2137 5752 2223 5795 eat
2260 5742 2637 5810 objectionem.

2211 5809 2339 5882 (l0)
2363 5809 2441 5866 Si.
2483 5813 2538 5867 in
2574 5812 2781 5881 codice,
2817 5813 2854 5883 ὴ
2883 5811 3037 5876 Θεός.
3069 5809 3233 5884 Lego,
3266 5810 3328 5864 El
3357 5809 3510 5875 Θεός.
