4146 6420
441 403 548 460 493

1491 405 1580 458 DE
1619 402 1998 458 TRINITATE
2037 401 2237 454 LIBER
2278 400 2669 457 SECUNDUS.

3620 401 3727 464 494

440 518 530 573 διὰ
558 518 621 572 τὸ
648 517 742 570 τοῦ
780 516 913 570 Θεοῦ
957 512 1096 570 εἶναι
1139 517 1195 569 ἓν
1243 518 1332 570 καὶ
1385 518 1547 588 μόνον
1577 517 1802 587 Πνεῦμα
1859 517 2029 585 ἅγιον¹

2141 513 2280 568 sicut
2305 527 2371 568 ne
2400 513 2488 566 alii
2519 514 2735 582 quidem
2790 516 3012 584 spiritus
3037 517 3109 570 dii
3137 526 3282 571 sunt.
3321 517 3410 572 Sic
3443 533 3607 587 porro
3640 520 3720 588 ip-

442 611 540 664 xal.
568 609 665 679 τῆς
704 607 869 660 αὑτοῦ
897 606 998 678 [Gl
1035 607 1098 679 θ]
1131 607 1281 670 θείας
1322 609 1540 677 φύσεως
1579 608 1926 674 καθεστάναι,
1958 609 2034 672 ὡς

444 701 771 773 προελὲχθη.
811 699 915 753 Καὶ
946 700 1136 773 ὥσπερ
1188 700 1546 777 ἀκούσαντες·
1583 721 1600 752 ι
1626 698 1719 765 Εἷς
1752 704 1780 755 ὁ
1814 701 1974 765 Θεός·
2011 721 2028 751 ι

446 795 558 856 καὶ,
590 811 608 844 ι
643 791 828 863 Κυρίῳ
869 792 948 862 τῷ
989 791 1106 862 Θεῷ
1147 810 1238 844 σου
1288 794 1709 864 προσκυνήσεις,
1755 796 1848 846 καὶ
1888 795 2036 864 αὐτῷ

451 885 597 955 μόνῳ
629 883 947 954 λατρεύσεις
970 901 984 916 ο
1013 903 1030 934 ι
1071 883 1129 949 ἐξ
1179 884 1294 936 ίσου
1316 883 1584 956 τῷΠατρὶ
1624 884 1755 937 Θεόν
1795 902 1854 938 τε
1889 881 2028 940 εἶναι

428 973 536 1038 ,τὸν
571 973 834 1042 μονογενῆ
865 971 1037 1039 Λόγον
1067 972 1418 1043 πιστεύομεν,
1460 976 1550 1026 καὶ
1596 975 2031 1046 προσκυνοῦμεν,

406 1097 412 1102 -
446 1065 539 1117 καὶ
569 1063 904 1134 λατρεύομεν
929 1063 1080 1133 αύτῷ
1103 1081 1114 1092 ·
1147 1065 1238 1117 τὸν
1271 1065 1384 1116 ἴσον
1424 1065 1624 1134 τρόπον
1652 1067 1744 1118 καὶ
1781 1069 1908 1138 περὶ
1938 1068 2032 1122 τοῦ

447 1157 601 1223 ἀγίου
633 1156 948 1226 Πνεύματος
981 1155 1324 1226 διακείμεθα.
1348 1157 1507 1227 Αύτῴ
1536 1157 1664 1228 γὰρ,
1694 1151 1739 1225 ᾧ
1769 1161 2033 1230 προσετά-

446 1249 652 1317 χθημεν
679 1249 735 1300 ὲν
757 1247 833 1316 τῷ
859 1248 986 1320 περὶ
1008 1247 1102 1299 τοῦ
1127 1247 1405 1316 ἀφθάρτου
1435 1248 1808 1319 βαπτίσματος
1829 1250 2033 1304 δοθέντι

445 1341 576 1410 ὅρῳ,
602 1339 660 1402 ἐξ
688 1335 748 1392 οὗ
777 1341 1010 1412 ἤρτηται
1052 1341 1084 1408 ἡ
1115 1339 1210 1408 τῆς
1245 1339 1424 1406 πάσης
1451 1339 1609 1408 ἡμῶν
1639 1340 1914 1404 πολιτείας
1944 1343 2035 1394 καὶ

445 1432 738 1502 θρησκείας
767 1433 1124 1493 κατάστασις,
1180 1430 1494 1484 συντάττειν
1546 1433 1682 1485 αὐτὸ
1729 1432 1808 1502 τῷ
1857 1434 2034 1503 Πατρ“ι

446 1525 538 1576 καὶ
584 1523 662 1594 τῷ
713 1523 858 1592 Υίῴ·
909 1526 1361 1596 προσετάχθημεν
1421 1524 1516 1578 καὶ
1569 1530 2031 1596 συμπροσκυνεῖν,

447 1613 542 1666 καὶ
571 1613 913 1678 συνδοξάζειν
961 1616 1113 1681 αὐτὸ,
1164 1617 1260 1671 καὶ
1295 1618 1628 1689 λειτουργεῖν
1664 1610 1840 1688 αὐτῷ.
1883 1617 2030 1688 Αῦτη

445 1705 554 1775 γάρ
607 1706 754 1759 ἐστιν
805 1709 838 1776 ἡ
886 1707 1076 1780 λογικὴ
1136 1708 1377 1779 λατρεία,
1432 1710 1499 1780 ἢν
1543 1709 1778 1782 ἔγραψεν
1825 1711 2034 1774 Παῦλος

445 1797 665 1850 τοιῶσδε
687 1815 700 1829 ·
737 1816 754 1848 ι
783 1799 900 1851 Ἵνα
939 1802 1332 1871 παραστήσητε
1379 1802 1447 1854 τὰ
1494 1801 1720 1872 σώματα
1754 1803 1907 1871 ὑμῶν
1939 1801 2032 1854 θυ-

447 1889 568 1941 σίαν
605 1889 805 1954 ζῶσαν,
835 1891 1016 1958 ἁγίαν,
1043 1892 1337 1963 εὐάρεστον
1375 1891 1453 1962 τῷ
1496 1891 1636 1962 Θεῷ,
1670 1893 1770 1961 τὴν
1812 1891 2033 1962 λογικὴν

443 1979 714 2050 λατρείαν.
749 1999 767 2032 ι
802 1982 988 2035 Κα“ιὸν
1015 1982 1236 2054 τρόπον,
1282 1982 1374 2035 τοῦ
1425 1982 1748 2035 ’Λποστόλου
1780 1983 1871 2036 τὸν
1902 1983 2033 2036 Θεὸν

451 2071 606 2140 μόνον
637 2073 799 2142 σοφόν
822 2091 880 2126 τε
906 2075 998 2126 καὶ
1029 2073 1172 2144 ἔχειν
1193 2072 1493 2126 ἀθανασίαν
1519 2073 2030 2143 χρησμιεκῖήσαντος,

454 2163 773 2233 πιστεύομεν
825 2164 1047 2216 καὶτὸν
1100 2164 1225 2216 Υίον
1270 2165 1472 2233 ὁμοίως
1529 2162 1674 2232 ἐχειν
1711 2162 2032 2230 ἀθανασίαν,

445 2257 540 2305 καὶ
567 2249 704 2308 εἶναι
737 2255 918 2323 σοφὸν,
964 2255 1058 2308 ἆτε
1086 2254 1505 2324 ἀπαράλλακτον
1536 2257 1660 2307 κατ’
1681 2254 1870 2309 ούσίαν
1902 2255 2032 2309 ὄντα

445 2345 523 2414 τῷ
554 2348 743 2416 πατρὶ,
781 2348 878 2399 καὶ
907 2347 1077 2413 Λόγον
1108 2346 1297 2408 αὐτοῦ,
1346 2346 1440 2399 καὶ
1498 2345 1643 2415 ζωὴν
1688 2346 1926 2410 αίώνιον,
1955 2347 2031 2410 ὡς

443 2439 666 2507 γράφει.
701 2439 1013 2507 ὑπάρχοντα
1033 2456 1044 2468 ·
1075 2437 1246 2500 οὕτως
1270 2438 1363 2490 καὶ
1388 2438 1516 2506 περὶ
1548 2436 1640 2488 τοῦ
1673 2438 1826 2504 ἁγίου
1861 2438 2030 2490 Πνεύ-

434 2523 639 2597 ’ματοςζ
678 2529 750 2580 Οὐ
783 2529 894 2599 γὰρ
915 2529 1054 2582 κατὰ
1081 2531 1260 2599 χάριν,
1298 2530 1416 2598 ἦτοι
1437 2527 1604 2585 δόσιν.
1640 2528 1752 2598 ἔχει
1774 2528 1873 2599 τὴν
1899 2530 2030 2582 ἀθα-

445 2618 639 2669 νασίαν
691 2619 784 2670 καὶ
813 2620 1022 2685 σοφίαν,
1058 2619 1258 2688 ὁμοίως
1302 2617 1410 2670 τῶν
1446 2617 1834 2688 λειτουργικῶν
1869 2635 2030 2670 πνευ-

447 2709 667 2776 μάτων·
721 2709 855 2762 am
890 2710 1046 2778 φύσει
1089 2712 1384 2781 κέκτηται·
1428 2708 1653 2778 Πνεῦμα
1697 2709 1805 2780 γὰρ
1838 2710 2030 2778 σοφίας

445 2798 610 2851 ἐστίν.
652 2800 948 2872 Τοιγαροῦν
1001 2802 1328 2872 γέγραπται,
1363 2802 1438 2864 ὼς
1479 2819 1498 2851 t
1545 2801 1733 2864 Οὐδεὶς
1773 2800 2030 2869 γινώσκει

447 2896 514 2949 τὰ
550 2897 640 2950 τοῦ
673 2899 833 2967 μόνου
882 2899 1064 2966 σοφοῦ,
1111 2901 1159 2950 εί
1208 2899 1282 2968 μὴ
1328 2899 1388 2951 τὸ
1422 2897 1649 2968 Πνεῦμα
1691 2897 1878 2954 αὐτοῦ.
1915 2917 1932 2950 ι
1967 2898 2030 2950 Et

446 2989 554 3060 γάρ
573 2990 790 3060 δοίησαν
821 2992 893 3060 μὴ
918 2990 1086 3042 ταῦτα
1109 2989 1282 3054 οῦτως
1301 2989 1466 3060 ἔχειν,
1492 2990 1525 3060 ἢ
1553 2990 2030 3061 παρακρούσονται

446 3078 532 3130 τὸν
555 3078 684 3130 Θεὸν
726 3079 916 3147 Λόγον,
949 3079 982 3149 ἢ
1021 3079 1170 3150 παρὰ
1203 3079 1304 3141 τὰς
1338 3078 1561 3150 Γραφάς
1592 3077 1803 3143 δόξουσι
1833 3081 2026 3132 ποιεῖν.

447 3167 522 3237 Τῇ
553 3169 662 3240 γὰρ
707 3169 764 3222 ὲν
815 3171 914 3241 μιᾷ
954 3169 1178 3241 Θεότητι
1228 3167 1419 3242 Τριάδι
1471 3167 1530 3222 οὐ
1577 3170 1926 3223 συντάττεταί
1954 3185 2027 3230 τι,

445 3257 566 3313 οὗτε
601 3259 668 3314 τὰ
697 3264 983 3332 πνεύματα
1021 3262 1107 3316 διὰ
1141 3262 1202 3314 τὸ
1243 3261 1542 3331 κεκλῆσθαι
1573 3261 1883 3330 πνεύματα,
1924 3260 2028 3313 κᾶν

451 3349 525 3420 μὴ
558 3351 626 3402 τά
657 3351 860 3422 βέϐηλα
907 3352 1177 3422 εἴποιμεν,
1232 3351 1355 3405 οὔτε
1412 3355 1461 3405 οἱ
1511 3351 1786 3422 ἄνθρωποι
1838 3350 1925 3402 διὰ
1970 3351 2030 3402 τὸ

446 3440 745 3510 κεκλῆσθαι
777 3441 918 3494 θεοίο
942 3442 1003 3494 ού
1041 3442 1151 3512 γάρ
1177 3443 1343 3511 ἐσμεν
1377 3444 1442 3512 τῇ
1467 3440 1715 3511 ἀληθείᾳ.
1750 3439 1813 3492 Ei
1840 3439 1895 3492 δὲ
1931 3440 2031 3492 ούκ

447 3531 699 3602 οίηθῶσιν
721 3532 1059 3586 ἀντιπίπτειν
1104 3534 1286 3595 αὐτοῖς
1310 3533 1388 3595 τὸ,
1425 3550 1442 3582 ι
1467 3531 1628 3600 Μόνῳ
1652 3528 1752 3600 [62
1783 3547 1812 3580 a
1837 3527 1856 3599 ]
1884 3527 2033 3598 σοφῷ

447 3621 595 3693 Θεῷο
635 3643 651 3673 ι
679 3625 793 3687 καὶ,
835 3644 852 3675 ι
878 3624 1054 3686 Μόνος
1084 3623 1222 3693 ἔχων
1253 3623 1582 3676 ἀθανασίαν⁹
1619 3641 1636 3674 ι
1677 3620 1736 3674 οὐ
1775 3619 2027 3687 δυνήσον-

448 3729 539 3766 ται
569 3715 659 3766 ἀπ’
703 3698 912 3777 οὐδενὸς
965 3713 1027 3778 ἐξ
1082 3713 1327 3775 ἐναντίας
1369 3712 1462 3764 τοῦ
1499 3711 1652 3779 ἀγίου
1715 3708 2026 3778 Πνεύματος

447 3805 925 3872 κατασοφίζεσθαι.
959 3803 1146 3858 Ταῦτα
1185 3803 1294 3874 γὰρ
1339 3801 1513 3865 οὕτως
1551 3801 1655 3854 ὑπὸ
1692 3799 1907 3853 Παύλου
1937 3800 2027 3869 sf,-

447 3895 610 3965 ρήθη,
649 3895 734 3948 διὰ
757 3896 818 3948 τὸ
851 3897 943 3950 τοῦ
985 3895 1121 3949 Θεοῦ
1177 3895 1347 3962 Λόγον
1381 3893 1479 3963 μὲν
1499 3891 1598 3964 ,τὸν
1622 3889 1772 3955 Υιὺν,
1802 3888 2027 3978 Πνεῦμα

444 3986 500 4039 δὲ
533 3987 592 4040 τὸ
624 3988 777 4056 ἅγιον
809 3989 1032 4060 Πνεῦμα
1054 3988 1366 4059 τυγχάνειν,
1393 3986 1489 4040 καὶ
1517 3985 1835 4056 άχωρίστως
1861 3982 2024 4038 αὑτοῦ

445 4078 588 4147 ἔχειν
614 4081 757 4133 κατὰ
776 4081 873 4151 τὴν
897 4082 1075 4150 φύσιν,
1095 4081 1188 4134 καὶ
1207 4071 1285 4141 ε’ίς
1306 4079 1434 4149 μίαν
1456 4075 1752 4145 ἀνάγεσθαι
1774 4075 2024 4145 θεότητα,

442 4168 519 4229 ὡς
546 4173 639 4224 καὶ
661 4173 813 4242 παρά
839 4176 950 4235 τοῖς
979 4172 1082 4239 ἔξω
1109 4171 1328 4239 λέγεται
1346 4183 1360 4198 ⁸

2138 605 2213 658 sis
2237 605 2674 672 respondendum
2704 615 2788 659 est
2817 624 2829 659 :
2860 605 3015 660 Sicut
3049 607 3188 661 Deus
3214 617 3298 662 est
3327 605 3487 662 Pater
3518 623 3622 666 non
3657 625 3723 661 eo

2137 695 2278 764 quod
2310 694 2381 749 sit
2416 693 2599 760 Pater,
2633 697 2726 750 sed
2752 698 2882 766 quia
2912 706 2996 751 est
3022 697 3216 752 divina:
3258 709 3492 764 naturae;
3518 709 3574 754 et
3631 699 3724 753 Fi-

2143 786 2248 839 lius
2273 794 2355 840 est
2391 785 2532 839 Deus
2561 802 2665 840 non
2701 802 2766 840 eo
2789 789 2930 856 quod
2986 790 3057 842 sit
3111 791 3504 861 qualiscunque
3561 794 3722 855 filius.

2138 879 2232 931 sed
2267 878 2393 945 quia
2428 889 2512 933 est
2539 882 2631 933 Dei
2664 880 2831 935 Filius
2854 880 3116 946 Verbum,
3145 893 3199 938 et
3235 887 3550 940 necessario
3577 887 3724 955 ejus-

2137 968 2256 1020 dem
2285 969 2482 1022 divinae
2523 979 2729 1023 natura:
2757 987 2878 1025 cum
2915 973 3074 1025 Patre
3103 992 3115 1026 :
3144 974 3223 1026 sic
3267 975 3431 1029 ctiam
3488 977 3725 1044 Spiritus

2138 1065 2358 1109 sanctus
2383 1065 2465 1110 est
2495 1057 2654 1123 Deus,
2680 1075 2784 1112 non
2807 1075 2873 1114 eo
2901 1061 3223 1130 simpliciter
3246 1066 3388 1130 quod
3438 1067 3508 1119 sit
3563 1069 3727 1135 spiri-

2140 1155 2250 1209 tus,
2279 1149 2374 1202 sed
2400 1150 2523 1218 quia
2559 1161 2641 1204 est
2670 1152 2763 1205 Dei
2793 1168 2932 1207 unus
2955 1165 3010 1208 et
3040 1156 3186 1210 solus
3218 1157 3453 1224 Spiritus
3480 1170 3722 1225 sanctus,
3776 1157 3780 1166 ’

2137 1240 2496 1310 ejusdemque
2522 1244 2719 1299 divinae
2781 1255 2988 1301 natura:
3051 1263 3171 1302 eum
3213 1249 3398 1315 Patre,
3459 1263 3516 1305 ut
3565 1266 3720 1307 :tnICn
3777 1242 3781 1245 ’

2137 1331 2339 1385 dictum
2363 1342 2468 1386 est.
2500 1333 2568 1388 Et
2587 1337 3040 1404 quemadmodum
3069 1355 3191 1394 cum
3210 1343 3483 1407 audimus,
3515 1363 3534 1395 ι
3573 1343 3723 1400 Unus

2139 1422 2250 1488 (11)
2289 1422 2460 1488 Deus;
2495 1444 2513 1476 ι
2543 1436 2617 1491 ει,
2650 1444 2669 1478 ι
2707 1427 2987 1482 Dominum
3023 1429 3135 1500 (1‘2)
3190 1431 3358 1487 Deum
3402 1446 3551 1488 tuum
3593 1438 3715 1489 adu-

2137 1512 2301 1577 tabis,
2328 1522 2383 1566 et
2435 1514 2509 1568 illi
2573 1517 2671 1570 soli
2731 1519 2952 1585 servies,
2995 1539 3013 1572 ι
3061 1523 3396 1590 unigenitum
3457 1525 3714 1591 Verbum,

2136 1619 2290 1672 teque
2319 1621 2380 1660 ac
2401 1607 2648 1673 Patrem,
2678 1610 2848 1664 Deum
2877 1628 2998 1668 esse
3040 1617 3332 1682 credimus,
3391 1628 3441 1672 et
3488 1635 3610 1674 eum
3657 1641 3721 1676 ex

2135 1709 2290 1763 aaquo
2328 1695 2639 1765 adoramus,
2663 1715 2726 1754 ac
2747 1703 2798 1756 ei
2855 1705 3162 1773 servimus;
3215 1708 3285 1760 ita
3337 1710 3526 1764 eodem
3566 1716 3724 1768 modo

2137 1786 2299 1840 etiam
2324 1787 2501 1844 aﬂ'ecti
2530 1806 2717 1849 sumus
2751 1809 2878 1866 erga
2931 1798 3192 1868 Spiritum
3248 1814 3520 1856 sanctum.
3583 1804 3718 1858 Nam

2071 1871 2110 1924 Β
2137 1893 2201 1930 eo
2230 1880 2346 1947 ipso
2369 1883 2510 1948 quod
2541 1883 2593 1936 in
2621 1889 2940 1958 praescripta
2993 1891 3146 1945 nobis
3178 1893 3340 1947 divini
3379 1895 3722 1965 baptismatis

2139 1969 2390 2035 formula,
2418 1988 2482 2026 ex
2502 1990 2606 2043 qua
2646 1976 2812 2032 totius
2844 1991 3041 2038 nostra:
3069 1983 3288 2050 politiar,
3347 1998 3400 2039 et
3447 1987 3722 2056 religionis

2136 2061 2452 2116 constitutio
2480 2066 2698 2134 pendet,
2723 2083 2845 2123 eum
2870 2072 3138 2129 collocare
3177 2089 3298 2129 cum
3332 2075 3515 2140 Patre,
3553 2091 3602 2132 et
3636 2080 3722 2134 Fi-

2135 2147 2207 2201 lio
2232 2149 2372 2216 jussi
2405 2154 2759 2222 sumus,jnssi
2792 2160 2954 2214 etiam
2983 2177 3169 2216 sumus
3197 2179 3320 2226 eum
3375 2166 3533 2234 simul
3585 2171 3718 2222 ado-

2138 2257 2278 2304 rare,
2316 2253 2370 2296 et
2403 2245 2730 2314 gloriﬁcare,
2782 2253 2940 2320 eique
3000 2255 3344 2323 obsequium,
3402 2269 3456 2311 et
3516 2261 3716 2314 cultum

2132 2336 2406 2390 exhibere.
2449 2336 2562 2393 lloc
2591 2343 2733 2395 enim
2766 2353 2846 2398 est
2882 2346 3200 2401 rationabile
3233 2350 3574 2418 obsequium,
3630 2355 3716 2406 hie

2132 2425 2340 2492 cultus,
2390 2426 2456 2479 de
2507 2443 2613 2497 quo
2679 2431 2752 2485 ita
2805 2421 3018 2503 scripsit
3084 2436 3334 2492 Paulus:
3411 2460 3428 2491 ι
3477 2441 3544 2498 Ut
3601 2445 3714 2514 (15)

2131 2517 2434 2574 exbiboalis
2477 2536 2702 2589 corpora
2761 2523 2918 2596 140
2955 2537 3129 2583 vestra
3157 2530 3388 2584 hostiam
3425 2533 3716 2603 viventem,

2132 2615 2399 2671 sanctam,
2437 2609 2544 2663 Deo
2568 2611 2889 2678 placentem,
2931 2619 3247 2672 rationabile
3275 2623 3592 2692 obsequium
3624 2627 3718 2694 (si-

2134 2708 2198 2745 ve
2232 2695 2476 2764 cultum).
2520 2717 2539 2749 ι
2576 2700 2641 2754 Ει
2667 2704 3121 2770 quemadmodum
3169 2710 3270 2761 etsi
3302 2710 3496 2766 Paulus
3549 2712 3714 2769 Deum

2134 2788 2306 2841 solum
2348 2793 2645 2857 sapientem
2687 2796 2797 2865 (14)
2829 2812 2967 2864 esse,
3016 2808 3069 2852 et
3099 2815 3224 2854 eum
3285 2803 3456 2856 solum
3503 2806 3718 2863 innuer-

2136 2877 2394 2934 talitatem
2425 2881 2624 2937 habere
2657 2884 2770 2956 (15)
2815 2888 2977 2953 dicat,
3031 2889 3225 2944 Filium
3261 2902 3441 2946 tamen
3498 2911 3713 2968 quoque

2132 2969 2398 3034 similiter,
2441 2983 2628 3041 utpote
2665 2977 2754 3044 qui
2792 2976 2936 3030 Patri
2961 2979 3076 3033 sine
3121 2981 3229 3034 ullo
3279 2985 3710 3044 discriminena-

2135 3071 2253 3114 tura
2281 3063 2475 3120 similis
2500 3078 2606 3134 εει,
2647 3078 2700 3122 ει
2729 3069 2962 3126 Verbum
3011 3071 3173 3139 illius,
3230 3082 3284 3129 et
3329 3077 3432 3130 vita
3487 3091 3708 3144 eterna.

2135 3163 2194 3207 ut
2253 3154 2546 3226 Scriptum:
2595 3161 2745 3213 aiunt
2797 3161 2930 3234 (16).
2965 3165 3202 3230 exsistit,
3255 3167 3708 3228 immortalitatem

2137 3247 2359 3313 habere,
2387 3259 2441 3303 et
2471 3251 2768 3320 sapientem
2805 3270 2931 3309 esse
2955 3258 3223 3313 credimus
3262 3275 3278 3313 :
3328 3262 3408 3316 sic
3433 3265 3594 3316 etiam
3649 3267 3714 3321 de

2140 3338 2346 3406 Spiritu
2371 3351 2562 3395 sancto
2589 3343 2728 3397 idem
2780 3346 3068 3402 dicendum
3127 3360 3228 3404 est.
3283 3351 3393 3408 Nec
3439 3355 3583 3408 enim
3635 3343 3714 3411 ex

2136 3430 2330 3498 gratia,
2365 3441 2460 3484 aut
2484 3448 2546 3484 ex
2579 3435 2869 3492 donatione
2896 3440 3357 3496 immortalitatem
3403 3460 3467 3498 ac
3498 3447 3714 3517 sapien-

2142 3521 2265 3572 tiam
2297 3523 2456 3578 habet
2493 3526 2662 3580 instar
2693 3528 3066 3584 famulantium
3095 3534 3403 3602 spirituum.
3429 3538 3525 3591 sed
3555 3551 3712 3592 natu-

2137 3627 2213 3677 ra;
2239 3623 2323 3668 est
2349 3616 2491 3668 enim
2528 3617 2763 3688 Spiritus
2811 3623 3125 3690 sapientizn:
3174 3642 3279 3694 qua
3321 3627 3387 3680 de
3413 3644 3573 3683 causa
3625 3630 3710 3684 ine

2132 3705 2250 3771 quit
2309 3705 2610 3775 Scriptura,
2651 3729 2669 3760 ε
2729 3711 3006 3767 Neminem
3065 3717 3177 3785 (17)
3230 3733 3385 3771 nosse
3431 3736 3550 3788 qua:
3586 3735 3712 3775 sunt

2134 3796 2302 3850 solius
2323 3799 2605 3865 sapientis,
2644 3801 2746 3855 nisi
2792 3802 3052 3872 Spiritum
3093 3808 3257 3862 illius.
3295 3829 3312 3859 ι
3354 3809 3488 3865 Nam
3529 3813 3572 3868 si
3599 3815 3711 3868 haec

2135 3885 2208 3938 ita
2233 3901 2291 3940 se
2322 3888 2523 3943 habere
2557 3905 2659 3945 non
2697 3895 3070 3949 concesserint
3100 3899 3231 3968 (l8),
3255 3910 3347 3954 aut
3384 3901 3548 3956 Deum
3579 3903 3711 3958 Ver-

2133 3976 2260 4029 bum
2298 3979 2679 4045 repudiabant,
2739 3991 2832 4036 aut
2889 3982 3190 4052 Scriptnris
3243 3991 3514 4045 adversari
3557 3993 3708 4049 vide-

2137 4069 2355 4124 buntur.
2385 4069 2517 4124 Nam
2555 4072 2626 4134 ei,
2659 4089 2780 4142 qua;
2811 4074 2864 4129 in
2897 4091 3000 4130 una
3050 4075 3260 4134 Deitate
3308 4091 3412 4146 est,
3458 4082 3728 4138 Trinitati-

2134 4161 2282 4214 nulla
2313 4176 2399 4216 res
2422 4165 2645 4232 aequalis
2670 4167 2772 4221 dici
2810 4177 3020 4237 potest:
3055 4185 3229 4240 neque
3284 4173 3508 4243 spiritus
3559 4177 3708 4230 scili-

447 4269 552 4324 cet,
581 4278 644 4315 εχ
673 4276 736 4314 ευ
760 4263 900 4330 quod
929 4262 1150 4328 spiritus
1182 4257 1355 4312 vocati
1387 4255 1516 4318 sint,
1543 4255 1593 4308 in
1641 4255 1828 4310 eodem
1889 4268 2008 4308 cum
2050 4252 2166 4320 ipsa
2200 4253 2371 4321 gradu
2432 4254 2786 4318 collocantur.
2843 4263 3092 4329 quamvis
3143 4264 3210 4318 de
3261 4264 3556 4320 immundis
3595 4267 3708 4337 spi-

447 4356 640 4409 ritibus
664 4371 764 4408 non
798 4355 1126 4423 loquamur;
1176 4366 1350 4420 neque
1400 4363 1496 4404 nos
1540 4350 1808 4412 homines,
1836 4363 1901 4402 ex
1962 4361 2028 4400 eo
2067 4346 2208 4414 quod
2238 4346 2312 4400 dii
2344 4350 2636 4418 nuneupati
2696 4351 2977 4417 fuerimus,
3043 4355 3186 4410 illam
3235 4372 3550 4428 aequalitas;
3611 4375 3710 4410 nm:

445 4449 588 4503 enim
615 4450 684 4503 dii
718 4464 902 4504 revera
932 4464 1134 4502 sumus.
1211 4447 1268 4501 Si
1327 4462 1454 4500 vero
1497 4445 1619 4499 illos
1666 4442 2017 4510 sibimetipsis
2060 4440 2335 4494 adversari
2395 4457 2500 4496 non
2570 4444 2872 4512 opinemur,
2912 4448 3062 4515 illud,
3090 4468 3109 4501 ι
3145 4449 3253 4505 Soli
3301 4451 3414 4522 (19)
3475 4454 3704 4522 sapienti

448 4540 577 4604 Deo,
619 4561 638 4595 ι
703 4553 757 4596 ει
797 4542 944 4604 illud,
1019 4559 1036 4591 ι
1097 4539 1254 4606 Solus
1302 4537 1413 4610 (Ξο)
1461 4538 1667 4590 habens
1713 4531 2200 4594 immortalitatem,
2257 4547 2276 4581 ι
2346 4545 2450 4586 non
2505 4543 2760 4602 poterunt
2843 4536 2950 4590 ullo
3018 4540 3177 4595 modo
3227 4553 3416 4597 contra
3473 4542 3709 4612 Spiritus

444 4635 614 4689 sancti
648 4634 906 4687 Deitatem
941 4632 1178 4699 captiose
1203 4629 1456 4699 objicere.
1490 4627 1621 4681 Nam
1668 4629 1780 4680 haec
1817 4641 1845 4678 τι
1871 4621 2177 4678 Pauloideo
2236 4621 2378 4676 dicta
2449 4633 2593 4689 sunt,
2659 4626 2784 4695 quia
2818 4626 2911 4681 Dei
2944 4626 3177 4684 Verbum
3207 4634 3427 4701 quidem
3477 4644 3562 4689 est
3620 4634 3706 4688 Fl-

447 4725 566 4791 Iins,
597 4726 686 4778 Dei
721 4734 898 4778 autem
927 4723 1161 4792 Spiritus
1193 4730 1274 4775 est
1315 4721 1550 4790 Spiritus
1573 4727 1813 4779 sanctus,
1839 4725 1894 4769 et
1945 4715 2082 4768 bime
2116 4714 2432 4782 hypostases
2497 4715 2614 4770 istae
2673 4727 2863 4771 natura
2900 4717 3040 4772 idem
3103 4736 3224 4775 eum
3252 4723 3367 4792 ipso
3399 4734 3522 4779 sunt
3550 4766 3564 4790 ,
3629 4735 3702 4778 at-

443 4833 548 4888 que
583 4819 633 4870 in
664 4833 820 4870 unam
855 4815 1160 4870 coalescunt
1197 4813 1485 4868 deitatem:
1513 4812 1654 4865 sicut
1685 4811 1848 4865 etiam
1879 4807 2018 4878 apud
2059 4805 2305 4860 ethnicos
2336 4804 2450 4876 (21)
2480 4807 2717 4864 dicitur:

517 4908 619 4976 Εἷς
687 4909 832 4974 Θεὸς
898 4905 1283 4973 αὐτοπάτωρ,
1361 4904 1429 4967 ἐξ
1487 4899 1559 4959 οὗ
1627 4901 1768 4976 τᾷδε
1829 4902 2026 4954 πάντα

2134 4894 2281 4951 Unus
2313 4898 2476 4966 Deus,
2523 4901 2875 4967 suimetipsius
2936 4913 3091 4976 pater
3131 4903 3266 4973 (τε),
3334 4922 3398 4958 ex
3451 4924 3554 4975 quo
3594 4912 3704 4966 Ιιωι·

1655 4971 1943 5044 [γένοντο.

525 5065 612 5130 Ὠς
648 5067 826 5120 τοίνυν
871 5065 998 5136 περὶ
1042 5063 1136 5117 τοῦ
1197 5063 1408 5136 Πατρὸς
1457 5061 1664 5124 Παῦλος
1704 5062 2018 5131 Ῥωμαίοις,

513 5244 623 5314 (Hi
655 5243 822 5296 Unus.
867 5243 1062 5314 Ephes.
1098 5257 1167 5304 tv,
1200 5241 1250 5303 ὅ,
1288 5250 1335 5293 et
1364 5239 1486 5314 alibi
1522 5238 1734 5314 smpins.

515 5308 622 5385 (12)
668 5308 1202 5385 οοηιίηιιήιηΜιιψι.
1246 5327 1316 5373 ιν,
1366 5309 1585 5385 {On-ubi
1620 5308 1804 5385 Graeca
1849 5311 2013 5385 e_ditio

443 5377 659 5438 habet:
705 5382 910 5453 Κύριον
951 5381 1044 5435 τὸν
1100 5381 1234 5453 Θεόν
1292 5397 1405 5432 σου.
1455 5377 1586 5432 Vide
1639 5381 1803 5432 etiam
1836 5381 2010 5453 Deut.

441 5469 516 5514 rt,
555 5454 650 5516 15;
687 5450 810 5506 inde
835 5453 980 5506 enim
1013 5453 1162 5504 locus
1187 5451 1275 5504 hic
1301 5453 1649 5516 dcpromptus
1672 5457 1754 5502 est
1785 5467 1798 5502 :
1835 5450 1905 5503 ibi
1937 5462 2014 5503 ta-

444 5521 1154 5600 ηιειι-Ιθεξιιιτῃφοδηθήσῃ,⁸
1171 5535 1266 5600 ρης)
1297 5520 1728 5600 πρρσκυνήσεις..
1931 5588 1986 5600 m

514 5592 625 5660 (15)
654 5588 762 5646 Ἧι.
797 5588 966 5650 Rom;
1002 5588 1112 5652 xit,
1135 5591 1183 5643 1.
1222 5588 1451 5660 Ρτοῖνα
1481 5588 1892 5658 παραστήσητε.
1931 5588 2017 5642 Bi—

440 5659 556 5732 blia
583 5661 780 5732 habent
813 5671 1039 5724 tantum,
1082 5659 1452 5732 παραστῆσαι.

543 5731 628 5798 14)
669 5730 986 5798 Sapientem.
1027 5733 1044 5782 1
1099 5730 1240 5784 Tum.
1275 5746 1310 5792 t,
1351 5731 1424 5780 17.

543 5732 628 5798 14)
669 5732 986 5798 Sapientem.
1027 5733 1044 5782 l
1099 5732 1240 5784 'l‘nu.
1275 5746 1310 5792 ι,
1351 5734 1354 5769 ε

511 5732 626 5871 ἱιὸ)
669 5799 939 5854 Habere.l
979 5798 1118 5854 Tim.
1165 5815 1238 5863 τι,
1280 5803 1354 5853 16.

3082 4972 3281 5044 [omnia
3304 4972 3634 5036 exstiterunt.

2129 5061 2278 5116 Sicut
2315 5063 2563 5130 igiturile
2615 5063 2773 5120 Patre
2819 5063 3022 5121 Paulus
3079 5067 3145 5122 ad
3171 5066 3460 5133 Romanos,
3490 5071 3555 5125 ad
3599 5071 3702 5125 Ga-

2191 5243 2301 5311 (16)
2340 5246 2523 5298 Aiunt.
2561 5246 2575 5298 1
2606 5246 2763 5299 Joan.
2793 5259 2842 5311 ν,
2872 5244 2962 5299 20.

2217 5313 2300 5377 17)
2346 5314 2639 5368 Neminem.
2677 5317 2689 5367 Ι
2722 5313 2846 5368 Cor.
2881 5333 2941 5377 ιι,
2982 5317 3069 5368 11.

2218 5383 2301 5456 18)
2344 5383 2725 5456 Geni-exserint.
2763 5384 2905 5456 Lego
2931 5386 3150 5456 δοίησαν
3185 5402 3284 5455 pro
3311 5387 3457 5455 δοίης
3492 5389 3577 5441 ἄν.

2190 5453 2301 5522 (19)
2344 5453 2477 5508 Soli.
2517 5456 2531 5508 Ι
2570 5455 2710 5508 Tim.
2748 5471 2784 5519 ε,
2833 5453 2915 5515 17,
2960 5453 3212 5510 ριἰὶοιιί.
3261 5473 3370 5520 xw,
3407 5453 3498 5509 27.

2193 5523 2304 5588 (20)
2349 5524 2523 5578 Solus.
2564 5527 2583 5578 l
2623 5525 2764 5580 Tim.
2796 5539 2870 5588 Vl,
2912 5526 2996 5577 16.

2195 5585 2304 5664 (21)
2346 5594 2616 5664 ΕιΙιηὶεοε.
2655 5593 2784 5647 Vide
2815 5585 2926 5648 net.
2961 5594 3052 5658 50,
3091 5609 3211 5664 pag.
3258 5594 3347 5649 69.

2195 5666 2307 5733 (‘22)
2351 5663 2531 5717 Pater.
2570 5663 2699 5716 Vide
2725 5678 2844 5732 quae
2861 5664 2925 5718 de
2952 5678 3082 5718 voce
3121 5663 3525 5733 αὐτογένεθλος,
3547 5665 3700 5724 δεξιά-

2122 5749 2225 5801 que
2255 5733 2500 5788 amnibus
2541 5734 2864 5787 adnotamus
2894 5734 2960 5785 ad
2985 5749 3158 5795 min.
3192 5736 3295 5794 υτ.)
3325 5736 3376 5789 ὁ.
