4146 6426
554 369 661 426 69$

1827 372 1887 427 Di
1900 371 2061 427 DY!“
2100 369 2572 425 ALEXANDRINI

3708 374 3816 432 696

553 488 690 543 latas
723 494 776 540 et
832 484 898 539 ad
951 483 1291 539 Timotheum
1352 484 1464 555 (25)
1512 484 1754 539 scribens
1794 488 1891 552 ait,
1923 506 1939 537 ι
1983 485 2121 541 υιιιιε

2232 485 2495 551 Γαλάταις
2548 486 2641 539 xui
2683 484 2931 556 Τιμοθέῳ
2979 486 3282 557 γέγραφεν·
3337 481 3475 549 (Εἷς
3519 489 3548 540 6
3584 486 3743 553 Θεός·
3792 508 3815 543 s

510 628 517 634 .
556 580 715 644 Deus;
752 597 769 629 ι
809 578 888 632 sic
918 578 982 631 de
1013 575 1150 631 Filio
1174 577 1386 646 quidem
1410 575 1645 631 Joannes
1675 577 1841 632 dixit:
1881 596 1899 629 ι
1930 578 2130 647 Unige-

553 668 833 739 uitus(26)
872 668 1033 733 Deus,
1068 669 1156 736 qui
1197 669 1351 723 estin
1376 670 1586 724 sinibus
1606 668 1815 723 Patris:
1857 688 1875 719 ι
1913 669 1980 722 de
2009 668 2132 737 Spi—

553 763 657 817 ritn
690 772 881 816 sancto
943 772 1121 815 autem
1166 761 1365 815 Paulus
1411 763 1477 814 ad
1529 760 1845 816 Corinthios
1885 762 2129 815 scribens

550 836 772 908 docuit:
806 870 827 904 ι
864 853 1033 907 Alteri
1051 852 1163 922 (25)
1203 851 1356 924 141
1393 863 1571 907 autem
1612 855 1751 907 dona
1790 852 2126 906 curationum

551 946 604 997 in
629 959 738 997 uno
778 943 1021 1011 Spiritu;
1061 961 1078 993 ι
1114 957 1237 995 nam
1296 943 1475 996 unitas
1534 943 1748 1011 propria
1802 951 1887 996 est
1934 942 2130 995 divina:

550 1045 607 1088 et
634 1032 1137 1103 immultiplicabilis
1165 1043 1387 1087 naturae.
1418 1032 1485 1087 Et
1505 1033 1642 1089 sicut
1697 1035 1957 1103 scriptum
2022 1045 2126 1097 esu,

551 1125 749 1179 Filium
781 1126 1018 1193 genitum
1040 1138 1160 1181 esse
1199 1123 1333 1193 (26),
1374 1134 1423 1179 et
1457 1125 1568 1194 ipse
1605 1124 1657 1177 id
1699 1133 1959 1178 attestans
2015 1122 2126 1189 ait,

558 1237 576 1268 ι
615 1217 727 1287 Ego
761 1216 873 1286 (27)
909 1232 939 1270 a
962 1215 1122 1270 Patre
1157 1217 1330 1281 exivi;
1368 1234 1387 1268 ι
1429 1217 1500 1269 ita
1528 1215 1790 1283 scriptum
1831 1225 1934 1278 est,
1964 1226 2017 1270 et
2047 1216 2129 1283 ip-

551 1318 723 1363 semet
754 1309 923 1362 dixit:
956 1327 973 1358 ι
1004 1306 1264 1376 Spiritum
1295 1305 1406 1375 (28)
1433 1306 1697 1369 veritatis,
1750 1306 1839 1373 qui
1898 1321 1927 1358 a
1973 1305 2129 1359 Patre

552 1401 815 1469 procedit,
850 1418 867 1450 ι
905 1408 994 1452 aut
1036 1398 1317 1468 processit.
1348 1398 1412 1451 Et
1463 1398 1604 1452 sicut
1655 1394 1828 1450 Filius
1877 1411 1999 1450 cum
2056 1397 2129 1449 sit

554 1493 694 1547 Deus
767 1503 821 1546 et
898 1492 1186 1554 Dominus,
1256 1500 1338 1546 est
1396 1501 1573 1545 tamen
1644 1491 1735 1546 Dei
1801 1500 1854 1546 et
1917 1492 2125 1546 Domini

484 1574 497 1581 ”
552 1583 762 1648 Filius,
834 1585 914 1639 sic
988 1582 1221 1653 Spiritus
1285 1592 1501 1637 sanctus
1558 1581 1658 1636 etsi
1716 1582 1788 1636 sit
1858 1582 1999 1635 Deus
2074 1595 2128 1634 et

551 1676 830 1741 Dominus,
899 1686 981 1731 est
1048 1686 1224 1729 tamen
1298 1675 1390 1729 Dei
1471 1682 1525 1729 et
1590 1673 1798 1728 Domini
1869 1670 2120 1742 Spiritus.

555 1767 623 1822 Et
671 1765 1125 1836 quemadmodum
1190 1764 1425 1817 Verbum
1500 1764 1697 1818 dicitur
1749 1763 1801 1816 in
1882 1763 2127 1831 Scriptu-

2233 575 2396 639 οῦτω,
2437 577 2565 648 περὶ
2600 578 2698 647 μὲν
2737 576 2831 629 τοῦ
2873 576 3003 629 Υίοῦ
3037 578 3292 649 Ἰωάννης
3322 575 3474 632 εἶπεν
3504 595 3519 611 ’
3567 599 3586 632 ι
3633 580 3693 635 'U
3721 601 3821 653 p.0-

2233 667 2455 738 νογενὴς
2504 667 2657 731 Θεὸς,
2686 670 2714 721 6
2752 667 2828 721 ὦν
2870 668 2927 722 ἐν
2960 670 3071 733 τοῖς
3120 670 3337 734 κόλποις
3374 670 3469 723 τοῦ
3512 673 3758 747 Πατρός·
3793 695 3814 728 ι

2234 758 2361 828 περὶ
2390 757 2444 809 δὲ
2466 756 2559 809 τοῦ
2591 758 2745 825 άγίου
2772 757 3088 828 Πνεύματος
3118 757 3327 820 Παῦλος
3374 760 3680 830 Κορινθίοις
3710 761 3820 814 ἐδί-

2230 850 2423 913 δαξεν·
2467 868 2485 898 ι
2524 849 2701 919 Ἄλλῳ
2741 847 2797 901 δὲ
2851 849 3165 919 χαρίσματα
3217 849 3462 919 ἰαμάτων
3506 851 3565 902 ἐν
3614 850 3693 921 τῷ
3734 853 3821 905 ἐνὶ

2232 940 2542 1011 Πνεύματι·
2582 959 2600 992 ι
2628 940 2689 993 τὸ
2731 939 2841 1010 γὰρ
2884 941 3082 992 ἐνιαῖον
3124 939 3225 1009 τῆς
3279 940 3428 1004 θείας
3497 940 3590 993 xui
3637 942 3819 1011 ἀπλη-

2232 1032 2423 1086 θύντου
2458 1031 2672 1101 φύσεως
2708 1032 2855 1087 ῐδιον.
2912 1032 3022 1086 Καὶ
3055 1031 3198 1085 καθά
3249 1032 3486 1103 ἐγράφη,
3523 1032 3603 1085 ὅτι
3636 1034 3665 1085 ὀ
3689 1034 3819 1095 Υἱὸς

2231 1124 2518 1195 ἐγεννήθη,
2577 1124 2674 1180 xui
2719 1123 3013 1196 μαρτυρῶν
3058 1124 3239 1191 λέγει·
3279 1143 3297 1172 ι
3341 1122 3482 1191 Ἐγὼ
3530 1124 3681 1195 παρὰ
3720 1125 3818 1176 τοῦ

2231 1216 2445 1289 Πατρὸς
2473 1216 2696 1286 ἐξῆλθον
2722 1231 2736 1245 '
2775 1234 2794 1267 ι
2822 1215 2995 1279 οὕτως
3020 1216 3257 1287 ἐγράφη,
3278 1216 3373 1269 xui
3394 1216 3422 1268 6
3449 1215 3612 1280 αὐτὸς
3640 1212 3812 1269 εἶπεν·

2236 1326 2255 1358 ι
2298 1308 2373 1361 Τὸ
2410 1307 2633 1377 Πνεῦμα
2668 1307 2770 1377 τῆς
2825 1307 3103 1379 ἀληθείας,
3159 1307 3188 1360 ὃ
3245 1306 3401 1378 παρὰ
3446 1307 3541 1361 τοῦ
3601 1308 3817 1379 Πατρὸ;

2230 1398 2610 1471 ἐκπορεύεται,
2645 1418 2664 1450 ι
2699 1399 2861 1469 ἧτουν
2885 1398 3238 1470 ἐξεπορεύθη.
3275 1399 3386 1453 Καὶ
3417 1398 3605 1470 ὥσπερ
3634 1402 3663 1452 6
3688 1400 3815 1462 Υἱὸς

2229 1488 2361 1551 Θεὸς
2401 1488 2494 1541 καὶ
2534 1488 2738 1560 Κύριος
2788 1487 2885 1552 ὢν,
2935 1488 3029 1542 τοῦ
3088 1489 3224 1543 Θεοῦ
3278 1490 3373 1543 xui
3415 1490 3620 1561 Κυρίου
3668 1491 3817 1543 ἐστὶν

2232 1581 2384 1645 Υἱός’
2418 1580 2561 1635 οὕτω
2598 1581 2660 1635 τὸ
2698 1581 2852 1651 ἅγιον
2892 1580 3141 1653 Πνεῦμα,
3178 1582 3309 1646 Θεὸς
3353 1584 3447 1637 καὶ
3478 1584 3683 1655 Κύριος
3713 1584 3808 1650 ὢν,

2227 1671 2322 1725 τοῦ
2356 1671 2492 1726 Θεοῦ
2524 1673 2619 1727 xui
2664 1672 2871 1744 Κυρίου
2913 1674 3062 1726 ἐστὶν
3095 1674 3338 1744 Πνεῦμα.
3384 1677 3494 1729 Καὶ
3525 1676 3584 1728 ὃν
3613 1676 3814 1745 τρόπον

2230 1761 2403 1830 Λόγος
2430 1761 2742 1832 γέγραπται
2778 1765 2806 1816 6
2832 1762 2957 1825 Υἱὸς
2989 1762 3076 1816 διὰ
3108 1764 3169 1816 τὸ
3197 1766 3559 1836 συνυπάρχειν
3587 1766 3664 1836 τῷ
3696 1768 3811 1820 Πα-

551 1860 626 1913 ris
644 1858 830 1925 Filius,
856 1859 979 1927 quia
1006 1856 1281 1912 coexsistit
1315 1855 1497 1919 Patri;
1540 1854 1730 1911 eodem
1762 1855 1920 1910 modo
1964 1854 2121 1907 etiam

2227 1852 2340 1923 τρί’
2371 1854 2461 1906 τὸν
2493 1852 2654 1905 αὑτὸν
2676 1854 2878 1925 τρόπον
2910 1853 3003 1905 xui
3053 1852 3114 1905 τὸ
3147 1853 3300 1922 ἆγιον
3332 1856 3556 1925 Πνεῦμα
3604 1856 3812 1926 γέγραο

550 1950 782 2021 Spiritus
828 1958 1046 2003 sanctus
1093 1956 1318 2003 vocatus
1366 1947 1524 2001 estin
1581 1944 1861 2013 Scriptura
1910 1944 2119 1998 Dictum

552 2041 642 2094 Dei
675 2040 808 2112 (29),
832 2048 885 2094 et
918 2039 1151 2109 Spiritus
1179 2040 1290 2096 oris
1321 2038 1435 2111 (30)
1458 2037 1599 2107 ejus,
1633 2048 1688 2093 et
1714 2036 1897 2092 Fletus
1945 2034 2123 2091 Omni-

550 2136 786 2204 poteutis
809 2133 946 2203 (51),
974 2133 1101 2203 quia
1136 2132 1296 2187 simul
1318 2147 1440 2187 cum
1468 2131 1558 2186 illo
1578 2131 1880 2186 subsistens
1935 2143 2002 2183 ex
2058 2142 2125 2182 co

543 2225 757 2281 eluxit:
788 2239 855 2278 ne
889 2224 1064 2293 ipsum
1099 2223 1405 2291 suspicetur
1425 2222 1548 2292 quis
1572 2230 1725 2274 extra
1754 2220 2008 2275 deitatem
2038 2214 2119 2271 es-

551 2333 609 2372 se
641 2316 838 2381 l’atris,
875 2322 971 2368 aut
1010 2312 1169 2367 Verbi
1199 2313 1401 2383 ipsius:
1425 2327 1550 2366 nam
1595 2312 1802 2365 Dictum
1848 2313 2121 2380 proprium

549 2418 634 2463 est
662 2406 835 2469 verbi,
873 2406 986 2459 sive
1011 2404 1302 2466 sermonis,
1337 2413 1391 2457 et
1427 2402 1619 2458 Sermo
1666 2403 1885 2465 mentis,
1931 2407 1986 2454 et
2035 2412 2126 2463 ve-

552 2514 667 2552 rum
692 2510 814 2552 esse
833 2494 1163 2565 compcritur
1189 2494 1355 2548 illud:
1395 2512 1413 2544 ι
1459 2492 1606 2550 Unus
1633 2490 1747 2565 (52)
1785 2492 1925 2546 Deus
1949 2499 2003 2545 et
2033 2489 2127 2543 i'a-

550 2602 631 2644 ter
658 2590 921 2653 omnium,
954 2597 1008 2643 et
1034 2602 1198 2657 super
1214 2602 1426 2653 oumes,
1459 2595 1512 2641 et
1547 2601 1642 2656 per
1697 2584 1900 2648 omnia,
1957 2591 2011 2637 et
2070 2582 2122 2634 in

546 2681 817 2736 munibus.
863 2680 974 2733 »Ει
1029 2680 1170 2735 sicut
1220 2678 1415 2734 Filium
1469 2693 1499 2732 a
1553 2676 1715 2731 Patre
1765 2675 1909 2729 nullo
1969 2673 2125 2727 modo

544 2772 859 2841 discrepare
883 2771 1189 2827 ostenditur
1211 2786 1275 2825 ex
1294 2785 1359 2825 eo
1396 2768 1540 2840 quod
1586 2766 1699 2838 (55)
1722 2769 1797 2821 ait
1821 2766 2121 2834 Scriptura,

549 2877 573 2913 ι
602 2861 701 2927 Qui
732 2860 847 2932 (51)
878 2860 1010 2915 vidit
1040 2876 1145 2924 me,
1169 2859 1301 2913 vidit
1324 2859 1574 2922 Patrem;
1606 2874 1625 2907 ι
1655 2854 1816 2910 simili
1842 2855 2048 2908 ratione
2074 2861 2127 2905 et

547 2953 812 3021 Spiritum
852 2960 1096 3005 sanctum
1126 2949 1269 3004 nullo
1332 2949 1492 3001 modo
1546 2962 1576 3000 ιι
1633 2946 1791 3000 Patre
1823 2945 2126 3013 discrepare

545 3045 852 3099 05tenditur
876 3057 970 3111 per
1003 3056 1067 3096 ea
1112 3056 1231 3110 qua:
1249 3041 1324 3094 ait
1352 3040 1667 3109 Scriptura:
1712 3056 1731 3088 ι
1772 3036 1826 3091 In
1889 3039 1988 3093 hoc
2014 3036 2124 3106 (55)

545 3133 947 3205 ceguoseimus,
979 3132 1120 3201 quod
1150 3142 1234 3186 est
1261 3132 1313 3187 in
1338 3131 1494 3186 nobis
1526 3131 1685 3196 Deus,
1722 3146 1786 3186 ex
1819 3128 2020 3199 Spiritu
2049 3130 2127 3200 ip-

2230 1962 2382 2007 πται,
2422 1944 2596 2015 Ῥῆμα
2624 1944 2717 1997 τοῦ
2741 1945 2898 2009 Θεοῦ,
2929 1947 3020 1999 καὶ
3043 1948 3265 2018 Πνεῦμα
3292 1947 3384 1999 τοῦ
3421 1948 3687 2017 στόματος
3714 1950 3813 2002 αὺ-

2228 2034 2344 2100 τοῦ,
2384 2035 2478 2088 xui
2517 2035 2658 2106 Πνοὴ
2706 2037 3173 2109 Παντοκράτορος,
3231 2037 3418 2110 ἐπειδὴ
3466 2038 3812 2108 συνυφεστὼς

2231 2126 2535 2197 ἐξέλαμψεν
2561 2126 2621 2190 ἐξ
2649 2126 2815 2181 αὑτοῦ
2835 2145 2849 2158 ·
2888 2128 2978 2182 ἵνα
3012 2128 3085 2201 μὴ
3116 2128 3314 2196 ἔξωθεν
3341 2131 3473 2184 αὐτὸ
3500 2132 3599 2202 τῆς
3630 2130 3814 2202 036:1;-

2229 2234 2320 2280 τος
2349 2216 2442 2269 τοῦ
2496 2216 2771 2289 Πατρὸςῆ
2814 2217 2906 2271 τοῦ
2951 2219 3126 2287 Λόγου
3181 2219 3345 2271 αὑτοῦ
3384 2216 3521 2273 εἷναί
3566 2236 3651 2283 τις
3685 2220 3814 2274 ὑπο-

2231 2305 2386 2378 λάόῃ.
2425 2307 2584 2359 Ἰδιον
2644 2306 2755 2379 γὰρ
2803 2308 2866 2361 τὸ
2929 2309 3106 2380 Ῥἦμα
3157 2309 3252 2363 τοῦ
3285 2311 3468 2380 λόγου,
3517 2313 3609 2365 xui
3652 2315 3682 2365 6
3716 2314 3815 2365 A6-

2230 2414 2326 2466 γος
2353 2395 2446 2450 τοῦ
2477 2398 2567 2450 νοῦ
2593 2416 2606 2429 ·
2659 2399 2754 2452 xui
2794 2400 3095 2472 πληροῦται
3133 2402 3214 2465 τὸ,
3265 2423 3284 2454 ι
3321 2403 3378 2456 Ὀ
3414 2398 3495 2466 εἷς
3538 2404 3670 2467 Θεὸς
3715 2406 3811 2459 xui

2234 2490 2423 2562 Πατὴρ
2452 2491 2692 2555 πάντων,
2734 2492 2827 2545 xui
2879 2493 2972 2546 ἐπὶ
3013 2494 3252 2559 πάντων,
3296 2496 3390 2549 xui
3439 2497 3528 2550 διὰ
3570 2497 3824 2562 πάντων,’

2232 2582 2327 2635 xui
2354 2584 2412 2636 ἐν
2446 2585 2629 2655 πᾶσιν.
2668 2603 2688 2635 ι
2722 2585 2831 2638 Καὶ
2864 2584 3013 2639 καθὰ
3039 2587 3067 2639 6
3098 2586 3228 2650 Υἱὸς
3264 2587 3537 2642 δείκνυται
3565 2589 3814 2659 ἀπαράλς

2231 2672 2425 2736 λακτος
2462 2673 2557 2727 τοῦ
2599 2675 2834 2746 Πατρὸς,
2960 2676 3161 2748 γράφει
3188 2692 3203 2708 ⁸
3244 2696 3263 2729 ι
3310 2680 3367 2733 Ὀ
3411 2679 3670 2751 ἑωρακὼς
3710 2683 3810 2751 ἐμὲ

2232 2763 2444 2835 ἑώρακε
2473 2763 2565 2816 τὸν
2591 2765 2813 2836 Πατέρα
2831 2783 2843 2795 ·
2866 2785 2886 2819 ι
2923 2767 3184 2831 ὡσαύτως
3204 2768 3301 2821 καὶ
3321 2769 3381 2823 τὸ
3411 2770 3564 2838 ἆγιον
3588 2772 3813 2842 Πνεῦμα

2231 2853 2295 2906 δι’
2334 2848 2408 2907 ὧν
2439 2853 2549 2927 [62
2573 2854 2640 2927 b]
2675 2856 2874 2924 φάσκει
2896 2872 2910 2885 ο
2946 2844 2965 2909 ά
3001 2859 3090 2912 Ἐν
3122 2860 3297 2931 τούτῳ
3339 2860 3699 2933 γινώσκομεν,
3729 2865 3811 2918 ὅτι

2233 2947 2291 2998 ἐν
2323 2946 2456 3016 ἡμῖν
2487 2947 2634 3000 ἐστιν
2664 2949 2693 3000 6
2724 2946 2876 3012 Θεὸς,
2922 2949 2987 3001 ἐκ
3024 2949 3119 3003 τοῦ
3166 2951 3481 3022 Πνεύματος
3532 2955 3719 3019 αὐτοῦ,
3746 2950 3808 3007 (εὖ

2232 3035 2431 3090 ἔδωκεν
2462 3041 2615 3108 ἡμῖν.
2647 3058 2665 3089 ι
2717 3039 2954 3111 Ἀνάγκη
3009 3036 3101 3095 οῦν
3144 3044 3313 3107 πᾶσα,
3372 3043 3507 3098 Θεοῦ
3553 3047 3807 3118 ἀληθινοῦ

2231 3127 2382 3193 ὄντος
2424 3128 2515 3182 τοῦ
2563 3130 2797 3200 Πατρὸς,
2853 3131 2984 3185 Θεὸν
3034 3131 3287 3204 ἀληθινὸν
3332 3131 3469 3189 εἶναι
3515 3138 3627 3191 ἴσον
3662 3139 3809 3209 αὐτῷ

545 3195 682 3286 εἱυνε,
717 3238 875 3292 quem
908 3223 1054 3278 dedit
1105 3223 1345 3304 nobis.)
1377 3220 1513 3277 Cum
1549 3237 1676 3291 ergo
1702 3221 1862 3275 Pater
1908 3224 1979 3276 sit
2013 3238 2108 3276 ve-

2227 3220 2321 3273 καὶ
2366 3220 2456 3274 τὸν
2492 3221 2777 3275 δεικνύντα
2810 3222 2971 3277 αὑτὸν
3016 3226 3081 3294 τῇ
3134 3225 3328 3279 ἐαυτοῦ
3377 3229 3663 3300 ἐμφανείᾳ.
3697 3232 3807 3283 Καὶ

546 3331 642 3370 rus
668 3314 829 3378 Deus,
866 3328 1086 3369 necesse
1138 3315 1360 3370 omnino
1383 3324 1486 3378 est,
1512 3324 1569 3367 ιιι
1628 3328 1789 3368 verus
1835 3312 1976 3369 Dens
2019 3314 2119 3383 ipsi

2227 3311 2414 3384 ὥσπερ
2451 3312 2540 3366 διὰ
2575 3313 2669 3367 τοῦ
2699 3314 2829 3368 Υίοῦ
2879 3315 3055 3369 πάντα
3101 3316 3334 3384 ἐγένετο,
3367 3320 3540 3384 οὕτως
3580 3322 3683 3375 ὑπὸ
3710 3323 3805 3375 τοῦ

545 3406 772 3475 aequalis
794 3406 882 3460 ille
915 3407 1077 3460 etiam
1105 3405 1195 3471 sit,
1228 3406 1315 3475 qui
1362 3421 1485 3461 eum
1528 3405 1765 3460 ostendit
1816 3418 1912 3474 per
1948 3405 2117 3460 solam

2227 3406 2541 3477 Πνεύματος
2581 3409 2760 3463 πάντα
2790 3406 3025 3478 ἡγιάσθη
3073 3409 3167 3461 xui
3207 3410 3610 3485 ἐνεδυναμώθη.
3639 3416 3806 3468 Φασὶν

545 3497 628 3552 sui
666 3496 835 3565 ipsius
865 3496 1378 3551 manifestationem.
1405 3495 1471 3551 Et
1495 3496 1634 3550 sicut
1658 3510 1751 3566 per
1773 3495 1967 3551 Filium
1999 3511 2118 3551 om-

2227 3497 2332 3567 γὰρ
2359 3499 2406 3551 οἱ
2427 3498 2717 3552 ἀπόστολοι
2738 3513 2751 3526 ⁸
2793 3520 2812 3549 ι
2830 3497 3097 3558 Δέσποτα.
3121 3500 3149 3550 6
3178 3502 3411 3571 ποιήσας
3433 3504 3524 3556 τὸν
3554 3505 3802 3576 οὐρανὸν,

544 3588 632 3643 nia
653 3587 792 3642 facta
813 3597 963 3652 sunt,
986 3587 1066 3643 sic
1083 3604 1111 3641 a
1132 3587 1334 3658 Spiritu
1375 3598 1563 3643 sancto
1583 3588 1760 3642 onmia
1787 3587 2120 3643 sanctiﬁcata

2227 3588 2321 3639 xui
2359 3587 2458 3657 τὴν
2507 3587 2634 3656 γῆν,
2691 3587 2787 3640 xui
2835 3584 2932 3657 τὴν
2966 3585 3264 3653 θάλασσαν,
3299 3595 3393 3646 xui
3435 3595 3611 3648 πάντα
3646 3596 3715 3650 τὰ
3747 3599 3807 3649 ἐν

543 3688 692 3745 sunt,
755 3688 811 3733 et
860 3679 1232 3733 corroborata.
1278 3679 1443 3733 Aiunt
1501 3678 1613 3751 (56)
1654 3680 1798 3733 enim
1856 3679 2117 3749 apostoli:

550 3789 571 3824 ι
617 3771 843 3825 Domine
870 3771 980 3842 (57)
1010 3772 1098 3841 qui
1126 3770 1295 3826 fecisti
1320 3772 1534 3835 rmlum,
1571 3781 1627 3827 et
1662 3782 1883 3832 terram,
1909 3780 1964 3825 et
2002 3785 2118 3823 ma-

546 3871 630 3927 τε,
665 3873 719 3918 et
743 3864 922 3917 onmia
972 3880 1090 3934 quze
1140 3865 1193 3919 in
1242 3866 1321 3920 eis
1370 3874 1529 3920 sunt:
1578 3866 1670 3933 qui
1721 3879 1816 3933 per
1857 3861 2118 3931 Spiritum

548 3963 822 4018 sanctum,
851 3963 905 4007 et
931 3968 1028 4025 per
1052 3968 1113 4008 os
1136 3953 1304 4007 David
1327 3955 1477 4022 pueri
1511 3954 1586 4007 tui
1628 3952 1832 4005 dixisti.
1870 3969 1888 4003 ι
1924 3949 1988 4003 Ει
2010 3952 2120 4004 sic-

544 4044 837 4114 utmqualis
870 4052 1157 4114 potestate,
1189 4054 1242 4098 et
1261 4044 1450 4098 similis
1475 4042 1640 4106 Patri,
1690 4050 1744 4096 et
1774 4041 2117 4103 Dominator,

548 4133 864 4208 Unigenitus
887 4136 1389 4208 signiﬁcaturjuxta
1415 4136 1565 4198 illud,
1593 4152 1610 4185 ι
1633 4131 1980 4205 Qnmcnnque
2004 4132 2115 4206 (38)

615 4342 728 4411 (25)
782 4341 861 4393 Ad
908 4339 1255 4394 Timotheum.
1315 4335 1371 4392 In
1429 4337 1600 4408 prima
1668 4339 1827 4406 epist.
1878 4351 1997 4405 cap.
2056 4352 2115 4400 tl,

543 4428 685 4467 vers.
725 4413 778 4465 5.

480 4530 493 4551 ,
614 4481 726 4550 (24)
769 4478 1097 4548 Unigenims.
1144 4477 1331 4551 (ἑτέρου
1385 4477 1555 4551 editio

541 4547 788 4632 Ῐίόςίιςι
816 4547 911 4632 pri)
931 4551 1000 4631 ,ἐν
1025 4552 1169 4632 τοῖς-η
1186 4548 1619 4632 κόλποιςιξιιιιιει,
1669 4549 1753 4632 eis
1778 4548 1867 4632 τὸν
1891 4547 2110 4632 κόλπρν,

543 4622 596 4676 id
624 4628 780 4743 εει.ιὲ
818 4617 870 4674 itt
902 4620 1073 4673 sinu.»
1110 4617 1241 4673 Vide
1269 4628 1379 4673 not.
1414 4617 1504 4681 84,
1537 4634 1657 4688 pag.
1685 4617 1774 4681 27,
1802 4629 1855 4671 et
1878 4627 1989 4671 not.
2022 4617 2113 4681 15,

543 4704 663 4743 nae.
717 4711 729 4741 ι
778 4727 791 4741 .

579 4704 663 4744 ac.
705 4691 791 4743 76.

542 4707 980 4831 ?afé5;o.dlletj.
1034 4760 1058 4831 l_
1115 4759 1246 4831 per.
1284 4773 1384 4831 ιιι,
1424 4757 1478 4810 9.
1535 4755 1712 4831 _E_ditio
1744 4755 1933 4831 (ἔναιρε
1970 4770 2114 4831 nunc

541 4826 750 4884 haitet':
784 4830 841 4882 ἐν
881 4829 961 4899 τῷ
1001 4826 1151 4898 αὐτῷ
1198 4826 1728 4899 Πνεύματιλίιιῇθει,
1767 4826 1893 4899 ι-ίιι
1924 4829 2113 4879 eodem

542 4899 769 4966 Spiritu.
832 4920 851 4952 ι
898 4894 1004 4953 Sed
1073 4894 1325 4964 vulgatus
1348 4894 1466 4952 'int.
1509 4895 1639 4965 legit
1690 4907 1751 4967 ut
1796 4894 2109 4967 Didymus:

541 4965 705 5022 vertit
728 4969 871 5023 enim
905 4979 1073 5022 totum
1105 4968 1427 5022 versiculum
1460 4967 1539 5019 sic
1574 4985 1587 5019 :
1636 4982 1654 5016 ι
1693 4965 1859 5019 Alteri
1899 4965 2030 5018 lides
2060 4965 2111 5017 in

540 5041 728 5093 eodem
774 5039 978 5107 Spiritu
1016 5056 1030 5091 :
1069 5038 1159 5107 alii
1206 5038 1378 5107 gratia
1414 5035 1711 5091 sanitatum
1749 5037 1801 5089 in
1845 5050 1953 5090 uno
1993 5033 2117 5103 Spi-

540 5112 668 5163 ritu.
709 5127 727 5159 ι
763 5105 896 5162 Vide
924 5122 1095 5176 segm.
1133 5105 1293 5162 6676.
1614 5173 1656 5176 __
1695 5173 1706 5176 _
1796 5132 1812 5147 ο

632 5178 723 5296 26)
762 5173 1011 5231 ϐιιιίιιιηῐ
1032 5193 1160 5231 esse.
1190 5177 1329 5232 Psal.
1364 5192 1426 5243 ιι,
1456 5176 1512 5240 7,
1538 5183 1592 5230 et
1613 5173 1776 5260 Hebr.
1808 5190 1845 5236 ι.
1875 5174 1927 5228 5.
2084 5242 2111 5254 -

632 5249 700 5296 27
776 5247 905 5296 Eoo.
953 5246 1110 5296 .loan.
1166 5260 1277 5296 xw.
1326 5247 1418 5296 27.
1471 5246 1559 5296 28-
1626 5246 1768 5296 Ἐγω
1812 5244 1965 5296 παρὰ
2017 5260 2111 5296 του

629 5243 722 5320 27)
752 5247 905 5320 ﬁgo.
953 5246 1277 5320 10:19,)",
1326 5247 1418 5320 27,
1471 5246 1585 5320 9:8;
1626 5243 1768 5320 Ἐγὼ
1812 5244 1965 5315 παρὰ
2017 5243 2113 5297 τοῦ

537 5317 672 5389 Θεοῦ
702 5315 957 5389 ’ἐξῆλθονο
995 5316 1216 5389 ἐξῆλθον
1242 5318 1409 5389 παρὰ,
1423 5315 1515 5389 τοῦ
1539 5316 1772 5388 Πατρός.

611 5335 672 5372 ου
714 5334 957 5395 εςηλυοψ
995 5334 1216 5441 εςηλυον
1242 5334 1392 5389 παρα
1423 5334 1515 5369 του
1539 5334 1772 5388 ιιατρος.

611 5387 725 5466 (ἓξ)
755 5388 1057 5466 ξιζίηιιιιιιζ
1099 5403 1227 5466 ριιιιζ
1260 5403 1349 5466 xv,
1386 5387 1475 5440 26.
1551 5456 1609 5466 __
1735 5454 1783 5466 ..
1847 5453 1860 5466 _
1936 5452 1947 5465 .

611 5453 725 5519 (⁷29)
768 5456 976 5511 Dictum
1017 5458 1130 5512 Dei.
1191 5457 1383 5525 Epltcs.
1417 5471 1491 5518 γι,
1546 5456 1635 5518 t7,
1698 5454 1813 5525 ubi,
1847 5453 2043 5525 legitur
2064 5470 2111 5525 _:

537 5522 640 5599 τῂν
689 5526 962 5599 μάχαιραν
1015 5527 1109 5581 τοῦ
1157 5520 1493 5599 Πνεύματος,
1532 5527 1714 5599 ὄῨ-ἐστι
1754 5520 1923 5594 ρἧοῐ
1956 5520 2113 5599 Θεοῦ.

543 5593 803 5668 “liga-tius
841 5593 937 5652 iitt.
969 5601 1130 5654 vertit
1160 5615 1173 5653 :
1218 5618 1236 5650 ι
1288 5593 1521 5668 gladium
1553 5596 1786 5668 Spiritus
1812 5593 1837 5658 ,ν
1858 5594 2000 5668 quod
2033 5604 2117 5668 est

542 5663 763 5740 [eruum
797 5667 906 5721 Dei.
948 5687 965 5721 ι
1006 5670 1109 5724 Sed
1150 5663 1405 5740 Didymus
1460 5669 1708 5740 voculant
1746 5664 1789 5740 ii
1807 5663 1988 5740 retulit
2047 5664 2116 5716 ad

543 5733 881 5862 ἓνειύμαὶος,
944 5748 1003 5790 ιιι
1040 5733 1437 5791 εειιειιςέκειει
1490 5755 1501 5789 :
1544 5755 1561 5786 ι
1609 5734 1711 5801 Qui
1758 5736 1991 5803 Spiritus
2036 5744 2115 5785 est

591 5819 638 5859 tc
664 5819 753 5859 um
828 5821 895 5862 et.
938 5825 957 5858 ι

591 5806 753 5859 ictum
784 5806 895 5862 Dei.
938 5825 957 5858 ι

1616 4492 1714 4559 ιιι-ο
1752 4476 1883 4559 Θεός
1930 4475 2114 4559 liabet,
2152 4506 2192 4559 υ

2227 3677 2442 3740 αὐτοῖς’
2479 3679 2507 3730 6
2551 3676 2638 3729 διά
2682 3676 3000 3749 Πνεύματος
3034 3685 3212 3757 άγίου,
3256 3685 3524 3756 στόματος
3555 3689 3613 3741 δὲ
3643 3690 3806 3742 Δαυῒό

2228 3765 2418 3828 παιδός
2441 3783 2535 3819 σου
2558 3766 2745 3821 είπών.
2779 3788 2798 3821 ι
2833 3771 2943 3825 Καὶ
2975 3776 3119 3832 καθὰ
3154 3776 3469 3847 ίσοδύναμος
3504 3780 3594 3832 xui
3622 3781 3805 3851 ὅμοιος

2226 3856 2602 3941 ὁ-ᾈιονογενὴς
2627 3858 2703 3930 τῷ
2742 3861 2919 3936 Πατρ)⁸
2945 3868 3037 3920 καὶ
3072 3868 3424 3940 ἐξουσιαστὴς
3456 3870 3803 3940 σημαίνεται,

2225 3948 2463 4013 κατὰτὸ,
2502 3967 2523 4000 ι
2559 3950 2699 4007 Ὅσα
2721 3952 2787 4006 ἂν
2818 3960 2942 4029 ποιῇ
2985 3961 3014 4013 6
3053 3961 3261 4033 Πατὴρ,
3284 3960 3459 4015 ταῦτα
3492 3963 3583 4015 xui
3621 3965 3649 4015 6
3677 3964 3802 4025 Υἱὸς

2222 4040 2423 4110 ὁμοίως
2465 4044 2637 4095 ποιεῖ’
2666 4062 2685 4095 ι
2742 4044 3005 4112 ὡσαύτως
3038 4051 3132 4104 xui
3178 4052 3240 4105 τὸ
3274 4051 3498 4123 Πνεῦμα
3539 4051 3635 4104 τοῦ
3665 4052 3799 4105 Geo)

2224 4130 2364 4185 κατὰ
2391 4131 2473 4198 τὸ,
2507 4151 2525 4185 ι
2559 4133 2743 4189 Πάντα
2800 4136 2856 4191 δέ
2911 4140 3084 4194 ταῦτα
3121 4143 3332 4215 ἐνεργεῖ
3379 4144 3439 4197 τὸ
3491 4143 3549 4195 ἐν
3602 4144 3694 4196 xui
3740 4144 3801 4195 τὸ

2295 4339 2509 4409 (50-51)
2551 4340 2783 4412 Spiritus
2812 4344 2939 4397 oris.
2975 4342 3116 4412 Psal.
3160 4359 3343 4399 nm.
3392 4363 3408 4395 ι
3461 4343 3644 4398 Flatus
3673 4344 3797 4400 Om-

2226 4409 2535 4475 uipmentis,
2574 4409 2602 4464 ι’
2630 4427 2770 4466 νει-ε.
2796 4413 2849 4477 6,
2881 4423 2933 4466 et
2971 4411 3070 4465 Joh
3109 4429 3299 4473 χχχιιι.
3330 4415 3385 4467 4.

2296 4479 2408 4549 (52)
2444 4479 2619 4550 Unus.
2648 4480 2847 4550 Eplies.
2880 4497 2954 4544 tv,
2988 4483 3041 4537 5.
3069 4482 3249 4538 (Σισίνου
3284 4486 3368 4537 νει.
3417 4478 3518 4550 εἷς,
3561 4486 3677 4540 sine
3707 4501 3787 4539 ar-

2223 4548 2406 4601 ticulo.
2439 4549 2506 4619 Et
2536 4548 2709 4617 paulo
2730 4562 2868 4618 post,
2912 4553 2939 4604 6
2968 4551 3064 4619 ἐπί
3086 4568 3183 4619 pro
3211 4554 3303 4604 καὶ
3328 4553 3439 4607 ἐπί.

2232 4616 2601 4740 1_(:’)1'>)Ea:eo
2644 4616 2802 4688 quod.
2841 4620 2981 4690 Lego
3033 4616 3212 4694 ﬁ'pru
3259 4623 3311 4691 ἤ.
3383 4625 3645 4690 scriptura
3701 4640 3793 4678 cn-

2255 4703 2372 4740 teis.

2215 4703 2372 4743 (IICIS.

2288 4755 2399 4826 (3i)
2440 4756 2562 4821 Qui.
2598 4756 2757 4815 Joan.
2783 4772 2889 4826 xiv,
2916 4759 2969 4813 9.

2285 4826 2434 4951 (5329
2462 4826 2525 4881 In
2594 4826 2711 4881 hoc.
2765 4825 2982 4882 lJuan.
3031 4844 3121 4894 tv,
3171 4830 3252 4881 15.
3312 4826 3441 4881 Vde.
3502 4841 3612 4882 unt.
3687 4834 3788 4891 iii,

2287 4914 2335 4951 ιι.
2442 4939 2455 4951 .

2252 4911 2335 4952 32'.
2363 4911 2455 4952 ΖΗ.

2215 4910 2621 5039 ρῧίξίξῗυᾉὶιιηι.
2651 4967 2856 5039 Codex,
2899 4968 3083 5039 φησίν.
3127 4967 3297 5039 Lego.
3322 4968 3506 5036 φασίν.

2218 5068 2221 5071 -
2288 5037 2399 5101 (5⁵1)
2443 5036 2681 5090 Domine.
2722 5036 2841 5092 Act.
2890 5036 2972 5098 tv,
3012 5037 3081 5091 24
3131 5036 3324 5094 (425.
3396 5039 3580 5095 Graeca
3630 5039 3794 5094 editio

2215 5118 2333 5173 post
2359 5106 2604 5160 Δέσποτα
2634 5107 2802 5173 addit,
2836 5110 2900 5162 σὺ
2951 5109 2979 5159 6
3012 5108 3174 5171 Θεός·
3208 5110 3406 5165 deinde
3458 5111 3659 5164 υιιιίιιίι
3693 5128 3790 5165 vu-

2216 5190 2338 5235 ces.
2372 5178 2401 5229 6
2439 5176 2529 5249 6tu
2559 5176 2875 5249 Πνεύματος
2913 5178 3090 5247 ἁγίου.
3112 5246 3123 5249 Α
3147 5178 3401 5247 angatus
3446 5182 3715 5249 interpres
3762 5199 3792 5235 e

2217 5245 2620 5316 contrarioAnec
2652 5245 2813 5301 habet
2844 5245 3038 5303 nomen
3074 5246 3201 5302 illud
3243 5245 3272 5300 ἱ
3301 5251 3460 5316 Dens,
3501 5270 3520 5303 ι
3557 5245 3610 5305 ei
3646 5253 3793 5302 :ititill

2218 5329 2396 5389 Voces,
2434 5332 2452 5367 ι
2493 5313 2904 5389 Spiritusanctn
2936 5336 2955 5369 ι
2994 5319 3222 5389 aitaque
3246 5319 3373 5389 legit
3409 5313 3577 5375 ferme
3618 5334 3669 5374 ιιι
3703 5322 3791 5371 lti-

2218 5385 2443 5458 dymus;
2471 5383 2559 5458 qui
2586 5386 2639 5438 in
2659 5383 2794 5458 libro
2815 5389 2975 5441 etiam
3002 5388 3077 5442 De
3106 5383 3502 5458 Spiritu'sancto
3525 5405 3673 5444 num.
3695 5389 3789 5447 ΞΣ).

2217 5457 2404 5508 eadem
2438 5457 2647 5509 ratione
2676 5456 2848 5511 locum
2884 5458 3028 5512 hunc
3058 5456 3319 5513 citaverat
3350 5476 3365 5513 :
3412 5463 3490 5514 sic
3530 5461 3670 5513 enim
3720 5462 3789 5512 ιιιι

2222 5526 2494 5598 transtulit
2533 5523 2891 5598 Hieronymus
2932 5547 2946 5583 :
2993 5528 3056 5582 Et
3107 5532 3160 5582 in
3206 5532 3382 5583 eadem
3424 5546 3605 5598 rursus
3653 5529 3788 5581 libr.)

2222 5594 2239 5673 (
2266 5592 2316 5645 iu
2355 5595 2503 5673 fictis
2531 5592 3124 5673 scilicet'apostolornm
3152 5598 3171 5668 )
3196 5616 3218 5673 A:
3248 5600 3476 5673 Quiper
3504 5597 3789 5663 Spiritum,

2222 5666 2413 5736 inquit,
2436 5675 2700 5736 _sanetuttt
2733 5666 2827 5721 ore
2860 5669 3023 5721 David
3059 5666 3207 5736 pueri
3247 5673 3319 5722 tui
3360 5670 3568 5722 locutus
3594 5683 3673 5722 es.
3862 5672 3865 5673 ⁷

2293 5733 2767 5806 (5S)ancnnque.
2787 5733 3113 5802 Joan.\',19.
3141 5738 3269 5793 Vide
3297 5750 3403 5794 nut.
3432 5739 3523 5805 74,
3548 5755 3669 5811 pag.
3703 5737 3789 5792 10.
