4114 6422
519 428 622 481 505

1781 401 2019 483 omni
2059 429 2527 485 ALEXANDRINI

3661 413 3766 485 50,

519 546 592 596 tia
631 557 747 602 sua.
799 551 852 597 et
906 557 934 596 a
1001 541 1085 596 via
1119 542 1283 607 mala,
1347 551 1398 597 et
1425 543 1730 611 haptizetur
1773 547 1824 599 in
1874 550 2084 601 nomine

2197 548 2376 618 σθήτω
2400 551 2480 611 είς
2517 547 2576 600 τὸ
2609 546 2780 616 δνομα
2807 547 3011 617 Κυρίου
3059 544 3253 617 Ἰησοῦ,
3288 545 3380 598 καὶ
3405 543 3760 616 aediﬁcatam

523 635 731 692 Domini
759 633 906 700 Jesu,
941 643 994 689 et
1024 635 1348 699 salvahitur,
1391 655 1410 685 ι
1449 634 1710 706 Spiritum
1739 622 1902 707 igitur
1930 653 1959 692 a
1982 639 2090 693 Deo

520 727 652 781 nihil
682 723 900 780 diﬂ‘erre
927 736 1140 780 constat
1171 726 1335 780 etiam
1363 741 1429 780 ex
1463 742 1530 780 eo
1578 727 1719 795 quod
1749 727 1938 781 iisdem
1969 744 2088 780 ver-

520 817 604 872 bis
632 826 790 871 utens
840 817 1100 871 Dominus
1137 816 1418 885 discipulis
1453 817 1654 871 dixerit
1687 836 1700 871 :
1744 836 1762 868 ι
1794 817 2090 885 Exspecta-

518 916 572 961 te
602 907 712 978 (97)
752 908 1170 976 promissionem
1224 907 1419 970 Patris,
1444 924 1604 976 quam
1658 909 1926 962 audistis:
1962 910 2084 976 quia

518 999 757 1054 Joannes
778 999 994 1068 quidem
1015 997 1307 1064 baptizavit
1325 1013 1462 1067 aqua
1483 999 1533 1050 in
1557 1000 1928 1066 pmnitentiam
1948 1000 2083 1068 (98),

519 1105 617 1144 vos
648 1101 826 1144 autem
856 1085 1261 1159 baptizabimini
1295 1090 1346 1141 in
1393 1087 1601 1157 Spiritu
1649 1099 1859 1142 sancto.
1887 1107 1906 1140 ι
1942 1089 2085 1142 Nihil

519 1184 664 1234 t'nittt
701 1181 844 1234 aliud
873 1182 986 1235 hazc
1015 1182 1296 1242 denotant,
1329 1178 1432 1233 nisi
1485 1178 1536 1232 id
1568 1181 1708 1248 quod
1740 1179 1842 1233 alia
1871 1195 2085 1249 quoque

519 1272 640 1341 ejus
666 1274 731 1328 de
766 1273 1034 1341 baptismo
1065 1274 1341 1336 doctrina;
1377 1273 1564 1328 eadem
1612 1272 1820 1327 scilicet
1847 1276 2082 1343 operari,

519 1377 568 1416 et
607 1380 764 1433 posse
792 1363 1052 1433 Spiritum
1109 1374 1376 1428 sanctum,
1426 1379 1545 1433 qua:
1577 1377 1771 1418 nomen
1800 1363 1999 1432 Patris,
2029 1375 2084 1419 et

523 1456 644 1510 Filii
675 1455 812 1523 ejus,
846 1466 1029 1525 utpote
1060 1456 1150 1525 qui
1177 1464 1260 1510 est
1309 1454 1551 1526 ejusdem
1595 1455 1814 1510 deitatis
1859 1473 1874 1510 :
1911 1467 1965 1508 et
1990 1471 2083 1511 cu-

513 1547 740 1617 juslibet
789 1547 1122 1601 discriminis
1164 1555 1413 1616 expertes
1461 1545 1683 1611 Filium,
1729 1560 1793 1600 ac
1820 1545 2082 1614 Spiritum

518 1649 773 1694 sanctum
811 1638 862 1691 in
901 1653 1066 1691 unum
1099 1637 1260 1692 veluti
1291 1636 1527 1707 glomum
1558 1635 1672 1707 (99)
1698 1638 2011 1700 convenire,
2031 1647 2083 1692 et

516 1745 578 1783 ex
635 1744 790 1799 arquo
844 1728 1185 1782 venerandos
1245 1741 1403 1782 esse:
1439 1742 1547 1796 quo
1597 1729 1758 1781 modo
1784 1727 2082 1797 (l)Paulus

517 1821 776 1875 Romanis
811 1819 890 1891 (2)
925 1819 1150 1874 scribit:
1181 1837 1202 1874 ι
1228 1818 1360 1872 Nam
1394 1818 1440 1871 si
1498 1817 1543 1872 is
1593 1817 1683 1887 qui
1714 1818 1881 1882 venit,
1913 1817 2080 1872 alium

2190 639 2297 709 ἄρα
2329 637 2406 707 τῷ
2457 637 2578 708 θεῷ
2624 637 3046 707 ἀπαράλλακτον
3091 636 3152 688 τὸ
3192 634 3413 704 Πνεῦμα
3458 634 3641 687 αὐτοῦ’
3674 638 3766 690 καὶ

2189 733 2296 786 ἀπὸ
2326 731 2419 782 τοῦ
2451 731 2542 783 τὸν
2566 729 2846 800 Δεσπότην
2873 732 2984 792 τοῖς
3021 727 3308 798 μαθηταῖς,
3337 727 3518 788 αὐτοῖς
3538 727 3766 796 ὀνόμασι

2187 821 2368 890 φάναιο
2399 839 2416 868 σ
2459 821 2806 890 Ἀναμείνατε
2831 820 2930 890 τὴν
2960 817 3289 887 ἐπαγγελίαν
3316 817 3410 870 τοῦ
3445 818 3678 888 Πατρὸς,
3700 820 3764 881 ἢν
3830 851 3840 864 .

2185 914 2476 984 ἠκούσατε,
2527 914 2610 965 ὅτι
2671 913 2924 982 Ἰωάννης
2970 913 3070 982 μὲν
3136 911 3425 964 ἐϐάπτισεν
3483 910 3634 962 ὕδατι
3684 913 3764 972 εἰς

2189 1006 2496 1075 μετάνοιαν,
2565 1005 2719 1074 ὑμεῖς
2778 1003 2834 1056 δὲ
2875 1003 3308 1072 βαπτισθήσεσθε
3372 1005 3431 1055 ἐν
3485 1001 3762 1071 Πνεῦματι

2185 1095 2345 1166 ἁγίῳ.
2399 1115 2416 1147 ι
2453 1095 2616 1148 Οὐδὲν
2653 1095 2761 1165 γὰρ
2812 1094 2996 1166 ἕτερον
3027 1094 3186 1147 τοῦτο
3209 1094 3379 1157 δηλοῖ,
3410 1094 3442 1163 ἢ
3490 1095 3627 1164 ὅπερ
3670 1096 3764 1146 καὶ

2185 1187 2219 1256 ἡ
2255 1185 2387 1255 ἄλλη
2439 1183 2607 1238 αὑτοῦ
2660 1185 2788 1256 περὶ
2841 1184 2904 1237 τὸ
2950 1183 3205 1254 φώτισμα
3245 1183 3623 1252 μυσταγωγία,
3679 1185 3762 1236 ὅτι

2182 1275 2248 1346 δὴ
2277 1275 2346 1329 τὰ
2379 1275 2517 1328 αὐτὰ
2567 1276 2780 1345 ἐνεργεῖ
2827 1273 2920 1327 καὶ
2966 1274 3186 1327 δύναται
3231 1272 3291 1325 τὸ
3323 1273 3476 1340 άγιον
3512 1273 3762 1342 Πνεῦμα,

2184 1365 2328 1436 ἅπερ
2357 1365 2607 1436 ’τοῦνομα
2641 1365 2734 1418 τοῦ
2795 1365 3008 1436 Πατρὸς
3056 1367 3149 1418 καὶ
3200 1365 3293 1418 τοῦ
3340 1364 3533 1427 Παιδὸς
3573 1366 3759 1429 αὑτοῦ,

2182 1456 2278 1510 ἅτε
2322 1457 2422 1527 τῆς
2459 1457 2630 1526 αὐτῆς
2674 1457 2917 1528 ὑπάρχον
2977 1457 3246 1525 θεότητος.
3330 1455 3763 1525 Ἀπαράλλακτόν

2182 1564 2242 1601 τε
2271 1547 2334 1600 τὸ
2361 1549 2628 1618 μήρυγμα
2674 1545 2770 1600 τοῦ
2794 1545 2925 1599 Υίοῦ
2959 1547 3054 1600 καὶ
3082 1545 3174 1599 τοῦ
3227 1544 3383 1614 άγίου
3420 1545 3756 1615 Πνεῦματος,

2183 1640 2277 1694 καὶ
2317 1638 2376 1703 ἐξ
2423 1638 2538 1692 ἴσου
2598 1638 2815 1702 σεπτὸν,
2938 1636 3148 1700 Παῦλος
3199 1637 3488 1706 Ῥωμαίοις
3533 1638 3756 1707 γράφει·

2189 1745 2207 1779 ι
2270 1729 2332 1782 Εἰ
2363 1730 2460 1799 μὲν
2503 1729 2614 1801 γὰρ
2653 1731 2681 1784 ὀ
2706 1729 2997 1800 ἐρχόμενος
3036 1728 3192 1784 ἄλλον
3239 1728 3443 1798 Ἰησοῦν
3472 1729 3756 1798 κηρύσσει,

2181 1819 2240 1874 ὃν
2299 1821 2400 1874 οὐκ
2445 1821 2811 1893 ἐκηρύξαμεν,
2855 1821 2888 1890 ἢ
2923 1820 3147 1891 Πνεῦμα
3196 1820 3382 1889 ἕτερον
3426 1820 3754 1890 λαμϐάνετε,

515 1913 789 1966 Christum
818 1885 1105 1979 praedicat,
1167 1924 1328 1980 quem
1365 1924 1470 1964 non
1528 1885 1960 1977 praedicavimus,
1992 1919 2083 1963 aut

2187 1910 2214 1963 ὃ
2245 1911 2344 1964 οὐκ
2395 1885 2643 1966 ἐλάϐετε,
2734 1912 2845 1982 Τὴν
2876 1885 3083 1982 αὐτὴν-
3117 1885 3339 1976 ἔνδειξιν
3391 1885 3514 1982 ἔχει⁷
3553 1913 3645 1965 καὶ
3675 1913 3755 1976 τὸ,

515 2003 678 2057 alium
714 2003 972 2072 Spiritum
1009 2001 1282 2070 accipitis,
1305 2016 1465 2070 quem
1486 2015 1593 2054 non
1619 2001 1928 2068 accepistis.
1958 2019 1977 2052 ι
2014 2001 2082 2055 ll-

514 2095 606 2150 lud
631 2109 867 2165 quoque,
903 2112 924 2147 ι
947 2093 1064 2148 Νοιι
1094 2095 1237 2148 enim
1267 2091 1347 2166 ('5)
1377 2093 1551 2146 audeo
1581 2091 1784 2161 aliquid
1819 2092 1962 2161 loqui
1992 2107 2084 2147 co-

518 2200 662 2248 rum,
688 2199 808 2253 quie
834 2198 928 2251 per
945 2199 1029 2237 me
1057 2197 1161 2236 non
1178 2180 1355 2237 elTecit
1379 2181 1629 2238 Christus
1655 2183 1707 2237 in
1725 2183 2083 2239 obedientiam

514 2275 779 2346 gentium,
814 2273 979 2328 verbo
1002 2285 1055 2328 et
1078 2289 1263 2343 opere,
1296 2271 1523 2344 156m
1555 2273 1758 2328 virtute
1803 2275 2083 2345 signorum

516 2375 573 2421 ct
595 2367 984 2436 prodigiorum,
1039 2366 1091 2419 iu
1137 2365 1337 2420 virtute
1368 2365 1605 2434 Spiritus
1642 2362 1760 2432 Dei,
1786 2381 1805 2418 ι
1840 2367 2082 2421 eamdem

514 2459 627 2512 vim
669 2457 853 2524 habet,
907 2467 1071 2527 atque
1127 2457 1450 2527 emphasim,
1511 2472 1673 2526 quam
1717 2457 1879 2514 habet
1913 2458 2080 2512 illud:

520 2569 542 2604 ι
569 2549 731 2607 Pater
755 2549 833 2621 (4)
857 2550 910 2604 in
941 2564 1026 2604 me
1063 2562 1294 2603 manens
1323 2547 1438 2617 ipse
1461 2547 1592 2602 facit
1629 2547 2081 2617 opera.Creditis,

513 2645 782 2716 quode‘o
812 2645 863 2698 in
899 2642 1079 2706 Patre,
1120 2650 1175 2696 et
1209 2639 1370 2697 Pater
1420 2641 1475 2695 in
1513 2640 1632 2696 me?
1659 2659 1676 2692 ι
1714 2639 1922 2695 Etenim
1984 2640 2085 2694 ob-

511 2751 669 2792 serva
697 2736 950 2805 primum,
986 2735 1128 2789 sicut
1182 2731 1422 2799 Patrem,
1475 2732 1555 2786 sic
1609 2732 1772 2785 etiam
1818 2729 2081 2799 Spiritum

511 2828 631 2898 ejus
654 2827 796 2897 apud
849 2826 1126 2881 Christum
1181 2839 1424 2886 manere,
1463 2823 1610 2892 quod
1643 2824 1714 2876 sit
1743 2821 1812 2876 ob
1846 2822 2082 2876 divinam

522 2931 772 2974 naturam
832 2917 1232 2986 inseparabilis.
1277 2914 1514 2970 Observa
1549 2914 1762 2977 deinde,
1803 2913 1872 2967 ab
1898 2911 2086 2967 inclia-

515 3011 609 3064 hili
650 3009 919 3064 Trinitate
971 3009 1153 3061 divina
1210 3022 1375 3076 opera
1421 3005 1768 3060 concorditer
1807 3004 1942 3058 ﬁeri.
1977 3002 2082 3059 Ob-

513 3117 669 3155 serva
703 3101 942 3164 demum,
969 3100 1107 3154 sicut
1142 3097 1304 3152 Pater
1327 3098 1380 3150 in
1433 3097 1645 3166 propria
1691 3096 1964 3167 hypostasi
1989 3111 2085 3150 ex-

513 3191 712 3244 sistens
739 3196 1158 3257 repraesentatur
1189 3187 1240 3240 in
1275 3185 1553 3255 unigenito
1581 3185 1726 3239 velut
1769 3185 1821 3238 in
1847 3185 2083 3253 imagine

513 3281 584 3337 ob
614 3280 947 3335 identitatem
977 3278 1216 3341 deitatis,
1247 3278 1299 3331 id
1327 3287 1410 3332 est
1432 3278 1702 3342 essentia,
1719 3276 1906 3331 eodem
1928 3276 2084 3329 modo

515 3371 678 3426 etiam
715 3370 1060 3440 Unigenitum
1117 3369 1169 3423 in
1226 3383 1335 3423 uno
1388 3367 1596 3437 Spiritu
1624 3376 1813 3423 sancto
1854 3366 2001 3422 velut
2030 3367 2081 3420 in

515 3457 750 3525 imagine
773 3457 1174 3525 reprzesentari.
1205 3455 1376 3522 Quam
1412 3455 1578 3510 multa
1611 3471 1734 3512 vero
1758 3455 1860 3509 alia
1897 3456 1962 3510 de
1995 3457 2079 3511 di-

517 3548 641 3603 vino
673 3547 878 3619 Spiritu
917 3549 1117 3618 scripta
1134 3558 1260 3603 sunt
1285 3547 1364 3619 (5)
1387 3549 1453 3603 ab
1471 3550 1536 3602 iis
1563 3564 1664 3602 non
1693 3549 2079 3618 discrepantia,

513 3655 632 3711 qua:
662 3641 728 3695 de
764 3640 873 3694 Deo
911 3655 975 3695 ac
1016 3639 1196 3704 Patre,
1247 3648 1301 3694 et
1357 3640 1422 3694 de
1485 3637 1770 3708 Unigenito
1803 3639 1920 3707 ejus
1945 3638 2081 3693 Filio

512 3737 714 3803 scripta
752 3734 1000 3788 luerunt!
1058 3748 1291 3802 quorum
1343 3731 1522 3801 aliqua
1561 3731 1726 3786 variis
1765 3731 1896 3786 locis
1924 3731 2084 3798 hujus

517 3827 638 3882 libri
671 3827 1049 3890 continuentur,
1077 3825 1130 3879 in
1170 3824 1440 3879 sermonis
1469 3823 1704 3878 decursu
1744 3837 1773 3875 a
1819 3819 1973 3874 nobis
2008 3820 2085 3873 al-

519 3917 646 3969 lata.
671 3915 820 3980 Quod
845 3916 889 3969 si
930 3915 1005 3984 (7)
1038 3929 1133 3968 eos
1171 3912 1411 3968 vicissim
1450 3912 1870 3980 interrogemus,
1903 3918 2083 3961 utrum

521 4007 627 4061 Eva
656 4006 754 4078 (8),
783 4021 846 4061 ac
877 4007 1025 4078 pueri
1057 4021 1193 4076 quos
1244 4021 1306 4060 ea
1339 4004 1546 4076 genuit,
1601 4017 1666 4056 ex
1713 4001 1921 4056 Adamo
1953 4000 2085 4066 sint,

585 4173 696 4243 (97)
760 4170 1092 4236 Exspectate.
1143 4170 1264 4224 Act.
1325 4184 1368 4234 1,
1408 4169 1439 4223 ιλ
1501 4177 1554 4222 et
1609 4168 1661 4223 5.
1707 4165 1873 4221 Biblia
1933 4165 2088 4234 paulo

516 4245 692 4300 aliter.

589 4315 701 4385 (98)
721 4312 786 4365 In
809 4309 1185 4385 ρωιιὶιεηιίσηι.
1208 4307 1584 4385 Graecaeditio
1612 4308 1724 4361 haec
1757 4321 1860 4385 non
1901 4307 2080 4360 habet.

517 4376 632 4438 Hu‘c
675 4376 902 4435 fortasse
945 4382 1276 4446 irrepserunt
1309 4392 1372 4431 ex
1405 4376 1592 4430 Matth.
1622 4394 1704 4440 ιιι,
1750 4379 1836 4436 Η,
1891 4387 1991 4446 aut
2017 4391 2080 4429 ex

515 4453 736 4508 scholiis
776 4452 910 4502 intra
947 4445 1139 4517 lineas,
1172 4447 1250 4500 vel
1273 4449 1334 4517 ad
1366 4446 1660 4517 marginem
1683 4447 1925 4517 adjectis.
1953 4445 2084 4499 Vide

519 4533 630 4579 nol.
649 4521 742 4578 ‘28.
769 4535 890 4585 pag.
925 4516 1025 4570 106
1055 4525 1107 4569 et
1124 4527 1236 4585 npt.
1266 4515 1358 4574 62,
1383 4533 1501 4585 pag.
1538 4516 1654 4570 M5.

589 4594 701 4662 (99)
726 4583 1377 4662 βιυιιιιιιηζΙιιῇίῖιτιξροε⁵
1403 4583 1472 4662 fro—
1509 4589 1774 4662 μήρυγμα
1810 4585 1902 4639 τοῦ
1955 4583 2085 4662 Υίοῦ

517 4654 614 4716 καὶ
652 4654 746 4715 τοῦ
780 4658 934 4726 ἁγίου
986 4654 1319 4724 Πνεῦματος,
1363 4655 1415 4708 id
1443 4654 1608 4710 estad
1641 4654 1879 4726 verbum.
1916 4674 1934 4705 ι
1973 4656 2089 4723 glo-

521 4748 794 4786 meramen
828 4725 972 4781 ’Fihi
1024 4736 1076 4777 et
1126 4727 1359 4793 Spiritus
1414 4728 1602 4779 sancti.
1640 4745 1658 4777 ι
1698 4725 1826 4791 Qua:
1867 4726 2086 4786 locutio,

519 4820 613 4856 seu
663 4801 973 4868 metaphora
1025 4795 1233 4848 Latinis
1279 4797 1500 4849 auribus
1563 4797 1813 4868 humilior
1854 4797 2088 4856 videtur,

518 4889 679 4943 quam
707 4881 762 4924 ut
785 4866 837 4943 in
896 4869 1107 4943 divinas
1133 4880 1389 4943 personas
1422 4866 1727 4943 convenire
1765 4876 1964 4943 queat:
2002 4875 2091 4943 at-

517 4933 698 4997 tiinnen
742 4941 873 4993 satis
912 4937 1191 5006 perspicue
1246 4935 1312 5006 ιιι
1349 4936 1586 5006 exhibet,
1641 4937 1778 5002 quod
1850 4935 1960 5006 vult
2002 4933 2092 4984 Di-

517 5016 732 5083 dymus,
779 5003 1010 5063 Vetusta:
1041 5003 1220 5083 porro
1284 5003 1511 5083 Pollucis
1552 5005 1836 5083 _editioucs
1877 5003 1966 5056 lib.
2015 5018 2087 5083 iv,

517 5074 638 5151 cap.
677 5083 763 5142 lt),
798 5079 1065 5151 habebant
1103 5074 1385 5151 μήρυγμα·
1421 5075 1794 5151 sgdhulmins
1835 5075 2091 5127 emenda-

519 5143 614 5216 vii,
678 5153 922 5224 μηρυμα.
957 5146 1153 5224 V_"erum
1188 5143 1271 5195 rex
1305 5145 1404 5224 hoc
1451 5143 1656 5211 Didymi
1684 5145 1802 5196 loco
1847 5151 2087 5212 apparet,

522 5214 930 5292 pri-scani'illam
974 5217 1260 5269 lectionem
1311 5214 1577 5284 μήρυγμα
1609 5231 1710 5268 non
1745 5225 2090 5266 contemnen-

519 5296 637 5347 dam
673 5306 809 5346 esse.

590 5363 668 5431 (l)
699 5363 812 5431 Quo
836 5358 1251 5431 modo._”Codex,
1292 5360 1357 5431 ﬁ.
1389 5354 1551 5422 Lego,

590 5424 666 5502 (2)
701 5424 969 5502 (laritanis.
1006 5427 1181 5502 Bisad
1203 5424 1560 5502 emudcm.“nt
1589 5424 1672 5477 est
1699 5427 1750 5478 in
1785 5424 2088 5502 proverbio.

518 5495 716 5555 lterum
757 5499 962 5553 scilicet
988 5516 1052 5552 ex
1092 5499 1324 5569 Epistula
1369 5497 1432 5569 ad
1466 5495 1738 5569 Romanos
1767 5496 1915 5569 citat,
1973 5508 2092 5569 quin

517 5579 736 5624 exstant
775 5571 824 5622 in
881 5562 1239 5624 secunda-ad
1295 5565 1623 5623 Corinthios.
1685 5565 1814 5619 Vide
1865 5571 1976 5617 not.
2003 5562 2089 5627 17,

541 5657 641 5696 νιοιζ.
664 5641 717 5696 3.

517 5657 641 5710 pag.
664 5657 717 5696 ο.
1999 5703 2008 5712 ,
2042 5705 2052 5712 _

592 5711 670 5779 (ὖ)
697 5712 814 5764 Νοη
859 5712 1016 5764 enim.
1059 5711 1215 5764 Rom.
1271 5725 1357 5773 xv,
1395 5707 1458 5760 18
1499 5715 1552 5761 et
1581 5706 1666 5761 19.
1684 5703 1892 5779 __Gr:et_~_a
1921 5703 2092 5779 editio

521 5773 684 5838 habet
735 5781 1005 5848 τολμήσω,
1057 5783 1106 5833 id
1161 5791 1288 5835 εει(
1330 5780 1557 5832 audebo.
1613 5795 1629 5824 μ
1679 5777 1782 5828 Sed
1838 5773 2090 5841 Vulgaltts

524 5857 624 5911 ilil.
668 5849 796 5921 legit
825 5861 880 5902 ut
909 5850 1180 5919 Didymus,
1215 5867 1424 5918 nempe,
1471 5867 1488 5898 ι
1524 5848 1710 5900 audeo.
1749 5864 1766 5893 ι

2191 2021 2209 2056 ι
2242 2001 2318 2057 Οὐ
2361 2002 2471 2073 γάρ
2501 2002 2686 2073 τολμῶ
2749 2020 2802 2056 τι
2856 2002 3056 2067 λαλεῖν,
3098 1997 3173 2056 ὧν
3237 2003 3297 2056 οὐ
3358 2004 3759 2074 κατειργάσατο

2183 2094 2414 2165 Χριστὸς
2445 2095 2511 2148 δι’
2538 2094 2674 2166 ἐμοῦ
2705 2097 2785 2158 εἰς
2803 2096 3048 2166 ὑπακοὴν
3069 2095 3262 2160 ἐθνῶν,
3300 2095 3441 2165 λόγῳ
3471 2096 3564 2148 καὶ
3589 2095 3757 2166 ἔργῳ,

2184 2187 2246 2240 ἐν
2265 2186 2491 2256 δυνάμει
2523 2187 2766 2256 σημείων
2809 2188 2904 2240 καὶ
2945 2185 3210 2257 τεράτων,
3242 2185 3299 2237 ἐν
3339 2184 3563 2254 δυνάμει
3593 2185 3762 2237 Πνεύ-

2187 2294 2356 2348 ματος
2394 2276 2552 2343 Θεοῦ,
2589 2297 2608 2329 ι
2635 2277 2734 2347 τῷ,
2759 2296 2777 2330 ι
2821 2278 2878 2331 '0
2911 2275 3102 2347 Πατὴρ
3127 2277 3184 2329 ἐν
3215 2275 3336 2346 ἐμοὶ
3374 2275 3573 2346 μένων,
3598 2276 3758 2340 αὐτὸς

2185 2370 2328 2421 ποιεῖ
2352 2367 2421 2420 τὰ
2459 2367 2616 2438 ἔργα.
2651 2367 2962 2432 Πιστεύετε,
2997 2367 3078 2420 ὅτι
3108 2365 3219 2434 ἐγὼ
3248 2369 3304 2420 ἐν
3341 2366 3418 2437 τῷ
3451 2367 3646 2438 Πατρὶ,
3667 2369 3760 2421 καὶ

2182 2459 2211 2511 ὁ
2245 2456 2432 2527 Πατὴρ
2480 2459 2539 2510 ἐν
2580 2457 2724 2528 ἐμοί.
2767 2475 2786 2509 ι
2837 2459 3152 2529 Παρατήρει
3200 2456 3328 2529 γὰρ,
3365 2457 3555 2529 ὅτιπερ
3611 2459 3685 2522 ὠς
3730 2460 3761 2513 ό

2185 2548 2396 2618 Πατὴρ,
2446 2546 2618 2610 οὕτως
2677 2548 2772 2600 καὶ
2803 2547 2862 2600 τὸ
2893 2547 3118 2618 Πνεῦμα
3143 2548 3306 2602 αὐτοῦ
3339 2550 3486 2620 παρὰ
3503 2549 3581 2620 τῷ
3623 2553 3758 2622 Χρι-

2153 2645 2156 2648 ’
2186 2637 2294 2707 στῷ
2337 2637 2508 2708 μένει,
2553 2635 2851 2708 ἀχώριστον
2897 2637 2954 2689 δν
2983 2640 3049 2708 τῇ
3081 2637 3199 2709 θείᾳ
3228 2637 3406 2706 φύσει·
3450 2639 3546 2692 καὶ
3572 2641 3655 2693 ὅτι
3694 2639 3760 2692 τά

2184 2727 2339 2784 θεῐκὰ
2364 2728 2499 2799 ἔργα
2529 2727 2629 2800 [64
2662 2727 2724 2796 bl
2753 2728 2970 2796 ὑπὸτῆς
3003 2730 3242 2799 ἀρρήτου
3277 2728 3504 2798 Τριάδος
3521 2731 3759 2800 ὀμοφρό-

2183 2837 2288 2883 νως
2309 2821 2536 2888 γίνεται·
2561 2820 2656 2872 καὶ
2681 2819 2824 2873 καθὰ
2844 2823 2873 2873 ὁ
2899 2821 3109 2891 Πατὴρ,
3138 2823 3194 2873 ἐν
3223 2821 3326 2892 ἰδίᾳ
3353 2823 3644 2874 ὑποστάσει
3662 2823 3759 2884 ὢν,

2183 2911 2568 2982 ἐξεικονίζεται
2600 2913 2657 2965 ἐν
2688 2911 2766 2982 τῷ
2798 2913 3110 2980 Μονογενεί,
3137 2913 3226 2965 διὰ
3256 2914 3316 2965 τὸ
3347 2914 3761 2984 ἀπαράλλακτον

2181 3003 2284 3073 τῆς
2309 3002 2581 3072 θεότητος,
2610 3001 2753 3055 τοῦτ’
2787 3001 2932 3054 ἔστιν
2957 3002 3054 3068 τῆς
3072 3002 3276 3065 οὐσίας’
3304 3001 3394 3055 τὸν
3422 3005 3534 3055 ἴσον
3563 3003 3761 3073 τρόπον

2183 3094 2279 3148 καὶ
2307 3095 2335 3146 ὁ
2375 3092 2685 3163 Μονογενὴς
2738 3094 2795 3144 ἐν
2847 3092 2923 3162 τῷ
2964 3093 3045 3145 ἐν).
3090 3093 3228 3164 ἁγίῳ
3274 3093 3567 3162 Πνεῦματι.
3615 3095 3762 3146 Πόσα

2182 3183 2239 3238 δὲ
2265 3183 2398 3240 ἄλλα
2443 3185 2743 3255 ἐμφέρεται
2795 3184 2926 3255 περὶ
2961 3183 3056 3237 τοῦ
3091 3184 3271 3238 Θεῖκοῦ
3308 3185 3641 3253 Πνεῦματος,
3699 3185 3762 3236 οὺ

2187 3273 2512 3344 διαφέροντα
2540 3273 2674 3345 πρὸς
2707 3273 2775 3326 τά
2812 3274 3174 3344 γεγραμμένα
3216 3275 3343 3344 περ)⁵
3385 3274 3478 3328 τοῦ
3508 3275 3640 3327 Θεοῦ
3667 3275 3763 3328 καὶ

2188 3364 2423 3434 Πατρὺς,
2449 3364 2544 3416 καὶ
2569 3363 2662 3416 τοῦ
2690 3362 3009 3434 μονογενοῦς
3033 3362 3195 3416 αὐτοῦ
3223 3363 3352 3416 Υίοῦ
3375 3366 3386 3418 l
3433 3364 3491 3430 ἐξ
3524 3357 3597 3417 ὧν
3640 3383 3764 3419 τινα

2186 3457 2461 3528 διαφόροις
2496 3457 2681 3520 τόποις
2702 3456 2858 3509 τοῦδε
2887 3455 3198 3526 περιέχεται
3222 3457 3314 3512 τοῦ
3344 3457 3571 3528 βιϐλίου,
3601 3457 3667 3510 δι’
3688 3452 3762 3511 ὧν

2185 3544 2346 3619 ἦλθεν
2373 3547 2516 3602 ὁτοῦ
2551 3548 2708 3615 λόγου
2748 3548 2962 3618 δρόμος.
3008 3549 3160 3600 Ἐπεὶ
3213 3549 3410 3617 μήγετι
3451 3549 3526 3618 (6)
3549 3548 3764 3619 ἐροῦσιν

2190 3638 2680 3710 ἁντερωτηθέντες,
2720 3638 2802 3690 ὃτι
2852 3640 2917 3690 ἐκ
2942 3638 3037 3690 τοῦ
3081 3637 3305 3709 Ἀδὰμή
3342 3638 3455 3693 Εὕα
3494 3642 3585 3694 καὶ
3615 3642 3662 3693 οἱ
3704 3640 3762 3706 ἐξ

2189 3731 2358 3799 αὐτῆς
2399 3729 2618 3794 παῖδες;
2651 3729 2760 3782 Καὶ
2804 3730 2942 3794 πῶς,
2968 3732 3018 3784 οἱ
3073 3730 3171 3801 μὲν
3221 3733 3534 3803 ἐγράφησαν
3573 3749 3765 3802 γεννη-

2191 3817 2398 3881 θέντες,
2439 3819 2474 3887 ἡ
2522 3818 2579 3870 δέ
2630 3815 2741 3870 οὔτ’
2775 3819 2942 3872 αὑτοῦ
2984 3825 3132 3884 παῖς,
3159 3821 3270 3874 οὔτ’
3312 3821 3514 3890 ἀδελφὴ
3544 3820 3652 3873 τῶν
3678 3837 3764 3873 τε-

2191 3905 2427 3978 χθέντων
2457 3908 2694 3979 ἐκλήοη;
2739 3909 2930 3962 Ὁπότε
2965 3913 3026 3964 οὐ
3063 3911 3282 3966 δυνατὸν
3311 3911 3761 3983 παραδειχθῆναι,

2192 4003 2254 4054 ἐκ
2283 3999 2594 4072 παραϐολῆς
2619 4001 2954 4073 κτισμάτων,
2977 4004 3076 4075 τὴν
3099 4005 3299 4078 μονάδα
3316 4005 3408 4058 καὶ
3435 4002 3760 4092 ἀσύγκριτον

2267 4163 2343 4234 (.l)
2381 4163 2556 4224 Pater.
2589 4166 2741 4222 Joan.
2776 4182 2888 4230 xw,
2921 4165 3010 4228 10,
3063 4165 3147 4219 ll.
3185 4162 3352 4218 Bililia
3395 4160 3550 4231 paulo
3583 4161 3757 4225 aliter,

2194 4238 2285 4287 sed
2327 4238 2511 4287 eodem
2547 4253 2727 4291 sensu.

2264 4303 2338 4371 (5)
2378 4303 2583 4372 Scripta
2608 4316 2751 4360 sunt.
2783 4308 2907 4366 Aut,
2941 4323 2959 4353 ‹
3005 4304 3271 4362 feruntur,
3314 4321 3332 4353 ι
3379 4302 3428 4354 in
3465 4301 3763 4368 Srripturis

2196 4390 2214 4422 ι
2246 4385 2606 4443 continentur.
2633 4395 2652 4426 ›
2693 4376 2864 4428 Simili
2901 4372 3287 4443 signiﬁcatione
3318 4373 3614 4424 adhibitum
3663 4373 3759 4440 ὲμ-

2190 4442 2414 4512 φέρεται
2493 4445 2730 4497 invenies
2807 4442 2964 4510 apud
3016 4443 3404 4512 Epiphaniunr
3453 4444 3641 4512 liap'es.
3711 4459 3762 4493 L.

2195 4505 2336 4564 -Ἇπὸ
2367 4513 2474 4564 τῶν
2509 4515 2754 4567 άκτων...
2797 4505 3026 4564 Πιλάτου
3063 4505 3353 4580 (inquit)...
3391 4510 3448 4560 ἐν
3486 4505 3566 4572 οἷς
3595 4512 3764 4580 ἐμφέ-

2191 4598 2343 4650 ρεται
2365 4586 2427 4653 τῇ
2451 4583 2556 4652 πρὸ
2584 4582 2728 4634 ὀκτὼ
2753 4582 3039 4653 καλαέιδῶν
3082 4581 3138 4653 Ἀ
3149 4579 3403 4653 πειλλίων
3427 4580 3515 4653 τον
3539 4579 3763 4650 Σωτῆρα

2192 4647 2537 4713 πεπονθέναι,
2596 4654 2645 4704 id
2697 4664 2778 4706 est
2817 4669 2834 4700 ι
2877 4650 2949 4702 Ex
3019 4651 3167 4703 Actis
3201 4647 3422 4703 Ptlati...
3471 4647 3763 4716 inquilinis

2193 4728 2522 4782 continetur,
2549 4722 2652 4784 vel,
2685 4723 2941 4788 scriptum
2975 4731 3077 4779 ρει,
3119 4737 3137 4768 ι
3172 4718 3494 4788 ιειητιειιιιιιει.
3525 4715 3765 4788 ,Ιοζιιιιιιιε

2191 4803 2318 4843 vero
2374 4791 2737 4843 Damascenus
2787 4785 2916 4841 ίοιιι.
2953 4790 3017 4847 ll.
3051 4803 3170 4854 pag.
3205 4785 3312 4838 ‘275
3354 4787 3471 4838 ait:
3513 4785 3603 4835 καὶ
3663 4786 3764 4837 ὃσα

2192 4862 2320 4930 περὶ
2351 4860 2505 4930 ἡμῶν
2540 4861 2597 4910 ὲν
2631 4861 2870 4929 Γραφαῖς
2927 4858 3244 4930 ἐμφέρεται,
3283 4857 3332 4908 id
3365 4865 3447 4907 est
3483 4873 3500 4902 ι
3535 4867 3583 4905 et
3613 4871 3759 4921 quze-

2191 4927 2401 4996 cuiique
2429 4932 2492 4982 de
2522 4927 2680 4981 nohis
2703 4927 2766 4982 in?
2792 4927 3085 4997 Scripturis
3113 4927 3379 4986 feruntur,
3407 4933 3523 4987 aut,
3562 4937 3760 4993 scripta

2191 5012 2332 5060 sunt,
2363 5019 2381 5051 ι
2422 5010 2510 5051 aut
2543 5017 2560 5048 ι
2601 5001 2959 5052 continentur.
3000 5013 3016 5047 ι

2264 5070 2338 5138 (ti)
2369 5069 2605 5137 Μήγετι.
2626 5068 2802 5138 Forte,
2837 5068 3049 5137 μήτιγε.
3081 5066 3235 5138 Εοιτ.

2264 5135 2340 5207 (7)
2377 5135 2527 5202 Queri
2569 5141 2633 5188 si.
2661 5137 2816 5191 Redit
2840 5135 3064 5204 repente
3090 5140 3154 5186 ad
3190 5135 3566 5207 haereticorum
3609 5136 3753 5199 obje—

2193 5206 2448 5268 ctionem,
2490 5207 2647 5274 hujus
2677 5210 2868 5274 capitis
2895 5207 3048 5260 initio
3065 5207 3387 5273 prepositani
3425 5223 3438 5256 :
3474 5206 3759 5270 cnjnsuos,

2193 5279 2281 5342 qui
2309 5289 2450 5329 tanta
2493 5278 2772 5337 memoria,
2807 5286 3005 5345 quanta
3043 5277 3316 5344 Didymus,
3343 5292 3446 5328 non
3477 5277 3760 5345 pollenms,

2193 5348 2342 5398 ohliti
2369 5347 2475 5414 jam
2508 5361 2742 5399 eruuns.
2804 5343 2911 5398 llac
2941 5347 3004 5398 de
3034 5343 3194 5398 caussa
3250 5349 3336 5397 ubi
3373 5363 3414 5397 is
3445 5349 3542 5405 ait,
3599 5343 3756 5405 ἐπεί,

2194 5418 2351 5480 verti,
2387 5434 2404 5464 ι
2444 5416 2580 5482 quod
2604 5417 2670 5480 si,
2707 5434 2724 5466 ι
2749 5431 2856 5484 quo
2875 5416 3100 5468 Violenta
3124 5432 3298 5467 minus
3332 5425 3470 5468 esset
3493 5424 3758 5465 transitio.

2194 5484 2302 5538 llac
2349 5503 2508 5553 porro
2569 5489 2936 5553 responsione,
2982 5500 3139 5552 quam
3178 5486 3552 5537 lia‘retirorum
3601 5499 3760 5548 argu-

2196 5567 2374 5607 tnento
2403 5557 2617 5608 adhibet
2653 5558 2926 5626 Didymus,
2976 5556 3063 5606 alii
3096 5555 3259 5626 etiam
3289 5554 3495 5615 Patres,
3521 5555 3610 5621 qui
3637 5567 3764 5604 ron.

2197 5629 2276 5674 tia
2332 5626 2560 5678 Ariauos
2587 5624 2937 5693 scripserunt,
2974 5624 3168 5693 passim
3202 5634 3442 5675 utuntur.

2266 5695 2344 5759 (8)
2388 5693 2516 5746 Eva.
2550 5691 2731 5748 Codex
2779 5697 2940 5748 habet
2961 5695 2995 5762 ἠ
3026 5691 3140 5745 Εὕα
3165 5694 3280 5762 sine
3307 5701 3552 5762 accentu,
3585 5700 3639 5741 ut
3672 5705 3762 5741 so-

2194 5764 2284 5823 let,
2328 5762 2375 5813 id
2410 5776 2512 5834 est,
2552 5765 2584 5834 ἢ
2626 5764 2758 5828 Εὕα,
2795 5760 3008 5831 nempe,
3047 5782 3064 5811 ι
3091 5772 3179 5814 aut
3210 5760 3335 5816 Eva.
3389 5780 3407 5812 ι
3447 5761 3553 5829 Ego
3584 5769 3760 5813 tamen

2195 5834 2316 5903 legi,
2343 5834 2373 5904 ή
2406 5832 2537 5887 Εὕα.
