4114 6422
317 434 429 494 505
1370 435 1455 495 DE
1494 437 1871 496 TRINITATE
1908 440 2111 496 LIBER
2154 444 2537 503 SECUNDUS.
3501 439 3604 497 506

318 550 509 624 φύσιν,
536 549 636 623 τὴν
659 550 886 606 ἀθέατον
912 553 1176 624 μένουσαν
1196 553 1274 625 τῷ
1313 554 1411 625 νῷ,
1441 556 1580 626 ἀκοῇ
1608 554 1671 607 δὲ
1700 554 1793 608 καὶ
1822 556 1919 626 ρήο

2030 575 2204 615 nonne
2238 560 2358 614 illos
2381 573 2446 613 ex
2480 557 2687 611 Adamo
2733 569 2857 612 esse
2902 552 3344 625 respondebunt?
3372 551 3440 605 At
3467 565 3607 621 quo-

325 662 494 716 μασιν
533 642 656 697 οὔτε
686 644 1039 716 «poetae-ilva:
1069 647 1427 718 ἁνεχομὲνην.
1455 647 1575 701 Κᾶν
1612 648 1719 718 γὰρ
1745 646 1915 717 μικρά

320 754 426 798 τις,
459 735 594 789 ὡσεὶ
630 736 760 791 σκιὰ
782 736 1095 806 ὁμοιώσεως
1119 735 1419 802 οἱονείπως,
1464 736 1685 807 εὑρεθῇ,
1724 735 1915 803 φεύγει

320 828 384 881 τὸ
413 827 575 881 πλέον
615 828 750 896 ἀφὲν
787 828 878 882 τὸν
912 829 1362 899 παρεκόάλλοντα
1395 829 1545 883 κάτω
1573 844 1699 881 που.
1747 826 1917 879 Οὐδα-

329 918 445 989 μῶς
490 916 601 989 γὰρ
649 918 711 971 τὸ
764 916 1116 990 παράδειγμα
1168 919 1435 992 ταυτότης
1491 915 1631 973 εἶναι
1672 918 1912 971 δύναται·

326 1012 513 1063 ἐκεῖνα
542 1010 600 1064 δὲ
645 1010 806 1081 μόνον
828 1011 1009 1080 λέγειν
1042 1012 1301 1080 ἀσφαλὲς,
1328 1013 1472 1083 ἅπερ
1494 1011 1630 1082 πρὸς
1651 1012 1718 1064 τὰ
1738 1010 1915 1082 μέτρα

326 1101 485 1172 ἡμῶν
515 1101 761 1166 ἐδίδαξαν
783 1103 839 1154 αἱ
867 1103 1103 1175 Γραφαί.
1134 1104 1254 1157 Ὅτι
1280 1099 1371 1157 οὖν
1399 1104 1456 1158 ἒν
1478 1103 1573 1158 καὶ
1591 1105 1750 1175 μόνον
1776 1097 1915 1157 εἷναι

328 1193 559 1266 Πνεῦμα
596 1194 693 1248 τοῦ
716 1194 853 1247 Θεοῦ
884 1195 1097 1267 Πατρὸς
1122 1197 1453 1268 γέγραπται,
1473 1196 1561 1250 διὰ
1583 1196 1648 1265 τὸ
1686 1196 1915 1268 κεχωρί-

331 1286 455 1340 σθαι
475 1286 575 1357 μὲν
598 1289 665 1357 τῇ
700 1285 861 1356 φύσει
913 1287 1021 1340 τῶν
1050 1288 1224 1342 ἄλλων
1256 1288 1602 1359 πνευμάτων,
1652 1288 1918 1358 συνῆφθαι

334 1379 392 1433 δὲ
423 1379 503 1451 τῷ
547 1379 726 1450 Harp).
773 1380 868 1432 καὶ
922 1378 1000 1450 τῷ
1034 1380 1149 1451 Υίῷ
1195 1381 1360 1434 αὑτοῦ
1402 1380 1481 1452 τῷ
1520 1380 1665 1451 λόγῳ
1707 1381 1807 1447 τῆς
1830 1380 1921 1433 οὐ-

334 1472 478 1536 σίας,
532 1469 746 1534 Παῦλος
788 1471 1080 1542 ὑφηγεῖται
1138 1470 1368 1542 γράφων
1406 1470 1542 1543 πρὸς
1585 1471 1685 1542 μὲν
1724 1472 1919 1542 Κοριν-

333 1562 481 1625 θίους
522 1564 580 1615 ὲν
610 1564 676 1633 τῇ
702 1561 896 1635 πρώτῃ
925 1561 1235 1633 Ἐπιστολῇ.
1265 1581 1284 1614 ι
1310 1561 1491 1632 Ἀλλῳ
1523 1562 1581 1615 δὲ
1603 1562 1923 1634 χαρίσματα

336 1654 584 1723 ἰαμάτων
636 1655 694 1707 ὲν
714 1652 793 1724 τῷ
814 1654 895 1707 ἐν).
946 1652 1246 1724 Πνεύματι·
1291 1673 1310 1706 ι
1341 1654 1438 1708 καὶ
1476 1653 1657 1708 πάλιν·
1692 1673 1710 1705 ι
1738 1655 1921 1709 Πάντα

334 1745 391 1799 δὲ
417 1744 588 1798 ταῦτα
614 1746 825 1814 ἐνεργεῖ
842 1742 908 1797 τὸ
937 1743 994 1797 ἓν
1024 1745 1119 1798 καὶ
1141 1744 1201 1798 τὸ
1222 1745 1354 1799 αὐτὸ
1392 1744 1640 1815 Πνεῦμα,
1677 1744 1922 1816 διαιροῦν

342 1837 447 1908 ἰδία
476 1836 719 1906 ἑκάστῳ,
749 1835 929 1900 καθὼς
961 1835 1227 1906 βούλεται·
1265 1855 1283 1887 ι
1323 1839 1419 1892 καὶ
1454 1837 1638 1891 πάλιν·
1664 1856 1682 1888 ι
1715 1837 1923 1902 Πάντες

338 1928 398 1982 εν
424 1927 651 1993 Πνεῦμα
676 1927 1073 1999 ἐποτίσθημεν·
1105 1947 1124 1978 ι
1153 1928 1288 1999 πρὸς
1318 1928 1376 1981 δὲ
1415 1918 1716 1997 Ἐφεσίους·
1751 1947 1769 1978 ι
1801 1930 1924 1983 Ὅτι

334 2019 402 2073 δι’
418 2019 583 2074 αὐτοῦ
607 2019 803 2090 ἔχομεν
826 2018 926 2091 τὴν
951 2018 1044 2091 [6'5
1059 2018 1117 2091 η]
1145 2019 1511 2090 προσαγωγὴν
1532 2021 1582 2072 oi
1601 2020 1923 2090 ἀμφότεροι,

336 2111 397 2165 ἐν
450 2111 533 2164 ἑνὶ
581 2111 861 2182 Πνεῦμα-ει
915 2111 1052 2181 πρὸς
1094 2110 1186 2163 τὸν
1228 2110 1469 2181 Πατέρα·
1516 2129 1534 2159 ι
1594 2111 1689 2164 καὶ
1738 2110 1923 2167 πάλιν

344 2222 363 2253 ι
403 2200 801 2266 Σπουδάζοντες
826 2204 1015 2272 τηρεῖν
1040 2200 1139 2271 τὴν
1165 2201 1390 2273 ἑνότητα
1408 2198 1504 2253 τοῦ
1534 2201 1871 2271 Πνεύματος·
1900 2220 1919 2253 ι

337 2290 481 2344 τοῦτ’
516 2291 684 2356 ἐστιν,
722 2289 925 2361 πολλὴν
977 2289 1248 2343 ποιεῖσθαι
1304 2288 1551 2359 φυλακὴν
1590 2289 1683 2342 τοῦ
1713 2291 1787 2361 μὴ
1820 2308 1926 2361 χω-

338 2385 512 2457 ρίζειν
550 2385 681 2438 αὐτὸ
713 2385 814 2453 τῆς
841 2383 1101 2438 ἀνωτάτω
1149 2383 1335 2446 ένάδος
1370 2382 1466 2436 καὶ
1492 2381 1812 2446 αὐτοτελοῦς
1836 2383 1926 2437 οὑ-

338 2476 479 2539 σίας.
494 2477 617 2528 Ὅτι
645 2475 701 2527 δὲ
735 2476 827 2528 κα)¹
862 2474 1044 2545 Ῥῆμα
1076 2474 1414 2545 ὠνόμασται,
1443 2473 1813 2546 μαρτυροῦσιν
1838 2476 1926 2528 οὐ·

333 2567 493 2619 τωσί·
560 2564 771 2630 Παῦλος
791 2567 1042 2638 γράφων,
1083 2567 1220 2639 πρὸς
1249 2566 1532 2636 Ἐφεσίους
1563 2567 1680 2637 μέν’
1716 2586 1735 2619 ι
1771 2568 1926 2620 Ἀνα-

278 2690 290 2697 —
338 2655 598 2722 λαϐόντες
654 2658 752 2728 τὴν
819 2659 1123 2712 πανοπλίαν
1175 2658 1270 2712 τοῦ
1341 2657 1499 2723 Θεοῦ,
1564 2660 1658 2713 καὶ
1701 2658 1925 2731 θώρακα

336 2748 439 2817 τῆς
473 2747 842 2819 δικαιοσύνης,
890 2748 981 2802 καὶ
1015 2750 1106 2803 τὸν
1153 2748 1347 2821 θυρεὸν
1388 2750 1488 2821 τῆς
1525 2750 1802 2819 πίστεως,
1830 2752 1925 2804 καὶ

338 2840 439 2909 τὴν
473 2839 907 2913 περικεφαλαίαν
932 2839 1027 2893 τοῦ
1065 2841 1357 2911 σωτηρίου,
1397 2841 1491 2894 καὶ
1517 2841 1618 2912 τὴν
1650 2842 1924 2913 μάχαιραν

339 2930 433 2984 τοῦ
478 2931 815 3001 Πνεύματος,
859 2932 889 2985 ὅ
934 2933 1085 2986 ἐστιν
1128 2933 1308 3004 Ῥἦμα
1344 2932 1501 2987 Θεοῦ.
1552 2953 1573 2987 ι
1631 2928 1738 2998 Ἦς
1783 2953 1926 3000 τινος

344 3025 619 3096 μαχαίρας
645 3025 1052 3096 ἐμνημόνευσεν
1073 3026 1171 3079 καὶ
1212 3026 1512 3090 Ματθαῖος.
1545 3029 1611 3082 ὲκ
1634 3027 1924 3098 προσώπου

341 3116 434 3170 τοῦ
476 3116 714 3186 Χριστοῦ
774 3117 965 3171 εἰπών·
1019 3136 1037 3169 ι
1072 3118 1188 3171 υύκ
1236 3114 1400 3189 ἦλθον
1450 3118 1632 3188 βαλεῖν
1681 3120 1923 3192 εἰρήνην,

2023 651 2183 706 modo
2205 651 2257 705 hi
2287 652 2504 720 quidem
2527 651 2782 703 dicuntttr
2806 649 2857 702 iu
2884 649 3163 717 Scriptura
3190 643 3431 716 generati
3459 657 3601 707 esse,

2023 741 2108 796 illa
2150 756 2280 796 vero
2314 757 2489 811 neque
2514 741 2706 795 Adami
2754 740 2862 793 tilia
2914 749 3160 802 vocatur,
3192 750 3368 804 neque
3389 750 3604 797 eorum,

2023 847 2159 903 quos
2183 833 2389 903 genuit,
2421 832 2613 888 soror?
2637 829 2903 885 Nimirum
2933 829 3048 883 ﬁeri
3080 843 3187 883 non
3226 836 3426 896 potest,
3454 834 3513 879 ut
3535 840 3604 878 ex

2021 930 2403 976 creaturarum
2463 921 2878 990 comparatione
2925 918 3233 987 exemplum
3260 918 3476 988 aliquod
3505 917 3604 969 du-

2020 1026 2177 1070 catur
2207 1029 2273 1068 ac
2321 1014 2616 1069 similitudo
2675 1012 2740 1067 ad
2798 1011 3208 1083 exprimendam
3241 1009 3385 1063 illam
3421 1022 3605 1062 mona-

2023 1110 2170 1172 dem,
2197 1117 2252 1162 et
2283 1106 2770 1175 incomparabilem
2804 1105 2954 1160 illam
2985 1113 3258 1164 naturam,
3290 1117 3409 1170 quae
3438 1102 3603 1156 menti

2024 1198 2320 1253 invisibilis
2357 1197 2434 1269 (9)
2474 1207 2674 1259 manet,
2708 1211 2774 1250 ac
2830 1210 2897 1251 ne
2950 1194 3175 1248 auribus
3202 1193 3419 1263 quidem
3450 1207 3604 1245 man-

2023 1292 2162 1353 dari,
2199 1290 2448 1344 verbisve
2495 1290 2726 1359 proferri
2769 1303 2827 1342 se
2887 1286 3113 1356 patitur.
3148 1284 3281 1338 Nam
3308 1284 3410 1339 etsi
3438 1298 3601 1351 parva

2023 1382 2208 1449 aliqua
2265 1381 2433 1436 veluti
2492 1381 2685 1435 umbra
2741 1379 3114 1435 similitudinis
3157 1378 3607 1448 qualitercumque

2025 1471 2366 1527 inveniretur
2391 1511 2407 1536 ,
2443 1485 2718 1540 nunquam
2764 1479 2944 1524 tamen
2981 1470 3127 1524 illam
3169 1468 3305 1524 satis
3335 1467 3606 1533 explicare

2028 1574 2316 1631 possemus
2340 1558 2476 1632 (10).
2516 1559 2827 1615 Similitudo
2860 1559 3032 1624 enim,
3068 1567 3123 1613 et
3153 1560 3487 1628 comparatio
3516 1572 3608 1611 ne-

2033 1666 2306 1721 quaquam
2340 1666 2462 1706 esse
2509 1659 2689 1720 potest
2745 1648 3025 1703 identitas.
3063 1648 3137 1702 Ea
3189 1662 3317 1701 vero
3347 1650 3608 1701 duntaxat

2023 1744 2211 1799 dicere
2241 1752 2414 1796 tutum
2445 1752 2532 1798 est
2579 1743 2715 1813 (ll),
2750 1756 2870 1811 quae
2908 1740 2974 1793 ad
3017 1749 3260 1794 nostrum
3298 1748 3512 1807 captmn
3543 1755 3608 1794 ac

2028 1850 2340 1889 mensuram
2381 1834 2785 1888 accommodata
2837 1830 2993 1903 147
3048 1830 3343 1900 Scriptura:
3408 1831 3608 1885 doctu:-

1958 1900 1997 1954 Β
2030 1939 2175 1982 runt.
2213 1926 2363 1993 Quod
2389 1942 2520 1995 ergo
2544 1942 2707 1979 unum
2745 1935 2798 1980 et
2828 1900 3001 1985 solum
3045 1936 3168 1977 esse
3219 1922 3480 1993 Spiritum
3514 1922 3608 1977 Dei

2027 2017 2209 2071 Patris
2234 2017 2356 2071 ideo
2380 2019 2525 2071 dicat
2567 2016 2871 2084 Scriptura,
2915 2014 3042 2082 quia
3101 2021 3293 2066 natura
3330 2011 3610 2082 seiunctus

2028 2110 2249 2179 quidem
2303 2118 2389 2162 est
2435 2106 2505 2162 ab
2552 2107 2675 2160 aliis
2717 2106 3027 2175 _spiritibns,
3075 2103 3396 2172 coniunctus
3426 2113 3606 2158 autem

2026 2201 2199 2266 Patri,
2231 2210 2285 2255 et
2305 2200 2421 2270 ejus
2449 2199 2587 2253 Filio
2615 2200 2824 2253 ratione
2857 2197 3131 2264 essentia),
3164 2195 3358 2250 Paulus
3385 2205 3612 2250 enarrat.

2028 2293 2278 2348 scribens
2308 2295 2376 2345 ad
2407 2290 2728 2345 Corinthios
2775 2288 2995 2358 quidem
3031 2286 3087 2340 in
3133 2286 3305 2355 prima
3337 2284 3609 2354 Epistola:

2033 2404 2051 2437 ι
2084 2384 2252 2438 Alteri
2286 2381 2398 2454 (12)
2458 2389 2641 2436 autem
2694 2384 2830 2436 dona
2863 2379 3203 2433 curationum
3254 2378 3306 2431 in
3350 2393 3457 2431 uno
3487 2376 3612 2446 Spi-

2029 2480 2134 2532 ritu
2161 2494 2211 2543 ;›
2242 2485 2296 2532 et
2323 2491 2510 2530 rursus
2542 2491 2556 2527 :
2597 2494 2616 2526 ι
2639 2473 2762 2529 ΙΙωο
2789 2473 2899 2543 (15)
2930 2482 3110 2527 autem
3140 2471 3323 2541 omnia
3354 2480 3613 2539 operatur

2029 2586 2169 2624 unus
2191 2579 2353 2635 atque
2382 2569 2519 2623 idem
2550 2565 2808 2635 Spiritus,
2847 2565 3096 2620 dividens
3119 2579 3362 2620 seorsum
3386 2563 3614 2629 singulis

2031 2670 2189 2731 prout
2213 2660 2365 2726 vult;
2388 2677 2405 2711 ι
2439 2670 2493 2713 et
2522 2672 2741 2712 rursus:
2779 2675 2798 2708 ι
2822 2657 2886 2710 Ει
2909 2670 3099 2710 omnes
3127 2654 3239 2728 (14)
3269 2672 3377 2708 uno
3406 2655 3610 2723 Spiritu

2030 2751 2197 2822 putati
2255 2765 2480 2815 smnus;
2549 2768 2569 2803 ι
2633 2749 2699 2805 ad
2761 2748 3023 2818 Ephesios
3090 2758 3270 2801 autem
3334 2764 3348 2801 ε
3405 2766 3425 2797 ‹
3477 2745 3616 2810 Quo-

2029 2846 2171 2898 niam
2212 2842 2321 2915 (15)
2342 2858 2438 2911 per
2465 2843 2639 2911 ipsum
2664 2841 2924 2895 habemus
2953 2854 3230 2894 accessum
3249 2841 3409 2893 ambo
3434 2839 3483 2889 in
3509 2854 3615 2890 uno

2029 2936 2233 3005 Spiritu
2259 2936 2326 2990 ad
2356 2933 2606 3000 Patrem;
2634 2952 2654 2984 ι
2682 2943 2734 2985 et
2768 2948 2959 2988 rursus
2984 2945 3000 2985 :
3031 2932 3337 2987 iCurantes
3363 2926 3473 2998 (16)
3505 2943 3616 2982 ser-

2031 3042 2162 3082 Vttl‘e
2213 3029 2478 3080 unitatem
2531 3025 2845 3095 Spiritus“
2885 3025 2937 3080 id
2984 3035 3091 3091 est,
3128 3022 3284 3077 valde
3315 3037 3512 3075 (avere
3547 3035 3617 3075 ne

2030 3121 2204 3191 ipsum
2241 3131 2559 3185 separemus
2587 3132 2617 3169 a
2651 3130 2905 3187 suprema
2944 3115 3176 3178 unitate,
3206 3113 3353 3167 etab
3381 3128 3467 3177 ea,
3496 3126 3616 3180 quae

340 3208 478 3262 ἀλλὰ
519 3209 813 3280 μάχαιραν·
851 3228 868 3260 ι
915 3210 977 3264 οὑ
1007 3209 1161 3289 ξίφος
1195 3210 1391 3280 λέγων,
1419 3210 1554 3265 ἀλλὰ
1578 3198 1677 3284 τὴν
1706 3214 1927 3285 εἰρήνης

2033 3226 2128 3281 per
2162 3223 2223 3264 se
2279 3210 2516 3278 perfecta
2567 3217 2653 3262 est
2704 3208 2964 3263 essentia.
3028 3205 3182 3272 Quod
3230 3217 3412 3259 autem
3447 3204 3613 3257 etiam

342 3299 599 3353 ἐπέκεινα
630 3300 905 3371 τμητικὴν
936 3302 1045 3353 τῶν
1087 3303 1513 3374 πεπωρωμένων
1561 3303 1795 3374 καρδιῶν
1832 3303 1928 3357 τοῦ

342 3391 499 3460 ἁγίου
516 3391 834 3463 Πνεύματος
863 3392 1232 3448 ἀκατὰλεκτον
1255 3395 1468 3465 σοφίαν·
1488 3395 1626 3468 πρὸς
1638 3394 1695 3448 δὲ
1722 3394 1934 3465 Ἐϐραί-

342 3501 457 3548 ους·
489 3503 507 3536 ‹
528 3484 715 3555 Φέρων
731 3484 853 3564 γὰρ,
868 3484 937 3539 τὰ
957 3487 1135 3540 πάντα
1165 3485 1244 3557 τῷ
1277 3488 1511 3558 Ῥήματι
1529 3487 1627 3557 τῆς
1650 3487 1932 3558 δυνάμεως

345 3570 532 3625 αὐτοῦ.
583 3592 600 3624 ι
653 3573 802 3643 Ποίῳ
836 3572 894 3625 δὲ
949 3574 1218 3644 Ῥήματι;
1283 3576 1697 3647 Προεφήτευσεν
1747 3577 1927 3630 Δαυῖδ·

354 3681 374 3711 ι
424 3661 514 3731 Τῷ
539 3661 683 3734 λόγῳ
731 3663 939 3735 Κυρίου
962 3664 1012 3717 οἱ
1036 3665 1254 3736 οὐρανοὶ
1280 3664 1710 3738 ἐστερεώθησαν,
1738 3668 1834 3721 καὶ
1856 3667 1933 3738 τῷ

349 3749 624 3821 Πνεύματι
653 3752 740 3806 τοῦ
776 3755 1043 3823 στόματος
1072 3755 1236 3808 αὐτοῦ
1256 3757 1426 3809 πᾶσαι
1465 3758 1522 3810 ai
1550 3758 1807 3829 δυνάμεις
1839 3760 1935 3812 αὐ-

344 3839 475 3893 τῶν·
504 3861 522 3893 ι
558 3843 652 3895 καὶ
700 3835 863 3896 πάλιν
909 3846 938 3898 ὁ
971 3844 1205 3906 Παῦλος·
1258 3864 1277 3897 ι
1322 3846 1607 3901 Ἀδύνατον
1649 3848 1758 3917 γὰρ
1809 3850 1934 3913 τοὺς

345 3930 494 3997 ἅπαξ
518 3932 915 4002 φωτισθέντας.
956 3936 1335 4007 γευσαμένους
1373 3955 1429 3991 τε
1451 3938 1549 4009 τῆς
1584 3940 1795 4011 δωρεᾶς
1835 3941 1936 4011 τῆς

344 4026 711 4097 ἐπουρανίου,
762 4027 857 4081 καὶ
911 4028 1174 4099 μετόχους
1229 4029 1559 4103 γενηθέντας
1620 4032 1937 4104 Πνεύματος

344 4115 526 4184 ἁγίου,
574 4118 670 4169 κα).
703 4116 868 4170 καλὸν
904 4118 1280 4189 γευσαμένους
1329 4119 1465 4172 Θεοῦ
1536 4120 1737 4192 Ῥἧμα·
1772 4141 1790 4174 ι
1828 4122 1932 4175 Πέ⁹

344 4222 473 4277 τρος
518 4206 593 4259 δέ·
631 4225 649 4258 ι
685 4207 832 4260 Διότι
869 4209 1020 4260 πᾶσα
1085 4210 1222 4282 σὰρξ
1263 4210 1338 4273 ὼς
1378 4209 1592 4280 χόρτος,
1648 4214 1742 4265 καὶ
1788 4214 1938 4265 πᾶσα

343 4296 472 4364 δόξα
500 4298 675 4369 αὐτῆς
731 4298 808 4363 ὡς
850 4300 1014 4363 ἄνθος
1065 4302 1283 4373 χόρτου·
1333 4301 1606 4373 ἐξηράνθη
1654 4306 1684 4357 ό
1723 4304 1935 4377 χόρτος,

347 4389 528 4444 καὶτὸ
560 4389 721 4454 ἄνθος
765 4391 1044 4457 ἐξέπεσεν,
1086 4395 1179 4446 καὶ
1202 4395 1235 4463 ή
1270 4392 1781 4464 εὐπρέπειααύτοῦ
1829 4397 1938 4450 ἀπ-

347 4476 540 4532 ώλετο·
572 4481 634 4533 τὸ
671 4479 728 4532 δὲ
773 4480 953 4552 Ῥῆμα
981 4480 1076 4533 τοῦ
1105 4482 1241 4535 Θεοῦ
1281 4482 1430 4554 μένει
1463 4485 1543 4547 εἰς
1572 4484 1662 4537 τὸν
1684 4485 1871 4538 αἰῶνα·
1914 4504 1933 4536 ι

2046 3303 2251 3375 Ῥῆμα,
2286 3316 2380 3357 seu
2425 3299 2639 3354 Dictum
2693 3300 3007 3354 nominatus
3043 3299 3138 3364 sit,
3171 3312 3240 3353 ex
3280 3297 3429 3351 hisce
3459 3296 3616 3350 testi-

2035 3392 2234 3446 moniis
2260 3400 2508 3460 apparet.
2551 3390 2753 3445 Paulus
2807 3390 3057 3446 scribens
3103 3391 3169 3442 ad
3209 3387 3473 3456 Ephesios
3496 3386 3616 3454 qui-

2035 3483 2156 3538 dem
2196 3484 2406 3551 inquit:
2459 3499 2479 3533 ι
2510 3481 2857 3552 Accipientes
2896 3480 3007 3552 (17)
3048 3491 3378 3534 armaturam
3412 3479 3524 3542 Dei,
3561 3486 3618 3532 et

2031 3572 2259 3628 loricam
2288 3571 2541 3642 justitia',
2564 3582 2620 3626 et
2650 3585 2863 3628 scutum
2901 3574 3049 3637 ﬁdei,
3081 3583 3133 3627 et
3164 3572 3371 3643 galeam
3402 3571 3613 3633 salutis,

2035 3675 2088 3721 et
2130 3663 2367 3734 gladium
2407 3664 2665 3732 Spiritus,
2700 3666 2792 3733 qui
2843 3675 2925 3720 est
2976 3667 3184 3720 Dictum
3234 3663 3350 3717 Dei.
3380 3681 3399 3714 ι
3453 3661 3618 3729 Cuius

2036 3757 2202 3828 gladii
2255 3755 2502 3809 meminit
2557 3755 2721 3808 etiam
2780 3755 3083 3817 Matthteus.
3116 3771 3239 3809 cum
3291 3768 3358 3808 ex
3385 3767 3618 3822 persona

2036 3847 2240 3903 Christi
2276 3846 2451 3901 dixit:
2502 3838 2655 3899 (Non
2685 3847 2807 3900 veni
2842 3846 2953 3917 (18)
3000 3862 3186 3917 pacem
3226 3846 3462 3907 mittere.
3524 3844 3617 3900 sed

2039 3938 2314 4007 gladium;
2348 3955 2367 3988 ι
2405 3950 2509 3990 non
2561 3950 2745 3989 ensem
2782 3937 3103 4006 intelligi-ns,
3140 3937 3234 3990 sed
3280 3935 3618 3991 inenarrabi-

2042 4030 2144 4083 lem
2164 4027 2486 4097 sapientiam
2509 4024 2746 4095 Spiritus
2771 4028 2965 4087 Sancti,
2989 4041 3130 4096 qum,
3166 4026 3284 4092 plus
3303 4042 3463 4096 quam
3492 4039 3618 4094 pax,

2039 4124 2303 4176 obdurata
2335 4120 2501 4174 corda
2555 4118 2769 4172 incidit.
2824 4119 2903 4173 Ad
2958 4117 3216 4172 Hebraeos
3248 4133 3406 4171 vero:
3433 4136 3452 4168 ι
3487 4116 3619 4170 Por-

2043 4214 2300 4284 tans(19)
2350 4214 2497 4268 enim
2549 4213 2730 4268 omnia
2792 4212 2970 4266 Verbo
3028 4211 3245 4266 virtutis
3288 4224 3418 4264 suae.
3450 4228 3468 4260 ι
3504 4208 3621 4275 Quo

2045 4315 2227 4359 autem
2295 4302 2510 4357 Verbo?
2562 4302 2953 4358 Pt'a'nnntiavit
3003 4301 3206 4356 David:
3262 4297 3621 4369 «Verbo(9.0)
3690 4374 3697 4382 ι

2043 4397 2259 4452 Domini
2285 4396 2411 4450 ραιΙί
2446 4396 2645 4449 [innati
2678 4404 2826 4461 sunt,
2864 4406 2921 4451 et
2959 4395 3166 4465 Spiritu
3202 4395 3314 4449 oris
3350 4393 3470 4462 ejus
3508 4407 3621 4446 ont-

2045 4504 2141 4542 ues
2172 4487 2402 4542 virtutes
2438 4502 2667 4554 eorum;
2704 4506 2722 4538 ι
2759 4496 2815 4541 et
2859 4503 3057 4542 rursus
3086 4486 3321 4541 Paulus:
3355 4505 3373 4536 ι
3421 4483 3619 4552 Impos-

347 4569 411 4623 ὃν
439 4569 641 4639 τρόπον
687 4573 815 4643 περὶ
851 4571 948 4625 τοῦ
991 4573 1122 4627 Υίοῦ
1177 4573 1370 4644 ψάλλει
1404 4575 1464 4627 ἐν
1501 4575 1626 4647 pm“
1659 4595 1677 4627 ι
1720 4576 1815 4638 Εἰς
1848 4576 1927 4628 τὸν

2044 4578 2198 4634 sibile
2228 4577 2340 4649 (9.1)
2370 4587 2453 4633 est
2477 4579 2620 4633 enim
2670 4594 2764 4634 eos
2806 4580 2897 4649 qui
2929 4579 3097 4633 semel
3133 4589 3258 4633 sunt
3313 4577 3618 4637 illuminati,

349 4661 546 4727 αἰῶνα,
574 4663 772 4736 Κύριε,
795 4665 824 4717 ὁ
846 4664 1018 4733 Λόγος
1068 4682 1161 4718 σου
1189 4665 1435 4737 διαμένει
1465 4666 1524 4719 ὲν
1545 4668 1622 4738 τῷ
1657 4666 1892 4738 οὐρανῷ.
1918 4689 1936 4721 ›

423 4845 502 4916 (9)
540 4844 704 4899 Menti
742 4846 1040 4901 invisibilis.
1094 4845 1343 4901 Exclndit
1400 4848 1659 4903 visionem
1711 4865 1728 4896 ι
1779 4848 1925 4901 adre-

352 4925 599 4984 quatam,
639 4933 657 4965 ι
692 4926 748 4970 et
791 4934 810 4966 ι
852 4918 1378 4983 ευιιψιριιριιεὶνιιηι,
1427 4938 1445 4970 ι
1502 4935 1605 4971 non
1653 4936 1670 4967 ι
1722 4918 1929 4972 intuiti-

356 5001 589 5058 V3tl|l-1_D
625 4996 683 5040 ιιι
736 4987 869 5039 alias
904 4988 1114 5041 ostendi
1164 4990 1215 5039 in
1254 4986 1490 5058 Epistola
1521 4993 1589 5041 ad
1620 4988 1932 5041 Archintum

352 5055 652 5125 praesulem,
683 5072 804 5125 pag.
850 5058 920 5112 55
952 5067 1003 5113 et
1034 5070 1188 5125 seqq.

315 5146 323 5167 ι
354 5123 397 5198 λ
426 5124 538 5196 (t0)
574 5123 875 5198 Passennus.
934 5129 1013 5198 In?
1041 5123 1266 5187 Grtnco,
1290 5126 1482 5195 φεύγει
1520 5127 1580 5181 τὸ
1617 5126 1777 5181 πλέον
1797 5126 1935 5198 ἀφὲν

348 5195 925 5267 τὸννπαρεκόἁλλοντα
952 5197 1102 5251 κάτω
1135 5213 1259 5250 που.
1298 5198 1430 5263 Quae
1460 5198 1812 5266 proverbialis
1848 5195 1934 5252 lo-

354 5266 504 5321 cutio
530 5266 760 5321 videtur.
787 5267 881 5320 Est
907 5278 1085 5321 autem
1116 5267 1518 5336 παρεκϐἁλλειν
1541 5286 1558 5319 ι
1578 5283 1927 5333 excerpere”

359 5337 501 5408 unde
520 5336 678 5408 dieue
718 5338 982 5408 Eustathii
1007 5336 1362 5408 παρεκόολαί,
1394 5340 1687 5408 composita
1713 5353 1838 5392 voce
1868 5354 1931 5392 ex

360 5405 532 5476 παρὰ,
556 5406 649 5479 Δὲκ,
676 5417 732 5460 et
772 5406 970 5479 βάλλω.
1009 5405 1190 5474 Itaque
1227 5407 1430 5479 Didymi
1478 5405 1805 5479 locutionem
1859 5409 1937 5461 sic

359 5479 425 5527 ad
458 5476 677 5529 verbum
725 5476 1148 5532 transferendam
1190 5476 1388 5532 censeo
1424 5495 1435 5531 :
1475 5496 1494 5529 ι
1540 5495 1660 5532 cum
1720 5478 1839 5544 quis
1873 5494 1938 5532 ex

360 5545 604 5599 infcriori
630 5546 746 5601 loco
767 5566 785 5597 ι
809 5562 1044 5615 procerte
1066 5548 1278 5601 arboris
1302 5562 1482 5614 poma,
1509 5547 1741 5616 exempli
1760 5562 1942 5613 causa,

360 5631 385 5667 ε
429 5616 690 5687 excerpit,
729 5635 746 5668 ι
776 5628 868 5671 aut
893 5636 911 5668 ι
954 5617 1156 5687 dejicit,
1192 5616 1365 5687 major
1394 5633 1581 5672 eorum
1614 5632 1739 5685 pars
1777 5633 1947 5687 rema-

2052 4670 2142 4741 qui
2195 4680 2251 4725 et
2300 4679 2655 4741 gustavernnt
2704 4671 2902 4725 donum
2955 4671 3199 4736 cmlesn;
3242 4682 3295 4724 et
3337 4670 3626 4737 participes

2040 4849 2221 4972 Μ92)
2269 4848 2507 4904 Alteri.l
2559 4847 2687 4903 Cor.
2749 4860 2843 4909 xu,
2897 4845 2950 4900 9.
3017 4844 3147 4901 Vide
3188 4854 3297 4901 not.
3351 4843 3448 4911 ‘25,
3500 4858 3605 4914 par

2113 4990 2225 5059 (l5)
2271 4989 2419 5044 ch.
2451 4988 2609 5044 lCor.
2649 4985 2856 5049 xtuli.

2113 5080 2224 5161 ([4)
2262 5080 2328 5135 Et
2378 5098 2577 5136 omnes.
2617 5078 2636 5132 1
2671 5079 2801 5134 Cor.
2837 5092 2933 5137 xtl.
2982 5077 3063 5133 l3.
3088 5076 3273 5133 Grmca
3302 5076 3384 5132 ed.
3438 5078 3519 5140 είς
3569 5075 3628 5129 ἓν

2040 5153 2285 5222 Πνεῦμα.

2111 5222 2223 5293 (l5)
2264 5221 2544 5286 Quoniam.
2579 5222 2775 5293 Ephes.
2806 5236 2866 5285 tt,
2900 5220 2985 5275 18.

2113 5289 2225 5364 (16)
2258 5293 2534 5345 Curantes.
2569 5292 2765 5361 Epltes.
2802 5307 2875 5355 tv,
2906 5293 2958 5346 3-

2117 5386 2230 5456 (l7)
2271 5385 2615 5451 Arcipieules.
2647 5384 2848 5453 Ephes.
2873 5400 2946 5451 Vl,
2982 5383 3162 5438 iii-l7.
3200 5380 3338 5436 Citat
3384 5397 3619 5443 sensum,

2046 5455 2199 5524 plura
2226 5457 2481 5509 omittens
2518 5456 2856 5509 iutermedia.

2117 5544 2230 5614 (18)
2264 5543 2385 5597 Non
2417 5548 2549 5597 veni.
2586 5543 2775 5598 Matth.
2821 5561 2875 5610 χ,
2915 5544 3004 5598 54.

2116 5611 2228 5686 (19)
2280 5614 2525 5669 Portam.
2587 5613 2749 5670 Hebr.
2817 5629 2856 5679 I,
2920 5615 2973 5669 5.
3034 5612 3221 5670 Graeca
3284 5614 3368 5667 ed.
3445 5611 3626 5685 φέρων

356 5694 452 5738 net
486 5705 504 5736 ι
539 5686 592 5739 in
650 5688 867 5743 arbore.
920 5687 975 5743 Si
1021 5686 1107 5741 cui
1150 5687 1264 5739 hinc
1297 5701 1400 5740 non
1440 5688 1701 5750 arrident,
1751 5686 1945 5742 afferat
2042 5703 2120 5750 τε,
2155 5687 2315 5753 idest
2350 5702 2368 5734 ι
2407 5694 2754 5753 portansqtte.
2791 5703 2809 5736 ι

355 5755 613 5826 meliora;
644 5756 871 5811 libenter
896 5758 1039 5811 enim
1070 5771 1132 5811 ea
1156 5757 1445 5826 excipiam.

438 5824 549 5898 (11)
581 5824 771 5878 Tutum
793 5837 888 5881 est.
931 5827 1103 5880 Simili
1132 5824 1294 5881 modo
1320 5826 1602 5898 respondet
1632 5828 1683 5880 in
1714 5827 1848 5881 libro
1872 5826 1942 5881 De

358 5892 502 5965 spir.
522 5892 723 5960 Sancto,
747 5913 892 5953 num.
928 5898 1015 5952 62.

2118 5756 2231 5824 (‘20)
2271 5751 2461 5824 Verbo.
2499 5751 2655 5807 Psal.‘
2679 5770 2854 5819 xxx",
2888 5768 3031 5808 vers.
3074 5755 3125 5807 6.

2114 5823 2226 5896 (Ἥ)
2260 5823 2605 5893 Impossibile.
2651 5824 2810 5879 Hebr.
2850 5840 2922 5891 Vt,
2970 5826 3003 5878 4
3031 5836 3083 5880 et
3117 5825 3171 5880 5.
