4114 6422
328 465 435 522 509
1386 463 1474 517 DE
1516 416 1888 517 ΤΠΙΝΙΤᾸΤΕ

2028 462 2136 518 lER
2183 463 2570 519 SECUNDUS.
3322 502 3330 510 .
3476 466 3584 520 530

403 576 477 627 B’.
537 572 704 626 Οὐδὲν
737 570 949 625 κτιστδν
982 572 1180 643 πληροῖ
1221 572 1317 643 τὴν
1340 574 1688 645 οἰκουμένην,
1718 573 1751 644 ἢ
1785 591 1912 626 συν·
1942 579 1989 634 Α

328 667 443 738 ἔχει
486 666 555 718 τὰ
588 663 785 728 πάντα,
810 665 904 717 καὶ
936 665 993 716 ὲν
1024 665 1185 718 πᾶσιν
1213 666 1489 735 τυγχάνει·
1527 665 1662 720 ἀλλὰ
1694 666 1911 720 καὶτῶν

329 755 531 828 voeva
553 753 833 824 δυνάμεων
863 754 1036 825 πέρας
1082 755 1251 821 ἐστὶν,
1292 756 1386 809 καὶ
1431 756 1709 828 ὡρισμένη
1751 757 1912 809 ποσόο

328 857 448 912 της⁸
485 840 661 910 μόνως
694 840 802 910 γάρ
830 838 1005 894 ταῦτα
1049 841 1148 911 τῆς
1182 840 1435 911 θεότητος
1471 841 1597 893 ἴδια.
1643 841 1706 893 ’Π
1733 840 1789 892 δὲ
1817 839 1910 893 τοῦ

331 931 486 1001 ἁγίου
532 929 850 1001 Πνεῦματος
908 931 1286 1002 μεγαλωσύνη,
1340 931 1640 995 ἀδιάλυτος,
1676 931 1911 1002 ἀπέραν-

327 1040 440 1086 τος,
482 1022 576 1075 καὶ
616 1021 916 1090 πανταχοῦ,
962 1023 1056 1075 καὶ
1111 1021 1199 1074 διὰ
1229 1022 1466 1085 πάντων,
1505 1021 1599 1075 καὶ
1643 1023 1699 1073 ὲν
1747 1022 1912 1074 πᾶσιν

330 1115 417 1168 ἀεί
464 1117 633 1167 ἐστιν·
671 1111 956 1183 πληροῦσα
1007 1112 1107 1182 μὲν
1138 1114 1230 1165 τὸν
1256 1113 1460 1183 κόσμον
1494 1113 1588 1166 καὶ
1617 1111 1911 1181 συνέχουσα

331 1208 424 1279 [66
459 1206 517 1279 a]
542 1205 685 1261 κατὰ
710 1206 811 1277 τὴν
844 1206 1094 1276 θεότητα,
1129 1204 1416 1275 ἀχώρητος
1436 1205 1491 1258 δὲ
1517 1205 1657 1258 κατὰ
1698 1204 1796 1274 τὴν
1824 1202 1914 1257 δῦ-

329 1316 513 1368 ναμινο
556 1299 653 1352 καὶ
684 1297 959 1370 μετροῦσα
1016 1296 1135 1367 μὲν,
1187 1297 1249 1349 οὺ
1285 1295 1627 1367 μετρουμένη
1657 1296 1735 1349 δέ.
1770 1314 1788 1346 ι
1835 1295 1909 1348 Οὐ

328 1390 439 1461 γὰρ
462 1391 526 1442 ὲκ
578 1388 774 1460 μέτρου
816 1387 1026 1440 δίδωσιν
1072 1388 1100 1439 6
1142 1385 1272 1449 Θεὸς
1323 1385 1383 1438 τὸ
1424 1385 1667 1456 Πνεῦμα,
1716 1405 1735 1437 ι
1764 1386 1839 1448 ὡς
1882 1385 1911 1436 6

329 1480 522 1551 Σωτὴρ
550 1479 608 1531 έν
648 1478 871 1548 Ἰωάννῃ
897 1476 1063 1544 λέγει·
1106 1476 1201 1529 καὶ
1227 1476 1367 1529 κατὰ
1392 1475 1488 1546 τὴν
1509 1476 1728 1545 Σοφίαν,
1745 1474 1911 1545 ’ἔχουο

333 1585 452 1623 σαν·
483 1589 501 1621 ι
549 1569 793 1639 Ἀγαπᾷς
825 1567 934 1639 γὰρ
964 1568 1031 1619 τὰ
1071 1566 1202 1620 ὄντα
1235 1568 1435 1632 πάντα,
1476 1566 1569 1619 καὶ
1601 1565 1751 1619 οὐδὲν
1794 1566 1911 1636 βδε-

329 1665 522 1735 λύσσῃ,
587 1655 662 1717 ὧν
713 1664 994 1734 ἐποίησας·
1036 1663 1158 1716 οὐδὲ
1202 1663 1312 1735 γὰρ
1364 1663 1430 1716 ἂν
1497 1661 1670 1734 μισῶν
1696 1682 1747 1717 τι
1781 1681 1911 1717 κατ-

330 1754 654 1816 εσκεύασας.
705 1752 829 1816 Πῶς
876 1752 932 1805 δὲ
968 1750 1180 1822 ἔμεινεν
1213 1751 1277 1805 ἄν
1308 1770 1384 1814 τι,
1418 1754 1465 1805 εἰ
1500 1752 1575 1824 μὴ
1609 1752 1672 1805 σὺ
1718 1751 1912 1822 ἠθέλη-

334 1862 452 1908 σας,
480 1845 515 1914 ἢ
564 1843 625 1897 τὸ
667 1842 741 1914 μὴ
790 1842 985 1913 βληθὲν
1037 1843 1142 1896 ὑπὸ
1180 1842 1274 1895 σοῦ
1320 1842 1598 1913 ἐτηρήθη;
1656 1842 1814 1912 Φείδῃ
1854 1842 1910 1895 δὲ

2086 572 2150 626 ll.
2180 572 2334 627 Nulla
2393 589 2479 629 res
2522 582 2704 627 creata
2733 574 2917 643 implet
2945 576 3131 629 orbem
3171 583 3455 639 terrarum,
3482 585 3581 629 aut

2020 665 2260 718 continet
2295 664 2496 727 omnia,
2547 674 2635 717 aut
2684 665 2736 718 in
2787 666 3041 718 omnibus
3092 664 3306 729 exsistit
3339 666 3471 719 :sed
3500 666 3585 718 iu-

2024 753 2376 821 telligentium
2416 767 2629 821 quoque
2650 752 2910 804 virtutum
2940 751 3203 806 terminus
3229 751 3446 818 quidam
3478 763 3582 818 est,

2017 854 2072 897 et
2103 846 2379 911 quantitas
2406 845 2624 899 delinita
2653 862 2666 898 :
2696 859 2816 911 quae
2853 857 2979 896 vero
3013 842 3145 907 dixi,
3170 844 3340 897 solius
3368 846 3583 899 deitatis

2019 935 2237 1003 propria
2266 943 2413 987 sunt.
2450 934 2520 986 At
2545 948 2672 987 vero
2700 932 2936 1001 Spiritus
2959 931 3133 985 sancti
3167 930 3420 997 maiestas
3460 948 3585 1000 per-

2018 1032 2176 1091 petua
2214 1033 2318 1088 est,
2354 1030 2516 1091 atque
2548 1023 2916 1088 interminata,
2947 1032 3003 1076 et
3045 1022 3240 1089 ubique
3267 1032 3322 1075 et
3356 1037 3450 1090 per
3474 1039 3587 1077 om-

2020 1114 2107 1166 nia
2132 1115 2258 1166 etin
2291 1113 2541 1166 otnnibus
2565 1127 2776 1180 semper
2817 1113 3053 1173 exsistit,
3092 1126 3156 1169 ac
3194 1113 3447 1166 mundum
3472 1113 3586 1177 qui-

2019 1206 2138 1258 dem
2178 1205 2383 1272 implet,
2414 1213 2466 1257 et
2499 1205 2740 1257 continet
2769 1204 3064 1257 secundmn
3105 1204 3462 1266 divinitatem,
3490 1200 3584 1255 sed

2018 1295 2137 1363 capi
2175 1295 2287 1362 ipsa
2339 1303 2393 1349 et
2422 1294 2687 1347 contineri
2722 1307 2828 1347 non
2862 1301 3041 1362 potest
3074 1292 3367 1346 secundum
3393 1301 3585 1360 poten-

2020 1385 2171 1450 tiam,
2228 1392 2283 1438 et
2335 1391 2609 1437 mensurat
2638 1384 2877 1450 quidem,
2920 1382 3015 1435 sed
3066 1396 3169 1434 non
3204 1388 3582 1436 mensuratur:

2023 1496 2041 1527 ‹
2066 1456 2176 1530 ἂρα
2201 1475 2344 1530 enim
2376 1476 2441 1527 ad
2466 1487 2773 1527 mensuram
2806 1475 2895 1527 dat
2918 1473 3058 1527 Deus
3084 1472 3364 1543 Spiritum,
3396 1490 3416 1523 ι
3445 1470 3588 1526 sicut

2019 1574 2270 1629 Salvator
2316 1570 2456 1641 apud
2488 1568 2745 1624 Joannem
2772 1566 2883 1639 (28)
2916 1568 3011 1635 ait,
3061 1577 3115 1622 et
3142 1568 3281 1622 sicut
3311 1565 3586 1635 Sapientia

2018 1668 2193 1728 docet,
2218 1680 2338 1719 cum
2367 1662 2537 1731 inquit
2566 1678 2580 1714 :
2622 1678 2641 1709 α
2682 1659 2864 1727 Diligis
2896 1658 3008 1730 (29)
3061 1659 3204 1713 enim
3256 1656 3433 1710 omnia
3465 1670 3585 1723 qua:

2017 1767 2163 1821 sunt,
2190 1763 2243 1809 et
2270 1754 2402 1807 nihil
2436 1751 2768 1807 abominaris
2822 1765 3008 1803 eorum
3066 1764 3185 1818 qua:
3221 1746 3433 1801 fecisti:
3487 1758 3585 1798 nec

2018 1853 2160 1902 enim
2191 1848 2315 1901 odio
2350 1846 2553 1899 hahcns
2574 1843 2875 1911 quidquam
2905 1838 3257 1893 constituisti.
3309 1825 3586 1902 Quomodo

334 1938 573 2003 πάντων,
609 1937 691 1990 ὅτι
723 1937 899 1990 πάντα
935 1935 1005 1990 σά
1034 1922 1200 1998 ἐστιν,
1235 1936 1481 1988 Δέσποτα
1514 1934 1795 2005 φιλόψυχε,
1820 1934 1914 1987 καὶ

2028 1951 2194 1992 autem
2227 1937 2613 2007 permansisset
2644 1933 2870 2001 aliquid,
2906 1932 3008 1985 nisi
3066 1940 3118 1983 tu
3172 1927 3472 1983 voluisses?
3496 1939 3589 1981 aut

333 2029 395 2083 τὸ
435 2028 711 2100 ἄφθαρτόν
750 2045 843 2081 σου
898 2027 1125 2097 Πνεῦμα
1176 2027 1323 2080 ἐστὶν
1369 2027 1425 2079 ὲν
1453 2027 1638 2079 πᾶσιν.
1678 2044 1695 2076 ι
1722 2022 1913 2077 Ἔνθεν

335 2122 430 2175 καὶ
467 2121 687 2190 Πατέρα
745 2119 983 2181 πάντων,
1013 2118 1104 2171 τὸν
1124 2117 1258 2170 θεὸν
1298 2118 1522 2180 εἰκότως
1554 2115 1910 2185 ὀνομάζομεν,

340 2214 440 2266 οὐκ
463 2212 590 2265 ὄντα
620 2211 777 2282 ἡμῶν
809 2210 966 2279 φύσει
997 2209 1234 2279 πατέρα,
1283 2209 1358 2271 ὡς
1386 2207 1530 2260 ἔστιν
1553 2205 1646 2260 τοῦ
1678 2208 1916 2274 Μονογε-

336 2302 457 2366 νοῦς
489 2301 674 2355 αὑτοῦ.
708 2300 816 2353 Καὶ⁵
851 2299 1032 2353 πάλιν’
1063 2318 1080 2348 ι
1117 2297 1343 2367 Πνεῦμα
1377 2298 1584 2368 Κυρίου
1626 2296 1916 2368 ἰτεπλήρω⁴⁹

336 2411 428 2448 κεν
461 2396 560 2465 τὴν
584 2394 929 2464 οἰκουμένην,
961 2391 1133 2445 καὶτὸ
1158 2391 1377 2461 συνέχον
1411 2389 1478 2443 τὰ
1511 2390 1686 2443 πάντα
1715 2391 1917 2459 γνῶσιν

335 2488 450 2558 εχει
482 2486 686 2555 φωνῆς·
721 2506 737 2536 ι
770 2486 891 2538 ἀντὶ
916 2485 1031 2546 τοῦ,
1080 2483 1405 2556 Περιέλαϐεν
1437 2483 1535 2554 τὴν
1566 2483 1794 2553 ἀόρατον
1826 2484 1919 2535 καὶ

333 2576 538 2649 ὁρατὴν
579 2576 777 2641 κτίσιν,
811 2576 909 2647 τὴν
936 2577 1132 2647 νοητὴν
1179 2577 1273 2628 καὶ
1302 2573 1588 2645 αίσθητὴν,
1646 2576 1736 2627 καὶ
1768 2576 1917 2627 οὐδὲν

334 2666 446 2720 τῶν
488 2666 706 2719 πάντων
734 2667 879 2719 ἐστὶν
907 2665 1132 2737 ἄμοιρον
1155 2666 1255 2735 τῆς
1278 2664 1445 2718 ἀϊδίου
1482 2666 1801 2729 ἐπιστασίας
1826 2666 1920 2718 αὐ-

337 2754 451 2810 τοῦ·
479 2757 540 2808 τὸ
564 2755 671 2827 γάρ
704 2755 878 2808 πάντα
907 2756 1151 2827 συνέχειν
1188 2755 1345 2808 τοῦτο
1388 2754 1555 2826 δηλοῖ.
1579 2756 1689 2808 Καὶ
1719 2756 1917 2826 πάσης,

341 2847 525 2917 φησὶν,
545 2848 803 2900 ἐπακούει
836 2847 1038 2917 φωνῆς,
1074 2847 1148 2910 ὼς
1177 2847 1310 2910 Θεὸς
1350 2848 1408 2899 ὲν
1442 2849 1605 2900 πᾶσιν
1645 2850 1918 2918 πανταχοῦ

341 2937 427 2990 ἀεὶ
451 2937 757 3005 τυγχάνων,
806 2935 902 2989 καὶ
960 2938 1140 2989 πᾶσαν
1188 2936 1379 3007 ὑλικὴν
1422 2936 1789 3007 ἀναρμοστίαν
1841 2940 1920 3001 εἰς

339 3026 490 3093 τάξιν
509 3027 789 3099 περιάγων
818 3028 916 3099 τὴν
946 3029 1285 3097 πρέπουσαν,
1327 3030 1420 3081 καὶ
1454 3029 1560 3081 τῶν
1592 3031 1726 3102 πρὸς
1756 3029 1920 3083 αὐτοῦ

342 3117 680 3189 ποιηθέντων
722 3118 1035 3189 φειδόμενός
1084 3137 1143 3172 τε
1184 3120 1278 3172 καὶ
1326 3120 1771 3191 ἐπιμελούμενος,
1827 3123 1922 3174 an

342 3210 503 3273 αὐτὸς
536 3209 634 3281 τὴν
686 3210 848 3280 φύσιν
903 3211 1129 3283 πρόνοια
1169 3211 1450 3282 ὑπάρχων,
1494 3212 1589 3265 καὶ
1646 3211 1825 3280 σοφία,
1856 3212 1923 3264 δι’

343 3302 477 3356 ὅλων
502 3301 975 3372 διαπεφοιτηκυῖα,
1010 3301 1095 3361 ὡς’
1127 3302 1153 3353 ὁ
1180 3303 1389 3373 Πατήρ.
1423 3303 1519 3366 Τίς
1560 3303 1667 3375 γὰρ
1698 3307 1725 3356 6
1752 3305 1927 3356 τοιαῦ-

342 3411 441 3465 την
472 3393 607 3465 ἔχων
637 3393 873 3461 γνῶσιν;
901 3389 905 3393 ’
934 3393 1158 3456 Ἠσαίας
1184 3410 1243 3445 τε
1269 3393 1415 3463 λέγει
1469 3393 1661 3456 οὕτως·
1706 3413 1723 3444 ι
1752 3393 1927 3446 Πνεῦ-

348 3501 425 3556 μα.
448 3484 700 3554 γνώσεως
750 3487 843 3537 καὶ
877 3484 1177 3548 εὐσεϐείας·
1220 3506 1237 3536 ι
1265 3485 1357 3538 καὶ
1393 3484 1611 3538 όΆαυῒδ
1644 3486 1924 3556 προσᾴδει-

353 3596 371 3625 ι
396 3573 506 3630 Ποῦ
535 3575 784 3648 πορευθῶ
809 3576 915 3629 ἀπὸ
957 3577 1050 3630 τοῦ
1100 3577 1394 3649 προσώπδυ
1421 3594 1543 3642 σου;
1582 3577 1676 3629 καὶ
1702 3577 1809 3629 ἀπὸ
1833 3576 1927 3629 τοῦ

352 3668 661 3739 Πνεῦματός
692 3686 787 3722 σου
831 3669 936 3723 ποῦ
975 3671 1161 3741 φύγω;
1203 3690 1222 3722 ι
1256 3672 1366 3725 Καὶ
1410 3673 1437 3724 6
1464 3670 1741 3741 Δεσπότης
1762 3668 1818 3723 δὲ
1843 3652 1924 3721 ’δι-

345 3759 580 3825 δάσκων,
608 3760 743 3833 ὼςή
776 3760 967 3833 θεότης
1004 3762 1098 3815 τοῦ
1136 3762 1292 3831 ἁγίου
1333 3762 1649 3833 Πνεῦματος
1687 3762 1747 3814 οὐ
1775 3778 1929 3832 περι-

344 3853 837 3923 γράφεται-τόπῳ,
888 3854 1002 3908 ἀλλ’
1037 3854 1172 3926 ὁμοῦ
1208 3856 1266 3907 ἐν
1302 3855 1516 3926 οὐρανῷ
1553 3856 1611 3908 τέ
1641 3857 1786 3908 ἐστιν
1837 3855 1930 3907 καὶ

348 3944 439 3998 ἐπὶ
489 3947 611 4016 γῆς,
672 3948 851 4000 πᾶσαν
885 3946 1218 4017 αὐτάρκειαν
1268 3946 1685 4017 παρασχόμενον
1714 3945 1799 3998 ἀεὶ
1839 3946 1931 3997 καὶ

345 4036 723 4107 παρεχόμενον
770 4040 837 4108 τῇ
885 4037 1081 4100 κτίσει,
1128 4036 1231 4108 ἔφη
1284 4037 1411 4106 παρ’
1459 4038 1697 4109 Ἰωάννῃ·
1740 4056 1756 4088 ι
1806 4038 1929 4090 Ἐὰν

345 4126 595 4194 ἀγαπᾶτέ
634 4143 723 4197 με,
752 4128 849 4191 τὰς
878 4126 1217 4199 ἐντολὰςίϐϐ
1254 4127 1432 4199 lii—.31;
1464 4128 1603 4198 ὲμὰς
1632 4129 1926 4199 τηρήσατε⁸

346 4218 502 4289 κάγὼ
543 4220 808 4290 ἐρωτήσω
837 4221 929 4272 τὸν
948 4220 1191 4291 Πατέρα,
1234 4219 1326 4273 καὶ
1377 4220 1534 4273 ἄλλον
1575 4221 1931 4292 Παράκλητον

344 4311 504 4366 δώσει
540 4314 690 4382 ὑμῖν,
724 4312 811 4365 ἵνα
941 4311 1059 4381 μεθ’
1109 4311 1264 4383 ὑμῶν
1290 4312 1350 4366 τὸ
1387 4312 1613 4383 Πνεῦμα
1650 4315 1748 4383 τῆς
1799 4313 1931 4385 ἁλη-

347 4402 516 4469 θείας,
548 4403 578 4456 ὃ
609 4406 638 4456 6
667 4403 874 4473 κόσμος
904 4404 966 4456 οῦ
994 4403 1215 4458 δύναται
1259 4404 1468 4469 λαϐεῖν,
1512 4406 1593 4457 ὅτι
1635 4406 1695 4458 οὐ
1737 4405 1933 4476 θεωρεῖ

345 4494 477 4548 αὐτὸ
523 4495 644 4548 οὐδὲ
677 4493 934 4563 γινώσκει
972 4496 1121 4547 αὑτό*
1159 4496 1315 4565 ὑμεῖς
1335 4497 1390 4548 δὲ
1428 4497 1722 4563 γινώσκετε
1775 4480 1947 4559 αὐτὸ(

420 4691 532 4763 (‘28)
564 4691 715 4763 Apud
774 4690 1329 4763 JoannethaanI,
1363 4708 1502 4746 vers.
1537 4692 1621 4746 56.

420 4760 532 4831 (‘29)
568 4762 773 4829 Diligis.
808 4762 930 4828 Sap.
966 4760 1265 4831 κμὲὅοῖἶς
1295 4777 1391 4822 xu,
1431 4763 1482 4814 1.
1522 4764 1707 4816 Grai-ra
1759 4763 1928 4816 editio

350 4829 520 4904 habet
546 4846 561 4883 :
588 4832 658 4904 1:6
680 4831 753 4902 μὴ
773 4831 969 4904 κληθὲν
1003 4831 1108 4883 ὑπὸ
1149 4829 1243 4883 σοῦ
1288 4830 1605 4903 διετηρήθη,
1636 4850 1731 4902 pro
1755 4834 1817 4885 τὸ
1855 4835 1929 4904 μὴ

351 4899 615 4972 ϐληθένν
646 4899 909 4972 ἐτηρήθη.

425 4970 539 5039 (50)
574 4970 813 5025 Οηιηίἁ.’
838 4970 964 5026 Ηςεο
1002 4986 1103 5025 vox
1155 4973 1306 5025 deest
1360 4972 1412 5023 iu
1445 4971 1629 5025 Graeca
1674 4972 1928 5026 editione.

353 5040 414 5095 In
444 5043 582 5095 libro
614 5040 691 5093 De
714 5039 853 5104 Spir.
876 5052 1220 5095 sanctonunt.
1242 5042 1311 5093 46
1345 5039 1460 5095 hzec
1484 5041 1555 5094 ita
1579 5042 1880 5095 aﬂ't-rttnlut'
1916 5059 1929 5094 :

359 5129 381 5162 ι
417 5111 615 5165 Part-es
653 5128 672 5160 ι
722 5112 1022 5180 (legendum
1080 5127 1221 5176 reor,
1259 5130 1276 5160 ι
1322 5111 1519 5181 parcis,
1577 5130 1595 5163 ι
1632 5122 1688 5164 ιιι
1743 5113 1935 5181 legitur

356 5183 412 5233 in
442 5196 546 5234 ms.
585 5182 770 5234 codice
790 5182 1129 5235 bibliothecae
1162 5190 1367 5251 nostra;
1390 5180 1763 5251 Bononiensis)
1800 5180 1936 5233 ian-

358 5260 464 5303 tem
495 5251 777 5316 omnibus;
813 5253 937 5319 quia
972 5260 1076 5313 tum
1100 5262 1246 5305 sunt.
1284 5269 1305 5303 ι
1340 5249 1444 5304 Sed
1466 5249 1753 5321 legendum
1780 5266 1930 5320 pmo,

362 5338 384 5370 ε
433 5321 557 5386 quia
592 5331 679 5373 tua
719 5331 865 5381 sunt,
915 5338 932 5370 ι
973 5335 1039 5373 ex
1069 5322 1257 5374 eodem
1304 5322 1508 5385 codice,
1542 5337 1701 5389 quem
1738 5323 1933 5387 sa-pins

357 5390 653 5469 metueravi
688 5391 929 5443 :nnllum
979 5389 1121 5443 enim
1148 5400 1233 5444 est
1258 5390 1309 5444 in
1333 5389 1521 5445 Graeco
1548 5406 1743 5444 nomen
1776 5391 1931 5443 femi-

359 5473 568 5513 Illlillm.

432 5527 545 5598 (51)
590 5529 678 5585 Et.
719 5529 905 5585 Grmca
937 5531 1124 5594 editio,
1155 5530 1285 5599 γάρ,
1320 5528 1372 5583 id
1404 5539 1487 5583 est
1513 5547 1533 5579 ε
1568 5544 1711 5582 nam.
1757 5549 1774 5580 ι
1808 5530 1934 5583 Vul-

357 5607 517 5666 gatus
538 5599 636 5651 int.
665 5599 843 5653 aliter.

433 5666 547 5738 (52)
606 5668 818 5722 Patrem
856 5672 1107 5725 omnium.
1170 5668 1259 5724 Sic
1310 5677 1535 5722 Vocatur
1568 5668 1707 5723 Deus
1737 5669 1931 5738 Epltcs.

364 5749 438 5800 Iv,
461 5736 523 5807 _6.
557 5738 697 5803 Quin
730 5740 893 5791 etiam
925 5740 1125 5792 ethnici
1158 5754 1281 5793 eum
1332 5741 1411 5792 sic
1459 5736 1931 5807 nuncupaverunt,

361 5818 425 5859 ut
446 5805 629 5876 VPlato.
656 5823 720 5861 ac
749 5808 992 5874 Diphilus
1044 5808 1286 5863 comicus
1328 5809 1465 5876 apud
1493 5805 1821 5863 Clementem
1880 5808 1931 5861 in

363 5875 552 5944 quinto
587 5876 933 5931 Stromatum.

2018 2041 2125 2082 ate
2164 2045 2267 2081 non
2308 2026 2509 2092 iactum
2567 2022 3017 2079 conservaretur?
3047 2020 3229 2073 Parcis
3261 2028 3437 2072 autem
3472 2034 3587 2071 om-

2020 2120 2197 2181 nibus,
2228 2119 2478 2187 quoniam
2514 2117 2692 2170 omnia
2735 2114 2847 2187 ('50)
2886 2126 2970 2167 tua
3022 2121 3168 2176 sunt,
3196 2111 3416 2165 Domine
3440 2126 3589 2162 ama-

2022 2223 2103 2264 tor
2126 2212 2450 2264 animarum.
2485 2209 2549 2262 Et
2588 2208 2699 2279 (51)
2729 2209 3069 2272 incorruptus
3108 2213 3229 2258 lutts
3253 2201 3483 2271 Spiritus
3509 2209 3594 2253 est

2021 2305 2072 2357 in
2099 2303 2372 2357 omnibus.
2409 2321 2427 2352 ι
2468 2301 2652 2371 Itaque
2685 2300 2847 2354 Deum
2896 2298 3088 2352 merito
3118 2312 3371 2350 vocamus
3425 2295 3588 2347 etiam

2021 2398 2233 2450 l‘atrem
2259 2395 2499 2449 omnium
2542 2394 2677 2465 (52),
2718 2394 2819 2447 etsi
2860 2402 3051 2447 natura
3081 2401 3230 2460 pater
3274 2399 3588 2443 nosternon

2021 2490 2110 2552 sit,
2146 2488 2286 2540 sicut
2343 2498 2427 2541 est
2484 2484 2754 2556 Unigeniti
2810 2487 2891 2540 sui
2930 2501 2946 2549 ;
2982 2493 3034 2539 et
3083 2498 3271 2537 rursus
3311 2498 3326 2536 :
3370 2499 3387 2529 ι
3428 2479 3593 2547 Spiri-

2022 2591 2106 2633 tus
2141 2581 2253 2653 (55)
2285 2580 2494 2632 Dmnini
2536 2579 2762 2645 repleiit
2810 2579 2997 2631 orbem
3063 2585 3354 2639 terrarum,
3398 2583 3451 2625 et
3492 2573 3593 2625 hoc

2022 2674 2165 2738 quod
2193 2672 2439 2725 continet
2491 2671 2697 2736 omnia,
2749 2669 3032 2723 scicntiam
3078 2667 3241 2721 habet
3288 2664 3497 2717 vocis.»
3536 2654 3625 2714 Μ’

2023 2774 2200 2817 aufem
2229 2763 2453 2832 perinde
2489 2772 2568 2817 est
2598 2778 2663 2815 ac
2696 2761 2740 2814 si
2766 2762 2972 2813 diceret
3004 2774 3018 2809 :
3053 2755 3375 2810 lnvisibilem
3425 2764 3475 2806 et
3514 2752 3596 2805 vi-

2023 2859 2231 2909 sibilem
2261 2866 2589 2918 creaturam,
2611 2853 2999 2921 intelligentem
3022 2859 3076 2903 et
3094 2848 3415 2902 sentientem
3442 2858 3595 2915 com-

2026 2948 2329 3015 prehendit,
2364 2960 2426 3009 ac
2449 2945 2587 2998 nulla
2615 2959 2681 2998 ex
2704 2943 2955 2997 omnibus
3009 2940 3169 2993 rebus
3194 2949 3409 2993 internae
3459 2935 3598 2988 illius

2028 3039 2282 3091 rectionis
2309 3051 2501 3106 expers
2534 3045 2649 3090 est:
2686 3051 2810 3088 nam
2847 3032 3028 3087 omnia
3057 3032 3358 3091 continere,
3389 3028 3489 3079 hor
3530 3030 3600 3079 si-

2025 3132 2261 3200 gniﬁcat.
2296 3129 2359 3182 Et
2381 3143 2618 3190 onmem,
2647 3127 2837 3195 inquit,
2862 3140 3045 3177 vocem
3072 3122 3435 3188 audit,mpote
3461 3118 3597 3170 Deus

2034 3225 2084 3276 in
2118 3222 2365 3277 omnibus
2393 3222 2591 3288 ubique
2614 3234 2828 3288 semper
2853 3218 3143 3280 exsistens,
3186 3224 3240 3268 et
3267 3212 3599 3266 materia-dem

2029 3328 2241 3367 onmem
2266 3312 2635 3365 confusionem
2664 3310 2716 3363 in
2742 3309 3148 3364 convenientem
3193 3305 3434 3361 ordinem
3469 3303 3601 3354 redi-

2028 3420 2179 3471 gens,
2209 3412 2263 3453 et
2296 3402 2380 3465 iis,
2407 3416 2525 3469 qua:
2554 3401 2622 3454 ah
2647 3400 2763 3468 ipso
2794 3399 2931 3452 facta
2960 3408 3105 3461 sunt,
3143 3410 3388 3465 parcens,
3420 3403 3474 3447 et
3507 3406 3601 3445 co-

2032 3508 2147 3546 rom
2186 3507 2373 3544 curam
2411 3491 2635 3555 habens,
2688 3498 2873 3559 utpote
2901 3489 2990 3557 qtti
3037 3489 3151 3556 ipse
3196 3502 3260 3540 ex
3299 3497 3485 3537 natura
3518 3492 3601 3535 est

2038 3579 2378 3650 providentia
2464 3588 2518 3633 et
2574 3579 2839 3646 sapientia
2875 3619 2891 3643 ,
2963 3575 3143 3630 omnia
3209 3571 3598 3640 complectens,

2034 3671 2193 3742 150
2215 3686 2277 3726 ac
2305 3679 2595 3740 penetrans
2628 3668 2762 3740 (54),
2799 3665 3139 3722 sieutPater.
3177 3664 3311 3729 Quis
3339 3663 3480 3716 enim
3518 3670 3601 3713 est

2029 3767 2118 3835 qui
2148 3765 2305 3818 talem
2334 3763 2496 3817 habet
2518 3760 2839 3816 scientiam?
2879 3758 3015 3811 Audi
3058 3767 3169 3810 tum
3218 3770 3283 3808 ex
3331 3754 3466 3807 Isaia
3518 3753 3602 3806 in-

2030 3856 2301 3926 quiente,¢
2333 3853 2565 3923 Spiritus
2592 3850 2959 3923 (35)scienti:e
2992 3857 3046 3901 et
3083 3844 3366 3916 pietatisu
3405 3854 3513 3897 tum
3534 3856 3600 3897 ex

2035 3946 2231 4000 Davide
2267 3944 2337 3998 ita
2360 3952 2623 3998 canente:
2658 3958 2677 3991 ι
2700 3939 2814 4005 Quo
2840 3938 2948 4008 (56)
2969 3938 3057 3992 ibo
3079 3954 3107 3989 a
3128 3936 3263 3989 faeie
3295 3943 3474 3999 tua,et
3497 3947 3601 4000 quo

2034 4054 2062 4090 τι
2100 4037 2302 4107 Spiritu
2341 4044 2432 4089 tuo
2468 4031 2703 4102 fugiam?
2734 4050 2752 4083 ι
2777 4028 2913 4096 Quin
2938 4028 3096 4082 etiam
3123 4028 3379 4081 Dominus
3418 4024 3603 4078 utdei-

2037 4140 2202 4184 tatem
2235 4128 2474 4198 Spiritus
2504 4125 2680 4181 sancti
2714 4124 2830 4178 loco
2850 4137 2955 4176 non
2985 4118 3356 4174 circumscribi
3394 4121 3603 4180 doceat,

2034 4223 2128 4277 sed
2154 4221 2315 4275 simul
2340 4229 2392 4274 et
2425 4220 2477 4272 in
2505 4216 2646 4272 cmlo
2700 4230 2843 4278 esse,
2889 4224 2943 4268 et
2977 4212 3028 4266 in
3080 4220 3245 4273 terra,
3283 4223 3606 4276 omnemque

2036 4311 2304 4367 creaturis
2333 4308 2713 4364 suﬁicientiam
2757 4305 2866 4377 (5⁸7)
2898 4302 3338 4358 subministrasse
3368 4312 3603 4365 semper,

2034 4417 2089 4460 et
2118 4404 2557 4466 subministrare,
2584 4400 2664 4455 sic
2706 4397 2950 4467 loquitur
2992 4392 3134 4464 apud
3169 4391 3456 4446 Joannem:
3484 4407 3502 4438 ι
3548 4390 3603 4441 Si

2037 4499 2259 4569 diligitis
2299 4496 2411 4566 (58)
2441 4510 2548 4559 me,
2586 4493 2838 4547 mandata
2874 4478 2990 4544 mea
3032 4496 3262 4542 servate.
3298 4483 3364 4537 Et
3391 4498 3490 4548 ego
3521 4496 3610 4534 ro-

1978 4705 2023 4760 D
2121 4694 2234 4761 (55)
2261 4691 2510 4757 Spiritus.
2537 4689 2663 4757 Sap.
2699 4704 2738 4750 I,
2766 4690 2815 4743 7.

2120 4747 2233 4833 (54)
2268 4747 2857 4833 σιιιιιία...ᾲρέζιινιιλᾳησ.
2910 4757 3109 4833 Eodem
3162 4752 3325 4833 modo
3374 4747 3611 4830 loquitur

2039 4837 2091 4887 in
2117 4820 2518 4886 commentariis
2538 4820 2590 4882 in
2625 4829 2860 4899 l’snlntos
2885 4829 2950 4899 ad
2978 4840 3115 4899 vers.
3153 4820 3400 4899 {psalmi
3434 4835 3556 4899 xxiv
3587 4836 3598 4870 :

2050 4904 2189 4958 '06oi.
2201 4901 2402 4971 Κυρίου
2417 4902 2581 4971 (inqui
2592 4904 2653 4966 t),
2666 4899 2723 4971 αἱ
2739 4898 2911 4971 διοική
2921 4911 3030 4971 σεᾼις
3043 4893 3141 4961 τῆς
3156 4889 3609 4971 αυτοῦπρονοίας,

2039 4974 2160 5028 καθ’
2182 4973 2247 5035 ἃς
2273 4959 2341 5023 τὰ
2367 4959 3062 5039 σύμπαντἀδιακυϐερνᾷ...
3079 4959 3261 5039 ,τρίεοι
3292 4959 3369 5018 δὲ,
3393 4961 3610 5039 αἱικατα

2045 5046 2209 5115 μέρος
2225 5027 2539 5110 διοικήσεις,
2554 5039 2619 5092 δι’
2636 5033 2709 5091 ὧν
2726 5027 2911 5105 ὥσπερ
2925 5027 2993 5086 τά
3020 5027 3196 5113 πάντα
3212 5027 3609 5115 διαπορεῦεται,

2045 5104 2093 5167 id
2119 5104 2226 5175 est,
2265 5130 2282 5160 ι
2323 5104 2430 5163 Via:
2465 5104 3230 5179 Dominisnntdispositiones
3263 5104 3610 5179 providentia-

2044 5170 2233 5252 ipsius,
2273 5196 2368 5249 per
2398 5170 3110 5252 quas_0tnnia__gube_rnat...
3148 5191 3164 5219 ι
3200 5170 3420 5223 Semita:
3454 5183 3472 5252 ι
3510 5184 3606 5252 am

2046 5237 2149 5307 tem
2177 5237 2301 5306 stitit
2333 5237 2685 5319 particulares
2724 5237 3125 5317 dispositiones,
3155 5257 3247 5309 per
3277 5253 3410 5307 quas
3446 5237 3608 5288 veluti

2038 5324 2216 5377 munia
2256 5319 2516 5390 pervadit.
2549 5336 2574 5390 -ι

2117 5393 2228 5461 ('55)
2256 5384 2515 5461 'Spiritys.
2542 5388 2649 5461 rlsa.
2684 5401 2757 5452 χι,
2786 5384 2841 5438 2.
3083 5452 3115 5461 _
3193 5450 3264 5461 Μ
3290 5449 3321 5461 __
3402 5449 3412 5459 _

2113 5449 2224 5530 (56)
2262 5449 2397 5525 Quo.
2430 5458 2571 5511 Psal.
2601 5449 2863 5519 cxxxvttt,
2893 5469 3036 5509 Vch.
3083 5452 3137 5505 '7.
3193 5449 3360 5503 Bililia
3402 5449 3615 5498 inverso

2041 5537 2251 5586 ordine.

2113 5584 2225 5671 (ει)
2292 5597 2685 5671 sit/pponam.
2726 5594 2834 5649 Vox
2874 5603 2957 5647 est
2984 5592 3203 5645 bihhca.
3254 5593 3377 5671 vide
3406 5586 3443 5669 ιι
3485 5584 3615 5671 eor.

2042 5656 2219 5733 tx,‘8,'
2262 5670 2347 5721 ubi
2371 5656 2729 5736 ”ἅύτάρκεια,
2754 5675 2817 5736 et
2837 5678 2954 5730 cap.
2987 5677 3070 5725 ιιι,
3118 5677 3258 5716 vers.
3300 5659 3333 5713 5
3378 5656 3616 5728 ejusdem

2040 5741 2298 5811 epistolae,
2331 5737 2427 5811 ubi
2445 5734 2694 5811 ἱκανότης
2718 5734 2930 5787 dicitur.

2115 5810 2228 5881 (58)
2253 5800 2307 5862 St
2334 5807 2571 5875 diligitis.
2600 5800 2752 5858 Idan.
2787 5817 2896 5866 xw,
2931 5800 3112 5856 15-17.
