4114 6426
499 451 598 507 5H

500 664 570 714 sit
602 659 873 712 vobiscum
900 654 1035 725 (59),
1066 653 1324 723 Spiritum
1352 653 1612 716 veritatis,
1642 668 1802 721 quem
1839 656 2068 710 mundus

502 762 605 800 non
636 753 812 815 potest
844 744 1112 812 accipere,
1146 741 1270 809 quia
1314 757 1417 793 non
1466 740 1609 795 videt
1661 756 1805 803 eum,
1839 756 1938 796 nec
1968 744 2069 798 scit

501 849 667 888 eum:
700 848 795 886 vos
825 840 1002 885 autem
1048 830 1373 900 cognoscitis
1424 844 1572 890 eum,
1613 833 1753 899 quia‘
1803 834 1942 900 apud
1974 848 2066 886 vos

503 931 705 987 manet,
732 931 787 976 et
813 922 866 975 in
905 918 1058 974 vobis
1088 920 1211 972 erit.
1238 936 1258 971 ι
1297 917 1367 974 Ut
1411 933 1540 973 vero
1581 932 1760 972 nutum
1793 906 1915 985 ﬁat,
1942 922 2066 976 tali-

502 1014 603 1069 b‘ls
632 1014 794 1068 etiam
824 1010 1150 1066 testimoniis
1179 1010 1352 1078 ipsum
1377 1010 1538 1064 unius
1564 1011 1764 1079 ubique
1786 1013 2069 1080 przesentis

505 1112 711 1157 natura:
745 1101 1029 1165 declarari,
1082 1100 1310 1169 a2qnalia
1363 1099 1431 1154 de
1496 1102 1756 1156 ambabus
1798 1103 1945 1158 hisce
1973 1105 2073 1157 im-

462 1186 469 1203 ’
506 1193 828 1247 mortalibus
852 1193 1217 1248 subsistentiis
1240 1191 1911 1262 Scripturzetradiderunt.
1942 1197 2071 1251 Nam

504 1284 768 1338 Jeremias
800 1285 1014 1353 quidem
1045 1299 1110 1338 ex
1146 1297 1375 1352 persona
1418 1282 1511 1337 Dei
1561 1294 1613 1339 et
1654 1284 1828 1338 Patris
1852 1286 2077 1356 loquens

507 1377 620 1429 haec
659 1375 918 1443 eitponit:
951 1392 969 1425 ι
1001 1373 1204 1428 Caelum
1239 1374 1351 1445 (40)
1405 1384 1458 1429 et
1505 1384 1706 1429 terram
1740 1377 2076 1446 egoimplep,

505 1467 634 1519 dicit
660 1466 942 1529 Dominus;
975 1483 992 1516 ι
1022 1465 1186 1519 David
1207 1480 1335 1520 vero
1350 1467 1417 1520 de
1438 1464 1575 1519 Filio
1597 1466 1648 1519 in
1673 1482 1831 1522 cxuv
1873 1469 2079 1537 psalmo

1734 447 1971 503 DIDYMI
2011 447 2477 504 ALEXANDIHNI

499 571 637 639 gaho
667 567 905 630 Patrem,
935 574 987 619 et
1021 563 1181 618 alium
1217 563 1552 618 Paraclctum
1599 562 1749 616 dabit
1795 565 1965 630 vobis,
2005 574 2060 619 ut

2191 582 2246 620 τι
2278 567 2407 638 παρ’
2462 567 2589 637 ὑμῖν
2622 567 2794 638 μένει,
2846 569 2938 623 καὶ
2982 570 3039 622 ὲν
3087 569 3215 639 ὑμῖν
3245 568 3416 622 ἔσται.

3643 452 3755 511 512

3461 597 3478 621 ι
3517 571 3634 624 Ἵνα
3690 572 3752 625 δὲ

2170 659 2445 729 γνώριμον
2473 657 2716 728 γένηται,
2752 660 2826 724 ῶς
2846 663 2943 731 τῆς
2969 658 3281 732 ἅπανταχοῦ
3313 660 3594 732 παρούσης
3621 664 3753 731 μιᾶς

2171 747 2400 818 ἀπείρου
2438 747 2650 816 φύσεως
2689 750 2783 802 καὶ
2828 752 2883 803 al
2932 741 3126 804 τοιαίδε
3177 749 3474 822 μαρτυρίαι
3520 752 3755 819 ἀποφαί-

2170 851 2351 891 νουσιν
2380 839 2531 903 αύτὸ,
2562 838 2630 892 τά
2665 839 2754 892 [cra
2787 842 3093 912 παρέδοσαν
3145 841 3273 912 περὶ
3304 841 3570 913 ἑκατέρας
3611 844 3754 913 ἀκη-

2174 927 2336 998 ράτου
2399 928 2762 991 ὑποστάσεως⁸
2798 930 3063 1002 Ἱερεμίας
3097 929 3197 1000 μὲν
3231 929 3595 1001 ἐξηγούμενος
3645 930 3754 985 ἀπὸ

2172 1017 2265 1071 τοῦ
2306 1018 2441 1072 Θεοῦ
2489 1021 2583 1073 καὶ
2620 1021 2853 1092 Πατρός*
2907 1040 2927 1073 ι
2968 1023 3071 1076 Τὸν
3097 1022 3327 1094 οὐρανὸν
3364 1022 3459 1075 καὶ
3504 1023 3604 1094 τὴν
3648 1022 3755 1093 γῆν

2173 1108 2285 1179 ἐγὼ
2322 1111 2535 1183 πληρῶ,
2565 1112 2712 1182 λέγει
2742 1114 2967 1184 Κύριος·
3015 1134 3032 1167 ι
3054 1112 3215 1167 Δαυῖδ
3250 1111 3307 1165 δὲ
3352 1115 3479 1186 περί
3503 1114 3597 1167 τοῦ
3622 1114 3753 1168 Υίοῦ

2174 1202 2233 1255 ἐν
2255 1203 2376 1274 ρμδ⁸
2396 1204 2598 1275 ψαλμῷ
2640 1206 2897 1261 κελαδῶνο
2937 1226 2954 1257 t
2991 1208 3100 1259 Καὶ
3119 1207 3215 1277 τῆς
3238 1207 3631 1280 μεγαλωσύνης
3656 1210 3756 1262 αύ-

2181 1293 2271 1347 τοῦ
2308 1295 2407 1347 οὐκ
2438 1295 2586 1348 ἔστιν
2605 1297 2797 1369 πέρας·
2826 1317 2844 1349 ι
2881 1295 3093 1359 Παῦλος
3119 1296 3176 1349 δέ
3197 1296 3477 1367 κηρύττων
3503 1299 3632 1369 περὶ
3663 1300 3758 1355 τοῦ

2185 1384 2371 1438 αὐτοῦ’
2412 1405 2430 1437 ι
2482 1386 2539 1440 '0
2561 1387 2803 1451 καταϐὰς
2853 1388 3019 1450 αύτός
3048 1388 3197 1440 ἐστιν
3219 1387 3313 1439 καὶ
3336 1388 3364 1439 ὁ
3390 1387 3596 1451 ἀναϐὰς
3616 1391 3760 1463 ὑπὲρ

2178 1474 2292 1529 ἀνω
2317 1476 2533 1530 πάντων
2561 1477 2670 1530 τῶν
2695 1477 2962 1549 οὐρανῶν,
2990 1478 3078 1531 ἵνα
3108 1477 3373 1550 πληρώσῃ
3397 1477 3466 1530 τά
3499 1481 3694 1537 πάντα.
3734 1501 3754 1535 ι

506 1558 739 1611 clamat:
774 1576 790 1609 t
821 1557 883 1610 Et
907 1556 1018 1627 (Μ)
1044 1556 1426 1626 magnitudinis
1453 1558 1571 1628 ejus
1609 1575 1713 1613 non
1748 1570 1833 1615 est
1866 1561 2021 1627 linis;
2046 1581 2067 1615 ι
2099 1563 2294 1622 Paulus
2323 1578 2501 1622 autem
2533 1572 2781 1640 prmdit'at
2810 1573 2876 1627 de
2895 1571 3082 1626 eodem
3110 1588 3124 1624 :
3153 1588 3171 1622 ι
3197 1568 3296 1635 Qui
3332 1570 3759 1645 descendito“),

438 1678 449 1685 -
505 1647 622 1715 ipse
674 1658 755 1702 est
784 1657 836 1702 et
865 1648 958 1718 qui
988 1648 1231 1703 ascendit
1261 1663 1426 1717 super
1473 1665 1664 1704 omnes
1699 1651 1887 1716 cwlos,
1934 1661 1993 1707 ut
2026 1653 2275 1726 impleret
2307 1660 2508 1712 omnia.
2543 1678 2566 1711 ι

579 1760 665 1816 Ill.
707 1761 964 1815 Creatura
995 1777 1100 1815 non
1141 1771 1225 1818 est
1265 1763 1587 1832 simpliciter
1628 1765 2073 1835 incomtptibilis,

2249 1775 2320 1827 1".
2368 1776 2433 1829 Ἦ
2467 1777 2645 1841 κτίσις
2682 1774 2782 1830 ούκ
2817 1776 3091 1849 ἄφθαρτος
3126 1781 3377 1850 καθάπαξ
3429 1784 3595 1836 ἐστίν·
3624 1782 3760 1836 ἀλλά

505 1859 599 1913 sed
628 1858 965 1928 corruptioni
991 1857 1247 1923 obnoxia,
1273 1858 1327 1912 id
1376 1867 1479 1924 est,
1521 1861 1882 1927 conversioni,
1916 1879 2074 1932 quam

508 1948 740 2001 dicimus
770 1948 931 2002 etiam
961 1949 1316 2002 mutationem
1342 1963 1359 2013 ;
1391 1948 1531 2004 sicut
1559 1951 1840 2021 prophetia
1868 1953 2078 2023 inquit:

511 2058 530 2091 ι
567 2037 926 2111 Εορὶθιιεμδ)
969 2042 1190 2106 omnia,
1237 2052 1292 2097 et
1334 2051 1700 2096 transmutans
1760 2044 1893 2113 ipsa.
1929 2064 1948 2097 ι
1981 2046 2079 2102 Cui

507 2131 943 2186 obsecundantes
1001 2129 1074 2183 illi
1116 2132 1279 2185 etiam
1320 2133 1410 2201 qui
1460 2148 1489 2186 a
1544 2133 1782 2201 profanis
1811 2136 2082 2204 sapientes

503 2218 794 2280 habentur.
817 2222 965 2274 aiunt
1003 2221 1139 2293 (ﬂ):

511 2310 637 2379 Ipsa
674 2312 955 2364 dissolvens
981 2312 1034 2364 in
1069 2310 1307 2378 ipsumet,
1332 2322 1378 2365 et
1420 2328 1486 2367 ea:
1525 2312 1985 2455 ipsisntellrursus
2022 2331 2082 2368 ea

1798 2400 2010 2454 augens.

1798 2400 2010 2454 augens.

584 2467 716 2523 Nam
745 2470 1060 2540 incorporea
1097 2471 1378 2527 rationalis
1406 2481 1678 2541 creatura,
1718 2475 1895 2544 qtthtl
1926 2473 2080 2546 151

513 2562 843 2616 voluntatem
882 2563 1244 2633 corruptionis
1301 2578 1495 2629 expers
1526 2582 1628 2619 non
1657 2574 1762 2628 est.
1814 2580 1935 2620 cum
1974 2576 2087 2621 sta-

514 2656 675 2709 hilem
707 2655 922 2724 quidem
956 2655 1005 2710 ei
1052 2664 1303 2710 naturam
1356 2656 1495 2711 Deus
1533 2656 1765 2724 dederit,
1827 2659 2087 2728 illamque

514 2748 564 2801 in
621 2748 873 2802 srecnlum
905 2757 959 2803 et
1010 2749 1065 2803 in
1090 2749 1347 2804 saeculum
1377 2750 1554 2804 saeculi
1581 2751 2087 2819 coustituerit;ipsa

514 2854 642 2892 vero
666 2854 729 2892 ex
762 2855 857 2893 sua
883 2840 1051 2908 ipsius
1075 2839 1339 2894 electione
1360 2850 1562 2893 mutata
1587 2842 1679 2906 sit,
1700 2850 1754 2893 et
1784 2841 1837 2893 in
1853 2840 2088 2908 peiorem

515 2941 713 2985 sortem
751 2930 864 3002 (45)
917 2941 1226 3000 statumque
1280 2930 1557 2995 inciderit,
1607 2942 1662 2985 et
1721 2945 1788 2984 ex
1843 2931 1945 2985 hoc
1976 2932 2091 3000 ipso

516 3024 650 3077 adeo
673 3033 925 3091 corrupta
948 3023 1037 3087 sit,
1074 3032 1128 3076 ut
1147 3036 1211 3076 ex
1241 3036 1308 3076 eo
1331 3031 1568 3089 tempore
1597 3022 2089 3075 denorninationem

519 3112 661 3166 illam
695 3113 857 3167 veluti
899 3114 1168 3177 amiserit,
1193 3127 1302 3183 qua
1347 3114 1647 3167 vocabatur
1686 3119 1908 3167 aeterna.
1940 3111 2092 3179 Quod

518 3206 663 3258 enim
687 3220 750 3257 ex
784 3219 842 3259 se
875 3205 1011 3272 ipso,
1034 3219 1364 3274 quocunque
1414 3204 1631 3258 tandem
1689 3205 1846 3260 modo
1894 3206 1946 3260 id
1978 3206 2091 3270 ﬁat,
2119 3191 2163 3248 ο

519 3295 818 3366 egreditur,
854 3297 954 3351 hoc
988 3306 1093 3360 est,
1130 3296 1466 3361 imntutatur,
1489 3296 1619 3348 illud
1651 3296 1755 3350 etsi
1789 3297 1894 3350 alio
1936 3298 2094 3351 modo

522 3387 800 3454 perduret,
836 3397 1061 3441 tttnrtem
1110 3387 1333 3453 invenit,
1380 3401 1571 3456 nen'pe
1603 3388 1872 3456 propriam
1915 3397 2092 3443 muta-

522 3478 721 3531 tionem
753 3477 884 3548 (46³).
924 3476 1057 3533 Nam
1096 3476 1357 3548 quidquid
1405 3493 1521 3533 eam
1571 3495 1682 3531 rem
1740 3488 1921 3548 postea
1976 3479 2091 3535 ﬁeri

518 3569 787 3636 posueris,
812 3569 941 3623 illud
972 3578 1055 3623 est
1077 3570 1152 3624 rei
1180 3569 1375 3639 prioris
1402 3580 1579 3623 mors:
1616 3569 1845 3638 exempli
1895 3570 2093 3638 gratia,

519 3660 565 3714 si
598 3659 800 3713 malitia
822 3660 916 3714 ﬂat
939 3660 1297 3730 bonitas,jam
1345 3675 1409 3715 eo
1452 3662 1567 3729 ipso
1599 3664 1740 3729 quod
1790 3662 1992 3716 malitia
2019 3676 2098 3716 re-

520 3755 669 3808 cedit
698 3769 726 3806 a
756 3764 1027 3817 creatura,
1055 3754 1319 3808 occiditur
1348 3769 1376 3807 a
1406 3753 1646 3809 bonitate
1673 3763 1756 3820 ;et
1789 3756 1904 3809 vice
1938 3770 2095 3809 versa

525 3844 744 3898 bonitas
770 3846 1097 3900 interﬁcitur
1125 3861 1153 3899 a
1202 3846 1427 3902 malitia.
1470 3848 1605 3901 Sunt
1652 3849 1796 3901 enim
1826 3848 2095 3917 qumdam,

525 3950 646 4001 qua:
666 3950 878 4005 semper
897 3938 1194 3991 consistere
1232 3938 1291 3991 in
1328 3939 1501 4007 primo
1549 3948 1690 3992 statu
1743 3953 1807 3992 ac
1842 3939 2094 4001 termino,

524 4026 625 4080 etsi
655 4026 755 4081 hoc
783 4028 913 4096 ipsis
962 4028 1286 4100 denegatum
1326 4044 1430 4083 non
1493 4028 1678 4089 fuerit,
1711 4043 1815 4082 non
1846 4039 2093 4098 pergunt.

528 4114 653 4170 llaec
683 4117 863 4187 itaque
891 4120 943 4171 in
998 4119 1253 4188 Epistolis
1298 4119 1543 4172 scribunt
1578 4117 1771 4170 Petrus
1824 4129 1879 4171 et
1910 4117 2097 4173 ludas.

526 4204 719 4262 Petrus
746 4210 853 4264 ait:
889 4228 908 4262 ι
955 4210 1011 4263 Si
1048 4210 1188 4264 enim
1216 4208 1329 4281 (47)
1367 4208 1572 4278 angelis
1595 4209 1940 4277 peccantibus
1993 4226 2096 4265 non

527 4299 950 4367 peperritDt-us,
987 4301 1083 4354 sed
1110 4299 1425 4354 rudentibus
1478 4297 1673 4354 inferni
1708 4298 1821 4370 (aut
1849 4302 2098 4356 tenebra-

527 4391 673 4457 rum)
709 4386 990 4443 detractos
1039 4389 1090 4441 iu
1153 4397 1438 4452 tartarum,
1492 4386 1545 4440 iu
1580 4385 1840 4455 judicium
1891 4403 2100 4458 magna:

528 4479 633 4532 diei
665 4479 777 4546 (48)
804 4480 1120 4544 reservavit,
1146 4488 1199 4533 et
1219 4479 1442 4546 antiquo
1458 4483 1657 4533 mundo
1678 4493 1780 4533 non
1803 4481 2091 4549 pcpercita

527 4566 694 4624 ludas
716 4582 877 4623 vero:
907 4586 925 4621 t
952 4568 1312 4639 Angelosque,
1340 4570 1426 4638 qui
1454 4586 1555 4624 nou
1579 4580 2097 4624 servaveruntsuum
2131 4550 2173 4606 θ

602 4722 713 4797 (39)
743 4722 902 4797 l_sil
942 4724 1221 4797 uobiscum.
1255 4722 1427 4777 Biblia
1456 4737 1470 4775 :
1499 4724 1598 4797 ἵνα
1615 4723 1755 4797 μένῃ
1792 4722 1909 4797 μεθ’
1939 4722 2097 4793 ὑμῶν

529 4795 608 4857 εἰς
628 4794 717 4847 τὸν
738 4794 928 4858 αἰῶνα,
956 4795 1004 4847 id
1028 4805 1109 4848 est
1136 4812 1154 4844 ι
1188 4806 1247 4847 ut
1286 4808 1492 4849 maneat
1521 4794 1791 4847 vobiscum
1830 4795 1883 4847 in
1931 4809 2102 4849 sescu-

530 4865 663 4934 lum.
690 4882 707 4915 ι
731 4868 795 4918 At
818 4864 1070 4934 Didymus
1097 4865 1147 4917 iu
1177 4864 1311 4934 libro
1338 4879 1549 4931 quoque
1576 4863 1650 4917 De
1672 4864 1819 4933 Spir.
1853 4863 1911 4917 S.
1946 4880 2098 4917 nunt.

527 4934 600 4987 27
630 4933 831 4988 habet:
873 4953 891 4985 ι
921 4933 990 4987 ut
1016 4934 1085 4987 sit
1108 4933 1384 4989 vobiscum
1442 4934 1492 4986 in
1526 4944 1806 4987 internum.
1846 4952 1865 4984 ι
1932 4934 2102 4988 Voces

533 5019 716 5071 porro,
769 5022 787 5054 ι
828 5005 880 5056 in
930 5014 1213 5065 aeternum,
1254 5022 1272 5053 ι
1322 5003 1420 5057 etsi
1472 5004 1792 5057 omittantur
1837 5004 1888 5057 in
1946 5003 2105 5056 editis

528 5073 956 5141 cxernplaribns,
986 5088 1091 5127 non
1123 5074 1315 5132 desunt
1354 5083 1533 5126 tamen
1581 5074 1634 5126 in
1678 5083 1864 5127 nostro
1894 5074 2100 5127 todiee.

603 5143 716 5213 (40)
744 5141 1183 5213 CaelumJerem.
1219 5157 1377 5206 χχιιι,
1404 5141 1497 5196 ει.

605 5211 718 5277 (ﬂ)
751 5213 838 5268 Et.
866 5211 1007 5265 Psal.
1031 5226 1208 5276 cxuv,
1237 5226 1377 5266 vers.
1406 5213 1461 5267 5.

607 5280 716 5351 (42)
750 5282 854 5346 Qui
903 5282 1185 5336 descendit.
1230 5280 1424 5350 Ephes.
1453 5297 1525 5344 tv,
1556 5281 1643 5336 10.

608 5353 742 5422 (45))
793 5351 1040 5405 Faciem.
1077 5351 1240 5404 Amos
1289 5366 1343 5416 ν,
1383 5351 1436 5413 8,
1492 5352 1578 5406 ubi
1643 5351 1796 5422 Vulg.
1841 5351 2107 5422 interpres

540 5420 672 5473 nihil
703 5419 826 5477 ’tale
886 5422 1077 5485 habet’;
1140 5422 1298 5474 vertit
1366 5422 1508 5475 enim
1544 5436 1558 5473 :
1595 5438 1614 5472 ι
1655 5419 1965 5474 Fat-lentem
2000 5419 2097 5472 Ar-

542 5504 780 5552 eiurum,
822 5503 875 5545 et
897 5493 1170 5546 Orionem.
1204 5508 1222 5542 ι
1270 5491 1669 5560 Complntensis
1713 5492 1812 5560 ed.
1850 5507 1946 5558 pro
2007 5506 2103 5560 με·

537 5561 887 5623 τασκευάζων
941 5563 1102 5615 habet
1145 5559 1588 5625 κατασκευάζων.
1633 5562 1738 5615 Sed
1780 5559 2103 5613 FranCnfur-

542 5631 729 5700 tensis,
767 5630 1202 5700 μετασκευάζων·
1249 5635 1418 5685 amba:
1469 5646 1605 5700 vero!
1627 5641 1813 5684 carent
1844 5646 1975 5683 voce
2003 5629 2102 5680 αύ-

544 5696 631 5748 τά·
650 5696 958 5764 ιιιιιείιιιιιιτιι
984 5716 1087 5753 non
1136 5700 1403 5754 omittitur
1426 5701 1563 5766 apud
1585 5698 1841 5756 Basilium
1873 5701 1923 5752 in
1953 5702 2108 5766 quin-

548 5777 599 5818 to
628 5778 806 5836 rauim
838 5767 1175 5836 Enitendum,
1197 5785 1316 5836 pag.
1342 5769 1464 5824 'Z‘Jb'.

616 5837 667 5902 (ὁ
684 5836 728 5901 i)
752 5834 927 5890 Aiunt.
961 5835 1089 5890 Vide
1112 5834 1220 5891 uoti.
1243 5838 1331 5899 51,
1354 5837 1763 5907 pag.t59.\'0tbis
1784 5850 1957 5893 autem
1982 5840 2104 5905 illis,

2180 1864 2385 1938 φθορὰν
2412 1866 2739 1937 ἐπιδέχεται,
2772 1868 2872 1939 τὴν
2893 1869 3121 1942 τροπήν,
3173 1872 3239 1942 ἦν
3273 1891 3452 1944 φαμεν
3476 1875 3567 1928 καὶ
3594 1892 3763 1946 μετα-

2181 1956 2360 2029 ϐολὴν,
2382 1958 2506 2028 ὠςή
2536 1959 2843 2032 προφητεία
2864 1960 3031 2029 λέγει·
3082 1982 3100 2013 t
3151 1963 3209 2016 '0
3238 1965 3404 2017 ποιῶν
3437 1966 3610 2019 πάντα
3666 1968 3762 2022 καὶ

2183 2053 2603 2122 μετασκευάζων
2651 2054 2810 2108 αὐτά.
2852 2073 2870 2105 ι
2918 2050 3023 2117 Ἶις
3053 2055 3488 2122 κατακούσαντες
3519 2059 3626 2112 τῶν
3659 2059 3763 2124 ἔξω

2182 2145 2336 2213 σοφοὶ
2391 2145 2572 2214 φασίν·

2184 2324 2349 2379 Αὐτὰ
2375 2324 2538 2377 λύων
2559 2323 2646 2388 είς
2663 2321 2815 2376 αὐτὰ
2834 2360 2848 2385 ,
2876 2322 2970 2376 καὶ
3004 2321 3075 2387 ἐξ
3110 2320 3309 2376 αὐτῶν
3326 2324 3513 2375 πάλιν
3538 2322 3762 2386 αὔξων.

2186 2497 2209 2551 y
2276 2488 2340 2541 Ἦ
2379 2487 2476 2556 μὲν
2517 2485 2627 2557 γὰρ
2686 2484 2979 2556 ἀσώματος
3013 2485 3206 2557 λογικὴ
3239 2485 3432 2549 κτίσις,
3489 2483 3588 2555 τὴν
3625 2484 3769 2538 κατά

2188 2579 2506 2650 προαίρεσιν
2560 2578 2672 2649 ἔχει
2731 2577 2973 2648 φθορὰν,
3024 2575 3116 2630 τοῦ
3185 2577 3282 2648 μὲν
3337 2576 3472 2629 Θεοῦ
3543 2578 3768 2649 μόνιμον

2188 2672 2324 2743 αὐτῇ
2368 2669 2527 2741 φύσιν
2563 2670 2873 2734 δεδωκότος,
2898 2668 2991 2722 καὶ
3025 2672 3320 2739 στήσαντος
3356 2668 3523 2739 αὐτὴν
3569 2671 3648 2732 είς
3685 2669 3769 2721 τὸν

2191 2767 2378 2821 αἰῶνα.
2417 2766 2510 2818 καὶ
2539 2766 2618 2829 είς
2662 2763 2753 2818 τὸν
2797 2763 2969 2818 αίῶνα
2997 2761 3090 2817 τοῦ
3118 2762 3312 2826 αἰῶνος
3337 2779 3351 2794 ·
3380 2762 3552 2833 αὐτῆς
3581 2762 3635 2815 δὲ
3668 2763 3769 2815 αύ-

2190 2856 2596 2927 τοπροαιρέτως
2621 2856 3114 2927 μεταϐαλλομένης,
3149 2854 3241 2909 καὶ
3267 2854 3347 2919 είς
3370 2853 3587 2925 χείρονα
3619 2855 3772 2907 ἐκπι-

2192 2949 2434 3020 πτούσης
2461 2949 2633 3021 λῆξιν,
2659 2951 2752 3003 καὶ
2778 2949 2925 3020 αύτῷ
2958 2949 3129 3019 τούτῳ
3156 2947 3535 3020 φθειρομένης.
3570 2947 3640 3010 ὡς
3670 2947 3773 2999 ἀπ-

2194 3041 2404 3095 ολλύειν
2421 3036 2529 3095 οἷον
2551 3045 2615 3095 ἐκ
2636 3041 2825 3095 τούτου
2846 3042 2905 3095 τὺ
2921 3041 3198 3095 καλεῖσθαι
3216 3039 3408 3101 αἰῶνος
3445 3038 3519 3090 Τὸ
3530 3037 3637 3108 γάρ
3662 3039 3776 3090 61t-

2193 3131 2392 3204 δήποτε
2410 3132 2763 3204 ἐξερχόμενον
2784 3132 3157 3199 ἐαυτοῦ,τοῦτ’
3179 3131 3328 3190 ἔστιν
3350 3129 3774 3199 ἀλλασσόμενον,

2196 3220 2424 3275 θάνατον
2449 3222 2711 3293 εὑρίσκει,
2745 3222 2846 3276 κᾶν
2874 3222 3046 3285 ἄλλως
3070 3221 3332 3292 διαμένει,
3372 3219 3472 3289 τὴν
3512 3217 3645 3271 ἰδίαν
3674 3216 3775 3270 ἀλ-

2195 3311 2428 3365 λοίωσιν.
2462 3314 2569 3367 Καὶ
2596 3314 2703 3385 γὰρ
2725 3316 2864 3385 ὅπερ
2898 3313 2963 3368 ἂν
2989 3316 3221 3384 νοήσαις.
3239 3311 3329 3385 [67
3367 3312 3421 3385 ιι]
3446 3311 3775 3383 γεγενῆσθαι

2195 3403 2406 3469 ἔπειτα,
2436 3405 2593 3459 τοῦτο
2627 3406 2856 3468 Θάνατος
2896 3405 2990 3459 τοῦ
3020 3406 3286 3478 προτέρου
3323 3405 3471 3459 ἐστίν
3492 3425 3504 3435 ’
3529 3399 3640 3459 οἷόν
3661 3423 3713 3458 τι
3738 3406 3773 3477 ή

2195 3496 2362 3550 κακία
2401 3497 2665 3569 γενομένη
2703 3498 2996 3568 ἀγαθότης,
3030 3496 3356 3550 θανατοῦται
3397 3495 3546 3568 αὐτῷ
3592 3489 3637 3564 ᾧ
3669 3497 3777 3549 ἀπ-

2197 3588 2326 3658 έστη
2362 3588 2466 3641 ὑπὸ
2489 3588 2588 3659 τῆς
2615 3587 2949 3657 ἀγαθότητος
2973 3605 2986 3619 ·
3012 3588 3107 3641 καὶ
3132 3587 3193 3641 τὸ
3225 3587 3480 3660 ἔμπαλιν,
3513 3589 3547 3659 ἡ
3576 3586 3777 3657 ἀγαθό-

2195 3697 2291 3750 της
2315 3679 2418 3732 ὑπὸ
2449 3678 2545 3749 τῆς
2579 3678 2793 3743 κακίας.
2824 3679 3009 3733 Ἔστιν
3030 3678 3138 3750 γάρ
3171 3697 3293 3733 τινα
3324 3679 3467 3751 άπερ
3497 3681 3584 3734 ἀεὶ
3618 3680 3779 3733 ἐστά-

2197 3787 2284 3823 ναι
2324 3769 2400 3839 τῷ
2434 3769 2634 3841 πρώτῳ
2668 3771 2801 3841 ὅρῳ,
2835 3772 2884 3823 εί
2909 3770 3003 3825 καὶ
3042 3772 3117 3844 μὴ
3142 3772 3351 3844 ἠρνήθη
3387 3771 3545 3826 τοῦτο
3574 3773 3775 3837 αὐτοῖς,

2197 3861 2298 3914 οὐκ
2337 3862 2608 3932 ἀνέχεται.
2639 3862 3389 3939 Ἰοιγαροῦνδιαγορεύουσιν
3432 3865 3492 3918 ἐν
3530 3864 3779 3917 Ἐπιστο-

2197 3951 2318 4016 λαῖς
2339 3952 2531 4015 ταῦτα,
2562 3952 2766 4023 Πέτρος
2790 3954 2887 4024 μέν
2914 3971 2983 4007 ὀι
3013 3954 3077 4008 El
3109 3955 3218 4028 γὰρ
3246 3956 3493 4026 ἀγγέλων
3528 3956 3779 4027 ἁμαρτη-

2201 4045 2409 4099 σάντων
2430 4045 2529 4097 ούκ
2552 4045 2803 4115 ἐφείσατο
2832 4048 2861 4105 ό
2887 4046 3039 4113 Θεὸς,
3068 4047 3202 4102 ἀλλά
3232 4053 3436 4122 σειραῖς
3464 4047 3625 4119 ζόφου
3655 4065 3777 4119 ταρ-

2198 4147 2471 4221 ταρώσας,
2506 4152 2585 4215 εἰς
2616 4151 2799 4224 κρίσιν
2829 4153 3071 4225 μεγάλης
3098 4154 3312 4227 ἡμέρας
3344 4156 3666 4228 τετήρηκεν,
3687 4154 3781 4211 καὶ

2198 4251 2427 4323 ἀρχαίου
2461 4254 2667 4326 κόσμου
2702 4256 2804 4310 οὐκ
2845 4257 3136 4327 ἐφείσατο’
3174 4277 3193 4310 ι
3237 4258 3434 4329 Ἰούδας
3467 4260 3557 4313 δέ’
3597 4278 3617 4311 ι
3667 4261 3781 4327 Ἀγ-

2198 4354 2390 4424 γέλους
2421 4374 2482 4410 τε
2532 4359 2657 4422 τοὺς
2691 4359 2766 4431 μὴ
2819 4360 3167 4430 τηρήσαντας
3206 4359 3305 4431 τὴν
3337 4360 3546 4413 ἑαυτῶν
3586 4361 3781 4431 ἀρχὴν,

2199 4463 2314 4518 ἀλλ’
2343 4464 2705 4531 ἀπολιπόντας
2728 4464 2789 4519 τὸ
2818 4465 2950 4543 ἴδιον
2972 4466 3308 4536 οἰκητήριον,
3343 4464 3562 4536 δεσμοῖς
3592 4465 3781 4528 ἀϊδίοις

2204 4571 2308 4624 ὑπὸ
2338 4570 2500 4642 ζόφον
2540 4572 2863 4643 τετήρηκεν.
2897 4588 2917 4623 ι
2969 4571 3034 4625 Ἦ
3061 4570 3118 4625 δέ
3151 4572 3437 4642 σωματικὴ
3462 4572 3556 4626 καὶ
3591 4571 3783 4643 λογικὴ

2200 4717 2268 4794 ἦς
2287 4723 2750 4787 κατακούσαντες,
2788 4712 2907 4788 quae
2938 4724 3072 4777 verti
3098 4724 3275 4794 etiam
3307 4733 3530 4794 possunt
3573 4743 3591 4774 ι
3622 4739 3783 4794 quam

2158 4818 2171 4835 ο
2203 4810 2326 4847 cum
2364 4797 2663 4855 audissent,
2701 4813 2720 4845 ι
2751 4794 3043 4847 Clementis
3078 4793 3428 4846 Alexandrini
3458 4793 3782 4844 sententiam

2206 4864 2474 4930 attingere
2497 4866 2727 4927 videtur,
2755 4865 2845 4931 qui
2876 4863 3123 4917 ethnicos
3149 4862 3299 4931 plura
3325 4876 3357 4916 e
3397 4862 3567 4916 sacris
3599 4859 3783 4917 Bibliis

2206 4934 2454 4988 hausisse
2485 4934 2779 4987 contendit.

2275 5002 2390 5073 (45)
2422 5001 2647 5057 Sorlem.
2675 5001 2846 5073 Δῆξιν
2868 5001 3005 5073 duco
3032 5017 3100 5055 ex
3132 5001 3295 5073 verbo
3329 5001 3603 5073 λαγχάνω,
3637 5003 3783 5071 quod

2206 5071 2313 5135 est,
2342 5074 2600 5125 «sortiar»
2625 5090 2638 5125 :
2663 5083 2718 5125 ιιι
2742 5071 3007 5139 εἰειιίίίρει
3029 5073 3230 5134 sedem,
3251 5071 3565 5134 locum,aut
3586 5082 3784 5127 statum

2208 5159 2369 5209 quem
2397 5143 2519 5210 quis
2547 5143 2772 5196 sortitus
2798 5142 2887 5195 sit.
2916 5139 3109 5196 Posset
3145 5143 3266 5210 quis
3306 5157 3490 5197 vocem
3526 5145 3728 5198 ducere
3755 5158 3784 5195 a

2211 5213 2376 5265 verbo
2407 5211 2582 5280 λήγω,
2614 5226 2679 5265 ac
2718 5229 2737 5263 ι
2768 5211 2925 5264 linem
2962 5230 2981 5264 ο
3040 5224 3268 5265 vertere.

2281 5281 2395 5347 (46)
2432 5283 2676 5334 Mortem.
2701 5321 2714 5335 .
2742 5321 2757 5334 .
2783 5297 2964 5345 nempe
2995 5283 3257 5350 propriam
3290 5284 3651 5337 mutationem.
3687 5283 3789 5336 Ea-

2212 5353 2333 5405 dem
2384 5352 2651 5404 locutione
2684 5365 2814 5404 usus
2853 5361 2969 5405 erat
3013 5350 3380 5406 Tertulliauns
3412 5355 3462 5406 iu
3500 5356 3634 5406 libro
3661 5356 3783 5406 adv.

2215 5420 2501 5483 I’raxeam,
2535 5435 2655 5489 cap.
2682 5419 2773 5475 27.
2813 5439 2832 5472 ι
2862 5420 3058 5475 Deuun
3110 5422 3284 5492 inquit
3322 5439 3340 5472 ι
3370 5424 3786 5484 immutabilem,

2210 5502 2260 5545 et
2329 5492 2721 5545 informabdem
2779 5493 2926 5547 credi
2961 5508 3182 5546 necesse
3230 5501 3335 5555 cst,
3383 5504 3441 5545 ut
3483 5504 3785 5554 ωιυιιιιιιιις

2214 5562 2616 5680 traimslignratio
2658 5571 2839 5615 autem
2886 5562 3232 5631 inter-emptio
3270 5571 3353 5616 est
3386 5563 3621 5631 pristini.
3654 5580 3672 5612 ι
3726 5560 3789 5615 Et

2214 5645 2265 5680 l'C
2292 5645 2435 5680 ΙΙΙΙΙῖΙ.

2210 5645 2435 5693 reliqua.

2280 5699 2392 5765 (Π)
2425 5698 2481 5752 Si
2506 5702 2663 5753 enim.
2697 5699 2733 5751 ΙΙ
2770 5699 2912 5753 Pctt‘.
2948 5717 3005 5765 ll,
3040 5702 3095 5759 4,
3130 5701 3184 5754 5.

2283 5767 2396 5829 HS)
2433 5768 2568 5822 Diei.
2615 5773 2747 5823 Cum
2776 5771 2973 5823 similia
3014 5789 3064 5823 ιιι
3105 5771 3222 5823 loco
3262 5768 3431 5830 Inda},
3472 5784 3629 5837 quem
3664 5782 3783 5821 mox

2215 5840 2424 5902 all'crel,
2472 5839 2738 5907 legantur,
2794 5840 2993 5894 idcirco
3039 5857 3099 5891 ea
3158 5841 3337 5901 verba,
3390 5858 3407 5889 ι
3439 5843 3488 5893 iu
3527 5839 3789 5906 judicium
