  <div class='ocr_page' id='page_1' title='image "/cluster/home/n/w/nwhite01/storage/ocr_20150623/39/mdp.39015010572892/262.png"; bbox 0 0 4114 6424; ppageno 0'>
   <div class='ocr_carea' id='block_1_1' title="bbox 327 410 435 466">
    <p class='ocr_par' dir='ltr' id='par_1_1' title="bbox 327 410 435 466">
     <span class='ocr_line' id='line_1_1' title="bbox 327 410 435 466; baseline -0.028 0"><span class='ocrx_word' id='word_1_1' title='bbox 327 410 435 466; x_wconf 77' lang='grc'><strong>515</strong></span> 
     </span>
    </p>
   </div>
   <div class='ocr_carea' id='block_1_2' title="bbox 1393 396 2566 467">
    <p class='ocr_par' dir='ltr' id='par_1_2' title="bbox 1393 396 2566 467">
     <span class='ocr_line' id='line_1_2' title="bbox 1393 396 2566 467; baseline 0.002 -8"><span class='ocrx_word' id='word_1_2' title='bbox 1393 406 1480 460; x_wconf 84' lang='lat' dir='ltr'><strong>DE</strong></span> <span class='ocrx_word' id='word_1_3' title='bbox 1512 396 1889 459; x_wconf 76' lang='lat' dir='ltr'><strong>TRINITATF.</strong></span> <span class='ocrx_word' id='word_1_4' title='bbox 1927 403 2133 460; x_wconf 79' lang='lat' dir='ltr'><strong>LIBER</strong></span> <span class='ocrx_word' id='word_1_5' title='bbox 2176 406 2566 467; x_wconf 78' lang='lat' dir='ltr'><strong>SECUNDUS.</strong></span> 
     </span>
    </p>
   </div>
   <div class='ocr_carea' id='block_1_3' title="bbox 2286 220 2315 231">
    <p class='ocr_par' dir='ltr' id='par_1_3' title="bbox 2286 220 2315 231">
     <span class='ocr_line' id='line_1_3' title="bbox 2286 220 2315 231; baseline 0 0"><span class='ocrx_word' id='word_1_6' title='bbox 2286 220 2315 231; x_wconf 56' lang='grc' dir='ltr'><strong>ιι.</strong></span> 
     </span>
    </p>
   </div>
   <div class='ocr_carea' id='block_1_4' title="bbox 3492 407 3602 463">
    <p class='ocr_par' dir='ltr' id='par_1_4' title="bbox 3492 407 3602 463">
     <span class='ocr_line' id='line_1_4' title="bbox 3492 407 3602 463; baseline 0 -1"><span class='ocrx_word' id='word_1_7' title='bbox 3492 407 3602 463; x_wconf 72' lang='lat' dir='ltr'><strong>5N</strong></span> 
     </span>
    </p>
   </div>
   <div class='ocr_carea' id='block_1_5' title="bbox 324 517 1914 591">
    <p class='ocr_par' dir='ltr' id='par_1_5' title="bbox 324 517 1908 591">
     <span class='ocr_line' id='line_1_5' title="bbox 324 517 1908 591; baseline -0.006 -13"><span class='ocrx_word' id='word_1_8' title='bbox 324 523 503 585; x_wconf 87' lang='grc' dir='ltr'>κτίσις</span> <span class='ocrx_word' id='word_1_9' title='bbox 526 520 811 575; x_wconf 87' lang='grc' dir='ltr'>ἀλλοίωσιν</span> <span class='ocrx_word' id='word_1_10' title='bbox 840 519 1085 591; x_wconf 77' lang='grc' dir='ltr'>δέχεται·</span> <span class='ocrx_word' id='word_1_11' title='bbox 1120 518 1260 573; x_wconf 85' lang='grc' dir='ltr'><strong>κατά</strong></span> <span class='ocrx_word' id='word_1_12' title='bbox 1294 519 1406 583; x_wconf 74' lang='grc' dir='ltr'>ἕξιν</span> <span class='ocrx_word' id='word_1_13' title='bbox 1432 520 1554 590; x_wconf 86' lang='grc' dir='ltr'>μὲν,</span> <span class='ocrx_word' id='word_1_14' title='bbox 1604 520 1680 583; x_wconf 84' lang='grc' dir='ltr'>ὡς</span> <span class='ocrx_word' id='word_1_15' title='bbox 1706 521 1734 571; x_wconf 88' lang='grc' dir='ltr'>ὁ</span> <span class='ocrx_word' id='word_1_16' title='bbox 1776 517 1908 570; x_wconf 82' lang='grc' dir='ltr'>Ἰού-</span> 
     </span>
    </p>
   </div>
   <div class='ocr_carea' id='block_1_6' title="bbox 2019 517 3596 591">
    <p class='ocr_par' dir='ltr' id='par_1_6' title="bbox 2019 520 3596 591">
     <span class='ocr_line' id='line_1_6' title="bbox 2019 520 3596 591; baseline 0.006 -21"><span class='ocrx_word' id='word_1_17' title='bbox 2019 521 2374 590; x_wconf 76' lang='lat' dir='ltr'><strong>print-ipatum</strong></span> <span class='ocrx_word' id='word_1_18' title='bbox 2421 520 2559 591; x_wconf 73' lang='lat' dir='ltr'><strong>(i9),</strong></span> <span class='ocrx_word' id='word_1_19' title='bbox 2625 521 2718 575; x_wconf 88' lang='lat' dir='ltr'><strong>sed</strong></span> <span class='ocrx_word' id='word_1_20' title='bbox 2770 520 3179 591; x_wconf 83' lang='lat' dir='ltr'><strong>tlereliqtteruut</strong></span> <span class='ocrx_word' id='word_1_21' title='bbox 3232 539 3387 577; x_wconf 91' lang='lat' dir='ltr'><strong>suum</strong></span> <span class='ocrx_word' id='word_1_22' title='bbox 3419 526 3596 580; x_wconf 84' lang='lat' dir='ltr'><strong>domi-</strong></span> 
     </span>
    </p>
   </div>
   <div class='ocr_carea' id='block_1_7' title="bbox 322 608 1912 682">
    <p class='ocr_par' dir='ltr' id='par_1_7' title="bbox 322 608 1912 682">
     <span class='ocr_line' id='line_1_7' title="bbox 322 608 1912 682; baseline -0.004 -15"><span class='ocrx_word' id='word_1_23' title='bbox 322 615 417 678; x_wconf 84' lang='grc' dir='ltr'><strong>δας</strong></span> <span class='ocrx_word' id='word_1_24' title='bbox 443 614 536 666; x_wconf 84' lang='grc' dir='ltr'><strong>τὸν</strong></span> <span class='ocrx_word' id='word_1_25' title='bbox 566 612 837 682; x_wconf 75' lang='grc' dir='ltr'>άγιασμὸν</span> <span class='ocrx_word' id='word_1_26' title='bbox 859 611 1129 675; x_wconf 78' lang='grc' dir='ltr'><strong>ἀπολέσας</strong></span> <span class='ocrx_word' id='word_1_27' title='bbox 1150 625 1163 638; x_wconf 88' lang='grc'><em>’</em></span> <span class='ocrx_word' id='word_1_28' title='bbox 1200 611 1294 664; x_wconf 81' lang='grc' dir='ltr'>καὶ</span> <span class='ocrx_word' id='word_1_29' title='bbox 1322 610 1397 673; x_wconf 82' lang='grc' dir='ltr'>ὡς</span> <span class='ocrx_word' id='word_1_30' title='bbox 1434 608 1645 673; x_wconf 81' lang='grc' dir='ltr'><strong>Παῦλος</strong></span> <span class='ocrx_word' id='word_1_31' title='bbox 1678 611 1912 681; x_wconf 78' lang='grc' dir='ltr'>γράφει·</span> 
     </span>
    </p>
   </div>
   <div class='ocr_carea' id='block_1_8' title="bbox 329 701 1917 774">
    <p class='ocr_par' dir='ltr' id='par_1_8' title="bbox 329 701 1917 774">
     <span class='ocr_line' id='line_1_8' title="bbox 329 701 1917 774; baseline -0.003 -17"><span class='ocrx_word' id='word_1_32' title='bbox 329 726 347 757; x_wconf 79' lang='grc' dir='ltr'><strong>ι</strong></span> <span class='ocrx_word' id='word_1_33' title='bbox 394 707 461 762; x_wconf 75' lang='grc' dir='ltr'>Ἥ</span> <span class='ocrx_word' id='word_1_34' title='bbox 495 704 554 759; x_wconf 82' lang='grc' dir='ltr'>δὲ</span> <span class='ocrx_word' id='word_1_35' title='bbox 585 702 918 757; x_wconf 79' lang='grc' dir='ltr'>σπαταλῶσα</span> <span class='ocrx_word' id='word_1_36' title='bbox 962 704 1126 774; x_wconf 88' lang='grc' dir='ltr'>χήρα,</span> <span class='ocrx_word' id='word_1_37' title='bbox 1160 702 1310 767; x_wconf 79' lang='grc' dir='ltr'>ζῶσα</span> <span class='ocrx_word' id='word_1_38' title='bbox 1348 702 1639 771; x_wconf 79' lang='grc' dir='ltr'>τέθνηκεν’</span> <span class='ocrx_word' id='word_1_39' title='bbox 1674 722 1694 753; x_wconf 79' lang='grc' dir='ltr'><strong>ι</strong></span> <span class='ocrx_word' id='word_1_40' title='bbox 1738 701 1917 753; x_wconf 83' lang='grc' dir='ltr'>καίτοι</span> 
     </span>
    </p>
   </div>
   <div class='ocr_carea' id='block_1_9' title="bbox 324 791 1915 867">
    <p class='ocr_par' dir='ltr' id='par_1_9' title="bbox 324 791 1915 867">
     <span class='ocr_line' id='line_1_9' title="bbox 324 791 1915 867; baseline -0.002 -19"><span class='ocrx_word' id='word_1_41' title='bbox 324 799 439 867; x_wconf 68' lang='grc' dir='ltr'><strong>βὶον</strong></span> <span class='ocrx_word' id='word_1_42' title='bbox 468 796 709 849; x_wconf 85' lang='grc' dir='ltr'>ἀνύουσα</span> <span class='ocrx_word' id='word_1_43' title='bbox 745 794 838 847; x_wconf 81' lang='grc' dir='ltr'><strong>τὸν</strong></span> <span class='ocrx_word' id='word_1_44' title='bbox 880 796 939 847; x_wconf 83' lang='grc' dir='ltr'>ὲν</span> <span class='ocrx_word' id='word_1_45' title='bbox 973 792 1282 865; x_wconf 87' lang='grc' dir='ltr'>ἀνθρώποις</span> <span class='ocrx_word' id='word_1_46' title='bbox 1316 792 1429 846; x_wconf 75' lang='grc' dir='ltr'>ἔτιο</span> <span class='ocrx_word' id='word_1_47' title='bbox 1478 794 1596 846; x_wconf 72' lang='grc' dir='ltr'>κατ’</span> <span class='ocrx_word' id='word_1_48' title='bbox 1619 792 1810 845; x_wconf 78' lang='grc' dir='ltr'>οὐσίαν</span> <span class='ocrx_word' id='word_1_49' title='bbox 1836 791 1915 855; x_wconf 75' lang='grc' dir='ltr'><strong>δὲ,</strong></span> 
     </span>
    </p>
   </div>
   <div class='ocr_carea' id='block_1_10' title="bbox 321 885 1917 958">
    <p class='ocr_par' dir='ltr' id='par_1_10' title="bbox 321 885 1917 958">
     <span class='ocr_line' id='line_1_10' title="bbox 321 885 1917 958; baseline -0.003 -16"><span class='ocrx_word' id='word_1_50' title='bbox 321 890 399 953; x_wconf 83' lang='grc' dir='ltr'><strong>ὡς</strong></span> <span class='ocrx_word' id='word_1_51' title='bbox 427 887 779 958; x_wconf 82' lang='grc' dir='ltr'>ἁπολήγουσα</span> <span class='ocrx_word' id='word_1_52' title='bbox 811 886 910 957; x_wconf 87' lang='grc' dir='ltr'><strong>μὲν</strong></span> <span class='ocrx_word' id='word_1_53' title='bbox 944 886 1181 958; x_wconf 84' lang='grc' dir='ltr'>πρῶτον,</span> <span class='ocrx_word' id='word_1_54' title='bbox 1214 885 1405 939; x_wconf 73' lang='grc' dir='ltr'>ἔπειτα</span> <span class='ocrx_word' id='word_1_55' title='bbox 1447 885 1504 939; x_wconf 84' lang='grc' dir='ltr'>δὲ</span> <span class='ocrx_word' id='word_1_56' title='bbox 1544 885 1917 955; x_wconf 88' lang='grc' dir='ltr'>μεταπίπτου-</span> 
     </span>
    </p>
   </div>
   <div class='ocr_carea' id='block_1_11' title="bbox 325 966 1919 1046">
    <p class='ocr_par' dir='ltr' id='par_1_11' title="bbox 325 966 1919 1046">
     <span class='ocr_line' id='line_1_11' title="bbox 325 966 1919 1046; baseline -0.003 -16"><span class='ocrx_word' id='word_1_57' title='bbox 325 995 395 1030; x_wconf 89' lang='grc' dir='ltr'><strong>σα</strong></span> <span class='ocrx_word' id='word_1_58' title='bbox 423 979 504 1040; x_wconf 84' lang='grc' dir='ltr'><strong>εἰς</strong></span> <span class='ocrx_word' id='word_1_59' title='bbox 534 975 855 1030; x_wconf 84' lang='grc' dir='ltr'>ἀθανασίαν.</span> <span class='ocrx_word' id='word_1_60' title='bbox 890 993 908 1025; x_wconf 83' lang='grc' dir='ltr'><strong>ι</strong></span> <span class='ocrx_word' id='word_1_61' title='bbox 942 977 1033 1027; x_wconf 87' lang='grc' dir='ltr'><strong>Δεῖ</strong></span> <span class='ocrx_word' id='word_1_62' title='bbox 1057 974 1187 1046; x_wconf 75' lang='grc' dir='ltr'>γὰρ,</span> <span class='ocrx_word' id='word_1_63' title='bbox 1221 974 1409 1044; x_wconf 67' lang='grc' dir='ltr'>φησιν,</span> <span class='ocrx_word' id='word_1_64' title='bbox 1436 973 1500 1026; x_wconf 84' lang='grc' dir='ltr'>τὸ</span> <span class='ocrx_word' id='word_1_65' title='bbox 1530 966 1767 1043; x_wconf 74' lang='grc' dir='ltr'>φθαρτὸν</span> <span class='ocrx_word' id='word_1_66' title='bbox 1793 971 1919 1025; x_wconf 87' lang='grc' dir='ltr'>τοῦ-</span> 
     </span>
    </p>
   </div>
   <div class='ocr_carea' id='block_1_12' title="bbox 323 1063 1917 1139">
    <p class='ocr_par' dir='ltr' id='par_1_12' title="bbox 323 1063 1917 1139">
     <span class='ocr_line' id='line_1_12' title="bbox 323 1063 1917 1139; baseline -0.004 -18"><span class='ocrx_word' id='word_1_67' title='bbox 323 1086 386 1121; x_wconf 86' lang='grc' dir='ltr'>το</span> <span class='ocrx_word' id='word_1_68' title='bbox 414 1066 740 1122; x_wconf 78' lang='grc' dir='ltr'>ἐνδύσασθαι</span> <span class='ocrx_word' id='word_1_69' title='bbox 768 1066 1098 1139; x_wconf 80' lang='grc' dir='ltr'>ἀφθαρσίαν,</span> <span class='ocrx_word' id='word_1_70' title='bbox 1132 1066 1226 1120; x_wconf 80' lang='grc' dir='ltr'><strong>καὶ</strong></span> <span class='ocrx_word' id='word_1_71' title='bbox 1261 1065 1323 1118; x_wconf 87' lang='grc' dir='ltr'>τὸ</span> <span class='ocrx_word' id='word_1_72' title='bbox 1353 1064 1549 1135; x_wconf 80' lang='grc' dir='ltr'>θνητὸν</span> <span class='ocrx_word' id='word_1_73' title='bbox 1576 1063 1734 1117; x_wconf 87' lang='grc' dir='ltr'>τοῦτο</span> <span class='ocrx_word' id='word_1_74' title='bbox 1762 1063 1917 1116; x_wconf 80' lang='grc' dir='ltr'>ἐνδύ-</span> 
     </span>
    </p>
   </div>
   <div class='ocr_carea' id='block_1_13' title="bbox 327 1158 1918 1231">
    <p class='ocr_par' dir='ltr' id='par_1_13' title="bbox 327 1158 1918 1231">
     <span class='ocr_line' id='line_1_13' title="bbox 327 1158 1918 1231; baseline -0.001 -19"><span class='ocrx_word' id='word_1_75' title='bbox 327 1158 525 1213; x_wconf 86' lang='grc' dir='ltr'>σασθαι</span> <span class='ocrx_word' id='word_1_76' title='bbox 555 1158 877 1213; x_wconf 84' lang='grc' dir='ltr'>ἀθανασίαν.</span> <span class='ocrx_word' id='word_1_77' title='bbox 917 1177 936 1209; x_wconf 84' lang='grc' dir='ltr'><strong>ι</strong></span> <span class='ocrx_word' id='word_1_78' title='bbox 982 1158 1048 1211; x_wconf 85' lang='grc' dir='ltr'><strong>Ἡ</strong></span> <span class='ocrx_word' id='word_1_79' title='bbox 1070 1158 1129 1211; x_wconf 79' lang='grc' dir='ltr'>δὲ</span> <span class='ocrx_word' id='word_1_80' title='bbox 1165 1158 1240 1229; x_wconf 85' lang='grc' dir='ltr'>μὴ</span> <span class='ocrx_word' id='word_1_81' title='bbox 1267 1158 1460 1229; x_wconf 84' lang='grc' dir='ltr'>λογική</span> <span class='ocrx_word' id='word_1_82' title='bbox 1495 1159 1675 1222; x_wconf 87' lang='grc' dir='ltr'><strong>κτίσις</strong></span> <span class='ocrx_word' id='word_1_83' title='bbox 1706 1159 1918 1231; x_wconf 86' lang='grc' dir='ltr'>τροπὴν</span> 
     </span>
    </p>
   </div>
   <div class='ocr_carea' id='block_1_14' title="bbox 327 1247 1918 1321">
    <p class='ocr_par' dir='ltr' id='par_1_14' title="bbox 327 1247 1918 1321">
     <span class='ocr_line' id='line_1_14' title="bbox 327 1247 1918 1321; baseline -0.001 -17"><span class='ocrx_word' id='word_1_84' title='bbox 327 1250 614 1321; x_wconf 80' lang='grc' dir='ltr'>ὑπομένει,</span> <span class='ocrx_word' id='word_1_85' title='bbox 663 1252 760 1303; x_wconf 73' lang='grc' dir='ltr'><strong>καὶ</strong></span> <span class='ocrx_word' id='word_1_86' title='bbox 806 1249 1156 1318; x_wconf 82' lang='grc' dir='ltr'>ἀπογίνεται’</span> <span class='ocrx_word' id='word_1_87' title='bbox 1187 1249 1262 1312; x_wconf 85' lang='grc' dir='ltr'><strong>ὡς</strong></span> <span class='ocrx_word' id='word_1_88' title='bbox 1307 1249 1469 1321; x_wconf 78' lang='grc' dir='ltr'>ἡνίκα</span> <span class='ocrx_word' id='word_1_89' title='bbox 1502 1247 1598 1304; x_wconf 88' lang='grc' dir='ltr'><strong>τοῦ</strong></span> <span class='ocrx_word' id='word_1_90' title='bbox 1629 1250 1809 1318; x_wconf 84' lang='grc' dir='ltr'>φωτὸς</span> <span class='ocrx_word' id='word_1_91' title='bbox 1836 1251 1918 1313; x_wconf 86' lang='grc' dir='ltr'>εἰς</span> 
     </span>
    </p>
   </div>
   <div class='ocr_carea' id='block_1_15' title="bbox 327 1340 1921 1413">
    <p class='ocr_par' dir='ltr' id='par_1_15' title="bbox 327 1340 1921 1413">
     <span class='ocr_line' id='line_1_15' title="bbox 327 1340 1921 1413; baseline -0.001 -16"><span class='ocrx_word' id='word_1_92' title='bbox 327 1344 540 1407; x_wconf 78' lang='grc' dir='ltr'><strong>σκότος,</strong></span> <span class='ocrx_word' id='word_1_93' title='bbox 572 1344 667 1395; x_wconf 82' lang='grc' dir='ltr'>καὶ</span> <span class='ocrx_word' id='word_1_94' title='bbox 691 1342 785 1396; x_wconf 87' lang='grc' dir='ltr'><strong>τοῦ</strong></span> <span class='ocrx_word' id='word_1_95' title='bbox 816 1340 1008 1404; x_wconf 82' lang='grc' dir='ltr'>ὓδατος</span> <span class='ocrx_word' id='word_1_96' title='bbox 1030 1343 1111 1404; x_wconf 80' lang='grc' dir='ltr'>εἰς</span> <span class='ocrx_word' id='word_1_97' title='bbox 1135 1342 1273 1411; x_wconf 80' lang='grc' dir='ltr'>αἷμα</span> <span class='ocrx_word' id='word_1_98' title='bbox 1308 1340 1763 1413; x_wconf 75' lang='grc' dir='ltr'><strong>μεταπίπτοντος,</strong></span> <span class='ocrx_word' id='word_1_99' title='bbox 1791 1358 1921 1413; x_wconf 88' lang='grc' dir='ltr'>προ-</span> 
     </span>
    </p>
   </div>
   <div class='ocr_carea' id='block_1_16' title="bbox 325 1432 1920 1506">
    <p class='ocr_par' dir='ltr' id='par_1_16' title="bbox 325 1432 1920 1506">
     <span class='ocr_line' id='line_1_16' title="bbox 325 1432 1920 1506; baseline -0.003 -17"><span class='ocrx_word' id='word_1_100' title='bbox 325 1434 653 1505; x_wconf 63' lang='grc' dir='ltr'>εφητεύετω</span> <span class='ocrx_word' id='word_1_101' title='bbox 688 1453 706 1485; x_wconf 73' lang='grc' dir='ltr'><strong>ι</strong></span> <span class='ocrx_word' id='word_1_102' title='bbox 744 1432 891 1504; x_wconf 79' lang='grc' dir='ltr'>Αὕτη</span> <span class='ocrx_word' id='word_1_103' title='bbox 931 1436 963 1506; x_wconf 78' lang='grc' dir='ltr'><strong>ἡ</strong></span> <span class='ocrx_word' id='word_1_104' title='bbox 992 1433 1278 1497; x_wconf 79' lang='grc' dir='ltr'><strong>ἀλλοίωσις</strong></span> <span class='ocrx_word' id='word_1_105' title='bbox 1298 1436 1400 1505; x_wconf 85' lang='grc' dir='ltr'>τῆς</span> <span class='ocrx_word' id='word_1_106' title='bbox 1431 1432 1613 1498; x_wconf 81' lang='grc' dir='ltr'>δεξιᾶς</span> <span class='ocrx_word' id='word_1_107' title='bbox 1636 1433 1732 1487; x_wconf 89' lang='grc' dir='ltr'><strong>τοῦ</strong></span> <span class='ocrx_word' id='word_1_108' title='bbox 1769 1434 1920 1504; x_wconf 77' lang='grc' dir='ltr'><strong>’Υψίο</strong></span> 
     </span>
    </p>
   </div>
   <div class='ocr_carea' id='block_1_17' title="bbox 327 1524 1915 1596">
    <p class='ocr_par' dir='ltr' id='par_1_17' title="bbox 327 1524 1915 1596">
     <span class='ocr_line' id='line_1_17' title="bbox 327 1524 1915 1596; baseline 0.002 -18"><span class='ocrx_word' id='word_1_109' title='bbox 327 1544 452 1580; x_wconf 84' lang='grc' dir='ltr'>στου</span> <span class='ocrx_word' id='word_1_110' title='bbox 479 1543 493 1557; x_wconf 89' lang='grc'><strong>·</strong></span> <span class='ocrx_word' id='word_1_111' title='bbox 531 1545 548 1577; x_wconf 88' lang='grc' dir='ltr'><strong>ι</strong></span> <span class='ocrx_word' id='word_1_112' title='bbox 576 1526 669 1578; x_wconf 73' lang='grc' dir='ltr'><strong>καὶ</strong></span> <span class='ocrx_word' id='word_1_113' title='bbox 685 1524 917 1594; x_wconf 78' lang='grc' dir='ltr'>ἀλλαχοῦ</span> <span class='ocrx_word' id='word_1_114' title='bbox 938 1542 951 1556; x_wconf 70' lang='grc'><strong><em>⁸</em></strong></span> <span class='ocrx_word' id='word_1_115' title='bbox 985 1546 1003 1578; x_wconf 80' lang='grc' dir='ltr'><strong>ι</strong></span> <span class='ocrx_word' id='word_1_116' title='bbox 1045 1526 1105 1578; x_wconf 85' lang='lat'><strong>&#39;0</strong></span> <span class='ocrx_word' id='word_1_117' title='bbox 1139 1525 1389 1596; x_wconf 78' lang='grc' dir='ltr'>οὐρανὸς,</span> <span class='ocrx_word' id='word_1_118' title='bbox 1427 1526 1614 1595; x_wconf 69' lang='grc' dir='ltr'>φησιν,</span> <span class='ocrx_word' id='word_1_119' title='bbox 1646 1526 1741 1579; x_wconf 77' lang='grc' dir='ltr'><strong>καὶ</strong></span> <span class='ocrx_word' id='word_1_120' title='bbox 1772 1527 1806 1596; x_wconf 81' lang='grc' dir='ltr'>ἡ</span> <span class='ocrx_word' id='word_1_121' title='bbox 1845 1526 1915 1596; x_wconf 85' lang='grc' dir='ltr'>γῆ</span> 
     </span>
    </p>
   </div>
   <div class='ocr_carea' id='block_1_18' title="bbox 325 1616 1918 1689">
    <p class='ocr_par' dir='ltr' id='par_1_18' title="bbox 325 1616 1918 1689">
     <span class='ocr_line' id='line_1_18' title="bbox 325 1616 1918 1689; baseline -0.001 -18"><span class='ocrx_word' id='word_1_122' title='bbox 325 1616 777 1689; x_wconf 78' lang='grc' dir='ltr'>παρελεύσεται.»</span> <span class='ocrx_word' id='word_1_123' title='bbox 811 1616 1199 1689; x_wconf 88' lang='grc' dir='ltr'>Προεφητεύθη</span> <span class='ocrx_word' id='word_1_124' title='bbox 1234 1617 1364 1689; x_wconf 84' lang='grc' dir='ltr'><strong>γάρ,</strong></span> <span class='ocrx_word' id='word_1_125' title='bbox 1396 1618 1471 1682; x_wconf 82' lang='grc' dir='ltr'>ὡς</span> <span class='ocrx_word' id='word_1_126' title='bbox 1494 1617 1708 1671; x_wconf 78' lang='grc' dir='ltr'>ἔσονται</span> <span class='ocrx_word' id='word_1_127' title='bbox 1739 1618 1918 1671; x_wconf 77' lang='grc' dir='ltr'>καινοὶ</span> 
     </span>
    </p>
   </div>
   <div class='ocr_carea' id='block_1_19' title="bbox 324 1709 1919 1782">
    <p class='ocr_par' dir='ltr' id='par_1_19' title="bbox 324 1709 1919 1782">
     <span class='ocr_line' id='line_1_19' title="bbox 324 1709 1919 1782; baseline -0.001 -18"><span class='ocrx_word' id='word_1_128' title='bbox 324 1711 565 1782; x_wconf 75' lang='grc' dir='ltr'>οὐρανοὶ,</span> <span class='ocrx_word' id='word_1_129' title='bbox 590 1710 684 1762; x_wconf 73' lang='grc' dir='ltr'><strong>καὶ</strong></span> <span class='ocrx_word' id='word_1_130' title='bbox 710 1710 871 1781; x_wconf 83' lang='grc' dir='ltr'>καινὴ</span> <span class='ocrx_word' id='word_1_131' title='bbox 901 1710 997 1780; x_wconf 86' lang='grc' dir='ltr'><strong>γῆ.</strong></span> <span class='ocrx_word' id='word_1_132' title='bbox 1025 1711 1134 1763; x_wconf 77' lang='grc' dir='ltr'><strong>Καὶ</strong></span> <span class='ocrx_word' id='word_1_133' title='bbox 1159 1709 1269 1782; x_wconf 81' lang='grc' dir='ltr'><strong>γὰρ</strong></span> <span class='ocrx_word' id='word_1_134' title='bbox 1298 1710 1516 1780; x_wconf 84' lang='grc' dir='ltr'>ἀληθῶς</span> <span class='ocrx_word' id='word_1_135' title='bbox 1543 1712 1652 1763; x_wconf 79' lang='grc' dir='ltr'>πᾶν</span> <span class='ocrx_word' id='word_1_136' title='bbox 1680 1711 1741 1763; x_wconf 87' lang='grc' dir='ltr'><strong>τὸ</strong></span> <span class='ocrx_word' id='word_1_137' title='bbox 1764 1710 1919 1777; x_wconf 77' lang='grc' dir='ltr'>δεξά-</span> 
     </span>
    </p>
   </div>
   <div class='ocr_carea' id='block_1_20' title="bbox 329 1799 1915 1874">
    <p class='ocr_par' dir='ltr' id='par_1_20' title="bbox 329 1799 1915 1874">
     <span class='ocr_line' id='line_1_20' title="bbox 329 1799 1915 1874; baseline -0.001 -19"><span class='ocrx_word' id='word_1_138' title='bbox 329 1819 487 1873; x_wconf 86' lang='grc' dir='ltr'>μενον</span> <span class='ocrx_word' id='word_1_139' title='bbox 535 1801 730 1874; x_wconf 86' lang='grc' dir='ltr'>ἀρχὴν,</span> <span class='ocrx_word' id='word_1_140' title='bbox 782 1801 891 1865; x_wconf 78' lang='grc' dir='ltr'>ἓξει</span> <span class='ocrx_word' id='word_1_141' title='bbox 928 1801 1022 1854; x_wconf 80' lang='grc' dir='ltr'><strong>καὶ</strong></span> <span class='ocrx_word' id='word_1_142' title='bbox 1079 1801 1250 1864; x_wconf 83' lang='grc' dir='ltr'>τέλος.</span> <span class='ocrx_word' id='word_1_143' title='bbox 1297 1801 1372 1853; x_wconf 83' lang='grc' dir='ltr'><strong>Τὸ</strong></span> <span class='ocrx_word' id='word_1_144' title='bbox 1417 1801 1475 1854; x_wconf 79' lang='grc' dir='ltr'><strong>δὲ</strong></span> <span class='ocrx_word' id='word_1_145' title='bbox 1533 1800 1687 1870; x_wconf 75' lang='grc' dir='ltr'>ἅγιον</span> <span class='ocrx_word' id='word_1_146' title='bbox 1723 1800 1823 1874; x_wconf 81' lang='lat'><strong>[67</strong></span> <span class='ocrx_word' id='word_1_147' title='bbox 1852 1799 1915 1873; x_wconf 91' lang='lat' dir='ltr'><strong>b]</strong></span> 
     </span>
    </p>
   </div>
   <div class='ocr_carea' id='block_1_21' title="bbox 2023 612 3597 683">
    <p class='ocr_par' dir='ltr' id='par_1_21' title="bbox 2023 612 3597 683">
     <span class='ocr_line' id='line_1_21' title="bbox 2023 612 3597 683; baseline 0.003 -18"><span class='ocrx_word' id='word_1_148' title='bbox 2023 613 2227 679; x_wconf 84' lang='lat' dir='ltr'><strong>cilium,</strong></span> <span class='ocrx_word' id='word_1_149' title='bbox 2284 615 2516 667; x_wconf 73' lang='lat' dir='ltr'><strong>vinculis</strong></span> <span class='ocrx_word' id='word_1_150' title='bbox 2574 613 2792 667; x_wconf 70' lang='lat' dir='ltr'><strong>aeternis</strong></span> <span class='ocrx_word' id='word_1_151' title='bbox 2822 612 2922 665; x_wconf 90' lang='lat' dir='ltr'><strong>sub</strong></span> <span class='ocrx_word' id='word_1_152' title='bbox 2959 614 3190 683; x_wconf 84' lang='lat' dir='ltr'><strong>caligine</strong></span> <span class='ocrx_word' id='word_1_153' title='bbox 3246 619 3597 671; x_wconf 65' lang='lat' dir='ltr'><strong>reservavit.»</strong></span> 
     </span>
    </p>
   </div>
   <div class='ocr_carea' id='block_1_22' title="bbox 2027 703 3601 771">
    <p class='ocr_par' dir='ltr' id='par_1_22' title="bbox 2027 703 3601 771">
     <span class='ocr_line' id='line_1_22' title="bbox 2027 703 3601 771; baseline 0.001 -12"><span class='ocrx_word' id='word_1_154' title='bbox 2027 703 2287 759; x_wconf 86' lang='lat' dir='ltr'><strong>Creatnra</strong></span> <span class='ocrx_word' id='word_1_155' title='bbox 2318 720 2445 758; x_wconf 80' lang='lat' dir='ltr'><strong>vero</strong></span> <span class='ocrx_word' id='word_1_156' title='bbox 2478 719 2596 771; x_wconf 72' lang='grc' dir='ltr'>ιμιίε</span> <span class='ocrx_word' id='word_1_157' title='bbox 2624 717 2881 771; x_wconf 87' lang='lat' dir='ltr'><strong>corporea</strong></span> <span class='ocrx_word' id='word_1_158' title='bbox 2913 704 3070 756; x_wconf 85' lang='lat' dir='ltr'><strong>simul</strong></span> <span class='ocrx_word' id='word_1_159' title='bbox 3125 714 3178 757; x_wconf 91' lang='lat' dir='ltr'><strong>et</strong></span> <span class='ocrx_word' id='word_1_160' title='bbox 3214 707 3493 760; x_wconf 81' lang='lat' dir='ltr'><strong>rationalis</strong></span> <span class='ocrx_word' id='word_1_161' title='bbox 3510 709 3601 770; x_wconf 73' lang='lat' dir='ltr'><strong>sit.</strong></span> 
     </span>
    </p>
   </div>
   <div class='ocr_carea' id='block_1_23' title="bbox 2023 795 3594 866">
    <p class='ocr_par' dir='ltr' id='par_1_23' title="bbox 2023 795 3594 866">
     <span class='ocr_line' id='line_1_23' title="bbox 2023 795 3594 866; baseline 0.001 -17"><span class='ocrx_word' id='word_1_162' title='bbox 2023 795 2370 849; x_wconf 88' lang='lat' dir='ltr'><strong>mutationem</strong></span> <span class='ocrx_word' id='word_1_163' title='bbox 2405 796 2587 850; x_wconf 89' lang='lat' dir='ltr'><strong>subire</strong></span> <span class='ocrx_word' id='word_1_164' title='bbox 2607 804 2817 864; x_wconf 77' lang='lat' dir='ltr'><strong>potest:</strong></span> <span class='ocrx_word' id='word_1_165' title='bbox 2851 795 3026 863; x_wconf 80' lang='lat' dir='ltr'><strong>quoad</strong></span> <span class='ocrx_word' id='word_1_166' title='bbox 3075 795 3316 848; x_wconf 88' lang='lat' dir='ltr'><strong>habitum</strong></span> <span class='ocrx_word' id='word_1_167' title='bbox 3347 798 3594 866; x_wconf 79' lang='lat' dir='ltr'><strong>quidem.</strong></span> 
     </span>
    </p>
   </div>
   <div class='ocr_carea' id='block_1_24' title="bbox 2026 884 3602 954">
    <p class='ocr_par' dir='ltr' id='par_1_24' title="bbox 2026 884 3602 954">
     <span class='ocr_line' id='line_1_24' title="bbox 2026 884 3602 954; baseline -0.001 -16"><span class='ocrx_word' id='word_1_168' title='bbox 2026 894 2083 938; x_wconf 92' lang='lat' dir='ltr'><strong>ut</strong></span> <span class='ocrx_word' id='word_1_169' title='bbox 2112 884 2280 941; x_wconf 77' lang='lat' dir='ltr'><strong>ludas</strong></span> <span class='ocrx_word' id='word_1_170' title='bbox 2306 886 2394 954; x_wconf 88' lang='lat' dir='ltr'><strong>qui</strong></span> <span class='ocrx_word' id='word_1_171' title='bbox 2432 886 2923 941; x_wconf 88' lang='lat' dir='ltr'><strong>sanctilicationetn</strong></span> <span class='ocrx_word' id='word_1_172' title='bbox 2949 885 3133 937; x_wconf 86' lang='lat' dir='ltr'><strong>amisit</strong></span> <span class='ocrx_word' id='word_1_173' title='bbox 3162 896 3215 939; x_wconf 87' lang='lat' dir='ltr'><strong>et</strong></span> <span class='ocrx_word' id='word_1_174' title='bbox 3247 886 3602 940; x_wconf 76' lang='lat' dir='ltr'><strong>sicutPanlm</strong></span> 
     </span>
    </p>
   </div>
   <div class='ocr_carea' id='block_1_25' title="bbox 2021 976 3602 1047">
    <p class='ocr_par' dir='ltr' id='par_1_25' title="bbox 2021 976 3602 1047">
     <span class='ocr_line' id='line_1_25' title="bbox 2021 976 3602 1047; baseline -0.002 -16"><span class='ocrx_word' id='word_1_175' title='bbox 2021 976 2213 1031; x_wconf 87' lang='lat' dir='ltr'><strong>scribit</strong></span> <span class='ocrx_word' id='word_1_176' title='bbox 2239 976 2355 1047; x_wconf 78' lang='lat'><strong>(50)</strong></span> <span class='ocrx_word' id='word_1_177' title='bbox 2389 995 2402 1031; x_wconf 74' lang='grc' dir='ltr'><strong>ε</strong></span> <span class='ocrx_word' id='word_1_178' title='bbox 2440 996 2458 1028; x_wconf 79' lang='grc' dir='ltr'><strong>ι</strong></span> <span class='ocrx_word' id='word_1_179' title='bbox 2485 978 2613 1044; x_wconf 67' lang='lat' dir='ltr'><strong>Quae</strong></span> <span class='ocrx_word' id='word_1_180' title='bbox 2646 986 2825 1031; x_wconf 90' lang='lat' dir='ltr'><strong>autem</strong></span> <span class='ocrx_word' id='word_1_181' title='bbox 2858 977 2909 1029; x_wconf 93' lang='lat' dir='ltr'><strong>in</strong></span> <span class='ocrx_word' id='word_1_182' title='bbox 2952 976 3160 1029; x_wconf 79' lang='lat' dir='ltr'><strong>deliciis</strong></span> <span class='ocrx_word' id='word_1_183' title='bbox 3190 985 3273 1029; x_wconf 88' lang='lat' dir='ltr'><strong>est</strong></span> <span class='ocrx_word' id='word_1_184' title='bbox 3311 977 3493 1040; x_wconf 87' lang='lat' dir='ltr'><strong>vidua,</strong></span> <span class='ocrx_word' id='word_1_185' title='bbox 3525 980 3602 1028; x_wconf 73' lang='lat' dir='ltr'><strong>ri-</strong></span> 
     </span>
    </p>
   </div>
   <div class='ocr_carea' id='block_1_26' title="bbox 2021 1066 3603 1138">
    <p class='ocr_par' dir='ltr' id='par_1_26' title="bbox 2021 1066 3603 1138">
     <span class='ocr_line' id='line_1_26' title="bbox 2021 1066 3603 1138; baseline -0.001 -16"><span class='ocrx_word' id='word_1_186' title='bbox 2021 1084 2157 1123; x_wconf 63' lang='lat' dir='ltr'><strong>Vens</strong></span> <span class='ocrx_word' id='word_1_187' title='bbox 2189 1083 2395 1123; x_wconf 92' lang='lat' dir='ltr'><strong>mortua</strong></span> <span class='ocrx_word' id='word_1_188' title='bbox 2430 1080 2568 1132; x_wconf 70' lang='lat' dir='ltr'><strong>est.)</strong></span> <span class='ocrx_word' id='word_1_189' title='bbox 2600 1068 2849 1138; x_wconf 79' lang='lat' dir='ltr'><strong>quamvis</strong></span> <span class='ocrx_word' id='word_1_190' title='bbox 2875 1082 2936 1120; x_wconf 89' lang='lat' dir='ltr'><strong>ea</strong></span> <span class='ocrx_word' id='word_1_191' title='bbox 2978 1066 3121 1121; x_wconf 86' lang='lat' dir='ltr'><strong>inter</strong></span> <span class='ocrx_word' id='word_1_192' title='bbox 3155 1068 3400 1122; x_wconf 81' lang='lat' dir='ltr'><strong>homines</strong></span> <span class='ocrx_word' id='word_1_193' title='bbox 3424 1069 3603 1121; x_wconf 88' lang='lat' dir='ltr'><strong>adhuc</strong></span> 
     </span>
    </p>
   </div>
   <div class='ocr_carea' id='block_1_27' title="bbox 2022 1159 3598 1231">
    <p class='ocr_par' dir='ltr' id='par_1_27' title="bbox 2022 1159 3598 1231">
     <span class='ocr_line' id='line_1_27' title="bbox 2022 1159 3598 1231; baseline -0.001 -17"><span class='ocrx_word' id='word_1_194' title='bbox 2022 1162 2186 1215; x_wconf 81' lang='lat' dir='ltr'><strong>vitam</strong></span> <span class='ocrx_word' id='word_1_195' title='bbox 2218 1174 2377 1230; x_wconf 79' lang='lat' dir='ltr'><strong>agat;</strong></span> <span class='ocrx_word' id='word_1_196' title='bbox 2407 1163 2584 1231; x_wconf 84' lang='lat' dir='ltr'><strong>quoad</strong></span> <span class='ocrx_word' id='word_1_197' title='bbox 2626 1159 2991 1215; x_wconf 88' lang='lat' dir='ltr'><strong>substantiam</strong></span> <span class='ocrx_word' id='word_1_198' title='bbox 3016 1173 3164 1224; x_wconf 83' lang='lat' dir='ltr'><strong>vero,</strong></span> <span class='ocrx_word' id='word_1_199' title='bbox 3190 1170 3457 1229; x_wconf 79' lang='lat' dir='ltr'><strong>quatenus</strong></span> <span class='ocrx_word' id='word_1_200' title='bbox 3487 1161 3598 1228; x_wconf 62' lang='lat' dir='ltr'><strong>prio</strong></span> 
     </span>
    </p>
   </div>
   <div class='ocr_carea' id='block_1_28' title="bbox 2023 1251 3602 1321">
    <p class='ocr_par' dir='ltr' id='par_1_28' title="bbox 2023 1251 3602 1321">
     <span class='ocr_line' id='line_1_28' title="bbox 2023 1251 3602 1321; baseline -0.001 -15"><span class='ocrx_word' id='word_1_201' title='bbox 2023 1268 2171 1306; x_wconf 90' lang='lat' dir='ltr'><strong>mum</strong></span> <span class='ocrx_word' id='word_1_202' title='bbox 2229 1252 2450 1321; x_wconf 91' lang='lat' dir='ltr'><strong>quidem</strong></span> <span class='ocrx_word' id='word_1_203' title='bbox 2494 1252 2743 1318; x_wconf 88' lang='lat' dir='ltr'><strong>moritur,</strong></span> <span class='ocrx_word' id='word_1_204' title='bbox 2792 1253 2991 1308; x_wconf 85' lang='lat' dir='ltr'><strong>deinde</strong></span> <span class='ocrx_word' id='word_1_205' title='bbox 3032 1253 3098 1306; x_wconf 87' lang='lat' dir='ltr'><strong>ad</strong></span> <span class='ocrx_word' id='word_1_206' title='bbox 3140 1251 3602 1306; x_wconf 83' lang='lat' dir='ltr'><strong>immortalitatem</strong></span> 
     </span>
    </p>
   </div>
   <div class='ocr_carea' id='block_1_29' title="bbox 2021 1340 3585 1416">
    <p class='ocr_par' dir='ltr' id='par_1_29' title="bbox 2021 1340 3585 1416">
     <span class='ocr_line' id='line_1_29' title="bbox 2021 1340 3585 1416; baseline -0.001 -19"><span class='ocrx_word' id='word_1_207' title='bbox 2021 1345 2240 1397; x_wconf 86' lang='lat' dir='ltr'><strong>transit.</strong></span> <span class='ocrx_word' id='word_1_208' title='bbox 2275 1363 2293 1395; x_wconf 80' lang='grc' dir='ltr'><strong>ι</strong></span> <span class='ocrx_word' id='word_1_209' title='bbox 2324 1343 2549 1412; x_wconf 86' lang='lat' dir='ltr'><strong>Oportet</strong></span> <span class='ocrx_word' id='word_1_210' title='bbox 2596 1344 2795 1407; x_wconf 65' lang='lat' dir='ltr'><strong>enim,»</strong></span> <span class='ocrx_word' id='word_1_211' title='bbox 2833 1346 3005 1414; x_wconf 85' lang='lat' dir='ltr'><strong>inquit</strong></span> <span class='ocrx_word' id='word_1_212' title='bbox 3034 1340 3281 1416; x_wconf 82' lang='lat' dir='ltr'><strong>[Paulus]</strong></span> <span class='ocrx_word' id='word_1_213' title='bbox 3309 1342 3458 1415; x_wconf 68' lang='grc'><strong>(51)(</strong></span> <span class='ocrx_word' id='word_1_214' title='bbox 3481 1357 3585 1395; x_wconf 63' lang='lat' dir='ltr'><strong>cor.</strong></span> 
     </span>
    </p>
   </div>
   <div class='ocr_carea' id='block_1_30' title="bbox 2022 1434 3603 1506">
    <p class='ocr_par' dir='ltr' id='par_1_30' title="bbox 2022 1434 3603 1506">
     <span class='ocr_line' id='line_1_30' title="bbox 2022 1434 3603 1506; baseline 0 -18"><span class='ocrx_word' id='word_1_215' title='bbox 2022 1435 2274 1504; x_wconf 86' lang='lat' dir='ltr'><strong>ruptibile</strong></span> <span class='ocrx_word' id='word_1_216' title='bbox 2309 1436 2411 1489; x_wconf 89' lang='lat' dir='ltr'><strong>hoc</strong></span> <span class='ocrx_word' id='word_1_217' title='bbox 2468 1436 2693 1489; x_wconf 89' lang='lat' dir='ltr'><strong>induere</strong></span> <span class='ocrx_word' id='word_1_218' title='bbox 2749 1436 3205 1506; x_wconf 85' lang='lat' dir='ltr'><strong>incorruptionem</strong></span> <span class='ocrx_word' id='word_1_219' title='bbox 3260 1446 3314 1490; x_wconf 90' lang='grc' dir='ltr'><strong>ει</strong></span> <span class='ocrx_word' id='word_1_220' title='bbox 3377 1434 3603 1489; x_wconf 78' lang='lat' dir='ltr'><strong>mortale</strong></span> 
     </span>
    </p>
   </div>
   <div class='ocr_carea' id='block_1_31' title="bbox 2021 1521 3603 1579">
    <p class='ocr_par' dir='ltr' id='par_1_31' title="bbox 2021 1521 3603 1579">
     <span class='ocr_line' id='line_1_31' title="bbox 2021 1521 3603 1579; baseline 0 -3"><span class='ocrx_word' id='word_1_221' title='bbox 2021 1523 2124 1577; x_wconf 90' lang='lat' dir='ltr'><strong>hoc</strong></span> <span class='ocrx_word' id='word_1_222' title='bbox 2158 1523 2379 1577; x_wconf 89' lang='lat' dir='ltr'><strong>induere</strong></span> <span class='ocrx_word' id='word_1_223' title='bbox 2420 1521 2908 1578; x_wconf 82' lang='lat' dir='ltr'><strong>immortalitatem.</strong></span> <span class='ocrx_word' id='word_1_224' title='bbox 2941 1544 2959 1575; x_wconf 87' lang='grc' dir='ltr'><strong>ι</strong></span> <span class='ocrx_word' id='word_1_225' title='bbox 3003 1524 3264 1579; x_wconf 87' lang='lat' dir='ltr'><strong>Creatura</strong></span> <span class='ocrx_word' id='word_1_226' title='bbox 3302 1534 3481 1579; x_wconf 87' lang='lat' dir='ltr'><strong>autem</strong></span> <span class='ocrx_word' id='word_1_227' title='bbox 3516 1539 3603 1576; x_wconf 85' lang='lat' dir='ltr'><strong>ra-</strong></span> 
     </span>
    </p>
   </div>
   <div class='ocr_carea' id='block_1_32' title="bbox 2023 1614 3598 1684">
    <p class='ocr_par' dir='ltr' id='par_1_32' title="bbox 2023 1614 3598 1684">
     <span class='ocr_line' id='line_1_32' title="bbox 2023 1614 3598 1684; baseline -0.001 -15"><span class='ocrx_word' id='word_1_228' title='bbox 2023 1615 2167 1670; x_wconf 85' lang='lat' dir='ltr'><strong>tione</strong></span> <span class='ocrx_word' id='word_1_229' title='bbox 2191 1614 2448 1670; x_wconf 90' lang='lat' dir='ltr'><strong>destituta</strong></span> <span class='ocrx_word' id='word_1_230' title='bbox 2487 1616 2773 1670; x_wconf 85' lang='lat' dir='ltr'><strong>mutationi</strong></span> <span class='ocrx_word' id='word_1_231' title='bbox 2796 1616 3085 1684; x_wconf 83' lang='lat' dir='ltr'><strong>subjicitur</strong></span> <span class='ocrx_word' id='word_1_232' title='bbox 3113 1626 3168 1670; x_wconf 92' lang='lat' dir='ltr'><strong>ct</strong></span> <span class='ocrx_word' id='word_1_233' title='bbox 3201 1616 3598 1684; x_wconf 76' lang='lat' dir='ltr'><strong>corrumpitur:</strong></span> 
     </span>
    </p>
   </div>
   <div class='ocr_carea' id='block_1_33' title="bbox 2020 1706 3603 1781">
    <p class='ocr_par' dir='ltr' id='par_1_33' title="bbox 2020 1706 3603 1781">
     <span class='ocr_line' id='line_1_33' title="bbox 2020 1706 3603 1781; baseline 0 -20"><span class='ocrx_word' id='word_1_234' title='bbox 2020 1716 2079 1761; x_wconf 91' lang='lat' dir='ltr'><strong>ut</strong></span> <span class='ocrx_word' id='word_1_235' title='bbox 2103 1706 2324 1776; x_wconf 87' lang='lat' dir='ltr'><strong>quando</strong></span> <span class='ocrx_word' id='word_1_236' title='bbox 2350 1707 2473 1763; x_wconf 90' lang='lat' dir='ltr'><strong>luce</strong></span> <span class='ocrx_word' id='word_1_237' title='bbox 2504 1707 2557 1762; x_wconf 93' lang='lat' dir='ltr'><strong>in</strong></span> <span class='ocrx_word' id='word_1_238' title='bbox 2585 1708 2858 1781; x_wconf 79' lang='lat' dir='ltr'><strong>tenebras,</strong></span> <span class='ocrx_word' id='word_1_239' title='bbox 2914 1717 2967 1762; x_wconf 87' lang='lat' dir='ltr'><strong>et</strong></span> <span class='ocrx_word' id='word_1_240' title='bbox 3002 1723 3141 1777; x_wconf 88' lang='lat' dir='ltr'><strong>aqua</strong></span> <span class='ocrx_word' id='word_1_241' title='bbox 3185 1709 3237 1761; x_wconf 92' lang='lat' dir='ltr'><strong>in</strong></span> <span class='ocrx_word' id='word_1_242' title='bbox 3283 1708 3603 1773; x_wconf 72' lang='lat' dir='ltr'><strong>sanguinem</strong></span> 
     </span>
    </p>
   </div>
   <div class='ocr_carea' id='block_1_34' title="bbox 2019 1794 3602 1865">
    <p class='ocr_par' dir='ltr' id='par_1_34' title="bbox 2019 1794 3602 1865">
     <span class='ocr_line' id='line_1_34' title="bbox 2019 1794 3602 1865; baseline -0.002 -15"><span class='ocrx_word' id='word_1_243' title='bbox 2019 1809 2309 1861; x_wconf 83' lang='lat' dir='ltr'><strong>conversa,</strong></span> <span class='ocrx_word' id='word_1_244' title='bbox 2335 1795 2543 1851; x_wconf 90' lang='lat' dir='ltr'><strong>dictum</strong></span> <span class='ocrx_word' id='word_1_245' title='bbox 2573 1806 2654 1851; x_wconf 89' lang='lat' dir='ltr'><strong>est</strong></span> <span class='ocrx_word' id='word_1_246' title='bbox 2691 1810 2720 1849; x_wconf 92' lang='lat' dir='ltr'><strong>a</strong></span> <span class='ocrx_word' id='word_1_247' title='bbox 2754 1795 3021 1865; x_wconf 86' lang='lat' dir='ltr'><strong>Propheta</strong></span> <span class='ocrx_word' id='word_1_248' title='bbox 3052 1814 3065 1850; x_wconf 90' lang='lat'><strong>:</strong></span> <span class='ocrx_word' id='word_1_249' title='bbox 3125 1814 3144 1847; x_wconf 81' lang='grc' dir='ltr'><strong>ι</strong></span> <span class='ocrx_word' id='word_1_250' title='bbox 3193 1795 3316 1850; x_wconf 69' lang='lat' dir='ltr'><strong>llaec</strong></span> <span class='ocrx_word' id='word_1_251' title='bbox 3343 1794 3454 1864; x_wconf 74' lang='lat'><strong>(5&#39;2)</strong></span> <span class='ocrx_word' id='word_1_252' title='bbox 3486 1811 3602 1848; x_wconf 80' lang='lat' dir='ltr'><strong>mu-</strong></span> 
     </span>
    </p>
   </div>
   <div class='ocr_carea' id='block_1_35' title="bbox 329 1880 1914 1965">
    <p class='ocr_par' dir='ltr' id='par_1_35' title="bbox 329 1894 1914 1965">
     <span class='ocr_line' id='line_1_35' title="bbox 329 1894 1914 1965; baseline -0.001 -19"><span class='ocrx_word' id='word_1_253' title='bbox 329 1894 573 1965; x_wconf 82' lang='grc' dir='ltr'>Πνεῦμα,</span> <span class='ocrx_word' id='word_1_254' title='bbox 613 1894 709 1947; x_wconf 82' lang='grc' dir='ltr'>ἆτε</span> <span class='ocrx_word' id='word_1_255' title='bbox 747 1894 846 1965; x_wconf 82' lang='grc' dir='ltr'>τῆς</span> <span class='ocrx_word' id='word_1_256' title='bbox 887 1894 1150 1965; x_wconf 73' lang='grc' dir='ltr'>ἀρρήτου,</span> <span class='ocrx_word' id='word_1_257' title='bbox 1201 1895 1297 1947; x_wconf 75' lang='grc' dir='ltr'><strong>καὶ</strong></span> <span class='ocrx_word' id='word_1_258' title='bbox 1336 1894 1555 1948; x_wconf 81' lang='grc' dir='ltr'>πάντων</span> <span class='ocrx_word' id='word_1_259' title='bbox 1587 1895 1914 1965; x_wconf 72' lang='grc' dir='ltr'>ἐπικρατού-</span> 
     </span>
    </p>
   </div>
   <div class='ocr_carea' id='block_1_36' title="bbox 2019 1880 3601 1965">
    <p class='ocr_par' dir='ltr' id='par_1_36' title="bbox 2021 1882 3601 1953">
     <span class='ocr_line' id='line_1_36' title="bbox 2021 1882 3601 1953; baseline -0.002 -15"><span class='ocrx_word' id='word_1_260' title='bbox 2021 1884 2158 1938; x_wconf 86' lang='lat' dir='ltr'><strong>tatio</strong></span> <span class='ocrx_word' id='word_1_261' title='bbox 2189 1884 2428 1938; x_wconf 74' lang='lat' dir='ltr'><strong>dexterze</strong></span> <span class='ocrx_word' id='word_1_262' title='bbox 2463 1884 2673 1938; x_wconf 73' lang='lat' dir='ltr'><strong>Excelsi</strong></span> <span class='ocrx_word' id='word_1_263' title='bbox 2695 1901 2709 1947; x_wconf 89' lang='lat'><strong>;</strong></span> <span class='ocrx_word' id='word_1_264' title='bbox 2733 1903 2751 1933; x_wconf 88' lang='grc' dir='ltr'><strong>ι</strong></span> <span class='ocrx_word' id='word_1_265' title='bbox 2783 1894 2838 1939; x_wconf 90' lang='lat' dir='ltr'><strong>et</strong></span> <span class='ocrx_word' id='word_1_266' title='bbox 2874 1884 3037 1938; x_wconf 83' lang='lat' dir='ltr'><strong>alibi:</strong></span> <span class='ocrx_word' id='word_1_267' title='bbox 3070 1902 3090 1935; x_wconf 79' lang='grc' dir='ltr'><strong>ι</strong></span> <span class='ocrx_word' id='word_1_268' title='bbox 3129 1882 3338 1939; x_wconf 61' lang='lat' dir='ltr'><strong>Curium</strong></span> <span class='ocrx_word' id='word_1_269' title='bbox 3365 1882 3601 1953; x_wconf 72' lang='lat' dir='ltr'><strong>(53),in~</strong></span> 
     </span>
    </p>
   </div>
   <div class='ocr_carea' id='block_1_37' title="bbox 328 1984 1917 2055">
    <p class='ocr_par' dir='ltr' id='par_1_37' title="bbox 328 1984 1917 2055">
     <span class='ocr_line' id='line_1_37' title="bbox 328 1984 1917 2055; baseline -0.003 -17"><span class='ocrx_word' id='word_1_270' title='bbox 328 2001 428 2054; x_wconf 85' lang='grc' dir='ltr'><strong>σης</strong></span> <span class='ocrx_word' id='word_1_271' title='bbox 457 1984 701 2048; x_wconf 75' lang='grc' dir='ltr'>αἰωνίου,</span> <span class='ocrx_word' id='word_1_272' title='bbox 731 1986 825 2039; x_wconf 76' lang='grc' dir='ltr'>καὶ</span> <span class='ocrx_word' id='word_1_273' title='bbox 852 1984 1130 2055; x_wconf 84' lang='grc' dir='ltr'>ἀφθάρτου</span> <span class='ocrx_word' id='word_1_274' title='bbox 1164 1984 1381 2052; x_wconf 85' lang='grc' dir='ltr'>φύσεως</span> <span class='ocrx_word' id='word_1_275' title='bbox 1412 1986 1677 2055; x_wconf 83' lang='grc' dir='ltr'>ὑπάρχον,</span> <span class='ocrx_word' id='word_1_276' title='bbox 1707 1985 1804 2037; x_wconf 73' lang='grc' dir='ltr'>καὶ</span> <span class='ocrx_word' id='word_1_277' title='bbox 1829 1984 1917 2037; x_wconf 72' lang='grc' dir='ltr'><strong>ἀεὶ</strong></span> 
     </span>
    </p>
   </div>
   <div class='ocr_carea' id='block_1_38' title="bbox 326 2071 1916 2143">
    <p class='ocr_par' dir='ltr' id='par_1_38' title="bbox 326 2071 1916 2143">
     <span class='ocr_line' id='line_1_38' title="bbox 326 2071 1916 2143; baseline 0.001 -19"><span class='ocrx_word' id='word_1_278' title='bbox 326 2071 586 2136; x_wconf 78' lang='grc' dir='ltr'>ὡσαύτως</span> <span class='ocrx_word' id='word_1_279' title='bbox 611 2075 707 2126; x_wconf 74' lang='grc' dir='ltr'><strong>καὶ</strong></span> <span class='ocrx_word' id='word_1_280' title='bbox 741 2073 883 2127; x_wconf 86' lang='grc' dir='ltr'><strong>κατά</strong></span> <span class='ocrx_word' id='word_1_281' title='bbox 904 2073 971 2125; x_wconf 64' lang='grc' dir='ltr'>τὰ</span> <span class='ocrx_word' id='word_1_282' title='bbox 1005 2073 1144 2126; x_wconf 78' lang='grc' dir='ltr'>αὐτὰ</span> <span class='ocrx_word' id='word_1_283' title='bbox 1165 2072 1289 2143; x_wconf 75' lang='grc' dir='ltr'>ἔχον</span> <span class='ocrx_word' id='word_1_284' title='bbox 1309 2090 1324 2104; x_wconf 90' lang='grc'><strong>·</strong></span> <span class='ocrx_word' id='word_1_285' title='bbox 1359 2073 1519 2143; x_wconf 84' lang='grc' dir='ltr'>μόνον</span> <span class='ocrx_word' id='word_1_286' title='bbox 1554 2090 1613 2125; x_wconf 90' lang='grc' dir='ltr'><strong>τε</strong></span> <span class='ocrx_word' id='word_1_287' title='bbox 1646 2072 1787 2133; x_wconf 54' lang='lat' dir='ltr'><strong>sibi);</strong></span> <span class='ocrx_word' id='word_1_288' title='bbox 1820 2074 1916 2125; x_wconf 76' lang='grc' dir='ltr'><strong>καὶ</strong></span> 
     </span>
    </p>
   </div>
   <div class='ocr_carea' id='block_1_39' title="bbox 328 2163 1917 2236">
    <p class='ocr_par' dir='ltr' id='par_1_39' title="bbox 328 2163 1917 2236">
     <span class='ocr_line' id='line_1_39' title="bbox 328 2163 1917 2236; baseline -0.001 -20"><span class='ocrx_word' id='word_1_289' title='bbox 328 2164 514 2217; x_wconf 83' lang='grc' dir='ltr'>ποιοῦν</span> <span class='ocrx_word' id='word_1_290' title='bbox 537 2164 606 2218; x_wconf 75' lang='grc' dir='ltr'><strong>τὰ</strong></span> <span class='ocrx_word' id='word_1_291' title='bbox 642 2166 736 2218; x_wconf 84' lang='grc' dir='ltr'><strong>τοῦ</strong></span> <span class='ocrx_word' id='word_1_292' title='bbox 767 2165 902 2218; x_wconf 81' lang='grc' dir='ltr'>Θεοῦ</span> <span class='ocrx_word' id='word_1_293' title='bbox 924 2183 936 2197; x_wconf 85' lang='grc'><strong>·</strong></span> <span class='ocrx_word' id='word_1_294' title='bbox 962 2166 1057 2217; x_wconf 81' lang='grc' dir='ltr'><strong>καὶ</strong></span> <span class='ocrx_word' id='word_1_295' title='bbox 1082 2182 1219 2235; x_wconf 90' lang='grc' dir='ltr'>φρου</span> <span class='ocrx_word' id='word_1_296' title='bbox 1230 2164 1451 2236; x_wconf 81' lang='grc' dir='ltr'>ρητικὸν</span> <span class='ocrx_word' id='word_1_297' title='bbox 1484 2165 1701 2219; x_wconf 87' lang='grc' dir='ltr'>πάντων</span> <span class='ocrx_word' id='word_1_298' title='bbox 1727 2163 1787 2216; x_wconf 83' lang='grc' dir='ltr'>ὂν</span> <span class='ocrx_word' id='word_1_299' title='bbox 1810 2164 1917 2216; x_wconf 87' lang='grc' dir='ltr'><strong>τῶν</strong></span> 
     </span>
    </p>
   </div>
   <div class='ocr_carea' id='block_1_40' title="bbox 232 2253 1914 2332">
    <p class='ocr_par' dir='ltr' id='par_1_40' title="bbox 232 2253 1914 2332">
     <span class='ocr_line' id='line_1_40' title="bbox 232 2253 1914 2332; baseline 0 -26"><span class='ocrx_word' id='word_1_300' title='bbox 232 2326 241 2332; x_wconf 28' lang='grc'><strong>⁸</strong></span> <span class='ocrx_word' id='word_1_301' title='bbox 326 2271 386 2307; x_wconf 90' lang='grc' dir='ltr'><strong>τε</strong></span> <span class='ocrx_word' id='word_1_302' title='bbox 418 2255 654 2324; x_wconf 84' lang='grc' dir='ltr'>λογικῶν</span> <span class='ocrx_word' id='word_1_303' title='bbox 691 2256 786 2309; x_wconf 75' lang='grc' dir='ltr'><strong>καὶ</strong></span> <span class='ocrx_word' id='word_1_304' title='bbox 817 2256 916 2326; x_wconf 77' lang='grc' dir='ltr'><strong>τὴν</strong></span> <span class='ocrx_word' id='word_1_305' title='bbox 938 2256 1121 2307; x_wconf 82' lang='grc' dir='ltr'>πίστιν</span> <span class='ocrx_word' id='word_1_306' title='bbox 1154 2254 1396 2319; x_wconf 79' lang='grc' dir='ltr'>τελείων,</span> <span class='ocrx_word' id='word_1_307' title='bbox 1425 2254 1533 2308; x_wconf 88' lang='grc' dir='ltr'><strong>τῶν</strong></span> <span class='ocrx_word' id='word_1_308' title='bbox 1570 2271 1630 2306; x_wconf 88' lang='grc' dir='ltr'><strong>τε</strong></span> <span class='ocrx_word' id='word_1_309' title='bbox 1668 2253 1742 2324; x_wconf 80' lang='grc' dir='ltr'>μὴ</span> <span class='ocrx_word' id='word_1_310' title='bbox 1767 2253 1914 2322; x_wconf 88' lang='grc' dir='ltr'>λογι-</span> 
     </span>
    </p>
   </div>
   <div class='ocr_carea' id='block_1_41' title="bbox 328 2344 1916 2415">
    <p class='ocr_par' dir='ltr' id='par_1_41' title="bbox 328 2344 1916 2415">
     <span class='ocr_line' id='line_1_41' title="bbox 328 2344 1916 2415; baseline 0 -19"><span class='ocrx_word' id='word_1_311' title='bbox 328 2344 460 2409; x_wconf 87' lang='grc' dir='ltr'>κῶν,</span> <span class='ocrx_word' id='word_1_312' title='bbox 483 2345 589 2408; x_wconf 78' lang='grc' dir='ltr'>ἕως</span> <span class='ocrx_word' id='word_1_313' title='bbox 618 2345 714 2398; x_wconf 88' lang='grc' dir='ltr'><strong>τοῦ</strong></span> <span class='ocrx_word' id='word_1_314' title='bbox 754 2344 1000 2408; x_wconf 81' lang='grc' dir='ltr'>δοθέντος</span> <span class='ocrx_word' id='word_1_315' title='bbox 1037 2348 1152 2408; x_wconf 83' lang='grc' dir='ltr'>τοῖς</span> <span class='ocrx_word' id='word_1_316' title='bbox 1195 2344 1270 2415; x_wconf 84' lang='grc' dir='ltr'>μὴ</span> <span class='ocrx_word' id='word_1_317' title='bbox 1300 2344 1538 2413; x_wconf 84' lang='grc' dir='ltr'>λογικοῖς</span> <span class='ocrx_word' id='word_1_318' title='bbox 1574 2344 1703 2414; x_wconf 84' lang='grc' dir='ltr'>ὅρου</span> <span class='ocrx_word' id='word_1_319' title='bbox 1725 2344 1826 2414; x_wconf 81' lang='grc' dir='ltr'>τῆς</span> <span class='ocrx_word' id='word_1_320' title='bbox 1854 2345 1916 2396; x_wconf 77' lang='grc' dir='ltr'><strong>ἐν</strong></span> 
     </span>
    </p>
   </div>
   <div class='ocr_carea' id='block_1_42' title="bbox 324 2435 1915 2507">
    <p class='ocr_par' dir='ltr' id='par_1_42' title="bbox 324 2435 1915 2507">
     <span class='ocr_line' id='line_1_42' title="bbox 324 2435 1915 2507; baseline 0.001 -20"><span class='ocrx_word' id='word_1_321' title='bbox 324 2436 618 2506; x_wconf 84' lang='grc' dir='ltr'>ταυτότητι</span> <span class='ocrx_word' id='word_1_322' title='bbox 673 2435 960 2506; x_wconf 81' lang='grc' dir='ltr'>διαμονῆς·</span> <span class='ocrx_word' id='word_1_323' title='bbox 1006 2435 1170 2505; x_wconf 87' lang='grc' dir='ltr'>φύσει</span> <span class='ocrx_word' id='word_1_324' title='bbox 1209 2437 1303 2489; x_wconf 73' lang='grc' dir='ltr'><strong>καὶ</strong></span> <span class='ocrx_word' id='word_1_325' title='bbox 1351 2436 1669 2506; x_wconf 86' lang='grc' dir='ltr'>προαιρέσει</span> <span class='ocrx_word' id='word_1_326' title='bbox 1708 2436 1915 2507; x_wconf 83' lang='grc' dir='ltr'>τροπῆς</span> 
     </span>
    </p>
   </div>
   <div class='ocr_carea' id='block_1_43' title="bbox 325 2524 1915 2598">
    <p class='ocr_par' dir='ltr' id='par_1_43' title="bbox 325 2524 1915 2598">
     <span class='ocr_line' id='line_1_43' title="bbox 325 2524 1915 2598; baseline 0 -17"><span class='ocrx_word' id='word_1_327' title='bbox 325 2530 421 2581; x_wconf 80' lang='grc' dir='ltr'>καὶ</span> <span class='ocrx_word' id='word_1_328' title='bbox 491 2526 793 2598; x_wconf 86' lang='grc' dir='ltr'>μεταϐολῆς</span> <span class='ocrx_word' id='word_1_329' title='bbox 848 2528 1198 2581; x_wconf 79' lang='grc' dir='ltr'>ἀνεπίδεκτον</span> <span class='ocrx_word' id='word_1_330' title='bbox 1249 2524 1624 2596; x_wconf 76' lang='grc' dir='ltr'>καθέστηκεν,</span> <span class='ocrx_word' id='word_1_331' title='bbox 1680 2528 1708 2580; x_wconf 86' lang='grc' dir='ltr'>ὅ</span> <span class='ocrx_word' id='word_1_332' title='bbox 1766 2528 1915 2581; x_wconf 81' lang='grc' dir='ltr'>ἐστιν</span> 
     </span>
    </p>
   </div>
   <div class='ocr_carea' id='block_1_44' title="bbox 322 2616 1915 2689">
    <p class='ocr_par' dir='ltr' id='par_1_44' title="bbox 322 2616 1915 2689">
     <span class='ocr_line' id='line_1_44' title="bbox 322 2616 1915 2689; baseline 0.002 -18"><span class='ocrx_word' id='word_1_333' title='bbox 322 2616 626 2687; x_wconf 81' lang='grc' dir='ltr'>ἄφθαρτον.</span> <span class='ocrx_word' id='word_1_334' title='bbox 670 2617 744 2669; x_wconf 80' lang='grc' dir='ltr'>Τὸ</span> <span class='ocrx_word' id='word_1_335' title='bbox 778 2617 835 2670; x_wconf 83' lang='grc' dir='ltr'>δὲ</span> <span class='ocrx_word' id='word_1_336' title='bbox 873 2618 1158 2688; x_wconf 81' lang='grc' dir='ltr'>ἄτρεπτον,</span> <span class='ocrx_word' id='word_1_337' title='bbox 1202 2618 1364 2688; x_wconf 73' lang='grc' dir='ltr'>ἧτουν</span> <span class='ocrx_word' id='word_1_338' title='bbox 1404 2617 1703 2689; x_wconf 83' lang='grc' dir='ltr'>ἄφθαρτον,</span> <span class='ocrx_word' id='word_1_339' title='bbox 1750 2619 1915 2685; x_wconf 78' lang='grc' dir='ltr'>εὐθὺς</span> 
     </span>
    </p>
   </div>
   <div class='ocr_carea' id='block_1_45' title="bbox 324 2707 1914 2779">
    <p class='ocr_par' dir='ltr' id='par_1_45' title="bbox 324 2707 1914 2779">
     <span class='ocr_line' id='line_1_45' title="bbox 324 2707 1914 2779; baseline 0.003 -18"><span class='ocrx_word' id='word_1_340' title='bbox 324 2708 584 2778; x_wconf 78' lang='grc' dir='ltr'>ἄναρχον,</span> <span class='ocrx_word' id='word_1_341' title='bbox 616 2707 968 2779; x_wconf 77' lang='grc' dir='ltr'>ἀτελεύτητον</span> <span class='ocrx_word' id='word_1_342' title='bbox 1013 2709 1107 2762; x_wconf 76' lang='grc' dir='ltr'><strong>καὶ</strong></span> <span class='ocrx_word' id='word_1_343' title='bbox 1146 2708 1508 2779; x_wconf 86' lang='grc' dir='ltr'>ὑπεραιὼνιόν</span> <span class='ocrx_word' id='word_1_344' title='bbox 1548 2711 1714 2763; x_wconf 83' lang='grc' dir='ltr'>ἐστιν.</span> <span class='ocrx_word' id='word_1_345' title='bbox 1753 2712 1824 2765; x_wconf 78' lang='grc' dir='ltr'>Τὸ</span> <span class='ocrx_word' id='word_1_346' title='bbox 1857 2713 1914 2767; x_wconf 78' lang='grc' dir='ltr'>δὲ</span> 
     </span>
    </p>
   </div>
   <div class='ocr_carea' id='block_1_46' title="bbox 327 2797 1914 2873">
    <p class='ocr_par' dir='ltr' id='par_1_46' title="bbox 327 2797 1914 2873">
     <span class='ocr_line' id='line_1_46' title="bbox 327 2797 1914 2873; baseline 0.003 -21"><span class='ocrx_word' id='word_1_347' title='bbox 327 2800 582 2869; x_wconf 79' lang='grc' dir='ltr'>ἄναρχον,</span> <span class='ocrx_word' id='word_1_348' title='bbox 627 2797 976 2870; x_wconf 80' lang='grc' dir='ltr'>δημιουργὸς,</span> <span class='ocrx_word' id='word_1_349' title='bbox 1018 2800 1112 2852; x_wconf 78' lang='grc' dir='ltr'><strong>καὶ</strong></span> <span class='ocrx_word' id='word_1_350' title='bbox 1143 2800 1204 2853; x_wconf 84' lang='grc' dir='ltr'>ού</span> <span class='ocrx_word' id='word_1_351' title='bbox 1232 2800 1642 2873; x_wconf 81' lang='grc' dir='ltr'>δημιούργημα.</span> <span class='ocrx_word' id='word_1_352' title='bbox 1674 2802 1766 2855; x_wconf 83' lang='grc' dir='ltr'>Διὸ</span> <span class='ocrx_word' id='word_1_353' title='bbox 1813 2821 1914 2856; x_wconf 90' lang='grc' dir='ltr'>κυ-</span> 
     </span>
    </p>
   </div>
   <div class='ocr_carea' id='block_1_47' title="bbox 330 2888 1915 2966">
    <p class='ocr_par' dir='ltr' id='par_1_47' title="bbox 330 2888 1915 2966">
     <span class='ocr_line' id='line_1_47' title="bbox 330 2888 1915 2966; baseline 0.006 -26"><span class='ocrx_word' id='word_1_354' title='bbox 330 2890 463 2960; x_wconf 88' lang='grc' dir='ltr'>ρίως</span> <span class='ocrx_word' id='word_1_355' title='bbox 495 2888 644 2957; x_wconf 79' lang='grc' dir='ltr'>λέγει</span> <span class='ocrx_word' id='word_1_356' title='bbox 689 2891 721 2960; x_wconf 83' lang='grc' dir='ltr'>ἡ</span> <span class='ocrx_word' id='word_1_357' title='bbox 759 2890 857 2959; x_wconf 83' lang='grc' dir='ltr'>μὲν</span> <span class='ocrx_word' id='word_1_358' title='bbox 882 2890 1051 2959; x_wconf 85' lang='grc' dir='ltr'>Σοφία</span> <span class='ocrx_word' id='word_1_359' title='bbox 1072 2908 1083 2920; x_wconf 68' lang='grc' dir='ltr'><strong>ο</strong></span> <span class='ocrx_word' id='word_1_360' title='bbox 1117 2891 1222 2943; x_wconf 72' lang='grc' dir='ltr'><strong>«Τὸ</strong></span> <span class='ocrx_word' id='word_1_361' title='bbox 1250 2890 1528 2963; x_wconf 83' lang='grc' dir='ltr'>άφθαρτόν</span> <span class='ocrx_word' id='word_1_362' title='bbox 1564 2910 1657 2946; x_wconf 89' lang='grc' dir='ltr'><strong>σου</strong></span> <span class='ocrx_word' id='word_1_363' title='bbox 1688 2893 1915 2966; x_wconf 80' lang='grc' dir='ltr'>Πνεῦμα</span> 
     </span>
    </p>
   </div>
   <div class='ocr_carea' id='block_1_48' title="bbox 326 2982 1913 3057">
    <p class='ocr_par' dir='ltr' id='par_1_48' title="bbox 326 2982 1913 3057">
     <span class='ocr_line' id='line_1_48' title="bbox 326 2982 1913 3057; baseline 0.005 -24"><span class='ocrx_word' id='word_1_364' title='bbox 326 2982 474 3034; x_wconf 67' lang='grc' dir='ltr'>ἐστὶν</span> <span class='ocrx_word' id='word_1_365' title='bbox 499 2982 556 3034; x_wconf 83' lang='grc' dir='ltr'>ὲν</span> <span class='ocrx_word' id='word_1_366' title='bbox 574 2983 740 3035; x_wconf 79' lang='grc' dir='ltr'>πᾶσιν</span> <span class='ocrx_word' id='word_1_367' title='bbox 758 2998 806 3033; x_wconf 82' lang='grc' dir='ltr'><strong>ἰ</strong></span> <span class='ocrx_word' id='word_1_368' title='bbox 837 2983 866 3035; x_wconf 89' lang='grc' dir='ltr'>ὁ</span> <span class='ocrx_word' id='word_1_369' title='bbox 891 2982 1203 3053; x_wconf 78' lang='grc' dir='ltr'>δὲΠέτρος·</span> <span class='ocrx_word' id='word_1_370' title='bbox 1241 3002 1259 3034; x_wconf 82' lang='grc' dir='ltr'><strong>ι</strong></span> <span class='ocrx_word' id='word_1_371' title='bbox 1302 2984 1389 3037; x_wconf 88' lang='grc' dir='ltr'>Ἐν</span> <span class='ocrx_word' id='word_1_372' title='bbox 1417 2984 1496 3055; x_wconf 85' lang='grc' dir='ltr'>τῷ</span> <span class='ocrx_word' id='word_1_373' title='bbox 1524 2985 1788 3057; x_wconf 85' lang='grc' dir='ltr'>ἀφθάρτῳ</span> <span class='ocrx_word' id='word_1_374' title='bbox 1817 2986 1913 3041; x_wconf 92' lang='grc' dir='ltr'><strong>τοῦ</strong></span> 
     </span>
    </p>
   </div>
   <div class='ocr_carea' id='block_1_49' title="bbox 328 3074 1914 3149">
    <p class='ocr_par' dir='ltr' id='par_1_49' title="bbox 328 3074 1914 3149">
     <span class='ocr_line' id='line_1_49' title="bbox 328 3074 1914 3149; baseline 0.004 -22"><span class='ocrx_word' id='word_1_375' title='bbox 328 3074 531 3144; x_wconf 83' lang='grc' dir='ltr'>πραέος</span> <span class='ocrx_word' id='word_1_376' title='bbox 561 3075 655 3127; x_wconf 68' lang='grc' dir='ltr'><strong>καὶ</strong></span> <span class='ocrx_word' id='word_1_377' title='bbox 691 3074 916 3145; x_wconf 79' lang='grc' dir='ltr'>ἡσυχίου</span> <span class='ocrx_word' id='word_1_378' title='bbox 961 3075 1299 3145; x_wconf 85' lang='grc' dir='ltr'>Πνεύματος.</span> <span class='ocrx_word' id='word_1_379' title='bbox 1340 3095 1357 3127; x_wconf 85' lang='grc' dir='ltr'><strong>ι</strong></span> <span class='ocrx_word' id='word_1_380' title='bbox 1413 3077 1569 3130; x_wconf 76' lang='grc' dir='ltr'>Οὕτω</span> <span class='ocrx_word' id='word_1_381' title='bbox 1606 3077 1715 3149; x_wconf 79' lang='grc' dir='ltr'>γὰρ</span> <span class='ocrx_word' id='word_1_382' title='bbox 1758 3079 1852 3133; x_wconf 75' lang='grc' dir='ltr'><strong>καὶ</strong></span> <span class='ocrx_word' id='word_1_383' title='bbox 1885 3082 1914 3133; x_wconf 84' lang='grc' dir='ltr'><strong>ὁ</strong></span> 
     </span>
    </p>
   </div>
   <div class='ocr_carea' id='block_1_50' title="bbox 327 3166 1909 3241">
    <p class='ocr_par' dir='ltr' id='par_1_50' title="bbox 327 3166 1909 3241">
     <span class='ocr_line' id='line_1_50' title="bbox 327 3166 1909 3241; baseline 0.004 -23"><span class='ocrx_word' id='word_1_384' title='bbox 327 3166 519 3236; x_wconf 76' lang='grc' dir='ltr'>Πατὴρ</span> <span class='ocrx_word' id='word_1_385' title='bbox 569 3166 681 3229; x_wconf 83' lang='grc' dir='ltr'>ἴσος</span> <span class='ocrx_word' id='word_1_386' title='bbox 733 3167 895 3230; x_wconf 76' lang='grc' dir='ltr'>αὐτὸς</span> <span class='ocrx_word' id='word_1_387' title='bbox 935 3168 1112 3239; x_wconf 83' lang='grc' dir='ltr'>ἐαυτῷ</span> <span class='ocrx_word' id='word_1_388' title='bbox 1144 3170 1240 3222; x_wconf 85' lang='grc' dir='ltr'>καὶ</span> <span class='ocrx_word' id='word_1_389' title='bbox 1272 3168 1456 3236; x_wconf 81' lang='grc' dir='ltr'>ὅμοιος</span> <span class='ocrx_word' id='word_1_390' title='bbox 1504 3169 1592 3222; x_wconf 77' lang='grc' dir='ltr'><strong>ἀεὶ</strong></span> <span class='ocrx_word' id='word_1_391' title='bbox 1627 3169 1909 3241; x_wconf 81' lang='grc' dir='ltr'>ὑπάρχων,</span> 
     </span>
    </p>
   </div>
   <div class='ocr_carea' id='block_1_51' title="bbox 329 3257 1912 3330">
    <p class='ocr_par' dir='ltr' id='par_1_51' title="bbox 329 3257 1912 3330">
     <span class='ocr_line' id='line_1_51' title="bbox 329 3257 1912 3330; baseline 0.002 -20"><span class='ocrx_word' id='word_1_392' title='bbox 329 3258 456 3327; x_wconf 79' lang='grc' dir='ltr'>μήτ’</span> <span class='ocrx_word' id='word_1_393' title='bbox 504 3257 708 3310; x_wconf 77' lang='grc' dir='ltr'>ἔνδοσιν</span> <span class='ocrx_word' id='word_1_394' title='bbox 741 3258 878 3328; x_wconf 82' lang='grc' dir='ltr'>πρὸς</span> <span class='ocrx_word' id='word_1_395' title='bbox 912 3258 973 3311; x_wconf 76' lang='grc' dir='ltr'>τὸ</span> <span class='ocrx_word' id='word_1_396' title='bbox 1005 3262 1210 3330; x_wconf 85' lang='grc' dir='ltr'>χεῖρον,</span> <span class='ocrx_word' id='word_1_397' title='bbox 1245 3260 1370 3329; x_wconf 79' lang='grc' dir='ltr'>μήτ’</span> <span class='ocrx_word' id='word_1_398' title='bbox 1395 3259 1644 3312; x_wconf 83' lang='grc' dir='ltr'>ἐπίτασιν</span> <span class='ocrx_word' id='word_1_399' title='bbox 1683 3262 1817 3330; x_wconf 79' lang='grc' dir='ltr'>πρὸς</span> <span class='ocrx_word' id='word_1_400' title='bbox 1849 3260 1912 3313; x_wconf 81' lang='grc' dir='ltr'><strong>τὸ</strong></span> 
     </span>
    </p>
   </div>
   <div class='ocr_carea' id='block_1_52' title="bbox 328 3344 1913 3423">
    <p class='ocr_par' dir='ltr' id='par_1_52' title="bbox 328 3344 1913 3423">
     <span class='ocr_line' id='line_1_52' title="bbox 328 3344 1913 3423; baseline 0.003 -22"><span class='ocrx_word' id='word_1_401' title='bbox 328 3348 537 3418; x_wconf 83' lang='grc' dir='ltr'>βέλτιον</span> <span class='ocrx_word' id='word_1_402' title='bbox 560 3348 870 3418; x_wconf 85' lang='grc' dir='ltr'>δεχόμενος,</span> <span class='ocrx_word' id='word_1_403' title='bbox 897 3350 1130 3420; x_wconf 68' lang='grc' dir='ltr'>ἤκουσεν</span> <span class='ocrx_word' id='word_1_404' title='bbox 1172 3350 1279 3403; x_wconf 82' lang='grc' dir='ltr'>ὑπὸ</span> <span class='ocrx_word' id='word_1_405' title='bbox 1318 3349 1573 3403; x_wconf 83' lang='grc' dir='ltr'>Ἰακώϐου</span> <span class='ocrx_word' id='word_1_406' title='bbox 1593 3368 1608 3383; x_wconf 71' lang='grc' dir='ltr'><strong>ο</strong></span> <span class='ocrx_word' id='word_1_407' title='bbox 1647 3369 1666 3401; x_wconf 81' lang='grc' dir='ltr'><strong>ι</strong></span> <span class='ocrx_word' id='word_1_408' title='bbox 1699 3352 1836 3423; x_wconf 86' lang='grc' dir='ltr'>Παρ’</span> <span class='ocrx_word' id='word_1_409' title='bbox 1867 3344 1913 3419; x_wconf 82' lang='grc' dir='ltr'><strong>ᾧ</strong></span> 
     </span>
    </p>
   </div>
   <div class='ocr_carea' id='block_1_53' title="bbox 324 3439 1913 3514">
    <p class='ocr_par' dir='ltr' id='par_1_53' title="bbox 324 3439 1913 3514">
     <span class='ocr_line' id='line_1_53' title="bbox 324 3439 1913 3514; baseline 0.003 -21"><span class='ocrx_word' id='word_1_410' title='bbox 324 3441 427 3493; x_wconf 79' lang='grc' dir='ltr'>οὐκ</span> <span class='ocrx_word' id='word_1_411' title='bbox 480 3439 559 3493; x_wconf 78' lang='grc' dir='ltr'><strong>ενι</strong></span> <span class='ocrx_word' id='word_1_412' title='bbox 611 3440 958 3511; x_wconf 83' lang='grc' dir='ltr'>παραλλαγὴ,</span> <span class='ocrx_word' id='word_1_413' title='bbox 996 3441 1028 3512; x_wconf 86' lang='grc' dir='ltr'>ἢ</span> <span class='ocrx_word' id='word_1_414' title='bbox 1074 3442 1280 3514; x_wconf 81' lang='grc' dir='ltr'>τροπῆς</span> <span class='ocrx_word' id='word_1_415' title='bbox 1326 3442 1723 3513; x_wconf 75' lang='grc' dir='ltr'>ἀποσκίασμαο</span> <span class='ocrx_word' id='word_1_416' title='bbox 1760 3463 1779 3495; x_wconf 83' lang='grc' dir='ltr'><strong>ι</strong></span> <span class='ocrx_word' id='word_1_417' title='bbox 1818 3444 1913 3497; x_wconf 74' lang='grc' dir='ltr'><strong>καὶ</strong></span> 
     </span>
    </p>
   </div>
   <div class='ocr_carea' id='block_1_54' title="bbox 326 3532 1911 3607">
    <p class='ocr_par' dir='ltr' id='par_1_54' title="bbox 326 3532 1911 3607">
     <span class='ocr_line' id='line_1_54' title="bbox 326 3532 1911 3607; baseline 0.003 -23"><span class='ocrx_word' id='word_1_418' title='bbox 326 3532 478 3602; x_wconf 82' lang='grc' dir='ltr'><strong>παρά</strong></span> <span class='ocrx_word' id='word_1_419' title='bbox 525 3532 735 3586; x_wconf 82' lang='grc' dir='ltr'>Παύλου</span> <span class='ocrx_word' id='word_1_420' title='bbox 760 3551 775 3565; x_wconf 91' lang='grc'><strong>·</strong></span> <span class='ocrx_word' id='word_1_421' title='bbox 834 3552 853 3585; x_wconf 84' lang='grc' dir='ltr'><strong>ι</strong></span> <span class='ocrx_word' id='word_1_422' title='bbox 910 3533 1231 3606; x_wconf 84' lang='grc' dir='ltr'>Ἀφθάρτῳ,</span> <span class='ocrx_word' id='word_1_423' title='bbox 1276 3536 1518 3607; x_wconf 83' lang='grc' dir='ltr'>ἀοράτῳ,</span> <span class='ocrx_word' id='word_1_424' title='bbox 1555 3535 1700 3605; x_wconf 86' lang='grc' dir='ltr'>μόνῳ</span> <span class='ocrx_word' id='word_1_425' title='bbox 1762 3534 1911 3605; x_wconf 76' lang='grc' dir='ltr'>σοφῷ</span> 
     </span>
    </p>
   </div>
   <div class='ocr_carea' id='block_1_55' title="bbox 328 3619 1907 3698">
    <p class='ocr_par' dir='ltr' id='par_1_55' title="bbox 328 3619 1907 3698">
     <span class='ocr_line' id='line_1_55' title="bbox 328 3619 1907 3698; baseline 0.005 -27"><span class='ocrx_word' id='word_1_426' title='bbox 328 3619 476 3690; x_wconf 71' lang='grc' dir='ltr'>θεῷ’</span> <span class='ocrx_word' id='word_1_427' title='bbox 513 3639 530 3672; x_wconf 83' lang='grc' dir='ltr'><strong>ι</strong></span> <span class='ocrx_word' id='word_1_428' title='bbox 562 3622 620 3675; x_wconf 81' lang='grc' dir='ltr'>ὃν</span> <span class='ocrx_word' id='word_1_429' title='bbox 649 3624 851 3694; x_wconf 82' lang='grc' dir='ltr'>τρόπον</span> <span class='ocrx_word' id='word_1_430' title='bbox 883 3625 977 3677; x_wconf 74' lang='grc' dir='ltr'>καὶ</span> <span class='ocrx_word' id='word_1_431' title='bbox 1005 3627 1033 3677; x_wconf 88' lang='grc' dir='ltr'>ὁ</span> <span class='ocrx_word' id='word_1_432' title='bbox 1068 3625 1193 3689; x_wconf 79' lang='grc' dir='ltr'><strong>Υἱὸς</strong></span> <span class='ocrx_word' id='word_1_433' title='bbox 1219 3629 1278 3679; x_wconf 81' lang='grc' dir='ltr'>ὲν</span> <span class='ocrx_word' id='word_1_434' title='bbox 1318 3633 1401 3698; x_wconf 83' lang='grc' dir='ltr'>ρα¹</span> <span class='ocrx_word' id='word_1_435' title='bbox 1432 3625 1633 3696; x_wconf 82' lang='grc' dir='ltr'>ψαλμῷ</span> <span class='ocrx_word' id='word_1_436' title='bbox 1678 3628 1907 3698; x_wconf 80' lang='grc' dir='ltr'>ἐμαρτυ-</span> 
     </span>
    </p>
   </div>
   <div class='ocr_carea' id='block_1_56' title="bbox 332 3710 1917 3787">
    <p class='ocr_par' dir='ltr' id='par_1_56' title="bbox 332 3710 1917 3787">
     <span class='ocr_line' id='line_1_56' title="bbox 332 3710 1917 3787; baseline 0.006 -27"><span class='ocrx_word' id='word_1_437' title='bbox 332 3710 472 3782; x_wconf 62' lang='grc' dir='ltr'>ρήθη</span> <span class='ocrx_word' id='word_1_438' title='bbox 498 3727 512 3740; x_wconf 82' lang='grc'><em>’</em></span> <span class='ocrx_word' id='word_1_439' title='bbox 559 3732 577 3764; x_wconf 82' lang='grc' dir='ltr'><strong>ι</strong></span> <span class='ocrx_word' id='word_1_440' title='bbox 614 3714 684 3767; x_wconf 78' lang='grc' dir='ltr'><strong>Σὺ</strong></span> <span class='ocrx_word' id='word_1_441' title='bbox 721 3713 799 3777; x_wconf 71' lang='grc' dir='ltr'><strong>δὲ,</strong></span> <span class='ocrx_word' id='word_1_442' title='bbox 834 3714 1028 3786; x_wconf 82' lang='grc' dir='ltr'>Κύριε,</span> <span class='ocrx_word' id='word_1_443' title='bbox 1058 3719 1139 3780; x_wconf 84' lang='grc' dir='ltr'><strong>εἰς</strong></span> <span class='ocrx_word' id='word_1_444' title='bbox 1181 3717 1271 3772; x_wconf 76' lang='grc' dir='ltr'>τὸν</span> <span class='ocrx_word' id='word_1_445' title='bbox 1299 3716 1473 3771; x_wconf 78' lang='grc' dir='ltr'>αἰῶνα</span> <span class='ocrx_word' id='word_1_446' title='bbox 1509 3718 1690 3787; x_wconf 81' lang='grc' dir='ltr'>μένεις</span> <span class='ocrx_word' id='word_1_447' title='bbox 1713 3734 1727 3748; x_wconf 88' lang='grc'><strong>·</strong></span> <span class='ocrx_word' id='word_1_448' title='bbox 1767 3737 1784 3768; x_wconf 88' lang='grc' dir='ltr'><strong>ι</strong></span> <span class='ocrx_word' id='word_1_449' title='bbox 1824 3718 1917 3771; x_wconf 75' lang='grc' dir='ltr'><strong>κα)⁸</strong></span> 
     </span>
    </p>
   </div>
   <div class='ocr_carea' id='block_1_57' title="bbox 327 3801 1915 3881">
    <p class='ocr_par' dir='ltr' id='par_1_57' title="bbox 327 3801 1915 3881">
     <span class='ocr_line' id='line_1_57' title="bbox 327 3801 1915 3881; baseline 0.006 -27"><span class='ocrx_word' id='word_1_450' title='bbox 327 3801 526 3857; x_wconf 58' lang='grc' dir='ltr'>πάλιν</span> <span class='ocrx_word' id='word_1_451' title='bbox 561 3823 578 3856; x_wconf 82' lang='grc' dir='ltr'><strong>ι</strong></span> <span class='ocrx_word' id='word_1_452' title='bbox 613 3806 747 3859; x_wconf 83' lang='grc' dir='ltr'>Κατ’</span> <span class='ocrx_word' id='word_1_453' title='bbox 781 3806 958 3878; x_wconf 76' lang='grc' dir='ltr'>ἀρχὰς</span> <span class='ocrx_word' id='word_1_454' title='bbox 997 3806 1096 3878; x_wconf 79' lang='grc' dir='ltr'>τὴν</span> <span class='ocrx_word' id='word_1_455' title='bbox 1139 3808 1242 3878; x_wconf 84' lang='grc' dir='ltr'><strong>γῆν</strong></span> <span class='ocrx_word' id='word_1_456' title='bbox 1274 3809 1360 3872; x_wconf 86' lang='grc' dir='ltr'><strong>σὺ,</strong></span> <span class='ocrx_word' id='word_1_457' title='bbox 1394 3810 1588 3881; x_wconf 84' lang='grc' dir='ltr'>Κύριε,</span> <span class='ocrx_word' id='word_1_458' title='bbox 1620 3808 1915 3879; x_wconf 74' lang='grc' dir='ltr'>ἐθεμελῖω-</span> 
     </span>
    </p>
   </div>
   <div class='ocr_carea' id='block_1_58' title="bbox 327 3896 1916 3974">
    <p class='ocr_par' dir='ltr' id='par_1_58' title="bbox 327 3896 1916 3974">
     <span class='ocr_line' id='line_1_58' title="bbox 327 3896 1916 3974; baseline 0.006 -28"><span class='ocrx_word' id='word_1_459' title='bbox 327 3910 447 3957; x_wconf 83' lang='grc' dir='ltr'>σας,</span> <span class='ocrx_word' id='word_1_460' title='bbox 490 3896 585 3949; x_wconf 78' lang='grc' dir='ltr'><strong>καὶ</strong></span> <span class='ocrx_word' id='word_1_461' title='bbox 632 3897 769 3971; x_wconf 81' lang='grc' dir='ltr'>ἔργα</span> <span class='ocrx_word' id='word_1_462' title='bbox 798 3898 910 3952; x_wconf 89' lang='grc' dir='ltr'><strong>τῶν</strong></span> <span class='ocrx_word' id='word_1_463' title='bbox 941 3900 1143 3970; x_wconf 85' lang='grc' dir='ltr'>χειρῶν</span> <span class='ocrx_word' id='word_1_464' title='bbox 1173 3917 1266 3953; x_wconf 93' lang='grc' dir='ltr'><strong>σου</strong></span> <span class='ocrx_word' id='word_1_465' title='bbox 1297 3901 1434 3954; x_wconf 72' lang='grc' dir='ltr'>εἰσὶν</span> <span class='ocrx_word' id='word_1_466' title='bbox 1465 3903 1512 3955; x_wconf 85' lang='grc' dir='ltr'><strong>οἱ</strong></span> <span class='ocrx_word' id='word_1_467' title='bbox 1545 3902 1785 3974; x_wconf 84' lang='grc' dir='ltr'>οὐρανοί.</span> <span class='ocrx_word' id='word_1_468' title='bbox 1815 3902 1916 3955; x_wconf 84' lang='grc' dir='ltr'><strong>Αὐ-</strong></span> 
     </span>
    </p>
   </div>
   <div class='ocr_carea' id='block_1_59' title="bbox 324 3985 1918 4064">
    <p class='ocr_par' dir='ltr' id='par_1_59' title="bbox 324 3985 1918 4064">
     <span class='ocr_line' id='line_1_59' title="bbox 324 3985 1918 4064; baseline 0.006 -27"><span class='ocrx_word' id='word_1_469' title='bbox 324 3985 407 4038; x_wconf 79' lang='grc' dir='ltr'><strong>τοὶ</strong></span> <span class='ocrx_word' id='word_1_470' title='bbox 429 3986 778 4052; x_wconf 82' lang='grc' dir='ltr'>ἀπολοῦνται,</span> <span class='ocrx_word' id='word_1_471' title='bbox 810 3991 874 4044; x_wconf 78' lang='grc' dir='ltr'><strong>σὺ</strong></span> <span class='ocrx_word' id='word_1_472' title='bbox 908 3991 964 4046; x_wconf 83' lang='grc' dir='ltr'>δὲ</span> <span class='ocrx_word' id='word_1_473' title='bbox 997 3992 1273 4063; x_wconf 84' lang='grc' dir='ltr'>διαμένεις</span> <span class='ocrx_word' id='word_1_474' title='bbox 1294 4009 1306 4024; x_wconf 76' lang='grc' dir='ltr'><strong><em>ο</em></strong></span> <span class='ocrx_word' id='word_1_475' title='bbox 1333 3993 1427 4046; x_wconf 76' lang='grc' dir='ltr'>καὶ</span> <span class='ocrx_word' id='word_1_476' title='bbox 1453 3994 1658 4057; x_wconf 83' lang='grc' dir='ltr'>πάντες</span> <span class='ocrx_word' id='word_1_477' title='bbox 1689 3992 1766 4056; x_wconf 87' lang='grc' dir='ltr'>ὡς</span> <span class='ocrx_word' id='word_1_478' title='bbox 1796 3994 1918 4064; x_wconf 79' lang='grc' dir='ltr'>ἱμά-</span> 
     </span>
    </p>
   </div>
   <div class='ocr_carea' id='block_1_60' title="bbox 323 4078 1916 4158">
    <p class='ocr_par' dir='ltr' id='par_1_60' title="bbox 323 4078 1916 4158">
     <span class='ocr_line' id='line_1_60' title="bbox 323 4078 1916 4158; baseline 0.006 -29"><span class='ocrx_word' id='word_1_479' title='bbox 323 4091 445 4132; x_wconf 79' lang='grc' dir='ltr'>τιον</span> <span class='ocrx_word' id='word_1_480' title='bbox 467 4078 942 4147; x_wconf 84' lang='grc' dir='ltr'>παλαιωθήσονται</span> <span class='ocrx_word' id='word_1_481' title='bbox 1002 4085 1095 4140; x_wconf 78' lang='grc' dir='ltr'><strong>καὶ</strong></span> <span class='ocrx_word' id='word_1_482' title='bbox 1146 4086 1278 4139; x_wconf 73' lang='grc' dir='ltr'>ὡσεὶ</span> <span class='ocrx_word' id='word_1_483' title='bbox 1314 4085 1659 4158; x_wconf 85' lang='grc' dir='ltr'>περιϐόλαιον</span> <span class='ocrx_word' id='word_1_484' title='bbox 1699 4086 1916 4153; x_wconf 78' lang='grc' dir='ltr'>εἱλίξεις</span> 
     </span>
    </p>
   </div>
   <div class='ocr_carea' id='block_1_61' title="bbox 325 4255 1917 4328">
    <p class='ocr_par' dir='ltr' id='par_1_61' title="bbox 325 4255 1917 4328">
     <span class='ocr_line' id='line_1_61' title="bbox 325 4255 1917 4328; baseline 0.009 -23"><span class='ocrx_word' id='word_1_485' title='bbox 325 4255 739 4328; x_wconf 67' lang='lat' dir='ltr'><strong>ntagttze_tliei,i</strong></span> <span class='ocrx_word' id='word_1_486' title='bbox 787 4257 909 4311; x_wconf 88' lang='lat' dir='ltr'><strong>inde</strong></span> <span class='ocrx_word' id='word_1_487' title='bbox 957 4261 1060 4314; x_wconf 85' lang='grc' dir='ltr'>Ιιιιε</span> <span class='ocrx_word' id='word_1_488' title='bbox 1101 4261 1459 4328; x_wconf 79' lang='lat' dir='ltr'><strong>irrepserunt.</strong></span> <span class='ocrx_word' id='word_1_489' title='bbox 1514 4262 1702 4318; x_wconf 66' lang='lat' dir='ltr'><strong>Gra&#39;ca</strong></span> <span class='ocrx_word' id='word_1_490' title='bbox 1751 4266 1917 4320; x_wconf 87' lang='lat' dir='ltr'><strong>editio</strong></span> 
     </span>
    </p>
   </div>
   <div class='ocr_carea' id='block_1_62' title="bbox 326 4325 1917 4407">
    <p class='ocr_par' dir='ltr' id='par_1_62' title="bbox 326 4325 1917 4407">
     <span class='ocr_line' id='line_1_62' title="bbox 326 4325 1917 4407; baseline 0.008 -30"><span class='ocrx_word' id='word_1_491' title='bbox 326 4325 379 4377; x_wconf 93' lang='lat' dir='ltr'><strong>in</strong></span> <span class='ocrx_word' id='word_1_492' title='bbox 410 4326 512 4407; x_wconf 71' lang='lat' dir='ltr'><strong>hoc</strong></span> <span class='ocrx_word' id='word_1_493' title='bbox 548 4326 689 4379; x_wconf 80' lang='lat' dir='ltr'><strong>l’etri</strong></span> <span class='ocrx_word' id='word_1_494' title='bbox 718 4327 845 4407; x_wconf 78' lang='lat' dir='ltr'><strong>loco</strong></span> <span class='ocrx_word' id='word_1_495' title='bbox 864 4330 1022 4384; x_wconf 86' lang='lat' dir='ltr'><strong>habet</strong></span> <span class='ocrx_word' id='word_1_496' title='bbox 1048 4349 1061 4384; x_wconf 88' lang='lat'><strong>:</strong></span> <span class='ocrx_word' id='word_1_497' title='bbox 1090 4325 1412 4407; x_wconf 78' lang='grc' dir='ltr'>Παρέδωκεν</span> <span class='ocrx_word' id='word_1_498' title='bbox 1440 4335 1521 4397; x_wconf 86' lang='grc' dir='ltr'>εἰς</span> <span class='ocrx_word' id='word_1_499' title='bbox 1550 4335 1730 4403; x_wconf 83' lang='grc' dir='ltr'>κρίσιν</span> <span class='ocrx_word' id='word_1_500' title='bbox 1763 4352 1917 4407; x_wconf 89' lang='grc' dir='ltr'>τετη-</span> 
     </span>
    </p>
   </div>
   <div class='ocr_carea' id='block_1_63' title="bbox 325 4394 1506 4473">
    <p class='ocr_par' dir='ltr' id='par_1_63' title="bbox 325 4394 1506 4473">
     <span class='ocr_line' id='line_1_63' title="bbox 325 4394 1506 4473; baseline 0.01 -28"><span class='ocrx_word' id='word_1_501' title='bbox 325 4394 616 4473; x_wconf 59' lang='grc' dir='ltr'>ρημένους,</span> <span class='ocrx_word' id='word_1_502' title='bbox 655 4413 769 4473; x_wconf 80' lang='lat' dir='ltr'><strong>pro,</strong></span> <span class='ocrx_word' id='word_1_503' title='bbox 799 4400 879 4461; x_wconf 82' lang='grc' dir='ltr'><strong>είς</strong></span> <span class='ocrx_word' id='word_1_504' title='bbox 913 4416 964 4452; x_wconf 90' lang='grc' dir='ltr'><strong>κ.</strong></span> <span class='ocrx_word' id='word_1_505' title='bbox 998 4417 1055 4469; x_wconf 88' lang='grc' dir='ltr'>μ.</span> <span class='ocrx_word' id='word_1_506' title='bbox 1093 4403 1145 4471; x_wconf 82' lang='grc' dir='ltr'>ή.</span> <span class='ocrx_word' id='word_1_507' title='bbox 1180 4394 1506 4473; x_wconf 76' lang='grc' dir='ltr'>τετήρηκεν.</span> 
     </span>
    </p>
   </div>
   <div class='ocr_carea' id='block_1_64' title="bbox 398 4464 1910 4541">
    <p class='ocr_par' dir='ltr' id='par_1_64' title="bbox 398 4464 1910 4541">
     <span class='ocr_line' id='line_1_64' title="bbox 398 4464 1910 4541; baseline 0.011 -24"><span class='ocrx_word' id='word_1_508' title='bbox 398 4464 509 4537; x_wconf 76' lang='grc'><strong>(49)</strong></span> <span class='ocrx_word' id='word_1_509' title='bbox 540 4464 1335 4541; x_wconf 0' lang='lat' dir='ltr'><strong>Angelosque...(principatum:</strong></span> <span class='ocrx_word' id='word_1_510' title='bbox 1372 4464 1468 4540; x_wconf 74' lang='lat' dir='ltr'><strong>Ep.</strong></span> <span class='ocrx_word' id='word_1_511' title='bbox 1490 4472 1663 4535; x_wconf 70' lang='grc' dir='ltr'>ιυιιω.</span> <span class='ocrx_word' id='word_1_512' title='bbox 1689 4490 1832 4530; x_wconf 84' lang='lat' dir='ltr'><strong>vers.</strong></span> <span class='ocrx_word' id='word_1_513' title='bbox 1856 4475 1910 4532; x_wconf 84' lang='grc'>6.</span> 
     </span>
    </p>
   </div>
   <div class='ocr_carea' id='block_1_65' title="bbox 326 4532 3285 4629">
    <p class='ocr_par' dir='ltr' id='par_1_65' title="bbox 326 4532 3285 4629">
     <span class='ocr_line' id='line_1_65' title="bbox 326 4532 3285 4629; baseline 0.003 -40"><span class='ocrx_word' id='word_1_514' title='bbox 708 4558 732 4629; x_wconf 56' lang='grc' dir='ltr'><strong>ι</strong></span> <span class='ocrx_word' id='word_1_515' title='bbox 746 4532 1097 4629; x_wconf 53' lang='lat' dir='ltr'><strong>domicilium,</strong></span> <span class='ocrx_word' id='word_1_516' title='bbox 1122 4532 1348 4629; x_wconf 45' lang='lat' dir='ltr'><strong>{graeca</strong></span> <span class='ocrx_word' id='word_1_517' title='bbox 1365 4532 1620 4610; x_wconf 82' lang='lat' dir='ltr'><strong>editio,et</strong></span> <span class='ocrx_word' id='word_1_518' title='bbox 1817 4548 1917 4629; x_wconf 81' lang='lat' dir='ltr'><strong>in_t.</strong></span> <span class='ocrx_word' id='word_1_519' title='bbox 1951 4568 1995 4625; x_wconf 74' lang='grc' dir='ltr'><strong>ι)</strong></span> <span class='ocrx_word' id='word_1_520' title='bbox 2105 4532 2401 4629; x_wconf 44' lang='lat' dir='ltr'><strong>(faculam,</strong></span> <span class='ocrx_word' id='word_1_521' title='bbox 2461 4565 2480 4598; x_wconf 82' lang='grc' dir='ltr'><strong>ι</strong></span> <span class='ocrx_word' id='word_1_522' title='bbox 2499 4556 2553 4629; x_wconf 73' lang='lat' dir='ltr'><strong>et</strong></span> <span class='ocrx_word' id='word_1_523' title='bbox 2576 4563 2596 4597; x_wconf 77' lang='grc' dir='ltr'><strong>ι</strong></span> <span class='ocrx_word' id='word_1_524' title='bbox 2646 4547 2784 4599; x_wconf 88' lang='lat' dir='ltr'><strong>addo</strong></span> <span class='ocrx_word' id='word_1_525' title='bbox 2806 4532 3285 4629; x_wconf 28' lang='lat' dir='ltr'><strong>cariosae-codice</strong></span> 
     </span>
    </p>
   </div>
   <div class='ocr_carea' id='block_1_66' title="bbox 326 4604 1918 4684">
    <p class='ocr_par' dir='ltr' id='par_1_66' title="bbox 326 4604 1918 4684">
     <span class='ocr_line' id='line_1_66' title="bbox 326 4604 1918 4684; baseline 0.009 -26"><span class='ocrx_word' id='word_1_526' title='bbox 326 4604 527 4684; x_wconf 76' lang='lat' dir='ltr'><strong>habent</strong></span> <span class='ocrx_word' id='word_1_527' title='bbox 575 4609 737 4661; x_wconf 82' lang='lat' dir='ltr'><strong>verba</strong></span> <span class='ocrx_word' id='word_1_528' title='bbox 781 4610 889 4684; x_wconf 79' lang='lat' dir='ltr'><strong>illa,</strong></span> <span class='ocrx_word' id='word_1_529' title='bbox 930 4628 949 4660; x_wconf 80' lang='grc' dir='ltr'><strong>ι</strong></span> <span class='ocrx_word' id='word_1_530' title='bbox 981 4611 1032 4664; x_wconf 92' lang='lat' dir='ltr'><strong>in</strong></span> <span class='ocrx_word' id='word_1_531' title='bbox 1066 4613 1329 4679; x_wconf 85' lang='lat' dir='ltr'><strong>judicium</strong></span> <span class='ocrx_word' id='word_1_532' title='bbox 1373 4604 1580 4684; x_wconf 73' lang='lat' dir='ltr'><strong>magna:</strong></span> <span class='ocrx_word' id='word_1_533' title='bbox 1622 4604 1796 4680; x_wconf 59' lang='grc' dir='ltr'>ιΙὶεἰῖι</span> <span class='ocrx_word' id='word_1_534' title='bbox 1849 4619 1918 4673; x_wconf 80' lang='lat' dir='ltr'><strong>tle</strong></span> 
     </span>
    </p>
   </div>
   <div class='ocr_carea' id='block_1_67' title="bbox 327 4675 1011 4748">
    <p class='ocr_par' dir='ltr' id='par_1_67' title="bbox 327 4675 1011 4748">
     <span class='ocr_line' id='line_1_67' title="bbox 327 4675 1011 4748; baseline 0.015 -23"><span class='ocrx_word' id='word_1_535' title='bbox 327 4675 522 4748; x_wconf 73' lang='lat' dir='ltr'><strong>quibus</strong></span> <span class='ocrx_word' id='word_1_536' title='bbox 553 4685 679 4748; x_wconf 54' lang='lat' dir='ltr'><strong>nota</strong></span> <span class='ocrx_word' id='word_1_537' title='bbox 712 4680 1011 4748; x_wconf 84' lang='lat' dir='ltr'><strong>superiore.</strong></span> 
     </span>
    </p>
   </div>
   <div class='ocr_carea' id='block_1_68' title="bbox 397 4745 921 4814">
    <p class='ocr_par' dir='ltr' id='par_1_68' title="bbox 397 4745 921 4814">
     <span class='ocr_line' id='line_1_68' title="bbox 397 4745 921 4814; baseline 0.006 -15"><span class='ocrx_word' id='word_1_538' title='bbox 397 4746 510 4814; x_wconf 82' lang='lat'><strong>(50)</strong></span> <span class='ocrx_word' id='word_1_539' title='bbox 561 4746 576 4800; x_wconf 96' lang='lat' dir='ltr'><strong>t</strong></span> <span class='ocrx_word' id='word_1_540' title='bbox 613 4745 755 4804; x_wconf 78' lang='lat' dir='ltr'><strong>Tim.</strong></span> <span class='ocrx_word' id='word_1_541' title='bbox 782 4745 840 4812; x_wconf 76' lang='lat' dir='ltr'><strong>&#39;v,</strong></span> <span class='ocrx_word' id='word_1_542' title='bbox 868 4749 921 4802; x_wconf 83' lang='lat'><strong>6.</strong></span> 
     </span>
    </p>
   </div>
   <div class='ocr_carea' id='block_1_69' title="bbox 398 4816 980 4884">
    <p class='ocr_par' dir='ltr' id='par_1_69' title="bbox 398 4816 980 4884">
     <span class='ocr_line' id='line_1_69' title="bbox 398 4816 980 4884; baseline 0.01 -17"><span class='ocrx_word' id='word_1_543' title='bbox 398 4816 512 4884; x_wconf 81' lang='grc'><strong>(51)</strong></span> <span class='ocrx_word' id='word_1_544' title='bbox 564 4817 732 4872; x_wconf 80' lang='lat' dir='ltr'><strong>lCor.</strong></span> <span class='ocrx_word' id='word_1_545' title='bbox 775 4834 862 4882; x_wconf 79' lang='lat' dir='ltr'><strong>xv,</strong></span> <span class='ocrx_word' id='word_1_546' title='bbox 891 4820 980 4875; x_wconf 83' lang='grc'><strong>55.</strong></span> 
     </span>
    </p>
   </div>
   <div class='ocr_carea' id='block_1_70' title="bbox 397 4885 1716 4966">
    <p class='ocr_par' dir='ltr' id='par_1_70' title="bbox 397 4885 1716 4966">
     <span class='ocr_line' id='line_1_70' title="bbox 397 4885 1716 4966; baseline 0.011 -30"><span class='ocrx_word' id='word_1_547' title='bbox 565 4886 714 4966; x_wconf 52' lang='lat' dir='ltr'><strong>lucc.</strong></span> <span class='ocrx_word' id='word_1_548' title='bbox 747 4887 888 4966; x_wconf 73' lang='lat' dir='ltr'><strong>Psal.</strong></span> <span class='ocrx_word' id='word_1_549' title='bbox 919 4905 1103 4956; x_wconf 66' lang='lat' dir='ltr'><strong>eam,</strong></span> <span class='ocrx_word' id='word_1_550' title='bbox 1140 4894 1380 4966; x_wconf 69' lang='grc' dir='ltr'>νει-ε.ρο</span> <span class='ocrx_word' id='word_1_551' title='bbox 1408 4895 1555 4966; x_wconf 86' lang='lat' dir='ltr'><strong>(sive</strong></span> <span class='ocrx_word' id='word_1_552' title='bbox 1590 4897 1648 4951; x_wconf 83' lang='lat' dir='ltr'><strong>ll</strong></span> <span class='ocrx_word' id='word_1_553' title='bbox 1677 4896 1716 4966; x_wconf 93' lang='lat'><strong>).</strong></span> 
     </span>
    </p>
   </div>
   <div class='ocr_carea' id='block_1_71' title="bbox 354 4955 1915 5081">
    <p class='ocr_par' dir='ltr' id='par_1_71' title="bbox 354 4955 1915 5081">
     <span class='ocr_line' id='line_1_71' title="bbox 399 4955 1915 5041; baseline 0.011 -34"><span class='ocrx_word' id='word_1_554' title='bbox 399 4955 512 5041; x_wconf 70' lang='grc' dir='ltr'><strong>(ξ’ὤ)</strong></span> <span class='ocrx_word' id='word_1_555' title='bbox 557 4956 778 5013; x_wconf 67' lang='lat' dir='ltr'><strong>Cretum.</strong></span> <span class='ocrx_word' id='word_1_556' title='bbox 812 4958 979 5014; x_wconf 78' lang='lat' dir='ltr'><strong>Mare.</strong></span> <span class='ocrx_word' id='word_1_557' title='bbox 1017 4978 1134 5029; x_wconf 73' lang='grc' dir='ltr'>χιιι,</span> <span class='ocrx_word' id='word_1_558' title='bbox 1161 4962 1250 5019; x_wconf 80' lang='grc'><strong>51.</strong></span> <span class='ocrx_word' id='word_1_559' title='bbox 1286 4955 1472 5021; x_wconf 61' lang='lat' dir='ltr'><strong>Graeca</strong></span> <span class='ocrx_word' id='word_1_560' title='bbox 1515 4955 1704 5032; x_wconf 59' lang='lat' dir='ltr'><strong>editio&#39;,</strong></span> <span class='ocrx_word' id='word_1_561' title='bbox 1772 4986 1915 5040; x_wconf 74' lang='grc' dir='ltr'>παρ·</span> 
     </span>
     <span class='ocr_line' id='line_1_72' title="bbox 354 5027 656 5081; baseline 0 0"><span class='ocrx_word' id='word_1_562' title='bbox 354 5027 656 5081; x_wconf 87' lang='grc' dir='ltr'>λευσονται.</span> 
     </span>
    </p>
   </div>
   <div class='ocr_carea' id='block_1_72' title="bbox 326 5043 656 5082">
    <p class='ocr_par' dir='ltr' id='par_1_72' title="bbox 326 5043 656 5082">
     <span class='ocr_line' id='line_1_73' title="bbox 326 5043 656 5082; baseline -0.003 0"><span class='ocrx_word' id='word_1_563' title='bbox 326 5043 656 5082; x_wconf 68' lang='grc' dir='ltr'>ιλευσονται.</span> 
     </span>
    </p>
   </div>
   <div class='ocr_carea' id='block_1_73' title="bbox 398 5096 1912 5173">
    <p class='ocr_par' dir='ltr' id='par_1_73' title="bbox 398 5096 1912 5173">
     <span class='ocr_line' id='line_1_74' title="bbox 398 5096 1912 5173; baseline 0.009 -23"><span class='ocrx_word' id='word_1_564' title='bbox 398 5096 701 5173; x_wconf 67' lang='lat' dir='ltr'><strong>t54).__l&quot;ore</strong></span> <span class='ocrx_word' id='word_1_565' title='bbox 734 5099 922 5173; x_wconf 62' lang='grc' dir='ltr'>μείω.</span> <span class='ocrx_word' id='word_1_566' title='bbox 961 5100 1236 5166; x_wconf 81' lang='lat' dir='ltr'><strong>lsa..t.xv,</strong></span> <span class='ocrx_word' id='word_1_567' title='bbox 1283 5102 1447 5161; x_wconf 76' lang='lat' dir='ltr'><strong>l7.et</strong></span> <span class='ocrx_word' id='word_1_568' title='bbox 1475 5122 1620 5173; x_wconf 74' lang='lat' dir='ltr'><strong>uri,</strong></span> <span class='ocrx_word' id='word_1_569' title='bbox 1650 5106 1742 5162; x_wconf 70' lang='lat'><strong>2‘2.</strong></span> <span class='ocrx_word' id='word_1_570' title='bbox 1779 5107 1912 5163; x_wconf 81' lang='lat' dir='ltr'><strong>Vide</strong></span> 
     </span>
    </p>
   </div>
   <div class='ocr_carea' id='block_1_74' title="bbox 328 5168 1707 5248">
    <p class='ocr_par' dir='ltr' id='par_1_74' title="bbox 328 5168 1707 5248">
     <span class='ocr_line' id='line_1_75' title="bbox 328 5168 1707 5248; baseline 0.007 -26"><span class='ocrx_word' id='word_1_571' title='bbox 328 5171 505 5248; x_wconf 53' lang='lat' dir='ltr'><strong>etimit</strong></span> <span class='ocrx_word' id='word_1_572' title='bbox 530 5168 774 5248; x_wconf 62' lang='lat' dir='ltr'><strong>E_pis}._l_|</strong></span> <span class='ocrx_word' id='word_1_573' title='bbox 809 5169 1069 5248; x_wconf 39' lang='lat' dir='ltr'><strong>Pctrtttl,</strong></span> <span class='ocrx_word' id='word_1_574' title='bbox 1099 5174 1187 5248; x_wconf 55' lang='lat' dir='ltr'><strong>ll’g,</strong></span> <span class='ocrx_word' id='word_1_575' title='bbox 1222 5184 1275 5228; x_wconf 87' lang='lat' dir='ltr'><strong>et</strong></span> <span class='ocrx_word' id='word_1_576' title='bbox 1311 5177 1475 5248; x_wconf 81' lang='lat' dir='ltr'><strong>Apoc.</strong></span> <span class='ocrx_word' id='word_1_577' title='bbox 1511 5168 1623 5243; x_wconf 72' lang='lat' dir='ltr'><strong>ut,</strong></span> <span class='ocrx_word' id='word_1_578' title='bbox 1655 5179 1707 5232; x_wconf 80' lang='grc'>1.</span> 
     </span>
    </p>
   </div>
   <div class='ocr_carea' id='block_1_75' title="bbox 400 5238 1910 5311">
    <p class='ocr_par' dir='ltr' id='par_1_75' title="bbox 400 5238 1910 5311">
     <span class='ocr_line' id='line_1_76' title="bbox 400 5238 1910 5311; baseline 0.005 -20"><span class='ocrx_word' id='word_1_579' title='bbox 400 5238 512 5309; x_wconf 81' lang='grc'><strong>(55)</strong></span> <span class='ocrx_word' id='word_1_580' title='bbox 559 5239 802 5295; x_wconf 71' lang='lat' dir='ltr'><strong>Habebit.</strong></span> <span class='ocrx_word' id='word_1_581' title='bbox 832 5282 846 5297; x_wconf 92' lang='lat'><strong>.</strong></span> <span class='ocrx_word' id='word_1_582' title='bbox 877 5282 890 5295; x_wconf 94' lang='lat'><strong>.</strong></span> <span class='ocrx_word' id='word_1_583' title='bbox 931 5243 1111 5311; x_wconf 80' lang='lat' dir='ltr'><strong>ﬁnem.</strong></span> <span class='ocrx_word' id='word_1_584' title='bbox 1146 5238 1220 5298; x_wconf 82' lang='lat' dir='ltr'><strong>De</strong></span> <span class='ocrx_word' id='word_1_585' title='bbox 1256 5238 1539 5306; x_wconf 74' lang='lat' dir='ltr'><strong>spirituum</strong></span> <span class='ocrx_word' id='word_1_586' title='bbox 1590 5238 1910 5301; x_wconf 79' lang='lat' dir='ltr'><strong>immortali-</strong></span> 
     </span>
    </p>
   </div>
   <div class='ocr_carea' id='block_1_76' title="bbox 329 5311 1907 5386">
    <p class='ocr_par' dir='ltr' id='par_1_76' title="bbox 329 5311 1907 5386">
     <span class='ocr_line' id='line_1_77' title="bbox 329 5311 1907 5386; baseline 0.005 -23"><span class='ocrx_word' id='word_1_587' title='bbox 329 5316 440 5386; x_wconf 72' lang='lat' dir='ltr'><strong>tate</strong></span> <span class='ocrx_word' id='word_1_588' title='bbox 470 5311 833 5386; x_wconf 64' lang='lat' dir='ltr'><strong>clarinsaIibi</strong></span> <span class='ocrx_word' id='word_1_589' title='bbox 870 5313 1106 5386; x_wconf 75' lang='lat' dir='ltr'><strong>loquntur</strong></span> <span class='ocrx_word' id='word_1_590' title='bbox 1134 5314 1413 5386; x_wconf 75' lang='lat' dir='ltr'><strong>Didymus,</strong></span> <span class='ocrx_word' id='word_1_591' title='bbox 1447 5332 1608 5386; x_wconf 92' lang='lat' dir='ltr'><strong>quam</strong></span> <span class='ocrx_word' id='word_1_592' title='bbox 1646 5328 1702 5370; x_wconf 91' lang='grc' dir='ltr'><strong>ιιι</strong></span> <span class='ocrx_word' id='word_1_593' title='bbox 1729 5320 1907 5386; x_wconf 75' lang='lat' dir='ltr'><strong>suspi-</strong></span> 
     </span>
    </p>
   </div>
   <div class='ocr_carea' id='block_1_77' title="bbox 328 5379 1900 5452">
    <p class='ocr_par' dir='ltr' id='par_1_77' title="bbox 328 5379 1900 5452">
     <span class='ocr_line' id='line_1_78' title="bbox 328 5379 1900 5452; baseline 0.006 -21"><span class='ocrx_word' id='word_1_594' title='bbox 328 5379 438 5431; x_wconf 87' lang='lat' dir='ltr'><strong>cari</strong></span> <span class='ocrx_word' id='word_1_595' title='bbox 469 5379 649 5442; x_wconf 79' lang='lat' dir='ltr'><strong>lit-eat,</strong></span> <span class='ocrx_word' id='word_1_596' title='bbox 678 5382 851 5447; x_wconf 89' lang='lat' dir='ltr'><strong>ipsum</strong></span> <span class='ocrx_word' id='word_1_597' title='bbox 876 5379 1113 5452; x_wconf 74' lang='lat' dir='ltr'><strong>generali</strong></span> <span class='ocrx_word' id='word_1_598' title='bbox 1146 5379 1251 5438; x_wconf 75' lang='lat' dir='ltr'><strong>hoc</strong></span> <span class='ocrx_word' id='word_1_599' title='bbox 1278 5379 1548 5440; x_wconf 71' lang='lat' dir='ltr'><strong>axiotnate</strong></span> <span class='ocrx_word' id='word_1_600' title='bbox 1577 5386 1720 5439; x_wconf 88' lang='lat' dir='ltr'><strong>illam</strong></span> <span class='ocrx_word' id='word_1_601' title='bbox 1751 5379 1900 5441; x_wconf 75' lang='lat' dir='ltr'><strong>ever-</strong></span> 
     </span>
    </p>
   </div>
   <div class='ocr_carea' id='block_1_78' title="bbox 329 5453 1907 5526">
    <p class='ocr_par' dir='ltr' id='par_1_78' title="bbox 329 5453 1907 5526">
     <span class='ocr_line' id='line_1_79' title="bbox 329 5453 1907 5526; baseline 0.006 -24"><span class='ocrx_word' id='word_1_602' title='bbox 329 5458 489 5526; x_wconf 86' lang='lat' dir='ltr'><strong>ter_e,_</strong></span> <span class='ocrx_word' id='word_1_603' title='bbox 516 5460 609 5503; x_wconf 89' lang='lat' dir='ltr'><strong>aut</strong></span> <span class='ocrx_word' id='word_1_604' title='bbox 655 5453 1175 5526; x_wconf 77' lang='lat' dir='ltr'><strong>tttlici_a_ri_\&#39;oluisse.</strong></span> <span class='ocrx_word' id='word_1_605' title='bbox 1225 5454 1607 5526; x_wconf 78' lang='lat' dir='ltr'><strong>Intelligendns</strong></span> <span class='ocrx_word' id='word_1_606' title='bbox 1653 5473 1782 5526; x_wconf 80' lang='lat' dir='ltr'><strong>ergo</strong></span> <span class='ocrx_word' id='word_1_607' title='bbox 1822 5468 1907 5512; x_wconf 86' lang='lat' dir='ltr'><strong>est</strong></span> 
     </span>
    </p>
   </div>
   <div class='ocr_carea' id='block_1_79' title="bbox 329 5520 1904 5594">
    <p class='ocr_par' dir='ltr' id='par_1_79' title="bbox 329 5520 1904 5594">
     <span class='ocr_line' id='line_1_80' title="bbox 329 5520 1904 5594; baseline 0.008 -24"><span class='ocrx_word' id='word_1_608' title='bbox 329 5520 410 5594; x_wconf 58' lang='grc' dir='ltr'><strong>νει</strong></span> <span class='ocrx_word' id='word_1_609' title='bbox 459 5521 526 5573; x_wconf 88' lang='lat' dir='ltr'><strong>tle</strong></span> <span class='ocrx_word' id='word_1_610' title='bbox 573 5522 993 5594; x_wconf 69' lang='lat' dir='ltr'><strong>:tsperta_ltilibtts</strong></span> <span class='ocrx_word' id='word_1_611' title='bbox 1042 5525 1327 5590; x_wconf 87' lang='lat' dir='ltr'><strong>creaturis,</strong></span> <span class='ocrx_word' id='word_1_612' title='bbox 1374 5520 1459 5579; x_wconf 60' lang='lat' dir='ltr'><strong>viai</strong></span> <span class='ocrx_word' id='word_1_613' title='bbox 1511 5526 1687 5594; x_wconf 81' lang='lat' dir='ltr'><strong>potius</strong></span> <span class='ocrx_word' id='word_1_614' title='bbox 1718 5520 1790 5580; x_wconf 60' lang='lat' dir='ltr'><strong>Ile</strong></span> <span class='ocrx_word' id='word_1_615' title='bbox 1839 5542 1904 5582; x_wconf 91' lang='lat' dir='ltr'><strong>eo</strong></span> 
     </span>
    </p>
   </div>
   <div class='ocr_carea' id='block_1_80' title="bbox 330 5588 1902 5667">
    <p class='ocr_par' dir='ltr' id='par_1_80' title="bbox 330 5588 1902 5667">
     <span class='ocr_line' id='line_1_81' title="bbox 330 5588 1902 5667; baseline 0.008 -26"><span class='ocrx_word' id='word_1_616' title='bbox 330 5588 458 5653; x_wconf 84' lang='lat' dir='ltr'><strong>line,</strong></span> <span class='ocrx_word' id='word_1_617' title='bbox 516 5588 802 5667; x_wconf 37' lang='lat' dir='ltr'><strong>qui—nihil</strong></span> <span class='ocrx_word' id='word_1_618' title='bbox 853 5593 996 5648; x_wconf 88' lang='lat' dir='ltr'><strong>aliud</strong></span> <span class='ocrx_word' id='word_1_619' title='bbox 1050 5588 1351 5667; x_wconf 5' lang='lat' dir='ltr'><strong>sit,qquatn</strong></span> <span class='ocrx_word' id='word_1_620' title='bbox 1393 5588 1568 5667; x_wconf 78' lang='grc' dir='ltr'>τροπή</span> <span class='ocrx_word' id='word_1_621' title='bbox 1627 5596 1752 5667; x_wconf 86' lang='lat' dir='ltr'><strong>illa,</strong></span> <span class='ocrx_word' id='word_1_622' title='bbox 1806 5613 1902 5653; x_wconf 85' lang='lat' dir='ltr'><strong>seu</strong></span> 
     </span>
    </p>
   </div>
   <div class='ocr_carea' id='block_1_81' title="bbox 333 5663 1903 5736">
    <p class='ocr_par' dir='ltr' id='par_1_81' title="bbox 333 5663 1903 5736">
     <span class='ocr_line' id='line_1_82' title="bbox 333 5663 1903 5736; baseline 0.01 -29"><span class='ocrx_word' id='word_1_623' title='bbox 333 5663 728 5736; x_wconf 44' lang='lat' dir='ltr'><strong>«conversion</strong></span> <span class='ocrx_word' id='word_1_624' title='bbox 785 5673 879 5716; x_wconf 91' lang='lat' dir='ltr'><strong>aut</strong></span> <span class='ocrx_word' id='word_1_625' title='bbox 940 5663 1291 5728; x_wconf 61' lang='lat' dir='ltr'><strong>«mutatio,»</strong></span> <span class='ocrx_word' id='word_1_626' title='bbox 1344 5663 1505 5734; x_wconf 77' lang='lat' dir='ltr'><strong>quam</strong></span> <span class='ocrx_word' id='word_1_627' title='bbox 1557 5663 1726 5736; x_wconf 80' lang='lat' dir='ltr'><strong>paulo</strong></span> <span class='ocrx_word' id='word_1_628' title='bbox 1775 5678 1903 5723; x_wconf 86' lang='lat' dir='ltr'><strong>ante</strong></span> 
     </span>
    </p>
   </div>
   <div class='ocr_carea' id='block_1_82' title="bbox 328 5735 1969 5810">
    <p class='ocr_par' dir='ltr' id='par_1_82' title="bbox 328 5735 1969 5810">
     <span class='ocr_line' id='line_1_83' title="bbox 328 5735 1969 5810; baseline 0.009 -32"><span class='ocrx_word' id='word_1_629' title='bbox 328 5741 487 5810; x_wconf 68' lang='lat' dir='ltr'><strong>sensu</strong></span> <span class='ocrx_word' id='word_1_630' title='bbox 534 5735 1071 5810; x_wconf 76' lang='lat' dir='ltr'><strong>tttctapltorico,_attt_</strong></span> <span class='ocrx_word' id='word_1_631' title='bbox 1113 5737 1291 5810; x_wconf 75' lang='lat' dir='ltr'><strong>potius</strong></span> <span class='ocrx_word' id='word_1_632' title='bbox 1328 5735 1644 5810; x_wconf 73' lang='lat' dir='ltr'><strong>dialectico,</strong></span> <span class='ocrx_word' id='word_1_633' title='bbox 1704 5756 1722 5788; x_wconf 81' lang='grc' dir='ltr'><strong>ι</strong></span> <span class='ocrx_word' id='word_1_634' title='bbox 1749 5752 1899 5791; x_wconf 88' lang='lat' dir='ltr'><strong>mor-</strong></span> <span class='ocrx_word' id='word_1_635' title='bbox 1964 5768 1969 5771; x_wconf 88' lang='lat'><strong><em>-</em></strong></span> 
     </span>
    </p>
   </div>
   <div class='ocr_carea' id='block_1_83' title="bbox 332 5804 1899 5876">
    <p class='ocr_par' dir='ltr' id='par_1_83' title="bbox 332 5804 1899 5876">
     <span class='ocr_line' id='line_1_84' title="bbox 332 5804 1899 5876; baseline 0.009 -29"><span class='ocrx_word' id='word_1_636' title='bbox 332 5808 481 5876; x_wconf 65' lang='lat' dir='ltr'><strong>temp</strong></span> <span class='ocrx_word' id='word_1_637' title='bbox 537 5816 753 5871; x_wconf 84' lang='lat' dir='ltr'><strong>quoque</strong></span> <span class='ocrx_word' id='word_1_638' title='bbox 803 5804 1123 5876; x_wconf 75' lang='lat' dir='ltr'><strong>appellavit.</strong></span> <span class='ocrx_word' id='word_1_639' title='bbox 1170 5804 1375 5876; x_wconf 77' lang='lat' dir='ltr'><strong>Mirum</strong></span> <span class='ocrx_word' id='word_1_640' title='bbox 1416 5806 1467 5860; x_wconf 92' lang='lat' dir='ltr'><strong>iu</strong></span> <span class='ocrx_word' id='word_1_641' title='bbox 1503 5809 1727 5876; x_wconf 69' lang='lat' dir='ltr'><strong>inodum</strong></span> <span class='ocrx_word' id='word_1_642' title='bbox 1786 5809 1899 5861; x_wconf 74' lang='lat' dir='ltr'><strong>lucc</strong></span> 
     </span>
    </p>
   </div>
   <div class='ocr_carea' id='block_1_84' title="bbox 330 5866 1897 5953">
    <p class='ocr_par' dir='ltr' id='par_1_84' title="bbox 330 5866 1897 5953">
     <span class='ocr_line' id='line_1_85' title="bbox 330 5866 1897 5953; baseline 0.004 -29"><span class='ocrx_word' id='word_1_643' title='bbox 330 5866 761 5928; x_wconf 47' lang='lat' dir='ltr'><strong>illustrantur&#39;ca</strong></span> <span class='ocrx_word' id='word_1_644' title='bbox 800 5866 891 5944; x_wconf 61' lang='lat' dir='ltr'><strong>iis,</strong></span> <span class='ocrx_word' id='word_1_645' title='bbox 939 5889 1055 5953; x_wconf 73' lang='lat' dir='ltr'><strong>qua:</strong></span> <span class='ocrx_word' id='word_1_646' title='bbox 1084 5876 1137 5929; x_wconf 91' lang='lat' dir='ltr'><strong>in</strong></span> <span class='ocrx_word' id='word_1_647' title='bbox 1169 5874 1308 5933; x_wconf 86' lang='lat' dir='ltr'><strong>libro</strong></span> <span class='ocrx_word' id='word_1_648' title='bbox 1352 5875 1428 5931; x_wconf 86' lang='lat' dir='ltr'><strong>De</strong></span> <span class='ocrx_word' id='word_1_649' title='bbox 1477 5874 1678 5948; x_wconf 72' lang='lat' dir='ltr'><strong>Spiritu</strong></span> <span class='ocrx_word' id='word_1_650' title='bbox 1716 5890 1897 5932; x_wconf 79' lang='lat' dir='ltr'><strong>sancto</strong></span> 
     </span>
    </p>
   </div>
   <div class='ocr_carea' id='block_1_85' title="bbox 2024 1974 3601 2046">
    <p class='ocr_par' dir='ltr' id='par_1_85' title="bbox 2024 1974 3601 2046">
     <span class='ocr_line' id='line_1_86' title="bbox 2024 1974 3601 2046; baseline 0.002 -20"><span class='ocrx_word' id='word_1_651' title='bbox 2024 1975 2161 2041; x_wconf 88' lang='lat' dir='ltr'><strong>quit,</strong></span> <span class='ocrx_word' id='word_1_652' title='bbox 2208 1984 2265 2028; x_wconf 92' lang='lat' dir='ltr'><strong>et</strong></span> <span class='ocrx_word' id='word_1_653' title='bbox 2311 1984 2457 2028; x_wconf 85' lang='lat' dir='ltr'><strong>terra</strong></span> <span class='ocrx_word' id='word_1_654' title='bbox 2511 1976 2783 2031; x_wconf 84' lang='lat' dir='ltr'><strong>transibit.</strong></span> <span class='ocrx_word' id='word_1_655' title='bbox 2812 1995 2832 2029; x_wconf 85' lang='grc' dir='ltr'><strong>ι</strong></span> <span class='ocrx_word' id='word_1_656' title='bbox 2877 1974 3262 2046; x_wconf 85' lang='lat' dir='ltr'><strong>Propltetatutn</strong></span> <span class='ocrx_word' id='word_1_657' title='bbox 3315 1986 3400 2030; x_wconf 91' lang='lat' dir='ltr'><strong>est</strong></span> <span class='ocrx_word' id='word_1_658' title='bbox 3431 1978 3601 2042; x_wconf 89' lang='lat' dir='ltr'><strong>enim,</strong></span> 
     </span>
    </p>
   </div>
   <div class='ocr_carea' id='block_1_86' title="bbox 2021 2065 3599 2137">
    <p class='ocr_par' dir='ltr' id='par_1_86' title="bbox 2021 2065 3599 2137">
     <span class='ocr_line' id='line_1_87' title="bbox 2021 2065 3599 2137; baseline 0.002 -19"><span class='ocrx_word' id='word_1_659' title='bbox 2021 2066 2135 2120; x_wconf 79' lang='lat' dir='ltr'><strong>fore</strong></span> <span class='ocrx_word' id='word_1_660' title='bbox 2171 2084 2188 2117; x_wconf 87' lang='grc' dir='ltr'><strong>ι</strong></span> <span class='ocrx_word' id='word_1_661' title='bbox 2212 2065 2381 2120; x_wconf 64' lang='lat' dir='ltr'><strong>caelos</strong></span> <span class='ocrx_word' id='word_1_662' title='bbox 2409 2067 2521 2137; x_wconf 65' lang='lat'><strong>(51)</strong></span> <span class='ocrx_word' id='word_1_663' title='bbox 2550 2082 2751 2133; x_wconf 79' lang='lat' dir='ltr'><strong>novos,</strong></span> <span class='ocrx_word' id='word_1_664' title='bbox 2802 2075 2858 2122; x_wconf 91' lang='lat' dir='ltr'><strong>et</strong></span> <span class='ocrx_word' id='word_1_665' title='bbox 2910 2077 3108 2121; x_wconf 86' lang='lat' dir='ltr'><strong>terram</strong></span> <span class='ocrx_word' id='word_1_666' title='bbox 3162 2082 3374 2121; x_wconf 82' lang='lat' dir='ltr'><strong>novam.</strong></span> <span class='ocrx_word' id='word_1_667' title='bbox 3407 2087 3427 2119; x_wconf 86' lang='grc' dir='ltr'><strong>ι</strong></span> <span class='ocrx_word' id='word_1_668' title='bbox 3466 2066 3599 2121; x_wconf 82' lang='lat' dir='ltr'><strong>Nam</strong></span> 
     </span>
    </p>
   </div>
   <div class='ocr_carea' id='block_1_87' title="bbox 2020 2159 3602 2229">
    <p class='ocr_par' dir='ltr' id='par_1_87' title="bbox 2020 2159 3602 2229">
     <span class='ocr_line' id='line_1_88' title="bbox 2020 2159 3602 2229; baseline 0.003 -19"><span class='ocrx_word' id='word_1_669' title='bbox 2020 2172 2205 2212; x_wconf 81' lang='lat' dir='ltr'><strong>revera</strong></span> <span class='ocrx_word' id='word_1_670' title='bbox 2237 2159 2499 2228; x_wconf 88' lang='lat' dir='ltr'><strong>quidquid</strong></span> <span class='ocrx_word' id='word_1_671' title='bbox 2531 2160 2742 2215; x_wconf 87' lang='lat' dir='ltr'><strong>initiqu</strong></span> <span class='ocrx_word' id='word_1_672' title='bbox 2795 2160 3024 2229; x_wconf 85' lang='lat' dir='ltr'><strong>accepit,</strong></span> <span class='ocrx_word' id='word_1_673' title='bbox 3080 2160 3300 2216; x_wconf 85' lang='lat' dir='ltr'><strong>habebit</strong></span> <span class='ocrx_word' id='word_1_674' title='bbox 3335 2160 3498 2225; x_wconf 71' lang='lat' dir='ltr'><strong>etiam</strong></span> <span class='ocrx_word' id='word_1_675' title='bbox 3538 2161 3602 2216; x_wconf 87' lang='lat' dir='ltr'><strong>tl-</strong></span> 
     </span>
    </p>
   </div>
   <div class='ocr_carea' id='block_1_88' title="bbox 2018 2248 3603 2333">
    <p class='ocr_par' dir='ltr' id='par_1_88' title="bbox 2018 2248 3603 2333">
     <span class='ocr_line' id='line_1_89' title="bbox 2018 2248 3603 2333; baseline 0.003 -31"><span class='ocrx_word' id='word_1_676' title='bbox 2018 2248 2303 2330; x_wconf 77' lang='lat' dir='ltr'><strong>nem_(55).</strong></span> <span class='ocrx_word' id='word_1_677' title='bbox 2334 2250 2572 2320; x_wconf 89' lang='lat' dir='ltr'><strong>Spiritus</strong></span> <span class='ocrx_word' id='word_1_678' title='bbox 2601 2262 2780 2306; x_wconf 87' lang='lat' dir='ltr'><strong>autem</strong></span> <span class='ocrx_word' id='word_1_679' title='bbox 2816 2259 3039 2306; x_wconf 87' lang='lat' dir='ltr'><strong>sanctus</strong></span> <span class='ocrx_word' id='word_1_680' title='bbox 3072 2251 3228 2322; x_wconf 79' lang='lat'><strong>152</strong></span> <span class='ocrx_word' id='word_1_681' title='bbox 3264 2251 3603 2333; x_wconf 48' lang='lat' dir='ltr'><strong>Clllll‘lllcmla</strong></span> 
     </span>
    </p>
   </div>
   <div class='ocr_carea' id='block_1_89' title="bbox 2018 2340 3600 2415">
    <p class='ocr_par' dir='ltr' id='par_1_89' title="bbox 2018 2340 3600 2415">
     <span class='ocr_line' id='line_1_90' title="bbox 2018 2340 3600 2415; baseline 0.002 -19"><span class='ocrx_word' id='word_1_682' title='bbox 2018 2340 2202 2406; x_wconf 87' lang='lat' dir='ltr'><strong>bilem,</strong></span> <span class='ocrx_word' id='word_1_683' title='bbox 2232 2352 2287 2396; x_wconf 88' lang='lat' dir='ltr'><strong>et</strong></span> <span class='ocrx_word' id='word_1_684' title='bbox 2316 2357 2496 2397; x_wconf 88' lang='lat' dir='ltr'><strong>rerum</strong></span> <span class='ocrx_word' id='word_1_685' title='bbox 2520 2344 2765 2398; x_wconf 88' lang='lat' dir='ltr'><strong>omnium</strong></span> <span class='ocrx_word' id='word_1_686' title='bbox 2795 2344 3065 2415; x_wconf 75' lang='lat' dir='ltr'><strong>dominatu</strong></span> <span class='ocrx_word' id='word_1_687' title='bbox 3086 2383 3103 2408; x_wconf 93' lang='lat'><strong>,</strong></span> <span class='ocrx_word' id='word_1_688' title='bbox 3142 2345 3526 2413; x_wconf 86' lang='lat' dir='ltr'><strong>sempiternam</strong></span> <span class='ocrx_word' id='word_1_689' title='bbox 3544 2352 3600 2399; x_wconf 76' lang='grc' dir='ltr'><strong>ει</strong></span> 
     </span>
    </p>
   </div>
   <div class='ocr_carea' id='block_1_90' title="bbox 2017 2428 3598 2503">
    <p class='ocr_par' dir='ltr' id='par_1_90' title="bbox 2017 2428 3598 2503">
     <span class='ocr_line' id='line_1_91' title="bbox 2017 2428 3598 2503; baseline 0.001 -20"><span class='ocrx_word' id='word_1_690' title='bbox 2017 2428 2490 2501; x_wconf 86' lang='lat' dir='ltr'><strong>incorruptibilem</strong></span> <span class='ocrx_word' id='word_1_691' title='bbox 2524 2445 2775 2488; x_wconf 87' lang='lat' dir='ltr'><strong>naturam</strong></span> <span class='ocrx_word' id='word_1_692' title='bbox 2818 2434 3036 2502; x_wconf 88' lang='lat' dir='ltr'><strong>habeat,</strong></span> <span class='ocrx_word' id='word_1_693' title='bbox 3066 2443 3122 2489; x_wconf 89' lang='lat' dir='ltr'><strong>et</strong></span> <span class='ocrx_word' id='word_1_694' title='bbox 3163 2448 3271 2488; x_wconf 92' lang='lat' dir='ltr'><strong>uno</strong></span> <span class='ocrx_word' id='word_1_695' title='bbox 3297 2434 3598 2503; x_wconf 81' lang='lat' dir='ltr'><strong>eodemque</strong></span> 
     </span>
    </p>
   </div>
   <div class='ocr_carea' id='block_1_91' title="bbox 2017 2526 3598 2595">
    <p class='ocr_par' dir='ltr' id='par_1_91' title="bbox 2017 2526 3598 2595">
     <span class='ocr_line' id='line_1_92' title="bbox 2017 2526 3598 2595; baseline 0.001 -19"><span class='ocrx_word' id='word_1_696' title='bbox 2017 2536 2234 2593; x_wconf 84' lang='lat' dir='ltr'><strong>semper</strong></span> <span class='ocrx_word' id='word_1_697' title='bbox 2264 2527 2426 2581; x_wconf 88' lang='lat' dir='ltr'><strong>modo</strong></span> <span class='ocrx_word' id='word_1_698' title='bbox 2472 2528 2722 2592; x_wconf 81' lang='lat' dir='ltr'><strong>exsistat,</strong></span> <span class='ocrx_word' id='word_1_699' title='bbox 2768 2536 2823 2581; x_wconf 90' lang='lat' dir='ltr'><strong>et</strong></span> <span class='ocrx_word' id='word_1_700' title='bbox 2877 2526 3024 2583; x_wconf 89' lang='lat' dir='ltr'><strong>solus</strong></span> <span class='ocrx_word' id='word_1_701' title='bbox 3059 2542 3121 2580; x_wconf 91' lang='lat' dir='ltr'><strong>ea</strong></span> <span class='ocrx_word' id='word_1_702' title='bbox 3175 2540 3295 2595; x_wconf 78' lang='lat' dir='ltr'><strong>quae</strong></span> <span class='ocrx_word' id='word_1_703' title='bbox 3326 2536 3449 2581; x_wconf 90' lang='lat' dir='ltr'><strong>sunt</strong></span> <span class='ocrx_word' id='word_1_704' title='bbox 3479 2526 3598 2585; x_wconf 87' lang='lat' dir='ltr'><strong>Dei,</strong></span> 
     </span>
    </p>
   </div>
   <div class='ocr_carea' id='block_1_92' title="bbox 2019 2616 3597 2685">
    <p class='ocr_par' dir='ltr' id='par_1_92' title="bbox 2019 2616 3597 2685">
     <span class='ocr_line' id='line_1_93' title="bbox 2019 2616 3597 2685; baseline -0.002 -14"><span class='ocrx_word' id='word_1_705' title='bbox 2019 2616 2164 2671; x_wconf 86' lang='lat' dir='ltr'><strong>norit</strong></span> <span class='ocrx_word' id='word_1_706' title='bbox 2206 2625 2259 2670; x_wconf 91' lang='lat' dir='ltr'><strong>et</strong></span> <span class='ocrx_word' id='word_1_707' title='bbox 2282 2616 2465 2685; x_wconf 81' lang='lat' dir='ltr'><strong>faciat,</strong></span> <span class='ocrx_word' id='word_1_708' title='bbox 2496 2626 2553 2671; x_wconf 90' lang='lat' dir='ltr'><strong>et</strong></span> <span class='ocrx_word' id='word_1_709' title='bbox 2579 2618 2760 2672; x_wconf 88' lang='lat' dir='ltr'><strong>omnia</strong></span> <span class='ocrx_word' id='word_1_710' title='bbox 2796 2630 2919 2670; x_wconf 91' lang='lat' dir='ltr'><strong>cum</strong></span> <span class='ocrx_word' id='word_1_711' title='bbox 2965 2617 3281 2680; x_wconf 90' lang='lat' dir='ltr'><strong>rationalia,</strong></span> <span class='ocrx_word' id='word_1_712' title='bbox 3334 2624 3387 2670; x_wconf 90' lang='lat' dir='ltr'><strong>et</strong></span> <span class='ocrx_word' id='word_1_713' title='bbox 3419 2631 3513 2685; x_wconf 88' lang='lat' dir='ltr'><strong>per</strong></span> <span class='ocrx_word' id='word_1_714' title='bbox 3539 2617 3597 2668; x_wconf 81' lang='lat' dir='ltr'><strong>ti-</strong></span> 
     </span>
    </p>
   </div>
   <div class='ocr_carea' id='block_1_93' title="bbox 2017 2707 3600 2778">
    <p class='ocr_par' dir='ltr' id='par_1_93' title="bbox 2017 2707 3600 2778">
     <span class='ocr_line' id='line_1_94' title="bbox 2017 2707 3600 2778; baseline -0.003 -14"><span class='ocrx_word' id='word_1_715' title='bbox 2017 2710 2137 2764; x_wconf 90' lang='lat' dir='ltr'><strong>dem</strong></span> <span class='ocrx_word' id='word_1_716' title='bbox 2179 2708 2415 2778; x_wconf 82' lang='lat' dir='ltr'><strong>perfecta</strong></span> <span class='ocrx_word' id='word_1_717' title='bbox 2442 2748 2459 2776; x_wconf 95' lang='lat'><strong>,</strong></span> <span class='ocrx_word' id='word_1_718' title='bbox 2506 2718 2620 2763; x_wconf 91' lang='lat' dir='ltr'><strong>tum</strong></span> <span class='ocrx_word' id='word_1_719' title='bbox 2662 2707 2995 2762; x_wconf 87' lang='lat' dir='ltr'><strong>irrationalia</strong></span> <span class='ocrx_word' id='word_1_720' title='bbox 3056 2716 3263 2760; x_wconf 85' lang='lat' dir='ltr'><strong>tutetur</strong></span> <span class='ocrx_word' id='word_1_721' title='bbox 3324 2720 3495 2774; x_wconf 85' lang='lat' dir='ltr'><strong>usque</strong></span> <span class='ocrx_word' id='word_1_722' title='bbox 3531 2707 3600 2760; x_wconf 87' lang='lat' dir='ltr'><strong>ad</strong></span> 
     </span>
    </p>
   </div>
   <div class='ocr_carea' id='block_1_94' title="bbox 2017 2798 3596 2872">
    <p class='ocr_par' dir='ltr' id='par_1_94' title="bbox 2017 2798 3596 2872">
     <span class='ocr_line' id='line_1_95' title="bbox 2017 2798 3596 2872; baseline -0.004 -16"><span class='ocrx_word' id='word_1_723' title='bbox 2017 2803 2358 2872; x_wconf 75' lang='lat' dir='ltr'><strong>assignatum</strong></span> <span class='ocrx_word' id='word_1_724' title='bbox 2398 2803 2634 2871; x_wconf 70' lang='lat' dir='ltr'><strong>iis,qu:e</strong></span> <span class='ocrx_word' id='word_1_725' title='bbox 2686 2799 2970 2856; x_wconf 86' lang='lat' dir='ltr'><strong>rationalia</strong></span> <span class='ocrx_word' id='word_1_726' title='bbox 3028 2814 3135 2853; x_wconf 93' lang='lat' dir='ltr'><strong>non</strong></span> <span class='ocrx_word' id='word_1_727' title='bbox 3191 2807 3338 2864; x_wconf 85' lang='lat' dir='ltr'><strong>sunt,</strong></span> <span class='ocrx_word' id='word_1_728' title='bbox 3374 2798 3596 2853; x_wconf 88' lang='lat' dir='ltr'><strong>limitem</strong></span> 
     </span>
    </p>
   </div>
   <div class='ocr_carea' id='block_1_95' title="bbox 1986 2890 3604 2963">
    <p class='ocr_par' dir='ltr' id='par_1_95' title="bbox 1986 2890 3604 2963">
     <span class='ocr_line' id='line_1_96' title="bbox 1986 2890 3604 2963; baseline -0.002 -16"><span class='ocrx_word' id='word_1_729' title='bbox 1986 2893 2439 2963; x_wconf 70' lang='lat' dir='ltr'><strong>-perseverautiat</strong></span> <span class='ocrx_word' id='word_1_730' title='bbox 2475 2894 2528 2946; x_wconf 95' lang='lat' dir='ltr'><strong>in</strong></span> <span class='ocrx_word' id='word_1_731' title='bbox 2587 2893 2909 2957; x_wconf 83' lang='lat' dir='ltr'><strong>identitate;</strong></span> <span class='ocrx_word' id='word_1_732' title='bbox 2952 2890 3158 2946; x_wconf 88' lang='lat' dir='ltr'><strong>idcirco</strong></span> <span class='ocrx_word' id='word_1_733' title='bbox 3190 2906 3257 2945; x_wconf 79' lang='lat' dir='ltr'><strong>ex</strong></span> <span class='ocrx_word' id='word_1_734' title='bbox 3305 2900 3518 2953; x_wconf 89' lang='lat' dir='ltr'><strong>natura,</strong></span> <span class='ocrx_word' id='word_1_735' title='bbox 3548 2898 3604 2943; x_wconf 83' lang='lat' dir='ltr'><strong>cl.</strong></span> 
     </span>
    </p>
   </div>
   <div class='ocr_carea' id='block_1_96' title="bbox 2017 2982 3601 3050">
    <p class='ocr_par' dir='ltr' id='par_1_96' title="bbox 2017 2982 3601 3050">
     <span class='ocr_line' id='line_1_97' title="bbox 2017 2982 3601 3050; baseline -0.003 -10"><span class='ocrx_word' id='word_1_736' title='bbox 2017 2985 2293 3040; x_wconf 71' lang='lat' dir='ltr'><strong>voluntate</strong></span> <span class='ocrx_word' id='word_1_737' title='bbox 2313 3001 2409 3038; x_wconf 88' lang='lat' dir='ltr'><strong>sua</strong></span> <span class='ocrx_word' id='word_1_738' title='bbox 2433 2983 2812 3038; x_wconf 84' lang='lat' dir='ltr'><strong>conversionis</strong></span> <span class='ocrx_word' id='word_1_739' title='bbox 2836 3023 2852 3049; x_wconf 95' lang='lat'><strong>,</strong></span> <span class='ocrx_word' id='word_1_740' title='bbox 2899 2991 2955 3037; x_wconf 88' lang='lat' dir='ltr'><strong>et</strong></span> <span class='ocrx_word' id='word_1_741' title='bbox 3008 2982 3327 3036; x_wconf 86' lang='lat' dir='ltr'><strong>mutationis</strong></span> <span class='ocrx_word' id='word_1_742' title='bbox 3373 2983 3601 3050; x_wconf 83' lang='lat' dir='ltr'><strong>inraan</strong></span> 
     </span>
    </p>
   </div>
   <div class='ocr_carea' id='block_1_97' title="bbox 2016 3073 3600 3144">
    <p class='ocr_par' dir='ltr' id='par_1_97' title="bbox 2016 3073 3600 3144">
     <span class='ocr_line' id='line_1_98' title="bbox 2016 3073 3600 3144; baseline -0.002 -13"><span class='ocrx_word' id='word_1_743' title='bbox 2016 3087 2122 3139; x_wconf 90' lang='lat' dir='ltr'><strong>est,</strong></span> <span class='ocrx_word' id='word_1_744' title='bbox 2151 3076 2200 3129; x_wconf 90' lang='lat' dir='ltr'><strong>id</strong></span> <span class='ocrx_word' id='word_1_745' title='bbox 2231 3084 2336 3139; x_wconf 88' lang='lat' dir='ltr'><strong>est,</strong></span> <span class='ocrx_word' id='word_1_746' title='bbox 2371 3075 2817 3144; x_wconf 83' lang='lat' dir='ltr'><strong>incorruptibilis.</strong></span> <span class='ocrx_word' id='word_1_747' title='bbox 2871 3073 3023 3142; x_wconf 85' lang='lat' dir='ltr'><strong>Quod</strong></span> <span class='ocrx_word' id='word_1_748' title='bbox 3050 3085 3323 3129; x_wconf 83' lang='lat' dir='ltr'><strong>autemest</strong></span> <span class='ocrx_word' id='word_1_749' title='bbox 3345 3074 3600 3128; x_wconf 83' lang='lat' dir='ltr'><strong>immuta-</strong></span> 
     </span>
    </p>
   </div>
   <div class='ocr_carea' id='block_1_98' title="bbox 2018 3168 3603 3237">
    <p class='ocr_par' dir='ltr' id='par_1_98' title="bbox 2018 3168 3603 3237">
     <span class='ocr_line' id='line_1_99' title="bbox 2018 3168 3603 3237; baseline -0.003 -14"><span class='ocrx_word' id='word_1_750' title='bbox 2018 3170 2145 3233; x_wconf 82' lang='lat' dir='ltr'><strong>bile,</strong></span> <span class='ocrx_word' id='word_1_751' title='bbox 2206 3169 2321 3222; x_wconf 78' lang='lat' dir='ltr'><strong>sire</strong></span> <span class='ocrx_word' id='word_1_752' title='bbox 2380 3168 2818 3237; x_wconf 84' lang='lat' dir='ltr'><strong>incorruptibile,</strong></span> <span class='ocrx_word' id='word_1_753' title='bbox 2859 3178 2943 3222; x_wconf 88' lang='lat' dir='ltr'><strong>est</strong></span> <span class='ocrx_word' id='word_1_754' title='bbox 2996 3168 3159 3221; x_wconf 88' lang='lat' dir='ltr'><strong>etiam</strong></span> <span class='ocrx_word' id='word_1_755' title='bbox 3197 3168 3331 3220; x_wconf 88' lang='lat' dir='ltr'><strong>ittitii</strong></span> <span class='ocrx_word' id='word_1_756' title='bbox 3371 3176 3426 3221; x_wconf 89' lang='lat' dir='ltr'><strong>et</strong></span> <span class='ocrx_word' id='word_1_757' title='bbox 3480 3169 3603 3222; x_wconf 81' lang='lat' dir='ltr'><strong>linis</strong></span> 
     </span>
    </p>
   </div>
   <div class='ocr_carea' id='block_1_99' title="bbox 2019 3260 3603 3329">
    <p class='ocr_par' dir='ltr' id='par_1_99' title="bbox 2019 3260 3603 3329">
     <span class='ocr_line' id='line_1_100' title="bbox 2019 3260 3603 3329; baseline -0.001 -15"><span class='ocrx_word' id='word_1_758' title='bbox 2019 3275 2234 3329; x_wconf 78' lang='lat' dir='ltr'><strong>expers,</strong></span> <span class='ocrx_word' id='word_1_759' title='bbox 2264 3271 2314 3313; x_wconf 88' lang='lat' dir='ltr'><strong>et</strong></span> <span class='ocrx_word' id='word_1_760' title='bbox 2342 3260 2626 3315; x_wconf 78' lang='lat' dir='ltr'><strong>excellenti</strong></span> <span class='ocrx_word' id='word_1_761' title='bbox 2654 3261 2812 3315; x_wconf 84' lang='lat' dir='ltr'><strong>modo</strong></span> <span class='ocrx_word' id='word_1_762' title='bbox 2837 3260 3251 3329; x_wconf 86' lang='lat' dir='ltr'><strong>sempiternum.</strong></span> <span class='ocrx_word' id='word_1_763' title='bbox 3300 3261 3450 3324; x_wconf 73' lang='lat' dir='ltr'><strong>Quod</strong></span> <span class='ocrx_word' id='word_1_764' title='bbox 3475 3276 3603 3312; x_wconf 73' lang='lat' dir='ltr'><strong>vc&#39;o</strong></span> 
     </span>
    </p>
   </div>
   <div class='ocr_carea' id='block_1_100' title="bbox 2019 3352 3617 3417">
    <p class='ocr_par' dir='ltr' id='par_1_100' title="bbox 2019 3352 3617 3417">
     <span class='ocr_line' id='line_1_101' title="bbox 2019 3352 3617 3417; baseline -0.002 -11"><span class='ocrx_word' id='word_1_765' title='bbox 2019 3361 2103 3406; x_wconf 87' lang='lat' dir='ltr'><strong>est</strong></span> <span class='ocrx_word' id='word_1_766' title='bbox 2131 3363 2417 3416; x_wconf 59' lang='lat' dir='ltr'><strong>talentum,</strong></span> <span class='ocrx_word' id='word_1_767' title='bbox 2455 3361 2671 3405; x_wconf 87' lang='lat' dir='ltr'><strong>creator</strong></span> <span class='ocrx_word' id='word_1_768' title='bbox 2715 3361 2819 3415; x_wconf 90' lang='lat' dir='ltr'><strong>est,</strong></span> <span class='ocrx_word' id='word_1_769' title='bbox 2857 3366 2960 3404; x_wconf 91' lang='lat' dir='ltr'><strong>non</strong></span> <span class='ocrx_word' id='word_1_770' title='bbox 3011 3363 3281 3405; x_wconf 83' lang='lat' dir='ltr'><strong>creatura.</strong></span> <span class='ocrx_word' id='word_1_771' title='bbox 3333 3352 3617 3417; x_wconf 85' lang='lat' dir='ltr'><strong>Quocirca-</strong></span> 
     </span>
    </p>
   </div>
   <div class='ocr_carea' id='block_1_101' title="bbox 2022 3440 3601 3512">
    <p class='ocr_par' dir='ltr' id='par_1_101' title="bbox 2022 3440 3601 3512">
     <span class='ocr_line' id='line_1_102' title="bbox 2022 3440 3601 3512; baseline -0.001 -17"><span class='ocrx_word' id='word_1_772' title='bbox 2022 3440 2236 3512; x_wconf 87' lang='lat' dir='ltr'><strong>proprie</strong></span> <span class='ocrx_word' id='word_1_773' title='bbox 2273 3440 2509 3509; x_wconf 91' lang='lat' dir='ltr'><strong>loquitur</strong></span> <span class='ocrx_word' id='word_1_774' title='bbox 2545 3452 2656 3495; x_wconf 89' lang='lat' dir='ltr'><strong>tum</strong></span> <span class='ocrx_word' id='word_1_775' title='bbox 2713 3441 2990 3509; x_wconf 86' lang='lat' dir='ltr'><strong>Sapientia</strong></span> <span class='ocrx_word' id='word_1_776' title='bbox 3044 3441 3337 3509; x_wconf 87' lang='lat' dir='ltr'><strong>inquiens:</strong></span> <span class='ocrx_word' id='word_1_777' title='bbox 3368 3460 3386 3491; x_wconf 81' lang='grc' dir='ltr'><strong>ι</strong></span> <span class='ocrx_word' id='word_1_778' title='bbox 3425 3441 3601 3494; x_wconf 83' lang='lat' dir='ltr'><strong>Incor-</strong></span> 
     </span>
    </p>
   </div>
   <div class='ocr_carea' id='block_1_102' title="bbox 2022 3531 3596 3601">
    <p class='ocr_par' dir='ltr' id='par_1_102' title="bbox 2022 3531 3596 3601">
     <span class='ocr_line' id='line_1_103' title="bbox 2022 3531 3596 3601; baseline -0.003 -13"><span class='ocrx_word' id='word_1_779' title='bbox 2022 3532 2295 3601; x_wconf 65' lang='lat' dir='ltr'><strong>ruptihilis</strong></span> <span class='ocrx_word' id='word_1_780' title='bbox 2331 3532 2448 3601; x_wconf 79' lang='lat'><strong>(56)</strong></span> <span class='ocrx_word' id='word_1_781' title='bbox 2487 3542 2609 3586; x_wconf 88' lang='lat' dir='ltr'><strong>tuus</strong></span> <span class='ocrx_word' id='word_1_782' title='bbox 2647 3531 2885 3600; x_wconf 86' lang='lat' dir='ltr'><strong>Spiritus</strong></span> <span class='ocrx_word' id='word_1_783' title='bbox 2937 3532 3100 3585; x_wconf 90' lang='lat' dir='ltr'><strong>estin</strong></span> <span class='ocrx_word' id='word_1_784' title='bbox 3126 3532 3407 3594; x_wconf 85' lang='lat' dir='ltr'><strong>omnibus;</strong></span> <span class='ocrx_word' id='word_1_785' title='bbox 3443 3550 3460 3581; x_wconf 88' lang='grc' dir='ltr'><strong>ι</strong></span> <span class='ocrx_word' id='word_1_786' title='bbox 3488 3542 3596 3583; x_wconf 87' lang='grc' dir='ltr'>ιιιιιι</span> 
     </span>
    </p>
   </div>
   <div class='ocr_carea' id='block_1_103' title="bbox 2019 3621 3601 3691">
    <p class='ocr_par' dir='ltr' id='par_1_103' title="bbox 2019 3621 3601 3691">
     <span class='ocr_line' id='line_1_104' title="bbox 2019 3621 3601 3691; baseline -0.003 -13"><span class='ocrx_word' id='word_1_787' title='bbox 2019 3624 2234 3688; x_wconf 81' lang='lat' dir='ltr'><strong>Petrus,</strong></span> <span class='ocrx_word' id='word_1_788' title='bbox 2264 3639 2387 3678; x_wconf 89' lang='lat' dir='ltr'><strong>cum</strong></span> <span class='ocrx_word' id='word_1_789' title='bbox 2415 3624 2535 3677; x_wconf 91' lang='lat' dir='ltr'><strong>ait:</strong></span> <span class='ocrx_word' id='word_1_790' title='bbox 2592 3642 2610 3675; x_wconf 84' lang='grc' dir='ltr'><strong>ι</strong></span> <span class='ocrx_word' id='word_1_791' title='bbox 2650 3621 2707 3676; x_wconf 85' lang='lat' dir='ltr'><strong>In</strong></span> <span class='ocrx_word' id='word_1_792' title='bbox 2758 3623 3272 3690; x_wconf 83' lang='lat' dir='ltr'><strong>incorruptibilitate</strong></span> <span class='ocrx_word' id='word_1_793' title='bbox 3336 3621 3452 3691; x_wconf 88' lang='grc'><strong>(57)</strong></span> <span class='ocrx_word' id='word_1_794' title='bbox 3492 3621 3601 3674; x_wconf 87' lang='lat' dir='ltr'><strong>cle-</strong></span> 
     </span>
    </p>
   </div>
   <div class='ocr_carea' id='block_1_104' title="bbox 2022 3712 3601 3784">
    <p class='ocr_par' dir='ltr' id='par_1_104' title="bbox 2022 3712 3601 3784">
     <span class='ocr_line' id='line_1_105' title="bbox 2022 3712 3601 3784; baseline -0.002 -15"><span class='ocrx_word' id='word_1_795' title='bbox 2022 3718 2220 3770; x_wconf 84' lang='lat' dir='ltr'><strong>mentis</strong></span> <span class='ocrx_word' id='word_1_796' title='bbox 2249 3725 2302 3770; x_wconf 85' lang='lat' dir='ltr'><strong>et</strong></span> <span class='ocrx_word' id='word_1_797' title='bbox 2335 3715 2507 3784; x_wconf 86' lang='lat' dir='ltr'><strong>quieti</strong></span> <span class='ocrx_word' id='word_1_798' title='bbox 2564 3714 2822 3783; x_wconf 88' lang='lat' dir='ltr'><strong>Spiritus.</strong></span> <span class='ocrx_word' id='word_1_799' title='bbox 2855 3732 2875 3765; x_wconf 83' lang='grc' dir='ltr'><strong>ι</strong></span> <span class='ocrx_word' id='word_1_800' title='bbox 2903 3712 3079 3768; x_wconf 86' lang='lat' dir='ltr'><strong>Simili</strong></span> <span class='ocrx_word' id='word_1_801' title='bbox 3120 3714 3265 3768; x_wconf 88' lang='lat' dir='ltr'><strong>enim</strong></span> <span class='ocrx_word' id='word_1_802' title='bbox 3305 3713 3515 3767; x_wconf 86' lang='lat' dir='ltr'><strong>ratione</strong></span> <span class='ocrx_word' id='word_1_803' title='bbox 3535 3713 3601 3766; x_wconf 89' lang='lat' dir='ltr'><strong>de</strong></span> 
     </span>
    </p>
   </div>
   <div class='ocr_carea' id='block_1_105' title="bbox 2020 3803 3601 3885">
    <p class='ocr_par' dir='ltr' id='par_1_105' title="bbox 2020 3803 3601 3885">
     <span class='ocr_line' id='line_1_106' title="bbox 2020 3803 3601 3885; baseline -0.003 -23"><span class='ocrx_word' id='word_1_804' title='bbox 2020 3807 2181 3862; x_wconf 81' lang='lat' dir='ltr'><strong>l’atre</strong></span> <span class='ocrx_word' id='word_1_805' title='bbox 2209 3821 2444 3885; x_wconf 75' lang='lat' dir='ltr'><strong>quoque,</strong></span> <span class='ocrx_word' id='word_1_806' title='bbox 2470 3820 2594 3860; x_wconf 88' lang='lat' dir='ltr'><strong>cum</strong></span> <span class='ocrx_word' id='word_1_807' title='bbox 2630 3805 2846 3860; x_wconf 88' lang='lat' dir='ltr'><strong>sibimet</strong></span> <span class='ocrx_word' id='word_1_808' title='bbox 2873 3805 2989 3875; x_wconf 89' lang='lat' dir='ltr'><strong>ipse</strong></span> <span class='ocrx_word' id='word_1_809' title='bbox 3027 3820 3244 3875; x_wconf 89' lang='lat' dir='ltr'><strong>semper</strong></span> <span class='ocrx_word' id='word_1_810' title='bbox 3285 3803 3513 3874; x_wconf 67' lang='lat' dir='ltr'><strong>aequalis</strong></span> <span class='ocrx_word' id='word_1_811' title='bbox 3545 3814 3601 3859; x_wconf 85' lang='lat' dir='ltr'><strong>et</strong></span> 
     </span>
    </p>
   </div>
   <div class='ocr_carea' id='block_1_106' title="bbox 2018 3896 3599 3967">
    <p class='ocr_par' dir='ltr' id='par_1_106' title="bbox 2018 3896 3599 3967">
     <span class='ocr_line' id='line_1_107' title="bbox 2018 3896 3599 3967; baseline -0.003 -11"><span class='ocrx_word' id='word_1_812' title='bbox 2018 3899 2211 3956; x_wconf 89' lang='lat' dir='ltr'><strong>similis</strong></span> <span class='ocrx_word' id='word_1_813' title='bbox 2232 3899 2480 3960; x_wconf 79' lang='lat' dir='ltr'><strong>exsistat,</strong></span> <span class='ocrx_word' id='word_1_814' title='bbox 2518 3911 2697 3967; x_wconf 87' lang='lat' dir='ltr'><strong>neque</strong></span> <span class='ocrx_word' id='word_1_815' title='bbox 2727 3896 3063 3952; x_wconf 87' lang='lat' dir='ltr'><strong>remissionis</strong></span> <span class='ocrx_word' id='word_1_816' title='bbox 3104 3896 3160 3951; x_wconf 88' lang='lat' dir='ltr'><strong>itt</strong></span> <span class='ocrx_word' id='word_1_817' title='bbox 3214 3896 3474 3962; x_wconf 89' lang='lat' dir='ltr'><strong>deterius,</strong></span> <span class='ocrx_word' id='word_1_818' title='bbox 3502 3910 3599 3952; x_wconf 83' lang='lat' dir='ltr'><strong>ne-</strong></span> 
     </span>
    </p>
   </div>
   <div class='ocr_carea' id='block_1_107' title="bbox 2018 3987 3600 4064">
    <p class='ocr_par' dir='ltr' id='par_1_107' title="bbox 2018 3987 3600 4064">
     <span class='ocr_line' id='line_1_108' title="bbox 2018 3987 3600 4064; baseline -0.004 -15"><span class='ocrx_word' id='word_1_819' title='bbox 2018 4009 2125 4064; x_wconf 85' lang='lat' dir='ltr'><strong>que</strong></span> <span class='ocrx_word' id='word_1_820' title='bbox 2156 3993 2476 4048; x_wconf 90' lang='lat' dir='ltr'><strong>iutensionis</strong></span> <span class='ocrx_word' id='word_1_821' title='bbox 2509 3991 2563 4045; x_wconf 92' lang='lat' dir='ltr'><strong>in</strong></span> <span class='ocrx_word' id='word_1_822' title='bbox 2617 3990 2814 4044; x_wconf 84' lang='lat' dir='ltr'><strong>melius</strong></span> <span class='ocrx_word' id='word_1_823' title='bbox 2868 4003 3037 4056; x_wconf 78' lang='lat' dir='ltr'><strong>capax</strong></span> <span class='ocrx_word' id='word_1_824' title='bbox 3074 3990 3165 4053; x_wconf 90' lang='lat' dir='ltr'><strong>sit,</strong></span> <span class='ocrx_word' id='word_1_825' title='bbox 3199 3989 3401 4043; x_wconf 88' lang='lat' dir='ltr'><strong>dictum</strong></span> <span class='ocrx_word' id='word_1_826' title='bbox 3437 3987 3537 4042; x_wconf 81' lang='lat' dir='ltr'><strong>fuit</strong></span> <span class='ocrx_word' id='word_1_827' title='bbox 3569 4003 3600 4043; x_wconf 87' lang='lat' dir='ltr'><strong>a</strong></span> 
     </span>
    </p>
   </div>
   <div class='ocr_carea' id='block_1_108' title="bbox 2016 4080 3600 4155">
    <p class='ocr_par' dir='ltr' id='par_1_108' title="bbox 2016 4080 3600 4155">
     <span class='ocr_line' id='line_1_109' title="bbox 2016 4080 3600 4155; baseline -0.004 -15"><span class='ocrx_word' id='word_1_828' title='bbox 2016 4084 2261 4143; x_wconf 84' lang='lat' dir='ltr'><strong>Jacobo:</strong></span> <span class='ocrx_word' id='word_1_829' title='bbox 2301 4085 2493 4154; x_wconf 69' lang='lat' dir='ltr'><strong>«Apud</strong></span> <span class='ocrx_word' id='word_1_830' title='bbox 2526 4082 2637 4155; x_wconf 82' lang='lat'><strong>(58)</strong></span> <span class='ocrx_word' id='word_1_831' title='bbox 2669 4097 2828 4153; x_wconf 87' lang='lat' dir='ltr'><strong>quem</strong></span> <span class='ocrx_word' id='word_1_832' title='bbox 2881 4098 2986 4137; x_wconf 90' lang='lat' dir='ltr'><strong>non</strong></span> <span class='ocrx_word' id='word_1_833' title='bbox 3041 4091 3126 4137; x_wconf 87' lang='lat' dir='ltr'><strong>est</strong></span> <span class='ocrx_word' id='word_1_834' title='bbox 3195 4080 3600 4147; x_wconf 75' lang='lat' dir='ltr'><strong>transmutatio,</strong></span> 
     </span>
    </p>
   </div>
   <div class='ocr_carea' id='block_1_109' title="bbox 2026 4262 3600 4335">
    <p class='ocr_par' dir='ltr' id='par_1_109' title="bbox 2026 4262 3600 4335">
     <span class='ocr_line' id='line_1_110' title="bbox 2026 4262 3600 4335; baseline -0.003 -14"><span class='ocrx_word' id='word_1_835' title='bbox 2026 4267 2367 4321; x_wconf 86' lang='lat' dir='ltr'><strong>dictaverat:</strong></span> <span class='ocrx_word' id='word_1_836' title='bbox 2400 4281 2627 4335; x_wconf 88' lang='lat' dir='ltr'><strong>quorum</strong></span> <span class='ocrx_word' id='word_1_837' title='bbox 2668 4334 2671 4335; x_wconf 16' lang='grc' dir='ltr'><em>ν</em></span> <span class='ocrx_word' id='word_1_838' title='bbox 2709 4264 2885 4332; x_wconf 86' lang='lat' dir='ltr'><strong>aliqua</strong></span> <span class='ocrx_word' id='word_1_839' title='bbox 2957 4279 3023 4318; x_wconf 75' lang='lat' dir='ltr'><strong>ex</strong></span> <span class='ocrx_word' id='word_1_840' title='bbox 3087 4278 3235 4317; x_wconf 88' lang='lat' dir='ltr'><strong>num.</strong></span> <span class='ocrx_word' id='word_1_841' title='bbox 3302 4262 3368 4317; x_wconf 75' lang='grc'><strong>12</strong></span> <span class='ocrx_word' id='word_1_842' title='bbox 3427 4263 3600 4333; x_wconf 69' lang='lat' dir='ltr'><strong>placet</strong></span> 
     </span>
    </p>
   </div>
   <div class='ocr_carea' id='block_1_110' title="bbox 2023 4334 3595 4404">
    <p class='ocr_par' dir='ltr' id='par_1_110' title="bbox 2023 4334 3595 4404">
     <span class='ocr_line' id='line_1_111' title="bbox 2023 4334 3595 4404; baseline -0.005 -13"><span class='ocrx_word' id='word_1_843' title='bbox 2023 4337 2351 4392; x_wconf 81' lang='lat' dir='ltr'><strong>exscribere.</strong></span> <span class='ocrx_word' id='word_1_844' title='bbox 2410 4334 2696 4404; x_wconf 72' lang='lat' dir='ltr'><strong>iCapahili</strong></span> <span class='ocrx_word' id='word_1_845' title='bbox 2748 4337 2986 4403; x_wconf 86' lang='lat' dir='ltr'><strong>quippe,</strong></span> <span class='ocrx_word' id='word_1_846' title='bbox 3019 4352 3037 4385; x_wconf 87' lang='grc' dir='ltr'><strong>ι</strong></span> <span class='ocrx_word' id='word_1_847' title='bbox 3109 4336 3316 4403; x_wconf 82' lang='lat' dir='ltr'><strong>inquit,</strong></span> <span class='ocrx_word' id='word_1_848' title='bbox 3371 4336 3595 4388; x_wconf 67' lang='lat' dir='ltr'><strong>«statim</strong></span> 
     </span>
    </p>
   </div>
   <div class='ocr_carea' id='block_1_111' title="bbox 2023 4405 3597 4469">
    <p class='ocr_par' dir='ltr' id='par_1_111' title="bbox 2023 4405 3597 4469">
     <span class='ocr_line' id='line_1_112' title="bbox 2023 4405 3597 4469; baseline -0.002 -10"><span class='ocrx_word' id='word_1_849' title='bbox 2023 4407 2455 4469; x_wconf 82' lang='lat' dir='ltr'><strong>inconvertibile,</strong></span> <span class='ocrx_word' id='word_1_850' title='bbox 2490 4419 2545 4461; x_wconf 92' lang='lat' dir='ltr'><strong>et</strong></span> <span class='ocrx_word' id='word_1_851' title='bbox 2585 4405 2983 4460; x_wconf 81' lang='lat' dir='ltr'><strong>inconvertthiti</strong></span> <span class='ocrx_word' id='word_1_852' title='bbox 3013 4416 3275 4457; x_wconf 72' lang='lat' dir='ltr'><strong>auct-nutu</strong></span> <span class='ocrx_word' id='word_1_853' title='bbox 3299 4415 3382 4458; x_wconf 91' lang='lat' dir='ltr'><strong>est</strong></span> <span class='ocrx_word' id='word_1_854' title='bbox 3402 4420 3597 4457; x_wconf 85' lang='lat' dir='ltr'><strong>consc-</strong></span> 
     </span>
    </p>
   </div>
   <div class='ocr_carea' id='block_1_112' title="bbox 2022 4473 3585 4545">
    <p class='ocr_par' dir='ltr' id='par_1_112' title="bbox 2022 4473 3585 4545">
     <span class='ocr_line' id='line_1_113' title="bbox 2022 4473 3585 4545; baseline -0.003 -16"><span class='ocrx_word' id='word_1_855' title='bbox 2022 4492 2194 4543; x_wconf 88' lang='lat' dir='ltr'><strong>quens</strong></span> <span class='ocrx_word' id='word_1_856' title='bbox 2222 4495 2236 4531; x_wconf 84' lang='lat'>:</span> <span class='ocrx_word' id='word_1_857' title='bbox 2274 4479 2542 4545; x_wconf 88' lang='lat' dir='ltr'><strong>quomodo</strong></span> <span class='ocrx_word' id='word_1_858' title='bbox 2570 4492 2601 4530; x_wconf 92' lang='lat' dir='ltr'><strong>e</strong></span> <span class='ocrx_word' id='word_1_859' title='bbox 2632 4476 2907 4530; x_wconf 88' lang='lat' dir='ltr'><strong>contrario</strong></span> <span class='ocrx_word' id='word_1_860' title='bbox 2934 4475 3167 4541; x_wconf 71' lang='lat' dir='ltr'><strong>capienti</strong></span> <span class='ocrx_word' id='word_1_861' title='bbox 3211 4473 3585 4545; x_wconf 72' lang='lat' dir='ltr'><strong>convertibile,</strong></span> 
     </span>
    </p>
   </div>
   <div class='ocr_carea' id='block_1_113' title="bbox 3368 4560 3596 4598">
    <p class='ocr_par' dir='ltr' id='par_1_113' title="bbox 3368 4560 3596 4598">
     <span class='ocr_line' id='line_1_114' title="bbox 3368 4560 3596 4598; baseline -0.013 0"><span class='ocrx_word' id='word_1_862' title='bbox 3368 4560 3466 4598; x_wconf 76' lang='lat' dir='ltr'><strong>COII</strong></span> <span class='ocrx_word' id='word_1_863' title='bbox 3476 4560 3596 4597; x_wconf 78' lang='lat' dir='ltr'><strong>ver-</strong></span> 
     </span>
    </p>
   </div>
   <div class='ocr_carea' id='block_1_114' title="bbox 2026 4543 3574 4685">
    <p class='ocr_par' dir='ltr' id='par_1_114' title="bbox 2026 4543 3574 4685">
     <span class='ocr_line' id='line_1_115' title="bbox 2026 4543 3574 4668; baseline -0.003 -69"><span class='ocrx_word' id='word_1_864' title='bbox 2026 4556 2071 4599; x_wconf 92' lang='lat' dir='ltr'><strong>cl</strong></span> <span class='ocrx_word' id='word_1_865' title='bbox 2105 4543 2401 4629; x_wconf 70' lang='lat' dir='ltr'><strong>(caculam,</strong></span> <span class='ocrx_word' id='word_1_866' title='bbox 2461 4556 2553 4601; x_wconf 79' lang='grc' dir='ltr'>«ει</span> <span class='ocrx_word' id='word_1_867' title='bbox 2576 4563 2596 4597; x_wconf 76' lang='grc' dir='ltr'><strong>ι</strong></span> <span class='ocrx_word' id='word_1_868' title='bbox 2646 4547 2784 4599; x_wconf 86' lang='lat' dir='ltr'><strong>addo</strong></span> <span class='ocrx_word' id='word_1_869' title='bbox 2806 4561 2872 4598; x_wconf 78' lang='lat' dir='ltr'><strong>ea:</strong></span> <span class='ocrx_word' id='word_1_870' title='bbox 2907 4557 3081 4597; x_wconf 81' lang='lat' dir='ltr'><strong>nostro</strong></span> <span class='ocrx_word' id='word_1_871' title='bbox 3112 4543 3321 4668; x_wconf 45' lang='lat' dir='ltr'><strong>codice}</strong></span> <span class='ocrx_word' id='word_1_872' title='bbox 3368 4560 3574 4598; x_wconf 78' lang='lat' dir='ltr'><strong>conver-</strong></span> 
     </span>
     <span class='ocr_line' id='line_1_116' title="bbox 2026 4615 3574 4685; baseline -0.003 -17"><span class='ocrx_word' id='word_1_873' title='bbox 2026 4615 2162 4671; x_wconf 90' lang='lat' dir='ltr'><strong>tibtli</strong></span> <span class='ocrx_word' id='word_1_874' title='bbox 2196 4617 2429 4670; x_wconf 85' lang='lat' dir='ltr'><strong>creabile</strong></span> <span class='ocrx_word' id='word_1_875' title='bbox 2460 4618 2799 4685; x_wconf 77' lang='lat' dir='ltr'><strong>subsequens</strong></span> <span class='ocrx_word' id='word_1_876' title='bbox 2823 4624 2925 4668; x_wconf 91' lang='lat' dir='ltr'><strong>est.</strong></span> <span class='ocrx_word' id='word_1_877' title='bbox 2964 4615 3102 4668; x_wconf 70' lang='lat' dir='ltr'><strong>Nihil</strong></span> <span class='ocrx_word' id='word_1_878' title='bbox 3133 4631 3263 4681; x_wconf 76' lang='lat' dir='ltr'><strong>ergo</strong></span> <span class='ocrx_word' id='word_1_879' title='bbox 3322 4631 3353 4669; x_wconf 93' lang='lat' dir='ltr'><strong>e</strong></span> <span class='ocrx_word' id='word_1_880' title='bbox 3381 4627 3574 4668; x_wconf 70' lang='lat' dir='ltr'><strong>creato</strong></span> 
     </span>
    </p>
   </div>
   <div class='ocr_carea' id='block_1_115' title="bbox 2023 4686 3574 4756">
    <p class='ocr_par' dir='ltr' id='par_1_115' title="bbox 2023 4686 3574 4756">
     <span class='ocr_line' id='line_1_117' title="bbox 2023 4686 3574 4756; baseline -0.003 -17"><span class='ocrx_word' id='word_1_881' title='bbox 2023 4686 2101 4742; x_wconf 87' lang='lat' dir='ltr'><strong>ris</strong></span> <span class='ocrx_word' id='word_1_882' title='bbox 2126 4687 2557 4750; x_wconf 74' lang='lat' dir='ltr'><strong>iﬂCOIIVCI&#39;Iibile,</strong></span> <span class='ocrx_word' id='word_1_883' title='bbox 2591 4697 2810 4756; x_wconf 88' lang='lat' dir='ltr'><strong>propter</strong></span> <span class='ocrx_word' id='word_1_884' title='bbox 2829 4686 2971 4755; x_wconf 87' lang='lat' dir='ltr'><strong>quod</strong></span> <span class='ocrx_word' id='word_1_885' title='bbox 3006 4701 3179 4755; x_wconf 86' lang='lat' dir='ltr'><strong>neque</strong></span> <span class='ocrx_word' id='word_1_886' title='bbox 3202 4686 3574 4756; x_wconf 74' lang='lat' dir='ltr'><strong>sempiternun</strong></span> 
     </span>
    </p>
   </div>
   <div class='ocr_carea' id='block_1_116' title="bbox 2020 4752 3592 4828">
    <p class='ocr_par' dir='ltr' id='par_1_116' title="bbox 2020 4752 3592 4828">
     <span class='ocr_line' id='line_1_118' title="bbox 2020 4752 3592 4828; baseline -0.003 -17"><span class='ocrx_word' id='word_1_887' title='bbox 2020 4767 2104 4828; x_wconf 80' lang='lat' dir='ltr'><strong>est</strong></span> <span class='ocrx_word' id='word_1_888' title='bbox 2146 4756 2302 4828; x_wconf 65' lang='grc' dir='ltr'>(νοτ,</span> <span class='ocrx_word' id='word_1_889' title='bbox 2353 4777 2371 4808; x_wconf 83' lang='grc' dir='ltr'><strong>ι</strong></span> <span class='ocrx_word' id='word_1_890' title='bbox 2395 4767 2499 4817; x_wconf 85' lang='lat' dir='ltr'><strong>est,</strong></span> <span class='ocrx_word' id='word_1_891' title='bbox 2522 4777 2541 4810; x_wconf 88' lang='grc' dir='ltr'><strong>ι</strong></span> <span class='ocrx_word' id='word_1_892' title='bbox 2573 4752 2710 4810; x_wconf 76' lang='lat' dir='ltr'><strong>deest</strong></span> <span class='ocrx_word' id='word_1_893' title='bbox 2738 4758 2790 4811; x_wconf 81' lang='lat' dir='ltr'><strong>in</strong></span> <span class='ocrx_word' id='word_1_894' title='bbox 2815 4752 2990 4809; x_wconf 70' lang='lat' dir='ltr'><strong>nostra</strong></span> <span class='ocrx_word' id='word_1_895' title='bbox 3014 4752 3238 4828; x_wconf 62' lang='lat' dir='ltr'><strong>codice].</strong></span> <span class='ocrx_word' id='word_1_896' title='bbox 3274 4753 3387 4807; x_wconf 84' lang='lat' dir='ltr'><strong>Non</strong></span> <span class='ocrx_word' id='word_1_897' title='bbox 3419 4752 3592 4828; x_wconf 80' lang='lat' dir='ltr'><strong>solum</strong></span> 
     </span>
    </p>
   </div>
   <div class='ocr_carea' id='block_1_117' title="bbox 2022 4824 3589 4896">
    <p class='ocr_par' dir='ltr' id='par_1_117' title="bbox 2022 4824 3589 4896">
     <span class='ocr_line' id='line_1_119' title="bbox 2022 4824 3589 4896; baseline -0.002 -17"><span class='ocrx_word' id='word_1_898' title='bbox 2022 4824 2186 4896; x_wconf 68' lang='lat' dir='ltr'><strong>igitur</strong></span> <span class='ocrx_word' id='word_1_899' title='bbox 2215 4828 2359 4896; x_wconf 85' lang='lat' dir='ltr'><strong>quod</strong></span> <span class='ocrx_word' id='word_1_900' title='bbox 2396 4829 2447 4881; x_wconf 93' lang='lat' dir='ltr'><strong>iu</strong></span> <span class='ocrx_word' id='word_1_901' title='bbox 2482 4828 2789 4882; x_wconf 90' lang='lat' dir='ltr'><strong>hominibus</strong></span> <span class='ocrx_word' id='word_1_902' title='bbox 2811 4836 2893 4880; x_wconf 89' lang='lat' dir='ltr'><strong>est</strong></span> <span class='ocrx_word' id='word_1_903' title='bbox 2922 4824 3215 4883; x_wconf 73' lang='lat' dir='ltr'><strong>rationale,</strong></span> <span class='ocrx_word' id='word_1_904' title='bbox 3256 4824 3589 4896; x_wconf 77' lang='lat' dir='ltr'><strong>convertitur</strong></span> 
     </span>
    </p>
   </div>
   <div class='ocr_carea' id='block_1_118' title="bbox 2018 4893 3592 4963">
    <p class='ocr_par' dir='ltr' id='par_1_118' title="bbox 2018 4893 3592 4963">
     <span class='ocr_line' id='line_1_120' title="bbox 2018 4893 3592 4963; baseline -0.002 -12"><span class='ocrx_word' id='word_1_905' title='bbox 2018 4893 2074 4951; x_wconf 78' lang='grc' dir='ltr'>εἰ</span> <span class='ocrx_word' id='word_1_906' title='bbox 2106 4893 2346 4963; x_wconf 71' lang='lat' dir='ltr'><strong>creatur,</strong></span> <span class='ocrx_word' id='word_1_907' title='bbox 2379 4914 2563 4952; x_wconf 79' lang='lat' dir='ltr'><strong>verum</strong></span> <span class='ocrx_word' id='word_1_908' title='bbox 2597 4899 2760 4952; x_wconf 90' lang='lat' dir='ltr'><strong>etiam</strong></span> <span class='ocrx_word' id='word_1_909' title='bbox 2792 4898 2843 4950; x_wconf 85' lang='lat' dir='ltr'><strong>iit</strong></span> <span class='ocrx_word' id='word_1_910' title='bbox 2876 4896 3127 4949; x_wconf 85' lang='lat' dir='ltr'><strong>omnibus</strong></span> <span class='ocrx_word' id='word_1_911' title='bbox 3172 4896 3433 4949; x_wconf 83' lang='lat' dir='ltr'><strong>creaturis</strong></span> <span class='ocrx_word' id='word_1_912' title='bbox 3479 4893 3592 4948; x_wconf 79' lang='lat' dir='ltr'><strong>ha-c</strong></span> 
     </span>
    </p>
   </div>
   <div class='ocr_carea' id='block_1_119' title="bbox 2018 4963 3583 5037">
    <p class='ocr_par' dir='ltr' id='par_1_119' title="bbox 2018 4963 3583 5037">
     <span class='ocr_line' id='line_1_121' title="bbox 2018 4963 3583 5037; baseline -0.005 -15"><span class='ocrx_word' id='word_1_913' title='bbox 2018 4969 2208 5022; x_wconf 86' lang='lat' dir='ltr'><strong>eadem</strong></span> <span class='ocrx_word' id='word_1_914' title='bbox 2265 4969 2551 5022; x_wconf 69' lang='lat' dir='ltr'><strong>conversio</strong></span> <span class='ocrx_word' id='word_1_915' title='bbox 2614 4968 2899 5037; x_wconf 86' lang='lat' dir='ltr'><strong>reperitur.</strong></span> <span class='ocrx_word' id='word_1_916' title='bbox 2973 4963 3115 5037; x_wconf 74' lang='lat' dir='ltr'><strong>Nam</strong></span> <span class='ocrx_word' id='word_1_917' title='bbox 3163 4975 3216 5037; x_wconf 84' lang='lat' dir='ltr'><strong>et</strong></span> <span class='ocrx_word' id='word_1_918' title='bbox 3270 4966 3583 5034; x_wconf 75' lang='lat' dir='ltr'><strong>angelorum</strong></span> 
     </span>
    </p>
   </div>
   <div class='ocr_carea' id='block_1_120' title="bbox 2017 5035 3580 5104">
    <p class='ocr_par' dir='ltr' id='par_1_120' title="bbox 2017 5035 3580 5104">
     <span class='ocr_line' id='line_1_122' title="bbox 2017 5035 3580 5104; baseline -0.003 -14"><span class='ocrx_word' id='word_1_919' title='bbox 2017 5039 2405 5093; x_wconf 83' lang='lat' dir='ltr'><strong>conversiones</strong></span> <span class='ocrx_word' id='word_1_920' title='bbox 2426 5049 2480 5093; x_wconf 86' lang='lat' dir='ltr'><strong>et</strong></span> <span class='ocrx_word' id='word_1_921' title='bbox 2512 5035 2696 5092; x_wconf 85' lang='lat' dir='ltr'><strong>ruinas</strong></span> <span class='ocrx_word' id='word_1_922' title='bbox 2723 5036 2903 5091; x_wconf 81' lang='lat' dir='ltr'><strong>divina</strong></span> <span class='ocrx_word' id='word_1_923' title='bbox 2936 5035 3147 5104; x_wconf 87' lang='lat' dir='ltr'><strong>eloquia</strong></span> <span class='ocrx_word' id='word_1_924' title='bbox 3184 5036 3580 5088; x_wconf 87' lang='lat' dir='ltr'><strong>demonstrant.</strong></span> 
     </span>
    </p>
   </div>
   <div class='ocr_carea' id='block_1_121' title="bbox 2018 5104 3586 5178">
    <p class='ocr_par' dir='ltr' id='par_1_121' title="bbox 2018 5104 3586 5178">
     <span class='ocr_line' id='line_1_123' title="bbox 2018 5104 3586 5178; baseline -0.002 -18"><span class='ocrx_word' id='word_1_925' title='bbox 2018 5104 2169 5162; x_wconf 79' lang='lat' dir='ltr'><strong>Licet</strong></span> <span class='ocrx_word' id='word_1_926' title='bbox 2198 5110 2340 5162; x_wconf 87' lang='lat' dir='ltr'><strong>enim</strong></span> <span class='ocrx_word' id='word_1_927' title='bbox 2371 5108 2656 5162; x_wconf 84' lang='lat' dir='ltr'><strong>multitudo</strong></span> <span class='ocrx_word' id='word_1_928' title='bbox 2690 5106 3044 5178; x_wconf 81' lang='lat' dir='ltr'><strong>angelorum.</strong></span> <span class='ocrx_word' id='word_1_929' title='bbox 3067 5145 3082 5160; x_wconf 94' lang='lat'><strong>.</strong></span> <span class='ocrx_word' id='word_1_930' title='bbox 3112 5145 3126 5159; x_wconf 94' lang='lat'><strong>.</strong></span> <span class='ocrx_word' id='word_1_931' title='bbox 3156 5106 3206 5158; x_wconf 92' lang='lat' dir='ltr'><strong>in</strong></span> <span class='ocrx_word' id='word_1_932' title='bbox 3254 5106 3586 5178; x_wconf 78' lang='lat' dir='ltr'><strong>beatitudine</strong></span> 
     </span>
    </p>
   </div>
   <div class='ocr_carea' id='block_1_122' title="bbox 2014 5173 3586 5247">
    <p class='ocr_par' dir='ltr' id='par_1_122' title="bbox 2014 5173 3586 5247">
     <span class='ocr_line' id='line_1_124' title="bbox 2014 5173 3586 5247; baseline -0.004 -17"><span class='ocrx_word' id='word_1_933' title='bbox 2014 5187 2069 5230; x_wconf 90' lang='lat' dir='ltr'><strong>et</strong></span> <span class='ocrx_word' id='word_1_934' title='bbox 2097 5179 2452 5232; x_wconf 86' lang='lat' dir='ltr'><strong>sanctimonia</strong></span> <span class='ocrx_word' id='word_1_935' title='bbox 2488 5173 2834 5246; x_wconf 75' lang='lat' dir='ltr'><strong>persevereitt</strong></span> <span class='ocrx_word' id='word_1_936' title='bbox 2862 5194 2878 5229; x_wconf 85' lang='lat'><strong>:</strong></span> <span class='ocrx_word' id='word_1_937' title='bbox 2907 5186 3085 5229; x_wconf 86' lang='lat' dir='ltr'><strong>tamen</strong></span> <span class='ocrx_word' id='word_1_938' title='bbox 3119 5192 3243 5247; x_wconf 83' lang='lat' dir='ltr'><strong>eum</strong></span> <span class='ocrx_word' id='word_1_939' title='bbox 3298 5190 3359 5229; x_wconf 91' lang='lat' dir='ltr'><strong>ea</strong></span> <span class='ocrx_word' id='word_1_940' title='bbox 3406 5173 3586 5247; x_wconf 70' lang='lat' dir='ltr'><strong>[edim</strong></span> 
     </span>
    </p>
   </div>
   <div class='ocr_carea' id='block_1_123' title="bbox 2014 5244 3591 5315">
    <p class='ocr_par' dir='ltr' id='par_1_123' title="bbox 2014 5244 3591 5315">
     <span class='ocr_line' id='line_1_125' title="bbox 2014 5244 3591 5315; baseline -0.001 -16"><span class='ocrx_word' id='word_1_941' title='bbox 2014 5248 2336 5315; x_wconf 71' lang='lat' dir='ltr'><strong>exemplaria</strong></span> <span class='ocrx_word' id='word_1_942' title='bbox 2380 5244 2600 5312; x_wconf 68' lang='lat' dir='ltr'><strong>habent,</strong></span> <span class='ocrx_word' id='word_1_943' title='bbox 2648 5264 2815 5302; x_wconf 69' lang='lat' dir='ltr'><strong>«cum</strong></span> <span class='ocrx_word' id='word_1_944' title='bbox 2867 5249 2919 5299; x_wconf 89' lang='lat' dir='ltr'><strong>in</strong></span> <span class='ocrx_word' id='word_1_945' title='bbox 2968 5259 3050 5309; x_wconf 88' lang='lat' dir='ltr'><strong>ea,</strong></span> <span class='ocrx_word' id='word_1_946' title='bbox 3081 5266 3100 5297; x_wconf 85' lang='grc' dir='ltr'><strong>ι</strong></span> <span class='ocrx_word' id='word_1_947' title='bbox 3155 5245 3246 5299; x_wconf 83' lang='lat' dir='ltr'><strong>sed</strong></span> <span class='ocrx_word' id='word_1_948' title='bbox 3305 5244 3591 5314; x_wconf 78' lang='lat' dir='ltr'><strong>pnriicnla,</strong></span> 
     </span>
    </p>
   </div>
   <div class='ocr_carea' id='block_1_124' title="bbox 2019 5317 3592 5385">
    <p class='ocr_par' dir='ltr' id='par_1_124' title="bbox 2019 5317 3592 5385">
     <span class='ocr_line' id='line_1_126' title="bbox 2019 5317 3592 5385; baseline 0 -18"><span class='ocrx_word' id='word_1_949' title='bbox 2019 5335 2037 5367; x_wconf 81' lang='grc' dir='ltr'><strong>ι</strong></span> <span class='ocrx_word' id='word_1_950' title='bbox 2072 5318 2123 5370; x_wconf 94' lang='lat' dir='ltr'><strong>in</strong></span> <span class='ocrx_word' id='word_1_951' title='bbox 2169 5335 2186 5368; x_wconf 87' lang='grc' dir='ltr'><strong>ι</strong></span> <span class='ocrx_word' id='word_1_952' title='bbox 2236 5334 2392 5385; x_wconf 84' lang='lat' dir='ltr'><strong>quam</strong></span> <span class='ocrx_word' id='word_1_953' title='bbox 2447 5319 2610 5371; x_wconf 68' lang='lat' dir='ltr'><strong>codex</strong></span> <span class='ocrx_word' id='word_1_954' title='bbox 2660 5330 2832 5372; x_wconf 80' lang='lat' dir='ltr'><strong>uoster</strong></span> <span class='ocrx_word' id='word_1_955' title='bbox 2868 5333 2968 5370; x_wconf 84' lang='lat' dir='ltr'><strong>mm</strong></span> <span class='ocrx_word' id='word_1_956' title='bbox 3020 5317 3204 5377; x_wconf 78' lang='lat' dir='ltr'><strong>habet,</strong></span> <span class='ocrx_word' id='word_1_957' title='bbox 3254 5320 3465 5369; x_wconf 81' lang='lat' dir='ltr'><strong>omnino</strong></span> <span class='ocrx_word' id='word_1_958' title='bbox 3515 5322 3592 5367; x_wconf 70' lang='lat' dir='ltr'><strong>ut</strong></span> 
     </span>
    </p>
   </div>
   <div class='ocr_carea' id='block_1_125' title="bbox 2011 5386 3590 5457">
    <p class='ocr_par' dir='ltr' id='par_1_125' title="bbox 2011 5386 3590 5457">
     <span class='ocr_line' id='line_1_127' title="bbox 2011 5386 3590 5457; baseline -0.003 -19"><span class='ocrx_word' id='word_1_959' title='bbox 2011 5392 2349 5457; x_wconf 76' lang='lat' dir='ltr'><strong>expungemta</strong></span> <span class='ocrx_word' id='word_1_960' title='bbox 2374 5404 2392 5441; x_wconf 90' lang='lat'><strong><em>:</em></strong></span> <span class='ocrx_word' id='word_1_961' title='bbox 2420 5389 2728 5442; x_wconf 81' lang='lat' dir='ltr'><strong>sententiam</strong></span> <span class='ocrx_word' id='word_1_962' title='bbox 2771 5388 2928 5457; x_wconf 61' lang='lat' dir='ltr'><strong>enini,</strong></span> <span class='ocrx_word' id='word_1_963' title='bbox 2969 5387 3167 5454; x_wconf 84' lang='lat' dir='ltr'><strong>alioqui</strong></span> <span class='ocrx_word' id='word_1_964' title='bbox 3195 5387 3325 5457; x_wconf 79' lang='lat' dir='ltr'><strong>satis</strong></span> <span class='ocrx_word' id='word_1_965' title='bbox 3366 5386 3590 5449; x_wconf 84' lang='lat' dir='ltr'><strong>claram,</strong></span> 
     </span>
    </p>
   </div>
   <div class='ocr_carea' id='block_1_126' title="bbox 2010 5455 3592 5526">
    <p class='ocr_par' dir='ltr' id='par_1_126' title="bbox 2010 5455 3592 5526">
     <span class='ocr_line' id='line_1_128' title="bbox 2010 5455 3592 5526; baseline -0.001 -17"><span class='ocrx_word' id='word_1_966' title='bbox 2010 5455 2308 5524; x_wconf 73' lang='lat' dir='ltr'><strong>perpleasum</strong></span> <span class='ocrx_word' id='word_1_967' title='bbox 2342 5460 2535 5523; x_wconf 80' lang='lat' dir='ltr'><strong>reddit,</strong></span> <span class='ocrx_word' id='word_1_968' title='bbox 2556 5470 2604 5512; x_wconf 86' lang='lat' dir='ltr'><strong>et</strong></span> <span class='ocrx_word' id='word_1_969' title='bbox 2627 5455 2916 5526; x_wconf 67' lang='lat' dir='ltr'><strong>mimorum]</strong></span> <span class='ocrx_word' id='word_1_970' title='bbox 2946 5474 2963 5505; x_wconf 84' lang='grc' dir='ltr'><strong>ι</strong></span> <span class='ocrx_word' id='word_1_971' title='bbox 2991 5472 3107 5525; x_wconf 78' lang='lat' dir='ltr'><strong>qua:</strong></span> <span class='ocrx_word' id='word_1_972' title='bbox 3129 5456 3354 5510; x_wconf 79' lang='lat' dir='ltr'><strong>similem</strong></span> <span class='ocrx_word' id='word_1_973' title='bbox 3390 5456 3592 5509; x_wconf 69' lang='lat' dir='ltr'><strong>habent.</strong></span> 
     </span>
    </p>
   </div>
   <div class='ocr_carea' id='block_1_127' title="bbox 2012 5525 3593 5649">
    <p class='ocr_par' dir='ltr' id='par_1_127' title="bbox 2012 5525 3593 5649">
     <span class='ocr_line' id='line_1_129' title="bbox 2012 5525 3593 5649; baseline 0.001 -70"><span class='ocrx_word' id='word_1_974' title='bbox 2012 5535 2284 5649; x_wconf 65' lang='lat' dir='ltr'><strong>halturam,</strong></span> <span class='ocrx_word' id='word_1_975' title='bbox 2330 5531 2791 5592; x_wconf 84' lang='lat' dir='ltr'><strong>conversa&#39;sint,</strong></span> <span class='ocrx_word' id='word_1_976' title='bbox 2838 5525 3072 5581; x_wconf 76' lang='lat' dir='ltr'><strong>dtlucide</strong></span> <span class='ocrx_word' id='word_1_977' title='bbox 3115 5528 3439 5591; x_wconf 84' lang='lat' dir='ltr'><strong>ostenditur,</strong></span> <span class='ocrx_word' id='word_1_978' title='bbox 3467 5545 3484 5578; x_wconf 87' lang='grc' dir='ltr'><strong>ι</strong></span> <span class='ocrx_word' id='word_1_979' title='bbox 3537 5534 3593 5581; x_wconf 70' lang='lat' dir='ltr'><strong>et</strong></span> 
     </span>
     <span class='ocr_line' id='line_1_130' title="bbox 2012 5611 2241 5649; baseline 0 0"><span class='ocrx_word' id='word_1_980' title='bbox 2012 5611 2069 5649; x_wconf 90' lang='lat' dir='ltr'><strong>re</strong></span> <span class='ocrx_word' id='word_1_981' title='bbox 2094 5614 2241 5649; x_wconf 87' lang='lat' dir='ltr'><strong>tnua.</strong></span> 
     </span>
    </p>
   </div>
   <div class='ocr_carea' id='block_1_128' title="bbox 2012 5611 2241 5663">
    <p class='ocr_par' dir='ltr' id='par_1_128' title="bbox 2012 5611 2241 5663">
     <span class='ocr_line' id='line_1_131' title="bbox 2012 5611 2241 5663; baseline 0.004 -12"><span class='ocrx_word' id='word_1_982' title='bbox 2012 5611 2241 5663; x_wconf 80' lang='lat' dir='ltr'><strong>reliqua.</strong></span> 
     </span>
    </p>
   </div>
   <div class='ocr_carea' id='block_1_129' title="bbox 2080 5665 3589 5737">
    <p class='ocr_par' dir='ltr' id='par_1_129' title="bbox 2080 5665 3589 5737">
     <span class='ocr_line' id='line_1_132' title="bbox 2080 5665 3589 5737; baseline 0.001 -18"><span class='ocrx_word' id='word_1_983' title='bbox 2080 5667 2192 5737; x_wconf 76' lang='lat'><strong>(56)</strong></span> <span class='ocrx_word' id='word_1_984' title='bbox 2263 5666 2705 5737; x_wconf 79' lang='lat' dir='ltr'><strong>Incorruptibilis.</strong></span> <span class='ocrx_word' id='word_1_985' title='bbox 2771 5666 2901 5737; x_wconf 87' lang='lat' dir='ltr'><strong>Sap.</strong></span> <span class='ocrx_word' id='word_1_986' title='bbox 2952 5680 3052 5732; x_wconf 70' lang='lat' dir='ltr'><strong>stt,</strong></span> <span class='ocrx_word' id='word_1_987' title='bbox 3100 5666 3154 5721; x_wconf 76' lang='grc'>1.</span> <span class='ocrx_word' id='word_1_988' title='bbox 3193 5665 3326 5723; x_wconf 82' lang='lat' dir='ltr'><strong>Vide</strong></span> <span class='ocrx_word' id='word_1_989' title='bbox 3378 5677 3486 5723; x_wconf 85' lang='lat' dir='ltr'><strong>uot.</strong></span> <span class='ocrx_word' id='word_1_990' title='bbox 3531 5666 3589 5736; x_wconf 70' lang='grc' dir='ltr'><strong>Ζ,</strong></span> 
     </span>
    </p>
   </div>
   <div class='ocr_carea' id='block_1_130' title="bbox 2007 5739 2245 5806">
    <p class='ocr_par' dir='ltr' id='par_1_130' title="bbox 2007 5739 2245 5806">
     <span class='ocr_line' id='line_1_133' title="bbox 2007 5739 2245 5806; baseline 0.013 -18"><span class='ocrx_word' id='word_1_991' title='bbox 2007 5751 2126 5806; x_wconf 76' lang='lat' dir='ltr'><strong>pag.</strong></span> <span class='ocrx_word' id='word_1_992' title='bbox 2157 5739 2245 5791; x_wconf 73' lang='lat'><strong>28.</strong></span> 
     </span>
    </p>
   </div>
   <div class='ocr_carea' id='block_1_131' title="bbox 2078 5806 3265 5878">
    <p class='ocr_par' dir='ltr' id='par_1_131' title="bbox 2078 5806 3265 5878">
     <span class='ocr_line' id='line_1_134' title="bbox 2078 5806 3265 5878; baseline 0.007 -20"><span class='ocrx_word' id='word_1_993' title='bbox 2078 5808 2190 5875; x_wconf 62' lang='grc' dir='ltr'><strong>(Ξῖ)</strong></span> <span class='ocrx_word' id='word_1_994' title='bbox 2228 5806 2286 5861; x_wconf 83' lang='lat' dir='ltr'><strong>In</strong></span> <span class='ocrx_word' id='word_1_995' title='bbox 2319 5808 2826 5876; x_wconf 77' lang='lat' dir='ltr'><strong>incorruptibilitnle.</strong></span> <span class='ocrx_word' id='word_1_996' title='bbox 2863 5808 2883 5869; x_wconf 87' lang='grc' dir='ltr'><strong>ι</strong></span> <span class='ocrx_word' id='word_1_997' title='bbox 2926 5811 3070 5870; x_wconf 72' lang='grc' dir='ltr'>Ρειτ.</span> <span class='ocrx_word' id='word_1_998' title='bbox 3105 5825 3186 5878; x_wconf 86' lang='grc' dir='ltr'>ιιι,</span> <span class='ocrx_word' id='word_1_999' title='bbox 3213 5809 3265 5866; x_wconf 68' lang='grc'>4.</span> 
     </span>
    </p>
   </div>
   <div class='ocr_carea' id='block_1_132' title="bbox 2079 5878 2738 5950">
    <p class='ocr_par' dir='ltr' id='par_1_132' title="bbox 2079 5878 2738 5950">
     <span class='ocr_line' id='line_1_135' title="bbox 2079 5878 2738 5950; baseline 0.008 -20"><span class='ocrx_word' id='word_1_1000' title='bbox 2079 5878 2191 5949; x_wconf 76' lang='grc'><strong>(58)</strong></span> <span class='ocrx_word' id='word_1_1001' title='bbox 2226 5880 2396 5950; x_wconf 70' lang='lat' dir='ltr'><strong>Apud.</strong></span> <span class='ocrx_word' id='word_1_1002' title='bbox 2432 5878 2545 5935; x_wconf 75' lang='lat' dir='ltr'><strong>Jac.</strong></span> <span class='ocrx_word' id='word_1_1003' title='bbox 2583 5895 2620 5947; x_wconf 81' lang='grc' dir='ltr'><strong>ι,</strong></span> <span class='ocrx_word' id='word_1_1004' title='bbox 2654 5880 2738 5936; x_wconf 78' lang='grc'><strong>17.</strong></span> 
     </span>
    </p>
   </div>
  </div>
