4100 6424
539 400 647 456 816

1770 386 1836 442 Dl
1845 384 2009 440 DYMI
2045 380 2515 438 ALEXANDRINI

3686 381 3794 439 516

536 520 713 577 neque
738 500 1107 559 conversionis
1139 501 1520 564 obumbratio;
1557 520 1575 549 ι
1598 509 1651 553 et
1675 514 1704 552 a
1735 495 1901 551 Paulo
1930 512 1943 548 :
1984 512 2002 544 ι
2030 493 2109 546 ln-

2228 492 2429 556 ιῦτοὺς,
2470 493 2562 546 κα).
2593 490 3007 564 ἀλλαγήσονται·
3041 492 3102 545 σὺ
3128 490 3185 543 δὲ
3221 492 3248 543 ὁ
3280 492 3440 555 αὑτὸς
3471 493 3577 557 ἀεὶ,
3608 496 3701 548 καὶ
3728 491 3803 551 τὰ

539 594 874 664 corruptibili
930 590 1067 662 (59'),
1116 590 1393 656 invisibili,
1452 590 1552 645 soli
1601 590 1853 659 sapienti,
1921 585 2049 638 Deo.
2085 602 2104 635 ι

2218 583 2311 654 ἐτη
2348 600 2440 635 σου
2465 583 2563 635 οὐκ
2586 582 2944 651 ἐκλείψουσιν.
2981 601 2998 632 ι

534 685 999 755 Quemadmodum
1039 684 1204 738 etiam
1243 685 1308 738 de
1361 683 1499 738 Filio
1551 683 1603 736 in
1637 681 1842 752 psalmo
1882 695 1930 734 cu
1977 686 2200 731 testatur
2255 675 2464 729 Psaltes
2499 693 2513 727 :
2554 694 2571 725 ι
2602 677 2683 731 'I'u
2718 687 2895 728 autent
2945 673 3079 743 (ϐυ).
3148 674 3394 739 Domine,
3441 674 3492 727 in
3539 683 3803 729 aeternum

537 794 757 843 manes;
790 796 808 829 ι
851 788 907 828 et
965 788 1195 827 rursus:
1257 792 1274 824 ι
1310 772 1468 827 Initio
1495 772 1605 843 (6|)
1654 782 1852 827 terram
1890 781 1971 832 tu,
2010 767 2251 830 Dontiue,
2289 765 2546 833 fundasti,
2600 775 2655 820 et
2710 782 2877 835 opera
2940 782 3199 819 manuum
3226 777 3437 820 tuarum
3475 775 3600 820 sunt
3653 767 3800 826 catli.

537 877 647 945 lpsi
683 875 951 945 peribunt,
987 882 1042 925 tu
1082 879 1261 922 autem
1295 881 1600 935 permaues,
1651 877 1704 920 et
1743 880 1931 920 omnes
1971 865 2110 919 sicut
2150 863 2530 918 vestimentum
2572 870 2951 924 veterascent,
3006 869 3061 913 ct
3121 860 3259 914 sicut
3324 861 3654 929 opertorium
3724 862 3809 916 in-

539 969 726 1024 volves
758 968 899 1028 illos,
934 964 1363 1037 ct_mulabunlur
1393 979 1405 1014 :
1464 970 1519 1012 tu
1571 970 1749 1013 autem
1798 960 1940 1013 idem
1983 972 2197 1027 semper
2230 972 2311 1018 cs,
2335 967 2387 1009 et
2428 955 2556 1009 anni
2595 955 2670 1006 tui
2701 970 2806 1007 non
2839 953 3112 1008 deﬁcient.
3145 969 3164 1002 ι

613 1059 698 1114 IV.
725 1059 983 1113 Creatura
1019 1070 1124 1109 non
1155 1064 1239 1107 est
1268 1050 1535 1112 absolute,
1563 1061 1619 1104 et
1654 1066 1748 1119 per
1779 1066 1837 1104 se
1874 1050 2113 1120 perfecte

542 1163 779 1207 aeterna:
808 1148 1038 1219 primum
1076 1146 1289 1214 quidem
1315 1141 1437 1211 quia
1497 1143 1599 1195 hoc
1644 1140 1713 1197 de
1756 1158 1856 1196 sun
1901 1156 2004 1194 non
2030 1142 2120 1195 ba-

540 1246 654 1308 bet,
684 1242 776 1297 sed
798 1235 873 1295 'ab
904 1253 970 1293 eo
1009 1242 1253 1305 tempore
1286 1249 1395 1304 quo
1425 1234 1562 1287 facta
1591 1231 1714 1297 fuit,
1748 1232 1797 1285 id
1826 1240 2117 1287 consecuta

539 1350 620 1393 est
643 1351 705 1390 ex
762 1330 1172 1403 participatione
1223 1342 1288 1381 ac
1343 1327 1483 1380 dono
1538 1324 1656 1387 Dei,
1705 1324 1796 1393 qtti
1854 1324 2010 1377 unice
2064 1333 2120 1378 et

540 1445 910 1508 superaeterne
937 1441 1021 1485 est
1045 1446 1074 1483 a
1102 1444 1195 1483 se:
1225 1442 1345 1481 cum
1372 1426 1514 1479 enim
1551 1426 1720 1478 bonus
1746 1426 1836 1485 sit,
1865 1432 2035 1485 creat,
2056 1436 2118 1475 ac

540 1539 653 1577 sua:
678 1522 897 1575 factura:
931 1516 1249 1588 pra-sideris,
1303 1514 1660 1568 mternitatem
1727 1512 1826 1581 ipsi
1857 1511 2119 1593 ~muniﬁce

540 1608 771 1677 largitur
808 1624 822 1660 :
853 1606 1088 1659 secundo
1121 1614 1304 1656 autem
1332 1602 1400 1656 ob
1431 1617 1625 1655 causas
1657 1601 1707 1653 in
1753 1599 2118 1670 capitulo(6‘2)

540 1699 786 1766 proxime
815 1696 1099 1765 superiore
1125 1694 1422 1763 expositas.
1453 1688 1611 1763 153
1637 1693 1854 1746 Atvero
1887 1691 2119 1760 Spiritus

2292 1048 2367 1100 A'.
2419 1047 2483 1100 Ἡ
2529 1046 2708 1110 κτίσις
2736 1046 2798 1099 οὐ
2836 1042 3092 1106 καθάπαξ
3120 1041 3214 1096 καὶ
3239 1041 3540 1105 αὐτοτελῶς
3583 1042 3645 1096 τὸ
3671 1043 3801 1099 αἰώ-

2223 1155 2334 1191 νιον
2365 1138 2653 1209 κέκτηται,
2685 1136 2899 1208 πρῶτον
2941 1134 3039 1205 μὲν
3066 1134 3253 1204 ἐπειδὴ
3283 1132 3495 1187 οἴκοθεν
3522 1133 3678 1189 τοῦτο
3707 1135 3809 1190 οὐκ

2224 1228 2356 1299 ἔχει,
2392 1229 2504 1283 ἀλλ’
2529 1228 2715 1299 ἔτυχεν
2749 1226 2913 1280 αὐτοῦ
2956 1227 3036 1290 εἰς
3058 1226 3120 1279 τὸ
3162 1224 3311 1295 ἑξῆς,
3342 1226 3435 1295 ἀφ’
3464 1222 3526 1280 οὗ
3568 1227 3809 1294 ἐγένετο,

2229 1321 2513 1392 μεταδόσει
2537 1321 2631 1373 τοῦ
2661 1320 2835 1389 μόνως
2867 1319 2963 1373 καὶ
2994 1318 3371 1388 ὑπεραιωνίως
3394 1318 3543 1381 ὄντος
3570 1316 3817 1388 αὐτομά-

2224 1429 2319 1465 του
2347 1410 2504 1466 Θεοῦ.
2546 1410 2773 1480 Ἀγαθὸς
2799 1408 2905 1481 γὰρ
2939 1408 3015 1462 ὢν
3036 1403 3209 1472 οὗτος,
3230 1409 3553 1479 δημιουργεῖ
3571 1426 3583 1438 ·
3615 1406 3715 1480 [68
3741 1404 3812 1482 α]

2226 1503 2625 1576 προϊστάμενος
2656 1503 2753 1571 τῆς
2779 1500 2969 1554 ἑαυτοῦ
2999 1501 3289 1571 ποιήσεως,
3315 1498 3678 1570 φιλοτιμεῖται
3708 1500 3811 1554 αὐ-

2226 1598 2294 1668 τῇ
2327 1595 2688 1666 αἰωνιότητα·
2719 1593 2968 1662 δεύτερον
2993 1593 3072 1657 δὲ,
3110 1592 3197 1647 διὰ
3224 1592 3322 1655 τὰς
3346 1590 3705 1662 ἐξηγηθείσας
3726 1593 3813 1646 αἰ·
3917 1630 3920 1633 -

2226 1686 2345 1751 τίας
2393 1688 2451 1740 ὲν
2500 1686 2581 1757 τῷ
2613 1685 2894 1756 κεφαλαίῳ
2946 1684 3026 1755 τῷ
3068 1683 3174 1755 πρὸ
3219 1683 3392 1737 τοῦδε.
3445 1684 3518 1735 Τὸ
3565 1683 3623 1737 δὲ
3657 1682 3814 1752 ἆγιον

524 1782 764 1843 sanctus
801 1803 923 1841 cum
949 1798 1143 1840 natura
1173 1786 1530 1839 aeternitatem
1577 1786 1790 1845 habeat,
1819 1783 1955 1838 sicut
1985 1797 2119 1838 con-

2228 1777 2469 1848 Πνεῦμα,
2511 1780 2588 1842 ὠς
2628 1777 2787 1847 φύσει
2820 1777 2882 1830 τὸ
2916 1775 3133 1830 αἰώνιον
3166 1776 3308 1846 ἔχον,
3357 1775 3500 1830 καθὰ
3538 1777 3813 1847 προσῆκεν

541 1879 689 1933 venit
714 1879 916 1932 habere
953 1878 1294 1939 Creatorem,
1327 1886 1379 1929 et
1408 1877 1480 1930 sit
1532 1878 1707 1929 bonus
1739 1876 1971 1944 Spiritus
2005 1875 2121 1938 Dei,

541 1973 720 2025 omnia
755 1981 814 2024 ut
848 1972 893 2026 is
921 1971 1012 2040 qui
1051 1980 1285 2024 aeternus
1307 1969 1379 2022 sit
1408 1983 1663 2037 operans,
1693 1978 1749 2023 et
1780 1969 1892 2038 ipse
1908 1970 2123 2037 quidem

545 2079 815 2132 numquam
848 2062 1131 2127 litnitetur,
1161 2061 1256 2115 sed
1290 2075 1411 2129 qute
1455 2058 1523 2113 ab
1571 2060 1685 2129 ipso
1714 2060 1855 2114 facta
1887 2069 2030 2125 sunt,
2064 2060 2127 2114 li-

545 2157 741 2209 tnitare
765 2156 956 2223 possit,
995 2155 1200 2209 idcirco
1245 2168 1308 2208 ea
1362 2152 1766 2220 nuncupatione
1820 2152 2128 2207 celebratus

545 2248 664 2301 luit.
686 2247 839 2312 Quod
870 2247 912 2299 si
949 2245 1033 2299 his
1072 2260 1191 2311 quae
1231 2246 1363 2311 dixi,
1406 2260 1510 2300 non
1556 2246 1926 2313 acquiescitis,
1986 2260 2115 2300 vera

545 2354 665 2393 esse
684 2338 904 2392 discetis
929 2337 1029 2392 hac
1065 2337 1295 2391 ratione.
1320 2336 1519 2392 Paulus
1536 2338 1598 2392 ad
1630 2338 1882 2392 Hebraeos
1910 2340 1979 2391 ita
1995 2337 2127 2393 scri-

546 2434 627 2487 bit
653 2450 669 2487 :
695 2450 714 2483 ι
747 2431 848 2497 Qui
878 2429 987 2501 (64)
1018 2447 1114 2501 per
1168 2431 1429 2499 Spiritum
1482 2441 1743 2484 aeternum
1778 2431 2127 2499 semetipsum

549 2522 953 2575 immaculatum
978 2512 1169 2574 obtulit
1204 2521 1330 2575 Deo.
1360 2539 1377 2571 ι
1407 2518 1671 2587 Loquimr
1700 2525 1881 2573 autem
1921 2520 1986 2572 de
2028 2518 2129 2572 Do-

546 2613 694 2668 tnino
727 2611 1093 2679 Cbristo,_qui
1134 2611 1184 2664 in
1239 2610 1545 2664 veneranda
1607 2625 1704 2663 sua
1756 2610 2130 2665 incarnatione

545 2703 897 2769 Semetipsum
936 2717 1036 2770 pro
1085 2701 1239 2754 nobis
1289 2714 1385 2767 per
1417 2698 1676 2767 Spiritum
1705 2709 1950 2753 sanctum
1983 2697 2127 2752 Patri

550 2808 649 2847 suo
674 2792 890 2845 ohtnlit.
923 2792 1018 2846 llis
1066 2801 1429 2845 consentanea
1476 2790 1667 2845 Petrus
1714 2805 1930 2859 quoque
1953 2805 2132 2859 perso-

547 2895 660 2946 nat,
721 2894 780 2937 ut
827 2883 938 2950 jam
975 2894 1458 2937 commemoratum
1507 2893 1593 2934 est
1638 2900 1650 2935 :
1691 2900 1709 2933 ι
1748 2882 1983 2937 Verbum
2008 2881 2122 2953 (65)

546 2982 724 3027 autem
756 2972 846 3026 Dei
881 2982 1061 3026 manet
1127 2972 1179 3025 in
1212 2972 1490 3027 smculnm.
1526 2991 1543 3022 ι
1600 2970 1731 3023 Nam
1780 2970 2010 3024 Verbum
2038 2970 2131 3026 Dei

548 3076 704 3119 vocat
730 3064 990 3134 Spiritum
1020 3065 1134 3119 Dei.
1171 3063 1373 3117 Paulus
1404 3077 1566 3131 porro
1593 3061 1808 3116 Patrem
1859 3061 2126 3116 etFilium

549 3166 1007 3219 commemorans,
1059 3153 1246 3204 eadem
1291 3150 1502 3205 [Eterni
1543 3150 1985 3205 denominatione
2031 3150 2123 3204 Fi-

550 3243 681 3295 lium
707 3256 922 3310 quoque
959 3241 1190 3295 celebrat
1238 3251 1458 3309 propter
1498 3240 1835 3293 identitatem
1879 3240 2121 3295 Deitatis.

553 3333 739 3388 «Deus
781 3331 913 3403 (66),
964 3335 1160 3400 inquit,
1211 3342 1266 3387 et
1310 3330 1470 3385 Pater
1525 3332 1734 3385 Domini
1799 3333 1971 3386 nostri
1997 3330 2123 3387 Iesu

547 3424 750 3480 Christi
807 3425 975 3491 novit,
1015 3425 1105 3492 qui
1153 3434 1235 3477 est
1268 3424 1589 3477 benedictus
1639 3422 1692 3476 in
1736 3424 1960 3488 saecula;
2011 3441 2030 3475 ι
2069 3434 2126 3477 et

547 3530 766 3570 rursus:
788 3532 805 3565 ι
826 3514 982 3569 Jesus
1006 3514 1115 3585 (67)
1146 3508 1393 3567 Christus
1408 3513 1520 3566 beri
1546 3522 1602 3566 et
1636 3512 1817 3574 hodie,
1844 3512 1981 3565 idem
2003 3515 2124 3566 etin

548 3607 764 3663 sazcula.
798 3625 816 3658 ι
846 3604 961 3659 Νοιι
1001 3615 1223 3675 possunt
1255 3615 1472 3668 autem,
1522 3619 1627 3677 non
1680 3611 1907 3673 possunt
1951 3603 2125 3657 audiri

547 3714 612 3753 ac
640 3700 788 3766 l‘erri,
818 3714 936 3767 quae
961 3706 1151 3751 eontra
1177 3697 1275 3750 hoc
1305 3698 1469 3750 etiam
1495 3696 1790 3764 capitulum
1821 3703 2129 3751 statuerunt

547 3789 636 3856 qui
676 3804 804 3857 erga
834 3790 1136 3843 testimonia
1172 3787 1412 3857 Spiritus
1453 3787 1625 3841 sancti
1671 3787 2006 3841 divinitatem
2036 3788 2126 3839 de-

547 3880 807 3933 clarantia
839 3881 978 3934 male
1008 3879 1187 3934 affecti
1231 3891 1377 3933 sunt.
1430 3878 1568 3932 Nam
1602 3878 1671 3932 ob
1700 3886 2129 3947 prteoccupatam

552 3965 859 4033 opinionem
910 3968 1235 4035 semetipsos
1263 3969 1316 4020 in
1354 3967 1921 4023 terranextremitates
1959 3967 2128 4019 abdu-

546 4067 719 4112 Cunt:
750 4058 1186 4113 inconsideratus
1230 4073 1359 4113 vero
1393 4072 1546 4112 amor
1586 4056 1897 4124 diligentem
1925 4073 2036 4125 pra:
2070 4071 2129 4111 se

546 4146 691 4202 ferre
719 4164 822 4201 non
856 4150 995 4203 solet
1029 4149 1460 4216 inquisitionem.
1492 4146 1635 4199 Nihil
1686 4155 1871 4199 tamen
1902 4147 2129 4216 impedit

549 4239 679 4306 quin
707 4241 844 4293 hanc
876 4240 1047 4306 ipsam
1072 4238 1370 4307 captiosam
1389 4239 1914 4306 argutueutatimtem
1939 4238 2130 4291 audia-

553 4343 709 4382 mus:
752 4329 831 4382 sic
866 4330 1012 4382 enim
1039 4329 1210 4396 magis
1241 4328 1419 4381 adhuc
1442 4329 1790 4382 damnatione
1812 4329 1954 4396 digni
1982 4328 2131 4382 vide-

452 4448 459 4455 .
555 4423 775 4474 buntur.
825 4420 917 4474 Sic
952 4421 1118 4488 igitur
1143 4436 1205 4474 ea
1234 4434 1292 4475 se
1326 4421 1523 4475 habet:
1554 4418 1608 4473 Si
1638 4420 1766 4489 quid
1796 4421 2127 4491 ltomonyme

550 4517 812 4562 aeternum
844 4519 1089 4562 vocatum
1119 4507 1238 4574 fuit,
1269 4525 1375 4564 non
1418 4510 1676 4564 continuo
1712 4511 1851 4566 Deus
1885 4511 1988 4566 diei
2028 4528 2125 4581 po-

553 4610 693 4653 test:
724 4602 816 4655 sed
872 4601 964 4669 qui
1028 4603 1167 4656 Deus
1213 4613 1316 4665 est,
1348 4603 1392 4657 is
1439 4603 1652 4656 illorum
1701 4618 1824 4672 quae
1872 4584 2127 4658 dicuntur

551 4704 774 4757 a-terua,
818 4703 1145 4749 creatorest.
1179 4695 1449 4765 Scriptum
1474 4696 1612 4749 enim
1642 4695 1741 4748 fuit
1773 4696 1908 4767 (68),
1934 4715 1952 4747 ι
1989 4706 2125 4751 tem-

552 4799 740 4850 porttnt
776 4794 829 4837 et
856 4784 1174 4837 swenlorunt
1202 4783 1457 4838 factorem
1500 4798 1618 4839 esse
1635 4785 1830 4849 Deum;
1870 4804 1890 4836 ι
1920 4796 1974 4840 et
2006 4801 2126 4839 rur-

550 4886 670 4926 sus:
696 4891 713 4922 ι
746 4871 1091 4927 Multil'ariam
1138 4873 1249 4943 (69)
1308 4874 1600 4945 multisque
1638 4879 1808 4933 modis
1848 4879 1972 4932 olim
1993 4880 2131 4932 Deus

624 5048 733 5119 (59)
780 5050 1194 5119 Incorruplibili.
1222 5050 1243 5104 l
1274 5052 1338 5105 ad
1369 5053 1509 5108 Tim.
1555 5072 1593 5119 t,
1631 5057 1713 5111 l7.

622 5120 733 5186 (till)
778 5121 855 5172 Tu
885 5131 1078 5173 autem.
1116 5120 1256 5175 Psal.
1286 5136 1359 5183 Cl,
1385 5138 1524 5178 vers.
1558 5127 1642 5179 15.

619 5188 952 5273 (ϋιλνίηίιὶο.
1009 5189 1147 5243 l’sal.
1193 5206 1267 5255 Cl,
1317 5208 1457 5248 vers.
1498 5194 1685 5249 26-28.
1711 5196 1843 5251 Vide
1885 5206 1993 5253 not.
2037 5196 2129 5256 48.

555 5272 672 5324 pag.
702 5272 789 5312 oo.

623 5325 1077 5402 (δῆλςτιρὶιιιιομ
1105 5327 1369 5402 Nimirum
1422 5337 1757 5401 paragrapho
1812 5336 2128 5402 superiore,

551 5408 717 5477 segni:
746 5396 812 5452 66
840 5399 888 5462 b,
935 5411 989 5453 et
1013 5399 1078 5452 67
1114 5416 1164 5452 a.
1196 5399 1438 5457 Nntanda
1473 5396 1584 5458 me
1613 5396 1940 5473 signiﬁcat-io
1962 5396 2132 5472 vocis,

551 5463 865 5531 κεφάλαιον.
1664 5463 1693 5473 ⁷
1816 5520 1827 5531 .

623 5534 736 5613 (lii?)
769 5537 959 5613 Ετμοι
975 5539 1340 5613 ἐπείποισθε.
1379 5541 1596 5613 Legisse
1633 5542 1838 5597 videtur
1864 5545 2134 5613 interpres

550 5598 733 5683 ξζμῗὶν
780 5598 874 5683 pro
908 5607 961 5683 ei:
1007 5626 1117 5683 μοι.
1168 5608 1304 5679 Lege
1348 5598 1659 5675 ἐπέἆὲεισθε,
1713 5615 1795 5665 vel
1845 5598 2128 5680 πέπεισθε,

552 5681 654 5740 pro
687 5674 1020 5740 ἐπείποισθεξ
1060 5680 1217 5733 Eot'r.

786 5741 912 5813 Qui.
963 5747 1123 5799 Hebr.
1164 5762 1240 5811 ιχ,
1278 5751 1364 5804 H.
1674 5803 1685 5807 -

652 5744 740 5813 (54)
791 5744 912 5804 Qui.
963 5747 1123 5799 Hebr.
1164 5762 1240 5811 ιχ,
1278 5751 1364 5804 H.
1674 5803 1685 5807 -

627 5744 740 5878 (65)
786 5807 1028 5889 Verbum.
1065 5815 1237 5884 Epist.
1282 5820 1296 5872 l
1330 5820 1474 5905 Pctr.
1516 5837 1552 5889 1,
1589 5823 1677 5907 95'.
1722 5823 1850 5878 Vide
1879 5832 1992 5880 nol.
2039 5825 2132 5891 ἓξ,

2227 1870 2370 1941 ἔχειν
2397 1870 2727 1941 δημιουργὸν
2760 1870 2856 1922 καὶ
2878 1868 3081 1937 ἀγαθὸν
3107 1868 3330 1939 Πνεῦμα
3359 1867 3455 1921 τοῦ
3489 1867 3646 1931 Θεοῦ,
3677 1868 3814 1923 πάν-

2226 1981 2293 2017 τα
2319 1962 2575 2034 ἐνεργοῦν
2606 1963 2862 2025 αἰωνίως,
2894 1962 2988 2015 καὶ
3023 1961 3219 2017 οὔποτε
3247 1962 3345 2033 μὲν
3378 1963 3511 2017 αὐτὸ
3543 1961 3814 2035 περατού-

2232 2072 2413 2125 μενον,
2439 2055 2547 2106 τῶν
2577 2052 2623 2105 δ’
2654 2052 2746 2105 ὑπ’
2778 2052 2944 2105 αὐτοῦ
2981 2053 3288 2122 γενομένων
3327 2053 3623 2126 δυνάμενον
3674 2049 3814 2109 εἶναι

2229 2145 2625 2217 περιπτωτικὸν,
2665 2143 2834 2215 ταύτῃ
2862 2143 3222 2215 ἀνευφημήθη
3258 2147 3321 2215 τῇ
3346 2146 3666 2217 προσρήσει.
3694 2144 3817 2201 Μά-

2230 2236 2373 2289 θοιτε
2428 2234 2483 2287 δὲ
2540 2233 2647 2297 ἂν,·
2673 2235 2729 2287 εί
2766 2252 2855 2305 μοι
2894 2235 3211 2289 ἐπείποισθε
3258 2235 3391 2306 (65),
3422 2236 3566 2307 τῇδε·
3603 2236 3815 2300 Παῦλος

2243 2325 2513 2398 Ἑϐραίοις
2564 2323 2863 2378 ἐπιστέλλει
2923 2324 3127 2389 οὕτως·
3172 2346 3190 2377 ι
3230 2327 3324 2389 Ὃς
3369 2325 3455 2379 διὰ
3496 2327 3816 2397 Πνεύματος
3880 2330 3883 2335 ’

2231 2417 2450 2474 αἰωνίου
2482 2416 2672 2470 ἑαυτὸν
2708 2416 2936 2487 ἄμωμον
2960 2418 3333 2488 προσήνεγκεν
3372 2418 3449 2488 τῷ
3478 2419 3616 2490 Θεῷ.
3655 2437 3674 2470 ι
3709 2421 3815 2474 Αέ-

2228 2527 2316 2580 γει
2339 2511 2396 2564 δὲ
2423 2510 2514 2563 τὸν
2539 2509 2816 2582 Δεσπότην
2843 2508 3098 2581 Χριστὸν,
3130 2510 3220 2563 τὸν
3264 2511 3321 2563 ὲν
3352 2515 3417 2583 τῇ
3460 2516 3628 2584 σεπτῇ
3657 2514 3816 2567 ὲναν-

2231 2601 2513 2673 θρωπήσει
2546 2599 2712 2654 αὐτοῦ
2737 2600 2929 2661 ἑαυτὸν
2949 2600 3039 2655 διὰ
3067 2600 3159 2654 τοῦ
3179 2602 3335 2669 ἁγίου
3359 2603 3674 2674 Πνεὺματος
3697 2603 3814 2659 ἀνθ’

2231 2694 2386 2764 ἡμῶν
2414 2688 2491 2764 τῷ
2519 2692 2712 2749 ἑαυτοῦ
2749 2692 2921 2764 Πατρὶ
2961 2694 3415 2765 προσενηνοχότα.
3451 2696 3562 2750 Καὶ
3612 2697 3819 2768 Πέτρος

2229 2786 2287 2840 δὲ
2309 2787 2575 2856 προσηχεῖ
2602 2784 2888 2852 ἀκόλουθα,
2925 2785 2998 2849 ὡς
3028 2786 3129 2857 ἤδη
3160 2786 3539 2858 ἐμνημονεύθη
3561 2805 3575 2818 ·
3614 2808 3631 2840 ι
3663 2789 3737 2842 Τὸ
3760 2790 3819 2845 δὲ

2243 2878 2424 2949 Ῥῆμα
2464 2876 2555 2930 τοῦ
2603 2877 2738 2930 Θεοῦ
2802 2878 2952 2948 μένει
2990 2880 3071 2942 εἰς
3099 2878 3191 2932 τὸν
3218 2877 3406 2932 αἰῶνα.
3442 2898 3460 2930 ι
3501 2880 3679 2950 Ῥῆμα
3707 2880 3820 2954 γὰρ

2231 2967 2366 3023 Θεοῦ
2420 2969 2652 3022 ἐνταῦθα
2708 2969 2863 3023 καλεῖ
2902 2970 2963 3023 τὸ
3000 2970 3222 3041 Πνεῦμα
3247 2970 3339 3023 τοῦ
3365 2970 3521 3025 Θεοῦ.
3559 2972 3661 3025 Διὰ
3684 2972 3821 3041 γοῦν

2230 3062 2330 3132 τῆς
2360 3060 2627 3131 Θεότητος
2647 3063 2745 3132 τὴν
2770 3063 3075 3133 ταυτότητα
3109 3062 3456 3134 μνημονεύων
3481 3062 3573 3116 τοῦ
3601 3063 3818 3137 Πατρὸς

2228 3149 2322 3203 καὶ
2348 3147 2443 3202 τοῦ
2469 3148 2601 3202 Υἱοῦ
2628 3151 2656 3203 ὁ
2681 3149 2915 3214 Παῦλος,
2937 3154 3003 3222 τῇ
3036 3151 3175 3222 αὐτῇ
3208 3151 3470 3223 κέχρηται
3505 3152 3599 3206 τοῦ
3632 3154 3818 3226 ῥήμα-

2225 3255 2317 3303 τος
2347 3239 2626 3311 εὒφημίᾳν
2673 3260 2692 3292 ι
2742 3242 2800 3294 '0
2834 3241 2987 3306 Θεὸς,
3010 3243 3193 3313 φησὶν,
3235 3243 3329 3297 καὶ
3362 3243 3550 3316 Πατὴρ
3575 3244 3669 3299 τοῦ
3700 3248 3820 3300 Ku-

2230 3329 2345 3399 ρίου
2377 3328 2534 3399 ὴμῶν
2568 3330 2743 3399 Ἰησοῦ
2776 3329 3014 3399 Χριστοῦ
3050 3327 3209 3397 οἶδεν,
3240 3334 3268 3385 ὁ
3297 3331 3373 3385 ὢν
3409 3332 3701 3405 εὐλογητὸς
3733 3335 3818 3400 εἰς

2227 3418 2354 3482 τοὺς
2369 3417 2572 3481 αἰῶνας
2597 3435 2615 3452 ο
2637 3437 2656 3471 ι
2680 3419 2775 3472 καὶ
2798 3419 2959 3473 πάλιν
2983 3436 2998 3450 ·
3027 3439 3046 3470 ι
3078 3420 3284 3491 Ἰησοῦς
3302 3422 3538 3492 Χριστὸς
3566 3423 3693 3494 χθὲς
3724 3424 3820 3479 καὶ

2230 3510 2467 3580 σήμερον
2500 3527 2513 3539 ·
2535 3510 2565 3561 ό
2583 3509 2745 3571 αὐτὸς
2766 3509 2858 3563 καὶ
2875 3511 2954 3572 είς
2971 3511 3096 3573 τοὺς
3124 3511 3348 3574 αἰῶνας.
3380 3531 3398 3563 ι
3430 3514 3545 3567 Οὐκ
3571 3514 3718 3571 ἐστιν
3739 3515 3816 3582 δὲ,

2227 3601 2327 3654 οὐκ
2338 3601 2486 3654 ἔστιν
2504 3602 2641 3671 ἀκοῇ
2653 3599 2905 3665 ἀκοῦσαι,
2922 3601 3063 3671 ἆπερ
3080 3602 3170 3655 καὶ
3186 3604 3267 3664 εἰς
3276 3603 3338 3655 τὸ
3362 3605 3655 3673 κεφάλαιον
3664 3605 3821 3661 τοῦτο

2227 3692 2496 3764 ὡρίσαντο
2515 3694 2564 3744 οί
2597 3693 2724 3764 περὶ
2762 3692 2861 3755 τὰς
2885 3692 3161 3762 θεολογίας
3189 3694 3284 3759 τοῦ
3315 3697 3470 3766 ἁγίου
3500 3698 3821 3770 Πνεύματος

2229 3784 2693 3856 ἀποδιακείμενοι.
2736 3786 3034 3854 Ἀπάγουσι
3068 3786 3175 3858 γὰρ
3208 3790 3288 3851 εἰς
3321 3788 3524 3860 ἔσχατα
3563 3791 3667 3860 γῆς
3690 3792 3822 3845 ἑαυ-

2229 3875 2355 3938 τοὺς
2397 3875 2507 3929 ἀπὸ
2557 3876 2912 3948 προλήψεως*
2946 3879 3169 3950 ἄκριτος
3212 3879 3267 3932 δὲ
3314 3880 3453 3950 ἔρως
3493 3882 3593 3934 οὐκ
3630 3881 3821 3934 εἴωθεν

2229 3967 2429 4039 ἀκριϐῆ
2471 3972 2771 4040 μαρτυρεῖν
2812 3969 3056 4035 ἐξέτασιν
3078 3989 3090 4002 ’
3118 3973 3267 4041 ὅμως
3294 3973 3445 4026 οὐδὲν
3477 3970 3587 4027 οἷον
3622 3973 3822 4027 κωλύει

2230 4059 2402 4129 αὐτῆς
2428 4060 2644 4133 ἐκείνης
2669 4061 2767 4132 τῆς
2798 4061 3219 4135 πειθανουργίας
3243 4064 3493 4119 ἀκοῦσαι.
3527 4064 3685 4119 Οὖτω
3709 4067 3820 4138 γὰρ

2228 4150 2296 4206 ἂν
2324 4151 2403 4205 ἔτι
2432 4151 2595 4206 πλέον
2621 4154 3153 4226 καταγνωσθείησαν.
3186 4158 3339 4226 Ἔχει
3360 4152 3451 4210 οὖν
3472 4148 3575 4210 ὧδε
3630 4157 3746 4210 Οὐκ
3770 4155 3829 4209 ετ

2234 4260 2289 4295 τι
2341 4241 2558 4297 αἰώνιον
2602 4243 2924 4315 ὡμωνύμως
2952 4248 3412 4318 προσηγόρευται,
3444 4249 3576 4311 Θεὸς
3598 4247 3820 4302 δύναται

2178 4384 2187 4389 ,
2230 4329 2502 4400 λέγεσθαι,
2551 4332 2665 4385 ἀλλ’
2698 4333 2753 4386 εἴ
2779 4352 2862 4398 τις
2892 4334 3046 4398 Θεὸς,
3072 4337 3305 4389 αἰωνίων
3335 4336 3440 4409 [68
3469 4336 3529 4410 ὁ]
3567 4338 3816 4409 ποιητής.

2162 4457 2205 4511 D
2234 4423 2546 4494 Γέγραπται
2603 4426 2747 4498 γάρ’
2786 4445 2804 4477 ι
2847 4428 3069 4498 Χρόνων
3111 4428 3206 4480 καὶ
3263 4428 3475 4484 αἰώνων
3522 4429 3751 4501 ποιητὴς
3790 4430 3823 4484 ὁ

2235 4512 2367 4577 Θεός
2394 4530 2408 4543 ⁸
2449 4533 2468 4568 ι
2509 4515 2601 4568 καὶ
2648 4516 2808 4569 πάλιν
2830 4534 2841 4545 ·
2875 4535 2892 4566 ι
2935 4516 3264 4588 Πολυμερῶς
3320 4519 3415 4572 καὶ
3469 4521 3822 4592 πολυτρόπως

2236 4604 2404 4659 πάλαι
2432 4609 2461 4659 ὁ
2484 4606 2617 4671 Θεὸς
2659 4606 2898 4677 λαλήσας
2944 4610 3001 4661 ἐν
3040 4612 3152 4672 τοῖς
3181 4612 3509 4681 προφήταις,
3545 4613 3631 4664 ἐπ’
3656 4610 3822 4682 ἐσχά-

2232 4713 2326 4748 του
2349 4696 2458 4751 τῶν
2489 4699 2709 4769 ἡμερῶν
2734 4698 2999 4769 ἐλάλησεν
3025 4702 3155 4769 ἡμῖν
3179 4701 3236 4753 ὲν
3265 4699 3399 4770 Υἱῷ,
3429 4700 3487 4753 ὃν
3516 4701 3666 4755 ὲθετο
3689 4703 3821 4774 κλη-

2238 4787 2464 4859 ρόνομον
2491 4788 2809 4851 πάντων,δι’
2832 4784 2892 4844 οὗ
2921 4791 3015 4842 καὶ
3048 4792 3172 4855 τοὺς
3200 4790 3401 4854 αἰῶνας
3424 4792 3693 4862 ἐποίησεν.
3713 4816 3730 4845 ›
3758 4795 3822 4849 Εἰ

2239 4884 2350 4955 γὰρ
2385 4880 2439 4934 εἴ
2465 4898 2517 4934 τι
2553 4880 2767 4934 αἰώνιον
2793 4882 3251 4953 προσηγόρευται,
3288 4882 3409 4946 θεὸς
3461 4884 3665 4952 ὀφείλει
3703 4887 3821 4940 όνο-

2235 5059 2508 5131 pag.l47.

2310 5128 2425 5198 (66)
2463 5130 2621 5185 Deus.
2659 5128 2701 5183 ll
2728 5131 2853 5185 Cor.
2886 5148 2961 5194 XI,
2999 5133 3092 5188 5l.

2313 5199 2428 5269 (67)
2460 5198 2638 5269 (esus.
2673 5201 2837 5256 Hebr.
2873 5218 2991 5265 xm,
3024 5204 3077 5256 8.

2313 5266 2425 5340 (68)
2466 5266 2729 5336 Scriptum
2767 5276 2902 5326 enim
2952 5274 3072 5340 fuit.
3118 5275 3446 5330 \‘ertcndum
3491 5277 3770 5329 ridebatur
3805 5295 3819 5331 :

2244 5340 2561 5414 {Scriptum
2633 5349 2716 5392 est
2753 5343 2920 5414 enim
2950 5361 2963 5396 :
2996 5341 3319 5414 Tempnrunt
3386 5359 3439 5400 et
3502 5348 3821 5400 Hl‘ClllOtUIIl

2245 5410 2419 5460 l'actor
2464 5409 2640 5462 .ltens.
2670 5429 2688 5460 ι
2740 5411 2805 5463 At
2844 5429 2966 5465 cum
3012 5414 3098 5469 ltic
3133 5409 3313 5469 iextus
3369 5417 3421 5468 in
3467 5417 3652 5469 Dtbliis
3710 5431 3817 5470 non

2243 5487 2444 5540 exstet,
2481 5477 2683 5534 idcirco
2706 5480 2864 5536 aliter
2898 5484 3145 5538 transtuli

2310 5546 2423 5623 (69)
2473 5547 2853 5623 Multifart'am.
2929 5552 3091 5608 Hebr.
3154 5571 3201 5615 ι,
3255 5557 3323 5617 l,
3371 5556 3424 5609 2.
3472 5555 3652 5608 Biblia.
3701 5564 3827 5623 post

2236 5617 2475 5695 λαλήσας
2537 5617 2738 5695 addunt
2794 5625 2905 5686 τοῖς
2972 5624 3261 5695 πατράσιν,
3319 5636 3371 5686 et
3429 5632 3549 5693 post
3596 5617 3823 5695 ἡμερῶν

2242 5688 3053 5768 :i‘tltluttt-tod‘rwv"noeentum
3084 5688 3185 5768 pro
3216 5695 3365 5747 ἔθετο
3399 5688 3593 5748 habent
3617 5688 3819 5768 Ἑθήκε.

2244 5756 2348 5807 Sed
2377 5757 2493 5810 vide
2519 5774 2686 5829 segni.
2716 5761 2785 5814 27
2813 5762 2862 5829 b,
2886 5775 2937 5816 et
2959 5762 3055 5814 ‘llll
3087 5756 3147 5812 Ἰ).
