4100 6428
532 357 637 414 519

1778 348 2016 423 ῡιυῖιιι
2052 347 2526 403 ALEXANDRINI

3697 348 3804 405 520

529 474 854 540 opportune,
884 464 976 519 sed
1031 465 1099 518 ad
1158 464 1460 519 orationem
1513 461 1810 515 ornandam
1847 461 2108 516 memine-

2235 460 2363 514 πίονα
2385 476 2395 488 ·
2429 459 2519 512 καὶ
2545 459 2997 528 θαυμαζέτωσαν,
3023 459 3145 513 ἀντὶ
3170 459 3280 513 τῶν
3301 459 3418 525 νῦν,
3444 460 3479 514 ἀ
3503 459 3805 530 θαυμάζειν

529 569 656 615 runt
676 557 939 623 haeretici,
968 570 1289 612 mternarum
1312 563 1611 625 portarum,
1651 563 1708 607 et
1740 555 1919 608 ovium
1952 554 2110 608 linem

530 652 845 723 praedictum
879 662 1000 716 esse
1038 649 1089 702 in
1120 647 1379 709 oraculis,
1424 660 1546 714 quae
1574 658 1605 699 a
1654 643 1809 699 nobis
1867 654 2023 697 antea
2056 643 2111 695 in

535 746 676 798 hanc
709 754 821 795 rem
849 740 1010 793 allata
1041 748 1169 793 sunt
1197 757 1209 791 :
1251 747 1307 792 et
1329 736 1544 790 discant
1592 735 1831 797 tandem,
1864 748 1987 787 eum
2022 733 2112 802 qui

532 833 603 889 sit
631 833 750 888 sine
778 830 957 894 initio,
983 839 1035 885 et
1062 828 1479 882 immntabilitcr
1507 834 1767 889 aeternus,
1787 826 1855 879 ab
1877 838 1943 879 eo
1971 823 2143 901 quod.

533 923 696 978 estin
751 931 994 991 tempore
1037 925 1099 978 α
1150 917 1428 982 mutabile,
1478 916 1731 980 dill‘erre;
1780 928 1957 984 neque
1985 926 2115 966 vero

535 1029 764 1084 parvum
799 1027 921 1066 esse
951 1012 1058 1067 hoc
1106 1010 1423 1074 discrimen,
1482 1021 1658 1076 neque
1688 1006 1950 1060 duntaxat
1971 1004 2115 1059 circa

536 1105 855 1171 essentiam,
884 1113 940 1159 et
968 1117 1086 1172 eas,
1111 1102 1307 1171 quibus
1332 1103 1445 1156 haec
1476 1109 1728 1165 ornatur,
1757 1098 2116 1169 proprietates

537 1198 766 1262 versari,
802 1195 896 1252 sed
923 1210 988 1250 ex
1024 1201 1134 1249 toto
1158 1202 1214 1247 et
1238 1192 1293 1247 in
1317 1201 1486 1247 totum
1520 1192 1706 1247 isthaec
1750 1191 1894 1244 inter
1923 1204 1981 1244 se
2009 1189 2119 1244 dis-

538 1301 784 1357 crepare.
819 1284 1014 1341 Notum
1050 1292 1228 1339 autem
1264 1281 1397 1353 ipsis
1421 1281 1521 1337 hoc
1545 1281 1710 1335 etiam
1727 1281 1819 1343 sit,
1854 1279 2115 1349 Spiritum

540 1387 784 1434 sanctum
807 1377 1012 1433 scilicet
1047 1384 1308 1431 aeternum
1339 1373 1445 1428 dici
1479 1388 1585 1429 non
1623 1380 1865 1443 respectu
1900 1383 2116 1427 creatu-

544 1486 749 1536 rarum,
774 1469 868 1524 sed
904 1478 1153 1538 respectu
1189 1467 1326 1537 ejus,
1358 1481 1388 1520 a
1421 1481 1529 1535 quo
1572 1468 1751 1520 omnia
1801 1466 1907 1520 vim
1967 1466 2114 1520 acci-

542 1560 715 1631 piunt,
752 1561 841 1614 Dei
896 1559 1073 1613 Patris
1128 1568 1183 1613 et
1239 1558 1403 1614 Filii:
1456 1573 1519 1614 ac
1549 1557 1804 1613 deteriori
1834 1557 2114 1626 repudiata

539 1652 814 1727 opinione,
841 1652 1119 1707 meliorem
1156 1651 1503 1721 eligant:et‘
1528 1667 1625 1721 pro
1686 1651 1773 1714 iis,
1815 1664 1934 1719 quae
1979 1662 2122 1703 nunc

540 1743 901 1804 admirantur,
926 1758 988 1797 ea
1016 1744 1376 1807 admirentur,
1418 1758 1537 1812 qua:
1568 1742 1930 1797 admiratione
1961 1741 2118 1810 digna

541 1844 685 1901 sunt,
714 1851 777 1891 ac
829 1844 1109 1890 venturmn
1145 1847 1358 1904 tempus
1387 1836 1599 1891 felicius
1620 1835 1958 1906 transigant;
1991 1832 2121 1887 nihil
2155 1808 2195 1863 Β

534 1929 683 1983 enim
716 1928 844 1997 ipsis
889 1927 1192 1982 invidemus
1215 1946 1228 1957 ·
1253 1937 1309 1981 et
1342 1927 1484 1982 unde
1530 1937 1873 1997 arrogantem
1904 1941 2127 1981 accusa-

543 2022 742 2076 tionem
781 2020 1001 2077 sibimet
1041 2020 1174 2090 ipsis
1210 2021 1430 2075 noxiam
1473 2021 1951 2089 deprompsernnt,
2003 2016 2128 2071 inde

545 2114 880 2183 poenitentiae
912 2112 1335 2169 emolumentum
1366 2112 1689 2183 percipiant.
1744 2110 1800 2165 Si
1850 2112 1993 2164 enim
2026 2124 2127 2163 vox

547 2207 661 2260 haec
695 2224 714 2257 ι
744 2216 980 2259 internus
1009 2223 1029 2257 ι
1063 2214 1320 2274 tanquam
1363 2205 1565 2274 aliquid
1615 2204 1796 2279 divina
1851 2202 2131 2271 majesmte

548 2298 768 2369 dignum
801 2298 1095 2367 designans
1129 2297 1182 2351 in
1208 2296 1509 2367 Scripturis
1545 2298 1611 2350 de
1633 2280 1743 2351 Deo
1769 2295 1929 2350 Patre
1972 2309 2036 2348 ac
2064 2294 2132 2348 de

550 2390 685 2449 Filio
709 2393 848 2446 dicta
878 2389 998 2455 fuit,
1056 2390 1222 2446 simili
1268 2402 1322 2444 et
1374 2390 1568 2459 aequali
1620 2390 1779 2446 modo
1809 2388 2128 2456 accipienda

548 2496 634 2539 est
670 2483 759 2537 ubi
795 2482 1023 2538 dicitur-
1051 2482 1120 2537 de
1170 2481 1373 2552 Spiritu
1408 2481 1524 2536 Dei.
1566 2481 1743 2549 Atque
1770 2479 1883 2534 hac
1910 2477 2130 2548 quidem

549 2583 629 2629 est
660 2574 830 2644 prima
879 2572 1181 2642 responsio.
1239 2572 1426 2627 Altera
1481 2586 1612 2627 vero
1672 2580 1759 2627 est
1805 2567 2127 2637 lmjnsmodi.

550 2664 702 2718 Nulla
741 2679 809 2720 ex
840 2665 909 2719 iis
939 2665 1101 2720 rebus
1126 2663 1370 2731 aeternis,
1422 2678 1560 2735 quas
1616 2667 2155 2724 commemorarunt,-

551 2755 898 2810 denominata
925 2766 1010 2812 est
1035 2764 1128 2811 aut
1160 2755 1363 2821 divina,
1407 2764 1501 2809 aut
1548 2764 1774 2809 sanctus
1805 2752 2038 2822 Spiritus
2067 2764 2131 2805 ex

552 2846 662 2900 Deo
696 2847 1017 2917 procedens,
1041 2861 1234 2913 nempe
1268 2860 1433 2900 unum
1485 2844 1617 2915 quid
1648 2852 1704 2898 et
1740 2843 1989 2911 simplex,
2022 2855 2131 2896 non

554 2940 709 3008 plura
750 2939 1052 3004 exsistens;
1087 2954 1263 3009 neque
1288 2938 1395 2992 ulla
1427 2951 1492 2992 ex
1535 2937 1670 3005 ipsis
1706 2934 1863 2989 simul
1883 2951 2003 2989 cmn
2031 2932 2135 2987 Pa-

555 3041 637 3082 tre
662 3038 716 3081 et
763 3028 901 3082 Filio
934 3028 984 3081 in
1016 3028 1199 3081 divina
1224 3026 1571 3097 baptismatis
1608 3024 1964 3096 mystagogia,
1994 3024 2133 3077 divi-

2215 552 2390 617 ἀξιον·
2426 552 2517 603 καὶ
2547 550 2910 621 πραξάτωσαν
2943 550 3136 621 βελτίω
3173 551 3266 605 τὸν
3298 551 3439 622 μετά
3475 550 3647 605 ταῦτα
3679 552 3806 623 χρό-

2214 660 2335 696 νον·
2373 642 2564 712 φθόνος
2619 642 2726 713 γάρ
2777 642 2983 706 οὐδείς’
3043 643 3137 696 καὶ
3181 643 3274 713 ἀφ’
3309 636 3383 696 ὧν
3425 642 3523 714 τὴν
3566 643 3807 708 ἀλαζόνα

2218 732 2422 804 μέμψιν
2456 731 2835 803 ποιησάμενοι,
2873 733 3104 796 ἑαυτοὺς
3130 733 3394 798 ἔὸλαῲαν,
3428 734 3682 787 ἐντεῦθεν
3714 742 3812 790 καὶ

2214 826 2275 880 τὸ
2303 826 2405 895 τῆς
2438 824 2798 897 μεταμελείας
2828 824 3021 894 ὄφελος
3045 824 3561 893 ἀπενεγκασθωσαν.
3588 828 3651 880 El
3675 828 3809 899 γὰρ,

2216 917 2291 982 ὼς
2325 916 2627 987 θεοπρεπὲς
2650 933 2704 969 τι
2726 916 3114 987 ὲνδεικνυμένη
3141 918 3175 987 ή
3204 915 3347 983 λέξις
3371 917 3534 988 αὕτη,
3565 918 3812 990 ἐχρήσθη

2217 1009 2346 1080 περὶ
2373 1007 2468 1063 τοῦ
2490 1007 2625 1061 Θεοῦ
2648 1008 2863 1079 Πατρὸς
2898 1010 2990 1061 καὶ
3022 1007 3117 1061 τοῦ
3142 1007 3295 1070 Υίοῦ,
3324 1008 3454 1071 ἴσως
3485 1009 3579 1062 καὶ
3611 1008 3815 1079 ὁμοίως

2217 1099 2514 1170 ὲκληφθείη
2538 1099 2604 1153 ἂν
2633 1100 2760 1171 περὶ
2780 1098 2875 1153 τοῦ
2904 1098 3218 1171 Πνεύματος
3246 1099 3341 1153 τοῦ
3373 1099 3530 1155 Θεοῦ.
3573 1101 3669 1154 Ἓν
3713 1100 3817 1171 μὲν

2216 1192 2281 1263 δὴ
2314 1191 2503 1245 τοῦτο’
2536 1190 2725 1261 ἓτερον
2761 1190 2839 1254 δὲ,
2870 1192 2951 1245 ὅτι
2984 1191 3137 1245 οὐδὲν
3185 1183 3260 1245 ὧν
3298 1190 3653 1262 ἐμνήσθησαν
3689 1192 3819 1245 αἰω-

2217 1284 2367 1346 νίων,
2396 1283 2835 1355 προσηγόρευται
2880 1282 3043 1347 θεῖον,
3077 1283 3111 1354 ἢ
3142 1281 3366 1353 Πνεῦμα
3412 1281 3569 1351 ἅγιον
3610 1284 3675 1335 ὲκ
3718 1281 3816 1335 τοῦ

2218 1375 2354 1430 Θεοῦ
2386 1375 2737 1447 ἐκπορευθὲν,
2767 1377 2937 1447 ἤγουν
2964 1376 3023 1431 ἓν
3052 1394 3129 1438 τι,
3161 1376 3257 1431 καὶ
3296 1375 3371 1448 μὴ
3394 1376 3597 1453 πλῆθος
3629 1377 3708 1428 θνα
3727 1377 3818 1429 ού-

2218 1467 2275 1521 δὲ
2336 1467 2688 1522 συντάττεται
2724 1468 2804 1539 τῷ
2834 1470 3010 1541 Haupt
3064 1470 3161 1524 καὶ
3212 1468 3293 1539 τῷ
3351 1468 3468 1539 Υἱῷ
3523 1470 3606 1533 είς
3658 1469 3816 1522 θείαν

2225 1561 2613 1631 μυσταγωγίαν
2655 1562 2749 1614 καὶ
2788 1560 2975 1632 θεῖκὴν
3019 1562 3249 1634 δωρεὰν,
3276 1561 3397 1614 οὐδὲ
3438 1560 3606 1632 ἄλλης
3648 1562 3814 1627 τινὸς,

2223 1653 2309 1706 ῖνα
2352 1654 2426 1724 μὴ
2465 1652 2635 1707 πολλά
2664 1652 2829 1722 λέγω,
2866 1651 3081 1722 θεότητι
3115 1644 3433 1723 ἀνηκούσηὲ
3457 1654 3621 1725 τιμῆς
3652 1652 3821 1723 ἠξίω-

2221 1761 2334 1798 ται.
2368 1743 2531 1798 ’Άλλο
2555 1743 2691 1816 πρὸς
2720 1743 2934 1807 τούτοις
2953 1761 2966 1774 ·
3016 1743 3073 1796 Ὀ
3099 1742 3233 1807 Θεὸς
3253 1743 3349 1796 καὶ
3378 1741 3568 1814 Πατὴρ
3596 1743 3821 1812 εὐδόκη-

2227 1854 2319 1891 σεν
2345 1837 2435 1891 διὰ
2463 1836 2570 1910 [69
2606 1834 2668 1909 ὁ]
2697 1835 2791 1890 τοῦ
2822 1836 2953 1891 Υἰοῦ
2981 1836 3144 1890 αὑτοῦ
3172 1836 3347 1905 Λόγου
3376 1836 3551 1890 πάντα
3566 1836 3823 1908 δημιουρ-

2226 1929 2483 2001 γηθῆναι.
2535 1931 2645 1983 Καὶ
2673 1930 2821 1993 ποία,
2858 1930 2932 1994 ὡς
2967 1930 3423 2002 ὀνειροπολοῦσιν,
3468 1929 3709 2000 λοιδορία
3741 1928 3822 1998 τῷ

2227 2021 2507 2093 Πνεύματι
2540 2020 2705 2075 αὑτοῦ
2734 2020 2813 2092 τῷ
2842 2021 3093 2092 παναγίῳ
3129 2022 3193 2074 ὲκ
3231 2020 3323 2075 τοῦ
3368 2020 3441 2092 μὴ
3478 2020 3822 2090 δημιουργῆ-

2228 2129 2341 2178 σαι,
2382 2114 2436 2167 ετ
2463 2130 2526 2182 γε
2556 2114 2686 2184 ἄρα,
2735 2115 2854 2166 κατ’
2885 2113 3103 2175 αὐτοὺς,
3137 2113 3212 2184 μὴ
3259 2113 3515 2184 ἀρρήτως
3561 2112 3822 2182 συνεργόν

2228 2204 2346 2257 ²εστι
2374 2202 2452 2275 τῷ
2491 2203 2841 2275 Δημιουργῷ,
2876 2203 2952 2267 ὡς
2991 2204 3020 2256 ὁ
3056 2204 3277 2275 Πατήρ;
3302 2204 3424 2255 ’Ότι
3453 2202 3510 2255 δὲ
3542 2202 3635 2255 τοῦ
3674 2220 3827 2272 μονο-

2231 2295 2423 2367 γενοῦς
2450 2294 2616 2349 αὑτοῦ
2651 2294 2781 2348 Υίοῦ
2815 2295 3013 2363 Λόγου,
3055 2293 3149 2349 καὶ
3179 2292 3271 2347 τοῦ
3305 2293 3425 2357 ἑνὸς
3455 2293 3614 2361 ἁγίου
3648 2293 3825 2346 Πνεύ-

2234 2409 2423 2465 ματος,
2475 2392 2626 2445 πᾶσα
2676 2390 2927 2461 ἐνέργεια
2968 2390 3063 2444 καὶ
3106 2388 3303 2461 δωρεὰ,
3335 2388 3699 2460 δημιουργική
3738 2405 3821 2450 τε,

2231 2484 2410 2555 ἀγαθή
2462 2500 2524 2536 τε
2561 2481 2655 2537 καὶ
2680 2481 2884 2546 τελεία,
2909 2481 3005 2535 καὶ
3040 2480 3192 2551 κοινὴ
3222 2479 3401 2533 αὐτῶν
3436 2478 3694 2550 ὑπάρχει,
3731 2480 3827 2532 άν-

2233 2576 2425 2644 άγεται
2447 2572 2505 2627 δὲ
2530 2572 2629 2629 ὃλα
2657 2572 2738 2635 είς
2764 2571 2855 2625 τὸν
2875 2571 2990 2634 ἕνα,
3022 2571 3080 2638 ἐξ
3105 2565 3166 2626 οὑ
3199 2572 3296 2624 καὶ
3329 2571 3427 2624 σὺν
3458 2563 3502 2637 ᾧ
3530 2570 3828 2641 ἀφράστως

2236 2665 2577 2736 ἐξεφάνησαν
2598 2664 2655 2718 at
2679 2663 2946 2736 μακαρίαν.
2976 2662 3304 2726 ὑποστάσεις
3326 2655 3486 2716 αὗται
3506 2679 3520 2691 ·
3557 2664 3732 2733 ῥᾷστα
3760 2663 3829 2714 ἂν

2235 2756 2542 2829 καταμάθοι
2586 2758 2614 2811 ό
2657 2755 2903 2821 ἐξέτασίν
2948 2771 3073 2809 τινα
3103 2756 3277 2827 ἡσυχῆ
3318 2755 3686 2827 ποιησάμενος
3717 2755 3827 2808 τῶν

2237 2850 2428 2921 σοφίας
2461 2849 2676 2921 μεστῶν
2713 2849 2931 2918 λογίων,
2971 2846 3079 2902 τῶν
3119 2867 3179 2902 τε
3218 2850 3276 2902 ὲν
3321 2848 3597 2919 διαφόροις
3644 2848 3831 2911 τόποις

2235 2940 2390 2996 τοῦδε
2421 2940 2516 2995 τοῦ
2544 2939 2749 3012 βιϐλίου
2789 2939 3285 3012 μνημονευθεισῶν,
3312 2939 3420 2992 τῶν
3440 2957 3499 2992 τε
3528 2942 3586 2992 ὲν
3615 2939 3694 3009 τῷ
3724 2939 3831 3010 πρὸ

2237 3035 2576 3089 whom-Kal
2613 3032 2826 3097 Παῦλος
2872 3033 2949 3097 δὲ,
2994 3033 3055 3086 οὑ
3097 3031 3362 3104 κρείττων
3408 3031 3440 3101 ἢ
3477 3033 3600 3085 κατ’
3625 3029 3835 3102 ἀνθρώ-

557 3133 745 3189 nacque
767 3119 952 3190 gratia:
974 3117 1257 3190 largitione
1289 3117 1605 3184 collocatur,
1669 3132 1842 3186 neque
1899 3115 2006 3170 ullo
2033 3114 2133 3170 alio

2240 3144 2396 3192 πους,
2451 3128 2728 3198 ἀπέφηνεν
2747 3124 2907 3180 τοῦτο
2971 3124 3219 3196 φανερῶς
3275 3122 3830 3193 διαϐεϐαιωσάμενος,

556 3212 761 3267 honore
818 3212 1004 3267 deltati
1057 3202 1414 3269 conveniente
1448 3212 1553 3283 (ne
1591 3212 1744 3282 plura
1801 3207 2133 3280 enumerem)

2241 3218 2555 3291 Κορινθίοις
2585 3220 2683 3289 μέν
2705 3235 2717 3248 ’
2755 3238 2774 3270 ι
2798 3216 2961 3270 Ἀλλά
2987 3215 3384 3280 ἀπελούσασθε,
3417 3215 3553 3268 ἀλλά
3579 3213 3833 3268 ἐδικαιώ-

556 3304 777 3379 dignata
802 3313 907 3360 est.
961 3304 1119 3378 Aliud
1170 3312 1433 3375 praterea
1482 3304 1698 3358 addam.
1746 3302 1839 3356 Dei
1875 3311 1929 3356 et
1961 3300 2139 3356 Patris

554 3394 950 3464 complacenlia
980 3393 1104 3461 fuit,
1134 3404 1194 3449 ut
1217 3410 1315 3466 per
1337 3393 1533 3449 Filium
1560 3408 1717 3449 suum
1763 3391 1996 3447 Verbum
2023 3406 2141 3446 om-

558 3487 643 3547 nia
673 3494 998 3541 crearentur
1033 3503 1049 3546 :
1100 3487 1278 3557 qualis
1306 3496 1489 3542 autem
1534 3485 1879 3542 sanctissimo
1910 3482 2138 3553 Spiritui

557 3577 757 3648 injuria
793 3592 899 3632 non
932 3577 1246 3646 inferretur,
1284 3579 1355 3645 si,
1387 3588 1444 3633 ut
1469 3577 1569 3647 ipsi
1624 3576 1915 3636 somniant.
1954 3589 2142 3630 creare

556 3686 665 3724 non
704 3668 1018 3724 diceretur?
1046 3669 1299 3724 nimirum
1327 3669 1396 3737 si,
1431 3680 1488 3723 ut
1516 3670 1550 3723 ii
1589 3668 1798 3735 volunt,
1827 3667 1989 3723 simul
2017 3681 2139 3720 cum

553 3759 818 3815 Creatore
847 3774 1003 3829 teque
1063 3775 1129 3816 ac
1188 3760 1350 3815 Pater
1404 3758 1752 3815 ineﬂ'abiliter
1788 3757 2001 3826 operari
2034 3771 2140 3811 non

559 3853 916 3907 crederetur?
947 3850 1100 3918 Quod
1142 3862 1322 3907 autem
1361 3851 1622 3919 unigeniti
1656 3849 1775 3921 ejus
1814 3848 1935 3903 Filii
1956 3846 2140 3911 Verbi,

558 3951 614 3997 et
651 3943 809 3997 unius
844 3943 1083 4014 Spiritus
1106 3943 1279 4000 sancti
1325 3941 1573 4013 operatio
1610 3941 1810 4006 omnis,
1840 3949 2002 4007 atque
2028 3938 2144 3992 lar-

558 4035 690 4104 gitio
722 4044 777 4091 et
805 4035 1085 4092 Creatoris
1111 4037 1352 4106 propria,
1386 4045 1436 4090 et
1481 4035 1647 4097 bona,
1684 4041 1740 4086 et
1787 4030 2050 4101 perfecta,
2090 4040 2144 4085 et

556 4129 863 4183 communis
889 4130 1132 4198 ipsorum
1169 4128 1260 4193 sit,
1297 4126 1480 4180 omnia
1537 4137 1668 4178 vero
1727 4123 1782 4177 in
1829 4122 2047 4176 unicum
2081 4137 2144 4177 ac

559 4215 733 4272 solum
758 4217 1090 4281 referantur,
1140 4230 1206 4271 ex
1256 4230 1384 4284 quo,
1418 4223 1475 4268 et
1518 4228 1644 4268 cmn
1693 4227 1801 4282 quo
1833 4211 2005 4268 beatae
2032 4213 2145 4266 isne

561 4309 880 4380 hypostases
915 4307 1078 4379 156
1124 4304 1471 4362 inet'l‘abiliter
1522 4305 1846 4369 eluxerunt,
1892 4303 2147 4359 facillime

563 4402 827 4470 intelliget
854 4401 945 4471 qui
971 4400 1192 4457 oracula
1217 4400 1498 4470 sapientiae
1540 4399 1697 4468 plena
1734 4414 1856 4454 cum
1884 4397 1938 4452 in
1969 4399 2148 4453 diver-

2241 3309 2393 3381 θητε,
2426 3309 2562 3364 ἀλλὰ
2591 3308 2893 3381 ἡγιάσθητε
2954 3309 3012 3361 ἐν
3065 3307 3144 3379 τῷ
3201 3307 3424 3377 ὀνόματι
3475 3305 3571 3359 τοῦ
3622 3306 3832 3377 Κυρίου

2239 3403 2409 3474 ἡμῶν·
2444 3401 2618 3474 Ἰησοῦ
2642 3400 2905 3473 Χριστοῦ,
2938 3400 3033 3454 καὶ
3071 3400 3130 3453 ἐν
3151 3397 3229 3469 τῷ
3250 3398 3528 3469 Πνεύματι
3552 3397 3644 3450 τοῦ
3693 3396 3832 3449 Θεοῦ

2241 3494 2421 3567 ἡμῶν.
2465 3513 2485 3546 ι
2518 3493 2707 3563 Ἀθρει
2737 3487 2851 3557 οῦν,
2885 3489 3063 3561 ἄθρει,
3099 3489 3174 3552 ὡς
3204 3491 3249 3541 εἰ
3286 3489 3465 3543 θεῖκὸν
3497 3488 3685 3558 ὄνομα,
3720 3485 3833 3540 ῶσ-

2241 3605 2348 3659 περ
2387 3582 2479 3641 οὖν
2511 3585 2713 3648 θεῖκὸν,
2742 3583 2803 3636 τὸ
2833 3582 2928 3636 τοῦ
2973 3580 3125 3646 Υίοῦ,
3160 3581 3459 3646 ὲξάπαντος
3499 3581 3595 3634 καὶ
3630 3579 3692 3633 τδ
3736 3579 3833 3632 τοῦ

2242 3662 2398 3748 ἀγίου
2438 3676 2787 3748 Πνεύματοςο
2830 3674 2888 3728 ἓν
2936 3674 3045 3746 γὰρ
3085 3675 3288 3745 ἀμφοῖν
3333 3672 3513 3727 αὐτῶν
3568 3673 3836 3744 ἐδήλωσεν

2210 3770 2433 3840 ηδνομα.
2476 3770 2588 3822 Καὶ
2630 3768 2734 3833 ὅτι,
2789 3767 2867 3832 ὡς
2923 3766 3220 3836 συγκτίσαν
3274 3765 3530 3837 ἀρρήτως
3574 3765 3636 3819 τὸ
3681 3765 3837 3833 ἆγιον

2243 3859 2645 3933 Πνεῦμα-παρὰ
2675 3861 2775 3931 τὴν
2803 3860 3002 3932 ἀρχὴν,
3030 3858 3125 3914 καὶ
3156 3859 3252 3913 νῦν
3286 3855 3588 3921 ἀνακτίζει.
3619 3857 3693 3910 Τὸ
3726 3856 3836 3929 γὰρ

2238 3951 2672 4016 ἀπολούσασθαι,
2717 3950 2778 4005 τδ
2817 3950 3209 4021 ἀνακτισθῆναι
3244 3949 3536 4020 ἐσήμανεν.
3568 3947 3714 4017 Τίτῳ
3749 3945 3833 3997 δέ·

2251 4061 2269 4093 ι
2310 4043 2710 4113 Ἀναγεννήσας
2733 4042 2882 4113 ἡμᾶς
2910 4042 2999 4095 διὰ
3037 4040 3264 4112 λουτροῦ
3303 4037 3718 4106 παλιγγενεσίας
3741 4037 3839 4091 καὶ

2246 4132 2639 4197 ἁνακαινίσεως
2671 4133 2990 4204 Πνεύματος
3022 4131 3201 4200 ἀγίου.
3243 4150 3261 4183 ι
3298 4129 3462 4184 Ούδὲν
3479 4127 3537 4181 δὲ
3551 4116 3713 4199 ἦττον
3742 4127 3839 4179 καὶ

2244 4228 2274 4280 ό
2307 4224 2676 4298 Ἰεροψάλτης,
2713 4224 2840 4287 τοὺς
2872 4224 2973 4295 ἤδη
3004 4225 3062 4276 ὲν
3101 4222 3314 4291 γενέσει
3348 4220 3710 4293 ὑπάρχοντας,
3740 4217 3839 4270 νῦν

2246 4316 2597 4388 κτιζομένους
2619 4319 2678 4371 ὲν
2706 4319 2771 4386 τῇ
2794 4316 2916 4387 θείᾳ
2931 4314 3289 4385 κολυμϐήθρᾳ
3303 4311 3682 4384 πνευματικῶς
3699 4309 3843 4374 ἀξιοῖ

2248 4408 2463 4463 εἰδέναι.
2504 4410 2674 4480 Φησὶν
2709 4408 2819 4479 γάρ
2837 4425 2852 4441 ο
2900 4427 2919 4458 ι
2943 4407 3084 4470 Aab;
3112 4409 3141 4459 ό
3167 4405 3488 4475 κτιζόμενος
3512 4405 3715 4458 αἰνέσει
3748 4404 3841 4456 τὸν

561 4499 638 4551 sis
662 4496 819 4563 hujus
847 4492 971 4548 libri
1031 4492 1191 4557 locis,
1243 4503 1354 4547 tum
1415 4492 1469 4548 in
1516 4492 1794 4562 superiore
1827 4491 1964 4547 libro
1989 4506 2133 4546 emn-

2245 4502 2467 4573 Κύριον.
2505 4522 2523 4554 ι
2558 4501 2766 4555 Οὔκουν
2799 4501 2855 4553 αἱ
2901 4498 2999 4569 τὴν
3053 4498 3223 4567 αὐτὴν
3250 4496 3412 4567 τιμὴν
3439 4498 3531 4549 καὶ
3560 4496 3841 4566 ἐνέργειαν

564 4594 863 4641 memorata
896 4583 1033 4656 (77),
1067 4585 1252 4653 quieto
1277 4584 1389 4657 (78)
1418 4601 1480 4640 ac
1511 4585 1799 4656 tranquillo
1838 4586 2021 4641 animo
2045 4586 2143 4640 ali-

562 4673 879 4745 quantulum
929 4673 1224 4744 expendat.
1298 4674 1408 4730 Sed
1461 4675 1659 4731 Paulus
1713 4691 1929 4746 quoque
1975 4689 2139 4747 supra

563 4781 906 4822 communem
939 4765 1218 4821 hominum
1261 4768 1624 4822 conditionem
1656 4767 1829 4822 elatus
1865 4766 1975 4840 ('79)
2025 4784 2139 4821 ma-

566 4858 763 4915 nifesto
792 4858 842 4912 id
873 4856 1135 4925 declarat,
1162 4859 1286 4913 dum
1338 4859 1389 4914 in
1439 4858 1679 4928 Epistola
1738 4858 1805 4913 ad
1830 4855 2140 4913 Corinthios

510 4944 518 4973 ⁵
564 4950 683 5006 bene
706 4957 1021 5005 asseverat:
1069 4968 1089 5002 ι
1123 4949 1228 5005 Sed
1252 4949 1420 5005 abluti
1444 4950 1555 5022 (80)
1573 4951 1725 5015 estis,
1750 4950 1841 5005 sed
1858 4948 2139 5018 jnstiticati

567 5042 719 5108 estis,
739 5042 831 5097 sed
863 5042 1184 5096 sanctiﬁcati
1205 5043 1337 5097 estis
1368 5043 1420 5097 in
1472 5044 1689 5097 nomine
1721 5044 1931 5097 Domini
1967 5042 2141 5097 nostri

572 5134 696 5189 .lcsu
727 5133 946 5199 Christi,
982 5141 1036 5188 et
1089 5135 1143 5188 in
1193 5135 1399 5204 Spiritu
1452 5135 1543 5191 Dei
1602 5133 1844 5189 DOSlTl.)
1901 5134 2140 5190 Observa

652 5318 752 5391 l7?)
805 5319 1244 5375 Commemorata.
1299 5318 1476 5391 Codex
1532 5319 1709 5381 habet,
1756 5319 2142 5391 μνημονευθει-

572 5389 890 5473 σῶνίιμιεξξ.
930 5390 1088 5448 lectio
1125 5391 1245 5445 sine
1292 5389 1454 5473 dubio
1495 5391 1746 5443 mendosa
1789 5403 1891 5443 est.
1939 5390 2144 5473 Legen-

572 5463 698 5516 dum
777 5461 1025 5525 scilicet,
1104 5458 1615 5531 μνημονευθέντωνο
1682 5469 1776 5512 aut
1851 5461 2146 5529 putandum

575 5531 759 5611 deesse
791 5532 1082 5586 dictionem
1122 5531 1380 5601 aliquam,
1413 5541 1471 5584 ut
1502 5528 1853 5596 ἀποδείξεων,
1896 5531 1979 5586 vel
2013 5545 2155 5601 μαρ-

571 5614 1005 5752 τῦῗὲῗέῖρμίριο.
1036 5669 1240 5752 Codex,
1263 5673 1454 5752 ῂσυχῖ.
1491 5670 1635 5752 Lego
1662 5671 1859 5752 ἡσυχῆ.

650 5667 765 5805 (78)
798 5668 1005 5734 Quieto.
1036 5669 1240 5738 Codex,
1268 5673 1454 5743 ἡσυχῖ.
1491 5670 1635 5742 Lego
1662 5671 1859 5742 ἡσυχῆ.

672 5736 762 5820 79)
794 5739 1422 5820 lelattts.‘(_}odex_habet_
1441 5781 1455 5804 ,
1498 5742 1560 5820 οὑ
1597 5741 1881 5820 κρείττων.
1929 5740 2040 5812 Ego
2078 5740 2159 5797 sic

579 5809 850 5875 tranatuli,
877 5810 1030 5879 quasi
1059 5811 1342 5880 legendum
1381 5813 1519 5879 sit,6
1544 5809 1830 5882 κρείττων.

2245 4594 2462 4665 ἔχουσαι
2494 4593 2817 4655 ὑποστάσεις
2835 4590 2927 4664 [’10
2946 4590 3000 4663 a]
3018 4589 3115 4662 τὴν
3137 4589 3302 4660 αὑτὴν
3337 4585 3720 4658 ἐκληρώσαντο
3741 4586 3843 4657 φύ-

2248 4701 2353 4749 σιν,
2389 4686 2482 4739 καὶ
2505 4684 2656 4738 οὐδὲν
2685 4681 2899 4754 θεότητι
2921 4681 3017 4735 καὶ
3043 4679 3271 4752 δυνάμει
3300 4678 3646 4750 διαφέρουσιν
3671 4678 3839 4749 ἀλλή-

2244 4778 2373 4842 λων,
2392 4777 2551 4848 μόναι
2566 4774 2622 4828 δὲ
2645 4772 3009 4846 συμφύεσθαι,
3038 4771 3135 4829 καὶ
3164 4771 3572 4834 συντάττεσθαι,
3587 4770 3683 4824 καὶ
3704 4786 3840 4822 παν-

2246 4866 2409 4938 ταχοῦ
2433 4865 2863 4921 συνεπινοεῖσθαι
2882 4866 3136 4920 δύνανται
3163 4864 3240 4936 τῷ
3260 4864 3358 4918 ἑνί·
3388 4863 3446 4926 ὃς
3461 4863 3627 4934 ἄμφω
3655 4862 3837 4925 αὑτὸς,

2248 4957 2348 5027 οὐχ
2367 4949 2443 5010 ὧν
2465 4957 2524 5009 αἱ
2548 4956 2877 5021 ὑποστάσεις
2894 4958 3118 5028 ἀμφοῖν,
3139 4957 3251 5027 ἔχει
3274 4956 3334 5020 ἐξ
3349 4954 3543 5008 ἑαυτοῦ
3564 4955 3837 5023 ἀνάρχως,

2246 5050 2340 5102 καὶ
2367 5048 2428 5105 ὲΕ
2471 5047 2612 5110 Esau,
2640 5049 2736 5101 καὶ
2767 5049 2978 5115 ὁμοίου,
3008 5049 3101 5101 κα)⁵
3136 5047 3378 5111 ἀλέκτως
3414 5046 3717 5118 ήνωμένας,
3747 5042 3841 5096 aut

2247 5142 2490 5212 συνεχεῖς
2507 5139 2604 5204 τὰς
2626 5138 2973 5203 ὑποστάσεις.
2992 5141 3114 5194 Ἔτι
3141 5142 3275 5213 πρὸς
3291 5143 3403 5202 τοῖς
3419 5138 3683 5209 λεχθεῖσιν
3698 5155 3712 5169 ·
3730 5139 3845 5191 Πᾶν

2323 5319 2433 5392 (80)
2459 5317 2562 5392 Sed
2604 5320 2787 5375 abluti.
2828 5318 2992 5377 ICor.
3025 5336 3098 5386 vr,
3135 5321 3219 5392 ll.
3250 5319 3507 5392 Ordinem
3560 5318 3847 5392 verborum

2260 5390 2364 5445 non
2396 5391 2645 5445 eumdem
2696 5392 2918 5446 omnino
2952 5392 3151 5446 habent
3188 5391 3381 5445 Biblia.
3426 5390 3561 5445 Vide
3606 5399 3718 5442 not.
3756 5390 3849 5454 9t,

2258 5476 2382 5534 pag.
2408 5461 2496 5517 54.
2527 5460 2789 5534 Didymus
2824 5464 2876 5517 in
2907 5462 3000 5517 lib.
3042 5460 3117 5534 De
3145 5459 3347 5523 Spiritu
3375 5472 3579 5534 sancto,
3608 5458 3849 5534 ttnnt_._4,

2257 5529 2482 5602 ita—pham
2525 5529 2718 5602 allegat
2750 5551 2763 5587 :
2796 5550 2814 5583 ι
2840 5533 3129 5600 Apostolus
3177 5546 3394 5601 quoque
3430 5533 3497 5584 ad
3541 5529 3852 5602 Corinthios

2258 5601 2526 5666 scribens,
2568 5600 2984 5657 et'ennmerans
3025 5619 3156 5669 eos,
3209 5600 3557 5671 quiregnum
3589 5600 3849 5671 (οωιυι-ιιιιι

2259 5680 2389 5725 sunt
2419 5674 2768 5727 consecuturi
2800 5671 3118 5743 (legendum
3178 5668 3308 5740 puto
3352 5668 3473 5725 (νιὶιη
3506 5668 3855 5743 Bibliotheca:

2263 5751 2462 5795 nostrae
2478 5743 2695 5797 codice:
2720 5738 2856 5797 «non
2880 5738 3363 5799 s'untconse'cuturi
3380 5757 3432 5806 ι,
3456 5740 3606 5794 addit
3633 5738 3851 5795 dicens:

2259 5809 2329 5860 Et
2359 5811 2470 5865 lucc
2499 5812 2707 5878 quidem
2741 5813 2940 5882 fuistis,
2966 5812 3056 5868 sed
3085 5812 3250 5868 abluti
3280 5813 3426 5882 estis,
3457 5830 3478 5865 ι
3521 5820 3632 5865 etc.
