4114 6420
234 411 331 466 5‘2!

1280 404 1364 458 DE
1404 400 1781 459 TRINII‘ATB
1822 402 2022 457 LIBER
2065 402 2446 461 SECUNDUS.

3383 399 3488 456 5'29

236 528 503 598 δικαίωμα
534 525 645 580 τῶν
667 525 956 597 αίρετικῶν
980 524 1182 581 τούτων
1216 522 1591 595 ὁμοιότροπον,
1617 523 1804 594 ὥσπερ

1915 538 2059 593 ergo,
2084 521 2334 586 observa,
2373 521 2418 575 si
2474 518 2714 576 divinant
2765 526 2870 586 est,
2926 528 2983 572 ut
3024 533 3154 575 sane
3204 527 3312 587 est,
3364 519 3488 576 Filii

234 617 328 672 ’καὶ
357 614 698 688 ὁμοιόλεκτόν
725 615 841 667 ἐστι
873 615 975 685 τῆς
1000 613 1095 668 νῦν
1121 612 1445 684 κινουμένης
1477 611 1675 665 αἰὼλου
1709 612 1806 666 αὐ-

237 708 338 762 τῶν
374 705 703 776 σοφιστείας,
749 705 825 769 ὡς
875 704 1233 776 μαθησόμεθα
1280 702 1396 774 μετ’
1441 703 1499 755 οὐ
1551 701 1685 756 πολὺ
1737 705 1804 774 τῇ

236 800 393 871 πείρᾳ
427 798 486 863 ἐξ
518 796 699 852 αὐτῶν
733 796 839 851 τῶν
863 796 1193 865 κεφαλαίων.
1234 795 1294 847 Ei
1331 793 1439 863 γὰρ
1472 794 1631 864 τυχὸν
1664 793 1807 858 λέξιν

233 892 372 956 τινὰ,
402 891 478 953 ὠς
524 889 623 960 τὴν
666 907 685 941 ι
721 887 956 952 αἰώνιος,
998 908 1017 940 ι
1061 886 1096 957 ἢ
1138 885 1235 957 τὴν
1272 905 1291 936 ι
1335 883 1554 953 ἀγαθὸς,
1603 903 1620 935 ι
1657 883 1806 937 Θείαν

235 981 449 1047 ἔνδειξιν
475 980 808 1051 κομίζουσαν
833 979 962 1050 περὶ
986 979 1086 1049 τῆς
1120 978 1182 1030 ἐν
1219 976 1405 1047 μονάδι
1435 975 1682 1046 Τριάδος,
1715 976 1809 1029 καὶ

234 1076 364 1145 αὐτῇ
412 1073 536 1126 καθ’
591 1072 713 1125 ὅλου
764 1072 862 1125 καὶ
907 1070 1128 1133 τελείως
1173 1069 1590 1139 προσήκουσαν,
1650 1066 1808 1137 ἔτυχέ

235 1184 330 1220 που
354 1164 609 1238 εἳρῆσθαι
638 1163 767 1234 *περὶ
797 1162 1115 1233 κτίσματος,
1145 1160 1282 1230 μετά
1317 1161 1415 1229 τῆς
1454 1158 1809 1230 ὀφειλομένης

229 1260 489 1329 κτίσματι
514 1258 732 1328 μνήμης
752 1272 766 1288 ο
786 1254 936 1308 οὐδὲν
958 1253 1056 1324 μὲν
1100 1252 1314 1320 λέγουσι
1350 1250 1423 1322 (τί
1471 1250 1580 1320 γὰρ
1608 1250 1699 1303 καὶ
1729 1252 1805 1303 εί-

231 1354 347 1408 πεῖν
379 1350 598 1421 ἔχουσιν
618 1348 676 1419 ;)
712 1348 840 1418 περὶ
876 1344 970 1399 τοῦ
1004 1342 1139 1397 Θεοῦ
1173 1343 1383 1413 Πατρδς
1423 1342 1515 1395 καὶ
1551 1340 1645 1395 τοῦ
1676 1341 1807 1394 Υἰοῦ

229 1443 388 1497 αὐτοῦ
413 1459 427 1474 ⁶
467 1441 770 1509 κατάγουσι
814 1438 871 1491 δὲ
918 1436 1078 1499 εὐθὺς
1123 1434 1499 1506 ἀφρονέστατα
1553 1432 1615 1485 τὸ
1655 1434 1807 1501 ἆγιον

228 1536 451 1606 Πνεῦμα
480 1536 563 1598 εἰς
586 1532 684 1605 τὴν
717 1531 913 1595 κτίσιν,
942 1530 1040 1583 οὐκ
1075 1528 1336 1596 ἀνάγουσι
1380 1525 1809 1597 πρεπωδέστατα

227 1628 306 1690 είς
323 1626 412 1679 τὸν
432 1623 569 1678 Θεὸν
591 1622 684 1676 καὶ
722 1620 812 1675 τὸν
838 1618 1112 1688 Μονογενῆ
1142 1617 1269 1680 τοὺς
1302 1617 1358 1669 ὲν
1383 1614 1553 1685 ὁμοίῳ
1586 1614 1678 1668 καὶ
1710 1614 1809 1685 ἴσῳ

226 1719 302 1790 τῷ
345 1717 487 1789 ἁγίῳ
514 1714 791 1785 Ηνεύματι
837 1708 1219 1784 ἁρμοδιώτατα
1265 1706 1371 1761 ὑπὸ
1403 1706 1511 1760 τῶν
1545 1704 1808 1775 θεολόγων

227 1807 738 1880 ἀνευφημηοέντας.
765 1805 877 1858 Καὶ
919 1802 1093 1874 μόνων
1124 1799 1305 1854 τοίνυν
1343 1797 1451 1850 τῶν
1484 1796 1622 1868 πρὸς
1651 1796 1808 1867 ἡμῶν

225 1903 283 1956 έν
301 1900 379 1972 τῷ
411 1899 716 1970 κεφαλαίῳ,
734 1889 778 1965 ᾧ
811 1896 1087 1966 μέτειμεν,
1110 1887 1622 1960 δικαιολογηθέντων
1648 1889 1813 1957 ὑπερ.

227 1991 453 2063 ϐαθῆναι
494 1988 568 2061 μὴ
595 1988 926 2057 δυναμένων,
966 1979 1279 2052 ἀρκούντων
1332 1976 1389 2030 δὲ
1429 1976 1508 2039 εἰς
1551 1976 1673 2029 ὅλον
1716 1976 1805 2030 τὸν

226 2083 350 2153 ᾶιερὶ
395 2077 692 2153 αἱρετικῶν
736 2071 1015 2143 ἀγῶνι)νῆ
1052 2069 1380 2134 δειξάτωσαν
1421 2066 1474 2136 (ὃ
1504 2066 1601 2120 καὶ
1627 2066 1804 2136 λέγειν

226 2172 360 2243 βαρὺ
393 2172 561 2240 λίαν),
590 2171 664 2232 ὡς
692 2164 912 2238 ἀρχὴ,ἢ
959 2162 1133 2232 πέρας
1158 2156 1254 2212 τοῦ
1287 2159 1445 2226 ἁγίου
1489 2156 1808 2227 Πνεύματος

220 2262 682 2336 κεχρησμῲδηταί
705 2275 837 2312 *κου’
869 2256 902 2326 ἢ
931 2254 1088 2317 ὅλως,
1120 2252 1201 2305 ὅτι
1223 2250 1338 2304 ὁδόν
1364 2266 1489 2303 τινα
1523 2248 1680 2319 ἔσχεν
1713 2250 1807 2303 ἐπὶ

224 2355 452 2426 φθορὰν,
481 2354 558 2416 ὼς
579 2356 612 2423 ὴ
639 2346 904 2419 ἁγγελικὴ
930 2345 1023 2399 καὶ
1042 2340 1362 2414 ἀνθρωπικὴ
1390 2340 1706 2411 προαίρεσις
1732 2356 1743 2365 ·
1771 2341 1802 2411 ἧ

221 2446 360 2500 ἔστω
407 2447 615 2507 αὐτοῖς,
669 2442 730 2494 τὸ
765 2440 829 2509 δὴ
879 2436 1189 2506 λεγόμενον,
1243 2450 1261 2482 ι
1318 2429 1443 2501 βοῦς
1489 2428 1584 2500 [70
1615 2426 1666 2501 b]
1713 2432 1807 2487 ἐπὶ

221 2539 499 2607 γλῶσσαν.
538 2555 557 2587 ι
596 2532 845 2588 Τοσαῦτα
880 2530 979 2601 μὲν
1019 2527 1149 2597 περὶ
1182 2522 1437 2578 ἐκείνων·
1480 2519 1592 2588 ἐγὼ
1619 2522 1676 2575 δὲ
1717 2524 1809 2576 ἐπὶ

219 2630 317 2701 τὴν
340 2629 404 2694 ἐξ
427 2627 604 2699 ἀρχῆς
631 2624 883 2679 ὑπόθεσιν
916 2618 1310 2692 μεταὸἡσομαι.

1911 627 2132 679 nomen,
2167 612 2272 667 tale
2324 612 2546 667 omnino
2590 625 2710 667 esse
2751 624 2946 666 nomen
3009 625 3223 681 quoque
3255 610 3487 682 Spiritus

1910 704 2086 760 sancti
2114 721 2128 758 :
2168 719 2330 758 unum
2366 703 2510 758 enim
2544 702 2828 758 amborum
2851 701 2988 757 dixit
3013 718 3228 758 nomen.
3257 704 3336 758 Ac
3359 702 3488 758 illud

1911 797 2074 852 etiam
2100 796 2496 862 animadverte,
2515 794 2654 849 sicut
2682 794 2835 848 initio
2873 792 3221 848 ineﬂ'abilitcr
3254 794 3489 862 Spiritus

1909 896 2131 942 sanctus
2156 903 2259 941 una
2305 901 2427 942 cum
2482 885 2647 942 Patre
2699 895 2754 941 et
2788 885 2924 943 Filio
2962 886 3185 954 creavit,
3210 887 3289 941 sic
3320 887 3484 941 etiam

1912 993 2054 1033 nunc
2092 994 2278 1033 rursus
2302 993 2526 1035 creare:
2558 993 2682 1033 nam
2740 977 2884 1033 ablui
2924 978 3065 1032 idem
3115 978 3258 1034 valet
3283 994 3347 1032 ac
3386 979 3485 1031 ite-

1912 1063 2255 1125 rum’creari.
2287 1071 2341 1124 ιιι
2380 1071 2617 1141 Epistula
2648 1086 2776 1126 vero
2807 1071 2874 1126 ad
2918 1070 3096 1126 Titum
3127 1071 3239 1126 ait:
3268 1087 3287 1120 ι
3319 1070 3489 1139 Rege-

1912 1176 2108 1217 ncraus
2139 1160 2254 1231 (Si)
2288 1177 2385 1217 nos
2411 1177 2513 1231 per
2535 1162 2812 1217 lavat-rum
2834 1186 2843 1195 κ
2866 1162 3291 1232 regenerationis
3331 1172 3384 1216 et
3413 1176 3492 1215 re-

1910 1255 2217 1309 nuvationis
2240 1253 2475 1323 Spiritus
2503 1254 2703 1311 sancti.
2736 1274 2756 1308 ›
2783 1253 2958 1309 Simili
2993 1255 3150 1310 modo
3181 1268 3337 1311 sacer
3350 1267 3488 1322 quo-

1909 1360 2014 1414 que
2044 1344 2251 1400 Psaltes
2276 1359 2369 1398 eos
2398 1345 2488 1413 qui
2529 1347 2768 1414 generati
2820 1346 2932 1415 jam
2969 1355 3144 1411 erant,
3187 1361 3329 1402 nunc
3361 1361 3488 1400 vero

1910 1436 1964 1489 in
1998 1437 2179 1490 divina
2216 1437 2423 1505 piseina
2460 1437 2588 1509 ’(82)
2626 1439 2967 1508 spiritaliter
2995 1450 3272 1505 creantur,
3306 1440 3489 1494 videre

1909 1537 2131 1597 exoptat
2160 1546 2176 1595 ;
2225 1530 2300 1584 ait
2322 1530 2466 1584 enim
2499 1544 2515 1584 :
2573 1549 2592 1583 ι
2629 1530 2862 1601 Populus
2906 1531 3018 1604 (85)
3047 1542 3268 1588 creatus
3297 1533 3486 1588 lauda-

1911 1618 1990 1671 bit
2031 1617 2342 1674 Dominum.
2371 1641 2389 1674 ι
2424 1622 2559 1677 Cum
2610 1623 2777 1693 igitur
2827 1626 3016 1677 eodem
3061 1624 3266 1678 honore
3313 1624 3488 1692 dignae

1910 1710 2039 1775 sint,
2078 1713 2376 1782 eademque
2398 1723 2696 1783 operentur
2717 1715 2834 1770 ista:
2869 1714 3206 1785 hypostases,
3242 1715 3486 1769 eamdem

1911 1815 2127 1870 quoque
2154 1815 2401 1858 naturam
2427 1806 2650 1872 habent,
2707 1822 2886 1875 neque
2922 1807 3120 1862 deitate
3156 1822 3220 1862 ac
3250 1810 3485 1872 potentia

1848 1879 1890 1933 Β
1919 1904 1949 1943 a
1978 1904 2040 1945 se
2068 1893 2293 1948 invicem
2316 1896 2615 1966 quidquam
2655 1897 2949 1953 diilernut:
2993 1899 3121 1953 solae
3155 1908 3331 1953 autem
3364 1915 3487 1953 cum

1913 1996 1978 2036 eo
2018 1983 2109 2052 qui
2146 1999 2284 2049 unus
2311 1996 2417 2050 est,
2441 1989 2605 2043 simul
2657 1991 2923 2045 exsistere
2975 1999 3222 2059 possunt,
3250 2000 3303 2044 et
3330 1990 3489 2044 simul

1910 2073 1966 2128 in
1998 2076 2187 2130 eodem
2215 2079 2383 2145 gradu
2413 2080 2691 2147 collocari,
2722 2091 2777 2137 et
2799 2082 2959 2137 simul
3000 2083 3197 2150 ubique
3227 2064 3490 2150 accipi,et

1914 2166 2240 2239 subinteliigi
2267 2187 2281 2224 :
2311 2170 2400 2239 qui
2436 2171 2661 2240 ipsemet
2700 2186 2823 2245 (nec
2865 2174 3007 2229 Cnim
3060 2174 3219 2228 dico:
3261 2189 3488 2242 quarunt

1915 2254 2194 2309 ambarum
2244 2258 2513 2333 personre)
2571 2262 2760 2332 ambas
2812 2278 3075 2332 personas
3126 2263 3289 2318 habet
3333 2278 3397 2317 ex
3431 2278 3513 2331 se.

1914 2344 2029 2412 ipso
2055 2348 2121 2399 ah
2153 2358 2451 2414 mterno,et
2478 2353 2778 2422 :equaliter,
2824 2364 2879 2409 et
2911 2355 3184 2418 similiter,
3208 2365 3263 2410 et
3300 2354 3491 2409 iueII‘a-

1915 2435 2096 2490 biliter
2125 2439 2303 2494 unitas
2363 2449 2527 2511 atque
2573 2445 2915 2514 coujunctas.
2974 2445 3101 2502 llaec
3149 2447 3369 2517 insuper
3400 2447 3489 2512 iis,

1914 2541 2033 2595 quae
2063 2527 2206 2583 dicta
2236 2539 2381 2597 sunt,
2409 2532 2569 2588 addo.
2598 2532 2869 2605 Quidquid
2896 2551 2992 2605 pro
3039 2552 3135 2591 sua
3166 2552 3327 2591 causa
3358 2535 3481 2591 atie-

1918 2628 2046 2671 runt
2071 2618 2158 2673 isti
2184 2620 2446 2688 haeretici,
2477 2624 2719 2693 ejusdem
2750 2626 2891 2681 modi
2915 2637 3019 2693 est,
3052 2626 3178 2682 item
3211 2638 3270 2681 ut
3300 2627 3487 2682 iisdem

227 2722 407 2774 verbis
437 2732 755 2786 expressum
802 2711 959 2782 157
1004 2724 1074 2772 ac
1103 2710 1298 2779 frigida
1351 2708 1466 2783 (84)
1508 2708 1618 2772 illa,
1650 2721 1811 2775 quam
1853 2722 1996 2761 nunc
2019 2709 2393 2779 expendimus,
2450 2714 2743 2783 cavillatio,
2784 2725 2844 2771 ut
2900 2717 3057 2787 paulo
3098 2726 3218 2787 post
3271 2732 3338 2773 ex
3363 2718 3491 2787 ipsis

224 2811 685 2879 rorumcapitulis
727 2815 1169 2884 argumentisque
1213 2814 1551 2884 experientia
1584 2811 2005 2881 comperiemus.
2036 2812 2094 2868 Si
2121 2815 2265 2869 enim
2290 2815 2528 2884 aliquam
2554 2817 2697 2873 forte
2764 2832 2973 2882 vocem,
3027 2826 3084 2871 ut
3118 2836 3138 2868 ι
3194 2828 3487 2883 aeternus,»

226 2919 309 2958 aut
344 2909 583 2969 «bonus,
612 2923 630 2954 ι
670 2904 734 2959 de
761 2902 1044 2971 Trinitate,
1102 2922 1223 2976 qua:
1306 2906 1363 2960 in
1399 2906 1606 2960 unitate
1641 2915 1750 2967 est,
1813 2902 2036 2968 dictata,
2103 2904 2326 2973 ejusque
2374 2908 2709 2962 divinitatem
2774 2908 3120 2965 denotautem
3147 2950 3162 2975 ,
3208 2920 3264 2965 et
3309 2910 3489 2966 eidem

224 2999 448 3051 otnniuo
484 3011 548 3051 ac
581 2995 817 3064 perfecte
845 2998 1283 3062 convenientem,
1313 2996 1660 3051 de'creatura
1682 3007 1901 3064 quoque
1929 2994 2129 3049 alicubi
2155 2994 2259 3049 diei
2286 2996 2596 3066 contigerit,
2626 3013 2746 3051 cum
2804 3014 2867 3053 ea
2892 3007 3097 3064 tamen,
3155 3014 3276 3070 qua:
3328 3015 3486 3055 crea—

229 3098 359 3144 turae
385 3090 638 3155 debetur,
687 3088 1223 3154 commemoratione,
1262 3088 1363 3158 ipsi
1408 3087 1473 3141 de
1508 3087 1618 3141 Deo
1644 3084 1805 3140 Patre
1842 3086 2083 3155 quidem,
2111 3101 2176 3142 ac
2209 3087 2348 3143 Filio
2374 3087 2492 3158 ejus
2516 3089 2645 3144 nihil
2679 3092 2968 3146 mussitant
3019 3091 3172 3163 (quid
3202 3094 3347 3149 enim
3409 3094 3495 3148 di-

226 3200 348 3241 cere
408 3183 736 3255 possenti);
777 3184 871 3239 sed
914 3184 1181 3253 Spiritum
1228 3192 1474 3238 sanctum
1534 3184 1717 3238 statim
1750 3182 2234 3257 ad‘creaturarum
2295 3187 2660 3243 conditionem
2729 3187 3169 3257 insipientissime
3210 3187 3490 3255 dejiciunt,

226 3292 381 3345 quem
416 3278 654 3332 maxime
691 3279 909 3333 deceret
940 3279 1006 3332 ad
1038 3279 1398 3348 aequalitatem
1438 3279 1669 3334 evehere
1686 3277 1799 3349 (85)
1837 3280 2122 3344 cum'Deo,
2151 3292 2204 3336 et
2239 3280 2543 3351 Unigeuito,
2586 3284 2679 3354 qui
2729 3283 2953 3352 Spiritui
3020 3284 3125 3353 ipsi
3197 3284 3405 3340 similes
3434 3298 3493 3340 et

230 3371 460 3440 :equales
492 3386 523 3425 a
554 3369 1341 3441 theologiscom'euieutissime
1360 3373 1632 3441 pl‘init'ali
1659 3382 1809 3426 sunt.
1850 3372 2036 3442 Itaque
2059 3388 2184 3428 cum
2220 3372 2300 3427 vel
2344 3389 2405 3428 ea
2461 3374 2598 3441 sola,
2644 3390 2765 3444 qua:
2799 3390 2829 3429 a
2864 3377 3019 3431 nobis
3065 3379 3116 3431 in
3178 3377 3279 3432 hoc
3346 3378 3493 3446 capi-

234 3466 361 3528 tulo,
397 3465 448 3517 in
482 3478 594 3533 quo
628 3476 932 3528 versamur,
967 3477 1062 3531 pro
1095 3474 1279 3518 nostra
1314 3478 1482 3518 causa
1509 3463 1667 3517 allata
1688 3462 1923 3526 fuerunt,
1955 3465 2149 3535 invicta
2210 3466 2339 3527 sint,
2399 3477 2453 3521 et
2496 3464 2563 3521 ad
2633 3476 2800 3523 totam
2874 3470 3331 3526 concertationem
3398 3475 3495 3525 ad-

237 3570 422 3610 versus
445 3556 731 3610 haereticos
791 3554 1176 3610 conferendam
1245 3555 1726 3624 sustinendamque
1790 3552 2133 3616 sullicientia,
2178 3557 2466 3610 ostendant
2516 3573 2645 3628 ergo
2705 3558 2804 3626 illi,
2853 3569 2947 3615 aut
2997 3562 3222 3631 Spiritui
3285 3579 3511 3618 sancto.

235 3646 402 3715 tquod
426 3646 508 3701 vei
547 3647 689 3702 dictu
741 3645 1181 3701 molestissimum
1210 3647 1314 3715 est)
1348 3645 1582 3710 initium,
1617 3643 1701 3697 vel
1769 3644 1928 3698 linem
1946 3645 2143 3700 alicubi
2193 3646 2245 3699 in
2295 3645 2596 3716 Scripturis
2664 3651 2928 3706 tributum
2964 3652 3153 3717 fuisse,
3231 3663 3323 3708 aut
3395 3657 3495 3707 ali-

239 3753 398 3804 quem
427 3738 650 3792 omnino
676 3739 875 3793 aditum
905 3737 970 3792 ad
1009 3737 1411 3806 corruptionem
1447 3737 1497 3789 in
1531 3736 1647 3805 ipso
1664 3750 1803 3800 esse,
1847 3744 1905 3788 nt
1929 3745 2014 3790 est
2048 3737 2097 3789 iu
2124 3737 2389 3808 angelica,
2451 3748 2507 3795 et
2564 3740 2797 3794 humana
2863 3742 3183 3809 voluntate;
3259 3758 3351 3800 aut
3420 3751 3491 3805 sit

234 3830 388 3899 ipsis,
417 3839 474 3883 ut
507 3829 613 3884 fert
637 3830 903 3900 adagium,
930 3847 952 3881 ι
982 3830 1079 3885 bos
1108 3830 1159 3883 in
1184 3826 1364 3897 lingua
1415 3827 1548 3899 (86).
1578 3848 1595 3880 ι
1633 3830 1803 3897 Atque
1844 3827 1959 3882 hare
2025 3828 2089 3883 de
2119 3829 2220 3886 illis
2284 3830 2500 3899 quidem
2555 3832 2850 3889 hactenus:
2903 3848 3004 3902 ego
3045 3849 3170 3889 vero
3219 3837 3287 3891 ad
3329 3855 3489 3912 argu-

240 3929 498 3985 mentum,
532 3921 674 3989 quod
707 3920 860 3976 initio
890 3932 1257 3989 susceperant,
1296 3927 1563 3973 revertar.

306 4073 415 4142 (Si)
449 4072 938 4148 Regenermn._Tit.
969 4089 1055 4137 tu,
1099 4074 1153 4129 5.
1191 4073 1375 4148 Graeca
1435 4075 1601 4148 editio
1645 4074 1816 4148 habet
1839 4086 1885 4142 ε
1922 4078 2270 4147 ineptumque
2300 4076 2967 4148 significet‘hacreticorum
2999 4079 3487 4139 ratiocinationem.

242 4141 457 4216 ἔσωσεν,
497 4145 548 4196 id
578 4155 653 4195 est
695 4163 713 4193 ι
738 4145 984 4203 salvavit,
1008 4164 1025 4194 ι
1072 4158 1186 4212 pro,
1207 4145 1609 4216 ἀναγεννήσας,
1643 4146 1695 4198 id
1733 4158 1815 4201 est

246 4230 264 4264 ι
288 4214 374 4282 qui
415 4217 786 4283 regeneravit:
816 4232 833 4264 ι
856 4226 927 4272 et.
957 4213 1394 4280 ἀνακαινώσεως,
1437 4213 1554 4281 pro,
1590 4215 1815 4268 ἀνακαι-

241 4282 488 4355 νίσεως,νῳ
524 4282 791 4355 Didymus
844 4298 971 4355 vero
1037 4285 1163 4355 legit
1224 4285 1599 4355 ἀναγεννήσας
1648 4287 1811 4355 etiam

244 4368 403 4421 segni.
430 4353 499 4407 52
524 4369 576 4415 a,
608 4352 660 4406 et
698 4352 798 4406 116
831 4370 864 4406 a
921 4354 1024 4407 Pro
1057 4352 1456 4418 ἀνακαινίσεως
1484 4352 1627 4407 ’νει-ο
1670 4354 1811 4420 ipse-

244 4432 347 4493 inet
395 4424 556 4477 habet
610 4422 1026 4486 ἀνακαινώσεως
1072 4438 1239 4493 Segni.
1292 4426 1361 4480 52
1397 4442 1450 4491 α,
1497 4424 1593 4477 etsi
1639 4439 1808 4493 segni.

245 4492 342 4547 Ilii
373 4508 422 4551 a,
453 4508 644 4546 rursus
668 4498 854 4547 habeat
886 4493 1301 4558 ὰνοκαινίσεως.

310 4562 417 4633 (82)
471 4562 707 4633 lfiscina.
773 4563 915 4616 Fons
952 4578 1127 4626 sacer,
1181 4580 1272 4620 seu
1324 4563 1658 4633 baptismalis
1705 4581 1808 4617 non

245 4631 447 4688 mndoa
471 4631 678 4704 Grzncjs
709 4635 955 4687 Patribus
985 4634 1184 4700 passim
1244 4651 1264 4684 ‹
1294 4631 1495 4704 piscina
1522 4653 1540 4685 ι
1591 4643 1811 4688 voeatus

245 4713 343 4772 est,
385 4704 477 4756 sed
530 4717 559 4755 a
615 4701 823 4772 Latinis
870 4717 1081 4771 quoque
1130 4701 1420 4758 nonnullis.
1469 4705 1541 4757 Ita
1583 4704 1809 4772 Optatus

247 4769 374 4842 libro
397 4787 455 4842 ιιι
487 4774 609 4823 adu.
647 4769 1080 4836 Parmeuiunum,
1120 4788 1240 4841 cap.
1267 4776 1323 4840 2,
1357 4794 1374 4826 ι
1400 4773 1498 4828 llic
1527 4785 1608 4828 est
1632 4769 1807 4842 pisi-is

251 4840 478 4911 (inquit)
513 4842 603 4908 qui
648 4845 699 4896 in
746 4843 1070 4908 baptismate
1098 4842 1388 4900 foutabbus
1420 4844 1575 4897 undis
1618 4840 1811 4896 inseri-

251 4916 350 4972 tur,
379 4921 434 4964 ut
461 4928 584 4979 qua:
617 4929 751 4982 aqua
783 4914 976 4973 fuerat,
1008 4928 1036 4965 a
1063 4912 1208 4982 pisce
1230 4916 1393 4969 etiam
1432 4913 1637 4967 Piscina
1673 4913 1815 4965 voci-

256 4991 432 5032 tetur.»
474 4981 711 5047 Respicit
738 4991 915 5035 autent
942 4981 1165 5051 Optatus
1182 4985 1246 5037 ad
1265 4984 1477 5038 celebre
1509 4985 1633 5036 illud
1658 4982 1815 5035 Chri-

1921 4138 2036 4202 Non
2088 4138 2397 4202 eat'tauuTn
2444 4138 2698 4202 rmninno
2759 4138 3230 4216 reprehemlemlus
3277 4138 3494 4208 PaSsiOQ

1922 4218 2095 4291 neiani
2147 4219 2439 4288 apagraplti
2488 4219 2821 4291 erscriptor,
2866 4218 3274 4291 atttDidytnns,
3334 4225 3493 4291 (μηνί

1923 4286 2205 4356 lcctiouem
2247 4286 2564 4355 sequantur,
2621 4304 2740 4356 qua:
2780 4289 2895 4341 sine
2952 4286 3114 4343 dubio
3163 4286 3366 4344 vitiosa'
3399 4296 3490 4348 sit.

1912 4355 2053 4417 Nam
2083 4371 2134 4411 et
2162 4360 2301 4423 apud
2343 4358 2613 4413 Pollucem
2641 4355 2797 4411 ’libro
2828 4370 2981 4413 sexto
3017 4361 3103 4413 ubi
3136 4362 3275 4414 e-Iita
3308 4377 3494 4416 exem-

1922 4427 2089 4494 plaria
2120 4428 2313 4480 habent
2342 4427 2706 4490 ἑωλοκρασία,
2730 4431 3034 4496 apugrapha
3069 4431 3275 4485 calamo
3298 4447 3493 4486 exara-

1921 4507 1970 4547 ta
2003 4495 2211 4567 habent
2243 4498 2630 4567 αίωλοκρασία.
2669 4496 2724 4549 In
2766 4495 3063 4567 Cyrilliano
3093 4512 3270 4554 autem
3319 4502 3495 4555 lexin)

1919 4581 2044 4630 ms.,
2075 4565 2213 4633 quod
2252 4565 2487 4622 Venetiis
2528 4567 2766 4621 Nauiaua
2794 4565 2973 4620 servat
3015 4570 3360 4633 bibliotheca,
3388 4590 3433 4624 ut
3461 4590 3494 4627 ιι

1918 4635 1970 4706 in
2014 4635 2187 4706 littera
2231 4653 2282 4700 ε,
2310 4639 2401 4690 sed
2454 4640 2504 4689 iu
2556 4637 2732 4691 littera
2782 4653 2821 4688 α
2861 4638 2976 4692 haec
3007 4639 3252 4706 leguntur
3281 4658 3296 4693 :
3322 4642 3494 4694 ἅωλον

1919 4704 2215 4779 (mendose
2263 4722 2377 4779 pro“
2408 4706 2656 4777 αἴωλον),
2714 4706 2964 4776 μάταιον,
3016 4704 3317 4779 ἄὲτρακτον.
3369 4709 3496 4768 Vide

1917 4782 2025 4827 not.
2055 4773 2140 4838 10,
2164 4790 2282 4840 pag.
2308 4775 2398 4830 45.

1991 4844 2369 4918 (85lEvehere.
2394 4845 2736 4918 observanda
2770 4846 2856 4900 illa
2885 4848 3143 4903 autitheta
3164 4850 3498 4918 κατάγουσιν

1920 4913 2316 4988 ἀφρονέστατα,
2343 4927 2395 4970 et
2427 4916 2689 4988 ἀνάγουσι
2725 4917 3170 4988 πρεπωδέστατα.

1994 4984 2106 5055 (86)
2158 4985 2257 5058 Bos
2289 4988 2384 5058 in
2413 4984 2615 5053 lingua.
2664 4986 2739 5041 De
2770 4984 2889 5042 'hoc
2945 4991 3134 5058 adagiu
3188 5005 3379 5044 omnes
3422 4992 3496 5044 illi

252 5051 532 5128 sti-nomen
560 5051 726 5120 ἰχθύς.
757 5053 814 5128 id
833 5053 1201 5128 _es.t”¢_piscis,i
1230 5056 1372 5121 quod
1398 5069 1549 5128 aaipte
1578 5053 1817 5128 valet'ac
1849 5074 1892 5128 ι)
1923 5051 2204 5128 Ξευιιιιιιιι
2233 5051 2808 5128 adagiarollegeruut,
2842 5067 2937 5111 aut
2962 5051 3303 5126 iutérpretati
3346 5072 3496 5124 sunt,

257 5136 273 5166 ι
303 5118 451 5172 Iesus
472 5117 725 5176 Christus
756 5121 844 5175 Dei
886 5117 1053 5176 Filius
1086 5117 1362 5178 servator.
1398 5140 1416 5174 ι
1457 5117 1607 5190 Quod
1639 5117 1812 5190 res'pi-

253 5189 389 5241 ciens
447 5195 615 5244 etiam
678 5192 1041 5245 'I‘ertnlliauns
1096 5193 1151 5245 in
1215 5193 1351 5247 libro
1416 5192 1489 5246 De
1550 5189 1810 5259 baptismo

252 5260 533 5330 scripserat
577 5278 591 5314 :
632 5280 651 5313 ι
683 5264 788 5330 Sed
845 5279 941 5315 nos
994 5262 1240 5330 discipuli
1298 5263 1593 5317 secundum
1657 5259 1819 5330 ἰχθύν,

256 5340 482 5401 nostrum
508 5329 693 5384 Iesum
723 5329 996 5385 Christum
1030 5332 1080 5384 in
1106 5329 1246 5400 aqua
1276 5334 1566 5401 nascimur.
1596 5350 1615 5384 ι
1658 5329 1817 5383 Λιιιι-

256 5410 368 5469 men
398 5400 527 5452 fonti
556 5417 712 5454 sacro
747 5403 966 5469 piscinae
1000 5418 1190 5454 nomen
1225 5400 1450 5457 inditum
1492 5401 1815 5456 crediderim

256 5467 426 5532 potius
451 5467 803 5526 translatzone
830 5478 989 5526 ducta
1016 5486 1080 5525 ex
1115 5473 1393 5540 probatica
1418 5473 1653 5527 Piscina.
1698 5469 1826 5524 Vuie

254 5550 413 5603 segni.
455 5540 551 5593 125
586 5545 634 5594 ί).

323 5606 428 5675 (85)
468 5608 719 5675 Populus.
754 5610 895 5665 Psal.
927 5628 1001 5677 Cl,
1030 5626 1173 5667 vers.
1217 5611 1303 5668 I9.

324 5677 375 5746 (8
391 5682 431 5745 ἱ)
472 5677 713 5747 Frigida.
750 5681 805 5734 In
843 5684 1045 5742 codice.
1088 5682 1286 5736 αἱώλου
1339 5681 1668 5750 σοφιστείας.
1718 5681 1824 5737 Le-

258 5750 476 5823 gcmiinn
511 5761 638 5816 pulo
683 5765 773 5806 aut
814 5751 992 5805 αἰὸλου
1033 5769 1152 5805 cum
1196 5771 1224 5807 ο
1259 5768 1446 5823 parm,
1485 5765 1580 5823 aut
1617 5751 1781 5805 ἑώλου
1808 5770 1821 5782 ·

212 5820 217 5825 ’
258 5822 312 5864 ιιι
354 5816 433 5871 vel
465 5836 482 5868 ι
511 5823 860 5887 perplexam:
899 5839 961 5876 ac
1012 5816 1315 5890 Versutam,
1355 5829 1434 5878 vel
1481 5842 1499 5875 ι
1524 5819 1818 5896 frigidam.»

448 5910 718 5977 Ρηιιοι.
760 5914 876 5974 Gn.
924 5914 1231 5981 XXXIX.

1922 5123 2192 5195 Zenobins
2239 5123 2487 5195 centuria
2529 5123 2718 5189 altera,
2769 5127 3026 5182 Seboltus
3070 5123 3120 5181 in
3163 5123 3498 5195 Zenobium,

1925 5194 2206 5268 Iirasmns,
2237 5193 2526 5250 Manutius.
2566 5197 2838 5268 Nmirum
2890 5199 3156 5253 nuutisma
3193 5193 3499 5268 quoddam,

1927 5262 2140 5318 Polluce
2172 5276 2330 5328 teste,
2371 5279 2494 5331 puta
2527 5266 2927 5333 didrachmum,
2963 5287 2981 5318 ι
3006 5269 3099 5321 bos
3123 5287 3143 5321 ι
3182 5262 3499 5331 vocabatur,

1925 5335 2066 5402 quod
2116 5335 2305 5387 bovem
2351 5336 2572 5390 haberet
2617 5337 2981 5405 insculptum:
3016 5338 3141 5393 hinc
3190 5341 3387 5391 factum
3446 5352 3501 5392 ut

1926 5406 2015 5471 qui
2047 5405 2270 5471 pecunia
2308 5415 2594 5473 corruptus
2633 5408 2795 5461 silere
2839 5411 3157 5475 cogebatur,
3207 5413 3396 5464 bovem
3446 5411 3499 5461 in

1928 5475 2104 5546 lingua
2129 5477 2327 5546 habere
2351 5476 2641 5539 diceretur.
2672 5478 2834 5532 Paulo
2860 5490 3035 5531 tamen
3065 5481 3222 5531 aiiter
3246 5480 3501 5546 adagium

1925 5545 2120 5611 accipit
2170 5545 2443 5617 Didymus,
2479 5547 2543 5598 de
2589 5548 2678 5598 illo
2727 5564 2938 5614 nempe,
2988 5551 3081 5614 qui
3128 5565 3249 5601 cum
3290 5545 3503 5617 objecIa

1925 5616 2128 5685 diluere
2179 5629 2283 5666 non
2324 5615 2519 5685 valeat,
2554 5617 2753 5670 invitus
2779 5628 2921 5670 tacet
2953 5635 2965 5669 :
2996 5633 3103 5685 quo
3135 5619 3292 5673 modo
3321 5615 3502 5673 Theo-

1924 5684 2043 5758 gnis
2071 5699 2285 5758 quoque
2322 5684 2372 5737 in
2412 5682 2628 5758 (inpuris
2664 5688 2740 5758 ait
2769 5685 2949 5758 :_Boﬁ;
2980 5682 3068 5757 μοι
3097 5689 3201 5758 επὶ
3231 5689 3504 5758 γλώσσης,

1925 5754 1976 5807 id
2024 5766 2103 5806 est
2139 5772 2152 5807 :
2194 5772 2211 5803 ι
2242 5755 2343 5809 Ilus
2379 5754 2507 5807 mihi
2558 5764 2641 5808 est
2689 5756 2741 5809 in
2790 5754 2991 5823 lingua;
3022 5776 3040 5810 ι
3083 5754 3326 5814 Julianus
3376 5754 3509 5813 vero

1924 5824 2181 5894 Apostata
2229 5828 2279 5877 in
2331 5824 2574 5880 oratione
2640 5840 2739 5894 vn,
2779 5829 2886 5881 alio
2935 5837 3112 5884 ddi:th
3169 5828 3506 5897 aliquantum

3167 5922 3238 5981 17
