4100 6426
607 388 712 444 523

1851 387 2084 443 DlDYMl
2129 385 2593 444 ALEXANDIHNI
3777 396 3881 452 5:25

682 506 740 561 ν.
789 506 1096 566 Rationalis
1127 516 1375 565 creatura
1427 520 1482 566 et
1531 511 1942 580 vlrtutiseapax
1982 521 2085 576 est,
2123 519 2168 565 el

2353 513 2428 566 E'.
2479 514 2541 566 ’Π
2574 515 2745 580 κτίσις
2795 519 2826 588 ἡ
2863 516 3053 588 λογικὴ
3088 516 3289 588 ἀρετῆς
3329 531 3386 568 τε
3430 514 3628 578 κακίας
3657 514 3716 567 τέ
3765 516 3882 568 ἐστι

603 599 880 669 nequitiae.
913 599 1074 656 Tales
1105 612 1232 656 sunt
1264 600 1408 656 inter
1444 613 1667 659 naturas
1703 605 2073 675 incorporeas,
2129 613 2186 660 ut

600 701 758 745 antea
787 689 1025 747 diximus
1051 733 1065 758 ,
1132 693 1312 762 quoad
1347 694 1599 751 virtutem
1630 696 1742 766 (8‘7)
1775 697 1994 766 quidem
2051 696 2175 750 boni

599 779 802 848 angeli,
835 781 1012 850 quoad
1072 784 1375 853 nequitiam
1405 801 1556 854 vero,
1590 788 1803 856 reprobi
1844 789 1956 860 (88)
1988 807 2002 844 :
2040 791 2183 845 inter

597 885 895 942 corporeus
935 881 1118 930 autem
1148 886 1391 942 naturas,
1432 878 1567 934 tales
1611 881 1924 950 nosmetipsi
1976 877 2180 936 sumus.

598 963 668 1017 At
722 979 851 1019 vero
912 964 1125 1022 divinus
1180 966 1434 1037 Spiritus,
1461 985 1582 1025 cum
1633 973 1986 1042 praestantior
2023 973 2184 1045 158

598 1055 689 1120 sit,
738 1067 902 1125 quam
955 1064 1016 1110 ut
1051 1057 1266 1112 virtutis
1312 1068 1369 1114 et
1413 1061 1686 1131 opinionis
1722 1078 1891 1133 capax
1925 1065 2177 1131 exsistat,

599 1159 695 1199 seu
729 1145 911 1216 potius
948 1162 1213 1203 summam
1250 1149 1364 1218 ipse
1393 1151 1645 1207 virtutem
1684 1168 1714 1207 e
1748 1156 2038 1225 semetipso
2070 1157 2181 1211 vel-

601 1243 660 1289 ut
684 1250 749 1291 ex
781 1235 926 1293 l’outc
957 1239 1342 1296 scaturientem
1411 1239 1629 1309 habeat,
1680 1244 1815 1298 nihil
1855 1245 2046 1299 horum
2079 1260 2173 1300 ac-

599 1327 780 1398 cipere
807 1337 1004 1399 potest,
1051 1331 1193 1387 sicut
1245 1346 1312 1387 ne
1359 1331 1518 1388 Pater
1558 1335 1798 1404 quidem,
1833 1350 1934 1391 nec
1988 1335 2177 1395 Filius.

599 1419 754 1487 Quod
783 1422 827 1476 si
859 1423 1050 1477 horum
1077 1437 1247 1494 capax
1281 1439 1386 1479 non
1415 1434 1518 1489 cst,
1579 1441 1648 1481 ne
1699 1427 1924 1484 alterius
1959 1429 2179 1498 quidem

598 1518 683 1563 est
719 1509 1009 1569 voluntatis
1045 1513 1133 1569 :si
1165 1523 1346 1569 autem
1373 1514 1598 1572 alterius
1625 1517 1919 1573 voluntatis
1957 1535 2060 1574 non
2097 1528 2181 1575 est.

605 1601 762 1672 (facit
786 1601 928 1657 enim
961 1604 1141 1657 omnia
1169 1619 1290 1674 quae
1322 1604 1436 1658 vult
1464 1602 1671 1676 Pater),
1709 1621 1776 1660 ne
1799 1607 2023 1662 alterius
2061 1609 2179 1678 qui-

595 1696 714 1748 dem
760 1695 1076 1750 substantiae
1099 1705 1201 1751 cst.
1236 1694 1371 1751 Hinc
1392 1711 1521 1768 ergo
1541 1699 1704 1753 etiam
1736 1698 2009 1769 colligitur
2063 1701 2177 1772 (89)

592 1795 646 1840 ct
676 1802 800 1841 eum
831 1795 1136 1842 creaturam
1173 1803 1276 1844 non
1320 1805 1461 1856 esse,
1508 1791 1752 1860 nihilque
1803 1791 1960 1861 plane
1997 1807 2024 1845 a
2067 1792 2177 1848 Deo

2289 603 2533 675 δεκτικὴ,
2569 606 2644 669 ὡς
2695 608 3020 680 εὑρίσκομεν
3091 610 3150 660 ἐν
3193 608 3510 678 ἀσωμάτοις
3559 607 3678 676 μὲν,
3735 606 3882 659 καθὰ

2290 693 2644 765 προείπομεν,
2677 697 2880 768 ἀρετῆς
2908 699 3058 761 ἐντὸς
3083 698 3210 761 τοὺς
3239 685 3560 766 εὐδοκίμους
3587 695 3879 764 ἀγγέλους,

2289 784 2488 847 κακίας
2509 785 2564 838 δὲ
2584 786 2707 850 τοὺς
2736 787 3062 857 ἐκριφέντας
3083 802 3096 816 ·
3130 788 3188 840 ἐν
3214 787 3272 840 δὲ
3305 786 3573 855 σώμασιν,
3602 785 3681 847 ’ὡς
3712 786 3881 855 ἐσμὲν

2288 877 2452 945 ἡμεῖς
2479 876 2651 942 αὐτοί.
2695 878 2768 930 Τὸ
2807 878 2864 930 δὲ
2897 879 3077 932 θεῖκὸν
3108 878 3332 948 Πνεῦμα
3365 877 3506 946 ὑπὲρ
3538 875 3742 948 ἀρετὴν
3782 875 3883 928 καὶ

2287 965 2443 1031 δόξαν
2470 968 2755 1039 τυγχάνον,
2796 969 2994 1040 μᾶλλον
3025 970 3071 1023 δ’
3105 967 3237 1023 ἆὺτὸ
3280 968 3528 1038 πηγάζον
3573 967 3673 1038 τὴν
3705 968 3877 1036 ἀκρο-

2287 1060 2458 1132 τάτην
2486 1062 2706 1133 ἀρετὴν,
2741 1061 2953 1126 οὐδενός
2976 1063 3090 1116 ἐστι
3125 1061 3329 1114 τούτων
3355 1059 3623 1122 δεκτικὸν,
3656 1059 3732 1122 ὡς
3753 1058 3876 1111 οὐδὲ

2289 1154 2318 1205 ὁ
2350 1153 2563 1223 Πατὴρ,
2591 1153 2700 1206 οὐδ’
2727 1155 2757 1207 ὁ
2787 1153 2934 1217 Υἱός.
2966 1154 3028 1206 El
3053 1153 3110 1206 δὲ
3147 1153 3221 1224 μὴ
3251 1151 3521 1214 δεκτικὸν,
3553 1150 3660 1203 οὐδ’
3692 1150 3877 1220 ἐτερό-

2288 1245 2478 1297 ϐουλον
2501 1260 2514 1275 ⁸
2551 1246 2601 1297 εἰ
2639 1245 2694 1299 δὲ
2745 1245 2904 1299 τοῦτο
2958 1244 3127 1316 (ποιεῖ
3166 1243 3278 1316 γὰρ
3311 1242 3470 1297 πάνθ’
3515 1243 3618 1295 ὅσα
3667 1241 3812 1294 θέλει
3844 1243 3874 1294 6

2289 1336 2522 1408 Πατὴρ),
2562 1337 2668 1390 οὐδ’
2705 1336 3064 1408 ἐτεροούσιον.
3102 1334 3414 1390 Κάντεῦθεν
3451 1329 3544 1387 οὗν
3579 1333 3874 1402 συνάγεται

2288 1433 2384 1485 καὶ
2434 1432 2496 1484 τό
2523 1449 2584 1484 τε
2631 1430 2705 1501 μὴ
2751 1426 2891 1483 εἶναι
2923 1428 3057 1482 αὐτὸ
3085 1427 3313 1498 κτίσμα,
3349 1425 3786 1496 ἀπαραλλάκτως
3815 1424 3874 1477 δὲ

2288 1525 2430 1596 ἔχειν
2458 1525 2593 1595 πρὸς
2620 1524 2712 1576 τὸν
2745 1522 2875 1576 Θεὸν
2904 1521 3126 1592 Πατέρα
3154 1519 3247 1574 καὶ
3278 1519 3368 1572 τὸν
3400 1520 3528 1573 Υίὸν
3562 1518 3749 1582 αὐτοῦ,
3777 1518 3874 1570 καὶ

2285 1616 2346 1669 τὸ
2374 1617 2521 1686 ἡμᾶς
2567 1615 2626 1679 ἐξ
2667 1615 2833 1669 αὑτοῦ
2863 1615 2955 1667 τὸν
2995 1612 3149 1680 Θεὸν,
3185 1610 3245 1676 ἐξ
3278 1604 3338 1665 οὗ
3384 1609 3632 1680 φυσικῶς
3678 1609 3870 1674 ἐξεποο

2287 1707 2474 1778 ρεύθη,
2506 1705 2818 1777 γινώσκειν,
2846 1706 2927 1759 ὅτι
2967 1706 3063 1758 καὶ
3087 1705 3145 1758 ἐν
3175 1705 3309 1774 ἡμῖν
3335 1704 3483 1756 ἐστιν
3545 1701 3622 1766 ὡς
3669 1702 3875 1772 γέγραα

2287 1814 2438 1851 πται.

592 1879 751 1935 Patre
803 1895 867 1934 ac
900 1879 1036 1936 Filio
1085 1882 1203 1950 ejus
1245 1883 1582 1954 discrepare,
1640 1895 1696 1942 et
1732 1902 1798 1942 ex
1864 1888 1982 1958 ipso
2034 1887 2226 1959 Deum,
2267 1903 2297 1945 a
2357 1908 2464 1963 quo
2505 1893 2550 1946 is
2596 1889 2918 1946 naturaliter
2955 1889 3244 1962 processit,
3293 1903 3324 1944 a
3373 1888 3530 1945 nobis
3570 1887 3870 1958 cognosci,

590 1976 732 2045 quod
761 1977 814 2030 in
844 1977 999 2031 nobis
1025 1976 1189 2030 etiam
1227 1976 1320 2043 sit,
1348 1985 1408 2030 ut
1442 1978 1520 2031 ait
1558 1975 1862 2048 Scriptura.

658 2067 748 2124 Vl.
789 2070 1052 2162 Creaéura
1107 2085 1136 2123 a
1199 2069 1346 2134 Deo,
1379 2071 1470 2141 qui
1524 2081 1715 2127 natura
1777 2081 2000 2129 sanctus
2058 2081 2164 2144 est,

2342 2071 2433 2139 qv.
2482 2067 2545 2121 Ἥ
2579 2067 2757 2130 κτίσις
2803 2065 3111 2136 ἁγιάζεται,
3151 2067 3247 2120 καὶ
3271 2064 3575 2120 δικαιοῦται
3620 2066 3726 2120 ὑπὸ
3773 2065 3871 2121 τοῦ

591 2134 982 2226 εαηοιίιίοιιιιιδὶ,
1003 2170 1060 2216 et
1087 2134 1458 2232 iustiﬁcatur;
1487 2176 1614 2218 nam
1649 2134 2170 2231 sanctiﬁcationem,

591 2263 648 2310 et
669 2253 1116 2324 justiﬁeationem
1141 2252 1395 2324 accipere
1419 2268 1486 2309 ea
1517 2263 1718 2325 potest,
1741 2269 1848 2310 non
1879 2256 2025 2311 dare.
2053 2255 2177 2324 Spi-

603 2347 742 2400 ritus
763 2357 892 2400 vero
922 2354 1165 2413 sanctus,
1218 2345 1344 2422 quia
1392 2345 1700 2417 seiungitur
1724 2347 1939 2417 quidem
1963 2362 1994 2402 a
2023 2363 2178 2404 crea-

594 2446 740 2503 tura,
761 2435 1080 2507 conjunctus
1107 2447 1286 2492 autem
1311 2447 1513 2509 natura
1551 2447 1636 2494 est
1670 2437 1766 2505 illi,
1804 2455 1868 2495 ex
1899 2454 2006 2509 quo
2046 2454 2170 2510 pro-

589 2529 756 2584 cessit
791 2529 880 2600 (de
909 2544 1017 2600 quo
1061 2529 1226 2585 etiani
1275 2530 1500 2601 mystica
1545 2530 1659 2586 haec
1705 2531 1948 2586 doctrina
1978 2531 2175 2586 tradita

589 2617 744 2673 nobis
786 2618 884 2672 fuit
921 2637 935 2674 :
969 2635 990 2671 ι
1041 2618 1233 2675 Omnis
1265 2618 1378 2690 (90)
1429 2618 1644 2691 largitio
1690 2617 1851 2685 bona,
1908 2629 1967 2675 et
2016 2633 2177 2676 omne

583 2707 786 2763 donum
845 2708 1139 2777 perlectum
1203 2709 1488 2766 desursum
1546 2718 1628 2767 est
1659 2750 1678 2776 ,
1750 2710 2090 2766 descendens
2144 2725 2174 2766 a

586 2799 746 2855 Patre
780 2799 1042 2855 luminum
1068 2841 1083 2867 ,
1110 2800 1250 2870 apud
1275 2815 1436 2871 quem
1477 2814 1582 2857 non
1618 2809 1714 2856 est
1755 2802 2172 2869 transmutatio,

586 2905 760 2960 neque
788 2889 1164 2946 conversionis
1205 2889 1607 2960 obumbratio);
1645 2909 1669 2942 ο
1705 2897 1760 2946 et
1781 2892 1908 2960 quia
1934 2892 2172 2947 omnium

586 2997 776 3036 curam
819 2982 1021 3047 habet,
1076 2990 1132 3036 et
1171 2981 1428 3038 omnibus
1469 2982 1760 3052 prospicit,
1824 2997 1892 3037 ne
1925 2986 2174 3054 exceptis

587 3072 804 3142 quidem
833 3073 1080 3128 sontibus
1117 3088 1131 3127 :
1168 3072 1374 3128 idcirco
1399 3071 1704 3128 sanctiﬁcat
1755 3071 1972 3141 quidem
2022 3073 2172 3142 ipse,

585 3173 640 3219 et
678 3163 962 3234 justilleat,
990 3175 1042 3219 et
1073 3164 1404 3234 sapientiam
1454 3165 1584 3233 dat,
1636 3175 1691 3220 et
1727 3179 1889 3220 omne
1925 3165 2169 3223 calestis

588 3255 801 3310 virtutis
827 3269 1000 3325 genus
1039 3255 1288 3326 praebet;
1342 3256 1519 3327 ipsum
1585 3267 1765 3312 autem
1833 3270 2172 3328 nequaquam

601 3345 758 3402 talem
793 3357 986 3402 natura
1013 3346 1119 3403 dici
1145 3361 1371 3417 usquam
1410 3346 1738 3413 invenimus,
1771 3356 1830 3402 ut
1864 3357 1954 3403 aut
1975 3348 2176 3404 sancti-

2279 2164 2380 2234 τὴν
2415 2161 2578 2231 φύσιν
2612 2159 2768 2228 ἁγίου
2799 2158 2936 2213 Θεοῦ
2959 2174 2973 2190 °
3011 2159 3235 2232 δεκτικὴ
3268 2159 3378 2232 γὰρ
3406 2159 3500 2213 τοῦ
3538 2161 3871 2232 άγιασθῆναι

2279 2254 2374 2311 καὶ
2401 2251 2754 2324 δικαιωθῆναι
2781 2251 3060 2323 τυγχάνει,
3089 2253 3150 2306 οὐ
3177 2253 3509 2324 παρεκτική.
3539 2252 3612 2304 Τὸ
3639 2252 3684 2305 δ’
3714 2252 3871 2320 ἅγιον

2284 2345 2532 2416 Πνεῦμα,
2563 2343 2794 2414 ἐπείπερ
2839 2343 3090 2413 διέστηκε
3150 2344 3250 2414 μὲν
3308 2342 3407 2413 τῆς
3457 2343 3706 2407 κτίσεως,
3739 2360 3870 2395 συν-

2277 2435 2451 2506 ἧπται
2486 2433 2542 2485 δὲ
2582 2434 2648 2504 τῇ
2678 2431 2838 2501 φύσει
2869 2430 3085 2501 ἐκείνῳ,
3103 2431 3162 2496 ἐξ
3194 2424 3254 2485 οὗ
3289 2431 3687 2500 ἐκπεπόρευται
3717 2431 3870 2503 (περὶ

2277 2513 2338 2573 οὗ
2376 2519 2472 2573 καὶ
2518 2516 3079 2589 ἐμυσταγωγήθημεν,
3127 2520 3204 2583 ὼς
3242 2538 3259 2570 ι
3285 2520 3442 2573 Πᾶσα
3483 2519 3628 2581 δόσις
3663 2521 3867 2592 ἀγαθὴ,

2278 2613 2373 2667 καὶ
2413 2613 2521 2664 πᾶν
2563 2609 2796 2682 δώρημα
2843 2611 3048 2664 τέλειον
3091 2610 3299 2665 ἄνωθέν
3352 2612 3494 2674 ἐστι,
3539 2613 3868 2666 καταὸαἰνον

2278 2705 2342 2757 ὲκ
2382 2701 2478 2757 τοῦ
2523 2702 2736 2774 Πατρὸς
2781 2700 2890 2755 τῶν
2925 2701 3138 2771 φώτων,
3186 2703 3316 2774 παρ’
3354 2695 3400 2771 ᾧ
3430 2702 3532 2756 οὐκ
3564 2702 3679 2756 ἐστι
3719 2722 3865 2773 παρ⁸

2277 2795 2508 2866 αλλαγὴ,
2534 2795 2569 2866 ἢ
2598 2795 2810 2867 τροπῆς
2853 2793 3270 2865 ἀποσκίασμα»)
3294 2810 3305 2822 ·
3339 2794 3435 2848 καὶ
3464 2793 3694 2867 ἐπείπερ
3724 2795 3864 2850 πάν-

2276 2904 2384 2941 των
2412 2885 2659 2958 κήδεται,
2695 2887 2789 2939 καὶ
2825 2886 3188 2956 προμηθεῖται
3228 2886 3321 2940 καὶ
3348 2885 3530 2940 αὐτῶν
3555 2885 3664 2940 τῶν
3699 2887 3864 2941 ὑπαι-

2275 2979 2404 3033 τίων
2423 2995 2439 3010 ο
2467 2977 2684 3048 ἁγιάζει
2716 2977 2835 3048 μὲν,
2862 2977 2960 3031 καὶ
2978 2977 3196 3042 δικαιοῖ,
3234 2977 3328 3032 καὶ
3364 2977 3596 3046 σοφίζει,
3632 2977 3731 3032 καὶ
3757 2982 3866 3033 πᾶν

2276 3063 2415 3133 εἶδος
2457 3068 2545 3138 [71
2585 3066 2642 3139 ιι]
2697 3067 3022 3138 ἐπουρανίου
3071 3067 3273 3138 ἀρετῆς
3321 3067 3582 3139 παρέχει·
3615 3068 3751 3122 αὐτὸ
3809 3070 3866 3123 δὲ

2274 3160 2528 3230 οὐδαμῶς
2560 3160 2874 3230 εὑρίσκεται
2923 3158 3046 3230 ἔχον
3103 3159 3517 3232 ἐπιτηδειότητα
3569 3160 3665 3214 τοῦ
3701 3162 3865 3230 ἁγιά-

2277 3250 2482 3318 ξεσθαι,
2509 3251 2544 3322 ἢ
2577 3250 2942 3315 δικαιοῦσθαι,
2964 3251 2996 3322 ἧ
3025 3250 3342 3319 σοφίζεσθαι
3368 3251 3457 3320 ὑφ’
3478 3251 3672 3323 ἐτέρου
3697 3253 3866 3325 (καθὰ

2274 3345 2381 3400 οὐδ’
2411 3346 2441 3398 ὁ
2474 3344 2747 3414 αὐτοφυὴς
2771 3343 2982 3414 Πατὴρ,
3017 3344 3123 3397 οὐδ’
3152 3346 3181 3397 6
3211 3342 3454 3415 ὁμοφυὴς
3484 3343 3648 3398 αὑτοῦ
3675 3344 3824 3416 Υἱός)
3845 3363 3858 3375 ο

585 3437 738 3495 llcari
784 3437 992 3508 possit,
1057 3447 1152 3494 aut
1195 3437 1502 3506 justilicari,
1530 3448 1625 3493 aut
1659 3439 1876 3509 sapiens
1932 3438 2048 3494 ﬁeri
2101 3439 2168 3496 ab

2275 3434 2351 3499 ὡς
2387 3434 2483 3488 καὶ
2517 3433 2606 3488 διὰ
2652 3432 2813 3488 τοῦτο
2843 3433 3021 3504 ὀρθῶς
3073 3433 3440 3504 εὑφημεῖσθαι
3485 3434 3776 3503 αὑτοάγιόν
3800 3452 3860 3490 τε

580 3530 756 3586 altero
803 3529 990 3600 (sicut
1040 3545 1110 3584 ne
1151 3528 1274 3584 talis
1327 3528 1544 3599 quidem
1592 3538 1678 3584 est
1715 3538 1812 3584 aut
1841 3530 1932 3601 qui
1972 3543 2070 3600 per
2104 3545 2165 3587 se

2273 3526 2368 3580 καὶ
2416 3525 2644 3597 Πνεῦμα
2691 3523 3023 3596 ἁγιωσύνης,
3077 3525 3201 3579 ἀντὶ
3253 3523 3375 3593 τοῦ,
3411 3525 3572 3596 φύσει
3623 3527 3720 3581 καὶ
3761 3524 3858 3596 ἀφ’

580 3625 696 3690 ipse
721 3619 959 3685 exsistit,
987 3619 1167 3686 Pater,
1211 3629 1306 3676 aut
1351 3621 1446 3690 qui
1482 3621 1646 3677 simul
1691 3637 1814 3678 cum
1849 3637 1916 3679 eo
1948 3623 2165 3678 coexsi-

578 3713 692 3780 stit,
721 3711 840 3783 ejus
869 3710 1058 3784 Filius)
1093 3730 1106 3766 :
1133 3712 1268 3768 adeo
1299 3723 1357 3768 ut
1382 3720 1542 3769 recte
1569 3714 1672 3769 hac
1706 3715 1871 3770 etiam
1899 3715 1966 3770 de
1999 3728 2162 3770 causa

579 3804 814 3874 Spiritus
847 3813 1068 3859 sanctus
1096 3813 1149 3860 et
1177 3819 1276 3875 per
1315 3819 1377 3861 se
1404 3814 1627 3861 sanctus
1665 3806 1902 3872 dicatur,
1935 3816 1992 3861 et
2036 3804 2162 3877 Spi-

577 3896 716 3951 ritus
759 3894 1088 3962 sanctitatis,
1125 3895 1176 3950 id
1216 3903 1301 3951 est
1325 3933 1344 3962 ,
1377 3911 1446 3951 ex
1484 3908 1677 3952 natura
1726 3913 1847 3964 sua,
1895 3905 1952 3952 et
1992 3912 2160 3953 exse~

579 3986 698 4056 ipso
751 3995 1008 4050 sanctus;
1069 3995 1124 4041 et
1181 3983 1419 4056 Spiritus
1451 3986 1702 4055 divinus,
1749 3988 1802 4042 id
1831 3995 1935 4054 est,
1967 3997 2159 4042 natura

578 4076 759 4144 Deus;
791 4087 846 4132 et
883 4075 1043 4132 llatus
1087 4073 1514 4147 Omnipotentis,
1557 4078 1610 4134 id
1635 4083 1741 4143 est,
1795 4079 2160 4134 consubstan-

578 4167 723 4223 tialis
747 4165 1142 4238 Oumipotenti,
1162 4175 1327 4236 atque
1347 4183 1412 4224 ex
1438 4168 1556 4239 ejus
1589 4170 1870 4240 hypostasi
1889 4170 2158 4240 spiratus:

577 4269 636 4316 ut
655 4259 743 4315 vel
780 4259 894 4314 hazc
915 4257 1030 4315 sola
1066 4259 1439 4315 denominatio
1467 4260 1762 4327 ostendat,
1798 4276 1922 4316 eum
1948 4271 2001 4317 et
2030 4275 2164 4318 cou-

575 4349 986 4408 substantialem
1028 4364 1152 4405 esse
1182 4348 1294 4407 Deo
1320 4350 1491 4416 Patri,
1545 4362 1600 4408 et
1641 4354 2013 4410 sanctiﬁcandi
2050 4355 2159 4409 vim

576 4441 798 4503 habere,
831 4454 894 4494 ac
917 4455 986 4495 ne
1014 4440 1263 4496 oratione
1288 4441 1508 4512 quidem
1530 4481 1546 4505 ,
1579 4452 1672 4497 aut
1703 4445 1914 4500 ratione
1943 4459 2041 4501 nos
2073 4431 2162 4500 a'so

575 4531 728 4603 sequi
759 4529 906 4585 illum
943 4545 1125 4601 posse.
1181 4531 1448 4600 Quocirca
1483 4549 1583 4591 nos
1615 4535 1815 4591 Paulus
1855 4535 1944 4591 ille
1987 4545 2043 4591 et
2076 4535 2159 4590 t‘a-

575 4619 771 4677 cundia
801 4618 914 4693 (9l)
947 4619 1154 4689 pollens
1173 4661 1190 4690 ,
1213 4633 1271 4677 et
1299 4623 1353 4678 in
1393 4626 1729 4694 exponendis
1754 4625 1880 4682 ﬁdei
1912 4626 2158 4684 formulis

574 4719 850 4780 strenuus,
880 4708 1008 4780 quid
1033 4711 1359 4769 credendum
1387 4714 1542 4771 nobis
1570 4724 1735 4780 esset,
1767 4715 2002 4784 edocuit,
2029 4717 2155 4771 dum

2265 3616 2461 3672 ἑαυτοῦ
2509 3617 2699 3685 ἆγιονο
2750 3616 2844 3668 καὶ
2899 3614 3127 3686 Πνεῦμα
3171 3615 3335 3681 θεῖον,
3389 3618 3509 3671 ἀντὶ
3545 3617 3661 3684 τοῦ,
3699 3618 3859 3687 φύσει

2264 3708 2430 3773 Θεός·
2464 3709 2559 3761 καὶ
2591 3707 2728 3778 πνοὴ
2763 3706 3236 3781 Παντοκράτορος,
3266 3709 3390 3763 ἀντὶ
3424 3709 3544 3775 τοῦ,
3576 3711 3858 3781 ὁμοούσιον

2263 3798 2358 3853 τοῦ
2385 3799 2832 3870 Παντοκράτορος
2857 3799 3121 3854 πνευσθέν
3153 3802 3219 3854 ἐκ
3251 3801 3347 3872 τῆς
3378 3802 3733 3867 ὑποστάσεως
3761 3805 3858 3856 αὑ-

2261 3891 2386 3945 τοῦ·
2415 3892 2557 3945 ὥστε
2595 3893 2689 3946 καὶ
2717 3892 2885 3963 μήνην
2921 3893 3051 3964 μίαν
3093 3893 3352 3959 τοιαύτην
3399 3896 3705 3966 ὀνομασίαν
3744 3897 3856 3952 δει-

2263 3983 2457 4035 κνύναι
2485 3983 2617 4036 αὐτὸ
2639 3983 2924 4054 ὁμοούσιόν
2951 4002 3012 4038 τε
3043 3985 3122 4056 τῷ
3153 3985 3271 4057 Θεῷ
3287 3986 3464 4058 Πατρὶ
3484 3988 3577 4041 καὶ
3603 3987 3857 4056 άγιαστι-

2261 4074 2378 4138 κὸν,
2420 4074 2515 4128 καὶ
2547 4075 2682 4146 μηδέ
2715 4075 2860 4145 λόγῳ
2901 4075 3224 4148 χωρεῖσθαι.
3252 4076 3544 4149 Τοιγάρτοι
3574 4077 3601 4129 6
3628 4077 3856 4142 δυνατὸς

2260 4167 2436 4220 εἰπεῖν
2465 4183 2524 4220 τε
2558 4169 2653 4220 καὶ
2680 4166 2885 4231 τύπους
2910 4168 3167 4222 ἐκθέσθαι
3213 4169 3448 4232 πίστεως
3485 4168 3698 4233 Παῦλος
3745 4172 3856 4224 εῐσο

2259 4259 2527 4330 ηγήσατο,
2555 4260 2892 4332 προθέμενος
2922 4261 3040 4332 ἅμα
3072 4262 3169 4332 μὲν
3200 4263 3360 4318 τοῦτο
3384 4264 3448 4318 τὸ
3483 4264 3795 4335 κεφάλαιον,
3821 4265 3853 4319 δ

2259 4352 2376 4405 νυνὶ
2416 4352 2694 4424 μέτειμεν,
2734 4353 2849 4425 ἅμα
2889 4352 2947 4405 δὲ
2973 4354 3067 4407 καὶ
3110 4354 3218 4408 τῶν
3262 4336 3705 4428 μεγαλὸδωρεῶν,
3756 4358 3852 4409 καὶ

2256 4442 2358 4514 τῆς
2402 4444 2461 4496 ἐν
2502 4443 2581 4514 τῷ
2627 4444 2968 4516 βαπτίσματι
3006 4446 3420 4518 ὰναγεννήσεως
3465 4448 3526 4500 τὸ
3576 4448 3710 4517 πρὸς
3757 4446 3852 4501 τὸν

2258 4536 2391 4590 Θεὸν
2429 4536 2651 4608 Πατέρα
2693 4537 2962 4591 ἐπίκοινον
3009 4538 3103 4592 τοῦ
3149 4538 3310 4608 ἁγίου
3372 4538 3689 4608 Πνεύματος
3713 4556 3727 4570 ο
3768 4539 3851 4593 ἐτι

2256 4628 2314 4681 δέ
2338 4628 2434 4682 καὶ
2463 4630 2546 4682 ὅτι
2581 4628 2644 4682 τὸ
2690 4647 2706 4680 ι
2729 4628 2758 4680 6
2787 4629 2920 4694 Θεὸς
2945 4649 2963 4681 ι
2993 4629 3183 4701 ὄνομα.
3221 4629 3280 4682 ἓν
3308 4647 3368 4682 τε
3398 4629 3494 4682 καὶ
3544 4630 3698 4693 ίσως·
3731 4632 3851 4684 ἐστὶ

2257 4722 2323 4790 τῇ
2355 4717 2579 4790 Τριάδι·
2617 4719 2711 4773 καὶ
2747 4719 3084 4791 ίσοδυνάμως
3111 4721 3198 4773 ἀεὶ
3237 4721 3452 4792 ἐνεργεῖ
3477 4720 3794 4793 ἐπικληθεὶς
3818 4723 3850 4776 ὃ

577 4802 741 4876 159
762 4801 923 4860 simul
957 4810 1014 4858 et
1048 4803 1342 4876 capitulum
1371 4805 1570 4874 hocce,
1611 4805 1753 4877 quod
1789 4820 1931 4862 nunc
1964 4821 2160 4877 expen-

2272 4827 2322 4864 τε
2345 4810 2477 4875 Θεὸς
2503 4811 2714 4882 Πατὴρ,
2745 4810 2776 4865 ὅ
2813 4827 2874 4864 τε
2901 4810 3033 4876 Θεὸς
3064 4810 3213 4878 Υἱὸς,
3255 4812 3284 4866 ὃ
3315 4828 3375 4865 τε
3408 4811 3540 4876 Θεὸς
3579 4813 3804 4885 Πνεῦμα
3828 4832 3844 4847 ο

573 4983 786 5062 div-crsu
837 4995 1001 5062 sensu
1061 4985 1137 5062 a_i_t
1177 5004 1193 5040 :
1233 4983 1340 5040 Τὸν
1406 4985 1534 5062 βοῦν
1604 4986 1664 5041 δὲ
1720 4986 2022 5062 ’ἐπιτίθημι
2087 4991 2155 5062 τῇ

567 5051 805 5128 γλώττῃ,
845 5055 896 5108 id
917 5062 1003 5108 est
1044 5073 1063 5106 ι
1086 5055 1289 5111 Bovcm
1322 5051 1452 5112 vero
1483 5057 1678 5129 lingua
1702 5051 2158 5132 deinceps'impol'

568 5139 756 5198 nam.)
799 5138 1009 5198 nerupe,
1042 5140 1237 5198 arcana
1265 5141 1370 5182 non
1401 5137 1660 5198 retegam.

639 5193 750 5262 (87)
805 5192 993 5269 Quoad
1037 5195 1296 5269 virtutem.
1350 5197 1406 5252 In
1452 5192 1664 5269 Graeco,
1720 5198 1928 5269 ἀρετῆς
1977 5200 2150 5269 ἐντός.

571 5262 675 5336 ise
707 5265 1004 5336 contrario,
1040 5265 1354 5336 quinullius
1377 5268 1584 5336 peccati
1610 5281 1731 5323 reus
1763 5262 1857 5328 sit.
1883 5262 2088 5323 dicitur
2113 5262 2149 5324 Va

569 5331 817 5409 llidyuno,
851 5331 1264 5409 ἁμαρτήμάτων
1318 5331 1475 5403 ἐκτὸς
1497 5337 1598 5404 ὢν,
1635 5353 1762 5409 pag.
1796 5337 1898 5394 149
1935 5337 2152 5394 Catena:

570 5402 624 5453 in
673 5401 867 5458 Jolmm
893 5401 1211 5461 Nicetiana.

639 5472 1050 5547 (8_8)_lieproln'.
1115 5475 1395 5532 Notandus
1465 5479 1554 5532 hic
1603 5478 1790 5547 locus,
1856 5488 2147 5547 propterea

568 5541 709 5605 quod
749 5543 795 5596 ei
852 5541 1049 5616 faveat,
1089 5547 1182 5616 qui
1220 5549 1648 5603 commentitium
1694 5541 2144 5615 Origehianorum

453 5617 463 5630 '
569 5619 805 5727 ngstema
838 5613 903 5665 de
937 5613 1141 5684 angelis
1169 5617 1430 5686 reprobis,
1479 5619 1592 5673 sive
1633 5613 1912 5686 apostatis,
1963 5617 2147 5686 probis

569 5689 598 5727 3
625 5680 856 5727 tuuando
879 5686 1145 5727 ρνιιςιιτὶα-
1177 5701 1204 5727 2a
1250 5687 1472 5727 “MV-nn
1501 5690 1810 5727 minnlnlnm
1842 5705 1944 5727 nnn
1979 5687 2144 5727 furum:

569 5680 856 5756 aliquando
879 5680 1148 5756 evasi-tris.
1177 5701 1206 5740 a
1229 5680 1472 5756 'Didymo
1500 5680 1810 5756 adoptatum
1842 5680 1944 5743 non
1965 5680 2147 5742 luisse

567 5749 940 5825 cet‘ttgtideret.
965 5753 1099 5825 Vide
1124 5755 1288 5825 etiam
1314 5749 1483 5825 segni.
1512 5758 1579 5809 72
1608 5749 1668 5809 ἀ.

639 5814 752 5887 (89)
803 5815 1101 5889 Colligitur.
1156 5822 1211 5876 In
1269 5814 1472 5891 codice,
1523 5827 1809 5894 συνάγεται
1863 5827 1954 5881 καὶ
2000 5826 2139 5882 τότε,

2265 4989 2346 5064 A_n
2396 4989 2698 5064 inducenda
2746 4990 2934 5064 vocula
3007 4992 3122 5064 καί,
3181 4995 3664 5064 ιιιηευρειινεοιιητ
3714 4995 3840 5060 Pro,

2260 5057 2414 5125 τότε,
2469 5075 2598 5136 sane
2649 5059 2929 5136 legendum
2958 5062 3041 5136 Δτις
3095 5057 3376 5136 τεηΙΙΙιιιΙί
3399 5080 3555 5130 vero,
3609 5057 3842 5136 συνάγεὲ

2259 5146 2381 5195 ται,
2419 5133 2606 5185 eodem
2652 5146 2811 5188 sensu
2845 5132 3142 5189 adhibitum
3183 5135 3425 5191 invenies
3474 5135 3526 5190 in
3562 5132 3842 5193 Clemente

2256 5201 2650 5255 Alexandrino.

2331 5269 2444 5339 (90)
2486 5268 2707 5341 omnis.
2746 5269 2802 5324 In
2859 5270 3028 5338 Epist.
3086 5273 3202 5329 Jac.
3249 5291 3286 5341 I,
3320 5275 3406 5330 17.
3441 5275 3630 5332 ϐγπιειι
3673 5275 3840 5330 editio

2255 5339 2439 5419 habet,
2480 5340 2588 5394 ἀπὸ
2617 5339 2710 5419 τοῦ
2745 5342 2978 5419 Πατρός,
3005 5358 3125 5415 pro,
3155 5345 3219 5400 ἐκ
3249 5339 3343 5400 τοῦ
3370 5346 3614 5419 Πατρός·
3652 5357 3836 5415 atque,

2251 5412 2352 5464 οὐκ
2377 5409 2478 5476 ἔνι,
2512 5425 2629 5475 pro,
2654 5412 2755 5466 οὐκ
2776 5409 2911 5468 ἔστι.

2325 5480 2438 5552 (91)
2492 5479 2788 5555 Facundia.
2823 5483 2874 5536 In
2909 5484 3093 5539 codice
3135 5480 3288 5540 εἶπεν
3316 5503 3406 5540 τε⁹
3439 5501 3600 5555 quam
3645 5485 3836 5539 lectio-

2253 5566 2376 5603 nem
2395 5553 2713 5625 tumulosum
2738 5568 2858 5609 esse
2891 5569 2996 5608 non
3028 5557 3210 5610 dubito
3241 5576 3253 5611 :
3287 5553 3472 5625 itaque
3497 5558 3632 5624 lego,
3662 5557 3838 5608 εἰπεῖν

2249 5635 2328 5696 τε.
2383 5621 2523 5688 Quin
2575 5632 2683 5676 tota
2731 5625 2845 5679 haec
2885 5627 3148 5681 sententia
3197 5628 3331 5680 adeo
3366 5621 3615 5696 perpleia
3660 5635 3742 5680 est
3781 5626 3840 5679 in

2248 5687 2482 5772 omaso,
2557 5701 2618 5747 ut
2695 5708 2884 5752 vocem
2961 5696 3194 5766 aliquam
3264 5687 3487 5752 librario
3569 5696 3836 5751 excidisse

2249 5773 2512 5829 suspicer.
