4100 6420
394 395 499 450 525

1451 393 1540 448 DE
1577 391 1951 449 TlilNlTATE
1989 391 2195 447 LIBER
2235 393 2621 453 SECUNDUS.

3540 401 3653 460 5'26

392 511 703 583 Κορινθίοις
723 512 946 585 γράφων
974 512 1303 584 δημηγορεῖ·
1339 534 1357 563 ι
1391 513 1552 566 Ἀλλὰ
1579 509 1974 575 ἀπελούσασθε,

2085 509 2294 576 (liuius,
2327 512 2630 583 proposuit,
2666 521 2718 566 et
2755 513 3040 584 magniﬁca
3069 513 3230 585 dona,
3265 529 3331 572 ac
3370 530 3658 587 regenera-

393 603 532 658 ἀλλὰ
581 604 957 674 ἐδικαιώθητε,
1004 605 1140 660 ἀλλὰ
1184 604 1483 676 ἡγιάσθητε
1521 607 1579 659 ἐν
1621 606 1699 676 τῷ
1747 607 1972 678 ὀνόματι

391 693 486 747 τοῦ
519 695 726 766 Κυρίου
767 695 926 766 ἡμῶν
972 695 1147 768 Ἰησοῦ
1186 696 1446 767 Χριστοῦ,
1479 697 1571 750 καὶ
1600 699 1657 750 ἐν
1685 696 1765 767 τῷ
1806 697 1974 751 Πνεύ-

396 805 525 858 ματι
554 786 648 840 τοῦ
683 786 818 840 Θεοῦ
848 786 1024 858 ἡμῶν.
1056 806 1074 840 ι
1120 787 1211 841 Διὸ
1244 790 1293 842 οὶ
1338 789 1720 854 κοινωνοῦντες
1745 791 1914 862 αὐτῷ,
1946 793 1975 846 ὄ

393 879 542 933 ἐστιν
575 881 624 936 oi
661 879 968 951 ἀξιούμενοι
1007 879 1327 949 ἀγιάζεσθαι
1383 881 1474 936 ὑπ’
1507 880 1694 946 αὑτοῦ,
1747 883 1842 936 καὶ
1890 883 1971 936 δι-

393 969 706 1036 καιοῦσθαι,
765 971 861 1024 καὶ
912 969 1250 1041 σοφίζεσθαι,
1302 969 1569 1044 εἴρηνται,
1612 973 1689 1037 ὼς
1743 975 1771 1028 6
1813 975 1974 1041 αὐτὸς

393 1059 692 1125 ἀπόστολος
731 1060 1016 1133 Ἑϐραίους
1041 1060 1321 1127 διδάσκει,
1359 1080 1379 1114 ι
1412 1063 1628 1140 μέτοχοι
1657 1063 1972 1136 Πνεῦματος

392 1153 570 1221 ἁγίου.
599 1171 618 1206 ι
658 1153 768 1209 Καὶ
810 1154 1076 1224 Ἐφεσίοις
1101 1154 1157 1211 δὲ
1204 1155 1438 1227 γράφειο
1482 1171 1500 1206 ι
1539 1156 1627 1210 Ἑν
1665 1148 1710 1225 ᾧ
1747 1157 1842 1211 καὶ
1886 1175 1974 1212 πι-

394 1244 719 1310 στεύσαντες
764 1245 1164 1320 ἐσφραγίσθητε
1187 1246 1265 1319 τῷ
1292 1246 1572 1320 Πνεύματι
1604 1247 1701 1319 τῆς
1738 1251 1976 1319 ἐπαγγε-

390 1339 512 1404 λίας
557 1339 636 1411 τῷ
681 1339 840 1411 ἁγίῳ.
869 1359 888 1392 ι
933 1339 1102 1411 Δῆλον
1131 1342 1260 1413 γὰρ,
1306 1342 1382 1406 ὡς
1431 1343 1481 1395 oi
1528 1343 1971 1418 σφραγιζόμενοι,

392 1431 537 1486 τοῦτ’
585 1431 734 1486 ἐστιν
769 1432 1142 1508 ἁγιαζόμενοι,
1193 1432 1532 1504 μετέχουσιν,
1581 1435 1696 1492 ἀλλ’
1749 1437 1808 1489 οὐ
1844 1453 1973 1506 μετ-

391 1523 628 1594 έχονται.
671 1523 781 1577 Καὶ
823 1517 930 1595 γάρ
963 1524 1012 1578 εί
1046 1523 1252 1596 κτίσμα
1293 1523 1586 1597 ἐτύγχανεν
1625 1525 1685 1578 ὃν
1726 1526 1790 1578 τὸ
1821 1526 1974 1594 ἅγιον

2089 601 2313 670 tionem,
2341 617 2505 672 quam
2539 604 2592 657 in
2621 603 2889 672 baptismo
2936 605 3364 676 consequimur,
3413 622 3568 677 teque
3601 617 3661 666 et.

2086 693 2450 750 communiter
2477 708 2507 746 a
2535 694 2644 750 Deo
2670 692 2832 750 Patre
2855 735 2873 761 ,
2928 709 2993 751 ac
3038 693 3243 766 Spiritu
3287 706 3480 754 sancto
3511 713 3658 768 esse,

2087 791 2132 838 et
2161 792 2420 853 praeterea
2458 800 2656 844 nomen
2688 786 2790 842 hoc
2822 804 2841 838 ι
2881 787 3022 842 Deus
3050 805 3069 840 ι
3107 788 3160 843 in
3188 788 3458 846 Trinitate
3488 806 3658 847 unum

2085 876 2376 944 exsistere,
2407 887 2461 935 et
2491 879 2664 936 tribus
2691 879 2972 951 aequaliter
2991 882 3314 952 convenire,
3343 893 3396 939 et
3439 883 3659 940 invoca-

2085 977 2197 1024 tum
2229 983 2258 1024 a
2296 970 2455 1027 nobis
2507 985 2629 1028 cum
2664 970 2831 1026 Deum
2855 970 3109 1040 Patrem,
3164 980 3278 1029 tum
3339 974 3508 1030 Deum
3566 972 3659 1030 Fi-

2079 1060 2251 1129 lium,
2308 1071 2420 1118 tum
2480 1063 2649 1120 Deum
2707 1063 2969 1134 Spiritum
3027 1065 3234 1136 aquati;
3285 1080 3499 1136 semper
3555 1080 3658 1135 p0~

2082 1160 2275 1209 testate
2301 1154 2516 1224 operari
2571 1157 2808 1212 ostendit
2844 1175 2859 1212 :
2905 1171 3029 1212 nam
3072 1155 3372 1214 Corinthiis
3416 1156 3660 1214 scribens

2081 1243 2156 1298 ita
2214 1246 2569 1303 concionatur
2624 1268 2636 1304 :
2697 1264 2718 1301 ι
2774 1244 2883 1306 Sed
2945 1249 3060 1321 (92)
3109 1250 3279 1306 abluti
3351 1249 3506 1320 estis,
3556 1252 3653 1310 sed

2076 1334 2358 1406 iustificati
2411 1339 2564 1405 estis,
2624 1340 2717 1396 sed
2773 1341 3099 1398 sanctiﬁcati
3154 1342 3285 1399 estis
3339 1342 3394 1398 in
3435 1342 3654 1404 nomine

2080 1427 2293 1484 Domini
2327 1431 2496 1486 nostri
2529 1430 2658 1487 Jesu
2690 1431 2914 1500 Christi,
2956 1442 3012 1489 et
3069 1433 3123 1490 in
3172 1433 3376 1504 Spiritu
3413 1431 3509 1489 Dei
3547 1449 3648 1488 no-

2079 1520 2201 1576 stri.
2233 1540 2252 1574 ι
2288 1521 2579 1592 Propterea
2638 1525 2728 1594 qui
2761 1524 2810 1580 ei
2863 1526 3285 1592 communicant,
3335 1525 3390 1581 id
3415 1534 3533 1591 est,
3564 1527 3656 1596 qui

393 1612 636 1686 Πνεῦμα,
672 1612 707 1685 ἢ
753 1614 782 1666 ό
823 1613 982 1676 Υἱός⁶
1009 1612 1111 1667 ποῦ
1154 1608 1221 1684 ἦν
1262 1614 1420 1687 γρεία
1458 1616 1518 1668 τὸ
1563 1617 1768 1689 κτίσμα
1798 1615 1883 1689 [71
1919 1617 1971 1690 ὁ]

2081 1612 2222 1684 digiti
2259 1613 2385 1670 facti
2407 1625 2534 1673 sunt
2568 1624 2626 1671 ttt
2657 1618 2725 1676 ab
2768 1631 2833 1672 eo
2883 1617 3314 1685 sanctificentur,
3358 1626 3411 1682 et
3461 1616 3660 1688 justiﬁ-

391 1705 660 1775 ἀγιάξειν,
695 1705 790 1760 καὶ
820 1709 995 1762 ποιεῖν
1027 1706 1126 1778 τὴν
1155 1707 1458 1778 πλήρωσιν,
1491 1709 1669 1763 καίτοι
1708 1709 1802 1763 τοῦ
1835 1710 1970 1764 Θεοῦ

2081 1711 2290 1773 centur,
2324 1715 2379 1761 et
2409 1709 2684 1777 sapientes
2707 1707 3023 1773 reddantur,
3042 1708 3078 1763 ii
3117 1726 3137 1761 ι
3167 1707 3463 1778 participes
3483 1707 3658 1777 Spiri-

392 1796 605 1868 Πατρδς
630 1797 995 1869 ἀποχρώντως
1022 1799 1348 1869 ἡγιακότος;
1395 1800 1464 1854 Οἴ
1510 1803 1561 1871 γ’
1597 1796 1690 1854 οὖν
1739 1803 1970 1866 κτιστοὶ,

2083 1800 2170 1848 tus
2213 1795 2386 1850 sancti
2423 1813 2443 1847 ι
2476 1797 2755 1862 dicuntur,
2816 1804 2875 1851 ut
2905 1796 3047 1854 idem
3080 1797 3372 1868 Apostolus
3406 1795 3662 1852 Hebraeos

391 1889 650 1943 ἁκτίστου
677 1888 738 1943 τὺ
770 1889 976 1962 χρίσμα
1002 1890 1161 1945 τοῦτο
1193 1892 1416 1957 εἰδότες,
1453 1893 1554 1946 οὐκ
1591 1893 1802 1948 οἴκοθεν
1844 1913 1974 1967 παρ⁴

2082 1883 2239 1940 docet
2261 1885 2397 1958 (93].
2421 1885 2502 1940 Ad
2541 1886 2802 1957 Ephesius
2862 1896 3042 1945 autem
3081 1887 3273 1944 scribit
3324 1904 3340 1944 :
3395 1906 3414 1941 ι
3449 1885 3506 1943 In
3551 1901 3660 1957 quo

392 1981 588 2052 ἔχομεν
617 1982 708 2036 τὸν
735 1981 1026 2053 ἁγιασμόν,
1071 1981 1208 2038 ἀλλὰ
1255 1983 1465 2058 φαμέν·
1511 1986 1566 2042 '0
1595 1985 1726 2051 Θεὸς
1752 1987 1974 2056 ἁγιάσαι

2081 1977 2198 2048 (94)
2245 1986 2301 2034 ει
2331 1978 2614 2036 credentes
2649 1979 2846 2050 signati
2889 1978 3019 2036 estis
3049 1978 3253 2050 Spiritu
3286 1978 3660 2049 promissionis

392 2089 472 2127 σε.
513 2073 625 2127 Καὶ
665 2073 800 2146 πρὸς
841 2075 1026 2147 ἓτερον
1058 2075 1117 2129 δὲ
1156 2076 1417 2147 ὁμόλογον
1449 2077 1545 2131 καὶ
1587 2078 1846 2151 κραταιὸν
1875 2078 1975 2150 βα-

389 2163 606 2238 διοῦμαι
653 2165 948 2236 δικαίωμα,
997 2167 1115 2242 μεθ’
1165 2168 1192 2222 ὃ
1229 2168 1351 2222 οὐδὲ
1388 2171 1501 2234 τοῖς
1545 2170 1975 2242 μεμελετηκόσιν

388 2256 764 2327 ἀναισχυντεῖν
815 2257 1034 2324 ἐξέσται
1077 2257 1238 2314 τοῦτο
1284 2263 1481 2315 ποιεῖν.
1541 2261 1598 2315 '0
1635 2262 1730 2316 τοῦ
1772 2263 1976 2327 παντὸς

392 2345 690 2416 Δεσπόττκ,
733 2348 863 2418 περὶ
900 2349 1004 2418 μὲν
1041 2347 1143 2402 τοῦ
1199 2348 1334 2404 Θεοῦ
1385 2351 1600 2426 Πατρὸς
1642 2355 1738 2408 καὶ
1778 2355 1974 2411 ἑαυτοῦ

389 2435 807 2507 ἀπολελυμένως
851 2437 1280 2510 διαταξάμενοςο
1329 2460 1348 2493 ι
1369 2441 1730 2508 Βαπτίζοντες
1781 2445 1976 2511 αὐτοὺς

394 2529 474 2592 εἰς
503 2528 566 2586 τὸ
593 2528 760 2601 όνομα
794 2529 889 2584 τοῦ
929 2531 1166 2603 Πατρός,
1198 2533 1295 2587 καὶ
1324 2532 1416 2589 τοῦ
1445 2534 1628 2600 Υίοῦ,›
1661 2538 1758 2609 οὐχ
1787 2539 1976 2604 ἁπλῶς

393 2619 660 2691 ἐπήγαγε,
697 2622 830 2675 ικαὶ⁵
859 2622 953 2676 τοῦ
1003 2623 1340 2696 Πνεῦματος,
1385 2645 1403 2678 ι
1462 2626 1600 2684 ἀλλὰ
1643 2630 1973 2704 προσέθηκε,

399 2707 533 2762 (τοῦ
574 2710 751 2780 ἁγίου.
781 2730 800 2764 ι
847 2713 1010 2768 Ὥστε
1044 2717 1325 2788 μονονουχὶ
1366 2717 1784 2791 ὑποδεόηκὸτως
1810 2723 1974 2778 αὑτοῦ

393 2800 491 2855 οὐκ
519 2804 788 2876 ἐμνήσθη,
824 2804 962 2860 ἀλλὰ
990 2806 1083 2860 καὶ
1127 2807 1568 2881 ἁναϐεϐηκότως,
1594 2811 1682 2868 διὰ
1715 2814 1774 2868 τὸ
1801 2815 1976 2870 ἐκεῖιο

388 2885 529 2947 εἶναι
566 2896 631 2966 τῇ
683 2893 866 2967 φύσει,
913 2897 943 2951 ὅ
984 2899 1122 2953 εἰσιν
1169 2901 1224 2954 αί
1276 2900 1583 2968 αὐτοτελεῖς
1625 2905 1973 2974 ὑποστάσεις,

386 2982 454 3048 ας
483 2985 726 3058 ἐσήμανε
778 2987 840 3042 τὸ
877 2988 938 3042 ἓν
973 2989 1162 3063 ὄνομα,
1233 2985 1280 3061 ᾧ
1327 2995 1421 3050 καὶ
1457 2996 1592 3052 αὐτὸ
1644 2997 1708 3052 τὸ
1749 2999 1976 3071 Πνεῦμα

388 3080 952 3154 συμπροσηγορεύθη·
1001 3084 1098 3138 καὶ
1142 3087 1504 3160 παραλλήλως
1551 3090 1642 3144 διὰ
1689 3091 1752 3146 τὸ
1800 3095 1976 3148 ἐκεῖνο

386 3169 722 3227 καθεστάναι
755 3172 816 3226 τὸ
857 3173 1013 3243 ἅγιον
1057 3176 1307 3250 Πνεῦμα,
1357 3179 1386 3232 ὅ
1427 3181 1544 3234 ἐστι
1581 3183 1648 3253 τῇ
1698 3182 1914 3256 θεότητι
1947 3185 1978 3238 6

389 3259 580 3333 Πατὴρ
610 3263 706 3316 καὶ
743 3263 772 3316 6
813 3263 942 3330 Υἱὸς
977 3265 1175 3321 αὐτοῦ’
1221 3262 1303 3334 οἷς
1348 3272 1845 3344 συνεμνημονεύθη,
1877 3274 1974 3338 ὼς.

386 3349 449 3404 τδ
486 3351 552 3422 δὴ
597 3350 910 3423 λεγόμενον,
965 3354 1083 3408 εστι
1128 3355 1397 3427 πρόδηλον
1430 3357 1525 3410 καὶ
1570 3357 1773 3428 τυφλῷ.
1817 3359 1978 3412 Ἀλλὰ

388 3439 544 3494 τοῦτο
571 3441 672 3512 μὲν
713 3440 956 3508 πλείονος
999 3443 1183 3516 ἔχεται
1212 3445 1520 3516 θεολογίαςο
1557 3447 1643 3500 ἵνα
1685 3447 1742 3500 δέ
1779 3448 1978 3520 ῥαδίως

392 3530 710 3604 πιστεῦηται
745 3531 998 3605 θεότητος
1027 3534 1196 3606 μόνης
1220 3534 1349 3589 ἴδιον
1379 3535 1646 3608 ὑπάρχειν
1689 3536 1750 3591 τὸ
1791 3537 1975 3592 καλεῖ-

399 3619 542 3688 σθαι,
569 3623 662 3677 καὶ
694 3618 838 3679 εἴναι
869 3625 1030 3694 φύσει
1055 3626 1208 3695 ἆγιόν
1235 3643 1318 3692 τε,
1345 3627 1552 3682 δίκαιόν
1576 3645 1657 3693 τε,
1675 3627 1756 3682 ἔτι
1782 3628 1889 3701 μὴν
1917 3630 1979 3683 τὸ

397 3711 656 3781 ἁγιάζειν,
701 3716 797 3771 καὶ
839 3715 1084 3772 δικαιοῦν
1125 3717 1194 3771 τά
1235 3719 1411 3772 οἰκεῖα
1459 3720 1769 3792 κτίσματα·
1815 3722 1977 3793 ὅμοια

395 3807 679 3880 ὑμνημὲνα
715 3809 881 3874 εἰσὶν,
913 3808 1043 3880 περὶ
1072 3809 1172 3880 μέν
1199 3809 1294 3863 τοῦ
1324 3811 1560 3884 Πατρός,
1585 3811 1661 3878 ὠς
1685 3813 1850 3883 ἡνίκα
1876 3813 1974 3866 αὖ-

390 3897 482 3963 τὺς
529 3899 558 3954 6
600 3899 726 3966 Υἱὸς
763 3899 918 3974 παρὰ
957 3901 1180 3974 Ἰωάννη
1212 3901 1380 3975 λέγῃ·
1417 3922 1437 3956 ι
1465 3904 1649 3978 Πάτερ
1691 3906 1835 3974 ἂγιε,
1875 3907 1976 3976 τή-

391 4007 557 4063 ρησον
611 3994 812 4058 αὐτοὺς
873 3996 932 4048 ἐν
978 3992 1058 4064 τῷ
1118 3994 1342 4066 ὀνόματί
1397 4012 1578 4049 σουσο
1635 3997 1733 4051 καὶ
1774 3997 1972 4051 πάλιν·

395 4101 416 4136 ε
449 4084 700 4154 Ἀγίασον
731 4087 930 4152 αὐτοὺς
958 4089 1017 4141 ἐν
1050 4090 1116 4160 τῇ
1144 4087 1374 4162 ἀληθεία
1402 4106 1528 4143 σου⁸
1555 4091 1585 4144 6
1618 4090 1790 4159 Λόγος
1811 4092 1840 4144 6
1864 4090 1976 4158 σὸς,

391 4177 621 4249 ἀλήθειά
658 4181 828 4234 ἐστι’»
861 4181 955 4236 καὶ
999 4179 1182 4248 αὖθιςο
1218 4201 1236 4236 ι
1258 4182 1442 4254 Πάτερ
1481 4181 1678 4239 δίκαιε.
1705 4203 1724 4238 ι
1767 4183 1878 4240 Καὶ
1901 4183 1978 4250 ὡς

389 4270 525 4324 ὅταν
556 4272 988 4343 προφητεύωσιν,
1027 4273 1288 4347 Ἰεζεκιὴλ
1317 4274 1448 4345 μέν’
1482 4294 1500 4326 ι
1526 4275 1637 4328 Καὶ
1660 4273 1975 4344 γνώτωσαν,

388 4361 474 4416 ὅτι
505 4361 618 4430 ἐγὼ
647 4364 849 4436 Κύριος
889 4368 918 4420 ό
968 4365 1210 4436 ἁγιάζων
1257 4367 1454 4431 αὐτούς
1474 4380 1488 4398 ⁸
1517 4385 1536 4420 ι
1582 4366 1746 4422 Δαυῒδ
1774 4367 1829 4423 δέ
1861 4369 1918 4422 ἐν
1947 4374 1978 4422 ι’

387 4454 622 4528 ψαλμῷ·
673 4459 930 4524 «Δίκαιος
979 4461 1209 4532 Κύριος,
1264 4461 1357 4516 καὶ
1391 4460 1486 4533 [12
1524 4459 1582 4533 α]
1627 4461 1977 4534 δικαιοσύνην

2080 2077 2292 2124 sancto.
2336 2088 2355 2122 ι
2399 2068 2534 2124 Nam
2572 2071 2916 2142 perspicuum
2949 2079 3073 2136 εει,
3102 2085 3199 2127 eos
3231 2070 3322 2143 qui
3355 2070 3658 2138 signantur,

2078 2161 2130 2216 id
2161 2171 2268 2229 est,
2300 2161 2735 2230 sanctiﬁcantur,
2769 2163 3118 2234 participare,
3162 2163 3257 2220 sed
3299 2178 3404 2219 non
3441 2163 3660 2232 particie

2076 2253 2215 2326 pari.
2259 2253 2320 2310 Si
2369 2255 2514 2314 enim
2551 2263 2802 2316 creatura
2844 2264 2988 2314 esset
3031 2254 3271 2327 Spiritus
3317 2267 3536 2310 sanctus
3566 2264 3662 2313 aut

2077 2343 2268 2413 Filius,
2304 2345 2566 2416 quidnam
2587 2359 2816 2402 necesse
2848 2343 3005 2410 foret,
3039 2355 3325 2422 postquam
3377 2344 3539 2402 Pater
3572 2361 3662 2401 sa-

2081 2433 2151 2490 tis
2179 2433 2501 2506 abundeque
2545 2435 2941 2501 sanctiﬁcavit,
2983 2443 3043 2490 ut
3093 2434 3144 2490 is
3169 2434 3359 2499 etiam,
3391 2435 3481 2504 qui
3514 2449 3664 2491 erea-

2073 2534 2195 2580 tura
2242 2535 2388 2581 esset
2442 2526 2835 2594 sanctiﬁcaret,
2898 2541 2965 2584 ac
3003 2525 3513 2597 velutisupplendo
3571 2541 3665 2581 εκ-

2076 2618 2288 2690 pleret?
2344 2618 2531 2690 Itaque
2559 2634 2680 2676 cum
2704 2619 2943 2676 chrisma
2975 2619 3138 2685 istud,
3170 2620 3286 2674 sive
3313 2619 3618 2674 unctionem
3640 2661 3657 2685 ,

2077 2709 2224 2767 illius
2257 2725 2380 2768 esse
2416 2700 2752 2780 noverimus,
2813 2711 2908 2780 qui
2963 2711 3238 2768 increatus
3274 2719 3379 2777 est,
3439 2724 3538 2766 nos
3575 2719 3662 2764 ut-

2076 2814 2201 2875 pore
2251 2811 2516 2860 creatura:
2545 2817 2653 2884 non
2701 2802 2768 2859 de
2819 2810 3006 2858 nostro
3038 2801 3526 2858 sanetilicationem
3565 2802 3662 2856 da-

2083 2910 2226 2963 mus,
2284 2895 2381 2953 sed
2433 2895 2668 2952 dicimus
2715 2913 2731 2951 :
2789 2893 2936 2950 Deus
2987 2903 3040 2950 te
3083 2893 3414 2949 sanctiﬁcet.
3451 2891 3659 2949 Trans.

2081 3004 2148 3046 eo
2200 3004 2347 3046 nunc
2391 2989 2458 3044 ad
2497 2989 2677 3045 simile
2710 2986 2897 3052 aliud,
2958 2985 3125 3058 idque
3167 2983 3510 3056 pervalidum
3574 2999 3662 3039 ar~

2077 3090 2398 3150 gumentum
2427 3119 2444 3147 ,
2487 3083 2635 3152 quod
2693 3094 2818 3136 cum
2857 3077 3130 3142 attulere,
3186 3091 3376 3132 eorum
3438 3090 3656 3148 quoque

2083 3173 2306 3229 audacia
2352 3173 2740 3238 contundetur,
2773 3170 2865 3241 qui
2891 3168 2946 3226 in
2975 3168 3272 3242 impudenti
3303 3168 3662 3228 eontendendi

2083 3265 2300 3321 ratione
2327 3264 2744 3321 exercitatiores
2770 3270 2916 3318 sunt.
2954 3261 3202 3318 Universi
3236 3259 3500 3320 Dominus
3535 3275 3662 3322 cum

2079 3357 2146 3411 de
2175 3355 2286 3412 Deo
2315 3355 2494 3420 Patre,
2521 3369 2584 3409 ac
2619 3353 2690 3409 de
2742 3353 2925 3423 seipse
2975 3351 3218 3410 absolute
3271 3352 3540 3423 loquens,
3585 3352 3659 3410 Ita

2079 3447 2430 3519 przeeepisset
2460 3487 2476 3512 ,
2519 3465 2538 3500 ι
2580 3447 2926 3518 Baptizantes
2953 3445 3067 3515 (95)
3098 3459 3192 3500 eos
3220 3444 3274 3498 in
3300 3445 3519 3500 nomine
3547 3442 3652 3500 Pa-

2082 3541 2202 3607 tris,
2230 3553 2285 3596 et
2313 3539 2456 3596 Filii.
2494 3559 2513 3594 ι
2555 3557 2663 3596 non
2696 3538 2977 3612 subiunxit
2999 3536 3325 3610 simpliciter
3347 3575 3363 3601 ,
3399 3555 3419 3595 ι
3451 3544 3504 3591 ει
3539 3535 3662 3610 Spl-

2081 3633 2239 3701 ritus,
2282 3654 2302 3689 ι
2339 3635 2431 3691 sed
2459 3634 2732 3699 addidit,¢
2779 3632 2976 3688 sancti.
3013 3649 3033 3683 ι
3094 3630 3276 3699 Itaque
3323 3643 3430 3686 non
3487 3627 3660 3686 solum

2079 3727 2201 3799 ejus
2254 3728 2328 3782 ita
2379 3742 2486 3782 non
2547 3724 2817 3789 meminit,
2878 3733 2936 3779 ut
2993 3735 3116 3777 eum
3155 3721 3508 3790 deprimeret,
3564 3722 3658 3778 sed

2081 3822 2252 3876 etiam
2283 3820 2402 3892 ejus
2428 3819 2502 3874 ita
2528 3817 2798 3883 meminit,
2831 3825 2890 3871 ut
2920 3831 3044 3872 eum
3078 3813 3386 3882 extolleret,
3421 3827 3486 3869 eo
3513 3814 3656 3884 quod

2079 3911 2196 3984 ipse
2224 3922 2418 3967 natura
2460 3907 2514 3966 id
2547 3909 2639 3976 sit,
2688 3908 2831 3980 quod
2872 3915 2999 3964 sunt
3028 3905 3440 3977 perfectissimae
3490 3905 3663 3977 hypo-

2079 4015 2274 4065 stases.
2298 4017 2437 4076 quas
2457 4002 2732 4075 signiﬁcat
2761 4014 2926 4056 unum
2957 4012 3174 4065 nomen,
3205 4014 3316 4070 quo
3348 3998 3463 4068 ipso
3491 3999 3658 4053 etiam

2081 4099 2318 4173 Spiritus
2372 4097 2536 4157 simul
2570 4113 2697 4156 cum
2732 4096 2838 4155 illis
2875 4095 3185 4154 nominatus
3213 4103 3331 4162 est,
3369 4107 3425 4152 et
3457 4095 3573 4166 pari
3604 4095 3661 4150 iu

2080 4193 2250 4263 gradu
2303 4191 2624 4259 collocatus,
2677 4199 2965 4266 propterea
3013 4188 3158 4258 quod
3211 4187 3263 4244 id
3305 4189 3376 4244 sit
3423 4188 3662 4266 Spiritus

2081 4293 2324 4352 sanctus,
2374 4284 2517 4356 quod
2549 4291 2633 4342 est
2676 4264 2962 4341 divinitate
3004 4279 3168 4336 Pater
3203 4289 3259 4335 et
3289 4264 3483 4336 Filius
3517 4278 3659 4352 ejus,

2078 4373 2402 4444 quibuscum
2466 4371 2626 4428 simul
2687 4379 3146 4429 commemoratus
3202 4369 3336 4438 fuit,
3396 4372 3660 4440 quemad-

2081 4463 2302 4520 modum
2333 4463 2418 4519 vel
2440 4479 2618 4528 caeco,
2655 4471 2714 4518 ttt
2751 4463 2923 4529 aiunt,
2965 4463 3127 4536 ιω
3171 4462 3512 4534 perspicuum
3553 4471 3658 4522 est.

391 4548 709 4623 ἠγάπησεν
738 4552 1042 4623 εὐθύτητας
1069 4553 1179 4608 ίδον
1203 4555 1253 4608 οἱ
1281 4554 1551 4626 ὀφθαλμοί
1583 4555 1751 4609 αὐτοῦ
1779 4573 1794 4588 ·
1832 4575 1849 4608 ι
1883 4557 1974 4611 καὶ

2085 4554 2192 4612 Sed
2225 4557 2328 4612 hoc
2355 4556 2575 4625 quidem
2617 4553 2810 4622 majori
2859 4555 3093 4624 quadarn
3136 4553 3380 4624 emphasi
3425 4549 3662 4622 Spiritus

390 4641 606 4713 ἔτεροςο
649 4661 667 4695 ι
691 4645 803 4698 Καὶ⁴
848 4645 1051 4711 πάντες
1084 4648 1133 4700 oi
1168 4646 1488 4719 ἡγιασμένοι
1524 4647 1629 4702 ὑπὸ
1655 4649 1755 4712 τὰς
1785 4649 1978 4720 χεῖράς

394 4749 508 4800 σου,
542 4737 636 4790 xui.
655 4737 762 4791 ὑπὸ
788 4738 848 4793 σέ
873 4741 1030 4794 εἰσιν.
1047 4759 1066 4792 ι
1102 4742 1212 4795 Καὶ
1237 4741 1314 4806 ὡς
1337 4742 1464 4796 ὅταν
1491 4741 1703 4807 Παῦλος
1731 4743 1979 4798 ἐπιστέλ-

391 4825 475 4896 λῃ.
508 4827 645 4899 πρὸς
681 4829 780 4899 μὲν
807 4829 1262 4899 Θεσσαλονικὲας·
1314 4854 1333 4886 ι
1358 4835 1530 4900 Αὐτὸς
1557 4834 1613 4888 δὲ
1651 4837 1680 4889 ό
1717 4836 1848 4900 Θεὸς
1879 4837 1978 4908 τῆς

391 4919 614 4990 είρήνης
661 4921 885 4988 ἁγιάσαι
930 4923 1074 4993 ὑμᾶς
1119 4924 1383 4990 ὁλοτελεῖς
1411 4943 1426 4957 ο
1454 4944 1472 4978 ι
1533 4925 1670 4996 πρὸς
1716 4926 1772 4979 δὲ
1841 4928 1974 4980 Ῥω-

395 5011 589 5080 μαίους
615 5027 626 5040 ⁸
662 5031 679 5063 ι
701 5012 834 5076 Θεὸς
861 5016 889 5066 ὁ
917 5014 1143 5069 δικαιῶν
1164 5033 1178 5046 ο
1200 5017 1283 5080 τίς
1311 5017 1340 5069 ό
1367 5016 1746 5086 κατακρίνωνς
1779 5035 1796 5064 ι
1841 5017 1976 5088 πρὸς

389 5100 445 5153 δὲ
483 5102 796 5173 Ἐϐραίους·
837 5124 855 5156 ι
883 5104 1056 5180 Ἵναῇ
1097 5109 1130 5178 ἡ
1166 5108 1435 5180 παρθένος
1478 5108 1610 5176 ἁγία
1640 5108 1851 5180 σώματι
1881 5109 1974 5162 καὶ

391 5191 742 5264 πνεύματιί
797 5196 871 5260 ὡς
927 5199 1297 5270 ἐγχωροῦντος
1342 5200 1459 5264 τοῦ,
1507 5201 1540 5270 ἢ
1591 5203 1713 5254 κατ’
1764 5203 1973 5254 οἰκείαν

388 5284 598 5356 τροπὴν
630 5284 705 5356 μὴ
735 5281 874 5340 εἶναι
903 5291 1071 5364 αὐτὴν
1114 5291 1298 5359 ἁγίαν,
1336 5291 1368 5363 ἢ
1416 5291 1536 5346 κατ’
1578 5293 1780 5365 ἀρετὴν
1813 5295 1969 5362 ἁγιά-

397 5440 576 5565 ,5ς592ὶ
633 5443 759 5499 Sed.
827 5445 842 5498 Ι
907 5448 1136 5510 Cotum,
1193 5447 1278 5500 Η.
1351 5449 1483 5502 Vide
1541 5457 1650 5502 not.
1707 5447 1800 5510 80,
1851 5464 1971 5518 pag.

463 5582 576 5651 (9'5)
618 5583 796 5638 Docet.
825 5583 984 5638 lieltr.
1019 5600 1096 5649 vr,
1130 5585 1184 5637 4.

463 5654 576 5724 (ῼξ)
603 5653 664 5724 In
688 5671 811 5724 quo.
847 5656 1042 5720 l'lpltes.
1073 5671 1110 5718 ι,
1141 5655 1227 5707 i5.

461 5722 575 5788 (95)
605 5722 962 5790 Baptizmues.
992 5725 1181 5778 Matth.
1210 5741 1399 5784 χιι-ιιι,
1434 5727 1513 5779 l9.

486 5792 578 5856 96)
609 5793 786 5848 l’uter.
828 5794 985 5847 Juan.
1026 5811 1158 5856 χιιι,
1187 5797 1272 5848 ll.

486 5863 578 5935 97)
629 5862 934 5932 Sanctiﬁca.
967 5861 1124 5920 Joau.
1165 5881 1296 5931 xm,
1331 5867 1410 5922 l7.
1469 5867 1523 5923 ln
1553 5870 1686 5925 libro
1717 5869 1790 5926 De
1832 5869 1972 5940 Spir.

2079 4646 2256 4702 sancti
2313 4646 2650 4702 divinitatem
2710 4645 2972 4702 declarat.
3023 4644 3224 4701 Verum
3281 4659 3388 4714 quo
3453 4643 3660 4699 facilius

2081 4739 2204 4808 quis
2228 4739 2436 4804 credat,
2474 4739 2647 4795 solius
2673 4739 2890 4794 deitatis
2919 4736 3196 4808 preprium
3236 4750 3379 4803 esse,
3416 4742 3477 4790 ut
3502 4750 3662 4792 voce-

2083 4841 2188 4896 tur,
2217 4841 2274 4887 et
2315 4831 2532 4886 sitcum
2565 4842 2751 4887 sancta
2791 4847 2858 4886 ει
2905 4829 3142 4885 essentia
3178 4842 3311 4892 sua,
3344 4836 3456 4882 tum
3492 4827 3656 4898 iusta,

2089 4935 2144 4979 et
2174 4923 2426 4995 proprias
2469 4935 2733 4994 prmterea
2767 4929 3048 4977 creaturas
3101 4919 3406 4976 sanetiiicet
3467 4934 3531 4973 ac
3573 4917 3661 4988 jn-

2085 5015 2321 5070 stilicet:
2358 5015 2554 5070 similia
2587 5015 2805 5070 afferam
2845 5013 3054 5081 elogia,
3090 5013 3285 5081 quibus
3327 5010 3488 5065 Pater
3531 5012 3656 5066 item

2087 5117 2144 5159 ut
2178 5106 2347 5162 Filius
2393 5107 2699 5161 celebratus
2727 5105 2848 5160 fuit.
2883 5106 2961 5158 Ac
2997 5105 3063 5158 de
3093 5101 3255 5158 Patre
3290 5103 3509 5171 quidem
3543 5102 3658 5170 ipse

2083 5197 2254 5252 Filius
2284 5198 2422 5266 apud
2453 5195 2712 5250 Joannem
2748 5198 2823 5250 ait
2856 5213 2870 5250 :
2903 5214 2921 5248 ι
2959 5195 3116 5250 Pater
3144 5194 3257 5263 (96)
3295 5204 3499 5259 sancte,
3544 5207 3659 5246 ser—

2083 5305 2145 5344 va
2172 5306 2266 5346 eos
2298 5289 2350 5344 in
2381 5289 2600 5345 nomine
2633 5301 2755 5357 tuo;
2788 5307 2806 5341 ι
2833 5300 2887 5347 ει
2918 5304 3108 5344 rursus
3141 5306 3154 5342 :
3185 5306 3204 5340 ι
3235 5287 3521 5342 Sanctifica
3545 5287 3658 5359 (97)

2083 5457 2287 5511 sancto,
2342 5462 2490 5500 num.
2532 5445 2620 5511 55,
2677 5444 2721 5500 si
2765 5442 2906 5514 edita
2967 5451 3271 5514 spectemus
3311 5444 3661 5513 exemplaria,

2083 5520 2357 5573 videbitur
2382 5518 2638 5588 Didymus
2667 5516 2826 5588 paulo
2855 5513 3014 5588 aliter
3038 5516 3238 5588 citasse
3269 5515 3413 5588 hunc
3442 5514 3616 5570 locum
3643 5535 3656 5568 :

2083 5591 2135 5642 in
2163 5589 2230 5643 iis
2259 5590 2400 5643 enim
2430 5583 2626 5656 legitur
2654 5583 2679 5640 εί
2708 5603 2727 5635 ι
2758 5584 2837 5656 Et,
2867 5583 3114 5656 Salvator
3144 5583 3219 5636 ait
3255 5602 3268 5637 :
3301 5602 3320 5636 ι
3358 5584 3516 5638 Pater
3537 5602 3662 5639 san-

2082 5670 2189 5720 cte.
2217 5655 2501 5714 sanctiﬁca’
2522 5671 2616 5711 eos
2645 5657 2696 5710 in
2730 5655 2978 5721 veritate,
3001 5655 3124 5724 quia
3161 5657 3381 5709 verbum
3409 5667 3555 5708 tunm
3580 5664 3664 5709 est

2083 5731 2307 5782 veritas.
2344 5747 2362 5780 ι
2401 5729 2685 5797 Perspicne
2735 5724 2920 5784 dicens
2953 5744 2966 5778 :
2997 5725 3052 5780 In
3077 5741 3162 5780 me
3288 5727 3565 5780 sanctilica
3599 5725 3665 5797 il-

2083 5799 2162 5852 lus
2195 5800 2318 5864 lide,
2343 5811 2394 5853 et
2422 5795 2698 5854 consortio
2723 5797 2848 5850 tnei.
2880 5815 2898 5847 ι
2935 5797 3004 5851 At
3035 5813 3119 5851 res
3149 5796 3304 5853 aliter
3330 5813 3388 5852 se
3415 5796 3658 5859 habebit,

2079 5871 2144 5935 si
2165 5868 2403 5928 codicem
2441 5881 2682 5928 nostrum
2714 5886 2814 5924 ms.
2849 5869 3213 5938 consulamus,
3236 5870 3328 5939 qui
3351 5869 3431 5925 sic
3459 5867 3657 5922 habet:
