4114 6418
265 394 370 450 533

1334 398 1419 451 DE
1459 399 1831 458 ΤΒΙΝΙΤΛΪΕ
1871 405 2078 461 LIBER
2115 408 2494 468 SECUNDUS.

3413 410 3514 464 534

261 510 408 563 ἐστιν
438 505 474 574 ἡ
511 507 758 578 βασιλεία
812 508 904 562 τοῦ
936 509 1071 562 Θεοῦ
1108 511 1308 583 βρῶσις
1345 515 1439 567 καὶ
1476 517 1664 581 πόσις,
1709 519 1843 572 ἀλλὰ

1947 531 2002 578 et
2040 539 2138 580 nos
2166 539 2231 580 ex
2260 540 2364 595 qua
2393 526 2481 580 die
2510 525 2835 593 audivimus,
2867 541 2972 582 non
3003 519 3276 582 cessamus
3305 541 3403 596 pro
3425 543 3519 584 vo-

264 599 598 671 δικαιοσύνη,
626 600 718 653 καὶ
733 601 949 672 εἰρήνη,
972 603 1067 655 καὶ
1083 605 1225 673 χαρὰ
1249 605 1306 657 ἐν
1328 606 1466 658 IIsz
1477 624 1606 676 ματι
1629 609 1789 680 ἁγίῳ.
1818 629 1836 662 ι

263 691 377 744 Οὐκ
427 689 588 742 ἔλαθε
631 689 676 743 δ’
708 691 832 744 οὐδὲ
868 691 1027 745 τοῦτο
1059 692 1153 744 καὶ
1183 693 1407 764 Πέτρον.
1443 696 1842 770 Ἀπολογούμε-

262 799 348 845 νος
377 781 489 852 γάρ
536 783 647 846 τοῖς
679 781 1028 852 αἰτιωμένοις
1072 782 1170 855 τὴν
1201 786 1510 856 συντυχίαν,
1556 787 1625 858 ἢν
1654 791 1842 861 ἐποιή-

261 887 392 923 σατο
416 870 555 940 πρὸς
576 871 898 942 Κορνήλιον,
921 870 1058 944 ἔφη·
1094 891 1110 923 t
1151 873 1212 927 Et
1238 872 1332 928 οὖν
1359 877 1458 948 τὴν
1490 878 1612 949 ἴσην
1633 879 1843 952 δωρεὰν

261 960 493 1015 δέδωκεν
528 960 712 1026 αὐτοῖς
745 963 774 1014 ὁ
810 962 964 1028 Θεὸς,
997 965 1297 1036 παρασχὼν
1326 967 1388 1023 τὸ
1417 968 1571 1036 ἅγιον
1599 970 1842 1042 Πνεῦμα,

258 1050 333 1115 ὡς
357 1052 453 1105 καὶ
484 1053 622 1123 ἡμῖν
643 1052 702 1106 ὲν
723 1052 901 1127 ἀρχῇ*
931 1054 1043 1122 ἐγὼ
1069 1055 1151 1120 τίς
1179 1057 1327 1128 ήμην
1349 1058 1574 1124 δυνατὸς
1602 1061 1844 1118 κωλῦσαι

258 1141 350 1195 τὸν
381 1141 549 1209 Θεόν;
588 1162 608 1195 ι
637 1143 746 1199 Καὶ
769 1143 962 1199 πάλιν
1003 1164 1030 1197 ι
1056 1146 1166 1206 Καὶ
1187 1149 1215 1200 ὁ
1243 1148 1682 1223 καρδιογνώστης
1712 1151 1845 1216 Θεὸς

258 1233 658 1312 ἐμαρτύρησεν.
694 1236 899 1301 αὐτοῖς,
956 1237 1079 1302 δοὺς
1130 1238 1192 1292 τὸ
1250 1240 1489 1312 Πνεῦμα.
1532 1241 1594 1295 τὸ
1651 1244 1837 1312 ἅγιον,

257 1326 444 1394 καθὼς,
469 1327 569 1384 καὶ
597 1328 883 1400 ἡμῖν’-και
900 1328 1052 1384 οὐδὲν
1077 1329 1345 1402 διέκρινεν
1371 1332 1576 1404 μεταξὺ
1608 1334 1763 1405 ήμῶν
1784 1352 1844 1392 τε

257 1419 350 1477 καὶ
374 1417 584 1484 αὐτῶν,
607 1422 676 1490 τῇ
697 1419 876 1473 πίστει
898 1419 1202 1492 καθαρίσας
1221 1422 1320 1486 τὰς
1345 1425 1572 1496 καρδίας
1593 1425 1792 1482 αὐτῶν.
1821 1446 1840 1479 ι

259 1509 417 1564 Τοῦτ’
460 1509 650 1564 ἔστιν·
698 1510 764 1563 Ἦ
809 1511 903 1564 τοῦ
942 1513 1100 1580 ἁγίου
1137 1513 1454 1586 Πνεῦματος
1495 1515 1739 1586 ἔκχυσις,
1770 1517 1846 1582 ὡς

257 1600 334 1656 ἄν,
363 1618 451 1666 τις
485 1601 655 1666 εἷποι,
689 1602 722 1672 ἡ
759 1601 1128 1672 ἀκατάσχετος
1161 1605 1256 1658 καὶ
1297 1604 1529 1676 ἄφθονος
1562 1607 1845 1678 ἐπιφοίτη-

263 1708 349 1756 σις
386 1692 584 1760 αὐτοῦ,
611 1692 761 1750 αἰτία
791 1694 1271 1767 προφητείας,,καῑ
1302 1695 1718 1767 ἀνακαινισμοῦ,
1751 1696 1846 1751 καὶ

1946 616 2026 670 bis
2091 626 2334 682 orantes,
2392 627 2448 672 et
2509 617 2846 688 postulantes
2904 628 2963 674 ut
3009 619 3336 690 impleamini
3377 620 3522 689 agni-

1947 707 2092 762 tione
2123 707 2416 764 voluntatis
2461 707 2602 778 ejus,
2641 709 2693 763 in
2742 710 2888 763 omni
2937 710 3198 778 sapientia
3259 719 3315 765 et
3359 709 3519 764 inte!-

1946 797 2169 868 ligentia
2226 799 2476 868 spiritali,
2504 799 2842 856 ambulantes
2875 800 3034 868 digne
3068 800 3318 866 Domino,
3353 819 3372 852 ι
3417 799 3518 854 hoc

1945 896 2050 954 est,
2083 907 2108 941 ι
2138 889 2298 959 digne
2338 890 2521 946 divino
2559 889 2784 960 Spiritu,
2819 909 2839 942 ι
2883 889 3044 962 165
3090 900 3148 944 ut
3175 890 3516 946 manilestmn

1945 987 2047 1033 est.
2090 978 2224 1034 Nam
2263 980 2428 1035 simul
2471 995 2594 1036 cum
2645 979 2851 1050 Spiritu
2898 981 2990 1036 Dei
3036 980 3260 1051 intelligi
3300 981 3520 1036 cmleste

1948 1071 2346 1128 interminatum
2383 1086 2628 1142 regnum,
2655 1082 2838 1144 utpote
2867 1071 2936 1127 ab
2964 1071 3082 1143 ipso
3118 1086 3225 1126 non
3255 1071 3517 1137 alienum,

1946 1173 2066 1214 cum
2099 1174 2163 1215 ea
2189 1175 2313 1230 qua:
2337 1160 2501 1218 habet
2547 1162 2703 1217 Pater
2747 1171 2798 1217 et
2829 1161 3019 1228 Filius,
3053 1162 3254 1217 habeat
3302 1169 3360 1215 et
3407 1162 3522 1231 ipse

1947 1249 2210 1321 Spiritus,
2252 1267 2441 1308 rursus
2476 1269 2571 1324 per
2597 1256 2845 1310 eamdem
2895 1251 3190 1322 Epistolam
3232 1252 3522 1308 conﬁrmat

1946 1342 2230 1398 scribens:
2263 1361 2281 1395 ι
2310 1341 2428 1398 Νοιι
2451 1353 2536 1398 est
2584 1343 2699 1414 (33)
2745 1345 2888 1400 enim
2938 1357 3162 1414 regnum
3199 1341 3294 1399 Dei
3342 1343 3519 1409 cibus,

1945 1441 2000 1486 et
2032 1441 2207 1503 potus,
2236 1433 2329 1488 sed
2356 1431 2592 1502 iustitia,
2621 1445 2676 1491 et
2717 1451 2844 1506 pax,
2871 1445 2926 1492 et
2954 1437 3204 1506 gaudium
3235 1435 3288 1490 in
3314 1435 3518 1506 Spiritu

1944 1534 2154 1577 sancto.
2193 1541 2212 1574 ι
2254 1523 2312 1579 ld
2343 1538 2469 1579 vero
2493 1540 2560 1580 ne
2582 1525 2800 1581 Petrum
2827 1527 3043 1596 quidem
3077 1523 3234 1581 latuit
3275 1543 3289 1580 :
3325 1541 3521 1596 expur-

1946 1628 2080 1683 gatis
2111 1613 2255 1669 enim
2302 1629 2364 1670 se
2411 1615 2518 1670 illis
2576 1616 2668 1686 qui
2713 1629 2838 1672 eum
2888 1616 3237 1682 accusabant,
3278 1617 3418 1685 quod
3465 1617 3518 1670 in

1947 1704 2392 1759 consuetudinem
2431 1704 2668 1760 Cornelii
2696 1720 2758 1762 se
2794 1705 3058 1768 dedisset,
3085 1705 3161 1760 ait
3192 1721 3208 1760 :
3245 1724 3266 1758 ι
3307 1705 3363 1761 Si
3389 1719 3521 1776 ergo

255 1782 534 1854 οὐρανίων
578 1782 818 1852 ἀγαθῶν,
853 1786 948 1838 καὶ
983 1785 1080 1838 τοῦ
1116 1789 1396 1843 κατανοεῖν
1433 1786 1494 1838 τὸ
1523 1786 1720 1850 κάλλος
1748 1786 1843 1856 τῆς

1953 1793 2066 1865 (54)
2105 1793 2365 1864 aqualem
2417 1796 2649 1866 gratiam
2700 1795 2854 1850 dedit.
2904 1793 3038 1864 ipsis
3092 1795 3234 1850 Deus
3277 1793 3519 1864 praebens

258 1871 451 1944 θεῖκῆς
479 1872 736 1944 ἀληθείας
759 1873 925 1928 ἐστίν.
965 1873 1052 1934 Ὠς
1080 1874 1187 1945 γὰρ
1214 1873 1292 1945 τῷ
1326 1875 1636 1946 ’Λποστὸλῳ
1665 1875 1842 1928 δοκεῖ’

1953 1886 2214 1956 Spiritum
2254 1898 2527 1954 sanctum,
2561 1887 2704 1943 sicut
2735 1895 2795 1943 et
2831 1885 2988 1942 nobis
3022 1886 3075 1940 in
3115 1885 3400 1957 principio,
3420 1900 3520 1954 ego

263 1981 282 2015 t
332 1962 392 2018 ὐ
422 1963 640 2036 καρπὸς
675 1963 769 2018 τοῦ
809 1964 1171 2034 Πνεῦματος,
1193 1965 1415 2034 ἀγάπη,
1447 1965 1613 2036 χαρὰ,
1648 1965 1840 2036 εἰρήνη

257 2055 432 2110 ἐστίν.
486 2075 506 2109 ι
547 2055 710 2110 Ὅθεν
755 2057 849 2112 κα)⁵
882 2057 1044 2111 πάλιν
1076 2057 1309 2128 γράφει·
1349 2075 1368 2109 ‹
1419 2057 1482 2110 Ἡ
1517 2055 1626 2128 γὰρ
1652 2057 1839 2128 ἀγάπη

255 2145 352 2203 τοῦ
384 2144 526 2198 Θεοῦ
554 2146 850 2223 ἐκκέχυται
882 2147 950 2203 ὲν,
969 2148 1090 2209 ταῖς
1119 2146 1370 2217 καρδίαις
1399 2145 1556 2217 ἡμῶν
1586 2149 1644 2201 ἐν
1673 2146 1842 2200 Πνεῦ-

257 2254 392 2307 ματι
432 2238 598 2309 ἁγίῳ.
631 2257 649 2291 ι
690 2238 837 2301 Μιᾶς
869 2236 1001 2306 γοῦν
1033 2236 1200 2308 οῦσης
1247 2237 1582 2308 ἀγαθότητος
1631 2237 1729 2308 τῆς
1784 2238 1856 2290 ὲν,

257 2328 410 2382 ὲνάδι
435 2328 687 2400 Τριάδος,
715 2327 910 2382 πολλαὶ
930 2331 1061 2400 ἡμῖν
1084 2329 1466 2386 άποτίκτονται
1484 2329 1838 2399 ἁγαθότητες⁶

255 2419 456 2490 ὥσπερ
489 2419 769 2490 ἀληθείας,
811 2419 907 2474 καὶ
944 2419 1326 2492 δικαιοσύνηςμ
1361 2419 1454 2476 καὶ
1489 2418 1677 2488 σοφίας
1715 2420 1844 2490 μιᾶς

252 2510 430 2583 οὖσης
456 2511 579 2581 (τῆς
609 2510 730 2570 ἄνω,
751 2511 916 2589 φημὶ)
956 2512 1110 2572 κατὰ
1124 2511 1206 2576 τὸ,
1239 2532 1257 2564 ‹
1285 2511 1520 2575 Δυνατὸς
1548 2508 1620 2577 εἴ,
1647 2511 1848 2582 Κύριε,

253 2603 355 2654 καὶ
387 2601 683 2673 ἡὰλήθειά
709 2621 803 2659 σου
834 2603 1018 2674 κύκλῳ
1051 2621 1144 2656 σου
1184 2623 1202 2655 ι
1241 2604 1398 2674 (ἥτις
1433 2602 1453 2673 [
1483 2603 1552 2656 71
1594 2601 1671 2674 α]ι
1696 2603 1843 2656 ἐστὶν

253 2695 282 2745 ὁ
347 2693 651 2762 μονογενὴς
703 2693 894 2762 Θεὸς),
948 2693 1042 2747 καὶ
1097 2692 1238 2746 κατὰ
1279 2691 1365 2757 τὸ,
1399 2709 1417 2744 t
1483 2677 1644 2762 Μόνῳ
1695 2690 1843 2762 σοφῷ

256 2781 376 2854 Θεῷ
413 2801 432 2833 ι
457 2825 472 2848 ,
541 2783 734 2836 πολλαὶ
769 2784 1130 2856 πληθύνονται
1163 2787 1295 2855 ἡμῖν
1331 2783 1539 2838 ἄνωθεν
1569 2783 1840 2855 ἀλήθειαι,

259 2874 351 2926 καὶ
387 2872 764 2938 δικαιοσύναι,
800 2876 894 2928 καὶ
929 2874 1150 2943 σοφίαι,
1177 2873 1319 2928 κατὰ
1368 2874 1458 2939 τὸ,
1496 2892 1515 2925 t
1564 2873 1844 2944 Ἀληθείας

1941 1978 2068 2048 quis
2091 1993 2242 2033 eram
2270 1979 2372 2048 qui-
2398 1993 2614 2048 possem
2667 1978 2956 2051 prohibere
2982 1969 3186 2033 Deum?
3220 1995 3252 2031 ιι
3284 1977 3350 2033 Ει
3395 1992 3518 2031 rur-

1941 2083 2077 2124 sus:
2121 2087 2140 2118 ι
2174 2067 2239 2123 Ει
2273 2069 2517 2123 cordium
2548 2068 2664 2140 ('55)
2695 2069 2942 2140 cognitor
2981 2069 3120 2128 Deus
3152 2067 3518 2124 testimonium

1946 2158 2130 2214 tribuit
2151 2159 2255 2226 eis,
2275 2161 2414 2215 dans
2443 2157 2704 2232 Spiritum
2725 2157 3149 2225 sanctum,sicut
3169 2165 3223 2212 et
3251 2157 3432 2221 nobis,
3466 2167 3522 2213 et

1943 2248 2076 2304 nihil
2107 2249 2364 2306 discrevit
2390 2249 2533 2305 inter
2553 2264 2675 2318 nos,
2689 2257 2744 2304 et
2774 2248 2913 2315 illos,
2937 2249 3039 2303 lide
3065 2245 3329 2301 mundana
3355 2246 3518 2300 corda

1942 2353 2149 2395 eorum.
2186 2358 2205 2391 ι
2240 2339 2298 2394 id
2331 2345 2446 2407 est,
2497 2338 2736 2409 Spiritus
2777 2338 2950 2394 sancti
2983 2334 3174 2393 ellusio
3207 2335 3342 2408 (36).
3370 2348 3516 2406 qua,

1946 2438 2004 2483 ut
2038 2428 2121 2485 sic
2156 2428 2370 2500 loquar,
2404 2429 2646 2484 coerceri
2681 2443 2787 2484 non
2813 2435 3020 2497 potest,
3043 2436 3097 2482 et
3133 2427 3348 2497 copiosa
3377 2428 3520 2482 illius

1943 2520 2516 2591 participatio,,alque
2570 2521 2854 2587 adventus,
2903 2519 3219 2590 prophetiae,
3252 2528 3308 2574 et
3362 2533 3525 2574 reno-

1943 2609 2200 2674 vaftonis,
2231 2618 2288 2663 et
2319 2608 2620 2665 crelestium
2645 2609 2906 2663 bonorqu
2930 2623 3091 2663 causa
3126 2617 3232 2672 est,
3255 2607 3522 2678 ellicitque

1945 2707 2004 2753 ut
2034 2698 2372 2768 pulchritudo
2406 2698 2602 2754 divinae
2635 2697 2882 2752 veritatis
2903 2698 3252 2768 percipiatur.
3276 2697 3352 2756 Ut
3373 2699 3519 2754 enim

1942 2787 2199 2854 A-postolo
2238 2788 2488 2843 videtur:
2521 2806 2540 2840 t
2577 2787 2808 2843 Fructus
2839 2787 2950 2858 (57)
2975 2787 3232 2856 Spiritus,
3257 2787 3519 2848 charitas.

1943 2873 2224 2942 gaudium,
2262 2887 2366 2943 pax
2398 2884 2506 2928 est.
2546 2892 2566 2927 ι
2596 2873 2749 2929 Unde
2777 2885 2831 2929 et
2855 2889 3043 2930 rursus
3070 2876 3262 2931 scribit
3289 2893 3304 2930 :
3339 2895 3367 2928 ι
3389 2877 3522 2931 ειη.

259 2965 481 3035 ὲκζητεῖ
528 2966 769 3038 Κύριος·
813 2986 831 3019 ι
886 2967 1000 3032 καὶ,
1043 2986 1062 3018 t
1107 2967 1325 3031 Δίκαιος
1369 2967 1594 3038 Κύριος,
1627 2967 1722 3020 καὶ
1765 2967 1843 3020 δι·-

1947 2963 2081 3018 ritas
2106 2963 2219 3034 (38)
2239 2965 2382 3019 enim
2416 2964 2506 3019 Dei
2530 2964 2720 3019 diﬂusa
2743 2966 2897 3020 estin
2915 2966 3177 3022 cordibus
3193 2967 3392 3021 nostris
3408 2967 3521 3038 (39)

259 3055 558 3121 καιοσύνας
620 3057 875 3129 ἠγάπησε
895 3075 910 3088 ·
952 3076 970 3108 ›
1002 3056 1116 3122 καὶ,
1146 3074 1166 3108 ι
1201 3055 1412 3127 Πλῆθος
1443 3055 1645 3126 σοφῶν,
1677 3073 1843 3128 σωτη-

1947 3053 2002 3106 ἰιι
2050 3053 2256 3123 Spiritu
2292 3064 2504 3111 sancto.
2551 3073 2571 3108 ι
2609 3055 2744 3111 Cum
2776 3071 2904 3128 ergo
2925 3056 3206 3113 Trinitatis
3238 3057 3292 3112 in
3317 3058 3524 3112 unitate

261 3146 354 3214 ρία
384 3146 599 3218 κόσμου
619 3165 632 3178 ·
671 3167 703 3202 t.
724 3148 841 3211 καὶ,
875 3165 894 3200 t
928 3147 1414 3219 Συμπορευόμενος
1449 3149 1653 3216 σοφοῖς,
1685 3146 1843 3217 σοφὸς

1949 3144 2269 3200 cxsistentis
2311 3161 2416 3200 una
2452 3145 2524 3200 sit
2550 3146 2793 3214 bonitas,
2827 3148 3011 3202 multa:
3041 3154 3221 3204 tmen
3260 3148 3416 3204 nobis
3443 3149 3524 3218 gi-

258 3205 376 3310 ὲσῃ.
416 3258 441 3292 a
477 3205 656 3308 έαφὲς
682 3235 794 3299 οὖν.
826 3205 902 3303 ib;
927 3239 988 3291 τὸ
1008 3205 1361 3310 ᾖνεῦμαιτοῦ
1389 3205 1546 3305 ὀεοῦ,
1568 3205 1839 3311 tibvrti-9:

1949 3245 2186 3306 gnuntur
2218 3236 2492 3294 bonitates
2534 3255 2562 3294 :.
2590 3239 2739 3294 sicut
2781 3255 2904 3295 eum
2955 3240 3176 3310 veritas,
3204 3250 3260 3296 et
3289 3205 3522 3310 iustitia,

269 3328 346 3392 ξει
379 3331 542 3400 αὐτῇ,
594 3331 820 3402 Πνεῦμα
851 3331 1076 3399 ἀγαθὸν,
1113 3331 1204 3385 καὶ
1236 3331 1462 3402 Πνεῦμα
1511 3331 1703 3399 σοφίας
1750 3330 1843 3383 καὶ

1947 3335 1999 3381 ει
2026 3327 2292 3398 sapientia
2318 3343 2422 3383 una
2445 3329 2518 3385 sit
2547 3329 2761 3402 (loquor
2784 3342 2966 3388 autem
2993 3333 3060 3390 de
3082 3332 3340 3405 cmlesti),
3365 3335 3534 3406 juxta

265 3418 542 3490 ἀληθείας,
589 3422 684 3474 καὶ
732 3421 958 3492 Πνεῦμα
1000 3420 1095 3474 τοῦ
1131 3422 1364 3494 ἀοράτου
1412 3423 1504 3474 καὶ
1550 3419 1843 3481 ἀσυνθέτου

1947 3417 2074 3473 illud
2117 3437 2133 3475 :
2193 3437 2212 3472 ι
2251 3417 2452 3476 Potens
2493 3421 2609 3494 (40)
2669 3438 2750 3488 es,
2809 3425 3054 3491 Domine,
3107 3433 3163 3480 et
3195 3425 3394 3481 veritas
3435 3434 3523 3480 tua

265 3508 397 3563 Θεοῦ
431 3511 526 3564 καὶ
553 3511 768 3582 Πατρὺς
805 3511 1164 3583 καθέστηκεν.

1947 3508 2089 3578 (qua:
2131 3519 2216 3566 est
2275 3511 2588 3582 unigenitus
2643 3513 2807 3585 Dens)
2857 3517 2908 3570 in
2966 3515 3194 3572 circuitu
3247 3525 3359 3583 tuo,
3409 3535 3429 3570 ι
3468 3529 3527 3572 ει

268 3599 416 3666 juxta
449 3602 576 3656 illud
610 3620 626 3657 :
658 3620 677 3654 t
709 3601 817 3656 Soli
845 3601 958 3671 (41)
995 3602 1221 3672 sapienti
1255 3601 1394 3668 Deo;
1449 3621 1466 3653 ι
1505 3599 1684 3656 multae
1727 3607 1903 3654 taincn
1945 3598 2103 3654 nobis
2143 3599 2372 3671 desuper
2410 3611 2557 3669 sunt,
2593 3617 2657 3658 ac
2698 3603 3121 3674 multiplicantur
3154 3607 3431 3672 veritates,
3467 3616 3526 3660 et

271 3688 517 3756 justitiaa,
576 3700 631 3746 et
652 3694 947 3762 sapientiae,
981 3692 1138 3767 165
1164 3692 1317 3762 juxta
1351 3693 1480 3746 illud
1512 3711 1526 3748 :
1568 3709 1587 3743 ι
1621 3690 1884 3745 \‘eritatcs
1924 3687 2036 3760 (42)
2070 3689 2302 3760 exquirit
2363 3691 2651 3758 Dominus;
2697 3711 2728 3744 ι.
2762 3701 2855 3748 et:
2903 3710 2923 3744 t
2953 3691 3137 3748 Justus
3172 3692 3285 3764 (43)
3339 3692 3525 3748 Domi-

271 3795 400 3848 nus,
463 3781 779 3852 etjustitias
807 3785 1031 3849 dilexit;
1063 3791 1212 3838 ret:
1252 3802 1270 3834 ι
1305 3783 1591 3840 Multitudo
1641 3781 1754 3853 (44)
1799 3781 2144 3852 sapientium,
2204 3781 2352 3839 salus
2417 3781 2636 3847 mundi;
2677 3801 2695 3835 ι
2731 3791 2828 3838 et:
2879 3799 2900 3834 ι
2937 3782 3234 3840 Ambulans
3261 3784 3374 3858 (15)
3396 3801 3520 3842 cum

343 3985 459 4057 (55)
502 3985 627 4040 Non
648 3997 769 4057 _eat.
809 3985 932 4042 Non
978 3983 1042 4057 in_
1061 3982 1232 4055 Epist.
1263 3983 1330 4040 ad
1373 3985 1581 4043 Coloss.
1614 3987 1730 4042 hanc
1764 3985 1840 4042 le-

273 4055 496 4121 guntur,
526 4057 618 4109 sed
647 4055 807 4109 Rom.
835 4072 946 4120 xiv,
977 4055 1066 4108 17.

344 4125 458 4192 (54)
501 4125 560 4179 Si
594 4143 737 4196 ergo.
768 4126 890 4178 Act.
931 4138 1007 4196 ιι,
1037 4124 1124 4178 17.
1159 4123 1359 4196 verba,
1394 4144 1411 4176 ι
1443 4126 1690 4196 praebens
1711 4124 1842 4196 Spi-

277 4194 436 4264 ritum
467 4194 738 4261 sanctum,
775 4213 794 4247 ι
828 4205 882 4247 ει
912 4212 946 4246 ι’
969 4195 1020 4248 in
1049 4194 1336 4263 principio,
1375 4213 1394 4246 ›
1425 4194 1572 4249 addit
1602 4195 1842 4264 explica-

277 4263 438 4334 tionis
466 4280 628 4320 causa
647 4304 664 4328 ,
709 4280 772 4318 ex
803 4263 908 4326 bis,
939 4279 1061 4334 qua:
1088 4265 1296 4334 duobus
1325 4266 1572 4334 proxime
1599 4263 1844 4334 superio-

275 4333 416 4388 ribus
444 4335 747 4398 versiculis,
797 4334 860 4388 15
887 4342 944 4388 ει
969 4332 1054 4400 16,
1085 4333 1355 4402 leguntur.
1390 4332 1698 4403 Eademque
1729 4333 1842 4403 ipsa

271 4405 635 4474 additamenta
680 4403 997 4474 observabis
1039 4399 1068 4474 ἐι
1124 4399 1350 4474 Didymo
1397 4403 1536 4474 facta
1579 4399 1763 4474 ciiam'
1791 4405 1843 4457 in

268 4471 706 4556 tibrqueuSpir.
832 4489 980 4556 num.
1013 4473 1102 4537 11,
1156 4471 1244 4556 ubi
1296 4473 1439 4556 hunc
1486 4473 1660 4528 locum
1685 4473 1844 4556 citat.
1881 4501 1922 4556 Β

268 4542 415 4612 Quod
447 4543 492 4596 si
521 4542 590 4596 ibi
628 4559 730 4598 non
763 4544 977 4612 legitur,
1013 4560 1032 4593 ‹
1065 4543 1350 4612 prohibere
1378 4544 1566 4607 Deum,
1598 4561 1616 4594 ι
1646 4551 1702 4597 ιιι
1729 4544 1834 4608 hic,

266 4611 355 4665 sed
410 4631 431 4664 ι
466 4613 752 4681 prohibere
800 4611 1120 4676 Dominum,
1153 4629 1173 4665 ι
1229 4612 1360 4667 nihil
1399 4621 1450 4667 te
1490 4623 1704 4667 moveat
1735 4614 1837 4666 ista

267 4682 503 4751 varietas
533 4699 546 4735 :
592 4698 716 4735 nam
757 4686 924 4738 codex
961 4689 1146 4737 noster
1175 4697 1278 4738 ms.
1318 4682 1396 4738 ibi
1433 4683 1616 4747 habet,
1651 4699 1670 4734 ι
1716 4696 1840 4751 pro-

267 4747 456 4806 bibere
484 4752 676 4807 Deum.
716 4770 734 4804 ι

336 4820 454 4892 (55)
475 4822 540 4874 Et
563 4823 824 4876 cordium.
839 4821 962 4874 Act.
977 4836 1067 4886 xv,
1093 4819 1126 4874 8
1143 4819 1260 4876 et9.
1279 4820 1463 4876 Graeca
1478 4820 1562 4874 ed.
1580 4821 1661 4892 bis
1679 4821 1842 4875 habet

266 4891 474 4955 vocem,
499 4892 702 4957 αὐτοῖς,
739 4906 933 4958 nempe
977 4891 1156 4954 habet,
1189 4893 1377 4945 rdans
1405 4892 1536 4960 ipsis
1574 4891 1837 4959 Spiritum

267 4969 539 5015 Sanctum.
583 4980 602 5014 ι
635 4963 739 5016 Sed
761 4961 1019 5032 Didymus
1043 4962 1230 5032 eodem
1260 4960 1419 5032 plane
1462 4961 1619 5016 modo
1668 4962 1839 5032 loc-mn

267 5033 445 5083 atlnl.t
469 5047 589 5084 cum
620 5032 728 5096 hic,
759 5029 943 5084 tum'in
969 5031 1154 5084 lib.De
1174 5029 1319 5096 Spir.
1340 5041 1544 5095 sancto,
1570 5047 1717 5084 num.
1749 5030 1837 5082 11.

335 5099 451 5170 (56)
493 5099 722 5170 ΕΙῙαδὶο,
756 5109 862 5154 etc.
891 5101 946 5153 In
975 5100 1068 5153 lib.
1090 5099 1170 5170 De
1185 5101 1325 5168 Spir.
1344 5099 1402 5153 S.
1421 5115 1567 5153 num.
1593 5101 1677 5164 11,
1711 5118 1728 5150 ι
1762 5100 1842 5151 liii

271 5167 405 5229 fusio
433 5167 634 5240 quippe
662 5171 897 5240 Spiritus
929 5169 1146 5239 (inquit)
1172 5167 1335 5224 causa
1365 5171 1574 5224 exsistit
1609 5173 1836 5240 prophe-

273 5243 438 5304 laudi,
467 5253 525 5295 et
561 5241 782 5296 videndi
818 5255 1038 5294 sensum
1077 5240 1645 5308 pulcln-itudinetnque
1697 5241 1842 5294 veri-

269 5310 409 5363 tatis.
447 5329 467 5362 ι

337 5379 448 5448 (57)
495 5377 746 5434 Fructus.
802 5377 977 5434 Galat.
1013 5395 1061 5432 ν.
1111 5379 1202 5434 22.
1257 5379 1310 5432 lu
1345 5378 1580 5433 libroDc
1611 5376 1750 5446 Spir.
1781 5378 1842 5432 δ.

270 5457 417 5502 nunt.
451 5451 517 5503 l7
567 5451 710 5504 edita
740 5449 1074 5517 exemplaria
1126 5452 1372 5503 ordinem
1412 5449 1698 5503 verborum
1747 5449 1844 5500 ali-

270 5520 584 5581 qnautulutu
633 5521 965 5574 immutaut:
1018 5519 1223 5572 habent
1251 5519 1394 5571 enim
1431 5535 1444 5572 :
1492 5537 1510 5569 ι
1545 5519 1796 5585 gaudium
1827 5559 1840 5577 .

273 5599 390 5651 pax,
437 5590 698 5643 charitas.
755 5607 775 5640 ι
818 5588 924 5643 Sed
970 5603 1185 5644 omnem
1234 5590 1652 5654 discrepantiam
1708 5589 1844 5642 tollit

269 5659 434 5727 codex
466 5671 651 5714 noster
694 5675 821 5723 ms.,
866 5659 954 5727 qui
988 5659 1144 5713 habet
1180 5658 1249 5712 ibi
1281 5676 1293 5709 :
1332 5677 1350 5708 ι
1388 5657 1638 5711 Charitas
1663 5699 1678 5721 ,
1710 5674 1842 5724 gau-

273 5724 436 5793 dium,
488 5744 636 5797 pax:
678 5747 697 5780 ι
740 5744 848 5798 quo
888 5724 1056 5782 modo
1101 5728 1228 5796 legit
1280 5729 1534 5797 Didymus
1576 5729 1742 5782 etiam
1792 5729 1842 5784 in

276 5796 676 5856 commentariis
711 5796 772 5854 iit
808 5796 1083 5871 Psalmq‘s,
1117 5802 1182 5852 ad
1212 5796 1474 5868 psalmum
1507 5813 1672 5864 Ltmt,
1720 5813 1838 5870 pag.

1944 3983 2050 4040 539
2082 3992 2286 4038 catena“:
2317 3981 2678 4039 Corderianm.

2017 4053 2132 4124 ('58)
2189 4051 2454 4124 Chqritas.
2507 4051 2664 4107 Rom.
2709 4068 2762 4118 ν,
2816 4053 2868 4107 5.
2918 4051 3105 4108 Grmcu
3149 4054 3314 4109 editio
3361 4055 3525 4112 habet

1950 4121 2076 4187 non,
2113 4121 2137 4174 ἐ
2185 4123 2237 4176 in
2276 4121 2494 4193 Spiritu
2522 4133 2709 4176 sancto
2737 4163 2752 4189 ,
2818 4142 2847 4176 »ι
2887 4125 3000 4188 sed,
3053 4141 3073 4175 ο
3125 4140 3221 4193 per
3260 4125 3523 4193 Spiritum

1948 4204 2217 4274 sanctum.
2253 4212 2272 4246 ι
2305 4193 2444 4274 Quin
2481 4192 2736 4274 Didymus
2761 4194 2872 4262 ipse
2897 4193 3076 4274 locum
3107 4192 3249 4249 hunc
3275 4192 3327 4246 in
3353 4195 3524 4274 tribus

1951 4264 2071 4335 aliis
2105 4261 2634 4335 hujnsoperislocis
2657 4261 2936 4335 aﬂ'erens_(
2955 4279 3145 4335 nempe
3167 4279 3340 4335 segm.
3368 4263 3440 4318 25
3467 4281 3522 4330 a,

1956 4331 2022 4403 98
2051 4350 2102 4398 a,
2133 4342 2187 4385 et
2221 4331 2324 4388 ‘200
2346 4331 2444 4403 ὁ)
2474 4331 2633 4401 legit,
2676 4350 2694 4403 ς
2737 4345 2832 4402 per
2876 4331 3134 4403 Spiritum
3182 4331 3451 4390 salictum.
3499 4353 3518 4386 ι

1958 4400 2154 4472 Verum
2179 4403 2366 4456 eadem
2397 4400 2554 4472 plane
2585 4400 2817 4456 verieias
2842 4400 3076 4458 occurrit
3104 4404 3266 4458 etiam
3300 4403 3365 4456 in.
3385 4403 3525 4457 libro

1957 4470 2028 4525 De
2046 4471 2191 4540 Spir.
2219 4480 2399 4525 sancto
2421 4487 2440 4524 :
2461 4470 2584 4524 nam
2604 4487 2752 4524 num.
2785 4473 2874 4532 1.·1,
2905 4471 2990 4529 bis
3012 4475 3154 4529 hunc
3186 4473 3362 4529 locum
3393 4472 3527 4527 alle-

1951 4539 2105 4607 gans,
2155 4539 2408 4610 dictavit,
2471 4559 2489 4592 t
2535 4555 2631 4610 per
2684 4540 2943 4608 Spiritum
2995 4554 3237 4599 sanctum
3267 4559 3282 4598 :
3317 4561 3336 4596 ι
3373 4559 3520 4598 num.

1948 4620 2125 4680 autem
2157 4610 2231 4680 11
2247 4609 2485 4671 dictavit,
2517 4609 2547 4661 ί
2574 4611 2625 4663 in
2661 4611 2862 4680 Spiritu
2894 4623 3102 4668 sancto.
3131 4633 3149 4665 ι

2023 4679 2136 4750 ('59)
2179 4677 2415 4750 Nostris.
2463 4677 2902 4750 Quotiescunque
2949 4685 3000 4736 in
3031 4683 3131 4738 hoc
3163 4696 3324 4750 opere
3353 4689 3522 4736 totum

1949 4749 2107 4804 istum
2137 4749 2462 4820 versiculum
2507 4750 2733 4819 profert,
2770 4749 2937 4820 legit:
2984 4771 3002 4804 t
3047 4753 3100 4806 in
3150 4749 3403 4806 cordibus
3435 4767 3524 4805 no-

1947 4821 2077 4874 stris
2103 4818 2482 4889 perSpiriturn
2501 4818 2773 4880 sanctum.
2797 4818 2886 4889 qui
2910 4821 3066 4876 datus
3086 4831 3170 4875 est
3199 4821 3374 4876 nobis.
3411 4839 3430 4872 ι
3457 4822 3524 4874 At

1947 4891 2002 4942 in
2031 4887 2167 4943 libro
2191 4887 2269 4942 De
2297 4887 2437 4956 Spir.
2456 4888 2518 4944 S.
2539 4904 2688 4944 nmn.
2719 4890 2781 4945 11
2816 4887 2871 4944 et
2899 4891 2986 4955 17,
3005 4890 3170 4944 editio
3201 4890 3524 4946 Veronensis

1951 4959 2134 5022 habet,
2165 4977 2183 5009 ι
2213 4960 2264 5012 in
2293 4959 2548 5014 cordibus
2569 4961 2831 5016 vestris...
2861 4961 2951 5029 qui
2989 4961 3148 5014 datus
3178 4969 3263 5015 est
3289 4960 3458 5015 vobis.
3498 4976 3518 5009 ι

1949 5029 2127 5099 Codex
2160 5043 2299 5083 vero.
2319 5038 2504 5099 noster
2535 5044 2638 5082 ms.
2669 5031 2844 5098 primo
2874 5030 3093 5099 quidem
3124 5030 3178 5083 in
3213 5031 3328 5084 loco
3347 5030 3522 5099 habet

1951 5098 2137 5163 semel,
2177 5116 2202 5148 ι.
2229 5098 2440 5156 vestris.
2473 5117 2494 5149 ι
2525 5107 2581 5152 ει
2617 5117 2635 5150 ‹
2670 5099 2820 5153 vobis
2848 5116 2860 5151 :
2893 5098 2918 5152 ἰ
2953 5101 3046 5156 sed
3071 5099 3280 5154 duobus
3309 5098 3432 5151 aliis
3471 5100 3520 5150 in

1953 5168 2082 5221 locis
2111 5184 2214 5221 non
2243 5167 2496 5223 dissentit
2519 5183 2547 5222 a
2573 5167 2803 5224 lectione
2823 5167 3021 5223 Graeca:
3041 5168 3312 5224 editionis.
3341 5169 3524 5236 Itaque

1952 5246 2081 5306 puto
2111 5237 2307 5306 ubique
2341 5237 2618 5307 legendum
2645 5253 2803 5294 esse:
2841 5255 2861 5290 ι
2899 5239 2952 5293 in
2977 5239 3228 5295 cordibus
3250 5239 3520 5296 nosu-is...

1951 5307 2040 5376 qui
2065 5308 2223 5376 datus
2243 5316 2326 5362 est
2353 5309 2525 5376 nobis.
2569 5324 2587 5359 ι

2017 5375 2133 5446 (40)
2177 5375 2391 5431 Potens.
2434 5375 2573 5432 Psal.
2607 5393 2874 5444 Lxxxvtn,
2903 5394 3044 5434 vers.
3073 5378 3124 5434 0.

2024 5446 2135 5516 (41)
2175 5447 2306 5500 Soli.
2347 5447 2368 5498 l
2399 5446 2539 5500 Tim.
2567 5464 2607 5513 t,
2646 5447 2734 5511 17,
2765 5458 2818 5502 ει
2849 5449 3006 5503 llam.
3035 5464 3143 5511 xvi,
3179 5447 3269 5504 27.

2021 5516 2136 5588 (42)
2183 5516 2476 5588 γει-ἰιιιιεε.⁸
2501 5516 2644 5571 ΡεςιΙ.
2675 5533 2805 5579 xxx,
2847 5533 2984 5574 vers.
3015 5519 3077 5572 51
3111 5519 3229 5588 (seu
3257 5519 3368 5587 24).

2023 5585 2378 5710 (ῶὲϐιςιιιιιιε.
2457 5585 2600 5640 Psal.
2651 5602 2708 5654 ι,
2773 5602 2920 5642 vers.
2968 5589 3022 5642 8.
3111 5585 3238 5644 “de
3286 5585 3397 5646 nut.
3468 5591 3524 5658 1,

2023 5675 2073 5710 ιι.
2216 5695 2231 5710 .
3463 5703 3468 5708 .

1969 5675 2073 5712 ιειιι.
2110 5660 2231 5711 Mil.

1953 5675 2073 5728 pag.
2110 5675 2231 5711 tot.

2023 5728 2137 5797 (Η)
2182 5725 2490 5779 Multitudo.
2526 5725 2653 5794 Sap.
2687 5741 2760 5790 vt,
2798 5725 2888 5780 26.

2025 5798 2138 5870 (13)
2175 5797 2482 5851 Ambultms.
2539 5797 2694 5852 l’rov.
2755 5812 2843 5862 XI,
2892 5797 2951 5852 21
3007 5796 3134 5871 (seu
3179 5800 3247 5855 90
3365 5801 3525 5858 Come
