4114 6426
590 418 700 474 tm
1829 363 2066 464 mum
2104 404 2577 462 ALEXANDRINI
3748 398 3860 458 ste

592 535 920 605 bismetipsis
952 533 1284 588 adversetur.
1333 528 1486 596 Quod
1535 538 1711 585 autem
1758 528 2168 598 Spiritussan-

2290 527 2329 579 τὸ
2361 525 2457 579 τοῦ
2492 523 2626 578 Θεοῦ
2660 524 2906 595 Πνεῦμα,
2941 522 3016 588 ὡς
3042 521 3226 594 ἔχουσι
3266 519 3556 590 συνηθείας
3621 521 3672 574 oi
3709 521 3862 588 ἅγιοι

593 639 712 686 ctus
744 626 959 697 hymnis
987 623 1155 678 Deum
1186 638 1290 676 non
1315 621 1573 686 celebret,
1611 620 1736 689 quia
1772 634 1874 672 non
1905 628 1988 673 est
2015 633 2166 673 crea-

2290 615 2612 685 ;ξονομάσαι.
2637 614 2700 666 Εἰ
2729 613 2860 683 γὰρ,
2887 614 2965 676 ὡς
3001 614 3166 681 φασὶν
3195 612 3484 683 αἱρετικοὶ,
3517 610 3693 682 μέσης
3719 610 3861 665 Θεοῦ

597 731 736 785 tura,
767 718 858 772 sed
880 722 934 771 et
953 714 1068 783 ipse
1093 713 1522 776 concelebretur,
1547 709 1670 778 quia
1697 707 1788 763 Dei
1812 706 2044 777 Spiritus
2061 716 2165 772 est,

2290 707 2362 761 tati.
2393 706 2641 775 ἀγγέλων
2679 705 2893 776 φύσεώς
2916 707 3058 769 ἐστι,
3119 705 3213 759 καὶ
3245 702 3571 774 τιμιώτερον
3592 702 3688 756 καὶ
3715 703 3861 756 ἀνω-

598 809 751 864 iacile
787 805 1132 878 cognoscitur
1172 813 1282 858 tum
1315 817 1384 857 ex
1428 815 1493 857 eo
1513 801 1654 870 quod
1687 800 1738 854 in
1775 797 1966 869 aequali
1999 797 2167 869 gradu

2290 798 2414 870 τέρω
2454 798 2670 852 πάντων
2689 814 2704 830 ο
2735 797 2864 862 ἔδει,
2895 797 3084 868 ἐπειδὴ
3122 795 3358 868 μάλιστα
3390 794 3450 848 ἓν
3479 793 3706 865 ὲστιν,ἢ
3737 791 3861 846 καθ’

597 917 718 957 cum
751 902 861 956 Deo
893 899 1208 962 collocetur,
1247 906 1356 951 tum
1397 910 1464 952 ex
1497 910 1563 952 eo
1591 894 1734 966 quod
1765 901 1879 950 tres
1909 893 2080 964 pueri,
2115 899 2171 945 et

2290 888 2440 943 ἑαυτὸ
2467 886 2982 960 παρακελεύσασθαι
3026 885 3158 942 αὐτὸ
3197 886 3474 956 ἀνυμνεῖν,
3502 884 3536 955 ἢ
3573 883 3679 938 κᾶν
3713 883 3868 955 πρῶ-

597 1006 753 1047 sacer
784 990 989 1046 Psaltes
1019 1003 1234 1044 omnem
1261 995 1567 1043 creaturam
1600 984 1914 1041 nominatim
1941 983 2170 1055 hymnos

2290 998 2368 1035 ιον
2393 981 2526 1036 αὐτὸ
2556 978 2844 1052 ὀνομάσαι,
2883 981 2979 1035 καὶ
3013 977 3164 1050 αὐτῷ
3183 979 3253 1032 τὰ
3280 978 3414 1033 ἄλλα
3462 976 3694 1046 γενικῶς
3733 991 3864 1027 συν-

599 1083 710 1138 Deo
736 1095 928 1137 canere
947 1080 1153 1152 jubent,
1185 1093 1288 1134 non
1313 1085 1490 1132 tamen
1515 1074 1774 1146 Spiritum
1801 1073 1918 1140 Dei,
1941 1081 2000 1128 ut
2024 1071 2172 1129 illum

2290 1070 2572 1126 ιναλαϐεἴν
2593 1087 2608 1102 ·
2647 1071 2710 1126 οὐ
2761 1069 2890 1142 μὴν,
2917 1071 2994 1134 ὡς
3027 1069 3271 1133 αὐθαδῶς
3307 1067 3604 1134 εἰκάζουσι,
3641 1065 3704 1120 τὸ
3733 1064 3867 1120 ἀνά-

602 1177 773 1233 sancti
809 1175 886 1247 (5)
921 1173 1198 1231 nominare
1236 1178 1654 1228 consueverunt.
1693 1167 1750 1223 Si
1795 1166 1940 1222 enim
1974 1172 2086 1232 est,
2115 1172 2176 1218 ut
2281 1162 2466 1218 παλιν.

603 1270 790 1327 dicunt
815 1270 1073 1336 haeretici,
1097 1277 1299 1323 natura
1330 1266 1471 1322 inter
1504 1263 1673 1321 Deum
1722 1270 1776 1318 et
1800 1260 2022 1332 angelos
2043 1257 2254 1322 mediae,
2297 1268 2352 1313 et
2377 1258 2724 1329 praestantior
2758 1258 3008 1314 ornatibus
3041 1265 3205 1329 atque
3234 1255 3521 1321 excelsior,
3560 1254 3863 1325 oportebat,

604 1381 726 1422 cum
757 1364 1052 1436 praesertim
1090 1363 1161 1419 sit
1187 1377 1343 1429 unus,
1378 1368 1471 1416 aut
1506 1358 1582 1415 illi
1615 1357 1826 1428 jubere,
1870 1364 1928 1410 ut
1960 1362 2134 1410 semet
2173 1353 2288 1423 ipse
2327 1368 2423 1423 per
2451 1353 2690 1423 seipsum
2733 1354 2947 1425 hymnis
2971 1353 3292 1419 celebraret,
3338 1359 3430 1406 aut
3461 1350 3651 1406 saltem
3690 1348 3866 1417 primo

609 1458 756 1512 illum
790 1456 1086 1522 nominare,
1121 1453 1232 1509 tum
1273 1452 1407 1507 alias
1444 1463 1567 1506 cum
1607 1449 1725 1520 ipso
1770 1454 2050 1504 creaturas
2078 1443 2377 1517 generatim
2411 1459 2686 1501 assumere
2722 1459 2738 1499 :
2775 1462 2881 1501 non
2923 1461 3053 1501 vero
3081 1455 3290 1510 contra,
3320 1453 3378 1498 ut
3417 1443 3508 1499 isti
3549 1442 3869 1512 arroganter

609 1552 874 1608 blaterant
897 1561 1056 1620 atque
1079 1547 1577 1606 comminiscuntur.

692 1645 834 1703 XIX.
864 1646 1124 1702 Creatura
1154 1659 1257 1700 non
1282 1648 1702 1700 connumeratur
1729 1653 1850 1693 cum
1871 1638 2001 1694 Deo.
2049 1635 2178 1704 Quae

2355 1633 2457 1687 10'.
2495 1633 2560 1685 Ἦ
2591 1629 2766 1695 κτίσις
2811 1629 2873 1683 οὐ
2932 1623 3346 1699 συναριθμεῖται
3391 1622 3482 1698 [78
3513 1642 3542 1677 η
3570 1622 3592 1695 ]
3619 1621 3696 1694 τῷ
3722 1621 3866 1693 Θεῷ.

611 1739 753 1793 enim
790 1738 1135 1793 deeremento
1167 1734 1402 1791 obnoxia
1428 1725 1700 1802 est,‘quid
1747 1743 2036 1785 commune
2084 1729 2179 1782 ha-

2290 1724 2350 1778 Τί
2387 1723 2496 1794 γὰρ
2532 1722 2626 1775 καὶ
2655 1719 2832 1775 κοινὸν
2851 1721 2919 1798 τῇ
2953 1717 3085 1789 οὔσῃ
3118 1719 3174 1771 ὲν
3209 1715 3426 1790 μειώσει
3450 1715 3582 1786 πρὸς
3615 1713 3708 1766 τὸν
3729 1713 3868 1767 πάν-

611 1835 698 1886 bct
726 1844 848 1885 cum
879 1843 964 1895 eo,
987 1829 1077 1900 qui
1119 1837 1202 1883 est
1263 1825 1420 1896 173
1470 1822 1710 1878 omnium
1751 1819 2176 1882 excelsissimus,

2290 1829 2388 1870 των
2426 1813 2754 1886 ὑπέρτατον,
2785 1811 2882 1865 καὶ
2911 1810 3053 1881 ὑπὲρ
3082 1811 3262 1863 πᾶσαν
3301 1809 3429 1864 ὄντα
3468 1805 3792 1878 ὑπερϐολὴν,
3831 1803 3866 1876 ἥ

609 1932 664 1974 et
695 1937 857 1992 supra
893 1920 1194 1992 quamlibet
1239 1912 1762 1988 exaggerationem?
1799 1921 1890 1966 aut
1925 1926 2008 1975 ea,
2062 1925 2181 1979 qua:

609 2013 823 2069 condita
849 2021 951 2076 est,
989 2027 1111 2067 cum
1136 2010 1251 2074 illo,
1283 2007 1372 2077 qui
1405 2007 1576 2077 ipsam
1603 2002 1886 2060 condidit?
1940 2002 2011 2056 At
2061 2015 2183 2056 san-

609 2113 730 2158 ctus
757 2115 966 2158 summe
995 2099 1342 2156 honorandus
1381 2096 1636 2166 Spiritus,
1667 2104 1852 2165 utpote
1883 2093 2058 2158 Deus,
2089 2101 2184 2145 aut

613 2189 772 2244 simul
799 2203 921 2243 cum
956 2187 1118 2242 Patre
1155 2196 1212 2242 et
1242 2186 1380 2240 Filio
1420 2185 1746 2249 nominatur,
1779 2191 1839 2238 ut
1901 2199 2025 2239 cum
2081 2181 2185 2238 Do-

615 2277 792 2331 minus
821 2275 1073 2345 baptismi
1105 2274 1392 2330 formulam
1429 2274 1614 2337 tradit,
1682 2283 1737 2328 et
1787 2287 1908 2327 cum
1954 2273 2186 2340 Aposto-

616 2368 774 2422 lusiu
804 2367 1040 2422 secunda
1073 2367 1138 2420 ad
1195 2364 1509 2421 Corinthios
1558 2364 1771 2428 scribit,
1811 2381 1831 2413 ι
1891 2361 2076 2418 Gratia
2109 2361 2184 2433 (6)

615 2459 826 2516 Domini
863 2459 1028 2514 nostri
1053 2456 1180 2514 Jesu
1217 2456 1442 2521 Christi,
1469 2465 1526 2510 et
1559 2455 1797 2510 charitas
1822 2454 1936 2517 Dei,
1965 2461 2022 2508 et
2045 2469 2190 2505 rom—

618 2549 910 2606 rnunicatio
941 2547 1112 2604 sancti
1161 2546 1395 2618 Spiritus
1423 2559 1547 2600 cum
1597 2545 1852 2600 omnibus
1911 2541 2103 2596 vobis:
2159 2558 2178 2592 ι

614 2650 708 2695 aut
735 2639 892 2695 simul
923 2639 1230 2694 nominatur
1265 2651 1387 2692 eum
1407 2650 1511 2690 una
1535 2634 1760 2690 duarum
1778 2632 2184 2705 hypostasium;

615 2739 707 2788 aut
727 2731 888 2786 etiam
915 2729 1084 2794 solus,
1129 2736 1190 2782 ut
1218 2727 1270 2782 in
1319 2726 1494 2796 primo
1535 2724 1676 2780 libro
1720 2721 1798 2794 (7)
1841 2722 2046 2776 dictum
2084 2729 2188 2783 est,

615 2827 1093 2878 commemoratur.
1150 2815 1520 2874 Macedoniam
1563 2813 1641 2885 (8)
1676 2827 1805 2867 vero
1842 2827 1874 2866 e
1907 2819 2051 2866 secta
2094 2823 2189 2864 ex-

615 2913 1000 2971 communicati
1031 2912 1194 2976 illius,
1213 2919 1378 2980 atque
1408 2922 1475 2963 ex
1507 2905 1750 2962 Ecclesia
1784 2903 1939 2973 eiecti
1955 2900 2194 2957 Valenti-

619 3006 692 3069 ni,
727 3005 819 3074 qui
853 3000 1306 3062 manichteizavit,
1338 3013 1404 3054 ac
1435 2996 1616 3052 furore
1638 2995 1716 3067 (9)
1752 2993 1963 3064 plenus,
1995 2999 2193 3062 praeter

2281 1897 2347 1980 τῇ
2380 1906 2648 1976 γενομένῃ
2696 1903 2832 1978 πρὸς
2874 1901 2966 1957 τὸν
3004 1902 3342 1974 ποιήσαντας
3375 1901 3450 1955 Τὸ
3488 1900 3546 1954 δὲ
3601 1899 3869 1968 πάντιμον

2283 1997 2532 2068 Πνεῦμα,
2559 1996 2635 2060 ὡς
2655 1993 2808 2060 Θεὸς,
2833 1996 2866 2066 ἢ
2899 1993 3035 2067 μετὰ
3059 1992 3273 2067 [ἰατρὸς
3298 1994 3393 2047 καὶ
3418 1991 3548 2047 Υίοῦ
3577 1991 3872 2062 συνονομά-

2285 2090 2472 2156 ζεται·
2508 2090 2584 2151 ὼς
2627 2088 2753 2142 ὅταν
2792 2088 2820 2140 ό
2857 2085 3136 2158 Δεσπότης
3181 2085 3272 2139 τὸν
3320 2085 3448 2157 περὶ
3490 2085 3551 2138 τὸ
3586 2084 3869 2156 βάπτισμα

2283 2182 2498 2236 δίδωσιν
2528 2180 2672 2251 ὅρον,
2722 2178 2818 2232 καὶ⁹
2848 2177 2924 2242 ὡς
2955 2178 3082 2231 ὅταν
3122 2177 3150 2230 ό
3194 2177 3521 2241 Ἀπόστολος
3562 2175 3870 2249 Κορινθίοις

2281 2275 2346 2327 τὸ
2399 2272 2649 2344 δεύτερον
2701 2270 2922 2342 γράφῃ⁹
2955 2289 2973 2322 ι
3019 2271 3083 2323 Ἦ
3138 2271 3300 2342 γάρις
3334 2270 3430 2324 τοῦ
3478 2270 3682 2342 Κυρίου
3713 2269 3871 2341 ἡμῶν

2299 2364 2474 2436 Ἰησοῦ
2512 2365 2772 2435 Χριστοῦ,
2823 2362 2917 2415 καὶ
2945 2363 2978 2434 ἡ
3006 2362 3191 2433 ἀγάπη
3220 2361 3314 2414 τοῦ
3342 2360 3500 2424 Θεοῦ,
3555 2361 3647 2414 καὶ
3689 2362 3721 2432 ἡ
3758 2378 3872 2414 κοι⁴

2287 2454 2452 2508 νωνία
2479 2452 2572 2506 τοῦ
2609 2452 2762 2522 ἁγίου
2808 2449 3124 2522 Πνεῦματος
3177 2451 3318 2522 μετὰ
3359 2451 3575 2505 πάντων
3623 2450 3774 2522 ὑμῶν
3797 2467 3810 2480 ·
3849 2470 3894 2502 »ς

2289 2547 2322 2620 ἦ
2361 2544 2499 2617 μετὰ
2528 2545 2654 2616 μιᾶς
2685 2542 2866 2598 αὐτῶν
2892 2544 3242 2606 ὑποστάσεως
3265 2561 3278 2574 ·
3321 2543 3352 2614 ἢ
3384 2543 3476 2596 καὶ
3506 2541 3648 2597 κατά
3685 2542 3869 2612 μόνας,

2291 2636 2436 2694 καθὰ
2477 2637 2536 2690 ὲν
2582 2634 2660 2706 τῷ
2709 2634 2911 2706 πρώτῳ
2941 2635 3158 2705 είρηται
3204 2633 3415 2706 βιϐλίῳ,
3450 2635 3868 2707 μνημονεύεται.

2305 2728 2438 2784 Ἀπὸ
2473 2727 2532 2782 δδ
2559 2727 2656 2798 τῆς
2698 2725 3074 2798 προαιρέσεως
3104 2724 3199 2778 τοῦ
3229 2725 3540 2796 ὲξοὸλήτου,
3579 2727 3674 2781 καὶ
3699 2728 3872 2799 ἀπερο

2294 2818 2561 2892 ριμμένου
2596 2815 2971 2883 Οὐαλεντίνου,
3005 2815 3100 2870 τοῦ
3140 2818 3582 2888 μανιχαῒσαντος,
3613 2819 3708 2872 καὶ
3737 2817 3876 2892 πρὸς

2292 2907 2406 2968 τοῖς
2425 2902 2604 2968 ἄλλοις
2631 2903 2854 2967 ἀτόποις
2887 2903 3313 2976 μυθοπλάσμασι
3373 2905 3654 2977 μανιωδῶς
3690 2907 3873 2961 είπὸν-

2291 3012 2385 3059 τος
2417 2994 2712 3067 ἡλικιώτην
2753 2994 2816 3048 τὸ
2858 2994 3038 3048 θεῖκὺν
3070 2993 3297 3066 Πνεῦμα
3337 2998 3451 3060 τοῖς
3487 2997 3758 3066 ἀγγέλοις,
3781 2998 3876 3070 ὀρ-

618 3093 722 3148 alia
760 3092 993 3149 absurda
1032 3097 1361 3153 commenta,
1396 3087 1637 3144 divinum
1679 3085 1939 3157 Spiritum
1987 3081 2187 3154 angelis

2301 3085 2542 3157 μώμενοι
2595 3085 2644 3139 oi
2691 3083 3050 3150 Μακεδόνιοι,
3130 3085 3298 3154 φασί·
3360 3084 3571 3150 Παῦλος
3627 3087 3875 3158 Τιμοθέῳ

619 3197 856 3238 coaevum
877 3181 1225 3244 dixit,ortum
1251 3180 1549 3243 trahentes,
1573 3175 1825 3246 inquiunt
1851 3172 1997 3247 (10)ι
2043 3171 2186 3228 Pau-

620 3272 703 3328 lus
723 3272 790 3327 ad
818 3270 1156 3325 Timetbeum
1187 3255 1407 3339 scripsit
1443 3285 1458 3322 :
1494 3285 1513 3320 ι
1548 3266 1806 3322 Obtestor
1845 3266 1962 3338 (11)
2006 3279 2188 3322 coram

624 3367 752 3432 Deo,
790 3375 844 3422 et
883 3365 1109 3420 Domino
1140 3361 1266 3417 Jesu
1297 3359 1537 3426 Christo,
1572 3368 1629 3416 et
1654 3357 1846 3415 electis
1878 3358 2122 3427 angelis:
2166 3373 2186 3409 ι

620 3463 867 3511 sanctum
901 3466 1031 3508 vero
1065 3449 1327 3522 Spiritum
1364 3449 1530 3506 tacuit
1555 3485 1571 3513 ,
1608 3447 1808 3519 quippe
1843 3448 1936 3518 qui
1979 3447 2192 3504 scilicet

615 3560 744 3602 eum
771 3561 894 3602 cum
929 3542 1135 3610 angelis
1157 3539 1604 3597 connumerabat.
1628 3539 1736 3596 Sed
1771 3553 1837 3594 ex
1859 3540 2187 3594 abundantia

619 3642 800 3698 cordis
851 3641 1088 3711 ipsorum
1140 3637 1357 3708 propria
1409 3643 1596 3692 manat
1657 3635 1823 3690 hocce
1873 3633 2186 3703 cogitatum.

620 3732 874 3799 Quamvis
903 3731 1044 3786 enim
1075 3730 1362 3800 aliquando
1388 3727 1624 3798 Spiritus
1654 3725 1824 3781 sancti
1872 3724 2072 3779 mentio
2097 3738 2188 3793 pe-

620 3823 900 3879 culiariter
929 3836 1033 3876 non
1063 3820 1178 3887 ﬁat,
1195 3819 1560 3875 coassumitur
1593 3825 1774 3872 tamen
1799 3830 1930 3870 cum
1947 3816 2058 3869 Deo
2083 3814 2153 3868 Pa
2171 3843 2189 3856 ο

623 3925 725 3980 tre,
756 3921 940 3983 utpote
964 3913 1057 3985 qui
1084 3911 1318 3982 Spiritus
1345 3909 1516 3980 ipsius
1565 3916 1650 3964 est
1679 3906 1982 3964 secundum
2035 3915 2190 3959 uatu-

628 4019 763 4059 ram.
791 4003 914 4060 Haec
937 4018 1068 4060 sane
1114 4003 1256 4060 ratio
1283 4011 1388 4066 est,
1433 4002 1504 4056 ob
1534 4013 1695 4070 quam
1739 4007 1832 4054 aut
1889 3997 2004 4066 ipse
2046 3995 2190 4052 Deus

625 4093 782 4150 Pater
802 4096 1071 4166 expressis
1099 4093 1280 4149 verbis
1307 4106 1413 4146 non
1455 4099 1540 4145 est
1584 4099 2060 4154 commemoratae,
2091 4087 2189 4142 sed

626 4187 767 4240 ﬁdeli
798 4185 1259 4256 interpretatione,
1293 4181 1463 4236 Filius
1503 4186 1682 4234 autem
1725 4187 1780 4235 et
1807 4178 2043 4248 Spiritus
2065 4193 2191 4236 san-

624 4286 742 4330 ctus
760 4281 1212 4330 commemoratus
1233 4279 1350 4336 est;
1381 4277 1474 4322 aut
1496 4268 1614 4324 vice
1633 4281 1789 4324 versa
1815 4269 2185 4339 :quandoquio

621 4369 743 4422 dem
768 4365 850 4421 vel
874 4362 1268 4420 abominandus
1301 4360 1411 4424 ille,
1441 4373 1510 4415 ac
1551 4373 1621 4415 ne
1649 4360 2014 4416 nominandus
2062 4361 2186 4432 qui-

2293 3177 2534 3250 ἔγραψε·
2590 3195 2610 3232 ι
2653 3177 3108 3250 Διαμαρτύρομαι
3157 3175 3387 3234 ἐνώπιον
3431 3174 3524 3232 τοῦ
3562 3178 3696 3232 Θεοῦ
3721 3217 3738 3246 ,
3781 3182 3875 3234 καὶ

2291 3271 2496 3343 Κυρίου
2538 3269 2713 3342 Ἰησοῦ
2739 3269 2998 3345 Χριστοῦ,
3019 3269 3116 3324 καὶ
3140 3268 3251 3324 τῶν
3272 3267 3544 3335 ἐκλεκτῶν
3567 3268 3834 3339 ἀγγέλωνθ
3849 3290 3867 3322 ο

2289 3364 2354 3420 τὺ
2393 3365 2452 3419 δὲ
2499 3363 2656 3434 ἅγιον
2704 3361 2951 3433 Πνεῦμα,
2998 3361 3075 3427 ὡς
3133 3360 3396 3429 συντάξας
3441 3360 3602 3432 δῆθεν
3634 3363 3746 3427 τοῖς
3776 3362 3878 3431 ἀγ-

2289 3455 2490 3524 γέλοις,
2538 3451 2946 3523 ἀπεσιώπησεν.
3005 3452 3140 3506 Ἀπὸ
3190 3451 3250 3505 δὲ
3297 3451 3392 3505 τοῦ
3441 3452 3876 3526 περισσεύματος

2289 3546 2389 3617 τῆς
2420 3544 2648 3616 καρδίας
2680 3542 2859 3596 αὐτῶν
2907 3540 3010 3612 τῆς
3060 3541 3198 3605 ἰδίας
3241 3545 3274 3614 ἡ
3306 3541 3485 3597 ἔννοιά
3522 3545 3670 3597 ἐστιν
3709 3543 3871 3616 αῦτη.

2290 3636 2411 3689 Κᾶν
2439 3635 2546 3706 γάρ
2575 3650 2707 3686 ποτε
2760 3632 2943 3695 ιδικῶς
2985 3631 3060 3703 μὴ
3097 3631 3323 3705 γένηται
3361 3636 3552 3706 μνήμη
3593 3635 3684 3689 τοῦ
3717 3635 3872 3707 ἁγίου

2290 3726 2628 3797 Πνεύματος,
2678 3724 3216 3796 συναναλαμϐάνεται
3261 3725 3340 3798 τῷ
3375 3725 3493 3798 Θεῷ
3537 3729 3650 3782 Hau
3663 3730 3734 3802 ρὶ,
3778 3729 3872 3783 ἅτε

2290 3815 2513 3886 Πνεῦμα
2553 3814 2718 3869 αὑτοῦ
2756 3814 2901 3869 κατὰ
2955 3815 3117 3886 φύσιν
3146 3817 3226 3871 ὅν.
3269 3817 3366 3872 Διά
3397 3835 3478 3872 τοι
3507 3818 3666 3874 τοῦτό
3703 3823 3873 3886 ἐστιν,

2289 3908 2399 3970 ὅτε,
2428 3908 2462 3978 ἢ
2488 3907 2650 3972 αὐτὸς
2680 3910 2708 3962 ό
2737 3907 2870 3972 Θεὸς
2902 3909 3090 3980 Πατὴρ
3136 3910 3215 3981 τῷ
3261 3909 3465 3982 ῥήματι
3495 3911 3596 3966 οὐκ
3627 3913 3872 3985 ἐμνημο-

2289 3998 2476 4070 νεύθη,
2498 3999 2633 4053 ἀλλὰ
2659 4001 2730 4072 τῇ
2753 4002 2918 4072 πιστῇ
2943 3999 3170 4074 διανοίᾳ,
3199 4003 3227 4055 ό
3255 4001 3312 4056 δὲ
3339 4001 3485 4067 Υἱὸς,
3515 4004 3608 4056 καὶ
3631 4002 3692 4057 τὸ
3719 4003 3874 4073 ᾇγιον

2289 4090 2516 4162 Πνεῦμα
2543 4089 2924 4164 ἐμνημονεύθη
2944 4107 2960 4122 °
2989 4093 3023 4164 ἢ
3065 4093 3126 4148 τὸ
3153 4093 3415 4165 ἔμπαλιν.
3438 4095 3612 4152 Ὅπου
3641 4113 3704 4165 τε
3737 4097 3766 4150 ὁ
3797 4097 3873 4168 μὴ

2288 4182 2518 4252 ὀφείλων
2575 4183 3010 4255 μνημονεύεσθαι
3061 4185 3433 4254 Οὐαλεντῖνος,
3481 4187 3544 4242 τὸ
3593 4187 3692 4260 μὲν
3723 4189 3875 4258 ἁγια-

2290 4273 2474 4327 στικὸν
2531 4273 2781 4346 Πνεῦμα,
2831 4274 3191 4348 Παράκλητον
3241 4277 3543 4351 ὠνόμασεν,
3588 4279 3664 4345 ὡς
3716 4279 3810 4336 καὶ
3845 4279 3874 4335 6

2289 4368 2563 4441 Δεσπότης
2582 4370 2835 4442 Χριστὸς,
2854 4373 3212 4446 Παράκλητος
3237 4375 3304 4430 ὲκ
3323 4373 3416 4430 τοῦ
3443 4373 3873 4449 παρακαλεῖσθαι

621 4458 742 4512 dem
795 4454 1113 4511 Valentinus
1167 4451 1596 4508 sanctiﬁcantem
1643 4441 1866 4520 quidem
1924 4449 2187 4520 Spiritum

2297 4458 2531 4533 ἐκλήθηο
2579 4441 2707 4527 τοὺς
2749 4462 2806 4516 δὲ
2851 4441 3242 4537 ἁγιαζομένους
3287 4441 3630 4539 λειτουργοὺς
3654 4507 3668 4534 ,
3707 4484 3872 4540 προσ-

691 4567 770 4650 (5)
807 4564 1010 4649 Sancti.
1042 4566 1100 4620 ld
1127 4573 1227 4632 est,
1269 4566 1407 4650 sacri
1435 4566 1748 4650 scriptorcs.
1780 4564 1890 4650 ldos
1911 4565 2063 4650 enim
2099 4581 2196 4637 per
2302 4573 2488 4630 itidem
2515 4575 2783 4650 _i7_editio
2805 4577 3134 4650 Veronensis
3158 4581 3318 4637 habet
3340 4599 3356 4638 :
3377 4579 3533 4637 Juxta
3571 4583 3698 4638 illud
3725 4598 3742 4637 :
3771 4603 3790 4636 ι
3819 4595 3874 4642 et

622 4637 1052 4693 antonomasiam
1087 4654 1106 4689 ι
1141 4647 1358 4692 sanctos
1391 4654 1410 4688 ι
1457 4644 1613 4691 vocat

621 4706 758 4762 Vide
792 4715 904 4760 not.
931 4705 988 4773 2,
1014 4719 1161 4776 ipag.
1191 4704 1280 4771 64,
1309 4715 1364 4761 et
1397 4720 1567 4776 segm.
1606 4705 1674 4760 98
1702 4704 1888 4776 (2,106
1917 4722 1971 4766 α,
2003 4704 2105 4776 {08
2137 4708 2189 4772 ὁ,

624 4777 728 4833 115
753 4793 808 4840 a,
857 4785 962 4829 etc.
1004 4773 1131 4830 Sed
1159 4777 1278 4830 vide
1305 4773 1497 4845 etiam:
1515 4783 1670 4829 notas
1706 4775 1773 4830 ad
1807 4788 1978 4845 segm.
2005 4773 2112 4831 202
2134 4793 2189 4844 α,

621 4846 710 4902 ubi
733 4845 841 4900 alio
871 4859 1030 4900 sensu
1063 4845 1176 4899 haec
1204 4860 1303 4898 vox
1330 4842 1611 4913 accipitur.

694 4915 771 4986 (θ)
809 4913 1014 4970 Gratia.
1038 4914 1094 4986 _l|
1131 4915 1199 4986 ad
1218 4914 1344 4986 Cor.
1375 4910 1610 4986 m't_,_l;’).
1638 4910 1823 4986 Graeca
1852 4911 2018 4968 editio
2043 4922 2191 4970 caret

620 4980 772 5049 voce,
819 5002 839 5035 ‹
881 4984 1072 5038 nostri.
1115 5001 1136 5036 ι
1168 4984 1273 5039 Sed
1304 4999 1424 5039 cum
1473 4980 1700 5052 Vulgato
1738 4983 2033 5052 interprete
2070 4999 2190 5039 eam

622 5055 749 5126 legit
777 5054 1033 5126 Didymus
1065 5062 1175 5126 tum
1206 5053 1313 5117 hic,
1347 5062 1454 5106 tum
1475 5051 1528 5126 in
1553 5050 1690 5105 libro
1723 5051 1797 5126 De
1827 5050 1971 5126 Spir.
2006 5065 2189 5108 sancto

622 5121 770 5179 num.
805 5121 892 5177 16.
917 5122 1234 5178 Nonnullam
1265 5137 1394 5177 vero
1418 5121 1726 5192 varietatem
1755 5122 1807 5192 in
1838 5123 1940 5192 his,
1967 5137 2085 5192 qua-
2107 5139 2192 5179 sc-

619 5203 877 5262 quuntur,
911 5209 1030 5248 esse
1051 5192 1292 5247 censebit
1328 5192 1418 5261 qui
1451 5191 1608 5246 editis
1636 5189 1752 5256 ejus
1774 5191 1895 5244 libri
1921 5189 2191 5260 eiempla-

623 5264 772 5318 ribus
796 5272 1106 5328 contentus,
1139 5262 1678 5332 rnemhranas__mauu
1723 5271 1973 5332 exaratos
2019 5264 2187 5332 negli-

620 5341 709 5401 gat
739 5351 754 5386 :
779 5334 859 5388 sic
893 5333 1034 5386 enim
1091 5333 1253 5386 habet
1291 5328 1847 5401 editiorVeroncusis:
1883 5347 1905 5380 ι
1937 5330 2002 5383 Et
2041 5328 2190 5384 com-

621 5400 916 5457 inunicatio
955 5401 1127 5456 sancti
1168 5401 1401 5469 Spiritus
1439 5400 1511 5453 sit
1551 5413 1764 5469 semper
1793 5413 1916 5452 eum
1940 5401 2190 5469 omnibus

618 5471 792 5526 vobis.
828 5490 846 5523 ι
882 5474 951 5526 At
997 5473 1049 5525 in
1089 5467 1272 5525 codice
1315 5481 1513 5524 nostra:
1562 5468 1897 5539 bibliorhecae
1937 5467 2192 5539 Didymus

619 5541 941 5595 versiculum
966 5543 1155 5596 eodem
1188 5541 1344 5608 plane
1371 5540 1526 5593 modo
1556 5537 1730 5608 παιδί,
1753 5552 1861 5605 quo
1886 5537 1988 5592 hoc
2024 5537 2074 5591 in
2111 5539 2189 5590 In-

620 5623 686 5664 co
713 5625 729 5663 :
760 5610 832 5663 ita
869 5613 1010 5664 enim
1045 5606 1204 5666 habet
1247 5629 1262 5665 :
1310 5628 1330 5661 ι
1369 5610 1422 5662 In
1479 5609 1584 5661 line
1639 5606 1888 5675 Epistula:
1919 5609 2189 5668 secundm.

621 5693 784 5747 quam
820 5681 886 5733 ad
927 5677 1235 5735 Corinthios
1273 5679 1493 5746 scripsit
1525 5678 1740 5742 Paulus,
1779 5677 1856 5730 ait
1893 5695 1908 5732 :
1946 5695 1965 5729 ι
2001 5677 2189 5731 Gratia

626 5747 834 5800 Domini
865 5750 1031 5802 nostri
1056 5749 1187 5803 Iesu
1221 5747 1444 5812 Christi,
1472 5758 1526 5802 et
1555 5748 1791 5801 charitas
1809 5748 1922 5813 Dei,
1948 5758 2001 5800 ct
2038 5763 2189 5800 com-

623 5832 772 5872 mun.
813 5819 985 5872 sant-ti
1017 5817 1246 5888 Spiritus
1276 5835 1398 5874 cum
1433 5818 1682 5873 omnibus
1717 5818 1864 5873 vobis
1910 5837 1925 5866 υ
1951 5819 2181 5872 Numero

1665 4637 1884 4708 passim
1908 4636 2188 4708 Didymus.

2296 4657 2495 4700 comm.
2511 4646 2570 4702 S.
2586 4645 2769 4719 Sp.sit_
2794 4647 3007 4719 semper
3030 4663 3150 4705 cum
3184 4650 3433 4706 ontnibus
3461 4654 3632 4707 vobis.
3655 4672 3674 4706 ι
3690 4653 3873 4712 Codex

2298 4717 2865 4788 veronosteromittit
2891 4717 3070 4788 voces,
3105 4737 3124 4772 ι
3159 4721 3230 4775 sit
3260 4734 3490 4788 semper.
3531 4738 3552 4774 ι

2372 4781 2448 4924 (Ἲς
2487 4784 2556 4838 In
2581 4786 2748 4854 primo
2779 4787 2934 4840 libro.
2977 4781 3160 4858 δεξιῇ.
3195 4789 3266 4844 23
3298 4805 3350 4842 a.

2372 4853 2426 4922 (8
2475 4853 2880 4924 (Macedoniam.
2910 4857 3090 4912 Codex
3129 4876 3142 4913 :
3176 4859 3226 4913 οί
3265 4858 3350 4912 Μα

2369 4853 2448 4922 (8)
2490 4853 2880 4910 Macedoniani.
2910 4853 3090 4912 Codei
3129 4876 3142 4913 :
3176 4859 3226 4913 οί
3265 4857 3610 4915 Μακεδόνιοι.
3652 4857 3874 4919 Videtur

2293 4919 2576 4990 legendum
2606 4925 2700 4989 :pl
2723 4925 3130 4982 Μακεδονιανοι.

2363 4989 2707 5114 ξὲἆυδιὲἔοτε.
2775 4994 2936 5050 Ludit
2985 4998 3038 5051 in
3101 4999 3323 5054 vocibus
3364 4999 3779 5070 μανιχαῖσαντος
3819 5013 3874 5057 et

2294 5077 2597 5131 μαναυσφς.

2365 5131 2476 5213 (lg)
2505 5130 2787 5214 pungunt.
2808 5134 2862 5188 lu
2880 5133 3018 5191 libro
3039 5135 3305 5214 etiam__De
3337 5137 3482 5214 Spir.
3509 5151 3689 5195 sancto
3719 5157 3868 5214 pinu.

2293 5200 2382 5281 16,
2419 5200 2604 5256 iisdem
2634 5203 2928 5324 Scriptum
2951 5208 3182 5261 oraculis
3207 5200 3623 5266 Macedonianos
3653 5211 3867 5272 refellit,

2293 5269 2486 5324 aurbus
2530 5271 2584 5324 in
2624 5271 2727 5324 hoc
2796 5274 2827 5324 8
2865 5285 3164 5324 semuento.
3203 5278 3452 5324 Altamen
3498 5280 3638 5324 Imnn
3681 5295 3866 5324 ραι-ηιμ

2291 5269 2486 5354 quibus
2521 5271 2584 5351 .in
2624 5269 2827 5354 hoc'7_8
2865 5285 3164 5344 segmento.
3203 5278 3638 5354 Attameu_hauc
3681 5269 3866 5354 eorum

2295 5342 2692 5419 responsionem
2739 5342 2808 5395 ibi
2853 5342 2956 5398 non
2993 5359 3406 5419 commemorat,
3440 5349 3578 5419 sicut
3618 5363 3686 5403 ne
3733 5348 3868 5400 alias

2292 5410 2512 5486 quidem
2532 5410 2733 5480 plures,
2757 5427 2895 5486 quas
2924 5416 3294 5485 superiusjam
3320 5410 3500 5482 solvit,
3531 5433 3594 5471 ac
3617 5421 3667 5471 in
3688 5429 3869 5486 posm-

2295 5493 2410 5531 rum
2436 5480 2708 5534 soluturus
2734 5492 2834 5537 est.
2861 5480 3089 5548 Qua'ex
3135 5480 3196 5541 re
3239 5480 3702 5542 Macedonianum'
3738 5485 3863 5539 illud

2292 5561 2446 5626 opus,
2480 5550 2620 5626 quod
2645 5566 2753 5620 prae
2785 5554 2954 5607 oculis
2986 5555 3169 5610 habuit
3197 5558 3298 5611 hoc
3333 5557 3386 5613 in
3424 5558 3542 5612 loco
3584 5556 3860 5626 Didymus,

2292 5619 2498 5701 editum
2519 5619 2730 5701 videtur
2762 5633 3045 5692 postquam
3093 5627 3326 5682 dictatus
3373 5642 3403 5680 a
3441 5619 3867 5698 Didymo'ftterat

2294 5685 2431 5740 liber
2456 5687 2529 5741 De
2557 5685 2982 5756 Spiritu-sancto.

2365 5756 2474 5824 (ll)
2516 5757 2774 5814 Obteslor.
2819 5760 2834 5813 Ι
2867 5765 2932 5815 ad
2956 5761 3095 5816 Tim.
3133 5779 3182 5828 v,
3209 5763 3298 5817 9.-1.
