4114 6422
361 426 470 482 519

1399 427 1484 482 DE
1527 427 1908 483 ΤΠΙΝΙΤΛΤΕ
1944 427 2144 483 LIBER
2180 423 2566 480 SECUNDUS.

3525 422 3631 482 650

360 550 659 621 ηγὸρευσεν
689 546 972 616 ἀγγέλους.
1017 547 1160 620 Πρὸς
1213 548 1421 612 τούτοις
1482 549 1574 622 [78
1619 548 1671 622 ὁ]
1710 550 1943 621 οὐδαμοῦ

2059 549 2269 603 vocavit
2303 545 2664 609 Paracletum,
2701 544 2842 599 sicut
2877 544 3041 598 etiam
3091 543 3347 597 Dominus
3385 542 3634 598 Christus

352 641 586 714 σΐραφῆς
608 642 688 703 εἰς
714 640 1138 710 δημιουργίαν,ῆ
1161 642 1571 710 μυσταγωγίαν,
1588 642 1622 714 ἢ
1642 642 1948 710 δοξολογίαν

361 735 630 802 ἀγγέλους
672 734 1302 804 συμμνημονευομένους
1344 736 1673 807 εὑρίσκομεν
1701 736 1779 807 τῷ
1805 737 1943 806 Θεῷ.

361 826 469 879 Τοῦ
501 826 557 878 δὲ
589 825 744 893 ἁγίου
765 825 1082 895 Πνεῦματος
1108 827 1392 880 κοινωνίαν
1413 827 1548 898 πρὸς
1577 828 1674 899 τὴν
1717 828 1949 899 θεότητα

358 915 388 969 ὁ
425 915 635 978 Παῦλος
665 915 973 987 Κορινθίοις
1016 919 1073 970 ὲν
1117 921 1181 989 τῇ
1217 918 1444 990 δευτέρᾳ
1487 919 1762 992 γέγραφεν
1799 921 1952 974 Ἐπιο-

361 1007 562 1077 στολῇ·
597 1023 616 1057 ι
656 1005 906 1076 ἰι-χάρις
933 1007 1025 1059 τοῦ
1061 1007 1267 1076 Κυρίου
1302 1008 1456 1079 ἡμῶν
1485 1009 1660 1080 Ἰησοῦ
1686 1012 1944 1082 Χριστοῦ,

355 1097 454 1151 καὶ
483 1099 516 1168 ἠ
552 1095 741 1166 ἀγάπη
773 1095 867 1149 τοῦ
910 1096 1045 1149 Θεοῦ
1081 1099 1184 1151 «καὶ
1215 1099 1447 1170 Πατρὸς,
1493 1101 1589 1154 καὶ
1627 1101 1659 1172 ἡ
1694 1104 1946 1156 κοινωνία

357 1184 454 1239 τοῦ
489 1187 644 1255 ἁγίου
680 1185 993 1257 Πνεῦματος
1017 1203 1030 1216 ⁶
1050 1207 1083 1240 ιι
1117 1189 1214 1242 καὶ
1239 1191 1297 1242 ὲν
1324 1189 1536 1254 ἄλλοις·
1575 1209 1593 1242 ι
1629 1192 1696 1244 Εἴ
1720 1209 1803 1255 τις
1835 1211 1946 1246 κοι-

357 1279 527 1334 νωνία
544 1279 913 1350 Πνεῦματος.-ι
945 1281 1003 1334 Ὀ
1029 1279 1160 1349 γοῦν
1185 1275 1562 1353 ’⁸1εροψέιλτης,
1590 1283 1686 1354 τὴν
1715 1283 1849 1355 πρὸς
1877 1283 1944 1337 τὰ

356 1370 709 1443 λειτουργικὰ
745 1371 1032 1442 πνεύματα
1065 1371 1365 1444 ἐξαλλαγὴν
1400 1373 1495 1426 τοῦ
1534 1375 1800 1445 ἀγενήτου
1844 1376 1944 1427 Λό-

355 1480 454 1532 γου
488 1463 584 1516 καὶ
615 1461 709 1515 τοῦ
748 1462 929 1516 θεῖκοῦ
970 1463 1306 1534 Πνεύματος,
1328 1465 1434 1517 καὶ
1465 1463 1527 1518 τὸ
1565 1465 1640 1537 μὴ
1673 1461 1813 1519 εἶναι
1845 1467 1944 1536 τῆς

348 1557 586 1608 ’ἐκείνων
641 1555 975 1626 συστοιχίας.
1028 1556 1142 1610 ἀλλ’
1174 1551 1284 1609 ’ὑπὸ
1321 1555 1430 1609 τῶν
1470 1557 1782 1610 αὐτοτελῶν
1812 1558 1944 1610 ὑπο-

347 1645 607 1700 ·στάσεων
655 1646 884 1711 τούτων,
919 1649 1024 1701 ’καὶ
1058 1649 1136 1702 ’δι’
1167 1647 1366 1715 αὐτιῖιν,
1415 1651 1509 1703 καὶ
1552 1649 1622 1703 δι’
1652 1651 1818 1714 αὐτὰς
1852 1651 1943 1704 τὸν

339 1738 489 1791 ίθεὸν
519 1739 761 1809 Πατέρα,
785 1741 879 1792 καὶ
904 1743 960 1793 ὲν
997 1742 1187 1805 αὐταῖς
1217 1740 1464 1795 ἐκτίσθαι
1493 1744 1618 1806 τοὺς
1646 1739 1939 1811 “ἆγγέλους,

342 1829 447 1881 καὶ
494 1829 563 1881 τὰ
611 1830 789 1882 πάντα
827 1829 1162 1883 τελειοῦσθαι
1223 1831 1317 1884 καὶ
1367 1832 1801 1904 διακρατεῖσθαι,
1847 1829 1943 1903 βοᾷ

2058 652 2282 695 vocatus
2309 647 2387 694 est
2415 635 2731 691 Paracietus
2761 633 2870 705 (12)
2901 650 2967 689 ex
2998 650 3063 689 eo
3097 633 3236 704 quod
3287 633 3632 697 consoletur;

2055 731 2424 786 sanctificatos
2471 735 2651 782 autem
2687 727 2963 780 ministros
2993 725 3361 780 denominavit
3391 724 3630 793 angelos.

2056 823 2135 876 Ad
2165 822 2299 885 haec,
2334 822 2386 875 in
2413 818 2560 873 nullo
2590 818 2889 886 Scriptura:
2929 815 3046 871 loco
3091 816 3311 884 angelos
3357 829 3462 868 una
3510 829 3632 868 cum

2050 912 2164 967 Deo
2196 910 2356 983 174
2384 921 2852 966 connnemoratos.
2877 917 2970 962 aut
2999 912 3050 961 in
3095 906 3396 966 creatione.
3435 915 3526 959 aut
3577 906 3630 959 in

2048 1005 2376 1068 initiatione,
2408 1018 2502 1059 seu
2527 1001 2779 1072 baptismi
2809 999 3120 1069 disciplina,
3152 1007 3245 1052 aut
3275 999 3326 1052 in
3361 998 3629 1067 glorifica-

2045 1097 2202 1154 itione
2237 1097 2564 1152 invenimus.
2602 1095 2785 1151 Sancti
2803 1110 2932 1150 vero
2988 1094 3224 1164 Spiritus
3261 1093 3631 1147 communica.

2055 1189 2277 1253 tionem,
2307 1203 2400 1242 seu
2425 1186 2882 1248 communionem,
2923 1199 3028 1254 qua
3079 1197 3423 1240 communem
3471 1183 3633 1236 habet

2044 1295 2173 1332 cum
2196 1277 2362 1333 Patre
2385 1278 2668 1344 deitatem,
2712 1276 2912 1332 Paulus
2951 1276 3252 1332 Corinthiis
3290 1275 3341 1329 in
3392 1275 3628 1328 secunda

2056 1374 2378 1426 memoravit
2413 1371 2647 1439 Epistola
2681 1389 2693 1425 :
2725 1389 2744 1423 ι
2806 1369 2992 1425 Gratia
3033 1366 3242 1422 Domini
3295 1367 3465 1420 nostri
3504 1363 3630 1418 Jesu

2049 1463 2276 1530 Christi,
2311 1473 2366 1518 et
2387 1464 2630 1519 charitas
2661 1463 2756 1517 Dei
2788 1479 2850 1517 ac
2875 1461 3071 1526 Patris,
3103 1471 3156 1516 et
3211 1460 3632 1514 communicatio

2052 1557 2222 1609 sancti
2250 1553 2512 1624 Spiritus.
2548 1573 2566 1607 ι
2612 1553 2679 1609 Ει
2705 1554 2830 1609 alibi
2858 1553 3000 1625 (15):
3043 1572 3062 1606 ι
3102 1551 3159 1607 Si
3191 1567 3294 1622 qua
3325 1551 3437 1620 (14)
3474 1565 3628 1604 eoin-

2061 1647 2356 1701 iuunicatio
2389 1646 2644 1716 Spiritus.
2681 1666 2700 1700 ι
2744 1646 2914 1701 Porro
2944 1644 3269 1699 famulantes
3307 1643 3530 1713 spiritus
3562 1641 3630 1696 ab

2053 1737 2294 1794 increan
2323 1737 2521 1803 Verbo,
2561 1753 2624 1794 ac
2656 1739 2840 1793 divino
2867 1737 3072 1808 Spiritu
3099 1735 3338 1801 differre,
3366 1735 3508 1789 inme
3538 1749 3633 1787 vc-

2054 1844 2112 1882 ro
2149 1830 2215 1882 ad
2247 1829 2456 1884 illorum
2488 1829 2732 1884 ordinem
2764 1845 2868 1884 non
2914 1829 3206 1897 pertinere,
3259 1830 3351 1882 sed
3374 1826 3442 1880 ab
3478 1826 3630 1880 hisce

339 1919 570 1991 ,ῥήμασι
601 1919 826 1972 τοιοῖσδε
848 1937 861 1949 ·
892 1939 910 1970 ι
949 1920 1038 1991 Τῷ
1067 1922 1225 1991 Λόγῳ
1257 1923 1464 1993 Κυρίου
1485 1925 1533 1975 οί
1557 1925 1774 1992 οὐρανοὶ
1803 1926 1943 1977 ἑστε-

2051 1933 2146 1987 per
2172 1934 2231 1975 se
2262 1919 2520 1989 perfectis
2553 1917 2957 1989 hypostasibus,
2990 1928 3044 1970 ct
3077 1933 3172 1988 per
3194 1932 3308 1984 eas,
3332 1925 3386 1971 et
3405 1924 3627 1986 preptt-r

339 2011 664 2083 φεώθησαν,
689 2011 878 2082 καὶτῷ
900 2013 1174 2083 Πνεῦματι
1195 2013 1287 2067 τοῦ
1311 2015 1574 2084 στόματος
1593 2017 1756 2068 αὑτοῦ
1775 2019 1945 2070 πᾶσαι

355 2105 411 2156 αἱ
437 2101 704 2173 δυνάμεις
733 2101 935 2156 αὐτῶν.
980 2121 998 2153 ι
1043 2101 1283 2173 Νοητέον
1316 2102 1422 2174 γὰρ
1451 2101 1647 2170 Λόγον,
1674 2103 1766 2156 τὸν
1794 2103 1859 2156 δι’
1883 2097 1944 2156 οῦ

336 2193 420 2248 ’τὰ
478 2193 660 2248 πάντα
687 2209 722 2244 ’.
763 2191 997 2264 Πνεῦμα
1058 2194 1324 2264 στόματος
1384 2193 1619 2265 Κυρίου,
1682 2194 1743 2247 τὸ
1792 2193 1945 2262 ἅγιον

343 2283 585 2356 ’Πνεῦμα
609 2301 622 2314 ·
651 2284 908 2355 δυνάμεις
933 2284 1200 2355 οὐρανῶν,
1231 2283 1399 2347 αὑτάς
1429 2301 1488 2337 τε
1518 2283 1616 2349 τὰς
1660 2285 1944 2346 συστάσεις

337 2379 560 2444 αὐτῶν,
587 2377 681 2431 καὶ
713 2377 895 2448 μέντοι
945 2377 1232 2445 ἀγγέλους.
1279 2377 1376 2430 καὶ
1422 2376 1617 2448 ἀρχὰς,
1659 2379 1754 2431 καὶ
1796 2379 1946 2444 ἐξου-

340 2472 506 2537 τσίας,
541 2470 635 2523 καὶ
691 2469 968 2541 δυνάμεις.
1029 2471 1139 2522 Καὶ
1190 2469 1386 2523 πάλινο
1448 2489 1466 2522 ι
1512 2471 1569 2522 '0
1614 2471 1786 2523 ποιῶν
1818 2472 1944 2534 τοὺς

340 2562 628 2632 ’ἀγγέλους
677 2561 840 2616 αὐτοῦ
893 2561 1201 2633 πνεύματα,
1260 2563 1354 2616 καὶ
1410 2563 1536 2625 τοὺς
1593 2562 1943 2634 λειτουργοὺς

338 2653 527 2708 ἀὐτοῦ
563 2654 671 2726 πῦρ
701 2654 915 2723 φλέγον,
950 2674 969 2707 ι
1003 2653 1458 2727 Διαπληκτίζεται
1491 2653 1546 2707 δὲ
1583 2655 1718 2726 πρὸς
1745 2655 1944 2718 αὐτοὺς

340 2749 447 2802 ﬁxa).
482 2749 513 2802 ὁ
551 2748 886 2814 ’Δπύστολος,
926 2747 1176 2820 κράζων·
1215 2765 1235 2798 ι
1269 2748 1365 2801 Ἓν
1399 2746 1624 2818 Πνεῦμα
1655 2746 1944 2817 ἐποτίσθη-

341 2857 474 2912 μεν.
525 2861 542 2892 ι
587 2840 675 2904 Ὠς
705 2841 813 2914 γὰρ
836 2841 895 2894 τὺ
918 2840 1258 2912 ἀπαύγασμα
1295 2841 1627 2913 χωρισθῆναι
1659 2841 1941 2912 ἀμήχανον

345 2931 442 2985 τοῦ
478 2929 680 3000 φωτὸς,
714 2933 810 2986 καὶ
857 2933 958 3004 τὴν
999 2932 1191 3003 σοφίαν
1224 2931 1318 2986 τοῦ
1368 2933 1535 3002 σοφοῦ
1567 2973 1582 2998 ,
1632 2932 1777 2986 τοῦτ’
1824 2932 1941 2986 ἔστι

336 3023 438 3077 ’τὸν
467 3021 604 3076 Tibi:
637 3022 745 3078 dri—36
775 3023 870 3078 τοῦ
898 3024 1148 3094 Πατρός·
1181 3023 1357 3089 οὕτως
1383 3026 1479 3078 καὶ
1510 3025 1573 3079 τὸ
1594 3025 1749 3094 ἅγιον
1772 3025 1944 3080 Πνεῦ-

340 3131 424 3185 μα
467 3115 570 3168 ἀπ’
617 3115 848 3178 ἐκείνου,
891 3105 952 3163 οῦ
1009 3113 1124 3165 ἐστι
1167 3113 1414 3183 Πνεῦμα,
1452 3114 1528 3177 ὡς
1563 3117 1696 3186 ἡμῖν
1723 3116 1752 3168 ὃ
1812 3116 1943 3168 ἀνα-

345 3210 616 3280 πνέομεν.
649 3204 880 3258 Ἐλαθον
909 3203 1086 3257 τοίνυν
1111 3204 1364 3267 Ἑαυτοὺς,
1398 3205 1472 3267 ὡς
1502 3206 1566 3258 δι’
1601 3199 1674 3258 ὧν
1699 3207 1941 3276 ἀκαίρως

2047 2024 2174 2078 eas,
2209 2021 2267 2064 ut
2310 2019 2364 2065 et
2418 2020 2638 2080 prapter
2671 2010 2840 2064 Deum
2893 2008 3110 2063 Patrem
3159 2007 3292 2079 (15),
3340 2019 3395 2062 et
3447 2008 3498 2060 in
3547 2008 3628 2058 cis

2045 2114 2262 2158 creatos
2287 2117 2406 2158 esse
2441 2102 2683 2172 angelos,
2723 2116 2924 2170 easque
2968 2102 3150 2155 omnia
3199 2101 3525 2170 perfecisse,
3573 2111 3630 2153 et

2044 2207 2408 2260 conservare,
2475 2194 2674 2248 clamat
2729 2209 2885 2248 sacer
2957 2193 3167 2248 Psaltes
3231 2193 3316 2247 his
3383 2193 3623 2247 verbis:

2051 2304 2068 2336 ι
2091 2283 2268 2339 Verbo
2292 2283 2403 2356 (16)
2441 2284 2648 2340 Domini
2676 2285 2797 2339 caeli
2825 2286 3021 2339 firmati
3055 2294 3200 2352 sunt,
3221 2296 3274 2340 et
3298 2284 3628 2353 Spirituoris

2044 2375 2159 2444 ejus
2185 2391 2374 2432 omnes
2405 2377 2630 2431 virtutes
2659 2392 2868 2431 eorum.
2911 2396 2930 2429 ι
2965 2376 3056 2432 Sic
3089 2378 3233 2432 enim
3278 2375 3626 2445 intelligenda

2044 2480 2171 2524 sunt
2201 2486 2215 2521 :
2260 2468 2494 2524 Verbum
2532 2479 2613 2525 est
2642 2470 2789 2536 illud,
2814 2485 2911 2540 per
2931 2471 3074 2540 quod
3105 2480 3231 2525 sunt
3268 2470 3482 2534 omnia;
3509 2467 3630 2536 Spi-

2047 2562 2184 2614 ritus
2206 2561 2317 2616 oris
2339 2561 2549 2616 Domini
2579 2572 2671 2617 est
2699 2562 2933 2632 Spiritus
2967 2574 3204 2619 sanctus.
3245 2563 3481 2616 Virtutes
3513 2576 3627 2616 cce-

2045 2652 2219 2706 lorum
2245 2661 2373 2707 sunt
2401 2668 2523 2707 cum
2560 2653 2690 2721 ipsae
2717 2668 2904 2708 eorum
2936 2653 3209 2716 essentize,
3250 2663 3298 2707 et
3357 2651 3624 2709 constitu-

2045 2744 2240 2807 tiones,
2290 2753 2400 2797 tum
2441 2744 2604 2797 etiam
2659 2743 2858 2811 angeli,
2893 2753 2947 2797 et
2976 2743 3335 2812 principatus,
3375 2753 3424 2798 ct
3476 2755 3627 2812 pote-

2022 2845 2232 2904 states,
2259 2843 2314 2891 et
2343 2835 2591 2891 virtutes.
2621 2834 2692 2889 Et
2717 2849 2938 2892 rursus:
2976 2852 2994 2886 ι
3037 2833 3136 2902 Qui
3163 2834 3292 2889 facit
3325 2834 3438 2907 (17)
3462 2850 3626 2904 auge-

2044 2927 2124 2984 los
2170 2943 2300 2984 suos
2348 2927 2594 2998 spiritus,
2643 2936 2698 2984 et
2751 2929 3028 2984 ministros
3067 2944 3196 2984 suos
3234 2929 3408 2999 ignem
3459 2943 3628 2982 ιιι-θυι

2046 3031 2174 3077 tem.
2210 3039 2230 3073 ι
2265 3019 2404 3088 Quin
2439 3019 2729 3090 Apostolus
2769 3021 2932 3075 etiam
2983 3021 3128 3091 ipsos
3166 3020 3468 3091 impugnat,
3514 3020 3626 3074 cla-

2044 3128 2231 3169 mans:
2263 3131 2283 3165 ι
2320 3111 2440 3168 Uno
2478 3111 2595 3185 (18)
2631 3112 2833 3184 Spiritu
2863 3113 3030 3184 potati
3059 3127 3265 3168 sumus.
3308 3129 3326 3164 ι
3359 3112 3496 3164 Nam
3522 3113 3629 3166 sic-

2044 3216 2104 3261 ut
2146 3205 2400 3275 splendor
2437 3220 2466 3259 a
2501 3204 2620 3261 luce
2638 3206 2879 3274 separari
2926 3221 3032 3262 non
3057 3212 3256 3274 potest,
3286 3219 3383 3261 nec
3407 3205 3629 3276 sapien-

347 3307 486 3374 ἡμῖν
511 3301 575 3356 οὺ
612 3297 970 3358 συντίθενται,
1005 3297 1099 3350 καὶ
1129 3297 1209 3358 εἰς
1249 3295 1340 3348 τὸν
1376 3296 1768 3350 ἀκατάσειστον
1796 3294 1943 3351 οἷκον

2051 3297 2120 3349 tia
2154 3309 2184 3349 a
2207 3296 2469 3364 sapiente,
2491 3295 2542 3350 id
2582 3306 2686 3362 est,
2709 3295 2880 3352 Filius
2911 3311 2940 3350 a
2970 3297 3133 3351 Patre
3157 3314 3170 3350 :
3197 3295 3274 3350 sic
3301 3309 3367 3349 ne
3391 3292 3628 3362 Spiritus

341 3395 639 3450 ἐπάνεισιν
687 3389 778 3443 τὶν
824 3389 883 3441 ἐν
929 3389 1146 3461 ἀρχαῖς,
1193 3385 1316 3440 ὅθεν
1367 3386 1764 3458 ἀπεπήδησανο
1797 3387 1942 3458 πρά-

350 3504 544 3560 γματα
570 3483 832 3537 πλέκουσι
860 3479 938 3552 τῷ
971 3478 1307 3550 Ἀποστόλῳ,
1343 3477 1523 3532 αὐτῶν
1561 3478 1728 3532 ἕνεκα
1749 3477 1838 3550 [79
1864 3495 1895 3532 a
1922 3477 1944 3550 ]

351 3574 856 3648 διαμαρτυραμένῳ
878 3575 936 3626 ἐν
961 3574 1074 3636 τοῖς
1107 3571 1447 3642 ὲγκειμένοις
1476 3569 1642 3624 αὐτοῦ
1679 3569 1940 3640 ῥήμασιν,

361 3670 592 3723 ὲγῶπιον
617 3669 714 3739 τῆς
741 3666 997 3722 ἀκτίστου
1036 3664 1254 3736 φύσεως
1284 3665 1380 3717 καὶ
1421 3664 1522 3736 τῆς
1555 3661 1799 3732 κτιστῆς,
1834 3679 1939 3714 πα-

437 3824 550 3896 (12)
591 3821 1276 3879 ΡαναοίιιιιεΝἱιΙοὶίῑιιυιιι
1301 3817 1376 3874 De
1397 3816 1544 3888 Spir.
1578 3825 1758 3872 sancto
1787 3832 1935 3871 num.

359 3895 624 3952 27⁷6128.

433 3966 545 4038 (15)
578 3965 738 4038 ᾼίὶὸὶ.
764 3964 1046 4038 νξάΑθ-ροε.
1075 3960 1141 4016 18
1170 3969 1291 4038 _no_t.
1714 4026 1748 4038 _
1798 4025 1832 4038 η
1874 4027 1886 4038 .

458 4025 544 4106 14)
585 4035 791 4105 Siqua.
815 4025 1044 4106 Philipp.
1072 4048 1136 4106 ιι,
1165 4031 1214 4084 1.
1241 4030 1297 4082 iu
1322 4026 1778 4106 libroquoqueDe
1793 4025 1937 4095 Spir.

353 4099 539 4162 sancto
563 4099 713 4179 ntuli.
747 4107 833 4168 17,
866 4099 1039 4179 locum
1071 4105 1216 4158 hunc
1235 4099 1422 4179 eodem
1448 4103 1604 4179 modo
1626 4107 1938 4179 acceperat,

359 4191 621 4244 suamque
638 4175 1164 4245 interpretationem,
1191 4177 1282 4225 aut
1300 4178 1676 4240 argumentum
1700 4169 1821 4222 inde
1847 4169 1944 4222 du-

354 4258 504 4301 ctum
529 4246 750 4301 uberius
781 4245 1263 4314 explicaverat.u
1343 4309 1390 4314 _
1474 4307 1487 4314 _
1611 4305 1643 4314 _
1703 4306 1714 4314 _
1772 4307 1802 4314 __
1887 4307 1934 4314 Α.

429 4318 541 4388 (15)
588 4315 815 4370 Patrem.
839 4305 1039 4382 Codex,
1064 4315 1155 4367 τὸν
1177 4311 1310 4366 Θεὸν
1343 4307 1584 4378 Πατέρα.
1610 4305 1714 4361 Sed
1738 4307 1934 4378 aliquid

357 4389 711 4466 stippleptlttui
741 4402 859 4466 esse
891 4387 1232 4466 perspicuum
1269 4388 1392 4466 est:
1420 4387 1567 4449 puta,
1604 4377 1680 4441 ὡς
1712 4377 1806 4432 καὶ⁹
1851 4378 1938 4432 διὰ

357 4453 447 4512 τὸν
464 4453 608 4512 ’Θεὸν
641 4453 906 4529 Πατέρα(
926 4456 1008 4511 vel
1025 4453 1180 4508 aliud
1204 4453 1353 4521 quid.

595 4525 780 4599 Yerbp.
811 4527 939 4599 Vith
979 4535 1090 4599 not.
1121 4523 1210 4587 53,
1242 4518 1440 4599 ρειεκἹἶ

432 4597 548 4670 (17)
589 4597 692 4664 Qui
713 4597 863 4666 facit.
889 4597 1030 4651 Psal.
1049 4611 1168 4657 cut,
1192 4607 1336 4647 vers.
1361 4597 1486 4645 4.ln
1517 4597 1658 4668 libro
1689 4597 1762 4642 De
1789 4597 1934 4656 Spir.

358 4681 542 4724 sancto
568 4685 728 4740 Vnum.
761 4667 830 4721 56
873 4667 1142 4740 videbitur
1180 4662 1338 4736 paulo
1363 4660 1521 4715 aliter
1561 4658 1752 4740 legisse
1786 4660 1940 4740 Didy-

360 4755 503 4805 uvus,
533 4739 578 4793 si
615 4739 909 4810 editionem
935 4734 1302 4789 Veronensem
1325 4743 1664 4810 sequamur:-
1693 4734 1937 4810 siceuint

362 4799 564 4886 habet:
600 4826 618 4860 ι
649 4809 1010 4886 Appellantur_
1031 4820 1245 4886 quoque
1265 4799 1942 4886 supernasrationabiles-

360 4895 465 4946 que
493 4867 748 4943 virtutes;
767 4893 902 4948 quas
937 4867 1070 4932 solet
1101 4867 1380 4944 Sériptur'a
1421 4867 1659 4937 angelos,
1694 4880 1748 4922 et
1790 4869 1942 4922 forti-

363 4950 577 4992 tmlineg
622 4953 919 4992 nominans
957 4945 1218 4992 vncahulu
1245 4941 1490 4992 spiritus.
1524 4945 1581 4990 ιιι
1615 4937 1686 4992 ibi
1724 4955 1738 4991 :
1776 4958 1794 4991 ι
1839 4939 1940 4992 Otii

363 4939 577 5004 t'udines
622 4939 922 5014 nominare,
957 4939 1490 5012 vocabulo-spiritus,
1524 4945 1581 4990 ut
1615 4939 1686 4992 ibi
1724 4955 1738 4991 :
1776 4958 1794 4991 ι
1839 4939 1940 5005 Qui

363 5019 495 5094 lacis
535 5021 754 5094 angelos
795 5029 914 5074 tuos
960 5017 1204 5094 spiritus.
1243 5031 1262 5065 ι
1289 5013 1595 5094 rat'codexi
1624 5018 1806 5094 noster
1837 5026 1938 5064 ins.

360 5089 560 5170 aliique
597 5080 797 5170 habent
825 5105 841 5142 :
870 5099 928 5170 ut
966 5080 1040 5142 ibi
1073 5087 1150 5140 ait
1184 5101 1252 5170 at
1284 5080 1795 5170 Quilfacitauselps
1815 5095 1942 5170 suos

360 5149 598 5227 spiritus.
640 5179 658 5210 ι
702 5160 1072 5214 Tertulliauus
1113 5155 1316 5226 pariter
1346 5153 1438 5206 lib.
1472 5151 1666 5230 tuadv.
1705 5149 1941 5203 Marcio-

361 5245 476 5282 nem
505 5245 625 5290 cap.
656 5230 689 5284 8
717 5232 793 5283 sic
819 5231 947 5284 citat
986 5246 998 5282 :
1039 5245 1058 5278 ι
1088 5227 1187 5290 Qui
1215 5224 1364 5286 facit,
1391 5223 1584 5290 inquit,
1606 5222 1826 5288 spiritus
1845 5237 1940 5274 an-

361 5245 476 5282 nem
505 5245 625 5296 cap.
656 5230 689 5284 8
717 5232 793 5283 sic
819 5231 947 5284 citat
986 5246 998 5282 :
1039 5245 1058 5278 ι
1088 5229 1187 5291 Qui
1215 5229 1364 5286 facit,
1391 5229 1584 5290 inquit,
1606 5229 1826 5288 spiritus
1845 5237 1940 5274 an-

360 5299 528 5367 gelos,
548 5311 598 5352 et
624 5301 958 5368 apparitores
987 5298 1254 5351 flannnani
1281 5293 1440 5361 ignis.
1479 5311 1498 5343 ι

432 5370 544 5414 HR)
585 5368 723 5414 Ilua-
764 5369 778 5414 Ι
820 5371 884 5414 ad
920 5370 1048 5414 Cur-
1084 5383 1178 5414 xu-
1223 5364 1311 5414 15.
1353 5363 1540 5414 Graeca
1587 5361 1752 5414 editio
1799 5377 1812 5414 :
1862 5362 1943 5414 si:

367 5363 388 5367 ἡ
432 5370 544 5440 (18)
585 5363 724 5424 Urio.
763 5369 778 5422 Ι
820 5371 885 5424 ad
920 5370 1048 5424 Cor.
1083 5383 1178 5430 xu,
1223 5364 1311 5418 15.
1353 5363 1540 5418 Graeca
1587 5363 1752 5418 editio
1799 5377 1812 5414 :
1862 5363 1939 5424 εἰς

361 5436 443 5499 ἓν,
476 5443 575 5494 hoc
611 5451 696 5494 est
727 5460 746 5492 ‹
777 5441 831 5494 in
866 5456 993 5500 uno,
1032 5457 1052 5491 ›
1093 5448 1149 5491 ιιι
1183 5436 1346 5516 habet
1372 5431 1628 5556 Vulgitns
1654 5433 1938 5497 interpres.

365 5507 594 5556 Rufinus
622 5527 836 5556 nunnue
872 5508 1187 5556 Palu-.slimis
1227 5503 1356 5556 lenit.
1399 5514 1456 5554 ιιι
1530 5505 1736 5556 tdvutus
1773 5517 1787 5552 :
1819 5518 1939 5554 Itattt

365 5507 594 5564 lluftnus
622 5528 638 5560 ι
662 5527 836 5580 noque
872 5508 1187 5563 Paltcstinus
1227 5503 1356 5573 legit
1399 5514 1456 5554 ιιι
1482 5503 1736 5572 Didymus
1773 5517 1787 5552 :
1819 5518 1940 5554 nant

367 5578 420 5631 in
457 5579 593 5633 libro
626 5529 702 5634 be
727 5583 831 5649 [ille
857 5579 1082 5649 nunt.“
1110 5577 1190 5630 sic
1214 5576 1378 5649 legit:
1419 5590 1438 5622 ί
1481 5571 1655 5626 Unum
1685 5572 1944 5641 Spiritum

368 5652 526 5701 totati
564 5644 771 5708 sumus.
811 5669 830 5701 ι
865 5647 995 5703 Vide
1026 5663 1195 5716 segm-
1230 5644 1407 5716 i201“

437 5719 544 5792 (l9)
579 5719 652 5792 _In
692 5723 1053 5773 inconcussam
1080 5709 1312 5770 domum.
1347 5712 1588 5792 _li_e5pici_t
1626 5709 1752 5792 illud
1797 5710 1943 5792 Pauli

367 5781 420 5837 in
446 5781 539 5857 Ειιξ
577 5789 591 5840 Ι
629 5793 694 5843 ad
727 5792 866 5843 'l'iin.
895 5806 1014 5856 (τιν,
1051 5803 1132 5850 ιιι,
1166 5785 1405 5857 vers_._15
1443 5799 1456 5857 :_
1496 5801 1514 5831 ι
1538 5782 1605 5857 ΔΙιι
1639 5784 1796 5836 domo
1827 5781 1944 5857 Dei,

366 5853 592 5922 quac-cst
621 5861 860 5917 Ecclesia
904 5853 996 5913 Dei
1038 5859 1161 5913 vivi.
1210 5875 1228 5906 ι
1277 5854 1688 5910 Macedonianos
1723 5867 1851 5922 ergo
1891 5853 1945 5907 in

2049 3384 2267 3452 quidem
2298 3393 2518 3439 sanctus
2543 3386 2610 3440 ab
2632 3399 2718 3450 eo,
2745 3386 2898 3454 culus
2935 3397 3014 3442 est
3051 3386 3309 3457 Spiritus,
3357 3385 3498 3440 sicut
3541 3398 3635 3436 no-

2051 3475 2134 3528 bis
2165 3484 2248 3529 est
2269 3475 2494 3544 spiritus
2529 3477 2638 3542 ille,
2667 3492 2829 3547 quem
2864 3479 3156 3548 spiramus.
3191 3476 3376 3545 itaque
3417 3489 3511 3544 per
3540 3488 3626 3535 ea,

2050 3571 2105 3626 in
2130 3571 2325 3640 quibus
2353 3571 2733 3642 intempestive
2751 3590 2779 3627 a
2817 3574 2973 3629 nobis
2997 3573 3348 3636 dissentiunt,
3379 3581 3542 3638 atque
3570 3569 3625 3622 in

2049 3662 2425 3716 inconcussam
2454 3660 2670 3716 domum
2695 3663 2830 3732 (19),
2867 3662 2956 3715 ubi
2981 3663 3135 3716 initio
3169 3661 3327 3731 175
3369 3667 3544 3724 erant,
3574 3671 3630 3714 et

2041 3814 2294 3871 Ecclesia:
2323 3812 2601 3870 catholica:
2630 3815 2806 3868 sinum
2838 3814 3015 3870 redire
3043 3814 3176 3880 vult,
3205 3831 3367 3884 quam
3407 3815 3627 3869 domum

2042 3887 2422 3940 inconcussam
2454 3895 2632 3949 vocat,
2660 3886 2800 3952 quod
2834 3903 2852 3936 ι
2888 3885 3122 3947 concuti,
3157 3904 3173 3937 ι
3212 3888 3260 3940 id
3280 3897 3363 3940 est
3394 3885 3501 3939 falli
3534 3901 3630 3940 nc-

2039 3965 2224 4024 queat,
2255 3965 2443 4025 utpote
2474 3974 2493 4006 ι
2524 3955 2770 4010 columna
2799 3965 2852 4009 et
2875 3955 3272 4009 firmamentum
3305 3957 3571 4024 veritatis,
3604 3972 3624 4006 ι

2041 4027 2111 4080 de
2148 4040 2252 4095 qua
2293 4025 2520 4095 proinde
2554 4025 2716 4080 etiam
2753 4025 2804 4080 in
2836 4034 3130 4080 comment.
3176 4027 3229 4078 in
3267 4025 3510 4080 Psalnios
3562 4029 3631 4081 ad

2041 4109 2185 4167 vers.
2222 4095 2290 4151 10
2313 4095 2450 4167 psal.
2481 4111 2582 4167 xcv
2617 4095 2694 4167 sic
2722 4095 2964 4166 loquitur
2991 4095 3160 4167 ι-Τὴν,
3179 4095 3507 4167 Ἐκκλησίαν
3531 4096 3631 4151 αὐ-

2039 4164 2157 4238 τοῦ,
2200 4167 2324 4237 ἥτις
2359 4165 2420 4220 οὐ
2458 4164 2859 4238 ,σαλευθήσεται
2886 4183 2900 4196 ⁸
2951 4164 3341 4238 τεθεμελίωται
3368 4164 3496 4238 ’γὰρ
3535 4168 3630 4220 ἐπὶ

2043 4233 2142 4307 τὴν
2176 4233 2401 4307 πέτραν,
2453 4237 2504 4291 id
2545 4245 2626 4292 est
2660 4233 3010 4309 (Ecclesium
3061 4233 3177 4309 ejus
3221 4237 3338 4309 (Dei
3377 4233 3628 4306 scilicet),

2044 4320 2167 4374 quae
2216 4323 2331 4375 non
2361 4309 2737 4372 concutietur;
2772 4308 2988 4363 fundata
3035 4308 3178 4362 enim
3217 4308 3300 4362 est
3345 4322 3507 4374 supra
3539 4324 3632 4375 pe-

2047 4386 2206 4432 tram.
2246 4395 2265 4427 i
2306 4374 2495 4432 Plures
2526 4393 2688 4446 porro
2723 4379 2900 4432 adhuc
2926 4389 3103 4443 erant,
3147 4393 3269 4432 cuin
3303 4378 3416 4432 lucc
3459 4374 3630 4432 dicta-

2046 4446 2241 4518 bantur
2272 4463 2300 4499 a
2345 4448 2589 4518 Didyme,
2622 4464 2724 4502 non
2756 4451 2926 4502 solum
2961 4447 3078 4518 laici
3118 4459 3172 4502 et
3199 4449 3402 4512 clerici,
3435 4449 3628 4518 sedet

2045 4515 2302 4586 episcopi,
2347 4515 2456 4585 qui'
2489 4519 2888 4586 Scripturarnin
2935 4533 2997 4572 ac
3051 4517 3267 4574 Patrum
3319 4520 3384 4574 de
3426 4517 3629 4587 Spiritu

640 4599 692 4650 ui
713 4597 863 4666 facit.
889 4594 1030 4651 Psal.
1049 4611 1168 4657 cut,
1192 4586 1337 4666 vers:
1361 4589 1486 4666 A._ln
1515 4587 1658 4666 libro
1689 4586 1762 4642 De
1786 4588 1934 4666 Spir.
1971 4595 2015 4649 1)
2045 4596 2235 4666 sancto
2262 4587 2664 4666 locuti-onesita
2701 4587 3042 4666 accipiendas
3067 4586 3631 4666 essesentiebautgit

2043 4669 2136 4726 eas
2158 4655 2526 4711 Macedoniani
2564 4655 3080 4726 interpretabantur.
3124 4658 3488 4712 Nihilmuinus
3537 4657 3630 4711 Di-

2042 4724 2376 4808 dymusduo
2427 4724 2800 4808 hictanquani
2843 4736 2992 4806 certa
3045 4727 3208 4808 habet
3244 4745 3257 4781 :
3289 4729 3492 4808 priino_
3513 4741 3627 4808 eos,

2041 4797 2132 4864 qui
2169 4795 2476 4867 huiusmodi
2513 4795 2810 4867 locutiones
2848 4797 2928 4851 sic
2961 4795 3326 4867 explicabunt,
3354 4807 3412 4850 ut
3460 4796 3633 4867 Spiri-

2045 4874 2157 4919 tum
2189 4877 2434 4922 sanctum
2463 4865 2609 4920 Patri
2643 4865 2891 4936 Filioque
2916 4866 3437 4936 consubstantialem
3471 4865 3632 4920 deno-

2045 4942 2239 5008 tarent,
2295 4949 2422 5008 esse
2462 4937 2604 5008 illam
2631 4935 2865 5008 WCbriSti
2915 4935 3236 5008 Ecclesium,
3279 4953 3443 5008 quant
3495 4935 3630 4993 fides

2043 5007 2202 5059 docet
2245 5021 2367 5063 esse
2415 5005 2754 5061 infallihilem
2811 5024 2826 5062 :
2879 5007 3074 5063 deinde
3125 5005 3541 5063 Macedonianos
3575 5008 3628 5060 in

2044 5075 2285 5131 Ecclesia
2325 5077 2556 5147 amplius
2584 5094 2687 5131 non
2716 5081 2997 5134 exsistere.
3040 5077 3237 5132 Verum
3276 5077 3320 5131 si
3351 5077 3404 5133 in
3430 5077 3631 5132 Febru-

2046 5148 2207 5200 niana
2242 5149 2439 5216 potius,
2475 5163 2634 5217 quant
2680 5149 2731 5202 in
2769 5148 3068 5217 theologica
3121 5147 3305 5203 schola
3351 5147 3630 5201 institutus

2047 5217 2255 5283 fuisset,
2280 5218 2422 5272 haud
2452 5220 2563 5273 scio
2602 5234 2668 5271 an
2698 5220 2810 5273 lucc
2842 5222 2946 5274 duo
2981 5218 3208 5273 fidenter
3241 5228 3625 5272 asseverasset.

2044 5285 2240 5360 Quaero
2286 5288 2432 5342 enim
2483 5304 2549 5342 ex
2601 5301 2891 5356 personato
2936 5291 3025 5343 illo
3059 5287 3444 5360 juriscousulto
3477 5285 3626 5360 [nam

2043 5373 2108 5412 eo
2130 5357 2244 5426 jam
2273 5368 2490 5412 ventum
2523 5370 2627 5421 est,
2668 5368 2724 5412 ut
2755 5361 2821 5414 de
2851 5360 3163 5428 theologicis
3211 5359 3370 5412 rebus
3402 5357 3629 5428 iurispe-

2047 5428 2180 5482 ritos
2211 5429 2516 5494 consulere,
2545 5441 2598 5484 et
2627 5445 2745 5497 quae
2779 5446 2842 5484 ex
2883 5431 3146 5498 theologis
3173 5428 3500 5498 accepiums,
3534 5432 3628 5498 dc-

2047 5499 2258 5552 disccre
2276 5515 2371 5553 nos
2393 5499 2587 5554 debere
2608 5501 2939 5556 contendant
2965 5497 3087 5553 novi
3112 5499 3198 5553 isti
3223 5497 3625 5567 jurisc0nsulti,

2048 5578 2106 5641 ut
2145 5583 2209 5622 ea
2266 5570 2558 5641 discamus,
2609 5586 2728 5638 apta:
2767 5570 2875 5641 ipsi
2925 5585 3023 5623 nos
3062 5567 3364 5641 dedoecut)
3412 5585 3620 5638 quanio,

2049 5639 2292 5708 inquam,
2322 5654 2386 5692 ex
2418 5649 2490 5702 te,
2525 5639 2737 5693 .IuStine
2765 5639 3025 5705 Febroui,
3055 5655 3290 5708 quonam
3326 5639 3483 5694 modo
3511 5642 3628 5694 haec

2047 5709 2154 5762 duo
2191 5722 2314 5763 vera
2365 5713 2651 5763 ostendere
2698 5710 2955 5779 Didymus
3006 5710 3306 5779 potuisset?
3346 5710 3426 5763 An
3467 5725 3529 5762 ex
3561 5726 3627 5763 eo

2048 5780 2190 5846 quod
2217 5779 2492 5833 Romanus
2521 5780 2823 5848 cpiscopus,
2851 5788 2944 5833 aut
2971 5781 3209 5835 ltotnaua
3240 5782 3481 5835 Ecclesia
3528 5779 3629 5831 Ec-

2050 5851 2334 5907 clesiaruin
2386 5853 2626 5906 omnium
2688 5852 2946 5924 magistra
2995 5850 3434 5909 Macedonianani
3481 5850 3622 5904 illa.u
