4114 6426
404 452 511 511 555
1642 440 1800 496 DIDY
1811 441 1879 494 ill
1918 436 2388 493 ALEXANDRIN!
3555 438 3659 491 ἓίῖἱϐ

406 576 601 635 aquam
633 564 686 617 iu
713 561 801 618 siti
829 557 1230 616 ambulantibus
1261 556 1313 611 in
1336 554 1519 620 sicco;
1550 554 1821 623 imponam
1856 551 1979 621 Spi-

2084 546 2330 619 ἀνύδρῳ·
2378 544 2626 617 ἐπιθήσω
2657 543 2718 597 τὸ
2763 541 2985 614 Πνεῦμά
3047 561 3148 614 μου
3200 543 3295 598 ἐπὶ
3339 543 3401 598 τδ
3443 545 3661 616 σπέρμα

406 658 571 711 ritum
595 669 773 710 meum
820 668 983 723 super
1014 666 1201 708 semen
1241 659 1416 715 tuum,
1473 655 1528 702 et
1576 646 1981 701 benedictiones

2085 659 2199 706 σου,
2250 639 2345 693 καὶ
2393 638 2492 703 τὰς
2542 636 2788 705 εὐλογίας
2840 654 2942 709 μου
2984 637 3077 690 ἐπὶ
3110 638 3180 691 τὰ
3212 637 3379 692 τέκνα
3416 656 3539 691 σου⁸
3567 641 3664 695 καὶ

408 761 556 802 meas
606 760 771 816 super
824 744 972 799 ﬁlios
1030 753 1202 798 tuos:
1243 751 1298 797 et
1336 738 1650 795 exorientur
1701 736 1754 791 in
1808 735 1982 789 medio

406 845 579 902 aqum,
625 832 766 888 sicut
818 831 1024 898 herba,
1076 839 1131 885 et
1185 830 1328 885 sicut
1376 826 1512 882 salix
1560 840 1726 895 super
1754 833 1982 893 practer-

404 922 659 978 lluentem
726 938 943 991 aquam.
1016 942 1034 975 ι
1093 920 1194 976 llic
1250 932 1470 990 quoque
1532 917 1680 973 locus
1723 930 1978 971 arcanum

406 1030 628 1070 sensum
670 1015 935 1080 continet,
978 1022 1140 1084 atque
1180 1012 1528 1083 allegoricam
1567 1008 1977 1077 explicationem

408 1104 592 1160 liabet.
630 1103 762 1158 Nam
797 1104 904 1169 bis,
931 1104 1128 1174 inquit,
1157 1104 1245 1171 qui
1279 1101 1604 1171 baptismum
1636 1098 1748 1171 (30)
1810 1098 1974 1168 igno—

407 1202 531 1247 rant
570 1193 796 1264 ideoque
838 1194 892 1248 in
937 1194 1081 1248 sicco
1133 1191 1430 1255 ambulant,
1480 1208 1500 1243 ι
1553 1190 1821 1260 imponam
1857 1186 1980 1256 Spi-

407 1286 569 1337 ritum
602 1298 780 1339 meum
808 1323 823 1351 ,
854 1303 880 1336 ηι
908 1285 996 1353 qui
1029 1282 1242 1337 ellicere
1270 1289 1469 1351 potest,
1497 1289 1557 1334 ut
1591 1295 1689 1350 per
1711 1279 1976 1350 piscinam

406 1372 761 1430 reﬂorescant
791 1374 936 1430 sicut
966 1374 1159 1443 plantae
1198 1371 1464 1442 aquatica;
1487 1412 1500 1436 ,
1533 1380 1588 1425 et
1625 1388 1643 1421 ι
1681 1368 1821 1424 sicut
1862 1365 1976 1440 (3|)

408 1467 636 1538 lignum,
672 1468 812 1539 quod
844 1469 1138 1534 plantatum
1176 1474 1257 1522 est
1292 1481 1448 1520 secus
1492 1466 1757 1519 decursus
1810 1478 1978 1531 aqua-

411 1574 553 1622 rum,
595 1562 733 1627 quod
760 1559 992 1614 fructum
1031 1574 1184 1613 suum
1219 1558 1368 1613 dabit
1403 1558 1456 1612 in
1493 1566 1736 1626 tempore
1782 1572 1898 1621 suo,
1927 1565 1981 1611 et

407 1651 593 1705 folium
629 1634 745 1721 ejus
774 1666 876 1705 non
914 1648 1129 1705 deﬂuet.
1170 1668 1189 1702 ι
1234 1648 1298 1702 Et
1332 1663 1491 1704 sacer
1513 1648 1724 1703 l’saltcs
1761 1649 1812 1702 id
1838 1649 1980 1715 quod

412 1754 467 1793 re
501 1755 688 1793 verum
720 1748 800 1794 est
830 1781 843 1805 ,
891 1738 1070 1793 verbis
1116 1739 1405 1793 obscurum
1461 1738 1864 1805 quodammodo
1912 1753 1976 1792 ex

403 1832 729 1887 ncccs~itate
790 1832 1038 1898 lacicns,
1098 1829 1152 1886 in
1202 1845 1354 1885 xxxv
1420 1831 1631 1900 psalmo
1695 1831 1978 1889 concinit:

2082 729 2432 786 ἁνατελοῦσιν
2464 729 2569 784 ἀνὰ
2619 728 2784 800 μέσον
2834 728 3047 793 ὓδατος,
3089 729 3164 793 ὡς
3195 729 3409 801 χόρτος,
3431 723 3541 783 ’καὶ
3587 729 3662 794 ὡς

2086 822 2201 875 ἰτέα
2236 822 2328 875 ἐπὶ
2364 819 2678 894 παραρρέον
2711 818 2877 892 ὕδωρ.
2917 840 2935 872 ι
2970 822 3080 875 Καὶ
3108 819 3268 874 τοῦτο
3298 820 3386 875 διὰ
3414 821 3663 894 κρυφίων

2080 913 2194 982 ἔχει
2228 913 2426 985 νοητὴν
2476 912 2763 984 διαίρεσιν.
2807 913 2933 975 Τοῖς
2976 912 3085 985 γὰρ
3126 916 3183 967 ὲν
3216 913 3427 986 ἀγνοίᾳ,
3476 914 3660 985 φησὶν,

2081 1002 2099 1074 [
2121 1003 2189 1057 80
2214 1001 2286 1076 α]
2308 1003 2669 1073 τυγχάνουσιν
2700 1000 2794 1056 τοῦ
2854 1002 3249 1076 βαπτίσματος,
3280 1007 3374 1058 καὶ
3397 1005 3483 1057 διὰ
3507 1004 3663 1058 τοῦτο

2082 1095 2469 1169 πορευομένοις
2488 1096 2547 1149 έν
2566 1095 2803 1167 ἀνύδρῳ,
2832 1114 2851 1148 ι
2881 1095 3129 1169 ἐπιθήσω
3150 1097 3210 1150 τὸ
3236 1096 3459 1167 Πνεῦμα
3488 1114 3611 1167 μου,
3639 1120 3655 1146 ι

2079 1188 2142 1241 τὸ
2194 1189 2419 1260 ποιῆσαι
2458 1188 2758 1259 δυνάμενον
2809 1190 2909 1261 τὴν
2961 1189 3349 1261 κολυμϐήθραν
3393 1189 3660 1259 ἀναθῆλαι

2081 1283 2297 1346 αὐτοὺς,
2317 1283 2393 1346 ὼς
2420 1281 2489 1335 τὰ
2516 1282 2747 1353 φίλυδρα
2776 1280 2885 1334 τῶν
2922 1280 3123 1351 φυτῶν,
3152 1281 3248 1334 καὶ
3276 1301 3292 1333 ι
3319 1281 3393 1344 ὼς
3414 1281 3474 1334 τὸ
3505 1281 3661 1348 ξύλον

2081 1374 2142 1427 τὸ
2172 1374 2579 1445 πεφυτευμένον
2614 1373 2766 1446 παρὰ
2794 1373 2892 1437 τὰς
2923 1372 3187 1437 διεξόδους
3218 1373 3328 1426 τῶν
3360 1372 3568 1426 ὑδάτων
3589 1387 3601 1403 '
3632 1373 3659 1426 ἒ

2080 1463 2173 1516 τὸν
2228 1462 2438 1538 καρπὸν
2476 1461 2642 1516 αὐτοῦ
2693 1461 2856 1516 δώσει
2905 1464 2962 1514 ὲν
3016 1460 3192 1533 καιρῷ
3239 1460 3425 1525 αὑτοῦ,
3473 1463 3565 1515 καὶ
3602 1463 3661 1514 τὸ

2083 1550 2279 1622 φύλλον
2299 1550 2461 1606 αὐτοῦ
2484 1551 2583 1604 οὐκ
2613 1551 3039 1623 ἁπορρυήσεται.
3074 1570 3091 1600 ι
3119 1551 3229 1603 Καὶ
3255 1553 3283 1604 6
3317 1550 3659 1621 ίεροψάλτης,

2080 1643 2142 1697 τὸ
2174 1641 2374 1714 ἀληθὲς
2406 1640 2484 1713 τῷ
2510 1640 2798 1713 πράγματι
2826 1641 3028 1710 ἀφανές
3061 1659 3176 1705 πως
3211 1639 3288 1711 τῷ
3313 1640 3455 1712 λόγῳ
3487 1641 3575 1695 διὰ
3601 1642 3661 1694 τὸ

2081 1735 2379 1803 ἀναγκαῖον
2432 1730 2627 1800 ποιῶν,
2678 1731 3007 1803 ,ἀναμέλπει,
3061 1735 3117 1785 ἐν
3176 1732 3275 1803 μὲν
3328 1731 3399 1784 λε’
3440 1732 3656 1803 ψαλμῷ-

2088 1843 2107 1877 ι
2144 1826 2266 1879 ’Ὀτι
2301 1825 2455 1898 παρὰ
2488 1827 2571 1879 σοὶ
2600 1825 2751 1897 πηγὴ
2792 1822 2971 1894 ζωῆς·
3014 1845 3031 1877 ι
3065 1826 3123 1876 ἐν
3168 1824 3224 1878 δὲ
3267 1824 3424 1896 ρμξ”
3476 1843 3494 1876 ε
3543 1826 3661 1891 Ἔξ-

414 1945 430 1975 ι
481 1925 747 1992 Quoniam
782 1924 897 1994 (52)
929 1923 1066 1993 apud
1123 1933 1174 1978 te
1210 1932 1290 1979 est
1319 1922 1438 1978 fons
1470 1923 1628 1989 vitae;
1667 1942 1684 1974 ι
1720 1925 1770 1976 in
1803 1937 1978 1977 chvtt

2084 1916 2371 1969 αποστελεϊ
2403 1916 2494 1970 τὸν
2521 1916 2693 1985 Λόγον
2726 1915 2913 1979 αὐτοῦ,
2950 1917 3043 1969 καὶ
3075 1915 3227 1987 τήξει
3258 1916 3422 1970 αὐτά·
3443 1917 3661 1970 πνεύσει

407 2027 624 2073 autem:
658 2038 676 2069 ι
706 2016 925 2071 Emitth
962 2015 1072 2087 (55)
1110 2016 1339 2070 Verbum
1370 2028 1546 2078 suum,
1578 2021 1631 2067 et
1677 2012 1983 2081 liquefaciet

403 2122 466 2162 ea
524 2105 727 2161 :Ilabit
790 2106 1025 2175 Spiritus
1082 2106 1241 2174 ejus,
1314 2114 1368 2157 et
1421 2101 1584 2157 nitent
1632 2116 1815 2170 aquae.
1878 2117 1984 2156 ma-

404 2214 566 2268 gnam
602 2197 877 2253 civitatem
917 2195 1030 2267 (δι)
1066 2196 1157 2250 Dei
1217 2194 1556 2250 laetiﬁcantes
1589 2212 1603 2248 :
1654 2214 1671 2245 i
1705 2194 1829 2248 haec
1882 2209 1980 2248 au-

405 2301 514 2344 tem
543 2297 634 2345 ἐει
663 2296 774 2342 tota
813 2296 976 2341 terra.
1014 2286 1083 2342 Ut
1108 2286 1252 2341 enim
1284 2285 1362 2340 sic
1393 2285 1605 2352 loquar,
1640 2286 1780 2355 quod
1809 2284 1982 2338 homi-

406 2378 561 2433 nibus
576 2389 661 2432 est
682 2391 1016 2447 unaquaeque
1029 2377 1239 2442 civitas,
1256 2378 1357 2432 hoc
1372 2376 1484 2446 (55)
1498 2374 1872 2442 Oiunipotenti
1900 2384 1981 2431 est

408 2464 795 2522 terra.Ba~ruch
825 2466 1074 2534 populum
1099 2463 1426 2535 deﬂens,qui
1453 2466 1503 2518 iu
1526 2465 1689 2536 178
1707 2475 1846 2519 terra
1869 2475 1985 2521 erat

386 2556 781 2614 Chaldaeorum
836 2556 1095 2627 Spiritum
1147 2566 1393 2612 sanctum
1454 2572 1561 2611 non
1643 2557 1981 2621 habentium,

412 2649 652 2704 clamat:
692 2668 712 2702 ι
744 2649 883 2719 Quid
922 2650 1016 2705 tibi
1051 2648 1161 2720 (36)
1196 2656 1299 2716 est,
1330 2649 1540 2704 Israel?
1576 2652 1719 2719 quod
1752 2651 1803 2704 iu
1842 2659 1982 2705 terra

406 2740 748 2796 Inimicorum
780 2755 860 2807 es,
926 2740 1241 2796 inveterasti
1295 2739 1350 2796 in
1408 2749 1553 2795 terra
1586 2740 1763 2794 aliena
1787 2780 1802 2805 ,
1836 2739 1987 2794 coin-

406 2831 668 2899 quinatus
702 2846 760 2886 es
790 2846 910 2886 cum
951 2832 1177 2886 mortuis
1200 2870 1216 2896 ,
1270 2839 1550 2899 reputatus
1585 2843 1645 2883 es
1695 2844 1819 2884 cum
1875 2828 1983 2894 liis,

406 2920 499 2988 qui
532 2928 658 2974 sunt
712 2920 764 2973 in
813 2919 1026 2974 lnl'erno
1074 2918 1458 2988 :dereliquisti
1511 2919 1712 2972 lonlem
1759 2917 1987 2987 Sapien-

407 3008 614 3063 tiaezln
643 3008 725 3062 via
755 3006 847 3062 Dei
894 3009 937 3063 si
983 3008 1340 3070 ambulasses,
1399 3006 1703 3062 habitasses
1750 3007 1802 3061 in
1856 3022 1985 3076 pace

406 3098 665 3155 sarculum
731 3109 960 3167 tempus.
1027 3118 1046 3152 ι
1098 3097 1266 3153 Porro
1336 3100 1540 3152 fontem
1582 3098 1711 3153 dicit
1763 3098 1983 3166 Deum;

2082 2008 2143 2061 τὸ
2174 2007 2398 2080 Πνεῦμα
2432 2008 2599 2062 αὐτοῦ
2620 2049 2634 2071 ,
2681 2008 2774 2062 καὶ
2809 2008 3071 2078 ρυήσεται
3104 2007 3270 2062 ὕδατα
3304 2009 3661 2084 εὐφραίνοντα

2083 2101 2182 2174 τὴν
2213 2102 2366 2155 πόλιν
2395 2100 2489 2156 τοῦ
2526 2100 2660 2156 Θεοῦ
2692 2101 2787 2173 τὴν
2825 2102 3098 2173 μεγάλην·
3133 2121 3153 2154 ι
3188 2101 3326 2175 αῦτη
3360 2102 3416 2156 δέ
3450 2105 3597 2157 ἐστιν
3627 2106 3660 2174 ἡ

2086 2195 2236 2248 πᾶσα
2268 2193 2579 2264 οἰκουμένη.
2617 2193 2715 2247 Ἵν⁹
2754 2193 2927 2258 οὕτως
2954 2195 3063 2266 γὰρ
3091 2193 3249 2257 εἴπω,
3281 2196 3418 2266 ὅπερ
3450 2194 3663 2266 ἀνθρὼ-

2085 2299 2208 2348 ποις
2243 2282 2389 2336 ἐστὶν
2433 2283 2635 2355 ἑκάστη
2678 2283 2850 2350 πόλις,
2886 2285 3043 2336 τοῦτο
3076 2284 3477 2356 παντοκράτορι
3508 2286 3541 2355 ἡ
3586 2287 3664 2337 οἰ-

2086 2375 2347 2448 κουμένη.
2380 2375 2597 2446 Βαροὺχ
2626 2375 3053 2446 ἀποκλαιόμενος
3082 2376 3173 2430 τὸν
3197 2377 3324 2431 λαὸν
3351 2379 3479 2432 ὄντα
3504 2381 3562 2433 ὲν
3591 2382 3661 2450 γῇ

2084 2466 2366 2521 Χαλδαίων
2393 2467 2503 2520 τῶν
2538 2467 2761 2539 Πνεῦμα
2792 2469 2946 2538 ἃγιον
2982 2469 3058 2541 μὴ
3090 2471 3342 2542 ἐχόντων,
3376 2471 3502 2544 βοᾷο
3546 2492 3563 2523 ι
3599 2474 3663 2525 Τί

2085 2557 2168 2609 σοί
2196 2559 2364 2622 ἐστιν,
2408 2557 2647 2628 Ἰσραὴλ,
2674 2558 2760 2610 ὅτι
2807 2560 2864 2612 ὲν
2907 2562 2978 2631 γῇ
3009 2561 3117 2614 τῶν
3144 2561 3353 2634 ἐχθρῶν
3381 2558 3467 2629 si;
3505 2564 3662 2616 Ἐπα-

2084 2649 2323 2721 λαιὼθης
2355 2651 2415 2703 ὲν
2445 2653 2515 2722 γῇ
2559 2650 2816 2722 ἀλλοτρίᾳ
2837 2691 2851 2716 ,
2894 2652 3258 2724 συνεμιάνθης
3291 2656 3403 2718 τοῖς
3428 2657 3661 2726 νεκροῖς,

2089 2739 2516 2812 προσελογίσοης
2571 2740 2709 2812 μετὰ
2755 2741 2865 2795 τῶν
2915 2745 2998 2806 εἰς
3049 2744 3198 2815 ᾅδου.
3278 2745 3661 2814 Ἐγκατέλιπες

2092 2831 2274 2904 πηγὴν
2320 2832 2418 2904 τῆς
2452 2833 2672 2903 σοφίας·
2708 2836 2773 2905 τῇ
2811 2833 2917 2905 ὁδῷ
2950 2835 3044 2887 τοῦ
3090 2835 3224 2890 Θεοῦ
3259 2840 3308 2891 εί
3340 2838 3661 2911 ἐπορεύθης.
3716 2910 3720 2915 _

2090 2924 2358 2995 κατῴκεις
2401 2924 2466 2979 ἂν
2498 2926 2556 2979 ὲν
2588 2926 2781 2998 εἰρήνῃ
2816 2924 2907 2978 τὸν
2950 2926 3122 2980 αἰῶνα
3153 2928 3342 3000 χρόνον
3368 2947 3381 2959 ·
3427 2949 3444 2982 ι
3481 2931 3662 3002 πηγὴν

2087 3017 2176 3070 τὸν
2214 3016 2368 3078 Θεὸν,
2402 3017 2593 3086 σοφίαν
2638 3019 2698 3073 τὸ
2726 3021 2881 3088 ἅγιον
2906 3018 3136 3091 Πνεῦμα
3169 3019 3362 3089 λέγων.
3413 3000 3660 3092 ’ῐωάννής

2088 3106 2196 3161 ἀπὸ
2220 3106 2313 3160 τοῦ
2347 3107 2478 3162 Υίοῦ
2514 3108 2652 3182 πρὸς
2682 3110 2782 3182 τὴν
2809 3111 3174 3182 Σαμαρείτιδα
3193 3128 3207 3142 ·
3243 3131 3264 3163 ι
3294 3113 3357 3167 Ei
3384 3113 3537 3184 ᾔδεις
3564 3115 3661 3185 τὴν
3722 3119 3731 3191 λ

421 3190 747 3259 sapientiam
783 3186 1043 3260 Spiritum
1079 3199 1348 3244 sanctum.
1381 3188 1618 3245 Joannes
1652 3204 1716 3245 ex
1750 3205 1980 3261 persona

2085 3197 2292 3268 δωρεὰν
2321 3197 2415 3252 τοῦ
2449 3198 2607 3263 Θεοῦ,
2640 3203 2735 3255 καὶ
2759 3202 2842 3266 τίς
2868 3203 3016 3256 ἐστιν
3046 3205 3074 3256 6
3101 3202 3274 3272 λέγων
3307 3221 3410 3268 σοι,
3441 3205 3540 3269 Δός
3570 3223 3659 3277 μοι

407 3258 532 3332 Filii
577 3278 644 3334 ad
677 3258 1079 3333 Samaritanam
1106 3297 1119 3333 :
1148 3296 1168 3331 ι
1210 3277 1266 3333 Si
1292 3278 1465 3334 scires
1495 3277 1605 3351 (57)
1634 3258 1831 3334 donum
1859 3280 1978 3345 Dei,

2089 3291 2255 3354 πιεῖν,
2296 3290 2361 3343 σὺ
2394 3290 2460 3343 ἂν
2492 3290 2700 3362 ᾔτησας
2722 3290 2910 3356 αὑτὸν,
2947 3292 3041 3345 καὶ
3073 3292 3272 3346 ἔδωκεν
3302 3294 3368 3348 ἄν
3403 3308 3483 3347 σοι
3518 3294 3658 3368 ὕδωρ

407 3379 464 3424 et
500 3369 621 3439 quis
643 3379 726 3425 est
749 3369 840 3439 qui
886 3369 1018 3426 dicit
1055 3370 1146 3425 tibi
1177 3388 1190 3425 :
1224 3365 1301 3423 Da
1332 3371 1463 3425 mihi
1497 3371 1702 3437 bibere,
1751 3380 1804 3453 tu
1832 3374 1988 3428 forsi-

409 3471 502 3516 tan
536 3461 782 3531 petiisses
812 3462 880 3517 ab
916 3476 1001 3530 eo,
1034 3472 1089 3518 et
1115 3463 1350 3517 dedisset
1388 3462 1482 3518 tibi
1507 3477 1698 3533 aquam
1731 3465 1931 3531 vivam,
1962 3484 1980 3518 I
2024 3499 2037 3511 ο

410 3555 460 3609 id
491 3562 606 3619 est,
641 3556 861 3622 piscinae
907 3555 1079 3610 sancti
1122 3554 1358 3624 Spiritus
1410 3555 1743 3611 immortales
1794 3572 1981 3626 aquas.

407 3643 560 3712 Quod
598 3647 743 3699 enim
788 3644 901 3701 haec
953 3646 1135 3701 omnia
1185 3646 1250 3703 de
1306 3645 1509 3716 Spiritu
1554 3644 1648 3701 Dei
1677 3647 1817 3704 dicta
1855 3649 1982 3714 sint,

408 3744 865 3793 rommemoratus
911 3737 1241 3807 evangelista
1282 3738 1671 3808 interpretatus
1715 3748 1799 3794 est
1827 3753 1985 3809 aper-

409 3829 481 3882 tis
506 3830 703 3883 verbis.
725 3829 857 3883 Cum
884 3829 1027 3884 enim
1052 3827 1304 3885 Salvator
1325 3829 1571 3893 dixisset,
1597 3846 1617 3880 ι
1640 3827 1698 3884 Si
1726 3830 1848 3899 quis
1870 3828 1980 3901 (58)

407 3918 555 3984 sitit,
607 3919 789 3974 veniat
837 3922 903 3974 ad
953 3935 1072 3986 me,
1113 3929 1169 3976 et
1209 3919 1357 3974 bibat
1397 3920 1529 3988 :qui
1562 3918 1737 3973 credit
1769 3920 1823 3974 in
1862 3937 1978 3985 me,

409 4006 550 4061 sicut
580 4008 718 4062 dixit
752 4007 1053 4078 Scriptura,
1086 4008 1309 4063 ﬂumina
1330 4022 1399 4063 ex
1437 4018 1627 4062 ventre
1656 4007 1772 4076 ejus
1812 4006 1984 4063 ﬂuent

340 4162 352 4173 _
407 4110 561 4169 aqua:
586 4096 752 4167 vivae;
785 4117 810 4152 ιι
843 4099 1026 4154 statim
1081 4098 1369 4169 subiunxit
1396 4115 1411 4152 :
1442 4116 1459 4150 ι
1499 4098 1612 4154 Hoc
1642 4107 1821 4154 autem
1850 4101 1986 4155 dixit

407 4188 475 4243 de
529 4186 776 4257 Spiritu,
842 4206 1003 4259 quem
1054 4190 1328 4257 accepturi
1382 4196 1537 4243 erant
1595 4189 1879 4246 credentes
1925 4191 1979 4246 in
2022 4211 2033 4223 ο

406 4293 551 4333 eum.
599 4298 619 4332 ι
1444 4332 1457 4343 ,

480 4365 667 4424 XXIII.
709 4370 971 4425 Creatura
1007 4369 1128 4424 oleo
1162 4378 1350 4423 creato
1392 4382 1457 4422 ac
1498 4368 1842 4424 sanctiﬁcata
1883 4385 1981 4425 un-

406 4461 551 4531 gitur
602 4461 654 4514 in
705 4462 992 4529 baptismo.
1046 4458 1337 4525 Salvator,
1417 4468 1603 4529 utpote
1674 4459 1838 4526 Deus,
1875 4476 1979 4516 uu-

408 4560 528 4604 ctus
573 4558 658 4604 est
716 4563 815 4603 suo
873 4551 1232 4620 undequaquo
1289 4562 1518 4615 sancto,
1574 4559 1629 4604 et
1668 4564 1860 4619 aeque,
1915 4565 1980 4605 ac

411 4641 522 4705 ipse
567 4640 810 4695 increato
845 4641 1073 4709 Spiritu,
1110 4657 1218 4712 pne
1246 4640 1587 4696 consortibus
1632 4642 1783 4708 suis,
1826 4641 1979 4697 nobis

408 4730 632 4785 scilicet.
692 4731 843 4799 Quod
897 4735 940 4787 si
975 4743 1224 4788 creatura
1272 4741 1416 4789 esset
1450 4734 1686 4804 Spiritus
1732 4745 1976 4800 sanctus,

408 4824 500 4878 illo
534 4833 728 4880 unctus
757 4825 868 4896 (59)
900 4841 1004 4881 non
1040 4825 1177 4880 foret
1220 4827 1284 4892 is,
1321 4825 1411 4895 qui
1446 4834 1533 4881 est
1564 4823 1980 4880 increatus.Te-

408 4933 517 4972 s.es
575 4917 735 4987 hujus
781 4919 858 4972 rei
920 4926 1070 4983 sunt,
1105 4931 1240 4986 quos
1270 4916 1520 4987 subjicio.
1554 4913 1723 4971 Isaias
1772 4931 1835 4970 ex
1868 4930 1984 4985 per-

410 5024 539 5063 sona
582 5008 881 5065 Salvatoris
907 5009 1093 5065 dicens
1127 5025 1142 5063 :
1177 5027 1198 5059 ι
1233 5006 1471 5078 Spiritus
1502 5006 1613 5077 (40)
1642 5006 1853 5060 Domini
1887 5021 1980 5060 su-

480 5124 985 5196 (30)_Baptismum.
1035 5125 1242 5196 Similia
1290 5122 1863 5196 haliet_llieronyniiis
1910 5124 1975 5176 ad

408 5193 754 5250 liunc'lsaiaa
783 5196 959 5251 locum
1005 5206 1132 5249 tom.
1159 5194 1248 5262 IV,
1282 5211 1402 5263 pag.
1428 5193 1554 5257 525,
1606 5195 1656 5246 iu
1694 5193 1975 5247 commen-

410 5265 562 5335 t_ariis
591 5283 605 5319 :
636 5266 781 5334 quod
808 5278 946 5334 Opus
977 5265 1196 5334 scripsit
1227 5274 1521 5335 postquam
1545 5263 1730 5335 decem
1762 5272 1818 5318 et
1849 5270 1974 5316 octo

408 5332 615 5403 Didymi
644 5332 696 5388 iu
729 5332 921 5390 Isaiam
948 5332 1122 5389 tomos
1155 5332 1393 5398 vidisset,
1425 5344 1482 5387 ut
1513 5334 1626 5403 ipse
1661 5333 1755 5386 ait.

480 5350 504 5387 ιι
545 5350 615 5388 mi
644 5351 696 5388 Ill
729 5350 921 5390 Isaiam
948 5350 1122 5389 tomos

480 5350 593 5474 (gl)
632 5403 799 5474 Sicut.
836 5404 975 5459 Psal.
1004 5419 1043 5468 ι,
1077 5404 1131 5458 ὅ.

481 5472 594 5542 (52)
636 5472 922 5542 Quoniam.
954 5473 1096 5529 Psal.
1125 5489 1288 5538 xxxv,
1323 5488 1463 5529 vers.
1495 5474 1584 5526 10.

479 5540 594 5611 ($5)
635 5541 872 5598 Eminet.
909 5542 1054 5599 Psal.
1083 5558 1285 5609 chvn,
1320 5559 1459 5598 vers.
1487 5542 1537 5596 7.

502 5612 591 5683 ξι)
632 5613 921 5683 Civitatem.
952 5613 1026 5669 Ex
1060 5615 1193 5683 psal.
1222 5629 1345 5683 xu.
1372 5626 1514 5667 vers.
1546 5612 1585 5683 ὲ
1610 5625 1702 5665 seu
1729 5609 1782 5664 ii.

470 5676 593 5761 I393)
636 5682 768 5737 Hoc.
805 5683 987 5739 Codex
1024 5676 1119 5739 τοῦ
1161 5684 1258 5755 τῷ.
1310 5682 1453 5753 Lego
1493 5680 1682 5744 τοῦτο,
1726 5679 1809 5733 vel
1850 5676 1976 5731 τοῦ-

413 5766 472 5804 Ἰο
501 5765 601 5802 τω.

484 5804 595 5890 (56)
638 5818 776 5884 Quid
838 5822 950 5875 tibi.
1000 5822 1208 5877 Barucli
1257 5835 1350 5885 ιιι,
1383 5820 1414 5873 7
1452 5834 1546 5873 seu
1585 5819 1683 5890 I0.
1727 5816 1977 5890 Gomphi:

414 5886 586 5947 tensis
615 5891 782 5946 editio
832 5906 1027 5961 paucas
1080 5893 1239 5946 habet
1286 5891 1593 5955 varietates,
1635 5887 1885 5943 nimirum
1920 5886 1976 5940 τί

2089 3378 2233 3443 ζῶν·
2279 3399 2298 3432 ι
2334 3380 2436 3450 τῆς
2485 3380 2869 3454 κολυμϐήθρας
2898 3380 2993 3435 τοῦ
3035 3383 3189 3453 ἁγίου
3236 3384 3550 3456 Πνεύματος
3590 3388 3658 3442 τὰ

2086 3470 2331 3527 ἀθάνατα
2357 3473 2574 3544 νάματα
2601 3473 2789 3541 λέγων
2841 3471 2962 3527 Ὀτι
2990 3474 3097 3545 γὰρ
3125 3474 3300 3529 πάντα
3326 3477 3500 3533 ταῦτα
3532 3481 3659 3549 περὶ

2089 3556 2179 3615 τοῦ
2220 3560 2537 3633 Πνεύματος
2588 3560 2683 3614 τοῦ
2723 3559 2858 3613 Θεοῦ
2894 3562 3130 3633 εἴρηται,
3182 3565 3211 3615 ὁ
3270 3567 3660 3636 μνημονευθεὶς

2087 3654 2482 3724 εὐαγγελιστὴς
2516 3653 2858 3724 ὴρμήνευσεν
2898 3654 2989 3707 ἐπὶ
3017 3653 3231 3721 λέξεως.
3268 3656 3373 3710 Τοῦ
3407 3658 3515 3731 γὰρ
3548 3660 3658 3713 Σω⁶

2085 3747 2248 3815 τῆρος
2279 3744 2544 3809 εἰπόντος,
2579 3763 2597 3794 ι
2632 3743 2699 3796 Εί
2718 3761 2803 3808 τις
2829 3745 2974 3818 διψᾷ,
3005 3747 3250 3818 ἐρχέσθω
3276 3748 3411 3820 πρὸς
3447 3752 3533 3822 μὲ,
3564 3751 3658 3804 καὶ

2084 3835 2304 3889 πινέτω.
2348 3836 2406 3889 '0
2434 3834 2704 3890 πιστεύων
2733 3838 2811 3899 είς
2843 3838 2961 3910 ἐμὲ,
2994 3839 3172 3905 καθὼς
3202 3837 3352 3896 εἶπεν
3381 3845 3412 3914 ἡ
3446 3844 3654 3916 Γραφὴ,

2096 3926 2334 3994 ποταμοὶ
2386 3927 2451 3978 ὲκ
2498 3926 2598 3997 τῆς
2644 3925 2853 3991 κοιλίας
2899 3929 3064 3983 αὑτοῦ
3112 3930 3393 4002 ῥεύσουσιν
3433 3932 3596 4005 [8οὺ
3635 3933 3654 4007 ]

2084 4014 2275 4079 ὕδατος
2312 4015 2534 4080 ζῶντος,
2567 4037 2586 4069 ι
2617 4017 2777 4083 εὐθὺς
2801 4021 3113 4092 ἐπήγαγενο
3145 4042 3164 4074 ι
3200 4023 3370 4078 Τοῦτο
3404 4025 3459 4079 δὲ
3500 4022 3656 4080 εἶπεν

2090 4108 2221 4177 περὶ
2251 4105 2345 4161 τοῦ
2381 4108 2719 4179 Πνεύματος,
2755 4104 2816 4165 οὗ
2861 4110 3083 4183 ἔμελλον
3131 4113 3424 4185 λαμϐάνειν
3461 4118 3509 4168 οἱ
3565 4135 3655 4171 πι-

2086 4198 2472 4264 στεύοντεςείς
2502 4201 2687 4257 αὐτόν.
2716 4221 2735 4254 ι

2150 4375 2279 4429 Kl".
2333 4375 2397 4429 Ἦ
2427 4375 2603 4440 κτίσις
2648 4374 2812 4448 ἐλαίῳ
2860 4379 3061 4450 κτιστῷ
3111 4381 3452 4454 ἁγιαζομένῳ
3488 4384 3546 4436 ἐν
3577 4382 3653 4455 τῷ

2081 4466 2417 4539 βαπτίσματι
2449 4468 2679 4539 χρίεται.
2738 4469 2795 4522 '0
2834 4469 3043 4543 Σωτὴρ,
3092 4472 3167 4536 ὡς
3206 4472 3357 4538 Θεὸς,
3405 4474 3485 4546 τῷ
3529 4494 3652 4529 συν.

2079 4555 2321 4627 ακτίστῳ
2333 4555 2494 4609 αὐτοῦ
2511 4555 2764 4627 ἐχρίσατο
2787 4559 3035 4629 παναγίῳ
3056 4558 3329 4630 Πνεύματι
3356 4563 3506 4634 παρὰ
3528 4565 3654 4629 τοὺς

2089 4646 2368 4718 μετόχους,
2400 4647 2565 4717 ἡμᾶς.
2600 4647 2662 4700 Et
2695 4646 2805 4719 γὰρ
2837 4649 3038 4720 κτίσμα
3078 4645 3165 4720 ἦν,
3208 4654 3309 4706 ούκ
3337 4652 3402 4707 ἂν
3430 4655 3507 4724 τῷ
3541 4656 3653 4727 ίδίῳ

2083 4738 2336 4810 ὲχρίσατο
2365 4738 2629 4807 ποιήματι
2657 4739 2685 4791 6
2718 4739 2990 4803 ἇκτιστος.
3028 4741 3319 4814 Μάρτυρες
3355 4745 3411 4797 δὲ
3441 4746 3490 4798 oi
3521 4747 3652 4800 ὑπο-

2082 4828 2486 4899 γεγραμμένοι·
2550 4828 2776 4892 Ἠσαίας
2824 4830 2932 4882 ἀπὸ
2987 4830 3080 4884 τοῦ
3134 4832 3384 4906 Σωτῆρος
3442 4835 3648 4905 λέγων*

2089 4938 2109 4972 ι
2143 4918 2367 4991 Πνεῦμα
2404 4919 2610 4991 Κυρίου
2638 4920 2724 4973 ἐπ’
2755 4921 2884 4992 ἐμὲ,
2918 4915 2979 4976 οὗ
3011 4923 3215 4978 εἵνεκεν
3239 4925 3423 4999 έχρισέ
3468 4945 3536 4998 με
3576 4945 3589 4958 ο
3628 4947 3646 4980 ι

2085 5009 2249 5063 Δαυτδ
2281 5010 2370 5062 δέ’
2410 5028 2428 5061 ι
2462 5009 2563 5063 Διὰ
2593 5010 2750 5064 τοῦτο
2799 5010 2982 5083 ἐχρισέ
3028 5031 3087 5067 σε
3113 5017 3141 5068 6
3173 5015 3364 5085 Θεὸς,ό
3392 5018 3525 5083 Θεός
3558 5035 3650 5075 σου

2080 5126 2453 5221 agriagrth
2488 5127 2568 5179 σοί
2615 5127 2767 5215 ἐστιν
2836 5129 2920 5221 let,
2965 5128 3077 5221 ripa;
3098 5130 3280 5203 πηγὴν
3329 5131 3428 5203 τῆς
3460 5134 3652 5221 σοφίας

2078 5199 2144 5266 τῇ
2186 5196 2310 5267 ὁδῷ.
2355 5196 2452 5258 Ει,
2492 5196 2806 5279 κατῴκισας
2829 5199 2908 5279 ’ὲν
2961 5196 3200 5281 εἰρήνῃ,
3237 5196 3336 5270 pro
3383 5196 3651 5284 κατῴκεις

2081 5265 2147 5318 ἂν
2180 5268 2237 5350 εγ
2290 5265 2505 5337 εἰρήνῃ.
2543 5267 2675 5320 Alne
2713 5270 2977 5324 editiones
3010 5272 3144 5326 altas
3192 5271 3396 5327 habent
3443 5276 3649 5329 discre-

2082 5347 2313 5403 pantias.

2152 5405 2263 5477 ('57)
2306 5404 2364 5477 Si
2394 5405 2588 5477 scires.
2604 5404 2759 5460 Joau.
2785 5423 2859 5471 tv,
2891 5407 2978 5462 10.

2151 5473 2264 5547 (38)
2305 5473 2366 5530 Si
2396 5476 2531 5544 quis.
2561 5473 2717 5530 Juau.
2744 5490 2814 5531 vn
2834 5520 2846 5539 ,
2880 5478 3065 5534 57-39.
3095 5478 3283 5535 Graeca
3314 5481 3478 5535 editio
3508 5498 3521 5534 :
3552 5480 3651 5534 ἐάν

2081 5560 2260 5685 τιῖἒιθ)
2304 5613 2520 5669 Unctus.
2553 5615 2733 5690 Codex
2775 5619 2875 5690 οὐκ
2912 5618 3001 5682 ἂν,
3024 5661 3038 5673 .
3061 5660 3076 5676 .
3100 5659 3114 5672 .
3144 5618 3438 5690 ἐχρήσατο,
3479 5620 3528 5690 id
3570 5630 3650 5671 est

2082 5700 2101 5734 ι
2130 5700 2259 5739 usus
2287 5701 2392 5741 non
2433 5695 2593 5742 esset.
2620 5707 2639 5741 ι
2684 5689 2798 5758 Ego
2846 5689 2946 5760 legi
2978 5707 2993 5746 :
3031 5689 3289 5760 ὲχρίσατο
3337 5706 3434 5760 pro
3486 5689 3653 5759 ἐχρή-

2077 5769 2230 5808 σατο.

2144 5822 2260 5897 (40)
2301 5823 2557 5895 Spiritus.
2596 5826 2699 5883 Isa.
2726 5844 2839 5894 ut,
2872 5828 2923 5884 Ι.
