4114 6440
392 474 505 529 561’
1420 481 1508 535 DE
1548 481 1923 538 TRINITATE
1962 484 2162 543 LIBER
2200 490 2578 550 SECUNDUS.
3541 505 3653 561 569.

394 589 610 657 γυῆσαν
664 591 736 661 μὴ
768 590 1060 644 ἀποδοῦναι
1097 593 1262 647 κακὸν
1310 595 1433 648 άντὶ
1465 598 1656 661 κακοῦ,
1690 599 1886 668 μᾶλλον
1914 600 1955 653 δὲ

2075 620 2178 657 non
2229 608 2513 663 reddamus
2554 606 2749 662 malum
2776 623 2871 677 pro
2905 610 3207 674 malo.,sed
3237 612 3433 667 bonum
3464 618 3641 685 potius

391 682 601 751 ἀγαθὸν
633 682 752 735 ἀντὶ⁵
784 683 957 737 κακοῦ
986 690 1311 757 παρασχεῖν.
1350 708 1368 741 ι
1412 689 1537 743 Ἐάν
1571 709 1589 742 ι
1624 692 1754 758 γὰρ,
1786 696 1968 762 φησὶν,

396 790 413 819 ι
454 773 617 841 πεινᾷ
649 773 676 823 6
718 771 913 843 ἐχθρός
958 792 1074 838 σου,
1110 778 1375 849 χόρτασον
1405 780 1594 832 αὐτόν·
1633 800 1652 831 ι
1685 782 1782 834 καὶ
1812 783 1972 836 πάλιν

386 866 502 926 τοῖς
546 864 757 926 αὐτοῖς·
805 885 823 915 ι
887 867 1133 935 Ἐγένετο
1171 871 1199 922 6
1228 869 1443 940 πρῶτος
1486 870 1655 941 Ἀδάμ
1693 873 1773 934 εἰς
1796 872 1971 943 ψυχὴν

389 953 596 1018 ζῶσαν,
643 957 671 1008 6
703 954 930 1026 ἔσχατος
969 958 1141 1029 Ἀδάμ
1182 961 1262 1023 εἰς
1307 960 1531 1032 Πνεῦμα
1573 960 1906 1025 ζωοποιοῦνο
1946 984 1962 1015 ι

387 1045 659 1109 Γαλάταις
702 1046 793 1100 δέ·
832 1065 867 1097 ι.
896 1048 956 1103 '0
1002 1050 1242 1121 σπείρων
1284 1053 1366 1115 εἰς
1395 1052 1456 1105 τὸ
1486 1053 1731 1124 Πνεῦμα,
1769 1056 1832 1107 ὲκ
1876 1055 1968 1108 τοῦ

385 1134 529 1187 Πνεύ
540 1152 708 1205 ματος
736 1136 942 1208 θερίσει
969 1138 1114 1208 ζωὴν
1139 1139 1359 1194 αἰώνιον
1379 1159 1392 1172 ’
1434 1161 1452 1195 ι
1483 1144 1577 1195 καὶ
1605 1143 1748 1197 κατὰ
1794 1146 1971 1199 Ἰωάν-

382 1244 482 1296 νην
527 1227 752 1296 λέγοντα
779 1230 888 1283 άπὸ
932 1230 1027 1283 τοῦ
1059 1232 1344 1304 Σωτῆρος⁹
1384 1253 1402 1285 ι
1435 1234 1508 1287 T6
1556 1235 1781 1307 Πνεῦμά
1824 1240 1968 1291 ἐστιν

381 1319 444 1371 τὸ
474 1318 801 1382 ζωοποιοῦν.
843 1342 861 1372 ι
896 1323 1037 1375 Ain-6
1063 1324 1126 1394 δὴ
1153 1325 1314 1377 τοῦτο
1340 1325 1515 1397 δηλῶν
1561 1327 1842 1400 Ἰεζεκιὴλ,
1874 1331 1968 1383 καὶ

382 1413 466 1464 ὅτι
517 1414 615 1465 σὺν
648 1412 725 1482 τῷ
769 1412 937 1483 Θεῷμ
972 1415 1048 1478 ὼς
1092 1415 1316 1487 Πνεῦμα
1358 1418 1555 1485 αὐτοῦ,
1610 1418 1721 1490 [82
1752 1419 1826 1492 α]
1870 1422 1967 1493 τὴν

380 1506 681 1559 ἀνάστασιν
703 1508 939 1579 ποιήσει,
974 1510 1306 1581 προφητεύει
1327 1528 1339 1539 ⁸
1376 1530 1393 1562 ι
1430 1513 1568 1566 Τάδε
1589 1514 1738 1582 λέγει
1766 1513 1968 1585 Κύριος

381 1598 495 1657 τοῖς
523 1595 730 1658 ὀστέοις
756 1599 870 1661 τοῖς
908 1596 1089 1669 ξηροῖς
1132 1600 1376 1664 τούτοις⁸
1445 1603 1576 1656 Ἰδοὺ
1624 1602 1736 1672 ἐγὼ
1764 1605 1968 1672 εἰσάγω

383 1687 464 1748 εἰς
505 1686 649 1755 ὑμᾶς
680 1687 903 1758 Πνεῦμα
937 1688 1080 1760 ζωῆς
1102 1731 1116 1755 ,
1158 1694 1251 1745 καὶ
1283 1692 1441 1746 δώσω
1474 1696 1557 1763 ἐφ’
1591 1696 1736 1766 ὑμᾶς
1770 1695 1961 1767 νεῦρα,

384 1776 480 1829 καὶ
524 1776 706 1842 ἀνάξω
738 1779 822 1847 ἐφ’
858 1781 1002 1850 ὑμᾶς
1043 1780 1280 1853 σάρκας,
1318 1785 1413 1836 καὶ
1450 1786 1654 1839 ἐκτενῶ
1694 1788 1777 1855 ἐφ’
1821 1789 1964 1858 ὑμᾶς

380 1867 581 1937 δέρμα,
616 1868 709 1922 καὶ
739 1869 896 1924 δώσω
930 1871 1015 1939 ἐφ’
1047 1872 1191 1942 ὑμᾶς
1230 1874 1293 1926 τὸ
1324 1874 1551 1946 Πνεῦμά
1582 1894 1704 1947 μου,
1738 1880 1829 1931 καὶ
1863 1877 1962 1949 ζή-

2073 711 2170 764 pro
2190 697 2329 751 malo
2347 699 2699 766 prmbeamus.
2737 718 2754 750 ι
2779 700 2832 754 Si
2856 698 2966 770 (61)
2992 719 3009 752 ι
3044 703 3209 766 enim,
3241 703 3437 773 inquit,
3469 724 3489 758 ι
3517 722 3643 761 esu-

2073 789 2233 840 rierit
2257 788 2506 843 inimicus
2530 796 2676 853 tuus,
2702 790 2817 843 ciba
2853 792 3040 854 illum;
3079 813 3097 844 ι
3131 801 3186 847 (ιι
3216 809 3406 849 rursus
3429 796 3493 849 ad
3525 811 3647 851 eos-

2072 880 2190 931 dem
2212 879 2322 948 (62)
2360 897 2373 934 :
2410 880 2632 936 tF-aetns
2660 892 2742 937 est
2767 883 2876 954 (63)
2894 886 3097 953 primus
3127 888 3299 959 Adam,
3324 886 3376 939 iu
3407 889 3644 942 animam

2073 972 2376 1036 viventem,
2410 974 2735 1029 novissimus
2775 976 2946 1030 Adam
2990 977 3039 1029 in
3073 976 3331 1045 Spiritum
3365 977 3642 1033 viviﬁcan-

2073 1072 2215 1129 tem;
2256 1083 2287 1115 ι.
2329 1067 2393 1118 ad
2434 1065 2651 1121 Galatas
2697 1083 2869 1122 vero:
2925 1085 2943 1118 ι
2995 1067 3093 1133 Qui
3153 1068 3382 1121 seminat
3437 1068 3549 1137 (64)
3587 1070 3638 1122 in

2072 1150 2299 1221 Spiritu,
2364 1155 2433 1210 de
2487 1154 2687 1223 Spiritu
2744 1163 2906 1209 metet
2959 1158 3121 1210 vitam
3186 1167 3476 1219 aeternam;
3520 1177 3537 1209 ι
3585 1169 3641 1212 et

2070 1244 2365 1296 secundmn
2420 1242 2680 1298 Joannem
2760 1244 2873 1313 (65)
2937 1260 2999 1297 ex
3061 1260 3286 1312 persona
3343 1244 3639 1299 Salvatoris

2068 1330 2399 1390 inauientem
2453 1352 2465 1387 :
2515 1353 2533 1384 ι
2586 1333 2820 1401 Spiritus
2872 1335 2984 1404 (66)
3041 1345 3121 1389 est
3166 1337 3252 1403 qui
3295 1335 3551 1391 vivilicat.
3614 1355 3632 1383 ι

2073 1422 2188 1477 Hoc
2219 1436 2350 1476 sane
2404 1424 2575 1492 ipsum
2616 1423 2927 1493 signiﬁcans
2967 1424 3237 1490 Ezechiel,
3280 1441 3512 1494 eumque
3564 1424 3639 1479 si-

2069 1513 2175 1565 mul
2204 1530 2323 1566 eum
2360 1514 2487 1579 Deo,
2529 1524 2715 1579 utpote
2745 1514 3007 1581 Spiritum
3051 1516 3237 1582 ipsius,
3284 1516 3635 1569 resurrectio-

2069 1618 2188 1657 nem
2216 1602 2326 1673 (67)
2356 1602 2623 1657 l'acturum
2648 1603 2949 1669 declarans,
2985 1605 3064 1658 sic
3099 1605 3380 1672 prophetat
3414 1623 3427 1658 :
3463 1623 3481 1656 ι
3513 1605 3635 1659 llaec

2067 1693 2194 1747 dicit
2218 1693 2331 1765 (68)
2370 1694 2623 1748 Dominus
2657 1694 2816 1764 182
2842 1693 3054 1750 Ossibus
3094 1695 3174 1747 his
3222 1694 3389 1748 aridis
3441 1716 3451 1749 :
3498 1692 3634 1747 Ecre

2065 1798 2165 1853 ego
2204 1784 2396 1838 induco
2430 1784 2482 1838 in
2507 1800 2601 1838 vos
2651 1784 2910 1854 Spiritum
2943 1785 3085 1846 vitae,
3114 1795 3159 1838 et
3198 1785 3335 1839 dabo
3362 1798 3521 1853 super
3541 1800 3634 1838 vos

2068 1888 2285 1937 nervos,
2319 1883 2375 1927 et
2398 1874 2664 1928 'reducam
2714 1890 2881 1943 super
2915 1889 3007 1927 vos
3046 1888 3235 1926 carnes
3266 1914 3280 1938 ,
3340 1883 3395 1926 et
3447 1883 3636 1926 exten-

384 1958 565 2021 σεσοε,
596 1960 689 2012 καὶ
716 1959 1011 2028 γνώσεσθε,
1043 1962 1124 2016 ὅτι
1156 1962 1266 2030 ἐγὼ
1298 1964 1526 2035 Κύριος.
1567 1985 1585 2017 ι
1638 1968 1703 2019 Ἦ
1748 1964 1840 2021 οῦν
1868 1971 1955 2022 ού-

2063 1963 2184 2017 dam
2248 1979 2409 2032 super
2456 1980 2550 2018 vos
2583 1964 2812 2033 pellem,
2855 1972 2909 2018 et
2961 1964 3097 2017 dabo
3155 1978 3316 2032 super
3368 1974 3462 2017 vos
3506 1962 3632 2031 Spi-

384 2049 590 2113 σιωδῶς
628 2049 777 2120 ζωὴ,
814 2052 970 2123 καὶὴ
1009 2053 1271 2118 ζωοποιος
1316 2054 1566 2127 δύναμις,
1614 2058 1725 2111 οὒτ’
1765 2060 1959 2131 ἀρχὴν,

380 2139 506 2193 οὔτε
553 2142 745 2213 πέρας,
780 2142 895 2196 οὒτ’
931 2143 1218 2198 ἀλλοίωσιν
1259 2144 1371 2216 ἔχει
1393 2163 1411 2177 ι
1450 2147 1513 2200 τὸ
1542 2147 1599 2201 δὲ
1644 2149 1854 2213 τούτοις
1886 2151 1960 2222 μὴ

383 2233 685 2288 ύποπίπτον
741 2233 899 2303 φύσει
958 2234 1052 2287 καὶ
1093 2236 1323 2309 ἀληθείᾳ
1373 2238 1504 2302 Θεός
1546 2241 1713 2304 ἐστιν,
1760 2240 1854 2294 άτε
1896 2241 1963 2313 δὴ

379 2318 476 2372 καὶ
511 2321 579 2375 τά
610 2325 727 2376 κατ’
774 2324 1052 2394 ἐξαίρετον
1084 2325 1178 2378 τοῦ
1209 2326 1343 2380 Θεοῦ
1378 2329 1472 2381 καὶ
1504 2329 1717 2401 Πατρὺς
1751 2330 1961 2384 οἴκοθεν

378 2414 743 2484 κεκτημένον.
773 2416 938 2468 Οὐδὲν
966 2416 1075 2489 γὰρ
1116 2418 1330 2471 κτιστὸν
1369 2420 1514 2490 ζωῆς
1537 2422 1707 2474 αῐτιον
1736 2417 1895 2487 εἶναι,
1925 2422 1958 2493 ἢ

376 2499 526 2571 ζωὴν
559 2504 617 2553 ἐν
669 2503 846 2572 ἐαυτῷ
880 2504 1152 2561 δεικνύναι
1195 2508 1448 2563 δύναται*
1484 2510 1659 2563 πάντα
1693 2511 1748 2563 δὲ
1785 2512 1955 2583 νεκρὰ

374 2593 443 2647 τά
472 2593 568 2645 τοῦ
604 2593 786 2648 Θεῖκοῦ
830 2597 1147 2668 Πνεύματος
1192 2600 1560 2672 ὲστερημένα·
1619 2622 1636 2653 ι
1687 2603 1775 2655 Ἐν
1811 2604 1960 2675 αὐτῷ

372 2682 485 2756 γὰρ
516 2683 719 2754 ζῶμεν,
755 2688 848 2739 καὶ
880 2688 1205 2759 κινούμεθα,
1245 2690 1336 2742 καὶ
1364 2691 1552 2761 ἐσμὲν,
1589 2712 1606 2743 ι
1642 2693 1716 2757 ὡς
1752 2693 1959 2763 ἔφασαν

378 2777 437 2828 αἱ
469 2775 831 2829 ἀποστολικαὶ
879 2779 1137 2849 Πράξεις.
1174 2781 1283 2833 Καὶ
1312 2781 1423 2853 γάρ
1461 2784 1509 2834 εἰ
1552 2783 1729 2836 πάντα
1769 2784 1838 2837 τά
1871 2802 1958 2853 γι-

375 2864 614 2934 νόμενα,
663 2867 757 2919 καὶ
800 2866 1036 2939 φθαρτὰ,
1088 2870 1158 2922 τὰ
1204 2870 1261 2923 δὲ
1311 2870 1643 2942 φθειρόμενα
1691 2876 1958 2944 στερεῖται

378 2957 525 3028 ζωῆς
567 2959 908 3029 ὑπομένοντα
930 2977 942 2990 ·
979 2962 1097 3026 πῶς
1133 2962 1200 3017 ἂν
1246 2964 1425 3027 ἄλλοις
1452 2966 1736 3035 χαρίσαιτο
1762 2964 1954 3031 ταῦτα,

384 3046 458 3103 ὧν
500 3048 640 3101 αὐτὰ
685 3050 892 3119 γίνεται
925 3053 1113 3123 ὲνδεῆ;
1151 3054 1569 3124 Ζωοποιούμεοα
1603 3055 1665 3126 δὴ
1703 3052 1793 3109 οὖν
1850 3058 1955 3111 ὑπὸ

380 3136 472 3188 τοῦ
524 3138 679 3207 ἁγίου
733 3140 1072 3211 Πνεύματος,
1126 3142 1201 3204 ὼς
1249 3143 1342 3194 καὶ
1390 3142 1494 3195 ὑπὸ
1540 3143 1634 3196 τοῦ
1677 3146 1953 3211 εἰπόντοςή

384 3248 404 3280 ‹
455 3230 593 3298 Ἐγώ
618 3235 734 3299 εἰμι
766 3239 797 3304 ἡ
835 3234 1130 3297 ἀνάστασις
1164 3235 1257 3287 καὶ
1300 3237 1331 3305 ἠ
1371 3235 1504 3309 ζωή.
1545 3257 1562 3289 ι

2065 2055 2226 2107 ritum
2270 2069 2494 2120 meum,
2561 2066 2614 2109 et
2673 2056 2896 2119 vivetis,
2950 2064 3004 2108 et
3072 2054 3443 2123 cognoscetis,
3491 2053 3633 2123 quod

2062 2161 2160 2215 ego
2204 2145 2483 2203 Dominus.
2542 2166 2561 2199 ι
2601 2147 2771 2203 Porro
2815 2146 3183 2202 substantialis
3253 2146 3359 2198 vita
3388 2185 3404 2212 ,
3456 2153 3507 2199 et
3555 2143 3637 2198 vi-

2065 2239 2285 2294 viﬁcaris
2317 2242 2488 2295 virtus
2517 2255 2690 2310 neque
2726 2240 2935 2293 initium
2987 2239 3180 2302 habet,
3227 2252 3397 2305 neque
3434 2227 3593 2290 linem
3617 2274 3632 2298 ,

2063 2345 2237 2400 neque
2296 2332 2580 2386 mutationi
2642 2332 2882 2402 subjecta
2918 2338 3001 2385 est.
3044 2348 3058 2396 ;
3112 2330 3254 2398 quod
3306 2340 3486 2383 autem
3548 2328 3634 2382 his

2061 2424 2352 2476 obnoxium
2409 2440 2512 2477 non
2575 2433 2658 2478 est
2690 2463 2705 2488 ,
2778 2436 2967 2477 natura
3024 2432 3077 2477 et
3127 2436 3252 2476 vere
3300 2421 3441 2475 Deus
3477 2429 3559 2474 est
3612 2435 3631 2475 :
3676 2418 3682 2424 ’

2065 2516 2263 2583 quippe
2314 2516 2403 2583 qui
2459 2516 2525 2569 de
2573 2531 2671 2571 suo
2725 2527 2779 2571 et
2826 2515 2913 2570 illa
2972 2515 3184 2578 habet,
3224 2529 3342 2583 qua:
3390 2528 3486 2582 per
3538 2527 3634 2566 ex-

2063 2603 2366 2659 cellentiam
2416 2606 2725 2659 tribuuntur
2756 2605 2868 2660 Deo
2906 2605 3090 2672 Patri;
3130 2604 3271 2659 nulla
3293 2605 3436 2658 enim
3475 2617 3632 2659 crea-

2062 2702 2179 2746 Iura
2230 2704 2405 2764 potest
2451 2696 2573 2749 vitae
2604 2711 2766 2750 causa
2802 2710 2945 2757 esse,
2986 2704 3078 2750 aut
3118 2696 3280 2748 vitam
3316 2695 3368 2748 in
3408 2709 3467 2749 se
3516 2695 3633 2761 ipsa

2059 2787 2345 2841 05Iendere
2383 2805 2395 2841 :
2429 2787 2521 2841 sed
2558 2802 2888 2856 qua‘cunque
2916 2786 3104 2841 divino
3159 2783 3367 2853 Spiritu
3423 2792 3632 2849 carent,

2061 2886 2266 2929 mortua
2348 2887 2519 2931 sunt:
2586 2895 2604 2929 ι
2674 2878 2729 2931 In
2823 2879 2938 2945 ipso
2992 2876 3104 2946 (69)
3161 2876 3304 2931 enim
3367 2874 3632 2942 vivimus,

2061 2981 2339 3018 movemur
2400 2977 2455 3021 et
2493 2984 2718 3031 sumus,
2782 2986 2800 3019 ι
2855 2978 2911 3019 ιιι
2969 2982 3067 3023 nos
3104 2968 3452 3021 docentAeta
3504 2981 3633 3029 apo-

2059 3057 2266 3109 stolica.
2301 3055 2356 3111 Si
2390 3059 2531 3111 enim
2568 3059 2745 3111 munia
2791 3074 2907 3126 qua:
2947 3057 3087 3112 faeta
3132 3068 3255 3114 sunt
3286 3099 3300 3123 ,
3358 3058 3626 3125 corrupti-

2058 3146 2183 3201 bilia
2220 3149 2380 3201 etiam
2411 3159 2569 3213 sunt;
2592 3164 2711 3219 quas
2737 3164 2864 3203 vero
2885 3159 3345 3217 corrumpuntur,
3377 3148 3628 3218 patiendo

2060 3241 2165 3292 vita
2209 3243 2816 3310 privantur,quomodo
2852 3240 2974 3294 aliis
3009 3242 3188 3311 largiri
3225 3250 3450 3308 possunt
3502 3239 3627 3306 illa,

376 3336 604 3388 quorum
667 3325 793 3392 ipsa.
856 3325 1137 3394 indigent?
1202 3323 1550 3382 Vlivilicamur
1599 3343 1725 3396 ergo
1777 3342 1909 3383 sane
1958 3344 1987 3382 a
2063 3328 2265 3399 Spiritu
2317 3342 2528 3397 saneto,
2586 3332 2725 3385 sicut
2774 3340 2828 3385 et
2870 3334 3049 3387 alueo
3089 3334 3178 3402 qui
3230 3334 3365 3388 dixit
3405 3349 3421 3386 :
3455 3350 3474 3383 ι
3520 3330 3633 3400 Ego

376 3431 494 3471 sum
525 3411 637 3487 ('70)
672 3419 1016 3482 resurrectio,
1046 3429 1100 3473 et
1132 3420 1273 3475 vita.
1317 3440 1335 3473 ι

449 3530 526 3588 B'.
570 3533 712 3597 Ὅτι,
759 3532 849 3586 διὰ
894 3534 992 3603 τὴν
1048 3536 1350 3606 ταυτότητά
1400 3538 1498 3607 τῆς
1552 3537 1803 3605 Θεότητος
1862 3537 1954 3591 καὶ

2129 3537 2192 3593 ll.
2251 3538 2385 3605 Quia
2446 3539 2515 3592 ob
2579 3538 2914 3594 identitstem
2970 3538 3627 3604 deitatis,et-unitatem
3716 3528 3723 3534 ’

373 3624 477 3693 τὴν
524 3624 652 3694 μίαν
694 3624 1006 3696 ἐνέργειαν,
1051 3626 1299 3696 λέγουσιν
1346 3630 1402 3681 αἱ
1444 3629 1677 3700 Γραφαὶ,
1710 3628 1785 3691 ὡς
1813 3627 1956 3682 κατὰ

372 3714 478 3785 τὴν
502 3714 596 3767 τοῦ
621 3714 803 3769 δούλου
838 3716 1050 3789 μορφὴν
1084 3718 1292 3789 Ἰησοῦν
1323 3720 1559 3790 Χριστὸν
1598 3720 1784 3792 ἡγειρὲ
1823 3737 1952 3774 ποτε

448 3955 559 4024 (61)
603 3956 681 4013 Si.
716 3958 868 4013 Rom.
914 3976 1013 4019 χιι.
1061 3960 1150 4015 20.
1205 3962 1390 4017 Graeca
1433 3962 1642 4019 editio:
1688 3964 1812 4019 Ἐὰν
1858 3961 1952 4019 οῦν

373 4028 579 4101 ᾳεινᾷὸ
600 4027 790 4101 ἐχθρός
818 4040 932 4093 σου,
956 4029 1171 4101 ψώμιζε
1198 4032 1381 4088 αὐτόν.
1413 4031 1824 4090 Passioneianus
1856 4051 1952 4091 co-

374 4096 477 4147 dex
511 4096 783 4162 mendose,
818 4102 966 4155 πινᾶ.

448 4165 554 4237 (6-2)
591 4168 671 4220 Ad
704 4172 930 4223 eosdem.
961 4171 1088 4237 Quae
1140 4171 1397 4228 allaturus
1435 4181 1536 4235 est,
1586 4188 1689 4226 non
1738 4183 1954 4229 exstant

373 4234 429 4285 in
465 4233 699 4311 Epistula
733 4239 799 4291 ad
837 4233 1128 4306 Romanos,
1163 4251 1220 4295 ut
1245 4243 1488 4310 proxime
1513 4233 1813 4311 superiora.
1848 4244 1950 4298 Ita.

372 4319 480 4377 que
507 4320 608 4358 vox
650 4306 776 4370 ista,
828 4327 847 4359 ι
884 4313 1125 4377 eosdem,
1160 4330 1179 4364 ι
1224 4306 1502 4365 referenda
1534 4306 1615 4367 est
1658 4313 1724 4365 ad
1760 4312 1952 4368 Corin-

372 4373 537 4448 thius,
563 4390 790 4448 quorum
822 4380 980 4448 paulo
1002 4373 1129 4434 ante
1163 4382 1447 4437 meminit:
1475 4390 1531 4435 ut
1561 4381 1769 4436 scilicet
1792 4384 1953 4438 verba

370 4442 483 4519 illa,
519 4444 778 4519 «Littera
823 4442 1009 4504 autem
1069 4451 1177 4513 hic,
1219 4469 1237 4501 ι
1293 4465 1461 4519 usque
1516 4451 1604 4517 ad,
1644 4468 1663 4502 ι
1715 4453 1833 4506 ciba
1889 4453 1954 4505 il-

371 4511 511 4633 lum,
548 4532 567 4565 ι
619 4515 770 4583 quasi
844 4519 987 4573 intra
1041 4511 1407 4590 parenthesin)
1469 4511 1645 4577 clausa
1707 4522 1951 4577 habenda

371 4597 452 4633 Sin
487 4623 497 4632 .

368 4597 497 4634 Slnl.

2061 3631 2395 3701 operationis
2454 3628 2748 3699 Scriptura:
2800 3630 2984 3686 Jesum
3021 3632 3318 3697 Christum,
3363 3639 3630 3700 quatenus

2062 3720 2114 3775 in
2171 3720 2343 3776 fortuna
2387 3721 2526 3777 servi
2580 3722 2952 3784 exsisteutem,
3002 3722 3319 3775 susritatum
3369 3736 3491 3779 esse
3539 3722 3627 3777 ln-

2054 3965 2133 4019 sic
2166 3963 2324 4019 habet
2368 3984 2379 4018 :
2427 3983 2447 4014 ι
2482 3962 2663 4031 Neque
2693 3975 2820 4014 vero
2861 3954 3059 4016 frustra
3091 3961 3205 4014 sine
3236 3960 3533 4017 articulo...
3572 3971 3628 4017 et

2053 4049 2199 4088 nunc
2228 4033 2449 4101 spiritus
2476 4042 2689 4087 creatus
2719 4031 2934 4101 dicitur,
2971 4031 3220 4099 quoniam
3250 4047 3353 4093 non
3388 4041 3469 4087 est
3500 4047 3628 4088 san-

2054 4114 2174 4159 ctus
2201 4120 2216 4168 ;
2246 4100 2364 4156 cum
2397 4117 2532 4171 pene
2562 4117 2773 4169 semper
2803 4100 3034 4167 Spiritus
3074 4110 3291 4171 sanctus
3330 4115 3449 4171 eum
3490 4102 3624 4171 arti-

2055 4172 2176 4228 culo
2212 4169 2514 4225 nominetur
2548 4190 2561 4226 :
2599 4183 2653 4223 ut
2710 4172 2764 4224 iu
2820 4171 2974 4224 illo...
3036 4172 3098 4225 Et
3132 4170 3258 4224 alibi
3293 4188 3306 4225 :
3342 4169 3414 4223 T6
3455 4169 3625 4226 Πνεῦ-

2058 4242 2231 4315 μαῃςξὰ
2258 4252 2338 4315 est
2367 4239 2618 4315 Spiritus)
2654 4252 2736 4295 est
2756 4241 2844 4315 qui
2864 4242 3144 4315 _vivilirat._
3169 4260 3187 4290 ι

2123 4310 2232 4383 (67)
2268 4310 2743 4383 Resurrectionem.
2787 4310 3069 4383 Origenem
3114 4311 3179 4363 de
3217 4326 3500 4383 corporum
3539 4325 3626 4383 τε-

2050 4379 2386 4450 surreCtione
2413 4394 2525 4450 non
2561 4391 2703 4433 recte
2742 4381 2973 4433 sensisse
3013 4389 3211 4450 norunt
3264 4380 3513 4450 theologi.
3558 4379 3624 4433 ll-

2051 4449 2155 4505 lius
2180 4465 2308 4503 vero
2338 4448 2643 4516 opinionem
2677 4460 2917 4503 secutum
2957 4464 3075 4503 esse
3110 4447 3368 4519 Joannem
3410 4447 3625 4519 quoque

2049 4519 2557 4591 Jerosolymitauum
2594 4520 2900 4591 episcopum
2931 4517 3615 4591 prohat__llieronymusiu

2053 4589 2188 4643 libro
2219 4587 2400 4641 contra
2427 4588 2598 4655 ipsum
2636 4587 2893 4642 Joannem
2930 4604 3077 4642 num.
3104 4588 3255 4641 23m
3274 4587 3458 4657 seqq,
3482 4589 3622 4656 quod

442 4652 552 4736 (ϐξ)
591 4654 787 4736 Faflus
810 4668 905 4715 ut.
937 4655 1063 4736 [ad
1084 4657 1219 4736 1Cor.
1265 4675 1355 4726 xv,
1401 4660 1492 4715 4‘5.
1520 4660 1705 4717 Graeca
1742 4662 1944 4717 editio;
1980 4651 2025 4706 D
2054 4661 2119 4736 de
2147 4651 2558 4736 resurrectionis
2599 4657 2825 4736 veritate
2854 4657 3077 4736 subdole
3109 4659 3314 4736 locutus
3343 4651 3624 4736 sii,aique

366 4721 407 4773 ὀ·
426 4721 642 4799 πρῷτος
664 4725 946 4799 άνθρωπος
978 4728 1169 4799 ν[ξδάμ.

441 4792 551 4932 ἕω)
587 4797 691 4858 ραι
722 4792 965 4852 seminat.
1006 4792 1184 4852 Galat.
1214 4814 1288 4863 vt,
1324 4799 1378 4855 8.

463 4862 551 4931 65)
596 4864 662 4917 Et
700 4868 983 4919 secundum
1010 4866 1293 4922 Joannem.
1317 4870 1378 4923 Ct

700 4868 983 4938 secundum
1010 4866 1293 4938 Joannem.
1317 4870 1447 4923 Cum
1482 4870 1637 4925 initio
1669 4869 1826 4938 hujus
1856 4886 1947 4923 ar-

371 4931 519 5004 tic_uli
549 4934 764 4998 dixerit,
794 4953 814 4985 ι
856 4937 999 4995 iuxta
1042 4936 1291 5001 Paulum,
1339 4959 1357 4990 ι
1394 4941 1596 4995 idcirco
1645 4931 1897 5004 nun-cait
1931 4963 1943 4996 :

375 5018 394 5050 ι
430 4999 494 5053 Ει
530 5006 823 5079 secundum
852 5005 1136 5079 Joannem.
1172 5025 1190 5079 ι
1225 4999 1430 5072 Atuos,
1466 5012 1661 5079 quibus
1693 4999 1944 5079 Didymen

306 5073 321 5085 '
370 5074 629 5147 memoria
673 5088 777 5128 n02
836 5077 1130 5147 est,iobliti
1168 5076 1280 5146 jam
1318 5093 1453 5147 pene
1485 5073 1705 5134 eramus
1734 5073 1943 5133 illorum

368 5142 677 5212 verborum,
714 5162 731 5194 ι
757 5156 907 5212 )uxta
947 5142 1185 5201 Paulum.
1218 5166 1237 5198 ι

441 5210 551 5282 (66)
595 5210 853 5282 Spiritus.
900 5215 1057 5271 Joan.
1095 5233 1167 5273 vt.
1192 5215 1281 5272 6'5.
1333 5217 1505 5273 Locus
1553 5218 1638 5272 hic
1685 5217 1882 5272 citatur
1913 5233 1942 5272 a

370 5278 598 5353 Didyme
619 5278 858 5338 etiamin
894 5286 1029 5340 libro
1068 5286 1140 5340 De
1169 5284 1310 5349 Spir.
1332 5301 1515 5342 sancto
1540 5304 1687 5342 num.
1728 5288 1815 5353 15,
1850 5289 1941 5342 sed

370 5359 440 5399 ita
502 5350 553 5402 in
606 5353 766 5424 editis
816 5355 1217 5424 exemplaribus
1278 5358 1516 5418 aliertur,
1572 5367 1629 5410 ut
1686 5350 1942 5411 vixerim

368 5433 654 5498 agnoscas.
693 5421 784 5498 Sic
824 5421 1195 5498 enim'habent
1229 5443 1242 5480 :
1285 5444 1304 5477 ι
1354 5427 1532 5496 Neque
1568 5427 1708 5481 enim
1746 5426 1939 5480 frustra

367 5492 486 5563 sine
519 5492 810 5549 articulo...
853 5511 993 5550 nunc
1036 5497 1254 5563 spiritus
1290 5492 1505 5552 creatus
1537 5498 1730 5549 dicitur
1763 5510 1777 5548 :
1812 5511 1945 5562 quo-

367 5558 510 5617 niam
559 5576 662 5615 non
702 5572 785 5617 est
832 5558 1222 5638 sanctus,‘cum
1277 5582 1413 5638 petze
1450 5558 1942 5638 senupequiritgs

366 5641 589 5699 sanctus
643 5649 764 5687 cum
817 5636 1044 5689 articulo
1090 5635 1416 5699 nominetur,
1468 5640 1610 5689 ut-iu
1652 5635 1807 5689 illo...
1879 5635 1944 5689 Et

367 5697 529 5774 alibi:
558 5701 890 5774 afatégiéa'rtv
922 5705 983 5757 τὸ
1011 5706 1326 5773 ζωοποιοῦν,
1368 5697 1417 5760 id
1454 5716 1556 5765 est,
1598 5706 1714 5773 Ipse
1744 5713 1826 5758 est
1851 5706 1942 5774 qui

367 5769 627 5845 vivilicat.
661 5792 680 5823 ι
714 5769 1099 5830 Emendatioue
1145 5769 1321 5833 locum
1348 5777 1587 5845 indigere
1620 5769 1788 5829 sensit
1823 5769 1943 5828 val-

368 5835 592 5901 larsius,
645 5845 738 5897 sed
795 5861 922 5899 mss.
970 5846 1224 5900 librorum
1292 5835 1610 5901 auctoritate
1656 5845 1943 5899 destitutus

366 5911 590 5963 extremis
604 5927 660 5968 re
699 5923 917 5969 coactus
951 5913 1046 5969 fuit
1077 5932 1137 5971 cx
1166 5918 1395 5989 ingenio.
1422 5917 1602 5973 Codex
1625 5923 1808 5972 uoster
1836 5930 1935 5971 ms.

2051 4731 2117 4782 ad
2151 4743 2270 4783 eam
2299 4726 2719 4781 confirmandam
2757 4727 2842 4780 illa
2879 4728 2990 4795 ipsa
3041 4728 3334 4793 Scriptum
3374 4729 3619 4781 testimo-

2050 4800 2137 4852 nia
2188 4796 2451 4857 attulerit,
2489 4797 2681 4864 quibus
2724 4796 2943 4851 innixus
2973 4798 3230 4864 Origenes
3267 4812 3444 4849 verum
3480 4812 3622 4849 vera:

2048 4868 2227 4922 carnis
2257 4868 2706 4919 resurrectionem
2742 4869 2976 4935 negavit.
3007 4867 3187 4932 Itaque
3228 4875 3284 4935 ut
3307 4881 3364 4919 se
3399 4868 3466 4919 ab
3492 4865 3619 4921 Ori-

2047 4939 2290 5006 genismo
2320 4936 2613 4990 abhorrere
2667 4934 2913 4991 ostendat
2958 4935 3212 5006 Joanxms,
3249 4934 3376 5006 illud
3408 4937 3474 5006 ab
3507 4937 3622 5002 ipso

2046 5003 2211 5076 exigit
2237 5005 2594 5076 Hieronymus
2629 5015 2687 5076 ut
2723 5008 2864 5059 hunc
2903 5006 3079 5076 potius
3115 5003 3415 5076 Ezechielis
3443 5005 3619 5056 locum

2047 5073 2258 5139 all’e'rat,
2284 5073 2626 5145 quem'aﬂert
2661 5075 2913 5145 Didymus
2935 5078 3034 5129 hoc
3067 5073 3277 5125 inloco.
3307 5091 3325 5123 ι
3360 5073 3451 5127 llis
3474 5079 3618 5145 enim

2045 5147 2367 5200 testimoniis
2400 5143 2497 5213 (ait
2537 5143 2915 5214 Hieronymus)
2944 5145 3235 5214 veritate":
3264 5144 3620 5214 resurrectio-

2047 5217 2131 5270 nis
2153 5218 2372 5283 probas,
2409 5210 2604 5281 quibus
2632 5210 2891 5284 Origenes
2932 5223 3161 5280 negat...
3207 5210 3392 5266 Profer
3450 5213 3622 5283 magis

2045 5284 2315 5347 Ezechiel,
2365 5284 2454 5352 qui
2485 5298 2608 5338 ossa
2649 5283 2881 5353 iungens
2921 5284 3153 5343 ossibus,
3187 5284 3519 5353 etAeduceus
3556 5297 3618 5336 ea

2044 5357 2110 5409 de
2139 5349 2399 5422 sepulcris
2424 5353 2555 5417 suis,
2602 5349 2665 5408 et
2690 5349 2851 5421 super
2886 5355 3048 5423 pedes
3072 5366 3217 5405 stare
3246 5349 3469 5416 faciens,
3498 5367 3621 5406 car-

2044 5426 2201 5496 nibus
2254 5424 2540 5492 uervisque
2586 5424 2879 5496 constringi
2983 5432 3039 5478 et
3092 5433 3216 5477 cnte
3266 5423 3494 5490 desuper
3538 5431 3618 5477 te-

2041 5509 2224 5632 8"('66)
2266 5560 2394 5616 Haec
2418 5563 2565 5632 (dicit.
2601 5562 2796 5620 Ezeclt.
2824 5578 3028 5623 xxxvu.
3060 5561 3093 5614 5
3115 5571 3167 5632 et
3194 5562 3246 5617 6.
3277 5560 3619 5632 Compluteu-

2040 5629 2312 5688 sis'etlitio
2343 5631 2501 5704 habet.
2533 5648 2546 5683 :
2584 5632 2720 5686 Τάδε
2743 5632 2794 5687 λ.
2822 5631 3042 5704 Κύριος,
3070 5629 3301 5703 Κύριος·
3334 5630 3617 5704 egomittit

2042 5718 2216 5788 loces,
2243 5704 2356 5788 τοῖς
2385 5702 2713 5788 gap-olyrac
2753 5718 2862 5788 _pro
2898 5699 3326 5788 γεισάγωυιιειιιειν
3355 5699 3517 5788 οζσω·
3556 5711 3613 5758 et

2043 5771 2416 5844 Πνεῦμα-μου,
2439 5770 2558 5844 sine
2577 5770 2803 5826 articulo
2838 5790 2853 5844 ι
2876 5782 2939 5844 ,οι
2964 5770 3075 5842 ἐγώ
3103 5774 3218 5844 ειμι
3248 5770 3472 5844 Κύριος.

2115 5842 2225 5909 (69)
2268 5841 2335 5905 In
2359 5843 2489 5909 ipso.
2517 5842 2638 5909 Act.
2674 5856 2806 5904 xvn,
2830 5841 2921 5895 28.

2115 5844 2205 5900 (69
2268 5844 2335 5905 In
2359 5844 2489 5909 ipso.
2517 5844 2562 5895 A
2600 5851 2638 5896 t.
2674 5856 2806 5904 xvn,
2830 5844 2921 5895 28.

2113 5844 2225 5983 (70)
2263 5910 2374 5982 Ego
2408 5856 2719 5967 sumjoau.
2749 5927 2825 5983 xi,
2855 5910 2946 5968 ‘35.
3040 5976 3045 5981 _
