4110 6410
410 425 510 479 ὗε.ἱῦ

1436 423 1521 478 DE
1563 425 1937 482 TRINITATE
1977 428 2180 483 LIBER
2220 430 2603 486 SECUNDUS.

3552 441 3656 496 566

408 538 540 594 αὐτὸ
563 540 639 609 τῷ
672 538 809 608 Θεῷ,
833 539 926 592 ἅτε
954 538 1175 608 Πνεῦμα
1199 539 1362 594 αὑτοῦ
1404 541 1496 593 καὶ
1524 540 1799 604 δάκτυλον,
1826 541 1902 605 ὡς
1928 543 1983 594 ἐν

2093 544 2257 612 ipsius
2294 547 2532 612 polentia
2576 546 2733 598 rebus
2767 545 3022 599 omnibus
3051 549 3236 604 tribuit
3263 550 3605 606 stabilitatem
3637 573 3655 612 :

409 631 486 699 τῷ
514 630 711 701 πρώτῳ
742 629 953 700 ἐδείχθη
984 629 1192 701 βιϐλίῳ,
1213 630 1304 702 [85
1330 629 1384 702 α]
1411 633 1686 701 μυστικῶς
1708 633 1988 704 παριστών

409 723 466 773 ὲν
497 729 543 790 η’
567 720 765 790 ψαλμῷ
799 721 1160 791 προφητεύει⁸
1197 739 1214 771 ι
1251 721 1372 774 Ὅτι
1418 721 1618 792 ὄψομαι
1668 725 1794 785 τοὺς
1825 723 1985 794 οὐρα-

408 814 554 876 νοὺς,
585 812 722 882 ἔργα
753 811 861 864 τῶν
889 811 1166 866 δακτύλων
1196 829 1311 866 σου.
1351 823 1378 864 ν
1407 814 1515 866 Καὶ
1563 814 1802 883 Μωῦσῆς
1833 815 1889 866 δὲ
1932 817 1987 867 ὲν

407 906 479 973 τῇ
505 902 740 966 Γενέσει,
767 902 875 954 ἀπὸ
901 900 993 954 τοῦ
1033 902 1168 956 Θεοῦ
1196 903 1290 956 καὶ
1318 902 1549 974 Πατρὸς,
1583 902 1718 973 πρὸς
1741 903 1831 955 τὸν
1865 905 1988 956 Υἰὸν

409 995 503 1047 καὶ
525 994 586 1046 τὸ
616 994 771 1063 ἅγιον
796 994 960 1048 αὑτοῦ
995 993 1218 1066 Πνεῦμά
1247 1009 1411 1064 φησιν
1435 1009 1450 1022 ·
1491 1013 1509 1045 ι
1546 994 1864 1064 Ποιήσωμεν
1897 997 1988 1048 ἇν-

409 1084 625 1155 θρωπον
661 1087 780 1136 κατ’
811 1085 994 1139 εἰκόνα
1025 1084 1117 1138 καὶ
1146 1085 1406 1154 ὁμοίωσιν
1434 1084 1726 1154 ἡμετέραν,
1759 1085 1850 1136 καὶ
1884 1085 1986 1154 ἀρ-

410 1177 654 1245 χέτωσαν
683 1177 792 1228 τῶν
827 1178 919 1230 ἐπὶ
941 1177 1040 1248 τῆς
1067 1178 1187 1248 γῆς.
1231 1195 1248 1227 ι
1291 1176 1365 1229 Ού
1393 1173 1502 1246 γὰρ
1528 1175 1813 1243 ἀγγέλους,
1837 1175 1869 1245 ἢ
1897 1175 1988 1229 ἄλ-

408 1269 476 1322 λα
507 1269 791 1340 πνεύματα
835 1268 992 1322 ἔλαϐε
1040 1266 1569 1338 συγχειρουργοὺς,ἢ
1600 1266 1938 1336 γνωμοδότας
1958 1268 1984 1320 0

410 1361 542 1424 Θεός
561 1379 574 1392 ·
603 1362 790 1433 ἐπειδὴ
821 1365 848 1416 0
875 1361 1060 1424 δοῦλος
1093 1362 1193 1413 οὐκ
1217 1354 1374 1424 οἶδεν,
1409 1358 1462 1409 τί
1492 1359 1635 1410 ποιεῖ
1664 1356 1828 1409 αὐτοῦ
1855 1359 1883 1410 ό
1909 1357 1990 1409 δεο

413 1452 634 1522 σπότης.
697 1453 832 1506 Οὐδὲ
874 1451 1184 1523 εὑρίσκεται
1247 1448 1462 1502 πώποτε
1511 1449 1589 1510 εἰς
1633 1445 1986 1517 δημιουργίαν

415 1543 855 1616 συμπαραλαϐὼν
916 1544 1119 1612 κτίσμα
1169 1540 1333 1611 (καθὰ
1387 1538 1548 1590 ama
1599 1537 1786 1608 ψάλλει
1822 1539 1880 1589 ὲν
1909 1536 1986 1607 λβ¹

410 1637 636 1707 ψαλμῷ·
679 1655 697 1686 ι
747 1638 804 1690 '0
845 1636 1052 1698 πλάσας
1098 1633 1238 1688 κατά
1289 1634 1453 1703 μόνας
1495 1631 1592 1692 τὰς
1633 1630 1856 1701 καρδίας
1889 1629 1986 1681 αύ-

411 1727 551 1779 τῶνο
586 1749 604 1780 ι
640 1729 732 1780 καὶ
753 1730 811 1779 ὲν
844 1728 985 1798 ρλη’⁶
1025 1744 1042 1776 ι
1079 1726 1190 1778 Οὐκ
1217 1723 1420 1794 ἐκρύϐη
1453 1723 1512 1775 τὸ
1539 1722 1727 1775 ὀστοῦν
1762 1738 1860 1791 μου
1882 1720 1989 1773 ἀπὸ

416 1819 527 1881 σοῦ,
579 1819 606 1871 ὃ
647 1819 906 1888 ἐποίησας
939 1821 995 1871 ὲν
1026 1819 1229 1888 κρυφῇ.
1283 1835 1300 1866 t
1343 1817 1451 1868 Καὶ
1499 1815 1572 1875 ὼς
1605 1812 1814 1875 Παῦλος
1857 1813 1988 1864 Ῥω-

415 1912 592 1979 μαίοις
625 1884 858 1980 γράφει·
890 1929 907 1961 ι
944 1909 1039 1972 Τίς
1234 1908 1373 1976 ἔγνω
1409 1906 1534 1958 νοῦν
1566 1904 1801 1975 Κυρίου;
1843 1904 1875 1974 ἦ
1903 1903 1984 1966 τίς
2019 1884 2058 1938 Β

413 2002 712 2071 σᾶμϐουλος
745 2000 908 2054 αὑτοῦ
939 2000 1185 2068 ὲγένετο;
1220 2019 1237 2050 ι
1271 1997 1415 2052 τοῦτ’
1437 1998 1602 2060 ἐστιν,
1630 1995 1730 2064 τῆς
1757 1995 1986 2056 κτίσεως

410 2094 600 2157 οὐδείς.
635 2093 842 2157 Πλάτος
871 2092 978 2163 γὰρ
1003 2091 1124 2161 ἔχον
1150 2091 1211 2144 τὸ
1246 2109 1264 2141 ι
1297 2091 1380 2153 τίς
1423 2108 1441 2140 ι
1470 2087 1626 2141 τοῦτο
1653 2087 1982 2158 προφαίνει).

415 2185 620 2250 Ἔδειξε
671 2186 727 2238 δὲ
785 2184 863 2255 τῷ
919 2184 1016 2254 μὲν
1081 2184 1154 2253 μὴ
1209 2184 1401 2245 εἰπεῖν,
1467 2181 1756 2250 Ποιήσατε,
1825 2178 1982 2242 ἀλλὰ,

417 2295 436 2326 ‹
475 2277 813 2346 Ποιήσωμεν,
866 2295 882 2324 ›
926 2274 1000 2336 ὡς
1043 2275 1142 2326 οὐκ
1176 2272 1321 2325 ἔστιν
1356 2271 1624 2342 ὑπουργὸς
1661 2272 1687 2323 0
1716 2271 1862 2332 Υἱὸς,
1894 2269 1988 2322 καὶ

409 2367 469 2420 τὸ
529 2368 681 2436 ἆγιον
739 2366 982 2436 Πνεῦμα,
1039 2364 1172 2418 ἀλλὰ
1219 2363 1500 2433 δυνάμεως
1560 2363 1654 2415 καὶ
1715 2361 1986 2430 Θελήσεως

417 2459 545 2527 μιᾶς
567 2475 581 2488 ο
617 2458 694 2527 τῷ
729 2458 784 2510 δὲ
821 2460 1140 2525 ἐπαγαγεῖν,
1190 2475 1208 2506 ι
1244 2457 1362 2510 κατ’
1388 2457 1571 2510 εἰκόνα
1602 2457 1695 2510 καὶ
1726 2455 1985 2525 ὁμοίωσιν

415 2549 708 2618 ἡμετέραν,
749 2567 765 2599 ι
797 2549 869 2610 ὼς
905 2548 1000 2618 μία
1040 2549 1188 2600 ἐστὶν
1219 2547 1376 2601 οὐσία
1410 2550 1474 2618 τῇ
1512 2547 1701 2619 Τριάδι
1724 2563 1738 2576 ·
1787 2546 1879 2599 καί
1910 2545 1986 2607 ὡς

416 2639 477 2690 ού
513 2637 645 2708 πρὸς
672 2639 933 2705 ἀγγέλους
977 2639 1189 2708 εἴρηται
1235 2638 1412 2701 τοῦτο,
1458 2640 1570 2700 τοῖς
1610 2637 1851 2708 ἀπείρως
1895 2637 1988 2690 καὶ

418 2729 810 2792 ἀσυνεικάστως
840 2732 896 2782 ἐν
928 2730 1063 2800 μείω
1088 2728 1186 2800 τὴν
1220 2729 1401 2782 εἰκόνα
1432 2729 1522 2782 καὶ
1545 2729 1799 2799 ὁμοίωσιν
1831 2727 1986 2796 ἔχου-

417 2838 499 2874 σιν
525 2822 591 2889 (εἰ
624 2821 904 2874 ἀκίνδυνον
943 2821 1121 2884 τοῦτο,
1184 2820 1258 2883 ὡς
1299 2821 1604 2893 ἄνθρωπον,
1652 2823 1844 2891 εἰπεῖν)
1890 2824 1988 2890 τῆς

413 2913 672 2978 ἀνειδέου,
721 2915 816 2966 καὶ
861 2913 1290 2985 ἀσχηματίστου,
1340 2915 1432 2967 καὶ
1467 2915 1705 2985 ἀρρήτου
1740 2913 1987 2983 Τριάδος.

409 3005 500 3058 Διὸ
540 3007 816 3076 ἐπήγαγεν
854 3010 882 3059 ὁ
919 3007 1077 3068 αὐτὸς
1115 3008 1498 3076 κοσμογράερος
1521 3024 1534 3037 ι
1578 3027 1596 3057 ι
1644 3008 1751 3060 Καὶ
1801 3007 1988 3077 εποίηο

413 3111 502 3147 σεν
530 3098 559 3147 0
587 3095 718 3157 Θεὸς
743 3095 834 3147 τὸν
862 3093 1145 3164 ἄνθρωπον
1166 3111 1178 3123 ·
1204 3097 1324 3147 κατ’
1350 3094 1534 3146 εἰκόνα
1561 3092 1696 3146 Θεοῦ
1735 3093 1988 3162 ἐποίησεν

410 3185 573 3238 αὐτόν
592 3203 606 3215 ο
631 3185 797 3254 ἄρσεν
818 3186 910 3238 καὶ
940 3185 1073 3257 θῆλυ
1100 3186 1352 3256 ἐποίησεν
1386 3184 1580 3246 αὐτούς
1601 3201 1614 3214 ·
1643 3184 1736 3236 καὶ
1762 3183 1986 3254 εὐλόγη-

412 3292 504 3328 σεν
555 3276 792 3339 αὐτούς⁹
840 3297 858 3328 ι
900 3278 991 3329 καὶ
1022 3275 1214 3330 πάλιν·
1264 3295 1281 3326 ι
1329 3275 1466 3328 Ἴδεν
1519 3277 1548 3328 ὁ
1580 3275 1730 3338 Θεὸς,
1768 3276 1850 3328 ὅτι
1887 3293 1987 3328 κα-

412 3367 522 3420 λόν·
562 3387 579 3418 ι
624 3369 684 3420 ὲν
721 3361 802 3430 οἷς
834 3371 1014 3438 ῥητοῖς
1051 3364 1206 3431 αὖθις
1235 3369 1333 3438 τῆς
1362 3366 1677 3430 αὐτοτελοῦς
1723 3368 1816 3421 καὶ
1841 3384 1989 3436 γενε-

415 3462 667 3532 σιουργοῦ
710 3460 936 3531 Τριάδος
963 3462 1022 3514 τὸ
1048 3460 1274 3523 τέλειον,
1303 3463 1395 3513 καὶ
1430 3459 1719 3530 σύμφωνον
1739 3503 1753 3525 ,
1781 3461 1874 3513 καὶ
1901 3477 1990 3513 κο-

417 3553 698 3622 σμητικὸν,
733 3552 826 3605 καὶ
848 3551 1053 3605 ἐπίπαν
1079 3552 1308 3622 ἄφθονον
1338 3553 1661 3622 σημαίνεται
1693 3552 1984 3622 μυστικῶς.

431 3643 644 3714 Ἐπειδὴ
677 3643 844 3696 ταῦτα
870 3642 962 3715 [8'5
987 3641 1040 3714 lt]
1075 3642 1318 3714 Θεάτρων
1343 3643 1440 3712 μὲν
1474 3644 1567 3695 καὶ
1598 3641 1834 3714 πλήθους
1867 3642 1990 3707 ἄξια

419 3733 516 3804 οὐχ
542 3736 779 3804 ἡγήσατο
818 3731 957 3788 εἶναι
989 3736 1017 3786 0
1044 3735 1310 3803 Μωῦσῆς,
1340 3735 1500 3804 ήτουν
1538 3737 1568 3788 0
1596 3735 1866 3805 ὲνηχήσας
1895 3736 1989 3788 αύ-

416 3829 493 3899 τῷ
525 3829 683 3892 Θεός·
706 3831 974 3883 τοσούτων
1001 3830 1078 3891 δὲ,
1104 3831 1228 3883 ὅσον
1260 3829 1334 3899 μὴ
1369 3832 1700 3898 παρανομεῖν
1741 3830 1796 3893 ἐς
1822 3828 1992 3882 ταῦτα

416 3921 654 3990 ἔμελλον.
705 3922 996 3993 «Ἐποίησε
1028 3942 1046 3972 ›
1091 3922 1197 3992 γὰρ
1225 3941 1243 3973 ι
1268 3924 1295 3974 0
1344 3920 1500 3984 Θεὸς,
1549 3941 1566 3972 ι
1604 3921 1746 3973 τοῦτ’
1789 3921 1932 3974 ἔστιν
1965 3923 1993 3973 0

421 4015 560 4076 Υἱὸς,
591 4015 716 4067 «τὸν
738 4012 1020 4085 ἄνθρωπον
1051 4013 1168 4066 κατ’
1193 4013 1375 4065 εἰκόνα
1414 4012 1570 4076 Θεοῦ,
1617 4034 1635 4064 ι
1673 4011 1815 4066 τοῦτ’
1847 4012 1991 4064 ἐστιν

413 4107 506 4159 τοῦ
534 4107 767 4177 Πατρὸς,
796 4125 813 4156 ι
847 4106 1100 4175 ἐποίησεν
1123 4106 1305 4169 αὐτὸν,
1337 4105 1432 4160 καὶ
1454 4103 1561 4157 ἴδεν
1581 4107 1610 4156 0
1635 4103 1787 4168 Θεὸς,
1814 4123 1832 4154 t
1865 4101 2004 4156 τοῦτ’

418 4197 564 4249 ἔστιν
604 4199 664 4250 τὸ
709 4197 964 4268 Πνεῦμα,
1006 4217 1022 4249 ι
1065 4199 1144 4250 ὅτι
1178 4197 1372 4259 καλὸν,
1407 4196 1500 4249 καὶ
1552 4195 1844 4265 εὐλόγησεν
1893 4195 1992 4248 αύ-
2023 4262 2034 4282 Ι

415 4292 562 4354 τοὺς,
603 4311 620 4366 t
652 4291 794 4343 τοῦτ’
825 4291 970 4343 ἐστιν
1008 4291 1257 4360 ήγίασεν.
1299 4289 1370 4340 Τὸ
1405 4288 1484 4351 δὲ,
1523 4305 1541 4338 ι
1577 4287 1696 4342 κατ’
1723 4287 1926 4350 εἰκόνα,
1969 4306 1987 4338 ι

415 4386 492 4450 ὡς
522 4388 644 4456 ἐμοὶ
680 4385 846 4446 δοκεῖ,
885 4382 1124 4451 νοητέον,
1151 4382 1233 4435 ὅτι
1276 4381 1340 4433 ἐκ
1379 4379 1472 4432 τοῦ
1514 4377 1698 4432 Θεῖκοῦ
1743 4379 1994 4447 φυσήμα-

415 4493 507 4539 τος
538 4474 596 4527 τὸ
640 4473 864 4542 Πνεῦμα
919 4471 980 4524 τὸ
1027 4469 1292 4524 ἀθάνατον
1325 4468 1542 4539 ἔχομεν,
1595 4467 1689 4520 καὶ
1748 4466 1872 4518 νοῦν
1909 4467 1994 4519 ἀεὶ

2089 637 2237 688 nefas
2293 651 2420 688 vero
2474 645 2559 690 est
2615 645 2916 689 creaturam
2967 638 3110 691 illum
3160 656 3374 705 vocare,
3425 645 3511 712 qui
3562 643 3654 699 Dei

2087 739 2368 780 creaturas
2402 737 2571 790 creat,
2614 736 2667 780 et
2723 727 2826 779 vim
2877 726 3008 795 ipsis
3039 747 3250 784 omnem
3299 733 3602 800 impertitur
3638 753 3651 788 :

2089 821 2260 885 ipsum
2325 819 2468 870 enim
2518 818 2686 872 simul
2727 833 2848 871 cum
2885 818 2992 872 Deo
3031 823 3266 890 aperari,
3303 835 3354 878 et
3397 824 3505 880 Deo
3554 826 3652 895 ipsi

2087 908 2600 962 consubstanlialem
2647 922 2786 970 esse,
2833 918 3014 978 utpote
3051 911 3141 980 qui
3192 911 3424 981 Spiritus
3463 917 3655 984 ipsius,

2087 1014 2150 1050 ac
2187 997 2394 1067 Digitus
2451 1007 2552 1062 est,
2615 1007 2672 1051 ut
2724 999 2773 1052 in
2824 999 2999 1068 primo
3059 1001 3194 1055 libro
3236 1003 3345 1072 (81)
3379 1014 3653 1059 ostensum

2090 1087 2210 1151 fuit,
2243 1090 2468 1159 mystice
2509 1090 2776 1153 indicans,
2807 1091 3269 1161 comprobansque
3302 1094 3352 1147 in
3389 1110 3478 1148 vut
3517 1097 3656 1164 psal-

2089 1192 2175 1230 mo
2203 1179 2282 1231 sic
2310 1179 2593 1247 prepbetat
2625 1178 2830 1233 David:
2857 1199 2874 1230 ι
2901 1178 3289 1250 Quouiam(82)
3325 1183 3516 1238 videbo
3545 1199 3657 1238 cm-

2086 1272 2190 1335 los,
2224 1285 2386 1339 opera
2419 1271 2705 1340 digitorum
2755 1281 2989 1325 tuorum.
3027 1292 3045 1324 ι
3084 1271 3256 1327 Moses
3299 1289 3430 1328 vero
3457 1275 3509 1328 in
3547 1275 3656 1331 Ge-

2091 1362 2205 1418 nesi
2229 1376 2292 1415 ex
2328 1376 2552 1429 persona
2584 1361 2675 1415 Dei
2713 1371 2767 1415 et
2796 1361 2969 1416 Patris
3004 1362 3220 1428 Filium,
3255 1364 3415 1436 184
3439 1375 3492 1420 et
3535 1380 3660 1420 san-

2088 1463 2232 1508 ctum
2270 1453 2384 1519 ejus
2417 1453 2674 1521 Spiritum
2703 1454 2778 1506 sic
2811 1454 3102 1523 alloquitur
3131 1473 3142 1508 :
3178 1473 3196 1506 ι
3231 1455 3518 1511 Faciamus
3546 1457 3656 1529 (83)

2093 1543 2363 1595 hominem
2385 1542 2537 1608 juxta
2566 1543 2846 1611 imaginem
2876 1555 2929 1595 et
2955 1545 3360 1600 similitudinem
3393 1556 3655 1611 nostram,

2089 1643 2142 1687 et
2171 1634 2510 1686 dominentur
2531 1633 2585 1686 in
2616 1633 2726 1698 illa,
2753 1648 2871 1702 qua:
2893 1646 3021 1688 sunt
3057 1637 3109 1688 in
3143 1643 3302 1690 terra.
3332 1655 3351 1688 ι
3387 1635 3495 1692 Nec
3510 1639 3656 1692 enim

2091 1738 2485 1792 cooperatores,
2523 1734 2614 1777 aut
2663 1727 3003 1781 consiliarios
3048 1728 3280 1797 sumpsit
3326 1729 3464 1783 Deus
3497 1745 3661 1800 ange—

2091 1816 2191 1880 los,
2238 1817 2318 1869 vel
2360 1816 2494 1871 alios
2524 1817 2746 1885 Spiritus
2792 1838 2805 1874 :
2840 1819 3094 1887 quoniam
3137 1834 3326 1874 servus
3351 1834 3456 1874 non
3490 1822 3658 1887 novit,

2088 1908 2214 1972 quid
2249 1907 2410 1960 faciat
2465 1908 2712 1962 dominus
2749 1910 2910 1979 ejus;
2951 1925 3124 1980 neque
3175 1911 3506 1966 inveniemus
3537 1926 3657 1965 eum

2089 2012 2320 2066 unquam
2374 2000 2438 2053 ad
2488 2001 2815 2054 creationem
2878 2001 3078 2055 sociam
3135 2003 3234 2057 sibi
3299 2005 3658 2072 assumpsisse

2087 2101 2390 2145 creaturam
2439 2090 2614 2161 (sicut
2677 2091 2838 2144 David
2883 2092 3060 2162 psallit
3107 2093 3158 2145 in
3218 2108 3364 2146 χχχιι
3407 2094 3655 2161 psalmo:

2093 2200 2111 2231 ι
2163 2182 2262 2248 Qui
2306 2181 2588 2252 ﬁnxit(80)
2630 2181 2940 2252 singillatim
3000 2183 3160 2237 corda
3209 2196 3416 2238 eorum.
3453 2204 3469 2234 ι
3510 2184 3573 2237 Et
3607 2186 3658 2237 itt

2087 2291 2325 2331 cxxxvut
2357 2296 2370 2331 :
2407 2295 2424 2328 ι
2459 2277 2572 2332 Non
2603 2287 2683 2331 est
2702 2276 2814 2347 (85)
2852 2277 3175 2332 occultatum
3216 2292 3278 2331 os
3317 2292 3489 2331 meum
3523 2292 3550 2328 a
3586 2287 3658 2334 te.

2088 2369 2229 2434 quod
2267 2365 2441 2420 fecisti
2471 2369 2525 2420 in
2560 2368 2812 2432 occulto;
2849 2387 2866 2419 ι
2897 2377 2949 2421 et
2979 2367 3116 2420 sicut
3149 2365 3343 2421 Paulus
3370 2370 3433 2419 a-l
3466 2365 3661 2419 Itoma-

2091 2475 2186 2514 nos
2214 2460 2446 2514 scribit:
2483 2478 2501 2509 ι
2533 2459 2662 2526 Quis
2709 2459 2850 2513 enim
2897 2457 3008 2529 (86)
3069 2458 3214 2512 novit
3269 2468 3497 2511 mentem
3557 2459 3660 2510 Do-

2091 2551 2242 2614 mini,
2283 2561 2375 2605 aut
2408 2554 2528 2620 quis
2554 2553 2892 2608 consiliarius
2925 2554 3040 2622 ejus
3075 2552 3203 2605 fuit?
3232 2571 3248 2602 ι
3294 2551 3352 2604 Id
3379 2560 3479 2612 est,
3520 2551 3658 2603 nulla

2089 2658 2153 2695 ex
2198 2645 2483 2697 creaturis.
2523 2643 2652 2695 Illud
2694 2644 2860 2708 enim,
2904 2663 2922 2694 ι
2962 2643 3244 2713 Quis(87),
3275 2663 3294 2695 ι
3342 2643 3447 2698 late.
3489 2654 3656 2711 patet,

2089 2744 2250 2803 atque
2283 2735 2384 2788 ltuc
2427 2735 2736 2802 significat).
2784 2735 3018 2788 Dtcendo
3079 2747 3256 2788 autem
3307 2750 3409 2786 non
3447 2733 3657 2794 Far-ite,

2091 2826 2182 2879 sed
2218 2842 2235 2874 ι
2273 2823 2574 2887 Faciamus,
2604 2843 2621 2876 ι
2655 2825 2893 2878 ostendit
2919 2824 3220 2876 ministrum
3263 2839 3365 2878 non
3412 2840 3533 2878 esse
3579 2823 3660 2877 Fi-

2093 2914 2244 2977 lium,
2288 2930 2385 2967 nec
2416 2913 2678 2982 Spiritum
2730 2925 2998 2978 sanctum,
3046 2915 3138 2967 sed
3187 2913 3342 2967 unius
3382 2930 3503 2968 cum
3545 2915 3658 2981 ipso

2093 3007 2201 3060 Deo
2248 3009 2500 3074 potentia:
2543 3016 2598 3059 ct
2640 3005 2926 3058 voluntatis
2962 3021 2976 3056 :
3023 3003 3393 3070 subiungendo
3440 3013 3657 3068 autem,

2096 3116 2115 3148 ι
2148 3100 2441 3152 secundum
2472 3095 2784 3165 imaginem,
2821 3104 2874 3147 et
2921 3091 3325 3146 similitudinem
3352 3099 3611 3155 nostram,
3634 3108 3656 3143 ο

2094 3206 2252 3244 unam
2303 3204 2422 3243 esse
2461 3188 2750 3242 essentiam
2795 3184 3079 3249 Triuitati;
3115 3194 3170 3237 et
3212 3182 3326 3236 haec
3353 3182 3416 3235 ad
3445 3181 3662 3248 angelos

2095 3284 2235 3335 dicta
2275 3299 2378 3335 non
2427 3295 2548 3334 esse
2594 3280 2828 3334 ostendit
2864 3278 2950 3341 iis,
2998 3277 3088 3346 qui
3122 3276 3386 3344 imperite,
3418 3282 3472 3328 et
3498 3273 3662 3328 stulte

2089 3372 2240 3442 parvi
2290 3370 2516 3432 faciunt,
2567 3379 2625 3424 et
2668 3364 3122 3435 itutuinuuntl88)
3151 3365 3217 3436 (si
3248 3363 3348 3417 ltoc
3375 3365 3490 3416 sine
3523 3363 3662 3430 peri-

2088 3463 2211 3517 eulo
2242 3460 2443 3514 homini
2471 3460 2649 3514 dicere
2677 3459 2822 3526 licet)
2847 3458 3130 3526 imaginem
3156 3469 3220 3508 ac
3251 3452 3660 3508 similitudinem

2091 3551 2262 3604 forma
2304 3551 2570 3616 carentis,
2618 3564 2671 3603 et
2731 3549 2914 3619 ﬁgura:
2971 3547 3238 3617 expertis,
3273 3555 3328 3600 et
3381 3541 3661 3597 ineﬂ'abilie

2091 3640 2390 3694 Trinitatis.
2441 3641 2643 3694 Idcirco
2688 3639 2966 3708 subiunxit
3012 3639 3152 3692 idem
3195 3634 3658 3702 eosmographus:

2097 3752 2114 3784 ι
2149 3733 2214 3786 Ει
2259 3732 2386 3786 fecit
2419 3729 2528 3802 (89)
2567 3729 2706 3783 Deus
2744 3729 3012 3782 hominem
3049 3746 3061 3782 :
3115 3727 3180 3780 ad
3229 3727 3512 3796 imaginem
3567 3723 3662 3779 Dei

2092 3823 2221 3878 fecit
2257 3821 2404 3875 illum
2439 3838 2451 3874 :
2494 3819 2786 3874 masculum
2823 3829 2875 3871 et
2905 3819 3158 3872 feminam
3188 3816 3311 3870 fecit
3343 3831 3455 3878 eos,
3485 3826 3537 3868 et
3565 3817 3660 3869 be-

2092 3916 2296 3968 nedixit
2335 3928 2459 3978 eos;
2517 3932 2537 3964 ι
2587 3922 2640 3964 ct
2684 3925 2866 3965 rursus
2913 3929 2926 3965 :
2965 3931 2981 3961 ι
3017 3909 3287 3980 Vidit(90)
3343 3907 3482 3961 Deus
3520 3908 3660 3977 quod

2093 4016 2235 4061 esset
2276 4008 2494 4060 bonum.
2538 4023 2556 4056 ›
2603 4002 2807 4070 Quibus
2861 4004 2914 4056 iu
2974 4002 3151 4056 verbis
3205 4002 3431 4070 mystice
3478 4011 3662 4053 rursus

2093 4099 2372 4168 perfectio,
2411 4107 2465 4150 et
2514 4095 2821 4159 concordia,
2875 4106 2929 4149 et
2981 4094 3276 4149 exornandi
3321 4092 3566 4154 scientia,
3609 4101 3665 4144 et

2092 4192 2399 4246 omnimoda
2429 4189 2721 4245 liberalitas
2751 4187 3082 4257 significatur
3123 4185 3284 4248 illius,
3315 4199 3430 4252 qua:
3477 4198 3573 4251 per
3605 4200 3664 4236 se

2096 4286 2207 4353 ipsa
2264 4281 2504 4352 perfecta
2547 4289 2649 4341 est.
2709 4288 2763 4333 et
2822 4275 3152 4346 productrix,
3199 4273 3499 4330 Trinitatis.
3558 4271 3664 4327 Nec

2093 4379 2236 4432 enim
2266 4375 2456 4439 Moses,
2483 4385 2573 4428 aut
2611 4375 2774 4437 Deus,
2797 4387 2904 4441 quo
2929 4372 2974 4425 is
3003 4369 3220 4424 alllattte
3245 4369 3482 4438 scripsit,
3513 4367 3665 4419 tltea-

2099 4469 2196 4522 tris
2236 4467 2422 4529 veluti,
2453 4481 2516 4520 ac
2547 4465 2878 4520 multitudini
2929 4464 3042 4517 hinc
3083 4461 3392 4529 exponenda
3431 4457 3660 4522 censuit,

425 4567 653 4629 θέοντα,
703 4565 796 4617 καὶ
849 4561 1227 4634 κυῦερνῶντα,
1300 4560 1384 4630 ἐφ’
1436 4560 1464 4612 ὃ
1497 4559 1634 4629 χρὴ,
1684 4558 1777 4612 καί
1838 4558 1990 4626 λόγον

2099 4560 2192 4614 sed
2232 4558 2336 4612 illis
2361 4559 2609 4613 omnibus
2644 4567 2873 4618 tantum,
2921 4555 3009 4624 qui
3035 4553 3146 4623 (91)
3181 4567 3241 4606 ea
3280 4552 3524 4604 violaturi
3558 4565 3661 4603 non

418 4651 909 4727 σοφὸᾶἀρέσκοντα
955 4653 1034 4722 τῷ
1064 4650 1340 4715 δεδωκότι,
1395 4652 1488 4703 καὶ
1538 4649 1834 4719 δυνάμενον
1893 4649 1990 4702 σὺν

416 4747 597 4798 πίστει
648 4745 992 4812 τεκνογονίας
1031 4743 1205 4797 αἰτίον
1245 4741 1509 4810 γίνεσθαι,
1547 4741 1643 4793 καὶ
1684 4738 1847 4810 ζωῆς,
1896 4739 1990 4792 καὶ

418 4838 625 4909 νεκρῶν
651 4838 940 4906 ὲγέρσεως,
971 4837 1063 4888 καὶ
1096 4836 1264 4905 ὀρέων
1299 4834 1638 4904 μεταθέσεως
1663 4850 1676 4864 ο
1705 4832 1840 4902 πρὸς
1872 4832 1992 4885 τού-

418 4948 552 4994 τοις,
585 4932 666 4982 ὅτι
703 4929 1108 4999 μετειλήφαμεν
1148 4929 1239 4981 καὶ
1291 4926 1391 4996 τῆς
1433 4925 1597 4980 αὐτοῦ
1636 4924 1986 4993 ἀγαθότητος.

491 5107 601 5175 (81)
643 5106 704 5158 1η
731 5107 897 5172 primo
930 5105 1081 5156 libro.
1121 5105 1172 5157 lu
1207 5104 1271 5175 iis
1307 5119 1497 5172 nempe
1531 5103 1815 5175 capitibus,
1870 5119 1986 5165 uua-

422 5173 758 5230 iuterzetuot.
814 5177 1080 5226 ueterum
1123 5175 1175 5226 itt
1209 5174 1344 5226 libro
1374 5181 1534 5227 etiam
1574 5175 1646 5226 De
1687 5173 1780 5235 Sp.
1809 5184 1988 5226 sancto

425 5262 570 5296 num.
606 5244 674 5299 20
716 5244 884 5296 fusius
912 5243 1165 5307 ostendit,
1205 5262 1222 5294 t
1256 5245 1478 5313 digitum
1529 5245 1619 5298 Dei
1669 5262 1688 5295 ι
1725 5243 1987 5296 nominari

425 5315 676 5382 Spiritum
709 5327 972 5367 siuetutn.

495 5384 604 5452 (8‘2)
646 5385 924 5446 Quoniam.
960 5383 1076 5436 Psal
1131 5397 1244 5442 νιιι,
1278 5398 1415 5436 vers.
1439 5383 1492 5437 4.

495 5456 604 5523 (85)
643 5452 943 5505 Furionms.
969 5454 1101 5523 Gen:
1131 5467 1172 5523 1,
1200 5453 1289 5506 26.
1315 5452 1644 5523 l’ostremam
1680 5462 1854 5506 tamen
1878 5470 1992 5505 ver-

421 5521 810 5590 siculi—partem
845 5523 1048 5575 breviat
1081 5521 1354 5590 Didymus.
1394 5521 1533 5589 Lege
1567 5521 1880 5576 Tertulliani
1924 5525 1955 5576 li
1978 5553 1989 5564 -

422 5594 576 5644 brum
608 5599 850 5645 alvei-sus
884 5591 1165 5649 Praxeam,
1186 5605 1303 5657 Cap.
1341 5591 1431 5653 12,
1473 5590 1560 5643 ubi
1605 5591 1806 5646 similes
1839 5591 1992 5647 aﬂ'ert

423 5664 914 5727 argumentationes
936 5677 998 5714 es
1035 5661 1115 5713 Itis
1141 5659 1413 5713 Geneseos
1436 5659 1587 5712 locis.

495 5729 607 5798 (8-1)
648 5729 748 5793 Qui
774 5730 946 5794 ﬁnxit.
982 5730 1122 5783 Psal.
1158 5744 1328 5792 χχχιι,
1364 5743 1504 5782 vers.
1548 5730 1634 5783 lii.-

519 5799 608 5870 85)
635 5799 756 5870 Non
790 5811 884 5854 est.
913 5799 1048 5870 Psal.
1085 5813 1344 5870 cxxxvut,
1374 5813 1516 5854 vers.
1549 5799 1613 5854 14
1637 5798 1755 5869 (seu
1792 5799 1899 5870 15).

516 5868 606 5939 86)
649 5867 776 5934 Quit
804 5873 958 5924 enim.
983 5869 1138 5925 Rom.
1167 5883 1240 5936 χι,
1275 5869 1363 5923 51.

2097 4661 2298 4708 essent.
2323 4670 2341 4704 ι
2369 4652 2520 4707 Fecit
2553 4669 2573 4705 ι
2597 4651 2739 4704 enim
2763 4668 2782 4702 ι
2820 4647 2982 4716 Deus,
3006 4666 3023 4698 ι
3056 4647 3104 4700 id
3121 4657 3203 4700 est
3228 4643 3415 4704 Filius,
3447 4661 3464 4692 ι
3489 4643 3658 4695 homi-

2097 4759 2218 4797 nem
2267 4758 2282 4796 :
2325 4745 2388 4796 ad
2443 4742 2728 4813 imaginem
2799 4742 2910 4806 Dei,
2951 4759 2968 4791 ι
3019 4739 3068 4793 id
3099 4748 3198 4800 est,
3246 4734 3442 4800 Patris,
3485 4753 3501 4784 ι
3539 4734 3665 4788 fecit

2097 4833 2266 4907 illum.
2298 4853 2316 4885 ι
2355 4833 2418 4886 Et
2455 4829 2588 4886 vidit
2644 4833 2803 4896 Deus,
2855 4850 2872 4884 ι
2928 4831 2980 4884 id
3017 4840 3100 4883 est
3140 4830 3374 4897 Spiritus
3419 4837 3660 4889 sanctus,

2104 4944 2124 4979 ι
2159 4926 2298 4997 quod
2327 4933 2470 4979 esset
2495 4923 2716 4989 bonum,
2747 4933 2801 4978 et
2835 4923 3106 4982 bezedixit
3145 4936 3257 4987 eos,
3301 4942 3320 4973 ι
3357 4921 3409 4976 id
3432 4930 3513 4973 est
3545 4936 3641 4974 san

2165 5104 2280 5175 (87)
2320 5104 2470 5169 Quis.
2503 5101 2818 5175 littjusmodi
2882 5099 3279 5175 adnotationem
3333 5097 3663 5175 nonA‘semcl

2093 5189 2145 5226 tu
2171 5165 2181 5171 ’
2205 5165 2424 5244 Ιιίἶιγὶηο
2469 5165 2810 5244 plfendimus,
2876 5178 2935 5223 ut
2961 5169 3242 5244 inperitis
3287 5181 3416 5244 pag.
3446 5165 3582 5244 26,__
3607 5179 3661 5218 et

2093 5245 2146 5296 in
2198 5237 2318 5296 lib.'
2346 5245 2416 5296 De
2457 5241 2550 5310 Sp.
2575 5252 2750 5294 sancto
2773 5256 2923 5295 num.
2955 5238 3040 5302 l3,
3081 5237 3166 5290 ubi
3202 5237 3424 5302 legimus
3461 5253 3480 5310 :_
3509 5237 3655 5288 «Hoc

2092 5315 2233 5366 enim
2262 5316 2402 5380 quod
2433 5305 2525 5367 ait.
2561 5329 2580 5362 ι
2625 5311 2721 5364 Cui
2754 5310 3085 5380 angelorum,
3118 5325 3135 5358 ι
3182 5321 3334 5374 atque
3369 5305 3656 5374 acciperet,

2095 5398 2158 5435 ac
2193 5385 2233 5434 si
2257 5377 2477 5445 diceret,
2507 5380 2664 5434 Nulli.
2706 5401 2723 5432 ι
2760 5377 2971 5433 Et'alibi
2999 5377 3181 5430 etiam.

2165 5453 2275 5522 (88)
2314 5444 2656 5506 linunnuuut.
2716 5449 2958 5522 Notanda
3012 5446 3206 5500 locutio
3239 5445 3360 5508 ista,
3408 5444 3468 5496 ὲν
3523 5447 3657 5516 μείω

2096 5518 2298 5592 ἔχουσι,
2325 5523 2380 5592 bl
2417 5533 2498 5592 est
2535 5518 2921 5592 μειονεκτοῦσι.

2165 5594 2275 5658 (89)
2315 5590 2381 5644 Et
2414 5585 2556 5658 fecit.
2588 5589 2722 5644 Gen.
2751 5606 2788 5649 t,
2815 5587 2963 5658 27_et
2987 5585 3077 5640 28.

2187 5649 2276 5720 90)
2327 5649 2485 5712 Vidit.
2515 5658 2649 5713 Gen.
2689 5674 2726 5720 t,
2764 5658 2848 5710 18.
2875 5655 3058 5710 Graeca
3091 5654 3200 5718 ed.,
3240 5649 3400 5710 εἶδεν.

2189 5724 2276 5798 91)
2319 5731 2438 5796 Qui.
2472 5727 2525 5781 In
2567 5729 2774 5798 codice,
2804 5726 2959 5798 000v.
3004 5725 3180 5781 Malim
3219 5725 3352 5780 ὅσοι.
3392 5724 3503 5781 Nisi
3539 5727 3658 5797 quis

2096 5796 2443 5870 ma'lit'legere
2471 5816 2481 5852 :
2516 5797 2764 5852 τοσοῦτον
2797 5796 2851 5851 δὲ
2881 5797 3019 5852 ὅσον.
