4110 6432
501 400 561 454 τι
1698 394 1937 450 υΙΒΥΜΙ
1979 394 2063 449 AL

2168 391 2442 447 ANDRINI
3616 390 3733 444 ειε-

468 527 623 584 ptura
682 531 803 569 cum
855 513 1305 584 prmstantiorem,
1359 515 1638 586 magisque
1687 519 2043 572 necessariam

2163 512 2301 579 ὶγίου
2326 527 2340 541 ο
2372 530 2391 562 ›
2430 511 2522 563 καὶ
2548 510 2706 562 πάλιν
2729 527 2740 537 ·
2781 527 2798 557 ‹
2833 506 3056 576 Πνεῦμα
3100 507 3249 574 ἅγιον
3307 505 3583 561 ἐλεύσεται
3640 508 3745 561 ἐπὶ

468 606 953 660 Sztttcliﬁcalionetn
997 619 1115 660 esse
1149 615 1354 671 nosset,
1389 622 1549 676 quam
1577 610 1926 673 creationem,
1976 608 2044 663 de

2163 602 2225 665 τὲ,
2256 602 2350 655 καὶ
2382 601 2609 671 δύναμις
2643 598 2901 669 Ὑψίστου
2926 596 3237 650 ἐπισκιάσει
3266 613 3347 651 σοι
3370 614 3383 627 ·
3413 597 3494 650 διδ
3544 600 3639 651 καὶ
3670 598 3734 651 τὸ

470 697 763 752 miserabili
792 695 949 761 Juda,
993 700 1080 765 qui
1114 699 1592 752 sanctiticationem
1623 701 1901 763 amiserat,
1933 700 2040 752 ait:

2163 692 2479 762 πεννώμενον
2500 690 2678 759 ἆγιον,
2701 689 2829 753 Υἱὸς
2865 686 3119 756 Ὑψίστου
3144 686 3497 757 κληθήσεται.
3531 707 3548 740 ι
3586 690 3733 759 Μνη-

473 805 494 841 ι
526 788 726 841 Bonum
754 787 830 860 (9)
887 798 1004 841 crat
1042 788 1112 853 ei,
1171 789 1214 841 si
1274 800 1435 843 natus
1477 805 1579 844 non
1634 791 1825 847 fuisset
1888 792 2044 846 homo

2163 780 2431 834 ιονευτέον
2463 776 2578 842 οῦν,
2614 780 2695 832 ὅτι
2714 776 2801 832 διὰ
2833 776 2933 840 τὰς
2957 776 3241 847 αἱρετικάς
3268 775 3584 846 ἀδολεσχίας
3634 777 3735 845 γέ-

470 879 599 945 ille;
637 899 653 930 ι
697 880 820 948 quia
858 880 1065 933 scilicet
1108 896 1219 935 rem
1253 883 1491 936 omnium
1529 885 2042 952 perniciosissimam

2163 890 2291 926 ιεσιν
2320 871 2685 945 προανέταξεν
2734 870 2835 941 τῆς
2865 867 3330 942 ὲνανθρωπήσεως
3369 869 3398 920 6
3446 866 3733 937 εὐαγγελι-

468 972 726 1040 patravit,
761 983 811 1025 ct
850 971 1151 1034 Dominum,
1184 990 1211 1025 a
1253 989 1358 1042 quo
1400 975 1530 1029 nihil
1578 977 1700 1029 mali
1746 986 2043 1045 acceperat,

472 1064 716 1125 tradidit,
758 1073 812 1117 et
867 1080 1010 1128 cum,
1053 1066 1139 1131 qui
1194 1066 1298 1117 vita
1352 1078 1453 1132 est,
1507 1079 1731 1137 argento
1789 1068 2043 1122 vendidit.

473 1156 633 1224 Atqui
677 1156 839 1209 etiam
874 1157 938 1209 de
983 1165 1257 1225 assumpta
1290 1159 1340 1209 in
1385 1157 1639 1211 ineffabili
1670 1160 2048 1213 Iucarnatione

475 1248 656 1301 servili
700 1247 868 1299 forma
911 1245 998 1317 (de
1043 1262 1146 1316 qua
1189 1247 1424 1302 Joannes
1474 1251 1689 1318 quidem
1749 1251 1823 1305 ait
1872 1269 1885 1305 :
1926 1269 1943 1301 ι
1988 1250 2049 1302 Et

481 1336 712 1392 Verbum
746 1338 857 1407 (l0)
913 1352 1042 1391 caro
1104 1337 1302 1393 factum
1364 1350 1479 1407 est;
1510 1359 1527 1390 ι
1572 1340 1768 1393 Paulus
1826 1349 2044 1393 autem:

482 1447 502 1481 ι
539 1429 896 1497 Scnu-tipsum
941 1428 1051 1499 (ll)
1087 1430 1401 1495 cxiuanivil,
1449 1430 1674 1483 fortnam
1718 1430 1858 1484 servi
1909 1428 2051 1483 acci-

477 1516 703 1587 piens»)
738 1517 991 1572 Salomon
1039 1520 1171 1572 dixit
1209 1538 1224 1573 :
1264 1538 1282 1571 ι
1310 1517 1581 1587 Sapientia
1622 1518 1732 1589 (ιὲ)
1767 1518 2052 1570 ωιίὶίίοεινίι

477 1608 578 1663 sibi
625 1610 883 1661 domum:
920 1627 939 1660 ι
986 1609 1271 1664 Matthasus
1317 1625 1444 1662 vero
1484 1609 1553 1662 ob
1595 1610 1927 1662 identitatcm
1973 1610 2050 1662 di-

478 1698 613 1750 vina:
647 1707 873 1759 naturae,
903 1708 958 1751 et
987 1698 1321 1767 operationis
1352 1698 1430 1750 sic
1456 1696 1567 1765 (-15)
1599 1710 1716 1749 eam
1766 1695 2048 1764 exposuit:

2148 964 2299 1035 στὴς,
2331 962 2449 1017 εἶτα
2467 963 2743 1033 γέννησιν.
2775 960 3134 1032 Διασύροντες
3161 959 3269 1031 γὰρ
3295 959 3450 1030 ἡμῶν
3478 959 3578 1023 τὰς
3601 976 3735 1030 γρα-

2149 1058 2315 1129 φικάς
2361 1056 2679 1121 ἀποδείξεις,
2720 1042 2985 1123 λέγουσιν
3014 1051 3321 1114 πευστικῶς
3348 1050 3473 1105 καθ’
3504 1053 3744 1124 ὑπόκρισ-

2151 1164 2268 1199 σιν·
2305 1146 2426 1210 Υἱὸς
2465 1142 2558 1200 οὖν
2586 1144 2681 1199 τοῦ
2719 1142 3036 1215 Πνεῦματός
3071 1145 3217 1196 ἐστιν
3256 1144 3283 1196 6
3316 1142 3589 1214 Χριστός;
3640 1160 3732 1195 πι-

2152 1238 2291 1301 στῶς
2320 1238 2441 1291 οὐδὲ
2469 1236 2643 1291 ταῦτα
2669 1235 2977 1301 ἀκούοντες,
3015 1234 3135 1288 οὐδὲ
3164 1229 3226 1287 τὸ
3268 1234 3399 1304 παρ’
3428 1234 3593 1288 αὐτοῦ
3619 1239 3733 1299 τοῖς

2149 1327 2469 1391 ἀποστόλοις
2503 1327 2790 1398 εἰρημένον
2815 1342 2828 1354 ·
2872 1345 2890 1378 ι
2933 1326 3048 1379 Οὐκ
3079 1324 3278 1389 οἴδατε,
3317 1324 3428 1377 οἴου
3478 1324 3733 1396 Πνεῦμα-

2151 1420 2240 1483 τός
2272 1422 2418 1473 ἐστιν
2450 1421 2477 1472 6
2510 1419 2638 1480 Υἱὸς
2682 1416 2774 1470 τοῦ
2815 1415 3126 1488 ἀνθρώπου.
3161 1434 3179 1467 ι
3217 1416 3280 1469 Εἰ
3322 1411 3435 1476 οὖν,
3484 1417 3672 1491 ἐπειδὴ
3705 1420 3735 1471 6

2153 1510 2342 1581 Πατὴρ
2381 1509 2516 1573 Θεὸς
2546 1508 2815 1579 ἀληθινὸς,
2845 1507 2935 1561 διὰ
2956 1507 3116 1560 τοῦτο
3164 1508 3255 1560 καὶ
3292 1510 3324 1578 ὴ
3358 1508 3605 1579 ἐνέργεια
3633 1511 3743 1563 αὐο-

2150 1603 2243 1657 τοῦ
2289 1602 2408 1657 θεία
2455 1603 2600 1656 ἐστὶν
2644 1602 2818 1673 πάντη
2851 1617 2909 1654 τε
2940 1600 3031 1654 καὶ
3066 1600 3314 1663 πάντως,
3345 1601 3532 1672 ἐπειδὴ
3562 1601 3743 1674 ταύτῃ,

2156 1694 2243 1765 ἴση
2280 1694 2373 1747 καὶ
2401 1693 2564 1763 ὁμοία
2593 1695 2624 1762 ἡ
2657 1693 2906 1763 ὲνέργεια
2933 1689 3027 1743 τοῦ
3064 1692 3220 1759 ἁγίου
3266 1691 3580 1761 Πνεῦματος
3613 1694 3739 1761 φαί-

479 1804 501 1839 ι
535 1787 659 1842 Jesu
694 1788 803 1858 (14)
844 1787 1046 1842 Christi
1086 1798 1265 1843 autem
1305 1786 1578 1855 generatio
1620 1787 1697 1838 sic
1742 1796 1879 1839 erat.
1919 1785 2050 1838 Cum

2163 1803 2208 1839 vs
2222 1803 2330 1839 ται·
2361 1785 2451 1838 διὰ
2490 1784 2648 1838 τοῦτο
2700 1785 2795 1839 καὶ
2839 1785 2971 1838 αὐτὸ
3000 1784 3133 1848 Θεὸς
3165 1784 3419 1855 ἀληθινὸς
3457 1787 3735 1854 τυγχάνει.

476 1891 620 1934 esset
674 1881 993 1947 desponsata
1049 1890 1222 1938 mater
1259 1880 1375 1950 t-jns
1421 1877 1586 1931 Maria
1629 1877 1849 1946 Joscph,
1896 1887 2052 1931 aute-

2163 1878 2361 1950 Πρέποι
2411 1877 2468 1930 δὲ
2512 1875 2577 1929 ἂν
2616 1878 2710 1930 καὶ
2752 1877 2879 1947 περὶ
2929 1874 3024 1929 τοῦ
3064 1875 3193 1929 Υίοῦ
3237 1874 3499 1939 ὡσαύτως
3542 1878 3736 1928 εἰπεῖν.

478 1985 637 2036 quam
666 1972 1036 2036 convenirent,
1090 1971 1305 2023 iuventa
1339 1981 1420 2022 est
1467 1969 1519 2021 in
1554 1978 1708 2022 utero
1742 1969 1944 2023 habens
1987 1970 2052 2022 de

481 2060 684 2129 Spiritu
726 2059 1361 2129 sancto.u‘irthatigclus
1396 2073 1522 2112 vero
1566 2057 1735 2127 inquit
1774 2074 1786 2110 :
1832 2074 1851 2109 ι
1902 2057 2052 2124 Quod

476 2155 620 2209 enim
660 2153 769 2222 (l5)
803 2156 853 2205 in
896 2167 959 2206 ea
998 2161 1346 2215 natumest,e
1368 2148 1571 2221 Spiritu
1600 2161 1788 2203 sancto
1820 2160 1929 2214 est;
1960 2170 1979 2202 ι
2001 2159 2055 2203 ct

482 2258 707 2297 rursus:
744 2262 761 2292 ι
793 2244 1025 2309 Spiritus
1064 2242 1172 2311 (16)
1208 2253 1423 2297 sanctus
1450 2241 1626 2296 veniet
1659 2257 1823 2311 super
1884 2253 1952 2305 te,
2002 2251 2056 2296 et

483 2333 656 2385 virtus
684 2333 945 2385 Altissimi
973 2334 1322 2386 obnmhrahit
1366 2331 1460 2386 tibi
1499 2349 1512 2385 :
1545 2331 1666 2386 ideo
1700 2340 1753 2386 et
1779 2334 1919 2399 quod
1962 2348 2057 2384 na-

482 2437 668 2479 scetur
702 2424 986 2490 δςιηειυηι,
1017 2423 1188 2480 Filius
1225 2424 1486 2479 Altissimi
1527 2425 1826 2478 vocabitur.
1867 2441 1886 2473 ι
1921 2424 2056 2477 lllud

481 2532 612 2585 ergo
639 2516 895 2571 memoria
932 2518 1217 2571 tenendum
1252 2516 1414 2587 188
1450 2525 1555 2579 est,
1583 2515 1968 2584 evangelistam
1990 2515 2059 2569 ob

380 2630 386 2637 -
483 2609 857 2662 tta-relicuum
897 2623 1088 2677 nugas,
1133 2622 1266 2677 quas
1301 2606 1595 2675 loquaciter
1621 2605 1891 2669 cﬂ'utiunt,
1934 2616 2059 2660 ante

485 2699 913 2751 lncarnationcm
947 2699 1194 2769 p0suisse
1220 2696 1507 2766 originem,
1538 2695 1732 2751 deinde
1760 2697 2062 2765 generatio-

485 2805 628 2843 nem.
667 2790 742 2843 Illi
776 2790 916 2843 enim
947 2789 1350 2858 Scripturarum
1386 2789 1695 2845 testimonia
1735 2804 1763 2840 a
1806 2789 1962 2841 nobis
1990 2788 2064 2841 al-

487 2881 593 2934 lata
629 2889 935 2948 carpentes,
969 2880 1222 2934 simulate
1267 2882 1345 2935 sic
1396 2896 1494 2935 nos
1535 2878 2007 2950 iuterrogaut(l7)
2045 2894 2060 2933 :

490 2971 697 3039 Ergone
740 2971 987 3025 Christus
1037 2982 1119 3025 est
1160 2970 1330 3024 Filius
1359 2973 1594 3039 Spiritus
1629 2969 1849 3025 sancti?
1884 2970 1962 3024 Ac
1999 2985 2065 3024 eo

488 3064 667 3128 modo,
696 3077 803 3133 quo
845 3061 1053 3114 ﬁdelem
1077 3062 1250 3126 decet,
1286 3076 1458 3130 neque
1498 3065 1612 3116 haec
1637 3059 1932 3130 accipiunt,
1969 3076 2065 3113 ue-

485 3170 593 3226 qne
624 3155 676 3209 id
705 3156 850 3224 quod
887 3154 1141 3223 apostolis
1165 3153 1231 3207 ab
1264 3153 1380 3221 ipso
1409 3153 1611 3206 dictum
1655 3151 1793 3206 fuit:
1827 3169 1845 3203 ι
1877 3151 2065 3207 Nesci-

489 3245 710 3317 tis(l8),
749 3246 902 3315 cujus
932 3245 1165 3313 Spiritus
1205 3254 1286 3298 cst
1321 3241 1489 3297 Filius
1521 3241 1808 3296 hominis.»
1851 3241 1906 3297 Si
1936 3256 2066 3312 ergo

489 3354 558 3392 ex
589 3353 653 3392 eo
690 3339 830 3409 quod
873 3336 1028 3391 Pater
1057 3337 1126 3389 sit
1175 3336 1317 3390 Deus
1345 3349 1524 3400 verus,
1565 3334 1810 3404 sequitur
1853 3344 1910 3387 ut
1951 3333 2067 3405 ejus

490 3430 733 3498 operatio
778 3429 849 3482 sit
892 3428 1111 3482 omnino
1150 3437 1311 3495 atque
1359 3427 1602 3481 absolute
1630 3425 1848 3492 divina;
1893 3441 1959 3481 ex
2003 3441 2068 3480 eo

490 3520 654 3575 etiam
698 3519 839 3588 quod
887 3518 1189 3587 operatioui
1238 3517 1413 3572 Patris
1442 3516 1703 3588 aqualem
1734 3525 1788 3571 et
1836 3517 2065 3573 similem

492 3628 613 3668 esse
642 3622 893 3683 appareat
927 3613 1290 3681 Operationcm
1322 3608 1557 3679 Spiritus
1596 3611 1793 3675 sancti,
1825 3611 2069 3679 sequitur

495 3717 552 3759 ut
581 3717 636 3759 et
681 3705 794 3771 ipse
824 3704 895 3757 sit
929 3703 1070 3758 Deus
1109 3717 1286 3759 verus.
1320 3701 1445 3757 Pari
1473 3710 1650 3756 autem
1702 3703 1861 3757 modo
1903 3704 2065 3757 etiam

493 3796 561 3851 de
589 3796 722 3853 Filio
755 3796 899 3866 loqui
925 3796 1208 3862 convenit;
1250 3810 1375 3849 nam
1408 3793 1452 3848 si
1478 3792 1656 3848 Patris
1689 3795 1929 3863 operatio
1949 3809 2071 3864 0pc-

496 3886 702 3941 ratione
727 3886 869 3951 Filii,
906 3897 995 3940 aut
1026 3885 1262 3956 Spiritus
1290 3885 1591 3954 potior(l9)
1614 3893 1776 3950 esset,
1812 3886 2067 3953 quidnam

496 3982 717 4033 omnino
754 3987 1112 4047 operarentur
1149 3979 1201 4031 in
1240 3976 1396 4031 nobis
1427 3974 1685 4045 Spiritus,
1719 3984 1814 4029 aut
1864 3972 2071 4034 Filius?

498 4070 587 4139 qui
615 4085 764 4135 sane,
796 4070 840 4124 si
873 4068 1016 4123 Patri
1056 4068 1349 4122 dissimiles
1371 4065 1570 4130 forent,
1605 4074 1663 4120 ιιι
1687 4066 1871 4120 volunt
1902 4066 2072 4121 haere-

508 4161 625 4225 tici,
653 4161 939 4227 minorem,
985 4174 1148 4226 quam
1196 4157 1377 4223 Pater,
1434 4157 1588 4212 nobis
1638 4158 2073 4213 indereutvirtu-

505 4263 631 4304 tem.
674 4251 829 4317 Quod
875 4252 919 4304 si
958 4265 988 4304 e
1035 4250 1309 4303 contrario
1347 4248 1479 4303 utile
1514 4249 1693 4312 nobis,
1740 4263 1805 4303 ac
1837 4248 2073 4305 salutare

499 4351 581 4395 est
611 4340 768 4403 Filio,
793 4350 847 4395 et
881 4340 1084 4409 Spiritu
1112 4349 1301 4395 sancto
1333 4339 1547 4410 repleri,
1579 4341 1725 4396 nulla
1756 4341 1807 4395 in
1838 4355 1895 4395 re
1926 4342 2070 4397 Patri

502 4432 782 4486 dissimilis
814 4432 915 4486 erit
940 4432 1130 4491 Filius.
1169 4441 1264 4487 aut
1298 4432 1533 4502 Spiritus
1568 4452 1579 4486 :
1622 4449 1744 4488 nam
1785 4448 1957 4505 neque
2002 4436 2069 4499 is.

573 4561 651 4633 (9)
689 4562 913 4633 Bonum.
948 4563 1134 4619 Matth.
1160 4580 1305 4629 XXVI,
1332 4563 1440 4618 24.‘

585 4631 695 4704 (10)
735 4632 802 4688 Ει
849 4631 1090 4688 Verbum.
1120 4633 1273 4704 Joan.
1302 4650 1338 4699 ι,
1367 4635 1454 4688 14.

577 4705 687 4773 (ll)
728 4704 1090 4769 Sentctipsum.
1130 4703 1449 4773 Philipth,
1485 4705 1538 4757 7.

729 4774 1019 4848 Sapientia.
1046 4770 1377 4848 Pt‘oVIA._tx,ii

575 4843 687 4916 (15)
730 4845 838 4900 Sic.
875 4843 1051 4899 Codex
1078 4864 1091 4900 ε
1122 4843 1236 4916 ὡδίτ

579 4912 690 4987 (li)
712 4916 875 4987 ‘Jcsu.
912 4916 1095 4987 Matth.
1125 4932 1161 4987 ι,
1192 4912 1498 4987 [δηϐτειξεει
1531 4915 1692 4970 editio
1732 4915 1892 4987 habet
1942 4934 2074 4987 μνη-

509 4981 824 5056 στευῦείσης
872 4985 999 5056 γὰρ.
1048 4984 1153 5040 Sed
1208 4981 1468 5054 Vulgatus
1519 4987 1786 5056 interpres
1840 4981 1968 5056 legit
2017 4981 2075 5041 tit

510 5060 785 5114 Didymus.

581 5072 785 5125 (tymus.

581 5126 690 5197 (15)
733 5125 885 5197 Quod
915 5127 1077 5197 enitet.
1113 5124 1373 5197 Mattth,
1406 5123 1497 5197 ﬁli.

584 5193 696 5262 (16)
735 5195 978 5263 Spiritus.
1035 5195 1166 5248 Luc.
1199 5211 1247 5259 ι,
1293 5194 1379 5248 55.
1433 5195 1618 5263 (ἷνιεειι
1676 5193 2077 5262 Complntensis

514 5268 713 5335 editior:
748 5265 822 5335 Τὸ
870 5265 1204 5334 γεννώμενον
1249 5265 1314 5316 ὲκ
1364 5262 1457 5317 σοῦ
1511 5264 1693 5332 ἆγιον,
1749 5264 2076 5335 κληθήσεται

513 5336 643 5399 Υἱὸς
677 5333 834 5387 Θεοῦ.
871 5333 1000 5388 Aliae
1039 5333 1214 5388 tamen
1256 5336 1517 5388 editiones
1549 5337 1803 5387 omittunt
1835 5333 2073 5400 vomitus,

517 5407 583 5459 ὲκ
629 5403 753 5476 σοῦ,
802 5415 859 5458 ut
912 5406 1197 5476 Didymus.
1237 5403 1292 5457 In
1342 5404 1477 5476 libro
1510 5403 1585 5457 De
1635 5401 1838 5476 Spiritu
1875 5414 2077 5468 sancto,

518 5489 666 5530 num.
694 5474 787 5540 5i,
839 5471 1134 5531 versiculus
1187 5474 1288 5528 iste
1329 5471 1553 5528 aﬂ'ertur
1595 5472 1873 5535 dimidius,
1912 5489 1976 5527 ac
2014 5488 2078 5527 eo

527 5547 703 5607 iiiodo,
743 5561 847 5609 quo
897 5547 947 5598 iu
998 5547 1101 5599 hoc
1134 5544 1273 5599 loco.
1314 5542 1441 5598 ﬂare
1476 5544 1619 5598 enim
1674 5542 1743 5597 ibi
1783 5542 2076 5612 leguntur:

525 5632 546 5663 ι
576 5613 858 5682 Ᾱζίιιιςιιειιι
909 5630 1036 5669 νει-ο
1088 5614 1309 5682 Spiritui
1347 5614 1598 5667 virtutem
1648 5628 1749 5667 non
1788 5628 2074 5682 possumus

522 5680 681 5735 aliaui
723 5691 914 5752 praeter
941 5680 1213 5739 Christum
1249 5684 1533 5739 Dominum
1562 5680 1927 5752 interpretari.
1960 5680 2077 5750 ipse

523 5755 675 5821 enim
718 5750 995 5821 discipulis
1052 5755 1127 5808 ait
1169 5776 1180 5807 ε
1223 5771 1241 5804 ι
1272 5753 1559 5821 Accipictis
1613 5750 1755 5807 enim
1821 5753 2075 5806 virtutem

528 5836 549 5872 ι
587 5818 818 5891 Spiritus
848 5818 1016 5876 saneti
1047 5824 1337 5878 venientem
1387 5818 1545 5892 super
1597 5839 1743 5879 vos.»
1781 5822 1840 5876 Et
1872 5823 1936 5876 ad
1972 5822 2079 5875 Ma-

2166 1969 2317 2021 'E1rs't
2348 1970 2419 2039 μή
2453 1984 2516 2037 γε
2553 1969 2657 2038 εἰή
2687 1967 2780 2020 τοῦ
2813 1967 3024 2038 Πατρὸς
3048 1966 3300 2037 ἐνέργεια
3325 1967 3422 2038 τῆς
3453 1967 3547 2020 τοῦ
3586 1966 3737 2030 Υίοῦ,

2153 2058 2185 2128 ἢ
2216 2058 2309 2111 τοῦ
2339 2058 2957 2128 Πνεῦματοςκὰμείνων,
2984 2057 3036 2111 τί
3077 2057 3183 2128 γὰρ
3213 2058 3307 2110 καὶ
3350 2056 3486 2120 ὅλως
3520 2058 3749 2127 ἐνήργει

2152 2148 2215 2201 τὸ
2242 2148 2484 2218 Πνεῦμα,
2514 2149 2546 2219 ἢ
2574 2147 2603 2199 6
2636 2149 2765 2211 Υἱὸς
2802 2151 2880 2212 είς
2917 2150 3095 2219 ἡμᾶς
3132 2150 3305 2202 καίτοι
3334 2148 3430 2220 τὴν
3458 2148 3626 2219 χείρω
3647 2151 3743 2201 ἐπ-

2160 2241 2385 2309 άγοντες
2416 2241 2671 2311 δύναμιν,
2702 2242 2863 2312 εἴπερ
2891 2240 3162 2311 ἀνομοίως
3196 2241 3428 2312 ἔχουσιν,
3465 2240 3540 2304 ὡς
3573 2242 3619 2292 οί
3662 2243 3742 2293 αἱ·

2161 2332 2365 2403 ρετικοί
2400 2349 2582 2401 φασιν.
2617 2332 2679 2384 Ei
2715 2331 2771 2384 δὲ
2802 2331 2866 2403 δὴ
2893 2334 3161 2403 χρήσιμος
3200 2332 3294 2385 καὶ
3331 2330 3676 2402 σωτηρεὼδης
3709 2333 3753 2400 ἡν

2155 2424 2251 2478 τοῦ
2302 2424 2432 2477 Υίοῦ
2484 2423 2705 2478 καὶτοῦ
2744 2424 3059 2494 Πνεύματος
3112 2425 3412 2495 πλήρωσις,
3456 2427 3574 2477 κατ’
3593 2425 3745 2478 οὐδὲν

2159 2517 2312 2571 ἔσται
2343 2517 2593 2587 ἀνόμοιος
2630 2518 2659 2569 ὁ
2689 2515 2836 2579 Υἱὸς,
2865 2516 2897 2586 ἢ
2936 2514 2997 2569 τὸ
3036 2514 3280 2586 Πνεῦμα.
3323 2514 3461 2569 Οῦτε
3492 2516 3601 2587 γὰρ
3627 2516 3690 2570 ἂν
3715 2518 3744 2568 ὁ

2159 2606 2462 2677 ὑπέρτατος
2513 2604 2605 2657 καὶ
2647 2604 2900 2668 πλούσιος
2939 2606 2997 2658 ἐν
3030 2605 3169 2677 ὲξςέει
3202 2605 3353 2675 παρά
3380 2606 3474 2659 τοῦ
3509 2606 3751 2676 χείρονος

2160 2673 2620 2766 καὶ-πενεστέρου
2669 2695 3006 2760 ἐδανείσατο,
3040 2673 3163 2747 οῦτε
3219 2673 3379 2765 ἡμεῖς
3418 2673 3611 2758 διττά
3654 2697 3747 2746 καὶ

2158 2787 2425 2859 ἀνομοίως
2454 2787 2826 2859 ἐνηργήμεθα.
2859 2788 2969 2841 Καὶ
3011 2787 3192 2858 μέντοι
3228 2790 3377 2840 ποῖον
3410 2788 3523 2857 ἔχει
3562 2788 3749 2855 λόγον,

2161 2881 2446 2952 ἄνθρωπον
2494 2881 2594 2951 μὲν
2621 2880 2821 2945 καλῶν,
2868 2880 3000 2952 φέρε
3054 2882 3247 2944 εἰπεῖν,
3301 2880 3333 2949 ἢ
3376 2879 3560 2933 κακῶν
3602 2878 3744 2933 εἶναι

2163 2977 2393 3047 ποιητὴν
2416 2977 2509 3029 καὶ
2533 2974 2886 3046 δημιουργὸν,
2921 2974 2981 3028 τὸ
3004 2975 3061 3028 δὲ
3092 2975 3312 3044 Πνεῦμα
3334 2972 3407 3044 μὴ
3448 2969 3585 3026 εἶναι
3627 2973 3751 3027 τοῦ.

2163 3087 2257 3136 το;
2300 3070 2436 3123 Ἀλλ’
2464 3071 2493 3122 6
2522 3069 2825 3141 ἄνθρωπος,
2857 3068 2950 3141 [85
2973 3069 3024 3141 li]
3062 3068 3201 3123 κατὰ
3246 3067 3590 3138 συγχώρησιν
3642 3069 3744 3138 μὲν

2093 3188 2135 3247 C
2166 3161 2262 3215 τοῦ
2290 3161 2428 3215 Θεοῦ
2452 3161 2684 3233 πράττει
2710 3160 2890 3225 τοῦτο,
2916 3161 2948 3232 ἢ
2978 3163 3152 3215 ἐκεῖνο
3172 3178 3186 3191 ο
3217 3160 3325 3213 ἀπὸ
3351 3160 3540 3221 οὐσίας
3573 3160 3628 3213 δὲ
3650 3163 3748 3229 τῆς

2168 3254 2274 3308 ὑπὸ
2293 3255 2385 3307 τοῦ
2410 3252 2546 3307 Θεοῦ
2576 3251 2978 3325 προοισθείσης.
3003 3250 3206 3322 ἄψυχον
3231 3251 3553 3321 δημιουργεῖ
3573 3250 3602 3303 ὃ
3622 3250 3665 3303 δ’
3682 3249 3749 3304 ἂν

2166 3344 2331 3411 θέλοι,
2363 3345 2424 3396 οὺ
2458 3344 2566 3416 μὴν
2607 3344 2703 3397 καὶ
2727 3344 2917 3397 οὐσίαν
2945 3343 3137 3414 αὐτὴν,
3168 3342 3247 3405 ώς
3280 3341 3488 3412 ἔφαμεν
3515 3342 3637 3412 ἤδη.
3674 3342 3748 3393 Τὸ

2167 3435 2224 3488 δέ
2249 3452 2313 3504 γε
2342 3434 2567 3504 Πνεῦμα
2616 3433 2711 3487 καὶ
2741 3431 3075 3495 αὑθεντικῶς
3125 3433 3289 3494 ποιεῖ,
3337 3432 3431 3484 καὶ
3460 3430 3645 3501 οὐσίαν
3682 3432 3748 3484 ἐκ

2172 3528 2245 3599 μὴ
2300 3527 2466 3580 ὄντων
2527 3525 2841 3594 ὑφίστησιν,
2890 3524 2986 3578 ἅτε
3034 3523 3294 3595 συνεργὸν
3346 3523 3442 3577 καὶ⁹
3480 3521 3614 3593 πνοὴ
3651 3522 3748 3575 τοῦ

2170 3619 2637 3689 Παντοκράτορος.
2693 3616 2893 3686 Διόπερ
2954 3614 2984 3665 6
3040 3613 3171 3677 Θεὸς
3224 3615 3282 3667 ὲν
3325 3612 3405 3683 τῷ
3471 3613 3748 3683 ’ῐεζεκιὴ),,

2166 3711 2230 3763 τὸ
2299 3710 2397 3781 μὲν
2452 3708 2720 3779 ἡμέτερον
2774 3706 2997 3778 πνεῦμα
3063 3704 3527 3781 ἀνακαινίζεσθαι,
3582 3704 3646 3758 τὸ
3695 3705 3752 3757 δὲ

2171 3802 2322 3871 ἅγιον
2355 3800 2582 3871 Πνεῦμα
2623 3798 3011 3862 ἀνακαινίζειν,
3066 3798 3158 3852 καὶ
3203 3799 3302 3867 οὐχ
3354 3796 3540 3861 ἁπλῶς
3585 3796 3754 3850 Πνεῦ-

2175 3908 2251 3962 μα
2298 3887 2458 3956 εἶναι,
2504 3891 2616 3943 ἀλλ⁹
2667 3891 2860 3944 ἑαυτοῦ
2910 3891 3114 3961 κυρίως
3171 3890 3510 3954 ὑποδεικνὺς,
3572 3887 3750 3941 τοιάδε

2171 3980 2448 4047 Θεσπίζει·
2500 4001 2520 4033 ι
2565 3984 2674 4037 Καὶ
2717 3982 2873 4036 δώσω
2923 3984 3053 4051 ὑμῖν
3102 3980 3331 4053 καρδίαν
3383 3981 3605 4051 καινὴν,
3660 3982 3755 4034 καὶ

2172 4072 2395 4144 Πνεῦμα
2441 4075 2663 4127 καινόν’
2723 4074 2817 4126 καὶ
2847 4070 3054 4142 ,ἀφελῶ
3097 4071 3195 4142 τὴν
3257 4070 3484 4141 καρδίαν
3528 4070 3627 4139 τὴν
3676 4071 3757 4122 λι-

2171 4167 2326 4236 θίνην
2372 4167 2439 4220 ὲκ
2483 4166 2584 4236 τῆς
2616 4165 2820 4236 σαρκὸς
2843 4164 3017 4235 ὑμῶν,
3049 4165 3144 4217 καὶ
3170 4163 3325 4218 δώσω
3357 4165 3487 4235 ὑμῖν
3526 4164 3755 4235 καρδίαν

2175 4258 2457 4330 σαρκίνην,
2488 4259 2667 4312 καὶτὸ
2696 4256 2921 4327 Πνεῦμά
2954 4274 3059 4327 μου
3092 4256 3248 4312 δώσω
3288 4259 3344 4309 ὲν
3373 4258 3520 4328 ὑμῖν.
3555 4275 3574 4308 ι
3603 4257 3664 4310 Oi
3698 4255 3755 4308 δὲ

2174 4349 2267 4401 καὶ
2305 4346 2413 4400 τῶν
2462 4345 2621 4400 θείων
2655 4344 2850 4413 φωνῶν
2878 4343 3085 4397 τούτων
3114 4343 3522 4415 ὀλιγωροῦντες,
3576 4342 3671 4397 καὶ
3697 4345 3753 4395 ὲν

2172 4440 2382 4510 ἀπορίᾳ
2411 4437 2558 4509 πάσῃ
2608 4436 2718 4490 τῶν
2753 4435 2976 4489 δικαίων
3009 4434 3371 4503 καθεστῶτες,
3401 4435 3585 4489 λοιπὸν
3632 4436 3754 4497 ταῖς

2104 4577 2149 4630 ι)
2182 4572 2316 4626 riam
2355 4570 2595 4640 angelus,
2634 4587 2653 4618 ι
2686 4567 2941 4640 Spiritus,
2965 4586 2992 4640 r
3023 4568 3214 4640 inquit,
3261 4588 3279 4620 ι
3306 4581 3527 4640 sanctus
3559 4586 3752 4636 supcr-

2184 4660 2202 4692 ι
2246 4628 2508 4693 νρηὶεινὶη
2541 4628 2609 4701 te,
2641 4647 2694 4692 et
2724 4628 2894 4691 virtus
2930 4628 3559 4692 'Altissimi'obifmhrabit
3585 4628 3701 4695 tibi.
3729 4660 3747 4691 ι

2178 4709 2388 4782 [Codex
2436 4725 2552 4782 vero
2583 4717 2788 4782 noster
2843 4718 2957 4782 post
2999 4724 3171 4782 vocem
3260 4709 3600 4782 interpretari
3678 4714 3755 4782 sic

2174 4778 2323 4833 habet
2354 4795 2373 4832 :
2415 4797 2434 4831 ι
2467 4778 2759 4846 Accipietis
2781 4780 2926 4832 enim
2988 4780 3238 4832 virtutem
3285 4778 3521 4846 Spiritus
3574 4781 3753 4834 sancti

2179 4868 2198 4901 ι
2236 4851 2535 4902 venientem
2579 4863 2741 4915 super
2789 4863 2896 4908 vos,
2930 4866 2947 4898 ι
2980 4847 3045 4899 ad
3110 4848 3380 4915 apostolos
3442 4850 3657 4902 dicitur.
3694 4850 3759 4903 Et

2179 4919 2244 4971 ad
2282 4918 2500 4972 Mariam
2536 4917 2909 4987 archangelus,
2947 4934 2965 4965 ι
2998 4915 3254 4985 Spiritus,
3281 4936 3298 4970 ι
3341 4918 3533 4985 inquit,
3579 4938 3595 4968 ι
3625 4934 3755 4972 san-

2181 5006 2199 5040 ι
2237 4999 2356 5042 etus
2406 4988 2581 5041 veniet
2610 5002 2773 5056 super
2808 4996 2877 5052 te,
2932 4995 2987 5041 et
3036 4988 3203 5042 virtus
3250 4988 3508 5042 Altissimi
3560 4990 3756 5042 obum-

2181 5076 2199 5110 ι
2226 5058 2425 5129 brabit
2444 5068 2514 5112 te.
2539 5056 2586 5129 ι]

2249 5128 2360 5197 (l7)
2403 5123 2760 5196 Inter-rogant.
2798 5123 2857 5178 In
2911 5126 3122 5188 Grazco.
3172 5126 3515 5191 πευστικῶς,
3569 5126 3619 5181 id
3670 5135 3760 5182 est

2186 5218 2204 5250 ι
2235 5198 2640 5264 interrogative,
2663 5216 2681 5248 ι
2716 5197 2851 5262 sive,
2888 5204 2947 5249 ut
2983 5197 3034 5248 in
3063 5205 3356 5249 comment.
3389 5199 3456 5246 ad
3489 5198 3753 5264 psalmum

2179 5284 2251 5323 LII
2290 5267 2525 5331 loquitur
2560 5266 2836 5332 theologus
2885 5274 3092 5331 noster,
3136 5264 3281 5320 κατὰ
3316 5265 3530 5331 πεῦσιν,
3570 5268 3622 5319 id
3673 5277 3756 5319 est

2185 5358 2203 5391 ι
2233 5353 2326 5405 per
2359 5337 2859 5405 interrogationem.
2884 5353 2905 5387 ι

2253 5405 2364 5478 (t8)
2406 5404 2653 5478 Nescitis.
2686 5402 2816 5457 Luc.
2844 5420 2919 5467 ιχ,
2955 5404 3044 5478 55.
3086 5405 3191 5478 Sed
3224 5403 3413 5478 Graeca
3447 5404 3633 5478 editio,
3663 5405 3753 5478 cui

2184 5472 2454 5532 consentit
2495 5472 2718 5543 Vulgata
2771 5477 3083 5539 translatio,
3125 5477 3203 5529 sic
3255 5475 3414 5529 habet
3450 5492 3466 5528 :
3500 5476 3615 5528 Οὐκ
3669 5473 3755 5527 ol-

2182 5548 2330 5610 δατε,
2358 5546 2471 5598 οἴου
2507 5543 2821 5617 Πνεῦματός
2855 5547 2977 5599 ὲστε
3021 5545 3197 5617 ὑμεῖς,
3247 5545 3347 5597 hoc
3379 5554 3481 5610 est,
3517 5563 3537 5596 ι
3567 5544 3756 5617 Nesci-

2188 5619 2276 5681 tis,
2322 5618 2477 5684 cujus
2508 5614 2742 5684 Spiritus
2784 5631 2877 5669 vos
2921 5614 3082 5683 estis,
3114 5635 3134 5667 ι
3191 5628 3403 5683 nempe,
3450 5633 3472 5665 ι
3502 5614 3751 5678 nescitis.

2183 5687 2358 5755 qualis
2393 5683 2461 5755 sit
2495 5683 2727 5755 Spiritus
2757 5685 2862 5749 ille,
2892 5685 3043 5752 cujus
3074 5699 3168 5755 vos
3195 5686 3345 5755 estis.
3375 5701 3393 5735 ι

2257 5755 2367 5826 (l9)
2412 5753 2612 5810 Patiar.
2651 5754 2849 5821 Codex,
2879 5755 3105 5826 ἀμείνω.
3140 5754 3286 5823 Lego
3312 5754 3573 5824 ἀμείνων.
