4114 6466
546 450 648 503 573

1562 453 1646 505 DE
1688 452 2059 507 ’ΠΗΧΙῘΛἸῈ
2096 454 2297 509 LIBER
2338 452 2726 509 SECUNDUS.

3682 463 3785 518 δτι

542 560 735 627 ἔξωθεν
767 562 976 630 τέχναις
1012 563 1434 634 ἀποκέχρηνται,
1465 564 1556 617 καὶ
1584 565 1668 616 ἐπ’
1702 564 1836 618 ἄλλα
1866 568 1957 619 καὶ
1978 566 2111 620 ἄλλα

2229 568 2304 635 tui
2346 584 2626 635 supremus
2669 576 2771 628 est,
2816 581 2878 619 ac
2908 566 3056 618 divi-5
3087 565 3138 618 in
3178 568 3567 633 misericordia,
3604 568 3671 623 ab
3709 571 3791 624 iu-

479 682 486 688 -
544 650 867 720 μεταφὲρειν
908 652 1243 721 ἐπιχειροῦσι
1280 650 1348 704 τὰ
1384 651 1558 715 οὕτως
1608 652 1795 720 σαφῶς
1832 655 2113 724 εἰρημένα.

536 743 804 799 ιιιὰσκουσι
835 742 941 813 γὰρ
972 741 1178 806 λέξεσιν
1210 743 1397 807 αὐταῖς
1419 761 1432 773 ·
1462 742 1706 814 Νεκροὺς
1728 746 1755 796 ό
1782 745 2116 816 δημιουργή-

538 850 655 895 σας,
689 835 813 896 τοις
845 834 1240 903 νεκρουμένους
1269 833 1470 906 ἐγείρει
1493 835 1670 904 μόνος.
1716 836 2118 905 Ἀρχιτέκτονος

537 928 644 996 γὰρ
680 928 842 997 ἔργον
883 926 1238 995 φθειρόμενον
1265 924 1554 995 ζωγράφος
1587 925 1685 976 οὐκ
1713 924 1777 977 ἂν
1801 925 2117 995 διορθῶσαι-

537 1035 615 1078 to,
649 1015 762 1069 ἀλλ’
784 1016 903 1068 οὐδὲ
935 1014 1216 1084 ναυπηγοῦ
1257 1014 1543 1084 θηρευτὴς.
1579 1013 1694 1071 ἀλλ’
1718 1014 1838 1067 οὐδέ
1870 1032 1932 1082 γε
1973 1018 2119 1068 οἰκο-

534 1106 699 1175 δόμου
728 1103 987 1176 δρομεύς·
1015 1103 1152 1156 ἀλλὰ
1184 1104 1291 1174 γὰρ
1330 1102 1705 1173 ἀρχιτέκτονος
1762 1103 2116 1172 ἀρχιτέκτων,

543 1198 636 1250 καὶ
664 1193 944 1265 ναυπηγοῦ
969 1194 1262 1262 ναυπηγός.
1293 1194 1365 1245 Τὸ
1389 1192 1444 1245 δὲ
1479 1192 1631 1260 ἆίιον
1662 1193 1903 1263 Πνεῦμα,
1934 1195 2115 1262 φησὶν,

538 1288 661 1342 (τετε
705 1288 931 1359 νεκροὺς
984 1287 1244 1359 ἤγειρεν,
1309 1284 1430 1337 οὔτε
1480 1282 1926 1353 ἐδημιούργησεν·
1978 1285 2121 1350 ama

539 1380 665 1450 γὰρ,
695 1378 878 1446 φησὶν,
903 1378 995 1428 ἐπὶ
1018 1376 1110 1428 τοῦ
1146 1374 1313 1445 Ἀδὰμ
1345 1375 1799 1445 δεδημιούργηται
1841 1375 1873 1444 ἡ
1907 1375 2117 1446 ἀνθρώ.

545 1487 659 1522 πων
684 1468 839 1537 φύσῃ
866 1485 878 1496 ’
910 1467 1004 1520 καὶ
1048 1465 1169 1519 οὔτε
1210 1466 1369 1537 ἑτέρα
1400 1465 1526 1536 παρ’
1558 1464 1790 1533 ἐκείνην,
1822 1464 1945 1518 οὔτε
1990 1466 2120 1519 πολ-

541 1563 715 1624 λάκις.
759 1560 918 1613 Ἀλλὰ
963 1559 1056 1612 καὶ
1100 1561 1133 1631 ὴ
1178 1556 1289 1610 an.
1326 1558 1645 1628 συνεκτίσθη
1710 1558 1808 1628 μὲν
1836 1556 1915 1627 τῷ
1951 1556 2121 1627 Ἀδὰμ

541 1649 618 1719 τῷ
646 1648 807 1717 κοινῷ
840 1649 937 1717 τῆς
970 1646 1183 1715 φύσεως
1220 1646 1385 1716 λόγῳ,
1430 1645 1567 1717 μετὰ
1612 1645 1784 1698 ταῦτα
1817 1645 1873 1698 δὲ
1902 1646 2120 1716 διεμορ-

544 1741 715 1812 ῳὼθη.
756 1740 945 1810 Ἡμεῖς
977 1739 1031 1793 δὲ
1057 1739 1104 1790 οἱ
1132 1735 1421 1810 ὀρθόδοξοι,
1453 1737 1638 1807 ἐπειδὴ
1665 1736 1896 1807 μάλιστα
1934 1735 2122 1806 θεῖκῆς

541 1832 816 1900 δυνάμεως
861 1828 1147 1899 γνώρισμα
1205 1828 1266 1880 τὸ
1313 1827 1712 1897 δημιουργῆσαι
1755 1828 1849 1879 καὶ
1895 1827 2121 1897 νεκροὺς

2224 659 2429 718 l'eriori,
2475 667 2527 709 et
2580 657 2898 724 pauperiore
2949 657 3236 723 quidquam
3299 668 3568 711 umiuatus
3625 674 3786 723 esset,

2225 761 2395 814 neque
2432 762 2527 799 nos
2557 744 2753 812 duplici
2788 746 2963 809 modo,
2994 760 3056 799 ac
3083 746 3328 799 dissimili
3353 751 3456 801 acti
3483 765 3685 803 sumus.
3715 760 3788 804 Ae

2231 852 2353 890 sane
2384 837 2653 904 quomodo
2698 836 2894 891 rationi
2944 847 3362 889 consentaneum
3393 849 3494 901 est,
3532 849 3601 909 ut,
3632 840 3789 893 homo

2223 929 2436 994 quidem
2493 929 2788 989 bonorum,
2850 926 3076 993 exempli
3130 929 3320 993 gratia,
3387 942 3477 980 aut
3526 931 3787 982 malorum

2223 1016 2443 1069 etlector
2472 1017 2561 1079 sit,
2601 1025 2761 1083 alque
2790 1016 3056 1075 condizor,
3094 1013 3327 1081 Spiritus
3373 1027 3548 1069 autem
3578 1035 3679 1071 uou
3722 1021 3790 1071 sit

2228 1105 2580 1175 hujusmodi?
2612 1105 2808 1159 Verum
2865 1106 3023 1159 homo
3068 1121 3138 1158 ex
3182 1108 3533 1161 concessione
3573 1108 3788 1176 quidem

2230 1197 2319 1250 Dei
2350 1198 2470 1260 hoc,
2516 1207 2608 1249 aut
2641 1195 2770 1249 illud
2803 1209 3076 1264 operatur,
3125 1207 3286 1264 atque
3328 1214 3393 1251 ex
3433 1200 3727 1250 substantia
3760 1213 3791 1251 a

2231 1290 2336 1341 Deo
2372 1297 2551 1341 creata
2602 1287 2958 1340 iuauiutatum
3011 1287 3236 1354 aliquid,
3292 1290 3651 1356 quodcunque
3700 1304 3789 1341 vo-

2225 1377 2410 1463 kuerit,
2438 1377 2633 1442 etlicit;
2664 1391 2767 1428 nou
2797 1385 2972 1429 tamen
3002 1377 3164 1428 etiam
3193 1377 3545 1430 substantiam
3595 1379 3789 1446 ipSam,

2229 1477 2282 1521 ut
2322 1468 2434 1536 jam
2478 1468 2707 1521 diximus
2738 1466 2877 1538 (20),
2914 1469 3117 1521 condit.
3168 1467 3236 1521 At
3277 1485 3405 1522 vero
3453 1468 3685 1538 Spiritus
3738 1480 3793 1524 et

2226 1574 2321 1613 sua
2361 1558 2687 1612 auctoritate
2743 1567 3020 1639 operatur,
3051 1567 3104 1610 et
3138 1558 3491 1612 substantiam
3525 1575 3588 1612 ex
3629 1559 3793 1613 uihilo

2226 1650 2423 1714 educit,
2457 1664 2520 1702 ac
2555 1648 2933 1703 subsistentem
2976 1648 3122 1714 facit,
3158 1660 3339 1717 utpote
3368 1664 3706 1717 cooperator,
3742 1663 3795 1704 et

2228 1740 2383 1795 ﬂatus
2444 1741 2856 1808 Otnuipotentis.
2941 1738 3277 1808 Quapropter
3350 1740 3490 1794 Deus
3566 1742 3617 1794 in
3673 1742 3799 1795 Eze-

2227 1831 2398 1884 chiele
2433 1840 2674 1885 nostrum
2710 1833 2923 1899 quidem
2965 1831 3213 1900 spiritum
3256 1831 3500 1885 renovari
3529 1832 3793 1899 inquiens,

542 1920 768 1987 ἐγεῖραι,
791 1916 1155 1987 ὁμολογοῦμεν
1181 1917 1240 1968 τὸ
1266 1914 1420 1984 ἅγιον
1452 1915 1677 1985 Πνεῦμα
1704 1915 1875 1968 ταῦτα
1897 1932 2120 1986 πεποιη-

2229 1919 2483 1988 Spiritum
2515 1930 2691 1975 autem
2709 1931 2955 1976 sanctum
2978 1936 3257 1986 renovare,
3278 1932 3331 1975 et
3354 1922 3496 1976 hunc
3539 1938 3645 1977 nou
3668 1926 3800 1977 sim-

542 2010 636 2072 κδς
658 2007 796 2062 εἶναι
827 2009 958 2062 Θεόν
984 2025 997 2037 ⁸
1026 2026 1044 2058 ι
1086 2006 1176 2078 Τῷ
1197 2006 1354 2076 Λόγῳ
1389 2026 1406 2057 ι
1436 2006 1544 2077 γὰρ
1578 2025 1596 2056 ι
1635 2007 1838 2075 Κυρίου
1870 2007 1919 2058 οἱ
1951 2006 2117 2076 οὐρα-

542 2103 621 2152 νοὶ
655 2100 1086 2171 ἐστερεώθησαν,
1121 2099 1212 2170 [86
1238 2096 1296 2169 α]
1328 2098 1419 2150 καὶ
1448 2098 1526 2168 τῷ
1562 2097 1839 2167 Πνεύματι
1871 2096 1963 2150 τοῦ
2003 2098 2122 2150 στό-

545 2209 714 2262 ματος
743 2193 904 2245 αὐτοῦ
936 2193 1103 2244 πᾶσαι
1133 2191 1189 2242 αἱ
1222 2189 1479 2258 δυνάμεις
1504 2187 1680 2241 αὐτῶν
1708 2205 1719 2217 ·
1755 2207 1774 2239 ι
1814 2189 1907 2241 καὶ
1937 2187 2122 2259 ἐπειδὴ

541 2283 801 2355 ἀρχῆθεν,
850 2278 1363 2352 δημιουργουμένων
1408 2277 1645 2341 πάντων,
1694 2280 1983 2349 συμπαρῆν
2030 2280 2124 2331 καὶ

541 2375 862 2444 ἁχωρίστως
894 2368 1005 2441 εἶχε
1041 2374 1103 2442 τῇ
1136 2370 1348 2440 θεότητι
1387 2371 1480 2422 καὶ
1508 2373 1573 2440 τῇ
1605 2369 1870 2440 ἐνεργείᾳ,
1895 2369 1981 2422 διὰ
2000 2369 2124 2422 τοῦ-

542 2482 605 2516 το
668 2465 761 2517 καὶ
813 2462 1308 2532 ἀνακαινιζομένων
1364 2460 1540 2514 αὐτῶν
1604 2461 1978 2531 συμπάρεστιν
2029 2462 2123 2513 καὶ

550 2553 1079 2623 συμμνημονεύεται.
1118 2553 1295 2623 Ὅπερ
1333 2553 1439 2623 γὰρ
1472 2553 1756 2623 εξρήκασιν
1775 2554 1928 2605 αὐτοὶ
1955 2548 2119 2619 οὗτοι,

547 2645 646 2696 οὐκ
677 2640 744 2715 ἦν
785 2645 976 2716 ἐτέρας
1007 2644 1210 2707 οὐσίας,
1240 2645 1268 2696 ὃ
1298 2647 1443 2697 ἐστιν
1474 2643 1706 2712 φύσεως,
1738 2645 1798 2697 τὸ
1842 2646 2123 2699 ἀνακαινί-

550 2751 659 2796 σαι,
705 2736 752 2786 εἰ
793 2735 866 2804 μὴ
900 2736 998 2804 τῆς
1040 2735 1131 2787 τοῦ
1165 2736 1464 2798 κτίσαντος.
1505 2736 1639 2805 Περὶ
1683 2731 1775 2788 οὖν
1820 2736 1927 2788 τῶν
1956 2738 2123 2790 ὄντων

547 2824 638 2884 καὶ
674 2823 1119 2893 πολιτευομένων,
1147 2824 1222 2887 ὡς
1263 2826 1337 2896 μὴ
1367 2826 1555 2888 ὄντων,
1587 2826 1721 2880 ἀλλὰ
1749 2826 1843 2880 νῦν
1875 2844 2121 2897 πνευμα-

547 2913 712 2975 τικῶς
743 2912 834 2965 καὶ
859 2912 1143 2983 θειοτέρως
1170 2913 1523 2983 κτιζομένων,
1553 2916 1581 2966 ὀ
1600 2914 1763 2968 Δαυῒδ
1807 2915 1899 2968 καὶ
1931 2917 1959 2969 ὁ
1980 2916 2124 2969 Παῦ-

549 3004 637 3067 λος
670 3004 951 3075 κηρύσσει,
984 3005 1059 3067 ὡς
1086 3003 1405 3076 προελέχθη,
1438 3007 1531 3059 καὶ
1564 3006 1639 3069 ὡς
1671 3006 1938 3077 πολλαχοῦ
1968 3008 2125 3078 εὑρή-

553 3111 734 3166 σομεν.
773 3096 1066 3165 Ἐπιλείψει
1097 3113 1161 3166 με
1185 3097 1292 3167 γὰρ
1318 3095 1384 3149 ἂν
1409 3099 1436 3149 ὁ
1460 3097 1566 3159 πᾶς
1592 3098 1798 3167 κῶνος,
1831 3100 1878 3150 εἰ
1908 3099 2124 3152 πάντων

550 3187 822 3257 πανταχοῦ
860 3189 1210 3258 μνημονεύειν
1266 3188 1523 3259 ἐθελήσω.
1564 3190 1626 3241 Εἰ
1670 3189 1742 3259 μὴ
1793 3185 1893 3256 οὖν
1923 3189 2122 3260 ἑτέρως

2232 2010 2442 2077 pliciter
2525 2009 2803 2078 Spiritum,
2866 2015 2958 2066 sed
3025 2013 3192 2081 ipsius
3264 2012 3520 2080 Spiritum
3586 2016 3799 2082 proprie

2221 2114 2339 2153 esse
2368 2101 2737 2165 subimlicaus,
2771 2103 2881 2155 hanc
2913 2102 3089 2154 divine
3116 2102 3378 2171 loquitur:
3408 2123 3424 2153 ι
3453 2103 3515 2157 Ει
3535 2104 3798 2175 daho(2l)

2223 2191 2371 2243 vobis
2416 2207 2508 2244 cor
2558 2206 2778 2255 novum,
2807 2204 2860 2247 et
2893 2193 3139 2261 spiritum
3188 2210 3380 2247 novum
3413 2212 3427 2248 :
3461 2206 3513 2248 et
3561 2196 3797 2247 auferam

2226 2278 2387 2349 189
2416 2295 2508 2332 cur
2538 2281 2802 2350 lapideum
2838 2296 2902 2335 ex
2939 2298 3107 2336 carne
3146 2292 3346 2346 vestra,
3380 2294 3433 2337 et
3463 2286 3601 2337 dabo
3648 2288 3801 2341 vobs

2221 2386 2314 2424 cor
2353 2386 2630 2436 carueum,
2664 2381 2717 2424 et
2758 2371 3018 2440 Spiritum
3057 2390 3231 2428 meum
3266 2375 3404 2429 dabo
3454 2376 3504 2428 iu
3567 2376 3735 2430 vobis.
3776 2395 3796 2429 ι

2229 2460 2476 2514 llazretici
2505 2478 2632 2515 vero
2661 2463 2837 2515 divina
2866 2464 3033 2516 etiam
3066 2463 3177 2517 hinc
3224 2466 3383 2517 verba
3413 2466 3802 2533 parvipendeu-

2225 2561 2325 2615 tes,
2348 2567 2467 2603 cum
2503 2553 2674 2606 ﬁrmis
2703 2555 3003 2608 rationibus
3034 2556 3256 2611 oumino
3301 2567 3545 2616 careant.
3595 2560 3802 2611 extrin-

2222 2643 2363 2696 secis
2408 2643 2519 2711 jam
2570 2645 2778 2697 artibus
2828 2645 3162 2708 abutuntur,
3223 2656 3276 2699 el
3323 2647 3429 2699 alio
3484 2659 3647 2715 atque
3698 2649 3802 2701 alio

2225 2730 2518 2785 transferre
2554 2742 2818 2786 conantur
2844 2749 2963 2802 qua:
2985 2745 3091 2786 tam
3132 2735 3418 2788 manifesto
3447 2752 3606 2790 sensu
3658 2737 3796 2791 dicta

2223 2832 2370 2875 sunt.
2406 2820 2657 2889 luquiunt
2693 2824 2837 2875 enim
2880 2824 3031 2877 hisce
3082 2825 3209 2891 ipsis
3259 2826 3471 2880 Verbis:
3524 2826 3621 2891 Qui
3656 2844 3803 2881 mor-

2227 2917 2345 2961 tuos
2378 2908 2640 2971 condidit,
2682 2909 3035 2965 mortificatos
3056 2913 3205 2965 solus
3231 2916 3495 2980 suscitat;
3552 2918 3805 2984 deprava-

2225 3003 2334 3047 tum
2368 2997 2537 3059 enim,
2573 3006 2627 3050 et
2651 2990 2969 3064 corruptum
3001 3001 3282 3055 architecti
3333 3018 3466 3070 Opus
3507 3006 3680 3072 pictor
3719 3022 3804 3059 re-

2223 3096 2474 3140 staurare
2503 3103 2606 3141 non
2642 3100 2816 3156 potest
2847 3129 2861 3154 ,
2901 3106 3072 3158 neque
3116 3093 3341 3162 naupcgi
3376 3076 3509 3163 Opus
3563 3106 3803 3161 venator,

2225 3196 2398 3248 neque
2416 3181 2757 3235 fabricator-is
2778 3197 2914 3249 Opus
2930 3198 3157 3248 cursor;
3190 3187 3281 3238 sed
3311 3187 3593 3243 architecti
3623 3188 3808 3242 archi-

554 3276 652 3345 μὲν
677 3241 797 3339 ταὶς
836 3241 1098 3348 ραίραῖς,
1134 3278 1332 3348 ἑτέρως
1367 3241 1423 3329 δέ
1453 3278 1634 3340 αὐτοῖς
1670 3241 1898 3341 ἐκείνοις
1928 3241 2119 3339 ἐδόκει,

2229 3279 2421 3332 lectus,
2458 3280 2511 3324 et
2565 3272 2791 3339 naupegi
2834 3288 3138 3343 naupegus.
3177 3275 3411 3344 Spiritus
3459 3288 3639 3330 autem
3680 3293 3806 3331 sau-

553 3366 764 3437 πρῶτον
818 3368 916 3438 μὲν
956 3364 1049 3421 οὖν
1113 3369 1215 3421 κᾶν
1278 3386 1407 3421 ποτε
1479 3368 2002 3440 παρενεθυμήθησαν
2056 3370 2127 3422 τὰ

552 3455 672 3510 θεῖα
697 3456 926 3528 γραφία,
952 3457 1018 3509 τὰ
1049 3459 1105 3511 ἐν
1125 3457 1201 3528 τῷ
1234 3456 1422 3528 βιϐλίῳ
1441 3457 1576 3527 τῷδε
1611 3458 1705 3509 καὶ
1725 3457 1802 3525 τῷ
1828 3458 1931 3527 πρὸ
1962 3457 2124 3509 αὐτοῦ

555 3544 1017 3616 μνημονευθένταθ
1042 3548 1094 3599 τί
1123 3546 1230 3619 γὰρ
1253 3546 1337 3613 ἂν,
1363 3547 1650 3611 ἀκούοντες
1678 3548 1868 3607 ταῦτα,
1896 3549 2126 3617 φήσαιεν

557 3636 644 3689 τὸν
670 3639 944 3707 χρήσαντα
966 3639 1104 3691 αὐτὰ
1129 3637 1430 3703 διδάσκειν;
1459 3638 1720 3709 Δεύτερον
1762 3638 1815 3690 δέ
1854 3636 2128 3705 ἐλογίσαν-

555 3742 616 3777 το
645 3726 726 3789 ἂν,
761 3728 970 3798 ὅτιπερ,
1005 3727 1062 3781 ὃν
1095 3728 1293 3797 τρόπον
1341 3727 1435 3780 τοῦ
1490 3727 1619 3781 Υίοῦ
1664 3727 1946 3790 κτίσαντος
1992 3744 2129 3796 συμ-

556 3817 779 3888 ποιητὴς
829 3821 857 3870 ὁ
887 3818 1078 3889 Πατήρ
1117 3820 1261 3871 ἐστιν
1300 3821 1366 3889 τῇ
1408 3818 1687 3889 εὐδοκήσει
1712 3858 1725 3881 ,
1771 3818 1912 3871 οὕτω
1944 3819 2035 3870 καὶ
2068 3818 2129 3870 τὸ

556 3909 779 3978 Πνεῦμα
803 3910 966 3963 αὑτοῦ
987 3927 1000 3940 ’
1038 3911 1131 3963 καὶ
1168 3910 1265 3963 οὐκ
1302 3910 1381 3973 εἰς
1411 3908 1507 3979 τὴν
1534 3909 1641 3962 τῶν
1679 3911 1779 3979 οὐχ
1819 3910 2018 3979 ὁμοίων
2046 3908 2129 3973 ἐξ-

550 4000 761 4065 έτασιν,
785 3999 893 4053 τῶν
921 4002 1230 4073 συνάρσεως
1256 4002 1352 4072 τῆς
1377 4001 1621 4071 ἀλλήλων
1659 4002 1751 4054 καὶ
1783 4002 1880 4069 τῆς
1908 4000 2013 4054 ἀπὸ
2032 3999 2126 4053 τοῦ

554 4090 742 4160 χρόνου
768 4090 1055 4161 δεομένων,
1087 4094 1183 4147 καὶ
1226 4094 1360 4164 μηδὲ
1391 4080 1753 4162 πληρούντων
1774 4092 2003 4163 ἑτοίμως
2034 4094 2128 4147 καὶ

554 4180 889 4250 πανταχόθεν
939 4182 1245 4253 ἀμέμπτως
1293 4181 1394 4253 τὴν
1434 4180 1749 4251 ἐνθύμησιν,
1785 4181 1853 4234 τὰ
1883 4183 1979 4252 τῆς
2003 4182 2130 4252 ἀμίς

555 4286 686 4323 κτου
710 4271 913 4323 ἅπασιν
948 4272 1221 4343 μακαρίας
1243 4272 1490 4341 Τριάδος,
1518 4271 1615 4340 τῆς
1645 4272 1737 4323 καὶ
1763 4273 1911 4342 ἡμᾶς
1931 4272 2128 4325 ἀπολε-

559 4360 729 4429 σάσης
757 4361 1121 4433 δημιουργοὺς
1171 4362 1342 4429 λόγων
1388 4378 1447 4414 τε
1493 4362 1588 4414 καὶ
1631 4362 1771 4415 ὑλῶν
1813 4364 2126 4433 ἐπισκευῆς,

556 4451 786 4520 ἧγαγον,
824 4451 1090 4519 λέγοντες,
1138 4451 1280 4523 ἅπερ
1338 4453 1533 4523 μήποτ’
1571 4452 1795 4520 ἔφασαν.
1836 4452 1900 4505 Τί
1926 4453 2054 4525 γὰρ,
2094 4454 2127 4524 ἢ

2225 3369 2365 3425 ctus,
2386 3360 2653 3428 inquiunt,
2687 3378 2787 3416 nec
2815 3375 3058 3417 mortuos
3093 3367 3397 3432 suscitavit,
3446 3383 3619 3435 neque
3653 3381 3807 3421 crea-
3847 3401 3890 3457 κ

2224 3453 2320 3502 vit.
2366 3449 2544 3505 Semel
2596 3454 2764 3515 enim,
2815 3454 3083 3523 inquiunt,
3130 3456 3181 3509 in
3221 3456 3428 3511 Adamo
3464 3459 3677 3511 condita
3723 3466 3806 3511 est

2228 3542 2503 3595 homimuu
2550 3554 2738 3596 natura
2768 3584 2781 3606 ,
2820 3560 2996 3613 neque
3043 3561 3173 3599 vero
3204 3546 3375 3600 altera
3419 3559 3613 3616 praeter
3663 3548 3805 3601 illam

2227 3632 2444 3686 condita
2482 3631 2603 3698 fuit,
2634 3649 2732 3688 nec
2764 3636 2953 3688 eadem
2986 3637 3220 3704 sapius:
3254 3638 3383 3706 quin
3436 3637 3543 3690 Eva
3590 3653 3807 3706 quoque

2228 3722 2388 3777 simul
2418 3724 2634 3789 quidem
2680 3740 2801 3777 cum
2835 3725 3040 3779 Adamo
3077 3737 3255 3781 creata
3283 3738 3386 3793 est,
3413 3729 3679 3781 communi
3712 3746 3808 3783 ua-

2232 3826 2363 3867 tnrze
2398 3818 2629 3878 ratione;
2666 3826 2848 3882 postea
2885 3832 3009 3868 vero
3042 3814 3272 3871 formata
3317 3818 3439 3871 l'uit.
3484 3817 3592 3871 Nos
3626 3832 3804 3874 aute'u

2230 3904 2549 3967 orthodoxi,
2606 3905 2860 3973 quoniam
2917 3905 3113 3959 divinae
3160 3909 3501 3975 potiSsimum
3546 3912 3805 3978 potentiae

2229 3996 2512 4049 character
2534 4007 2617 4049 est
2656 3997 2906 4059 condere,
2950 4005 3004 4049 et
3050 4007 3293 4051 mortuos
3328 4000 3608 4065 suscitare,
3641 4001 3808 4056 conﬁ-

2232 4096 2408 4138 temur
2428 4094 2673 4138 sanctqu
2705 4086 2989 4152 Spiritum,
3047 4086 3140 4154 qui
3183 4087 3289 4141 duo
3327 4090 3439 4141 haec
3486 4089 3632 4156 fecit,
3686 4107 3807 4146 esse

2232 4174 2418 4228 Deum.
2459 4173 2590 4228 Nam
2630 4192 2648 4225 ι
2686 4174 2859 4229 Verbo
2890 4174 3001 4245 (Ἡ)
3038 4170 3246 4229 Domini
3275 4176 3398 4229 οωιὶ
3436 4177 3627 4233 ﬁrmati
3658 4191 3803 4244 sunt,

2230 4275 2284 4321 et
2315 4264 2521 4334 Spiritu
2550 4266 2658 4319 oris
2678 4265 2790 4335 ejus
2815 4279 3004 4321 omnes
3038 4268 3258 4322 virtutes
3277 4283 3485 4323 eorum.
3524 4289 3541 4321 ι
3577 4271 3642 4323 Et
3676 4286 3810 4339 quo-

2232 4356 2373 4409 niam
2422 4356 2593 4418 initio,
2648 4370 2769 4409 cum
2816 4356 2995 4409 omnia
3050 4358 3264 4411 condita
3331 4368 3489 4422 sunt,
3572 4376 3808 4428 praesens

2232 4446 2391 4502 simul
2419 4462 2538 4500 cum
2570 4446 2690 4500 aliis
2736 4449 2982 4516 personis
3023 4451 3247 4513 aderat,
3284 4459 3338 4504 et
3371 4450 3593 4515 deitate,
3643 4462 3807 4520 atque

557 4542 631 4605 ὡς
670 4543 886 4614 πηλίκοι
924 4542 1170 4614 εἴποιμεν
1202 4542 1280 4613 τῷ
1307 4542 1453 4608 ἅπαξ
1486 4544 1769 4615 θελήσαντι
1798 4543 1917 4614 Θεῷ
1952 4544 2126 4617 Πατρὶ

2234 4538 2548 4608 operatione
2578 4542 2646 4593 ab
2683 4538 2748 4592 iis
2783 4539 3158 4607 inseparabilis
3212 4549 3352 4605 erat,
3403 4543 3624 4610 proinde
3669 4558 3809 4596 uuuc

558 4633 648 4686 διὰ
676 4634 770 4687 τοῦ
816 4634 945 4687 Υἱοῦ
984 4635 1156 4702 Λόγου
1191 4634 1367 4687 πάντα
1416 4635 1749 4704 ὑποστῆναι;
1795 4634 2008 4705 Ἀμέλει
2052 4651 2134 4688 τοι

561 4722 807 4801 περὶτοῦ
845 4726 908 4775 ἐκ
943 4724 1255 4795 σπέρματος
1294 4723 1475 4787 Δαυῒδ,
1505 4724 1599 4778 καὶ
1634 4725 1904 4797 Ἀϐραὰμ,
1934 4726 2029 4780 καὶ
2073 4729 2136 4782 ἐκ

561 4812 715 4884 ῥίζης
756 4816 951 4868 Ἰεσσαὶ
983 4816 1121 4869 κατὰ
1148 4816 1345 4887 σάρκα,
1373 4818 1708 4889 κεκήρυκται
1734 4817 1829 4889 [86
1852 4818 1924 4890 b],
1949 4819 2024 4883 ὡς
2044 4820 2140 4892 ἅρ-

561 4908 690 4971 τιως
722 4909 933 4980 εἴρηται
963 4922 976 4937 ο
1019 4926 1038 4958 ι
1076 4908 1148 4960 Τὸ
1176 4908 1285 4979 γὰρ
1322 4910 1379 4961 ἐν
1406 4910 1541 4981 αὐτῇ
1573 4909 1831 4981 γεννηθὲν
1867 4912 1932 4964 ἐκ
1965 4912 2138 4967 Πνεῦ-

566 5000 732 5073 ματός
770 5002 918 5053 ἐστιν
942 5000 1096 5067 ἁγίου
1118 5017 1131 5031 ·
1173 5017 1190 5050 ι
1228 4999 1314 5051 ἵνα
1347 4999 1641 5054 κάντεῦθεν
1667 5000 1926 5071 ὁμόλογον
1956 4997 2027 5076 ᾗ,
2062 5003 2137 5067 ὡς

564 5090 823 5161 συνεργὸν
849 5087 915 5161 ἦν
947 5090 1024 5161 τῷ
1052 5090 1378 5161 ἀγαθουργῷ
1414 5091 1741 5163 Δημιουργῷ
1785 5090 1847 5143 τὸ
1886 5093 2137 5159 ἁγιαστι·

562 5181 655 5235 κὸν
692 5180 936 5252 Πνεῦμα.
973 5182 1065 5234 Διὸ
1106 5182 1200 5234 καὶ
1238 5179 1394 5245 αὖθις
1426 5183 1732 5254 γέγραπται.
1755 5198 1770 5212 '
1804 5201 1823 5234 ι
1861 5185 2063 5252 Ἥγετο
2107 5188 2137 5239 ό

577 5271 781 5342 Ἰησοῦς
806 5274 864 5326 ἐν
893 5271 1170 5342 Πνεύματι
1198 5274 1294 5324 ἐπὶ
1325 5272 1422 5343 τὴν
1443 5272 1645 5344 ἔρημον
1666 5289 1680 5303 σ
1716 5291 1735 5324 ι
1780 5272 1968 5344 ἐπειδὴ
2018 5290 2143 5327 συνι

564 5360 630 5430 ἦν
663 5362 813 5434 αὐτῷ
837 5363 899 5416 τὸ
928 5364 1251 5434 ἡγεμονικὸν
1275 5363 1517 5434 Πνεῦμα,
1549 5364 1624 5427 ὡς
1651 5364 1782 5428 Θεὸς
1809 5364 1928 5435 Θεῷ
1952 5365 2044 5418 καὶ
2066 5365 2143 5429 ὠς
2169 5404 2179 5414 .

567 5452 740 5505 πάντα
769 5451 1006 5522 συνέχων
1029 5452 1122 5505 καὶ
1149 5452 1423 5523 πανταχοῦ
1456 5451 1667 5523 παρὼν,
1703 5452 1782 5521 τῷ
1811 5453 1895 5521 ἐν’
1922 5452 1982 5505 ὃν
2007 5453 2143 5507 πάν-

566 5556 634 5595 τα
665 5543 1003 5613 ἐστήρικται,
1039 5542 1134 5595 καὶ
1161 5543 1220 5595 ἐν
1250 5544 1414 5596 πᾶσιν
1451 5543 1584 5607 ὄντι,
1626 5542 1719 5596 καὶ
1747 5542 2042 5614 πληροῦντι
2070 5544 2140 5597 τὰ

799 5763 1058 5836 Qiximus.
1090 5765 1222 5821 Vide
1258 5780 1425 5836 segni.
1458 5767 1488 5819 '7
1515 5784 1568 5820 α.

664 5762 756 5827 20)
799 5763 1058 5820 Diximus.
1090 5765 1222 5821 Vide
1258 5780 1425 5836 segni.
1458 5767 1488 5819 '7
1515 5784 1568 5820 α.

641 5760 757 5910 ἱὴι)
789 5830 860 5886 Et
894 5835 1051 5894 dabo.
1082 5837 1275 5894 Ezceh.
1297 5852 1482 5905 xxx",
1502 5838 1571 5892 26
1596 5844 1651 5891 et
1670 5835 1761 5891 27.
1788 5834 1956 5893 Biblia
1981 5854 1996 5890 :
2021 5837 2131 5890 Καὶ

2234 4642 2467 4699 quoque,
2504 4644 2623 4682 cum
2654 4644 2716 4683 ea
2751 4640 3107 4695 renovantur,
3150 4646 3254 4684 una
3312 4648 3432 4685 cum
3479 4633 3598 4685 aliis
3643 4634 3811 4702 hypo-

2232 4722 2472 4775 stasibus
2504 4732 2742 4788 pra-sena
2771 4727 2943 4782 cst,et
2970 4720 3127 4773 simul
3152 4736 3271 4773 cum
3323 4722 3389 4774 iis
3419 4736 3808 4775 commemora-

2238 4824 2354 4877 tur;
2394 4828 2542 4878 nam,
2577 4812 2751 4880 utipsi
2780 4813 3078 4865 adversarii
3110 4812 3383 4876 dixerunt,
3442 4827 3704 4866 renovare
3738 4814 3806 4866 ad

2234 4904 2395 4957 aliam
2442 4903 2763 4966 essentiam,
2804 4900 2857 4955 id
2916 4913 3020 4967 est,
3061 4912 3310 4954 naturam
3351 4916 3454 4954 non
3506 4904 3804 4970 spectabat,

2244 5010 2404 5064 quam
2437 4996 2502 5046 ad
2561 5002 2805 5046 naturam
2870 4991 3030 5056 illius,
3083 4993 3171 5059 qui
3228 4991 3561 5046 condiderat.
3621 4995 3693 5044 De
3741 4994 3809 5046 iis

2241 5101 2424 5157 porro,
2461 5086 2574 5154 qui,
2603 5100 2725 5138 cum
2774 5092 2976 5148 essent,
3017 5085 3087 5135 ita
3130 5100 3189 5138 se
3219 5086 3475 5154 gerebant
3502 5086 3653 5152 quasi
3704 5097 3809 5137 non

2236 5186 2444 5239 essent,
2499 5190 2640 5228 nunc
2684 5188 2812 5227 vero
2857 5173 3204 5242 spiritaliter,
3250 5182 3303 5225 et
3346 5172 3592 5225 diviniori
3648 5172 3812 5225 modo

2238 5267 2600 5327 conditisuut,
2630 5265 2821 5328 David,
2856 5276 2910 5318 et
2936 5263 3130 5317 Paulus
3165 5266 3244 5317 sic
3277 5264 3588 5331 praedicant,
3628 5272 3687 5315 ut
3713 5276 3812 5315 au-

2241 5366 2323 5411 tea
2356 5357 2556 5410 dictum
2594 5365 2698 5419 est,
2736 5365 2791 5409 et
2814 5356 2956 5409 sicut
2981 5355 3161 5410 multis
3208 5353 3330 5407 aliis
3370 5353 3422 5408 iu
3482 5353 3614 5407 locis
3652 5352 3806 5406 iuve-

2240 5448 2478 5503 niemus:
2515 5446 2726 5500 deﬁciat
2757 5447 2899 5501 enim
2941 5460 3025 5500 me
3060 5461 3219 5499 etnne
3264 5451 3499 5513 tempus,
3540 5443 3583 5497 si
3624 5442 3809 5498 omnia

2243 5540 2438 5606 ubique
2467 5550 2895 5590 commemorare
2930 5536 3112 5590 velim.
3171 5532 3283 5589 Nisi
3329 5548 3459 5606 ergo
3506 5533 3610 5588 alia
3659 5531 3813 5590 Scri-

2238 5764 2453 5834 πνεῦμα
2479 5764 2672 5834 καινὸν
2701 5764 2856 5834 δώσω
2882 5766 2939 5817 ἐν
2969 5764 3116 5834 ὑμῖν.

2315 5783 2368 5817 Et:
2418 5782 2453 5817 α
2488 5782 2672 5817 καινον
2701 5782 2856 5817 οωσω
2882 5782 2939 5817 εν
2969 5782 3116 5834 υμιν.

2315 5782 2427 5905 (ἐξ)
2478 5832 2665 5890 Verbo.
2695 5833 2838 5891 Psal.
2868 5850 3041 5901 usu,
3075 5846 3214 5890 vers.
3242 5832 3312 5917 ϐλ.
