4114 6504
343 456 444 510 5ῖῦ

1599 446 1833 501 ΠῙΒΥΜΙ
1872 444 2094 500 ALEXA
2106 443 2336 499 NDRINI

3500 445 3631 500 576»-

341 578 619 635 pturarnm
644 573 810 627 esset,
841 563 949 616 alia
991 576 1116 617 vero
1157 562 1370 615 illorum
1418 562 1657 631 ipsorum
1704 570 1920 616 senten-

2031 559 2224 613 πάντα.
2267 560 2418 613 Ἐπεὶ
2443 561 2515 631 μή
2546 576 2628 628 γε,
2652 560 2727 631 τῷ
2754 560 2977 613 ἐκείνων
3004 560 3147 631 λόγῳ
3180 562 3271 614 καὶ
3299 561 3377 632 τῷ
3395 562 3603 633 τρόπῳ,

344 658 437 721 tia,
466 656 696 725 primttm
739 654 957 724 quidem
989 653 1282 723 aliquando
1315 653 1504 705 saltem
1550 653 1728 705 divina
1773 652 1921 706 Scri-

340 760 512 815 ptura:
544 746 758 799 oracula
782 744 913 817 (9.5),
943 760 1062 811 qnte
1091 745 1192 797 ltoe
1222 745 1271 796 iu
1308 743 1469 806 libro,
1502 752 1662 811 atque
1685 742 1736 795 iu
1766 756 1922 810 supe-

342 841 485 907 riore
498 847 916 893 commemorata
940 837 1407 905 suut,i1t:mentem
1424 843 1767 889 revocassenl
1782 834 1917 902 (ἓως

340 945 405 985 ea
468 931 617 986 enim
667 931 948 984 audientes
1017 930 1270 1000 quidnam
1331 930 1515 981 doceri
1581 930 1648 981 ab
1706 944 1770 981 eo
1835 928 1917 980 di-

341 1031 550 1087 cerent,
587 1037 694 1091 quo
728 1019 939 1074 amante
970 1022 1173 1088 scripta
1205 1020 1369 1074 sunt?
1398 1020 1597 1073 Deinde
1622 1033 1747 1071 vero
1792 1017 1919 1071 illud

341 1115 801 1178 rousiderassent,
838 1114 980 1168 sicut
1016 1129 1118 1167 una
1152 1130 1272 1167 cum
1327 1111 1462 1166 Filio
1519 1111 1678 1181 190
1700 1120 1921 1165 creante

342 1205 546 1258 creavit
568 1214 623 1257 et
651 1203 808 1257 Pater
838 1202 1252 1270 eomplacentia,
1281 1201 1360 1256 sic
1391 1203 1555 1255 etiam
1593 1202 1751 1253 simul
1797 1214 1918 1253 cum

343 1306 705 1353 eocreantcm
741 1297 840 1349 dici
872 1297 1069 1349 debere
1111 1294 1373 1364 Spiritum
1422 1294 1573 1364 ejus:
1629 1307 1803 1359 neque
1853 1305 1917 1343 ea

343 1404 465 1458 qute
494 1390 559 1441 ad
593 1389 827 1453 beatam,
861 1388 1102 1456 nullique
1133 1387 1205 1440 rei
1236 1386 1545 1454 permistam
1577 1385 1918 1450 Trinitatem,

342 1496 373 1534 a
407 1496 509 1549 qua
539 1496 634 1535 nos
661 1496 872 1550 quoque
899 1491 950 1534 et
986 1479 1482 1540 ratiocinationum.
1509 1489 1564 1531 et
1598 1493 1779 1531 rerum
1809 1495 1920 1528 tua-

347 1572 611 1625 tnrialium
650 1582 937 1627 structurae
961 1571 1074 1643 (9.5)
1105 1571 1267 1626 veluti
1298 1571 1605 1625 conditores
1633 1568 1805 1624 eﬂ‘ecti
1832 1585 1921 1624 Stt-

346 1677 483 1725 mus,
517 1673 940 1732 comparassent,
976 1662 1245 1732 simulque
1280 1662 1663 1717 discussissent
1690 1675 1811 1715 Cum
1834 1660 1918 1726 iis,

343 1772 463 1824 quae
493 1757 796 1821 dissimilia,
832 1758 1126 1820 exsistunt,
1158 1771 1385 1826 qumque
1417 1766 1598 1811 mtttua
1625 1755 1923 1809 connexio-

345 1867 428 1913 ue,
462 1863 633 1919 eaque
667 1852 1014 1920 temporaria,
1038 1851 1299 1919 indigent,
1332 1866 1396 1905 ac
1426 1865 1494 1904 ne
1542 1849 1917 1917 cogitationem

2023 650 2146 703 οὔτε
2176 652 2203 702 ὁ
2237 652 2427 721 Πατὴρ
2449 651 2800 723 δημιουργὸς,
2829 651 3109 723 ἢνεκροὺς
3144 651 3371 721 ἐγείρων
3422 648 3605 706 Πάντα

2022 743 2127 815 γὰρ
2161 743 2248 796 διὰ
2282 743 2375 796 τοῦ
2408 744 2538 796 Υἱοῦ
2580 744 2796 811 ἐγένετο
2827 744 3062 807 ἀπόνως.
3099 744 3267 807 Πόνος
3298 744 3407 814 γὰρ
3437 744 3606 808 πάθος

2019 836 2166 887 ἐστί’
2200 835 2369 897 πάθος
2406 834 2461 887 δὲ
2503 835 2620 897 ὁδὸς
2652 834 2744 888 ἐπὶ
2777 835 3002 906 φθοράν.
3032 837 3146 888 Οὐκ
3193 835 3514 906 ἀρνούμενοι
3551 836 3607 888 δὲ

2019 923 2110 976 τὸν
2141 924 2415 993 Δεσπότην
2456 924 2834 995 σεσαρκῶσθαι
2856 924 2978 995 δίχα
3004 925 3277 995 ἁμαρτίας
3299 927 3362 977 ἐκ
3387 925 3484 994 τῆς
3510 924 3609 993 φύ-

2024 1031 2161 1078 σεως
2215 1014 2309 1067 τοῦ
2356 1014 2547 1084 Ἀδὰμ,
2599 1016 2627 1068 ὃ
2672 1019 2818 1069 ἐστιν
2857 1018 2922 1069 ὲκ
2956 1016 3055 1087 τῆς
3095 1014 3393 1086 Παρθένου,
3432 1015 3463 1085 ἢ
3506 1015 3607 1084 τῆς

2023 1104 2326 1176 ἡμετέρας
2359 1104 2532 1158 ταῦτά
2573 1122 2775 1176 φαμεν,
2821 1106 3018 1174 μᾶλλον
3064 1105 3244 1158 δὲκαὶ
3284 1104 3606 1175 βεϐαιοῦμεν

2022 1195 2180 1248 τοῦτο
2220 1195 2309 1247 διὰ
2351 1195 2444 1247 τοῦ
2486 1195 2663 1264 λέγειν
2707 1198 2770 1247 ἐκ
2803 1196 3116 1266 Πνεύματος
3154 1195 3310 1263 ἁγίου
3350 1194 3609 1263 γεγεννῆ-

2025 1289 2164 1340 σθαι.
2220 1286 2457 1357 Ἐπειδὴ,
2485 1287 2561 1349 ὡς
2585 1287 2819 1358 εἴρηται,
2855 1289 2947 1341 καὶ
2982 1286 3079 1358 τὴν
3114 1286 3286 1358 ἀρχὴν
3314 1286 3608 1357 συμπαρῆν

2022 1378 2084 1431 τὸ
2108 1377 2432 1449 προαιώνιον
2470 1379 2563 1431 καὶ
2597 1379 2931 1449 προκόςμιον
2973 1379 3196 1448 Πνεῦμα
3222 1375 3317 1430 τοῦ
3344 1377 3480 1430 Θεοῦ
3528 1375 3608 1447 τῷ

2025 1472 2224 1539 ποιητῇ
2264 1470 2363 1539 τῆς
2387 1468 2665 1539 ἡμετέρας
2692 1469 2926 1537 φύσεως,
2952 1470 3049 1539 οὐχ
3085 1469 3160 1532 ὡς
3193 1467 3449 1540 χρῄζοντι
3480 1468 3609 1538 βοη-

2024 1562 2196 1624 θείας,
2232 1561 2366 1614 ἀλλὰ
2408 1563 2503 1614 σὺν
2532 1561 2822 1626 ταυτότητι
2855 1562 2947 1614 καὶ
2984 1562 3187 1632 ἰσότητι
3229 1560 3481 1632 θεότητος
3514 1562 3609 1614 καὶ

2023 1653 2313 1728 θελήσεως,
2348 1642 2443 1706 καί.
2468 1647 2578 1704 οἷον
2619 1652 2692 1723 μὴ
2730 1653 3173 1723 ἀποτετμημένον
3204 1650 3299 1704 τοῦ
3331 1652 3507 1720 φωτὸς
3547 1652 3608 1704 τὸ

2024 1742 2158 1810 φῶς.
2190 1741 2256 1794 Ἢ
2294 1741 2519 1812 σύστηθι
2551 1738 2664 1806 οὖν,
2690 1742 3005 1804 Μακεδόνιε,
3036 1745 3148 1806 τοῖς
3179 1743 3374 1812 ἁγίοις,
3403 1742 3609 1813 κτίσμα

2022 1834 2083 1886 τὸ
2129 1833 2270 1886 θεῖον
2312 1833 2537 1904 Πνεῦμα
2583 1833 2656 1904 μὴ
2691 1832 3065 1905 ὀνομάζουσιν,
3112 1835 3224 1889 ἀλλ’
3268 1834 3608 1906 ὲκπεπορεῦ-

343 1944 556 2011 quidem
586 1943 1135 2012 prompte,modoqne
1164 1943 1451 2011 cujuslibet
1491 1942 1920 2009 reprehensionis

2031 1924 2145 1977 σθαι
2179 1926 2241 1976 ὲκ
2274 1923 2367 1976 τοῦ
2400 1924 2558 1987 Θεοῦ,
2598 1925 2674 1988 ὡς
2702 1925 2927 1995 Πνεῦμα
2962 1924 3125 1978 αὐτοῦ
3152 1924 3292 1978 κατὰ
3326 1924 3514 1993 φύσιν·
3551 1922 3608 1993 ἧ,

343 2045 582 2104 experte,
615 2035 875 2104 implent;
905 2050 1076 2103 neque
1106 2035 1202 2087 ista
1225 2050 1457 2102 unquam
1490 2034 1751 2087 dixissent
1780 2031 1918 2101 (~26),

343 2141 462 2197 qua:
488 2128 823 2196 objecerunt.
862 2126 1037 2193 Quare
1069 2128 1235 2191 enim,
1283 2136 1377 2179 aut
1422 2141 1523 2194 qua
1569 2126 1910 2189 atlt'lut‘ilalt‘,

344 2220 427 2274 vel
466 2228 730 2289 pou-state
792 2220 1052 2283 dicemus,
1106 2219 1213 2273 Deo
1257 2219 1415 2272 Patre
1466 2218 1628 2271 semel
1686 2217 1916 2280 volente,

345 2314 527 2364 omnia
562 2312 699 2364 sicut
737 2326 830 2378 per
863 2311 1056 2364 Filium
1091 2308 1348 2376 Verbum,
1400 2309 1473 2362 ita
1511 2320 1563 2363 et
1603 2325 1696 2378 per
1750 2307 1922 2376 Spiri-

348 2412 459 2455 tum
489 2410 734 2455 sanctum
755 2400 865 2471 (‘27)
902 2401 1192 2453 constituta
1221 2414 1324 2451 non
1365 2398 1529 2453 esse?
1568 2400 1641 2452 De
1666 2413 1728 2452 eo
1768 2413 1919 2460 sane,

347 2493 437 2561 qui
466 2501 545 2546 cst
572 2508 638 2546 ex
669 2492 876 2545 semine
911 2491 1096 2553 David,
1137 2500 1191 2543 et
1228 2491 1541 2552 Abrabami,
1577 2498 1630 2542 ct
1651 2504 1712 2542 ex
1744 2488 1922 2542 radice

346 2583 499 2639 Jesse
524 2585 820 2637 secundum
855 2598 1095 2648 carnem,
1128 2577 1469 2651 praedicatum
1498 2582 1616 2647 fuit,
1659 2590 1716 2635 ut
1744 2596 1917 2651 nuper

348 2675 618 2726 diximus:
659 2691 678 2724 ι
719 2673 869 2739 Quod
906 2672 1016 2743 {28)
1071 2675 1215 2727 enim
1265 2673 1316 2726 in
1354 2686 1416 2743 ea
1461 2682 1645 2725 natum
1701 2681 1804 2735 est,
1854 2686 1919 2724 ex

349 2765 553 2833 Spiritu
606 2778 791 2819 saneto
838 2775 952 2819 est:
992 2785 1010 2817 ι
1064 2776 1121 2820 ιιι
1157 2765 1240 2819 vel
1298 2781 1362 2820 ex
1414 2765 1495 2817 bis
1543 2763 1724 2817 verbis
1760 2774 1921 2835 certo

350 2866 581 2918 tunset,
625 2853 865 2908 benefico
905 2855 1152 2907 (Ireatori
1204 2855 1410 2908 socium
1442 2854 1495 2933 in
1532 2852 1827 2915 creatione,
1870 2863 1923 2904 et

349 2957 757 3011 cooperator-em
809 2946 971 2999 luisse
1005 2946 1434 2999 sanctiﬁcantem
1483 2944 1765 3013 Spiritum.
1804 2945 1924 2998 Ideo

350 3028 475 3082 alibi
506 3044 719 3098 quoque
768 3033 1025 3100 scriptum
1084 3043 1201 3086 est:
1240 3051 1258 3082 ι
1298 3034 1597 3087 Ducebatur
1625 3033 1733 3102 (29)
1769 3030 1925 3087 Iesus

353 3120 405 3172 iu
440 3120 643 3186 Spiritu
678 3123 728 3176 iu
757 3138 1031 3177 eremutu:
1058 3143 1076 3177 ι
1118 3126 1242 3193 quia
1292 3124 1452 3178 simul
1505 3141 1628 3178 cum
1660 3125 1776 3193 ipso
1805 3135 1924 3177 crat

354 3210 463 3272 ille,
497 3211 585 3277 qui
623 3211 821 3266 dicitur
854 3213 1091 3282 Spiritus
1114 3215 1451 3284 principalis,
1481 3230 1574 3268 seu
1607 3214 1822 3278 ductor,
1864 3227 1923 3269 ttt

2026 2009 2102 2072 ὡς
2135 2009 2253 2072 ἔθος
2287 2026 2367 2062 σοι
2407 2011 2659 2078 φάσκειν,
2689 2012 2769 2063 ὅτι
2816 2010 2949 2064 Θεοῦ
2982 2013 3078 2082 μὲν
3116 2014 3294 2082 ἥττων
3325 2015 3391 2082 τῇ
3426 2010 3611 2080 φύσει,

2026 2099 2274 2166 ἀγγέλων
2315 2099 2370 2151 δὲ
2421 2100 2686 2174 κρείττων
2732 2102 2898 2166 ἐστὶν,
2952 2102 3121 2173 μέσην
3153 2102 3273 2156 τινὰ
3316 2102 3477 2172 φύσιν
3516 2101 3609 2155 καὶ

2027 2188 2180 2252 τάξιν
2215 2188 2429 2260 suum
2459 2192 2993 2262 κεχρησμῳδηκότας
3027 2193 3117 2264 (τὰ
3143 2193 3253 2267 γὰρ
3286 2194 3506 2247 ἐκείνων
3532 2193 3613 2247 δι·-

2029 2281 2200 2342 καίως
2234 2283 2622 2353 προτετίμηται
2654 2283 2806 2354 παρὰ
2845 2282 2921 2354 τῷ
2949 2283 3066 2355 Θεῷ
3096 2285 3203 2338 τῶν
3231 2285 3337 2338 σῶν
3369 2285 3462 2338 καὶ
3502 2283 3613 2338 τῶν

2041 2372 2248 2444 Ἀρείου
2256 2387 2306 2441 )'
2344 2373 2439 2427 καὶ
2468 2375 2565 2444 ούχ
2609 2375 2684 2438 ὡς
2723 2375 2935 2429 δίδωσιν
2976 2377 3005 2429 ὁ
3044 2377 3142 2447 τῆς
3167 2377 3359 2449 τέχνης
3391 2377 3484 2431 καὶ
3510 2376 3613 2447 τῆς

2031 2463 2341 2530 σοφιστείας
2373 2463 2555 2533 νόμος,
2592 2464 2711 2529 ἐξόν
2747 2482 2848 2527 σοι,
2883 2463 3239 2536 θαρρήσαντι,
3266 2464 3482 2532 ἀφεῖναι
3512 2481 3612 2517 κα-

2028 2558 2097 2610 τὰ
2138 2554 2233 2609 τοῦ
2270 2557 2412 2610 θείου
2444 2556 2761 2628 Πνεύματος
2793 2558 2955 2620 ἰδίους
2993 2556 3210 2625 λόγους·
3237 2548 3299 2609 οὗ
3333 2554 3431 2627 τὴν
3464 2554 3614 2608 θείαν

2030 2649 2191 2717 φύσιν
2228 2649 2336 2702 οὐδ’
2369 2648 2434 2702 ἂν
2468 2651 2517 2702 εί
2547 2650 2671 2712 τοὺς
2698 2650 2794 2720 τῆς
2839 2649 3072 2712 διανοίας
3103 2647 3191 2720 [87
3219 2645 3272 2720 ο]
3303 2647 3617 2719 ὀφθαλμοὺς

2027 2740 2311 2803 τοσούτους
2366 2740 2460 2794 καὶ
2507 2740 2782 2804 τοιούτους
2810 2738 2972 2811 εἶχες,
3010 2742 3167 2804 ὅσους
3204 2741 3297 2792 καὶ
3321 2739 3467 2802 οἵους
3493 2740 3620 2792 ἐδω-

2029 2850 2126 2886 κεν
2179 2835 2212 2903 ἡ
2266 2832 2455 2904 Γραφὴ
2515 2835 2627 2895 τοῖς
2680 2832 2985 2905 χερουὸίμ’
3051 2830 3321 2899 ὴδυνήθης
3375 2828 3441 2881 ἂν
3509 2829 3615 2882 κᾶν

2031 2922 2212 2986 ποσῶς
2262 2924 2392 2991 γοῦν
2449 2923 2741 2993 θεωρῆσαι.
2781 2923 2897 2992 (τίς
2941 2921 3049 2992 γὰρ
3092 2919 3471 2990 ἐπιδράττεται
3514 2918 3615 2988 τῆς

2031 3014 2270 3083 ἀφανοῦς
2320 3015 2413 3067 καὶ⁴
2451 3015 2733 3086 ἁχωρὴτου
2774 3013 3076 3083 θεότητοςς)
3115 3011 3146 3082 ἦ
3182 3010 3487 3079 καταγνοὺς
3515 3009 3616 3079 τῆς

2032 3104 2225 3158 ἑαυτοῦ
2276 3104 2550 3170 ἀσεϐείας,
2604 3106 2637 3176 ἢ
2703 3104 2843 3157 ἑκὼν
2886 3104 3016 3175 ἡμῖν
3050 3102 3157 3157 τῶν
3189 3100 3473 3172 πρωτείων
3506 3100 3617 3168 ἀφ·

2035 3196 2241 3249 (naso.

358 3303 498 3354 Dens
559 3318 680 3359 cum
726 3303 852 3369 Deo,
905 3317 955 3358 ct
1008 3317 1067 3360 ut
1135 3308 1313 3360 omnia
1362 3308 1662 3371 continens,
1710 3316 1762 3360 et
1800 3309 1999 3376 ubique
2039 3324 2271 3377 prsesens
2310 3324 2415 3363 una
2459 3325 2580 3363 cum
2615 3323 2700 3373 eo,
2738 3309 2789 3363 in
2843 3324 2950 3377 quo
2985 3309 3163 3363 omnia
3209 3307 3417 3363 ﬁrmata
3456 3315 3628 3372 sunt“

350 3395 555 3462 quique
588 3397 638 3448 iu
667 3398 917 3452 outuibus
940 3406 1042 3462 est,
1077 3410 1131 3452 et
1162 3398 1341 3451 omnia
1389 3398 1596 3466 implet.
1639 3399 1913 3467 Alioquin,
1955 3400 1998 3452 si
2029 3415 2213 3452 eorum
2248 3401 2509 3454 rationem
2565 3410 2619 3454 et
2643 3401 2901 3469 arguendi
2960 3401 3175 3455 moduut
3239 3401 3602 3465 attendamus,

356 3506 423 3547 ue
459 3489 614 3544 Pater
643 3491 856 3560 quidem
882 3492 985 3545 erit
1017 3492 1287 3556 conditor,
1329 3500 1421 3546 aut
1453 3501 1787 3546 mortuorum
1810 3494 2140 3547 suscitator:
2171 3495 2351 3547 omnia
2398 3496 2540 3546 enim
2613 3507 2707 3561 per
2768 3490 2965 3545 Filium
3029 3491 3167 3547 facta
3215 3500 3341 3546 sunt
3388 3491 3505 3546 sine
3529 3489 3612 3544 la-

356 3584 519 3647 bore;
555 3584 707 3637 labor
736 3584 879 3637 enim
914 3595 993 3638 est
1028 3585 1238 3652 passio;
1268 3586 1443 3650 passio
1471 3600 1596 3639 vero
1624 3592 1707 3638 est
1748 3585 1828 3638 via
1855 3586 1920 3638 ad
1962 3586 2386 3654 corruptionem.
2449 3583 2571 3636 ll.ec
2639 3592 2819 3635 autent
2849 3581 2972 3635 dum
3007 3582 3261 3647 dicimus,
3329 3582 3615 3637 Dominum

358 3677 693 3730 incarnatum
746 3690 865 3729 esse
909 3677 1025 3730 sine
1077 3684 1295 3745 pecrato
1332 3692 1395 3729 ex
1439 3687 1626 3728 natura
1675 3677 1887 3741 Adami,
1929 3678 1980 3730 id
2011 3687 2094 3731 est
2125 3692 2186 3731 ex
2223 3675 2457 3744 Virginis
2482 3685 2694 3735 natura,
2730 3682 2821 3725 aut
2876 3687 2945 3726 cx
3006 3684 3212 3739 nostra,
3252 3689 3355 3728 non
3408 3674 3616 3729 inﬁcia-

360 3782 510 3821 tnur:
549 3766 642 3821 sed
689 3768 869 3832 potius
917 3769 1017 3824 ltoc
1048 3770 1449 3835 conﬁrmamus,
1491 3788 1612 3823 eum
1681 3771 1907 3826 dicimus
1968 3788 2031 3826 ex
2074 3772 2277 3839 Spiritu
2319 3779 2506 3824 sancto
2550 3778 2863 3839 generatum
2903 3783 3058 3825 esse:
3103 3770 3403 3839 quoniam,
3431 3780 3510 3824 ut.
3536 3770 3619 3824 di-

360 3867 502 3913 ctum
528 3869 630 3925 est,
669 3859 822 3914 initio
848 3876 1060 3931 quoque
1088 3861 1156 3927 is,
1189 3864 1278 3932 qui
1319 3872 1443 3916 ante
1489 3865 1704 3927 saecula,
1770 3873 1821 3917 et
1861 3873 1987 3917 ante
2028 3864 2283 3915 mundum
2325 3860 2644 3923 exsistebat,
2679 3859 2915 3929 Spiritus
2945 3862 3059 3925 Dei,
3088 3862 3463 3918 simuladerat
3492 3878 3612 3917 cum

362 3952 638 4005 conditore
697 3960 895 4007 nostra;
941 3961 1184 4018 naturae;
1239 3969 1414 4022 neque
1459 3968 1585 4007 vero
1626 3969 1746 4007 cum
1810 3955 1925 4022 ipso
1967 3954 2428 4020 aderattanquam
2461 3967 2581 4005 cum
2612 3967 2696 4016 eo,
2735 3953 2826 4022 qui
2895 3954 3113 4009 auxilio.
3143 3955 3430 4023 indigeret,
3524 3958 3617 4009 sed

360 4057 485 4097 cum
515 4043 810 4111 idenlitate,
848 4054 903 4100 et
933 4048 1242 4117 arqualitate
1282 4045 1437 4116 191
1471 4045 1709 4108 deitatis,
1746 4056 1794 4099 et
1839 4045 2109 4099 volitiouis
2170 4044 2401 4109 aderat’,
2465 4059 2529 4098 ac
2596 4045 2761 4099 veluti
2810 4046 2898 4099 lux
2938 4063 2966 4099 a
3020 4047 3138 4101 luce
3174 4063 3278 4101 nou
3351 4047 3612 4115 sejuncta.

362 4132 474 4188 Aut
496 4148 625 4208 ergo
663 4138 865 4193 sanctis
904 4139 1220 4208 adiungere,
1245 4153 1278 4191 ο
1319 4138 1618 4198 Macedoni,
1677 4138 1767 4206 qui
1796 4138 2036 4192 divinum
2073 4138 2332 4206 Spiritum
2362 4149 2667 4192 creaturam
2728 4155 2832 4193 non
2898 4149 3131 4204 vocant,_
3160 4142 3252 4196 sed
3296 4155 3417 4196 eum
3500 4151 3618 4208 pro-

358 4229 593 4285 cessisse
618 4231 861 4287 aiuutex
902 4232 1029 4300 Deo,
1065 4242 1123 4287 ut
1151 4233 1412 4303 Spiritqu
1470 4233 1586 4301 ejus
1632 4234 1929 4288 secundmu
1984 4245 2264 4288 naturam:
2302 4243 2415 4298 aut,
2443 4236 2696 4303 quoniam
2734 4235 2827 4288 tibi
2894 4235 3147 4289 dictitare
3183 4249 3298 4289 mos
3368 4242 3472 4297 est,
3521 4244 3618 4285 eos

365 4318 419 4371 in
450 4320 645 4375 divinis
676 4320 912 4375 oraculis
943 4322 1212 4389 docuisse,
1246 4321 1509 4391 Spiritum
1535 4333 1785 4377 sanctum
1821 4321 1931 4376 Deo
1972 4323 2187 4391 quidem
2222 4333 2411 4377 natura
2444 4325 2707 4378 minorem
2736 4338 2875 4389 esse,
2944 4324 3148 4391 angelis
3205 4333 3385 4378 autem
3443 4320 3608 4387 maio-

363 4421 502 4473 rem,
535 4412 1077 4481 praestantioremque
1098 4414 1382 4478 exsistere,
1405 4428 1468 4468 ac
1496 4415 1726 4467 mediam
1762 4414 2049 4484 quamdam
2087 4425 2355 4479 naturam,
2422 4425 2478 4469 et
2540 4416 2714 4470 locum
2780 4415 3029 4468 sortitum
3079 4430 3231 4478 esse;
3276 4426 3330 4467 tu
3383 4415 3497 4482 ipse
3532 4413 3630 4468 vel.

364 4508 510 4553 tuam
531 4500 644 4571 (50)
680 4502 848 4569 ipsius
870 4501 1196 4571 impietatem
1221 4505 1649 4571 condenmando,
1671 4505 1753 4560 vel
1775 4518 1987 4574 sponte,
2018 4506 2223 4574 primas
2258 4507 2411 4560 nobis
2436 4507 2603 4560 cede:
2631 4521 2754 4575 quze
2779 4506 2920 4560 enim
2985 4507 3160 4561 sancti
3234 4506 3308 4559 illi
3378 4506 3609 4573 scripse-

365 4599 512 4655 runt,
548 4592 670 4662 iure
708 4606 771 4646 ac
797 4592 993 4647 merito
1022 4595 1159 4662 apud
1195 4593 1362 4650 Deum
1393 4596 1518 4661 tuis,
1544 4607 1597 4651 et
1632 4597 1745 4651 Arii
1774 4599 1935 4653 dictis
1973 4597 2360 4666 praeferuntur,
2393 4614 2492 4653 nec
2524 4599 2647 4652 licet
2678 4599 2793 4662 tibi,
2830 4608 2887 4652 ut
2945 4598 3273 4660 artitieiosre,
3342 4608 3398 4652 et
3430 4598 3620 4669 sophi-

365 4683 512 4737 stica:
540 4683 840 4752 disciplinae
904 4682 989 4738 lex
1017 4683 1143 4749 fert,
1190 4686 1449 4741 audacter
1498 4697 1687 4742 contra
1733 4689 1972 4743 divinum
2015 4688 2275 4759 Spiritum
2332 4692 2566 4761 propriis
2612 4690 2951 4746 sermonibus
3015 4691 3247 4754 effutire.
3293 4691 3445 4759 cujus
3482 4689 3621 4742 divi-

368 4793 492 4832 nam
565 4787 813 4833 naturam
887 4794 954 4835 ne
996 4780 1276 4835 minimum
1314 4783 1534 4851 quidem
1578 4783 1845 4853 inspicere
1895 4800 2101 4854 posses,
2152 4788 2252 4842 etsi
2333 4788 2526 4841 mentis
2570 4786 2756 4841 oculos
2814 4794 2993 4839 tantos
3045 4799 3109 4838 ac
3184 4784 3318 4838 tales
3355 4783 3642 4843 haberem.

368 4884 595 4942 quantos
627 4881 682 4927 et
700 4871 889 4943 quales
937 4874 1124 4927 tribuit
1154 4874 1432 4945 Scriptura
1455 4877 1769 4933 cberubinis
1810 4895 1825 4933 :
1866 4879 1990 4949 quis
2031 4879 2176 4933 enim
2247 4878 2592 4944 invisibilem,
2633 4888 2687 4931 et
2732 4875 3328 4946 incumprehensibilent
3372 4875 3643 4927 deitatem.

1972 5063 2015 5121 C

446 5096 555 5167 (25)
598 5095 851 5152 Orat-uia.
886 5098 1070 5171 codex
1110 5107 1539 5171 proparoxytone
1572 5099 1781 5171 γράφια
1833 5109 1942 5154 tum

374 5170 495 5232 hic,
550 5179 686 5241 titur
712 5182 889 5241 segni.
918 5169 1031 5241 κίοι)
1069 5168 1121 5222 a.
1172 5168 1279 5241 Sed
1333 5168 1543 5241 γραφία
1586 5168 1941 5241 βειιέυκγιοιιθ

373 5253 599 5307 Segmm.
628 5237 731 5289 104
757 5241 805 5301 b,
843 5239 941 5294 108
967 5240 1016 5304 b,
1041 5249 1094 5293 et
1126 5238 1273 5292 alibi.

451 5308 565 5380 (Ἃ)
607 5307 669 5360 1η
703 5320 918 5362 mentem
956 5318 1307 5380 reuocauerit.
1338 5308 1511 5362 Verbo
1562 5307 1945 5380 παρενθυμοῦ-

451 5326 565 5380 tu)
607 5326 669 5360 ιη
703 5326 918 5362 mentem
956 5326 1294 5362 revocasset".
1345 5326 1511 5362 verno
1562 5326 1945 5431 παβενυυμου-

381 5398 481 5456 μαι
517 5379 837 5456 aliter-usus
869 5388 957 5434 est
984 5378 1231 5456 Clemens
1259 5378 1596 5456 librnprimo
1680 5380 1967 5448 wdagogi;

378 5448 499 5519 sap.
525 5448 756 5519 12._ttlti,
784 5457 842 5502 ιιι
875 5464 1018 5511 reor,
1049 5449 1189 5500 valet
1226 5464 1244 5497 ι
1274 5449 1483 5514 neglige
1510 5468 1553 5519 ί»

452 5516 565 5601 (ἓξ)
606 5516 917 5574 Structurte.
971 5519 1149 5573 Codex
1183 5537 1196 5572 :
1230 5519 1323 5570 ἐπὶ
1370 5518 1593 5588 σκευῆς.
1630 5516 1774 5588 Lego
1826 5518 1949 5571 ἐπι-

381 5606 890 5739 ῗκῗξὲἷζυίπρεκηι.
919 5656 1095 5739 Codex
1131 5677 1142 5712 :
1168 5656 1312 5739 ᾇπερ
1347 5659 1543 5729 μήποτ’
1569 5657 1798 5739 ξφασαν,
1822 5658 1866 5725 ρ
1890 5674 1951 5711 Ia:

385 5725 723 5797 ιςςιιυῇιωτι
756 5736 972 5797 potest.
1022 5725 1297 5797 SnSpieari
1348 5725 1530 5781 tamen
1582 5725 1707 5782 licet.
1761 5731 1953 5783 deesse

391 5795 721 5869 aliquiduut
754 5795 1032 5869 legendum
1069 5795 1167 5869 sit,
1215 5797 1362 5851 verbi
1414 5799 1607 5869 gratia,
1651 5796 1798 5869 ἅπερ
1847 5798 1953 5869 μή-

392 5864 514 5921 ποτ’
544 5864 609 5920 ἂν
639 5864 866 5932 ἔφασαν.
900 5865 993 5920 Vel
1022 5886 1034 5920 :
1068 5867 1209 5939 ειπερ
1249 5869 1445 5940 μήποτ’
1471 5867 1677 5936 ἔφασαν
1713 5864 1777 5920 αἱ
1814 5864 1955 5937 Γρα-

2054 5098 2171 5170 φαί.
2196 5096 2292 5152 Vel
2315 5097 2489 5165 potius
2511 5096 2651 5170 (cum
2679 5097 2816 5170 apud
2841 5095 3132 5170 scriptores
3155 5094 3364 5170 Didymi
3387 5094 3643 5170 aequales.

2098 5171 2266 5239 ήποτε
2308 5164 2460 5239 saepe
2494 5164 2665 5218 valeat
2711 5164 2727 5215 ἆ
2762 5166 2989 5239 fortasse
3010 5167 3058 5233 ι)
3105 5164 3257 5239 aureo
3300 5166 3496 5234 μήποτ’
3526 5165 3642 5217 οὐκ.

2098 5187 2266 5239 ηποτε
2308 5187 2449 5234 SIBI":
2494 5187 2665 5218 valent
2711 5187 2727 5215 ι
2762 5187 3058 5233 ιονιιιδδθη
3105 5187 3248 5236 απερ
3300 5187 3480 5234 μηποτ
3526 5187 3538 5216 ι

2055 5187 2122 5292 ἓν
2157 5239 2381 5304 ἔφασαν,
2416 5238 2466 5289 id
2498 5246 2581 5289 est
2615 5253 2634 5285 ι
2661 5251 2777 5299 qua-
2809 5235 3037 5288 l'ortasse
3069 5251 3174 5288 nou
3210 5237 3490 5288 dixissent.
3520 5254 3538 5285 ι

2127 5303 2251 5381 (Ἦλ
2282 5305 2369 5381 {tu
2414 5320 2465 5381 et
2517 5321 2607 5368 per
2660 5304 2917 5370 Spiritum
2948 5315 3246 5381 _sartctunt.
3303 5306 3436 5357 Cum
3490 5303 3629 5358 desit

2057 5373 2255 5445 aliquid
2293 5377 2343 5428 in
2408 5374 2619 5445 Graeci»,
2667 5389 2768 5426 non
2816 5373 2962 5441 potui
2990 5375 3141 5445 _quiu
3186 5373 3299 5445 lucc
3361 5384 3627 5427 verterem

2056 5462 2123 5500 ex
2150 5442 2395 5511 ingenio.
2426 5444 2561 5497 l‘uto
2597 5455 2774 5497 tamen
2811 5460 2897 5499 me
2931 5459 2961 5496 a
2989 5442 3198 5514 Didymi
3229 5444 3497 5497 sententia
3524 5459 3628 5497 non

2060 5532 2368 5572 l'et'CSSISSe.

2131 5586 2243 5655 (“28)
2284 5583 2456 5655 Quod,
2488 5582 2675 5655 manu.
2705 5598 2741 5646 ι,
2770 5581 2859 5636 20.

2131 5652 2243 5722 (£9)
2290 5653 2603 5708 Ducebatur.
2638 5652 2765 5705 Luc.
2797 5668 2872 5716 tv,
2907 5652 2960 5707 l.
2990 5653 3175 5708 Gra‘ca
3206 5652 3400 5706 editio:
3430 5653 3633 5717 Ἤγετο

2062 5728 2119 5779 ὲν
2141 5724 2223 5802 ’τῷ
2256 5724 2545 5802 Πηνεύματικ
2562 5722 2767 5802 είςπὴν
2794 5722 2890 5802 {pq
2900 5741 3017 5802 μον.

2133 5790 2246 5863 (50;
2284 5790 2476 5863 Tuam.
2513 5794 2613 5847 Pio
2643 5790 2836 5847 ἑαυτοῦ
2868 5790 3044 5848 malim
3073 5790 3299 5846 σεαυτοῦ
3320 5808 3333 5822 ο
3380 5803 3433 5847 et
3472 5792 3631 5847 εἴκων

2063 5861 2158 5938 pro
2197 5861 2354 5919 ἑκών.
