4110 6442
316 442 427 497 531

1346 439 1436 492 DE
1474 439 1842 495 'i'lilNlTATlt‘
1883 440 2087 494 LIBER
2117 441 2517 498 SECUNDUS.

3482 452 3587 507 58:!

324 555 460 611 Θεοῦ
488 553 738 624 δύναμις,
781 552 876 605 καὶ
930 550 1065 604 Θεοῦ
1107 552 1285 621 σοφία.
1325 571 1343 604 ι
1378 552 1655 618 Ματθαῖος
1679 553 1785 608 ἀπὸ
1816 552 1894 606 τοί

2016 554 2215 611 virtute
2244 556 2545 625 signorum,
2570 564 2623 612 et
2654 558 3046 626 prodigiorum,
3090 560 3140 615 in
3183 559 3381 617 virtute
3411 561 3585 632 Spirt'

322 646 574 717 Σωτῆρος
595 660 609 674 σ
651 663 669 694 ι
698 644 762 696 El
785 642 840 696 δὲ
861 645 920 696 ὲν
945 642 1220 713 Πνεῦματι
1251 644 1386 697 Θεοῦ
1422 643 1669 698 ἐκϐάλλω
1695 644 1764 698 τά
1795 645 1912 698 δαι-

327 738 505 809 μόνια,
532 734 641 806 ἄρα
664 732 898 801 ἔφθασεν
926 734 1011 803 ἐφ’
1047 735 1190 805 ὑμᾶς
1228 736 1260 804 ἡ
1298 734 1543 805 βασιλεία
1573 734 1664 788 τοῦ
1691 735 1845 788 Θεοῦ.
1887 756 1905 789 ι

323 828 433 882 Καὶ
455 827 530 891 ὡς
564 828 621 879 ὲν
659 825 737 897 τῷ
766 824 1076 895 φωτίσματι
1119 826 1483 898 συμπράττει,
1508 820 1770 881 ἀδύνατον
1798 828 1909 880 τοί·

323 938 418 973 νυν
463 922 532 990 τῇ
573 916 858 989 συμφωνίᾳ
902 918 995 970 καὶ
1025 920 1091 988 τῇ
1125 918 1376 990 ἐνεργείᾳ
1410 918 1678 990 ὑπάρχειν
1708 918 1785 980 ἓν,
1832 920 1905 989 μὴ

322 1012 488 1082 οὔσης
512 1010 611 1080 τῆς
639 1007 829 1071 οὐσίας
859 1010 986 1079 μιᾶς
1007 1025 1020 1038 ·
1049 1010 1141 1063 καὶ
1171 1010 1260 1064 διὰ
1291 1008 1445 1062 τοῦτο
1474 1010 1620 1079 λέγει
1644 1012 1673 1064 ό
1704 1011 1907 1064 Δεσπό-

322 1118 419 1167 της
477 1100 606 1153 ποτε
644 1100 776 1169 μέν’
818 1116 838 1149 ι
879 1099 938 1151 ὐ
963 1096 1150 1169 Πατὴρ
1191 1100 1219 1151 ό
1259 1100 1315 1161 ὲν
1357 1100 1480 1168 ἐμοὶ
1512 1098 1706 1169 μένων,
1746 1100 1908 1165 αὐτὸς

323 1194 468 1245 ποιεῖ
494 1194 564 1244 τά
587 1191 723 1262 ἔργα
744 1205 758 1222 ·
796 1208 814 1242 ι
854 1190 984 1242 ποτὲ
1007 1188 1084 1254 δὲ,
1109 1189 1184 1252 ὼς
1208 1189 1303 1242 νῦν
1333 1190 1546 1262 εἴρηται
1568 1207 1581 1221 ο
1618 1209 1635 1242 ι
1682 1190 1822 1259 Ἐγὼ
1851 1193 1908 1245 ἐν

324 1282 601 1353 Πνεῦματι
644 1280 778 1334 Θεοῦ
828 1279 919 1352 [88
942 1278 995 1351 b]
1044 1279 1290 1334 ἐκϐάλλω
1337 1280 1406 1335 τά
1451 1282 1723 1351 δαιμόνια.
1761 1301 1778 1333 ι
1813 1283 1909 1335 Διὰ

322 1375 480 1427 τοῦτο
505 1374 561 1428 δὲ
591 1375 683 1427 καὶ
714 1372 925 1436 Παῦλος
946 1369 1127 1425 εἶπεν·
1159 1391 1177 1424 ι
1225 1372 1312 1425 Ἐν
1343 1372 1567 1444 δυνάμει
1594 1373 1910 1443 Πνεύματος

320 1465 477 1532 ἁγίου
497 1482 509 1495 ·
542 1486 560 1516 ι
588 1463 888 1534 ὁμολογῶν,
919 1464 1089 1534 ὅτιτῇ
1118 1462 1239 1533 θείᾳ
1255 1466 1355 1534 τῆς
1380 1462 1608 1535 Τριάδος
1657 1465 1907 1536 ἐνεργείᾳ

320 1549 619 1620 τεθνεῶτας
646 1556 893 1626 ἡγειραν,
929 1555 1091 1617 αὐτὸς
1134 1554 1232 1626 μὲν
1272 1555 1363 1607 τὸν
1402 1553 1657 1625 Εὔτυχον,
1701 1556 1906 1627 Πέτρος

318 1647 377 1699 δὲ
399 1647 497 1718 τὴν
528 1646 712 1717 ’1³αὸήο
722 1663 804 1698 αν.

2024 658 2106 700 tus
2135 648 2326 702 sancti.
2350 665 2369 699 ι
2406 646 2741 719 Hypostases
2767 658 2959 702 natura
3007 651 3214 706 similes
3247 653 3439 708 similis
3477 656 3577 709 ho-

2022 733 2169 788 noris
2195 741 2322 787 sunt
2352 734 2529 804 dignae
2560 753 2573 787 :
2612 734 2840 805 ideoque
2887 736 3010 792 huic
3045 738 3209 793 etiam
3257 742 3479 797 oraculo
3510 745 3585 797 si—

2020 823 2145 877 mile
2171 835 2251 878 est
2282 824 2409 878 illud
2447 840 2459 877 :
2504 844 2520 877 ι
2566 825 2814 880 Christus
2847 826 2957 897 (57)
3015 828 3107 883 Dei
3159 830 3348 899 virtus,
3404 844 3453 888 et
3490 833 3581 887 Dei

2016 913 2297 982 Sapientia.
2329 933 2347 967 ι
2407 914 2686 970 Matthaaus
2735 931 2800 971 ex
2833 934 3057 985 persona
3088 919 3383 975 Salvatoris
3422 940 3435 974 :
3473 942 3490 975 ι
3526 923 3580 978 Si

2013 1017 2187 1058 autem
2217 1004 2325 1075 (58)
2363 1004 2520 1077 194
2560 1007 2611 1060 in
2667 1006 2869 1076 Spiritu
2958 1010 3047 1063 Dei
3103 1010 3261 1079 ejicio
3294 1013 3581 1077 dmmonia,

2013 1110 2144 1165 ergo
2175 1100 2420 1164 pervenit
2452 1098 2503 1150 in
2532 1113 2625 1153 vos
2650 1115 2870 1167 regnum
2905 1102 3016 1157 Dei.
3044 1120 3062 1153 ι
3095 1101 3160 1154 Ει
3201 1103 3342 1156 sicut
3370 1104 3420 1155 in
3464 1104 3582 1156 tilu-

2019 1188 2336 1251 minatione,
2362 1189 2411 1240 id
2439 1200 2541 1254 est,
2592 1192 2642 1244 in
2677 1193 2963 1259 baptismo,
3003 1195 3163 1247 simul
3192 1212 3312 1249 eum
3344 1196 3501 1251 Patre
3531 1210 3585 1252 et

2016 1277 2151 1333 Filio
2179 1291 2450 1348 operatur,
2484 1282 2556 1335 ita
2591 1285 2705 1339 ﬁeri
2757 1299 2860 1338 non
2921 1293 3115 1355 potest,
3151 1295 3208 1338 ut
3235 1287 3349 1356 ipse
3383 1304 3581 1343 nonsu-

2018 1372 2222 1437 nantia,
2281 1382 2333 1427 et
2389 1376 2704 1443 operatione
2761 1377 2829 1429 sit
2882 1392 3045 1429 unum
3105 1393 3228 1431 cum
3263 1378 3415 1447 ipsis,
3452 1381 3580 1447 quin

2018 1470 2195 1515 tamen
2224 1464 2478 1537 unumsit
2513 1467 2672 1519 etiam
2697 1469 2954 1522 essentia.
2992 1471 3164 1537 Atque
3194 1471 3298 1525 hac
3329 1474 3393 1525 de
3414 1487 3578 1527 causa

2016 1553 2273 1609 Dominus
2308 1557 2594 1626 aliquando
2626 1560 2839 1627 quidem
2872 1561 2944 1613 ait
2976 1581 2988 1615 :
3033 1580 3051 1612 ι
3081 1560 3240 1615 Pater
3282 1561 3393 1631 (5'3)
3419 1564 3469 1616 in
3499 1580 3581 1615 me

2015 1662 2259 1710 manens,
2290 1650 2403 1716 ipse
2438 1646 2566 1703 facit
2592 1665 2791 1718 opera;
2839 1670 2857 1703 ι
2918 1651 3207 1717 aliquando
3263 1668 3407 1717 vero,
3440 1656 3581 1709 sicut

325 1757 471 1793 nunc
505 1741 705 1792 dictum
738 1746 839 1802 est,
882 1756 899 1789 ι
933 1735 1046 1807 Ego
1084 1737 1133 1790 itt
1166 1735 1367 1807 Spiritu
1399 1726 1676 1809 Dei-ejicio
1698 1740 1979 1796 daemonia.
2011 1760 2030 1791 ι
2066 1740 2356 1810 Propterea
2427 1756 2553 1793 vero
2614 1741 2775 1794 etiam
2835 1740 3034 1797 Paulus
3092 1743 3228 1798 dixit
3261 1760 3274 1795 :
3322 1762 3341 1794 ι
3380 1745 3434 1798 ιιι
3469 1746 3579 1797 vir‘

326 1843 437 1885 Iu'ltt
472 1830 582 1899 (60)
634 1827 867 1897 Spiritus
912 1829 1109 1883 sancti.
1137 1847 1156 1881 ι
1203 1829 1409 1894 Quibus
1471 1831 1650 1887 verbis
1709 1832 1889 1887 divina
1930 1832 2212 1887 Trinitatis
2248 1832 2583 1901 Operatione,
2653 1848 2715 1886 ac
2752 1833 2948 1887 virtute
2983 1847 3224 1890 mortuos
3281 1837 3577 1891 suscitatus

329 1943 454 1984 esse
477 1931 784 1995 conﬁtetur,
818 1933 884 1987 ab
916 1934 1033 2001 ipso
1065 1932 1280 1999 quidem
1309 1931 1632 2004 Eutychum,
1664 1949 1693 1988 ε
1737 1935 1897 1988 Petro
1936 1942 2113 1987 autem
2143 1931 2471 1986 Tahetham.

390 2020 471 2076 H'.
505 2022 628 2075 Ὀτι
657 2022 846 2095 ὥσπερ
898 2025 927 2076 ό
977 2023 1110 2087 Θεὸς
1152 2025 1246 2077 κιιύ¹
1276 2024 1487 2096 Πατὴρ,
1524 2024 1667 2078 οὕτω
1710 2026 1803 2079 καὶ
1845 2026 1894 2079 τὶ

2084 2024 2213 2079 Vlll.
2255 2024 2389 2090 Quia
2415 2025 2554 2077 sicut
2587 2023 2727 2076 Dens
2764 2033 2815 2077 et
2864 2022 3045 2082 Pater.
3097 2024 3177 2087 sic
3215 2019 3374 2078 etiam
3411 2025 3577 2095 Spiri-

317 2116 471 2184 ειγιον
528 2112 752 2185 Πνεῦμα
786 2113 1133 2185 χρηματίζει,
1180 2117 1579 2186 σημαινόμενον
1628 2116 1761 2180 Θεὸς
1807 2118 1900 2169 καὶ

316 2207 610 2278 Δεσπότης,
640 2206 783 2259 καθά
815 2205 1011 2276 φράζει
1051 2209 1293 2269 Λουκᾶς·
1332 2227 1349 2258 ι
1381 2203 1489 2261 Ἦν
1528 2206 1811 2279 ἄνθρωπος
1843 2210 1901 2261 ἐν

329 2298 705 2371 Ἰερουσαλὴμ,
736 2291 780 2366 ᾧ
814 2296 985 2368 ὄνομα
1013 2297 1237 2368 Συμεών
1256 2315 1268 2328 ·
1305 2298 1398 2351 καὶ
1434 2300 1462 2351 ό
1492 2297 1776 2369 ἄνθρωπος
1812 2291 1902 2350 οὗ·

314 2404 430 2451 τος,
459 2387 665 2450 δίκαιος
712 2385 811 2438 καὶ
857 2386 1110 2456 εὐλαϐὴς,
1144 2387 1570 2458 προσδεχόμενος
1617 2387 1900 2459 παράκλη-

317 2496 405 2531 σιν
432 2477 512 2549 τῷ
541 2477 755 2549 Ἰσραήλ
778 2495 791 2509 ο
824 2478 917 2531 καὶ
944 2477 1166 2548 Πνεῦμα
1204 2479 1362 2547 ἅγιον
1393 2477 1459 2550 ἦν
1486 2480 1574 2532 ἐπ’
1602 2481 1772 2550 αὐτῷ,
1806 2482 1901 2534 καὶ

316 2567 387 2642 ἦν
428 2569 576 2640 αὐτῷ
617 2571 1120 2641 κεχρηματισμένον
1165 2570 1270 2623 ὑπὸ
1312 2570 1407 2624 τοῦ
1453 2571 1768 2641 Πνεύματος
1801 2571 1896 2624 τοῦ

310 2662 501 2730 ἁγίου,
530 2663 602 2733 μὴ
637 2662 761 2715 ἰδεῖν
793 2663 1044 2727 θάνατον,
1076 2662 1180 2725 ἓως
1203 2662 1268 2716 ἂν
1296 2662 1380 2736 ίδῃ
1407 2663 1498 2716 τὸν
1528 2664 1760 2734 Χριστὸν
1789 2665 1897 2716 Κυ-

322 2757 462 2825 ρίου.
530 2756 636 2808 Καὶ
685 2755 848 2826 ἤγετο
910 2755 969 2808 ἐν
1007 2754 1085 2825 τῷ
1136 2754 1409 2825 πνεύματι
1470 2756 1549 2819 είς
1604 2755 1666 2808 τὸ
1731 2756 1894 2825 ἱερόν.

307 2846 428 2900 Καὶ
493 2845 724 2914 ἐγένετο,
790 2848 849 2899 ὲν
882 2845 960 2917 τῷ
1031 2848 1344 2915 εἰσαγαγεῖν
1397 2847 1524 2909 τοὺς
1585 2849 1764 2916 γονεῖς
1830 2848 1893 2901 τὸ

307 2935 528 2991 παιδίον
557 2938 788 3010 Ἰησοῦν,
816 2938 910 2992 τοῦ
950 2938 1170 3009 ποιῆσαι
1195 2939 1391 3001 αὐτοὺς
1423 2938 1565 2993 κατά
1580 2938 1646 2992 τὸ
1660 2940 1899 3011 εἰθισμέ-

314 3046 405 3081 νον
446 3027 543 3081 τοῦ
587 3030 755 3099 νόμου
788 3029 917 3101 περὶ
954 3028 1119 3082 αὑτοῦ
1142 3046 1156 3060 ·
1196 3029 1288 3083 καὶ
1333 3030 1496 3092 αὐτὸς
1522 3029 1737 3095 ἐδέξατο
1768 3031 1898 3085 αὐτὸ

315 3119 394 3181 εἰς
420 3117 517 3182 τὰς
547 3119 812 3187 ἀγκάλας,
854 3119 946 3172 καὶ
972 3119 1262 3190 εὐλόγησεν
1291 3119 1383 3172 τὸν
1412 3120 1567 3187 Θεὸν,
1593 3123 1687 3175 καὶ
1709 3118 1859 3175 εἶπεν
1879 3139 1892 3153 ·

308 3208 429 3261 Νῦν
464 3209 720 3273 ἀπολύεις
751 3209 840 3263 τὸν
867 3209 1051 3264 δοῦλόν
1075 3227 1192 3275 σου,
1229 3210 1499 3278 Δέσποτα,
1533 3213 1671 3267 κατά
1702 3213 1764 3266 τὸ
1793 3213 1895 3286 ρἦ

235 3334 239 3338 -
317 3298 398 3368 μά
426 3317 541 3363 σου,
565 3302 622 3353 ὲν
655 3302 844 3372 εἰρήνῃ
865 3319 879 3329 ο
904 3302 987 3355 ὅτι
1011 3302 1118 3354 ίδον
1143 3302 1191 3354 οἱ
1214 3302 1486 3375 ὀφθαλμοί
1510 3321 1610 3374 μου
1638 3304 1693 3356 τὸ
1713 3304 1894 3374 Σωτή-

2005 2128 2088 2170 ιιιε
2131 2126 2351 2173 Sanctus
2398 2116 2598 2168 dicitur
2649 2115 3041 2168 ehrematizare
3073 2153 3087 2177 ,
3119 2114 3171 2168 id
3216 2126 3316 2181 εει,
3351 2118 3572 2172 oracula

2001 2208 2184 2273 edere,
2218 2222 2313 2260 seu
2344 2207 2520 2259 divina
2552 2221 2807 2274 responsa
2836 2207 2966 2259 dare
2992 2224 3005 2259 :
3037 2206 3181 2275 quod
3233 2206 3381 2260 illum
3413 2208 3572 2277 signi-

2004 2298 2438 2353 licatessebcutn
2463 2313 2526 2352 ac
2547 2298 2848 2352 Dominum.
2870 2296 2941 2350 lta
2971 2295 3172 2352 Lucas:
3202 2316 3219 2348 ι
3250 2298 3569 2369 Erat(61),t>

2002 2392 2197 2461 inquit,
2236 2409 2254 2440 ι
2287 2391 2448 2444 homo
2485 2391 2535 2443 in
2564 2388 2881 2455 Jerusalem,
2912 2389 2996 2442 cui
3026 2403 3219 2443 nomen
3243 2388 3491 2444 Simeon:
3518 2401 3572 2445 et

2002 2484 2162 2536 homo
2190 2482 2514 2550 istejustus,
2563 2492 2616 2535 et
2668 2481 2975 2546 litnoraltts,
3007 2492 3329 2550 exspectans
3370 2497 3571 2537 conso-

2000 2571 2248 2626 lationem
2283 2569 2466 2624 lsraeli
2488 2591 2499 2622 :
2525 2579 2579 2625 et
2608 2571 2840 2639 Spiritus
2880 2583 3101 2625 sanctus
3135 2579 3252 2624 erat.
3295 2573 3347 2624 itt
3376 2587 3462 2626 eo.
3502 2571 3569 2627 Ει

2000 2662 2098 2731 ipsi
2148 2664 2596 2716 t-hretnatizatnm
2647 2664 2773 2730 (hoc
2825 2671 2941 2726 est,
2996 2677 3311 2731 responsum
3361 2663 3567 2730 datum)

2002 2753 2172 2805 fuerat
2205 2770 2232 2805 ιι
2272 2753 2476 2820 Spiritu
2508 2765 2718 2814 sancto,
2757 2767 2862 2805 non
2894 2754 3133 2807 visurum
3164 2768 3285 2808 eum
3316 2765 3565 2820 mortem,

2000 2846 2168 2898 donec
2198 2846 2410 2899 videret
2458 2845 2733 2899 Christum
2796 2843 3026 2899 Domini.
3085 2844 3149 2898 Et
3182 2845 3374 2900 ductus
3396 2855 3478 2900 est.
3512 2848 3564 2901 in

1996 2935 2187 3003 Spiritu
2221 2936 2273 2989 in
2302 2935 2583 3005 templum.
2616 2934 2679 2988 Et
2707 2936 2905 2990 factum
2948 2945 3050 2999 est,
3080 2950 3201 2990 cum
3251 2937 3567 2993 inducerent

2001 3035 2254 3095 parentes
2286 3042 2512 3096 puerum
2536 3025 2739 3092 Jesum,
2764 3037 2819 3079 ut
2840 3024 3082 3081 facerent
3114 3033 3409 3082 secundum
3432 3046 3564 3085 con-

1997 3117 2333 3169 Suetudinem
2370 3116 2499 3185 legis
2537 3131 2632 3184 pro
2663 3130 2766 3171 eo:
2821 3126 2875 3171 et
2927 3116 3041 3185 ipse
3098 3118 3307 3188 accepit
3364 3137 3487 3173 eum
3512 3122 3563 3174 in

1997 3210 2169 3272 ulnas,
2203 3217 2255 3262 ct
2287 3209 2559 3262 benedixit
2591 3208 2775 3274 Deum,
2823 3218 2878 3263 et
2922 3210 3059 3264 leil
3092 3228 3104 3264 :
3162 3208 3314 3266 Nunc
3339 3212 3567 3268 dimittis

1997 3313 2208 3353 servum
2247 3308 2419 3364 tuum,
2484 3299 2727 3364 Domine,
2795 3302 3091 3355 secundum
3149 3302 3372 3356 verbum
3413 3312 3562 3357 tuum

304 3390 431 3459 ριόν
458 3407 570 3442 σου.
608 3409 627 3443 ι
667 3390 1062 3462 Ἐχρημάτισεν
1114 3391 1293 3445 τοίνυν
1339 3392 1401 3444 τὸ
1441 3394 1594 3460 ἆγιον
1641 3393 1884 3463 Πνεῦμα·

1998 3390 2049 3443 in
2094 3405 2244 3458 pace,
2275 3392 2400 3460 quia
2441 3391 2691 3446 viderunt
2727 3393 2868 3448 oeuli
2915 3395 3018 3449 mei
3061 3393 3315 3450 Salutare
3356 3406 3560 3451 tuum.»

311 3482 538 3545 ἐδέξατο
570 3478 795 3553 Συμεὼν
828 3482 919 3535 τὸν
949 3484 1181 3554 Χριστὸν
1214 3487 1294 3548 είς
1329 3484 1428 3548 τάς
1458 3483 1721 3553 ἀγκάλας,
1749 3485 1889 3539 κατὰ

298 3575 406 3628 τὸν
429 3575 809 3645 χρηματισμόν
825 3594 836 3606 ·
868 3576 1162 3647 εὐλόγησεν
1184 3577 1273 3630 τὸν
1294 3594 1396 3648 χρη
1407 3560 1727 3646 ματίσαντα,
1750 3578 1890 3632 τοῦτ’

311 3667 468 3718 ἐστιν
512 3666 752 3733 ἐδόξασεν
786 3666 847 3720 τὸ
880 3668 1032 3736 ἅγιον
1070 3667 1316 3738 Πνεῦμα,
1348 3668 1607 3740 ἑωρακὼς
1631 3669 1690 3723 τὸ
1718 3673 1893 3742 σωτήο

300 3773 436 3828 ,ριον
465 3756 557 3809 τοῦ
593 3757 842 3830 χρησμοῦ
872 3758 1162 3831 δεξάμενον
1185 3760 1357 3830 πέρας
1377 3777 1391 3790 ο
1421 3760 1553 3814 Θεόν
1584 3779 1643 3815 τε
1673 3762 1765 3815 καὶ
1792 3767 1890 3816 Δε-

312 3848 521 3920 σπότην
556 3849 715 3903 αὑτὸν
735 3850 824 3903 τὸν
848 3868 952 3922 χρη
964 3851 1264 3922 ματίσαντα
1291 3851 1567 3906 ἐκάλεσεν.
1612 3854 1774 3926 Ἑχρη
1784 3854 1891 3925 μά-

307 3956 463 3993 τισεν
488 3940 544 3993 δὲ
567 3943 595 3993 ό
621 3940 751 4005 Θεὸς
776 3942 986 4013 Πατὴρ,
1013 3942 1092 4014 τῷ
1125 3941 1246 3995 Ἰὼϐ
1272 3941 1446 4011 φάνας
1470 3959 1486 3976 ·
1517 3960 1536 3994 ι
1568 3942 1685 3998 Οἴει
1713 3961 1781 4013 με
1805 3944 1892 3999 ἄλ-

307 4031 421 4096 λως
452 4048 535 4085 σοι
570 4035 1055 4105 κεχρηματικέναι,
1085 4034 1118 4106 ἢ
1150 4035 1236 4088 ἵνα
1269 4036 1550 4106 ἀναφανῇς
1586 4036 1825 4103 δίκαιος;
1865 4055 1882 4089 ι

296 4124 379 4178 0i.
422 4122 501 4188 δὲ,
549 4124 627 4196 τῷ
680 4124 915 4196 ἀληθινῷ
975 4125 1251 4197 Πνεύματι
1302 4126 1396 4179 τοῦ
1439 4126 1574 4179 Θεοῦ
1621 4126 1887 4197 μάχεσθαι

304 4215 634 4285 ἠσκηκότες,
682 4215 953 4287 πανταχοῦ
1002 4216 1104 4287 τῆς
1150 4217 1458 4280 ὑποθέσεως
1500 4216 1570 4270 τὰ
1615 4220 1672 4271 ὲν
1710 4218 1888 4281 ἄλλοις

307 4306 651 4376 πράγμασιν,
680 4307 774 4361 καὶ
801 4309 902 4361 οὑκ
942 4309 1022 4372 είς
1044 4307 1341 4378 θεολογίαν,
1376 4308 1725 4362 συντελοῦντα
1753 4309 1887 4380 πρὸς

305 4398 373 4450 τὸ
420 4398 713 4452 συσκιάσαι
754 4399 853 4472 τὴν
891 4400 1150 4471 ἀλήθειαν
1197 4400 1563 4468 συλλέγοντες,
1604 4400 1695 4453 καὶ
1736 4400 1886 4453 οὐτά

308 4493 590 4561 πρέποντα
630 4492 707 4565 τῷ
739 4493 868 4564 θείῳ
899 4494 1177 4567 μυστηρίῳ
1210 4494 1485 4566 ἀτρεκέως
1521 4492 1611 4564 [89
1636 4492 1692 4565 a]
1736 4493 1885 4547 ὲκδε⁴

1994 3480 2181 3550 Itaque
2210 3481 2341 3536 chre
2365 3483 2644 3547 natizavit,
2680 3483 2732 3536 id
2759 3495 2860 3548 est,
2901 3500 3215 3554 responsum
3250 3501 3280 3542 e
3317 3488 3564 3556 supernis

1992 3574 2140 3626 dedit
2201 3573 2438 3641 Sp‘ritus
2487 3585 2752 3641 sanctus;
2817 3575 3035 3631 Simeon
3099 3592 3226 3633 vero
3284 3578 3558 3633 Christum

1991 3663 2376 3718 ehrematismo
2413 3664 2502 3719 illo
2534 3666 2639 3719 sibi
2669 3668 2996 3736 promissum
3031 3668 3084 3721 in
3121 3669 3277 3724 ulnas
3305 3671 3558 3738 sumpsit;

1994 3769 2060 3807 ac
2099 3770 2244 3817 eum,
2277 3756 2367 3822 qui
2408 3756 2778 3811 chrentatismi
2838 3768 3030 3812 auctor
3076 3769 3220 3824 erat,
3250 3761 3555 3826 benedixit;

1992 3849 2092 3901 hoc
2125 3858 2230 3911 eet,
2255 3848 2483 3917 Spiritui
2511 3858 2701 3904 sancto
2726 3850 2955 3921 gloriam
2992 3851 3243 3915 reddidit,
3271 3862 3558 3921 postquam

1992 3936 2241 3992 Salutare
2264 3938 2339 4010 (id
2370 3951 2473 4005 est,
2504 3939 2862 4011 Salvatorem)
2894 3942 3281 3997 ehrematismo
3313 3952 3561 4011 praenun-

1992 4032 2182 4083 tialuut
2210 4031 2442 4100 aspexit,
2479 4048 2543 4087 ac
2566 4033 2806 4087 divinum
2832 4033 2883 4086 in
2917 4046 2983 4086 eo
3019 4046 3340 4101 responsum
3368 4032 3552 4103 imple-

1993 4133 2105 4174 tum
2140 4120 2313 4188 vidit;
2363 4122 2637 4193 Deumque
2685 4139 2751 4179 ac
2776 4124 3088 4188 Dominum,
3129 4139 3252 4180 cum
3284 4126 3374 4194 qui
3402 4127 3559 4182 chre—

1990 4220 2360 4284 tnatizaverat,
2421 4215 2731 4286 appellavit.
2772 4213 3200 4270 Chrematizavit
3232 4228 3359 4269 vero
3388 4217 3553 4270 etiam

1990 4311 2129 4364 Deus
2167 4310 2342 4377 Pater,
2370 4326 2491 4365 cum
2520 4307 2655 4363 Jobo
2676 4308 2876 4363 dixerit
2907 4323 2920 4359 :
2965 4324 2984 4359 ι
3019 4307 3180 4361 Putas
3208 4304 3321 4378 (62)
3349 4323 3435 4362 me
3453 4307 3556 4361 ali-

1988 4411 2069 4455 ter
2130 4401 2223 4455 tibi
2281 4400 2704 4456 ehrematizasse
2753 4399 2828 4470 (id
2864 4408 2946 4453 est
3000 4412 3259 4467 responsa
3297 4396 3552 4469 dedisse),

1990 4493 2144 4564 195
2185 4509 2348 4564 quam
2412 4503 2470 4547 ut
2504 4506 2769 4563 appar-eas
2816 4491 3031 4560 justus?
3058 4510 3078 4544 ι
3113 4491 3185 4547 At
3234 4492 3471 4548 hmretici
3501 4493 3552 4546 in

303 4584 548 4655 χόμενοι,
587 4586 680 4639 καὶ
711 4588 775 4656 τῇ
808 4585 1059 4639 ὑποθέσει
1094 4581 1457 4656 ἁρμόζοντες,
1505 4586 1595 4639 καὶ
1646 4584 1779 4657 πρὸς
1825 4586 1885 4639 τὸ

1998 4595 2125 4649 aello
2149 4604 2333 4649 contra
2363 4609 2549 4648 verum
2614 4593 2706 4647 Dei
2772 4593 3033 4665 Spiritum
3079 4593 3382 4660 exercitati,
3406 4608 3552 4657 eum,

306 4676 603 4745 κεφάλαιον
636 4675 793 4730 τοῦτο
817 4676 1013 4731 ἄδεκτα
1040 4674 1131 4730 τοῦ
1163 4677 1306 4730 θείου
1341 4675 1675 4749 προφέρουσι
1708 4678 1885 4748 ῥήμαο

305 4857 369 4910 τὸ
397 4858 602 4929 ψυχρὸν
629 4860 804 4913 ἐκεῖνο
835 4860 927 4912 καὶ
951 4859 1225 4931 ἀπατηλὸν
1255 4859 1404 4930 ῥῆμα
1427 4858 1703 4927 λέγοντες·
1741 4858 1880 4922 Ὅτι,

308 4950 495 5019 φησιν,
530 4950 829 5019 κατάγεται
884 4953 949 5003 ὲκ
1000 4949 1107 5003 τῶν
1158 4950 1413 5003 τοιούτων
1468 4949 1779 5021 μαρτυριῶν
1823 4948 1885 5003 τὸ

305 5042 463 5112 ἅγιον
490 5042 713 5114 Πνεῦμα
738 5045 817 5106 είς
843 5042 1075 5112 ἀγγέλου
1104 5042 1288 5112 φύσιν,
1379 5043 1472 5096 καὶ
1497 5044 1650 5096 αὐτοὶ
1677 5043 1885 5114 φαίνον-

1985 4703 2175 4773 quavis
2202 4712 2412 4772 arrepta
2440 4701 2752 4763 occasione,
2791 4700 2857 4754 ad
2903 4700 3299 4755 obscurandam
3347 4698 3548 4753 verita-

304 4783 400 4827 τα,
426 4766 540 4820 ἄνω
566 4768 660 4820 καὶ
683 4768 853 4831 κάτω,
879 4768 954 4832 ὡς
984 4768 1124 4838 μέγα
1158 4768 1252 4821 καὶ
1294 4768 1521 4859 ἐναργὲς
1567 4767 1877 4859 κεφάλαιον,
1915 4799 1956 4853 D
1992 4766 2095 4859 {em

2154 4820 2215 4861 ea
2252 4811 2563 4874 congeram,
2610 4819 2731 4873 qua:
2783 4804 2849 4858 de
2882 4802 3002 4858 aliis
3032 4803 3193 4857 rebus
3226 4802 3365 4856 dicta
3401 4811 3548 4864 sunt,

1980 4927 2205 4983 quaeque
2240 4912 2306 4965 ad
2352 4910 2700 4981 theologiam,
2763 4925 2856 4964 seu
2920 4908 3158 4972 modum,
3207 4921 3316 4976 quo
3345 4906 3411 4961 de
3440 4907 3550 4962 Deo

1980 5019 2122 5087 loqui
2158 5019 2436 5080 debemus,
2463 5016 2594 5070 nihil
2633 5014 2895 5079 attinent;
2930 5029 2991 5069 ea
3040 5027 3187 5077 vero,
3224 5026 3343 5082 qua:
3368 5011 3550 5066 divino

303 5154 398 5192 ται
426 5139 881 5210 χρηματίσαντες.
905 5139 1013 5192 Καὶ
1040 5136 1182 5192 οὑτω
1204 5139 1304 5202 τὰς
1326 5139 1490 5209 ὀρθὰς
1518 5139 1626 5194 τῶν
1654 5139 1882 5209 Γραφῶν

1998 5122 2237 5194 nysterio
2265 5121 2615 5183 conveniunt,
2648 5119 2877 5189 simplici
2918 5132 2981 5172 ac
3008 5117 3222 5172 sincero
3253 5130 3417 5170 sensu
3440 5129 3543 5170 non

302 5227 537 5292 ἑννοίας,
570 5226 631 5292 ἐξ
660 5226 876 5282 ἀτόπων
922 5227 1066 5281 ἰδίων
1098 5226 1271 5296 λόγων
1306 5228 1385 5291 είς
1420 5228 1771 5298 περιπετείας
1794 5228 1884 5296 ἐξ·

377 5423 492 5492 (57)
531 5423 790 5479 Christus.
828 5425 850 5478 Ι
901 5425 1023 5479 Cor.
1051 5441 1090 5489 ι,
1119 5425 1206 5481 ει.

379 5494 491 5557 (58)
531 5492 594 5548 Si
633 5504 826 5548 autent.
858 5494 1044 5548 Matth.
1075 5511 1172 5557 xu,
1198 5496 1288 5550 ‘28.

399 5561 490 5620 59)
535 5561 710 5617 Pater.
741 5564 894 5618 Joan.
928 5580 1032 5620 xtv.
1065 5567 1150 5618 10.

400 5630 492 5691 6οὶ
530 5630 600 5687 In
638 5634 843 5688 virtute.
879 5633 1033 5688 Rom.
1060 5650 1147 5691 xv.
1181 5633 1262 5688 l9.

398 5702 681 5773 61)Erat.
735 5702 865 5773 Luc.
933 5720 966 5757 ιι
1022 5704 1213 5759 25-50.
1262 5702 1356 5759 Gr.
1417 5703 1502 5758 ed.
1554 5702 1716 5757 habet
1770 5704 1864 5758 τοῦ

315 5770 695 5856 ξίσραῇλ-ρςο
743 5771 840 5856 τῷ.
893 5773 1156 5856 ’[σραήλὲ
1210 5774 1312 5856 Et:
1388 5774 1479 5856 ἐπέ
1539 5772 1698 5856 αὐτόν
1770 5790 1865 5843 pro

306 5838 406 5917 ξπ*
433 5838 608 5917 αὐτῷξ
639 5843 723 5909 Et,
754 5838 882 5917 π’ρὶν
915 5838 1088 5917 ﬁ'prn
1133 5843 1236 5917 ἕως
1412 5844 1474 5917 Et
1497 5884 1512 5908 ,
1560 5838 1722 5914 ἦλθεν
1769 5838 1865 5915 pro

303 5909 491 5978 ἤγετο.
526 5909 747 5967 Uemum
778 5909 879 5968 vox
918 5909 1132 5983 ἔγένετο
1163 5914 1236 5970 ibi
1275 5909 1628 5970 desideratur.

1980 5489 2154 5558 tione,
2181 5497 2274 5549 sed
2308 5496 2360 5549 in
2397 5489 2581 5550 ϐιαιθῇ
2621 5491 2740 5544 liltri
2785 5489 2885 5544 Job
2914 5505 3001 5551 ιιι,
3031 5491 3085 5558 5.

1979 5555 2149 5638 tiones
2182 5565 2561 5638 Ι-ιειιιειιιιφῖει
2617 5561 2673 5614 δέ
2726 5577 2802 5638 με.
2840 5558 2915 5638 μὴ
2970 5557 3161 5638 ἄλλως.
3208 5565 3259 5608 et
3303 5555 3537 5638 reliqua.

1978 5636 2150 5687 liditio
2192 5634 2311 5687 libri
2345 5623 2463 5689 Johi
2505 5649 2568 5688 ex
2608 5623 2976 5684 vetustissimo
3017 5632 3205 5684 codice
3237 5640 3263 5675 τι
3302 5623 3539 5681 Patricio

1971 5704 2129 5758 Junio
2178 5703 2407 5769 Londini
2463 5718 2607 5755 anno
2651 5700 2781 5755 1637
2826 5700 3143 5753 concinnata
3174 5716 3187 5751 :
3224 5695 3381 5769 Μηδὲ
3420 5694 3536 5750 οἵου

1976 5791 2042 5845 με
2099 5765 2272 5836 ἄλλως
2312 5790 2408 5845 Ασοι
2464 5769 2960 5845 κεχρηματικέναι,
3011 5769 3128 5845 ἀλλ’
3176 5769 3266 5845 ἵνα
3304 5765 3537 5845 δίκαιος

1973 5836 2271 5915 ἀναφανῇς.
2299 5836 2695 5915 (Ξοιιιιιιιιίἕιιὲέε
2739 5856 2866 5896 vero
2922 5840 3163 5896 voeulam
3203 5836 3275 5909 μή
3336 5837 3534 5893 omittit

1973 5924 2030 5968 ιιι
2061 5914 2335 5983 Didymus.

1977 5227 2263 5297 accipiunt,
2297 5241 2394 5280 nec
2430 5225 2707 5297 prOposito
2731 5231 3047 5293 argumento
3089 5230 3308 5290 aptent;
3347 5229 3539 5274 contra

2054 5424 2163 5494 (6'2)
2209 5424 2392 5479 Putas.
2428 5424 2504 5479 Ne
2544 5436 2751 5493 qttmras
2785 5421 2898 5475 ltrec
2947 5418 3000 5471 iu
3047 5418 3269 5541 Vulgata
3309 5416 3539 5471 transla-

2059 5513 2143 5541 ηρ-
2181 5497 2274 5541 sed
2308 5496 2360 5541 in
2397 5495 2581 5541 Grmm
2621 5491 2740 5541 libri
2785 5489 2885 5541 Job
2914 5505 3001 5541 XL.
3031 5491 3085 5541 5.
3168 5484 3400 5541 onnulla:
3427 5487 3539 5541 edi-

3168 5484 3400 5541 onnulla:
3427 5487 3542 5541 edi-
