4114 6422
498 421 604 478 585

1731 414 1962 471 ῡιιιϊιιι
2004 415 2473 471 ALEXANDRINI

3636 417 3703 469 58
3715 415 3739 468 6

510 535 677 587 hocce
702 530 862 585 etiam
892 527 1207 599 capitulum,
1238 530 1859 597 demonstrationemque
1883 531 2051 584 insur-

2165 529 2436 586 έλκουσιν.
2466 530 2777 602 Γέγραπται
2802 532 2930 601 γὰρ,
2973 529 3158 601 φησὶν,
3209 531 3267 581 ὲν
3296 531 3414 591 ταῖς
3453 528 3742 582 ἀποστολι-

502 630 653 689 gutt,
681 630 733 677 et
763 620 1058 690 Scriptura:
1092 631 1293 681 textus,
1325 634 1387 672 ac
1420 620 1579 674 verba
1614 620 1914 688 proferunt,
1949 623 2068 690 qui-

500 710 597 761 bus
624 708 878 760 divinitas
914 706 1141 760 indicari
1177 722 1279 759 non
1302 718 1495 775 potest,
1524 720 1571 761 et
1603 709 1752 776 quasi
1774 712 2064 762 maximum

499 797 792 866 quoddam,
854 812 918 851 ac
979 798 1320 866 perspicuum
1376 810 1780 868 argumentum,
1816 800 2065 870 frigidam

502 897 660 953 haue,
714 897 769 942 et
800 885 1045 942 fallacem
1101 891 1567 945 ratiocinationem
1620 893 2066 961 jactitantiucul-

499 992 755 1050 tantque.
793 981 1111 1050 Ilujusmodi
1147 983 1490 1043 testimoniis,
1536 985 1804 1050 inquiunt,
1837 984 2067 1053 Spiritus

499 1085 725 1127 sanctus
791 1074 857 1126 ad
907 1073 1202 1140 angelicam
1265 1084 1511 1127 naturam
1558 1076 1910 1144 deprimitur;
1943 1091 2062 1128 cunt

502 1168 715 1238 angelos
749 1165 861 1238 (65)
889 1181 1100 1236 quoque
1122 1167 1540 1221 elirematizasse
1568 1170 1691 1238 (hoc
1720 1178 1817 1231 est,
1845 1169 2061 1223 oracula

501 1258 725 1327 fudisse)
788 1267 1016 1313 constet.
1070 1262 1246 1327 Atque
1306 1259 1377 1313 ita
1443 1270 1618 1314 rectas
1660 1261 2061 1330 Scripturarmu

498 1350 796 1403 sententias
826 1349 1076 1404 absurdis
1102 1349 1212 1402 suis
1259 1351 1583 1404 commentis
1634 1361 1833 1406 temere
1874 1354 2064 1419 depra-

499 1449 622 1493 vant
649 1441 779 1510 (64).
806 1440 937 1493 Nam
968 1443 1225 1508 scriptum
1260 1450 1361 1507 est,
1397 1442 1665 1510 inquiunt,
1696 1444 1746 1496 iu
1770 1444 1918 1498 Actis
1937 1459 2065 1512 apo-

498 1530 703 1586 stolicis
734 1548 747 1584 :
788 1552 807 1585 ι
833 1532 1112 1587 Cornelius
1146 1532 1258 1603 (65)
1306 1536 1551 1588 centurio
1578 1575 1593 1599 ,
1648 1536 1731 1588 vir
1771 1537 1971 1605 justus,
2009 1547 2063 1592 et

499 1623 695 1678 timens
726 1624 912 1688 Deum,
968 1633 1022 1677 et
1064 1622 1429 1678 testimonium
1473 1625 1679 1681 habens
1710 1627 1775 1679 all
1813 1626 2093 1681 universa’

492 1727 650 1784 gente
672 1715 1001 1782 Judaeorum,
1029 1715 1474 1770 chrematismum
1503 1716 1626 1787 (hoc
1652 1727 1755 1781 est,
1786 1718 2057 1774 cwlesteuu

495 1806 950 1875 admonitionem)
983 1808 1194 1875 accepit
1218 1808 1284 1861 alt
1318 1807 1507 1878 angelo
1556 1797 1762 1871 sancto,
1794 1810 2059 1863 accersire

494 1907 544 1951 te
567 1897 619 1950 in
656 1898 870 1952 domum
901 1913 1078 1963 suam,
1118 1907 1174 1951 et
1228 1898 1416 1951 audire
1447 1897 1608 1951 verba
1666 1898 1760 1951 abs
1791 1908 1861 1951 te.
1894 1917 1911 1948 ι
1950 1898 2058 1954 Vos

490 1999 653 2053 porro
691 1987 735 2040 si
798 1987 1073 2051 taceretis,
1123 2001 1156 2040 o
1202 1985 1467 2048 haeretici,
1518 1994 1571 2040 et
1600 1986 1928 2053 caluumiosa
1960 2001 2055 2039 ora

493 2077 848 2141 cousueretis,
906 2092 1019 2130 rem
1079 2077 1245 2130 uutlto
1302 2076 1575 2130 utiliorem
1641 2076 1909 2132 faceretis.
1950 2076 2059 2134 Nos

492 2175 669 2219 autem
699 2167 764 2220 ad
786 2166 1163 2235 perfectiorcm
1188 2182 1408 2235 scopum
1440 2167 1540 2222 hoc
1565 2169 1727 2221 etiam
1763 2170 2054 2238 capitulum

493 2257 788 2325 dirigentes
811 2272 874 2309 ac
902 2257 1064 2310 veluti
1098 2267 1243 2311 retro
1269 2258 1566 2320 ﬂectentes,
1591 2265 1644 2312 et
1677 2259 1837 2310 animi
1867 2258 2057 2311 alacti-

493 2354 657 2400 tatem
696 2347 778 2412 iis,
814 2348 906 2415 qui
956 2346 1147 2401 lecturi
1208 2347 1323 2400 haec
1364 2356 1510 2410 sunt,
1564 2358 1963 2417 comparantes,
1993 2365 2058 2403 ac

493 2438 752 2507 majorem
814 2438 1175 2492 orthodoxum
1235 2437 1409 2492 zelum
1458 2438 1590 2508 ipsis
1617 2438 1945 2506 injicieutes,
1977 2441 2057 2496 sic

492 2530 899 2598 respondemus.
926 2528 1078 2582 Sicut
1106 2528 1248 2582 nulla
1280 2537 1484 2582 natura:
1527 2531 1833 2585 communio
1865 2540 1950 2585 est
1972 2531 2056 2584 in-

492 2629 573 2673 ter
599 2629 860 2684 creatam,
918 2625 974 2673 et
1004 2619 1298 2674 iuereatam
1343 2629 1610 2685 naturam,
1662 2621 1734 2674 ita
1778 2635 1847 2675 ne
1897 2622 2056 2677 chre-

488 2712 723 2771 tnatismi
751 2712 965 2779 quidem
996 2710 1302 2765 communio
1328 2711 1633 2767 intercedit.
1662 2710 1798 2766 Nam
1833 2713 2054 2783 angelus

489 2801 703 2870 quidem
734 2799 786 2853 id
814 2813 971 2853 omne
989 2798 1243 2867 ἀγγέλλει
1266 2796 1344 2869 (id
1370 2806 1475 2861 est,
1518 2796 1821 2867 annuntiat)
1856 2798 1998 2865 quod
2022 2811 2048 2849 a

487 2890 692 2960 Spiritu
725 2895 935 2955 sancto,
964 2905 994 2943 a
1026 2904 1134 2959 quo
1160 2888 1361 2957 agitur,
1403 2888 1587 2942 dicere
1623 2897 1846 2943 coactus
1872 2887 2051 2951 fuerit,

487 2980 586 3032 etsi
615 2978 746 3033 illud
774 2979 1012 3049 ignotum
1041 2979 1138 3047 ipsi
1162 2977 1354 3043 fuerit;
1390 2988 1552 3046 atque
1589 2977 1713 3032 inde
1745 2978 1920 3048 angeli
1948 2993 2050 3032 no-

488 3050 1109 3137 n:enhabet.°Spiritus
1149 3081 1278 3122 vero
1326 3076 1568 3128 sanctus,
1622 3074 1810 3134 utpote
1867 3068 1958 3135 qui
1984 3081 2047 3121 ea

2169 624 2290 686 καῖς
2323 622 2590 693 Πράξεσιν
2611 641 2623 654 ·
2658 641 2676 672 ι
2712 620 3008 693 Κορνήλιος
3034 618 3452 691 ἑκατοντάρχης,
3494 619 3629 690 ἀνὴρ
3663 620 3742 672 δίο

2167 731 2320 776 καιος
2362 714 2456 767 κα)⁵
2513 712 2842 784 φοϐούμενος
2880 713 2972 765 τὸν
3005 711 3156 776 Θεὸν,
3204 709 3649 782 μαρτυρούμενός
3680 726 3741 763 τε

2168 804 2281 856 ύπδ
2307 805 2505 867 παντὸς
2538 803 2721 867 ἔθνους
2745 803 2854 857 τῶν
2900 802 3186 865 Ἰουδαίων,
3219 799 3595 872 ἐχρηματίσθη
3637 801 3743 853 ὑπὸ

2165 896 2397 963 ἀγγέλου
2427 895 2602 964 ἁγίου,
2637 893 3092 964 μεταπέμψασθαί
3133 909 3191 945 σε
3233 893 3312 955 εἰς
3340 885 3431 943 τὸν
3457 885 3603 943 οἷκον
3642 891 3742 942 αὒ-

2164 985 2279 1049 τοῦ,
2318 986 2411 1038 καὶ
2444 985 2672 1038 ἀκοῦσαι
2730 987 2947 1056 ῥήματα
2986 985 3136 1052 παρά
3189 983 3305 1036 σοῦ.
3344 1003 3362 1034 ›
3402 983 3594 1052 Ὑμεῖς
3640 982 3740 1053 μὲν

2164 1073 2278 1140 οὖν,
2313 1079 2361 1130 εί
2396 1079 2757 1148 ἐσιωπήσατε,
2792 1077 2884 1130 καὶ
2903 1076 3256 1148 ἀπερῥάψατε
3286 1074 3644 1143 συκοφαντίας
3670 1074 3741 1127 τὰ

2171 1168 2433 1238 στόματα,
2451 1169 2747 1236 ἐπράττετε
2761 1169 2826 1221 ἂν
2839 1168 3014 1238 πολλῷ
3040 1167 3477 1238 λυσιτελέστερον
3494 1206 3506 1217 .
3548 1167 3740 1234 Ἡμεῖς

2162 1258 2239 1319 δὲ,
2269 1260 2364 1311 ἐπὶ
2387 1262 2479 1311 τὸν
2509 1260 2837 1331 τελειότερον
2872 1259 3074 1312 σκοπὸν
3111 1258 3525 1327 ἀναπέμποντες
3553 1256 3645 1309 καὶ
3675 1254 3739 1308 τὸ

2164 1346 2454 1417 κεφάλαιον
2486 1347 2662 1410 τοῦτο,
2710 1349 2804 1401 καὶ
2853 1347 3117 1416 εὐθυμίαν
3170 1349 3281 1409 τοῖς
3337 1342 3738 1412 ἐντευξομένοις

2164 1440 2515 1510 παρέχοντες.
2545 1440 2637 1493 καὶ
2672 1439 2890 1492 πλείονα
2920 1438 3011 1491 τὸν
3040 1435 3316 1508 ὀρθόδοξον
3350 1434 3508 1504 ζῆλον
3535 1431 3737 1502 ἐμϐάλ-

2162 1529 2362 1596 λοντες,
2392 1531 2590 1600 φαμὲν,
2621 1532 2704 1583 ὅτι
2743 1531 2831 1594 Ὠς
2852 1530 3078 1598 οὐδεμία
3101 1525 3351 1580 κοινωνία
3382 1525 3595 1594 φύσεως
3622 1523 3737 1575 κτί-

2164 1639 2325 1692 σματι
2378 1622 2516 1694 πρὸς
2560 1624 2658 1694 τὴν
2712 1624 2963 1678 ἄκτιστον
3010 1620 3169 1690 φύσιν
3210 1620 3378 1680 ἐστὶν,
3412 1616 3584 1679 οὕτως
3615 1616 3735 1670 οὐδὲ

2162 1713 2566 1784 χρηματισμοῦ.
2609 1715 2665 1787 Ὀ
2698 1714 2794 1783 μὲν
2816 1712 2924 1784 γὰρ
2948 1711 3221 1780 ἀγγέλλει,
3247 1709 3276 1763 6
3301 1709 3343 1762 δ’
3364 1708 3429 1762 ἂν
3453 1709 3551 1761 οὐκ
3578 1707 3735 1770 εἰδὼς

2164 1806 2269 1859 ὑπὸ
2290 1806 2383 1860 τοῦ
2421 1807 2576 1876 ἁγίου
2611 1806 2748 1860 Πνεύ
2758 1823 2923 1876 ματος
2950 1805 3122 1858 εἰπεῖν
3148 1801 3467 1872 ὲνεργηθείη
3491 1816 3500 1825 ’
3536 1799 3631 1853 καὶ
3653 1800 3734 1852 ὲν·

2156 1896 2345 1950 τεῦθεν
2376 1897 2525 1968 αὐτῷ
2548 1897 2775 1967 ἄγγελος
2808 1896 3045 1966 τοῦνομα
3067 1912 3078 1925 ·
3108 1895 3168 1948 τὸ
3209 1894 3266 1946 δὲ
3305 1892 3457 1960 ἅγιον
3483 1889 3730 1960 Πνεῦμα,

2158 1986 2253 2040 ἅτε
2276 1988 2454 2041 πάντα
2473 1987 2609 2051 εἰδὸς
2632 1988 2702 2040 τά
2725 1988 2821 2041 τοῦ
2841 1986 2995 2049 Θεοῦ,
3025 1987 3099 2049 ὡς
3122 1983 3522 2039 διαϐεϐαιοῦται
3543 1984 3571 2035 ὁ
3592 1981 3735 2035 Παῦ-

2156 2076 2266 2140 λος,
2304 2078 2627 2149 χρηματίζει
2664 2077 2878 2142 θεῖκῶς,
2922 2078 2998 2141 ὡς
3029 2078 3058 2129 6
3103 2076 3313 2147 Πατὴρ,
3349 2074 3491 2144 ἅπερ
3520 2072 3585 2126 ἂν
3619 2075 3733 2137 τοῖς

2156 2169 2255 2238 τῆς
2300 2168 2553 2240 θεότητος
2601 2170 2917 2240 ἀκοιμήτοις
2961 2169 3202 2238 ὄμμασιν
3246 2168 3348 2239 ὁρᾷ
3389 2165 3729 2236 βουλόμενον,

2157 2261 2251 2311 καί
2288 2260 2378 2313 τὸν
2418 2261 2658 2331 Πατέρα,
2701 2261 2794 2314 καὶ
2843 2260 2934 2313 τὸν
2966 2260 3116 2325 Υἱὸν,
3151 2259 3244 2311 καὶ
3279 2258 3339 2310 ού
3388 2255 3728 2319 διακονικῶς,

2157 2348 2406 2422 καθάπερ
2449 2354 2478 2404 6
2533 2352 2827 2424 δορυφόρος
2919 2350 3165 2419 ἄγγελος.
3203 2370 3221 2402 ι
3276 2349 3335 2404 ’0
3380 2349 3487 2421 γὰρ
3546 2348 3729 2412 δοῦλος

2155 2440 2255 2493 οὐκ
2280 2437 2438 2507 οἶδεν,
2468 2442 2521 2495 τί
2547 2445 2689 2495 ποιεῖ
2711 2447 2739 2497 6
2764 2444 2965 2514 Κύριος
2989 2440 3173 2504 αὐτοῦ,
3212 2460 3228 2492 ι
3263 2440 3383 2493 οὐδέ
3403 2457 3465 2508 γε
3496 2442 3523 2493 6
3554 2441 3730 2509 ἑτερο-

2154 2532 2335 2596 ούσιος
2377 2534 2474 2605 τὴν
2522 2534 2689 2605 αὐτὴν
2731 2533 2809 2604 τῷ
2841 2534 3031 2605 ἐτέρας
3066 2534 3176 2587 δντι
3209 2533 3396 2596 οὐσίας
3430 2531 3728 2598 κεκτῆσθαι

2157 2620 2248 2693 [89
2270 2622 2322 2694 b]
2345 2623 2567 2678 δύναται
2596 2625 2823 2692 γνῶσιν·
2857 2624 3014 2694 φύσει
3044 2623 3152 2696 γὰρ
3179 2623 3386 2695 ἑκάστῃ
3425 2625 3457 2692 ἡ
3494 2623 3727 2692 ἀνήκουο

2156 2729 2225 2765 σα
2246 2713 2446 2779 γνῶσις
2484 2714 2578 2767 καὶ
2625 2714 2811 2784 μνήμη
2849 2715 3304 2785 συμπαρομαρτεί
3326 2729 3338 2741 ·
3379 2711 3512 2764 ἀλλὰ
3547 2711 3639 2764 καὶ
3668 2711 3727 2763 τὸ

2152 2802 2390 2872 γνωσθὲν
2435 2809 2498 2877 τῇ
2552 2809 2751 2877 γενητῇ
2801 2806 2961 2875 φύσει
3027 2804 3139 2858 ἔσθ’
3171 2807 3257 2857 ὅτε
3303 2804 3378 2874 τῷ
3414 2805 3590 2875 χρόνῳ
3620 2805 3723 2871 ἁφ-

2156 2896 2397 2952 ίπταται.
2454 2897 2616 2951 Ὅθεν
2665 2897 2941 2951 κάνταῦθα
2999 2896 3097 2967 τὴν
3146 2896 3318 2968 ἀρχὴν
3370 2895 3467 2949 τοῦ
3526 2895 3724 2966 χωρίου

2152 2987 2367 3051 ἑκόντες
2388 2988 2446 3041 ὲν
2468 2990 2535 3059 τῇ
2576 2988 2816 3061 διαμάχῃ
2846 2986 2939 3040 τοῦ
2979 2988 3135 3055 λόγου
3185 2985 3642 3055 παραλελοίπασιν
3674 2983 3725 3035 οἱ

2151 3079 2484 3151 ἀγνώμονες.
2527 3081 2679 3151 Ἔχει
2707 3081 2848 3151 γάρ·
2889 3099 2908 3131 ι
2943 3078 3049 3132 Τοῦ
3087 3079 3143 3131 δὲ
3177 3078 3383 3149 Πέτρου
3414 3076 3726 3145 διενθυμου-

484 3160 665 3215 omnia
692 3159 838 3213 novit
865 3174 984 3228 qua:
1015 3170 1141 3214 sunt
1173 3160 1285 3226 Del,
1315 3157 1584 3213 utPaulus
1611 3157 1724 3229 (66)
1748 3169 2049 3225 asseverat;

2158 3172 2320 3242 μένου
2350 3172 2476 3242 περὶ
2499 3171 2593 3224 τοῦ
2630 3173 2892 3242 ῥήματος,
2929 3169 3079 3224 εἶπεν
3111 3170 3257 3241 αύτῷ
3282 3171 3344 3223 τὸ
3376 3170 3527 3238 ἅγιον
3554 3168 3727 3222 Πνεῦ-

486 3252 669 3307 divino
700 3252 887 3318 modo,-
900 3252 1035 3306 sicut
1063 3250 1244 3315 Pater,
1272 3249 1650 3315 eliretnatizat,
1692 3248 1742 3302 id
1764 3259 1866 3317 est,
1900 3265 2050 3304 reve-

483 3340 582 3407 lat,
634 3357 966 3411 quaecunque
1023 3341 1182 3413 196
1227 3342 1565 3396 insomnibus
1627 3341 1843 3395 deitatis
1881 3342 2052 3396 oculis

486 3433 628 3487 videt
666 3432 799 3487 velle
829 3449 948 3487 cum
974 3432 1209 3498 Patrem,
1241 3442 1349 3485 tum
1382 3430 1574 3485 Filiqu
1604 3447 1619 3495 ;
1671 3447 1774 3484 non
1809 3446 1935 3485 vero
1966 3432 2051 3486 in-

486 3529 603 3575 star
644 3522 876 3576 tniuiStri
931 3536 1002 3575 ao
1047 3519 1230 3573 lamuli
1285 3519 1670 3584 elirematizat,
1706 3520 1849 3574 sicut
1886 3520 2048 3575 satel-

484 3613 563 3667 les
587 3610 723 3684 (67).
775 3612 866 3666 Dei
891 3611 1124 3680 Angelus
1154 3611 1280 3665 facit
1301 3628 1319 3660 ι
1365 3629 1378 3664 :
1411 3624 1511 3664 nec
1546 3610 1710 3666 'enim
1743 3625 1928 3664 servus
1954 3625 2049 3664 no-

482 3706 560 3759 vit
592 3704 725 3776 (68).
780 3704 906 3774 quid
956 3705 1118 3759 faciat
1174 3702 1426 3759 dominus
1476 3704 1612 3773 ejus,
1648 3722 1667 3755 ι
1725 3718 1898 3773 neque
1934 3704 2044 3765 ille,

481 3799 573 3867 qui
602 3798 675 3851 sit
728 3796 1085 3856 lteterousius,
1149 3796 1250 3850 hoc
1299 3805 1399 3860 est,
1442 3796 1664 3850 alterius
1711 3796 2044 3861 substantiae,

481 3891 723 3944 eamdem
778 3888 976 3943 habere
1032 3896 1209 3958 potest
1263 3887 1628 3953 cognitionem
1679 3901 1800 3940 cum
1833 3902 1916 3952 eo,
1957 3888 2047 3955 qui

485 3991 676 4034 natura
705 3980 842 4035 alter
866 3980 935 4035 ab
962 3980 1078 4048 ipso
1109 3988 1211 4034 est.
1251 3978 1695 4046 Unamquamque
1720 3978 1861 4031 enim
1895 3989 2048 4031 uatu-

484 4088 598 4126 ram
625 4073 949 4126 conveniens
975 4071 1024 4125 ei
1055 4070 1294 4140 cognitio
1340 4070 1601 4137 sequitur,
1653 4077 1709 4122 et
1755 4071 2044 4123 memoria:

481 4165 607 4232 quin
642 4164 803 4218 etiam
843 4163 1130 4232 aliquando
1176 4169 1371 4216 creatae
1431 4169 1638 4213 natura:
1686 4160 1811 4212 illud
1843 4161 2045 4223 evenit,

483 4267 541 4309 ttt
574 4256 727 4325 longa
760 4244 927 4308 diebid
961 4256 1130 4322 ipsqu
1158 4254 1204 4307 ei
1233 4252 1468 4317 excidat,
1497 4262 1660 4321 atque
1689 4252 2046 4321 evolet,quod

485 4346 754 4412 cognitum
781 4343 847 4397 ab
878 4343 964 4396 illa
1001 4341 1200 4396 fuerat.
1231 4341 1570 4411 Quapropter
1598 4341 1684 4397 liic
1717 4357 1926 4412 quoque
1958 4359 2047 4395 ra-

488 4435 639 4504 pituli
676 4435 884 4487 initiqu
915 4435 1092 4487 dedita
1152 4448 1317 4503 opera
1351 4435 1488 4489 inter
1508 4434 1891 4489 decertandum
1930 4436 2041 4491 dis-

2154 3280 2260 3334 μα’
2312 3263 2441 3317 Ἰδοὺ
2472 3263 2660 3334 ἄνδρες
2692 3266 2839 3333 τρεῖς
2874 3261 3126 3334 ζητοῦσίν
3177 3279 3256 3315 σε.
3295 3263 3452 3315 Ἀλλά
3484 3263 3720 3327 ἀναστὰς

2151 3354 2444 3427 πορεύθητι
2493 3356 2589 3407 σὺν
2644 3355 2846 3418 αὐτοῖς,
2899 3354 3060 3424 μηδὲν
3105 3354 3546 3423 διακρινόμενος·
3588 3353 3721 3406 διῦτι

2149 3446 2260 3515 ἐγὼ
2317 3446 2631 3500 ἀπέσταλκα
2684 3445 2896 3507 αὐτούς.
2953 3444 3211 3507 Καταὸἀς
3245 3445 3300 3497 δὲ
3344 3445 3547 3515 Πέτρος
3587 3444 3722 3515 πρδις

2147 3536 2274 3600 τοὺς
2306 3536 2503 3606 ἄνδρας
2558 3530 2735 3587 εἶπεν·
2784 3533 2911 3586 Ἰδοὺ
2937 3532 3068 3601 ἐγὼ,
3100 3532 3158 3585 δν
3182 3532 3394 3601 ζητεῖτε
3414 3551 3429 3566 ·
3465 3534 3546 3596 τίς
3576 3536 3607 3604 ἡ
3638 3535 3724 3586 αἰ-

2148 3626 2258 3690 τία,
2284 3625 2350 3677 δι’
2389 3624 2455 3694 ἣν
2481 3623 2754 3693 πάρεστε;
2785 3622 2848 3674 Ui
2872 3621 2927 3673 δὲ
2956 3617 3113 3675 εἶπαν
3138 3638 3150 3652 ⁶
3178 3620 3478 3692 Κορνήλιος
3501 3624 3721 3676 ἑκατον-

2149 3716 2377 3785 τάρχης,
2413 3713 2550 3784 ἀνὴρ
2574 3713 2797 3777 δίκαιος,
2829 3731 2848 3765 ι
2896 3714 2990 3766 καὶ
3025 3713 3091 3766 τὰ
3124 3712 3269 3783 ἑξῆς,
3305 3713 3379 3777 ὡς
3414 3714 3717 3785 πρόκειται.

2150 3807 2313 3859 Ὥστε
2368 3804 2517 3875 παρὰ
2577 3807 2788 3873 κριταῖς
2837 3803 3079 3874 ἀγαθοῖς,
3123 3804 3399 3859 κάνταῦθα
3448 3806 3598 3876 παρά
3626 3806 3718 3859 τοῦ

2147 3897 2300 3965 ἁγίου
2326 3880 2641 3965 Πνεύματος
2674 3896 2920 3966 φαίνεται
2944 3897 3034 3951 τὸν
3055 3896 3296 3968 χρησμὸν
3320 3898 3347 3949 6
3379 3897 3602 3966 ἄγγελος
3624 3914 3723 3968 μα-

2149 3984 2275 4037 θών.
2309 3984 2571 4055 Θεότητος
2602 3985 2713 4055 γὰρ
2741 3985 2990 4057 ἔκκριτον
3015 3986 3319 4058 γνώρισμα,
3347 3987 3408 4041 τὸ
3437 3987 3716 4059 προλέγειν

2147 4075 2465 4144 ἀσφάλτως·
2503 4075 2780 4133 καὶτοῦτο
2809 4079 2893 4129 ἐπ’
2930 4078 3116 4148 ἀγαθῷ
3149 4078 3257 4132 τῶν
3291 4079 3611 4141 ἀκουόντων,
3648 4078 3714 4129 ἵν’

2148 4167 2572 4237 ἀσφαλισάμενοι
2621 4168 2885 4221 σωθῶσιν.
2919 4164 3049 4222 Ισζῖτα
3095 4169 3155 4222 οὐ
3188 4169 3455 4240 νομίζετε,
3491 4168 3715 4222 τοιαῦτα

2146 4256 2543 4329 εἰσηγούμενοι,
2584 4255 2895 4327 βασκαίνειν
2922 4258 3019 4329 μέν
3049 4275 3164 4322 πως
3186 4262 3253 4330 τῇ
3286 4259 3477 4321 κτίσει,
3508 4259 3715 4329 μέμφε-

2147 4348 2270 4402 σθαι
2299 4348 2355 4402 δὲ
2383 4342 2491 4401 οἷον
2517 4347 2593 4415 τῷ
2620 4348 2682 4402 δι’
2707 4349 2966 4416 ἀφθονίαν
2995 4352 3111 4412 ταῖς
3138 4350 3266 4420 περὶ
3296 4349 3456 4402 αὐτοῦ
3491 4349 3717 4421 εἰρημέ-

2148 4458 2264 4503 ναις
2314 4439 2517 4504 λέξεσιν
2559 4442 2893 4510 κοσμήσαντι
2941 4439 3009 4495 τὰ
3050 4440 3243 4494 ἑαυτοῦ
3290 4443 3603 4513 ποιήματα,
3638 4442 3713 4507 ὡς

485 4525 913 4591 eeptaudumque
961 4524 1190 4590 improbi
1248 4525 1546 4580 omiserunt
1592 4524 1724 4595 (69).
1782 4527 1871 4581 Sic
1896 4529 2039 4605 enim

2155 4532 2409 4601 ἑπομένου
2440 4531 2653 4595 πάντως
2687 4532 2762 4603 τῷ
2793 4532 3016 4603 τοιούτῳ
3040 4532 3322 4605 πράγματι
3363 4535 3458 4589 καὶ
3485 4535 3583 4605 τῆς
3612 4535 3712 4588 αύ-

487 4616 684 4689 Ιιιῲειτ
716 4631 734 4664 ι
777 4613 935 4668 Petro
964 4614 1075 4685 (70)
1125 4625 1301 4671 autem
1332 4616 1601 4687 cogitante
1635 4620 1700 4674 de
1726 4620 1885 4675 verbo
1904 4596 2036 4691 (7i),

557 4853 667 4923 (65)
708 4852 836 4908 Cum
882 4852 1111 4921 angelos.
1150 4853 1372 4908 Codex:
1432 4856 1467 4924 ὴ
1517 4855 1612 4908 καὶ
1649 4854 1836 4919 αὐτοί,
1871 4865 1926 4910 et
1959 4872 2038 4910 re-

487 4925 650 4995 liqua.
687 4923 940 4992 Equidem
979 4938 1073 4990 pro
1107 4926 1170 4992 η,
1215 4927 1355 4993 quod
1391 4928 1701 4977 mendosum
1754 4936 1867 4987 est,
1903 4925 2036 4995 lego

484 4990 619 5068 ﬁﬂd
649 4990 759 5053 est,
784 5009 802 5041 ι
835 5008 960 5068 qua2
1000 5011 1017 5042 ι
1051 4990 1150 5055 vel,
1189 5010 1207 5044 ι
1233 4990 1524 5068 quatenus.
1564 5013 1582 5046 ι
1604 4997 1682 5068 -ᾼι
1720 4995 1762 5047 si
1797 4997 1870 5068 ita
1896 4990 2037 5063 leg}-

488 5062 623 5127 inus,
658 5066 909 5134 mutanda
940 5063 1165 5134 fortasse
1194 5065 1295 5115 erit
1327 5079 1447 5124 vox,
1479 5062 1732 5131 ἀγγέλου,
1762 5078 1823 5117 ae
1860 5062 2038 5134 legen-

485 5135 632 5196 dutu,
664 5132 929 5199 ἀγγέλων,
965 5132 1066 5184 hoc
1098 5145 1179 5187 est
1226 5150 1244 5181 ι
1286 5134 1631 5200 angelorum,
1667 5153 1684 5185 ι
1718 5144 1775 5186 ιιι
1799 5149 1863 5188 eo
1896 5132 2035 5200 refer-

487 5213 636 5276 ratur
668 5217 957 5276 pronomen
1001 5200 1175 5257 αὐτοί.
1201 5199 1575 5276 Quodsiﬂuis
1610 5218 1711 5276 pro
1757 5204 1812 5276 ᾑ,
1848 5203 1945 5276 vel
1981 5199 2037 5276 ᾔ,

487 5273 662 5340 legere
691 5271 871 5324 mallet
902 5270 956 5341 ἦ,
987 5286 1050 5322 ac
1084 5282 1292 5342 vertere
1320 5293 1331 5325 :
1374 5289 1392 5323 ι
1431 5270 1620 5340 Papae!
1671 5280 1724 5325 et
1766 5270 1863 5339 ipsi
1894 5270 2043 5342 (Ιιὰξο

488 5339 641 5393 retici
675 5339 933 5409 scilicet)
964 5341 1179 5394 oracula
1218 5339 1438 5395 fundere
1469 5339 1736 5403 videntur,
1768 5359 1787 5392 ι
1846 5339 2042 5395 ismea

485 5411 698 5477 quidem
738 5412 1001 5464 sententia
1046 5410 1251 5479 Didymi
1313 5421 1545 5463 utentem
1594 5412 1761 5478 probe
1810 5426 1912 5464 non
1954 5426 2045 5464 as-

486 5491 815 5543 sequeretur.

558 5549 667 5620 (64)
712 5548 920 5620 Temere
946 5549 1243 5620 depretiant.
1273 5546 1328 5601 In
1355 5546 1563 5620 Graeco,
1587 5549 1665 5611 εἰς
1692 5548 2041 5620 περιπετείας

487 5616 813 5680 ἐξέλκουσιν.
855 5616 1156 5682 Legcndum
1195 5619 1415 5673 forsitan
1463 5617 1584 5685 quis
1631 5616 1913 5687 conjiciat,
1961 5620 2040 5681 εἰς

489 5686 818 5755 πρπερείας
862 5687 1186 5751 ἐξέλκουσιν.
1247 5687 1439 5741 Verum
1483 5686 1845 5741 l’assioueiani
1915 5705 2042 5756 apo-

489 5756 674 5821 graplui
738 5755 891 5810 lectio
954 5758 1279 5811 inuuutanda
1340 5773 1442 5810 non
1495 5767 1615 5817 est;
1660 5774 1780 5810 nam
1823 5755 2037 5819 vocent,

490 5823 843 5892 περιπέτειαι,
879 5826 1038 5879 simili
1072 5828 1226 5881 modo
1262 5828 1453 5896 accipit
1491 5827 1818 5896 Epiphanius
1849 5827 1900 5880 itt
1934 5824 2031 5880 Ρα-

2144 4621 2237 4674 τοῦ
2267 4621 2505 4692 χάριτος.
2544 4623 2635 4675 Ἐκ
2655 4623 2762 4691 γὰρ
2787 4623 2881 4676 καὶ
2906 4623 3116 4691 τούτου,
3146 4624 3364 4696 ὖῦρισεν
3396 4626 3495 4697 μὲν
3525 4625 3711 4679 ἑαυτὸν

2144 4859 2508 4933 nui-ionlizeres.
2539 4860 2628 4933 61,
2665 4833 2785 4929 pag.
2822 4860 2951 4933 528,
2986 4863 3181 4931 aliique
3213 4862 3476 4917 nonnulli.

2215 4930 2326 4997 (65)
2358 4930 2649 4983 Cornelius.
2673 4935 2789 4983 Aet.
2819 4948 2872 4994 x,
2894 4932 2983 4984 ‘22.
3012 4930 3197 4986 Gra-ca
3222 4933 3388 4986 editio
3414 4951 3427 4985 :
3455 4933 3558 4986 ὑπὸ
3582 4933 3707 4988 ὅλου

2141 4998 2234 5050 τοῦ
2256 4998 2459 5063 ἔθνους,
2487 5015 2605 5065 pro,
2629 4999 2734 5052 ὑπὸ
2758 5000 2956 5064 παντὸς
2977 5003 3181 5066 ἔθνους.

2215 5068 2325 5137 (66)
2372 5069 2588 5121 Paulus.
2622 5069 2640 5123 Ι
2670 5068 2791 5124 Cur.
2821 5086 2880 5131 tt,
2917 5073 2981 5124 10
3008 5086 3062 5124 et
3093 5073 3175 5125 ll.

2220 5138 2331 5207 (67)
2373 5137 2609 5192 Satelles.
2669 5139 2814 5198 Sive.
2853 5157 2873 5189 σ
2933 5143 3176 5198 ltztstiler.
3224 5161 3242 5194 ι
3296 5143 3429 5197 Vide
3484 5143 3576 5197 lib.
3640 5144 3706 5198 ΙῩ

2149 5206 2279 5281 [{eg.
2315 5224 2427 5281 xix,
2459 5209 2549 5270 55,
2580 5220 2634 5261 ει
2664 5209 2765 5281 ιιι».
2797 5210 2840 5264 ΙΙ
2904 5212 3032 5281 lleg.
3067 5227 3215 5278 XXIV,
3253 5212 3339 5276 17,
3372 5224 3425 5268 et
3457 5212 3617 5268 Josue
3653 5231 3705 5279 \,

2151 5279 2236 5336 14,
2267 5288 2319 5329 ει
2345 5277 2474 5330 Luc.
2516 5292 2623 5340 xw,
2656 5278 2745 5331 ἓξ.

2221 5346 2330 5414 (68)
2373 5344 2550 5414 Novit.
2581 5346 2736 5401 Joan.
2773 5363 2860 5411 xv,
2894 5349 2981 5402 15.

2225 5413 2336 5483 (69)
2377 5413 2695 5491 0_u_tisert_t_nt.
2729 5416 2805 5491 Ex
2840 5419 2941 5491 ltoc
2966 5421 3128 5473 etiam
3165 5420 3280 5475 loco
3312 5431 3551 5491 apparet,
3580 5436 3703 5473 cer-

2153 5486 2558 5605 tupiuquoddam
2584 5485 3022 5541 Macedonianum
3056 5485 3439 5560 (ιριιδιιιιιιιῖιίι
3485 5491 3708 5560 Didymo

2153 5570 2204 5605 re
2231 5570 2259 5605 e
2305 5572 2338 5605 ι.

2151 5570 2338 5606 ΓΒΙΘΙΙΙ.

2218 5623 2330 5691 (70)
2371 5621 2550 5677 Petro.
2592 5624 2710 5682 A01.
2747 5626 2918 5688 x,19.
2951 5628 3040 5682 εε.
3084 5629 3344 5683 Νοιιιιυιιιι
3386 5629 3705 5684 iutermcdia

2150 5695 2496 5762 muniuntur,
2535 5709 2654 5762 quae
2685 5696 2845 5749 ltaliet
2874 5697 3059 5751 Grzeca
3101 5703 3283 5756 editio,

2151 5832 2161 5842 .
2187 5761 2329 5845 ¹(71)
2371 5761 2444 5845 De
2472 5761 2619 5842 tertio
2673 5765 2857 5821 ωηερε
2886 5781 2916 5821 e
2939 5769 3050 5821 lilio
3075 5786 3089 5822 :
3126 5770 3249 5839 περὶ
3277 5770 3369 5825 τοῦ
3399 5771 3706 5845 ὁράματος.

2149 5832 2201 5885 id
2234 5844 2310 5887 est
2351 5851 2368 5884 ι
2399 5832 2463 5884 de
2488 5833 2707 5901 visione.
2737 5851 2756 5884 ι
