4114 6432
335 383 437 440 585

1351 382 1437 436 DE
1476 383 1848 438 TRINITATE
1886 384 2090 440 LIBER
2131 385 2519 444 SECUNDUS.
2948 399 2953 413 ’
3453 395 3558 450 5:36

331 496 602 568 οὐδαμῶς,
631 495 826 566 μᾶλλον
853 473 910 548 δὲ
945 495 1036 548 καὶ
1067 496 1344 548 ἐπαινετὸν
1377 498 1598 564 ἔδειξεν,
1629 499 1696 551 τὰ
1717 499 1770 551 δὲ
1807 499 1896 570 ἐρ-

2009 498 2146 553 dixit
2173 501 2220 554 ei
2249 500 2482 569 Spiritus
2540 512 2758 554 sanctus
2801 500 3106 571 (72):Ecce
3141 503 3236 556 viri
3271 513 3378 558 tres
3410 520 3559 574 quae-

331 607 406 658 γα
439 585 603 642 αὑτοῦ
639 586 880 657 συνήθως
911 586 1247 656 ἐφαίδρυνεν.
1283 588 1471 656 Ἡμεῖς
1491 589 1570 653 δὲ,
1603 592 1652 642 εἰ
1685 591 1778 642 καὶ
1807 607 1897 642 σε-

334 679 576 751 μνότητά
607 695 728 732 τινα
749 677 898 730 θείαν
929 680 994 747 τῇ
1034 679 1180 750 πάσῃ
1213 677 1464 731 ὑποθέσει
1492 681 1647 750 φέρει
1673 681 1736 733 τὸ
1764 699 1898 752 χρη-

335 765 580 836 ματίζειν
612 765 672 817 τὸ
698 764 848 832 ἅγιον
876 763 1120 835 Πνεῦμα,
1152 766 1245 819 καὶ
1275 767 1436 836 ἀρκεῖ
1459 767 1578 821 καθ’
1616 769 1772 822 ἐαυτὸ
1797 788 1902 822 πα-

333 857 810 929 ραλαμϐανόμενον
843 857 923 919 εἰς
959 857 1260 926 μαρτυρίαν
1281 873 1295 886 ο
1336 857 1482 927 ὅμως
1513 858 1572 911 οὐ
1612 859 1768 928 μόνον
1805 861 1900 912 αὐ-

329 952 414 1016 τὸ,
449 949 586 1004 ἀλλὰ
616 949 724 1020 γὰρ
755 948 847 1001 καὶ
883 947 1085 1018 πλῆθος
1114 948 1241 1002 ἄλλο
1275 949 1490 1020 ὑψηλῶν
1535 952 1628 1004 καὶ
1661 951 1900 1022 ἀναμφι-

333 1044 614 1114 σϐητήτων
641 1041 966 1108 ἀποδείξεων
994 1039 1405 1112 παρηγάγομεν-
1433 1035 1513 1104 οἷς
1535 1044 1582 1094 εἰ
1609 1043 1901 1113 προσέχετε

329 1135 681 1198 ἀντιπαθείας
711 1133 860 1198 ἄνευ,
891 1133 1216 1204 ἀφωνότεροι
1243 1133 1334 1206 [90
1369 1133 1425 1203 α]
1470 1134 1684 1198 πάντως
1713 1133 1898 1188 ἔσεσθε

329 1227 440 1282 τῶν
491 1226 706 1297 ἰχθύων.
762 1223 1036 1294 Διελέγχει
1084 1227 1260 1276 τοίνυν
1326 1223 1422 1292 τὴν
1486 1224 1900 1296 πειθανουργίαν

332 1317 484 1386 ὑμῶν
518 1315 828 1384 σαφέστατα
875 1315 968 1367 καὶ
1021 1316 1050 1366 ὁ
1088 1312 1317 1376 Παῦλος,
1353 1314 1616 1382 Ἐφεσίοις
1647 1314 1897 1387 γράψας·

335 1429 356 1462 ε
403 1409 556 1478 Ἐμοὶ
582 1405 660 1476 τῷ
689 1403 1078 1476 ἐλαχιστοτέρῳ
1106 1403 1322 1457 πάντων
1348 1404 1517 1472 ἁγίων
1552 1404 1706 1476 ἐδόθη
1735 1409 1767 1475 ἡ
1805 1405 1902 1476 χὰ-

335 1513 416 1570 ρις
458 1496 618 1566 αῦτη,
650 1497 708 1548 ἐν
750 1499 862 1558 τοῖς
903 1493 1108 1546 ἔθνεσιν
1135 1493 1587 1562 εὐαγγελίσασθαι
1622 1495 1710 1548 τὸν
1744 1496 1898 1560 ἀνεξ-

334 1585 598 1661 ιχνίαστον
627 1585 854 1639 πλοῦτον
880 1584 974 1638 τοῦ
1010 1584 1266 1656 Χριστοῦ,
1297 1585 1390 1637 καὶ
1415 1585 1642 1654 φωτίσαι
1671 1587 1898 1654 πάντας,

330 1681 412 1742 τίς
439 1681 472 1750 ἡ
499 1677 773 1746 οἰκονομία
793 1675 886 1729 τοῦ
919 1675 1236 1746 μυστηρίου,
1273 1673 1368 1728 τοῦ
1412 1677 1900 1749 ἀποκεκρυμμένου

332 1769 441 1822 ἀπὸ
479 1767 588 1821 τῶν
617 1769 824 1821 αἰώνων
850 1768 908 1818 ἐν
935 1765 1011 1836 τῷ
1043 1765 1180 1836 Θεῷ,
1211 1765 1286 1836 τῷ
1313 1765 1382 1818 τὰ
1411 1767 1588 1822 πάντα
1615 1769 1897 1822 κτίσαντι·

2009 599 2130 643 runt
2155 600 2226 645 te.
2253 590 2357 644 Sed
2389 605 2570 660 surge,
2599 603 2652 644 ct
2677 593 2813 644 vade
2843 607 2966 645 cum
2991 595 3092 654 eis,
3121 593 3254 646 nihil
3289 596 3560 659 dubitans,

2001 683 2126 750 quia
2157 697 2260 751 ego
2312 683 2429 735 misi
2481 682 2622 736 illos.
2677 682 3023 737 Descendens
3068 692 3244 737 autem
3273 684 3464 740 Petrus
3493 690 3560 740 ad

1958 774 1962 780 '
2005 771 2147 824 viros
2173 770 2310 842 (75),
2336 771 2474 825 dixit
2503 771 2676 825 :Ecce
2699 785 2798 839 ego
2827 787 2944 825 sum
2965 786 3124 840 quem
3152 775 3390 840 quaeritis
3409 791 3423 827 :
3442 788 3563 844 qua:

2004 875 2167 914 causa
2195 869 2278 914 est
2305 871 2523 930 propter
2555 876 2716 931 quam
2779 861 3041 916 venistis?
3091 861 3166 916 Illi
3205 873 3381 917 autem
3403 866 3558 920 dixe—

2005 959 2161 1000 runt:
2187 948 2499 1004 tCornelius
2543 951 2813 1016 centurio,
2861 949 2947 1003 vir
2982 951 3182 1018 justus,
3209 969 3226 1002 ›
3249 962 3301 1005 ει
3331 955 3557 1024 reliqua,

2005 1047 2062 1090 ut
2085 1047 2241 1091 antea
2272 1040 2444 1107 posita
2477 1049 2624 1093 sunt.
2682 1038 2869 1108 Itaque
2911 1041 3050 1108 apud
3099 1043 3296 1108 probos
3345 1045 3559 1111 quidem

1997 1124 2206 1192 judices
2231 1137 2464 1192 constat,
2503 1127 2748 1198 angelum
2785 1129 2874 1182 hic
2901 1143 3112 1198 quoque
3156 1144 3183 1182 ιι
3213 1131 3415 1200 Spiritu
3437 1147 3564 1187 san-

2003 1226 2090 1269 cto
2113 1232 2174 1270 ea
2206 1217 2478 1280 didicisse,
2519 1235 2638 1288 qua:
2685 1219 3117 1284 chrematizavit,
3149 1222 3199 1275 id
3231 1232 3334 1285 est,
3365 1223 3564 1277 revela-

2002 1306 2093 1360 εει.
2133 1305 2377 1362 Eximius
2405 1308 2549 1361 enim
2583 1307 2879 1362 divinitatis
2909 1311 3190 1364 character
3213 1326 3276 1365 ac
3318 1323 3439 1366 nota
3458 1325 3562 1378 est,

2005 1397 2296 1464 praedicere
2323 1396 2696 1464 inl‘allibiliter,
2729 1398 2888 1465 idque
2925 1399 2997 1453 ita
3053 1399 3249 1464 facere,
3305 1412 3361 1457 ut
3399 1405 3449 1457 iu
3473 1420 3565 1460 eo-

2005 1503 2148 1550 rum,
2173 1487 2527 1556 quiaudiunt,
2561 1490 2900 1544 commodum
2953 1499 3115 1560 atque
3164 1493 3452 1550 utilitatem
3477 1512 3568 1551 ce-

2003 1579 2216 1642 tlat;ut
2254 1593 2444 1647 nempe
2477 1577 2580 1633 sibi
2621 1589 2866 1644 caveant,
2899 1583 3100 1636 etsalvi
3125 1583 3273 1638 (iant.
3307 1585 3441 1638 Dum
3465 1587 3568 1641 ita-

2002 1683 2107 1736 que
2136 1669 2438 1738 huiusmodi
2475 1669 2970 1737 interpretationes,
3011 1681 3067 1726 et
3107 1685 3407 1728 commenta
3443 1691 3568 1744 pro-

2005 1757 2175 1821 fertis,
2206 1757 2444 1823 nunquid
2471 1757 2598 1810 illud
2619 1772 2721 1812 non
2753 1762 3034 1828 reputatis,
3061 1765 3200 1829 quod
3229 1773 3283 1820 et
3305 1777 3566 1822 creaturze

335 1864 424 1915 ἴνα
477 1858 750 1931 γνωρισθῇ
805 1858 896 1910 νῦν
963 1860 1082 1920 ταῖς
1152 1859 1367 1929 ἀρχαῖς,
1423 1859 1514 1912 καὶ
1577 1863 1696 1923 ταῖς
1745 1860 1899 1925 ἐξου-

2004 1849 2101 1915 ipsi
2131 1849 2525 1918 quodauunodo
2554 1849 2716 1904 invidi
2743 1827 2893 1916 estis,
2929 1864 2985 1907 et
3012 1827 3158 1919 eum,
3206 1857 3296 1924 qui
3324 1857 3564 1912 liberali-

337 1949 496 2012 σίαις,
532 1951 588 2000 ἐν
615 1949 726 2008 τοῖς
747 1943 1107 2016 ἐπουρανίοις,
1139 1943 1226 1996 διὰ
1245 1947 1344 2014 τῆς
1368 1942 1711 2012 Ἐκκλησίας,
1733 1945 1766 2014 ἡ
1800 1961 1898 1997 πο-

333 2035 642 2099 λυποίκιλος
668 2033 828 2103 σοφία
863 2030 955 2084 τοῦ
991 2029 1145 2083 Θεοῦ.
1181 2049 1200 2080 ι
1242 2031 1564 2082 Κατανοεῖτε
1592 2025 1706 2092 οὖν,
1739 2030 1902 2084 πόσον

336 2127 594 2198 ἐξῄρηται
623 2128 656 2196 ἡ
683 2123 926 2192 ἀγγέλων
964 2121 1123 2189 φύσις
1149 2119 1242 2172 τοῦ
1267 2119 1358 2187 ἀφ’
1385 2119 1582 2188 ἑαυτῆς
1625 2119 1819 2173 εἰδέναι
1850 2137 1902 2174 τι

332 2216 442 2271 τῶν
469 2215 760 2288 ἐσομένων,
793 2213 888 2266 καὶ
912 2211 1004 2266 τοῦ
1034 2207 1392 2282 χρηματίζειν
1411 2227 1425 2240 ο
1456 2209 1536 2262 ὅτι
1566 2210 1658 2263 καὶ
1685 2209 1773 2262 διὰ
1803 2209 1903 2278 τῆς

335 2311 394 2363 ἐν
436 2309 570 2380 τῷδε
614 2306 692 2376 τῷ
719 2305 908 2375 κόσμῳ
943 2300 1266 2372 Ἐκκλησίας
1283 2299 1376 2353 τοῦ
1399 2299 1553 2364 Θεοῦ,
1586 2301 1707 2370 ἥτις
1739 2301 1903 2370 ἐσμὲν

333 2403 514 2472 ⁴ἡμεῖς,
550 2398 619 2452 τὰ
645 2396 899 2468 μεγαλεῖα
923 2392 1203 2466 μανθάνει.
1237 2391 1377 2463 Πρὸς
1411 2390 1582 2443 πειθὼ
1608 2391 1663 2445 δὲ
1686 2391 1782 2463 τὴν
1805 2409 1902 2444 πε-

333 2495 393 2564 ρὶ
410 2488 588 2555 τοῦτο,
623 2489 844 2542 δύναταί
893 2505 946 2540 τι
991 2483 1381 2555 συλλαμϐάνειν
1412 2483 1504 2536 καὶ
1532 2483 1674 2554 ἅπερ
1702 2483 1905 2536 Κολοσ-

335 2583 560 2637 σαεῦσιν
588 2581 823 2650 ἔγραψεν
848 2578 1067 2632 τοιῶσδε
1087 2593 1100 2605 ⁸
1163 2595 1182 2628 ι
1207 2576 1279 2628 Τὸ
1315 2576 1609 2646 μυστήριον
1639 2577 1797 2627 τοῦτο
1843 2575 1905 2628 τὸ

331 2672 822 2744 ἀποκεκρυμμένον
871 2669 975 2740 πρὸ
1007 2667 1114 2720 τῶν
1151 2666 1360 2720 αἰώνων
1398 2667 1490 2719 καὶ
1528 2665 1634 2718 ἀπὸ
1671 2665 1778 2718 τῶν
1808 2681 1901 2733 γε-

335 2762 492 2826 νεῶν,
523 2763 550 2814 ὃ
569 2761 662 2814 νῦν
684 2757 1002 2830 ἐφανερώθη
1017 2761 1130 2820 τοῖς
1149 2757 1322 2826 ἁγίοις
1347 2755 1530 2810 αὐτοῦ.
1547 2776 1562 2805 ι
1586 2755 1700 2825 Πρὸ
1713 2756 1902 2809 τούτου

336 2855 463 2924 γὰρ,
495 2855 648 2924 φησι,
675 2850 755 2922 τῷ
778 2849 896 2920 Θεῷ
922 2848 1157 2917 ἔγνωστο
1184 2847 1350 2918 μόνῳ.
1372 2847 1516 2918 Πρὸς
1565 2846 1792 2910 τούτοις,
1810 2847 1906 2901 καὶ

338 2946 480 3016 ἅπερ
514 2944 642 3013 περί
669 2942 776 2995 τῶν
813 2940 1140 3008 ἐνεγκόντων
1178 2940 1342 2991 πᾶσιν
1370 2936 1676 3010 ἀνθρώποις
1694 2937 1902 3008 ὄφελος,

337 3036 444 3090 τῶν
477 3035 604 3106 ’περί¹
642 3034 742 3105 τὴν
773 3033 994 3086 ἄλεκτον
1020 3031 1328 3102 οἰκονομίαν
1357 3030 1519 3100 φημί,
1547 3031 1721 3082 τοῖσδε
1754 3029 1907 3100 παρὰ

339 3126 542 3197 Πέτρου
588 3125 868 3195 ἀνείρηται
911 3125 1021 3184 τοῖς
1055 3124 1257 3192 ῥητοῖς,
1293 3121 1369 3184 ὡς
1396 3119 1694 3192 προελέχθη
1719 3137 1732 3151 ο
1761 3140 1780 3170 ς
1811 3122 1906 3183 Εἰς
1930 3153 1972 3210 C

339 3218 396 3282 ἃ,
451 3219 635 3287 φησιν,
699 3214 1054 3284 ἐπιθυμοῦσιν
1117 3213 1336 3280 ἄγγελοι
1401 3210 1737 3283 παρακῦψαι.
1788 3231 1806 3262 ι
1840 3213 1903 3264 Et

337 3310 394 3363 δέ
417 3326 538 3362 τινα
575 3309 811 3378 ἔμφυτον
841 3305 1039 3374 γνῶσιν
1067 3299 1230 3374 εἶχον,
1269 3304 1369 3356 οὐκ
1405 3303 1471 3356 ἂν
1511 3303 1779 3372 ἱμείροντο
1809 3302 1901 3355 τοῦ

340 3401 443 3454 κᾶν
470 3399 724 3468 διακόψαι
767 3399 846 3460 εἰς
874 3396 1030 3449 αὐτὰ.
1062 3393 1198 3446 Ἀλλ’
1229 3392 1415 3462 ἐπειδὴ
1459 3394 1532 3462 μὴ
1565 3391 1800 3461 ἔχωσιν,
1827 3391 1906 3452 εἰς

341 3491 764 3562 ὑπερϐάλλοντα,
815 3487 890 3550 ώς
943 3488 992 3538 οἰ
1040 3484 1332 3556 ἄνθρωποι,
1387 3484 1584 3552 τρόπον
1639 3481 1760 3533 τινὰ
1815 3483 1905 3532 ἐκ·

339 3584 624 3636 πίπτουσιν
671 3580 850 3651 ἔρωτα
905 3578 1146 3640 ἐκείνων,
1184 3571 1258 3630 ὧν
1298 3576 1400 3645 τῆς
1428 3573 1680 3643 γνώσεως
1725 3573 1906 3642 τυχεῖν

341 3674 526 3734 αὐτοῖς
587 3671 659 3742 μὴ
709 3669 950 3722 ὕπεστιν.
1010 3667 1228 3732 Πέφυκε
1312 3665 1420 3734 γὰρ
1467 3664 1558 3716 καὶ
1611 3661 1902 3732 τηνάλλως,

341 3762 708 3836 ὑπερορᾶσθαι
731 3761 830 3832 μὲν
853 3758 919 3812 τὰ
939 3757 1226 3828 εὑρεθῆναι
1257 3755 1434 3826 ῥᾴδια,
1461 3752 1728 3807 ποιεῖσθαι
1751 3752 1807 3804 δὲ
1838 3751 1906 3806 τὰ

341 3852 702 3922 σπανιώτερα.
745 3850 854 3902 Καὶ
891 3847 1070 3918 μέντοι
1100 3846 1192 3899 καὶ
1221 3843 1378 3897 τοῦτο
1410 3845 1469 3896 οὐ
1502 3843 1650 3896 ’κατὰ
1682 3841 1904 3912 γνώμην

338 3943 561 4007 οἰκείαν,
585 3941 663 4011 τῷ
689 3939 850 4009 κοινῷ
872 3939 927 3992 δὲ
947 3938 1044 4008 τῆς
1067 3935 1278 4004 φύσεως
1303 3933 1476 3988 αὐτῶν
1505 3935 1644 4003 λόγῳ
1669 3934 1748 4003 (οὐ
1775 3933 1907 3985 πάν-

340 4051 438 4097 τας
479 4034 642 4103 φημὶ)
680 4031 934 4100 ὑπόχρεοι
968 4027 1117 4089 ὄντες
1181 4025 1343 4088 τινές.
1387 4043 1406 4074 ι
1438 4026 1500 4076 Εἰ
1537 4023 1627 4095 [90
1668 4023 1718 4095 ὁ]
1774 4021 1902 4092 γὰρ,

342 4127 526 4196 φησιν,
579 4123 822 4192 ἀγγέλων
869 4117 1298 4190 ἁμαρτησάντων
1331 4119 1359 4168 ὁ
1389 4115 1518 4178 Θεὸς
1558 4116 1657 4168 οὐκ
1691 4115 1907 4182 ἐφείσα-

338 4235 419 4280 το,
459 4236 477 4268 ι
513 4216 670 4269 ποίαν
708 4213 944 4284 ἔμφυτον
983 4209 1182 4278 γνῶσιν
1219 4207 1325 4260 τῶν
1365 4207 1682 4278 μελλόντων,
1713 4205 1744 4275 ῆ
1777 4204 1906 4258 αὐθ-

341 4309 545 4364 εντείαν
574 4307 666 4360 τοῦ
694 4304 1070 4378 χρηματίζειν,
1110 4301 1184 4362 ώς
1215 4303 1242 4352 ὁ
1269 4299 1418 4362 Θεὸς,
1456 4297 1596 4368 ἔχειν
1619 4297 1904 4360 δύνανται;

343 4403 407 4456 Εἰ
437 4401 494 4454 δέ
524 4401 622 4453 οὐκ
661 4399 803 4450 ἴσασι
833 4395 929 4466 μὲν
955 4386 1098 4446 οὗτοι
1121 4393 1210 4459 ἀφ’
1245 4389 1473 4452 ἐαυτῶν,
1508 4389 1629 4442 οὐδὲ
1669 4389 1787 4443 κατ’
1816 4387 1904 4452 ἐξ-

2005 1938 2126 2010 tatis
2151 1953 2214 1992 ac
2233 1937 2612 1994 muniﬁcentiae
2644 1955 2805 1994 causa
2831 1956 2957 1996 suas
2999 1943 3164 2012 ipsius
3195 1958 3474 2001 creaturas
3498 1948 3566 2002 iis

2003 2024 2135 2094 ipsis
2164 2027 2460 2091 vocabulis,
2495 2043 2612 2097 qua:
2654 2029 2721 2084 de
2769 2030 2861 2085 illo
2901 2032 3039 2086 dicta
3082 2045 3227 2100 sunt,
3265 2037 3568 2092 honestavit

2001 2117 2351 2186 ornavitque;
2377 2120 2538 2174 veluti
2561 2119 2672 2194 (74)
2699 2121 3094 2176 criminamini?
3113 2141 3233 2180 cum
3264 2129 3567 2196 hujusmodi

2005 2221 2139 2271 rem,
2171 2207 2610 2266 chrematismum
2642 2212 2848 2266 scilicet
2891 2212 3126 2282 Spiritus
3177 2220 3372 2285 sancti,
3401 2224 3570 2280 cccle-

2010 2306 2216 2352 stemve
2250 2298 2366 2368 ejus
2413 2303 2866 2366 admonitionem,
2911 2305 3082 2372 gratia
3137 2321 3350 2376 quoque
3397 2309 3566 2378 ipsius

2002 2389 2292 2443 comitetur
2319 2390 2466 2461 (75):
2489 2391 2564 2445 Ex
2591 2394 2692 2447 hoc
2722 2394 2864 2448 enim
2897 2395 3010 2463 ipso
3037 2396 3423 2456 chrematismo
3456 2417 3564 2458 non

2004 2481 2164 2534 modo
2200 2481 2245 2534 is
2275 2482 2478 2537 nullum
2507 2484 2666 2552 plane
2699 2485 2912 2540 sibimet
2941 2487 3042 2556 ipsi
3085 2486 3317 2545 dedecus
3347 2507 3567 2563 compa-

2005 2578 2111 2634 rat,
2143 2572 2235 2624 sed
2261 2573 2424 2626 etiam
2456 2574 2609 2628 laude
2627 2575 2843 2642 dignum
2867 2592 2924 2630 se
2945 2578 3197 2644 ostendit,
3224 2589 3382 2650 atque
3401 2599 3563 2653 opera

2003 2674 2122 2723 sua,
2159 2669 2220 2714 ut
2245 2663 2402 2726 solet,
2427 2663 2716 2720 exhilarat.
2748 2665 2906 2735 197
2927 2665 3036 2720 Nos
3055 2683 3180 2721 vero
3199 2671 3298 2724 etsi
3327 2673 3564 2727 divinam

2006 2752 2238 2822 Spiritus
2273 2758 2444 2812 sancti
2465 2759 2872 2828 amplitudinem
2905 2777 2967 2816 ac
3001 2763 3339 2832 maiestatem
3369 2767 3420 2821 in
3453 2777 3563 2824 tota

2005 2845 2107 2898 hac
2135 2846 2496 2914 disputatione
2525 2865 2588 2904 ex
2645 2866 2708 2905 eo
2753 2860 2958 2904 tantum
3007 2853 3330 2911 confirmare
3356 2859 3562 2924 potuis-

2003 2951 2208 3001 semus,
2239 2939 2380 3005 quod
2403 2939 2516 3008 ipse
2542 2941 2894 3007 chrematizet,
2915 2944 2965 2996 id
2989 2955 3093 3010 est,
3111 2949 3327 3000 oracula
3356 2949 3564 3016 fundat,

2004 3035 2097 3078 aut
2123 3041 2374 3094 responsa
2409 3028 2522 3094 det,
2545 3039 2637 3083 aut
2665 3030 2876 3085 cmlitus
2903 3034 3119 3098 revelet,
3162 3045 3323 3104 atque
3357 3037 3457 3092 hoc
3486 3041 3565 3092 vel

2005 3113 2198 3179 solum,
2235 3130 2298 3170 ac
2316 3132 2560 3172 seorsum
2582 3131 2876 3189 sumptum,
2910 3137 3028 3177 eam
3075 3125 3208 3178 satis
3239 3127 3569 3182 demonstret
3649 3183 3654 3188 ,

2005 3219 2067 3260 ac
2095 3215 2321 3261 testetur
2344 3225 2358 3260 :
2382 3217 2558 3264 tamen
2590 3225 2694 3265 non
2721 3212 2886 3266 hocce
2911 3213 3170 3268 duntaxat
3193 3225 3565 3284 argumentum

2006 3295 2302 3361 attulimus,
2335 3299 2428 3352 sed
2454 3299 2604 3368 plura
2625 3302 2786 3356 etiam
2813 3303 2940 3366 alia,
2979 3320 3148 3373 eaque
3199 3309 3476 3374 splendida
3503 3326 3568 3364 ac

2006 3385 2282 3450 sublimia,
2307 3398 2362 3442 et
2396 3389 2633 3456 cujusvis
2656 3391 3005 3447 dubitationis
3027 3397 3292 3464 expertia,
3325 3399 3569 3466 Scriptu-

2005 3490 2187 3528 rarum
2212 3477 2360 3532 loca:
2404 3481 2470 3533 ad
2515 3495 2634 3548 quae
2674 3483 2718 3536 si
2763 3485 2966 3552 alisque
3019 3489 3356 3542 aversatione
3387 3503 3449 3542 ac
3488 3489 3570 3542 fa-

2005 3567 2166 3621 stidio
2188 3569 2550 3631 attende-ritis,
2571 3573 2739 3640 magis
2765 3587 2924 3640 quam
2953 3575 3127 3642 pisces
3152 3576 3283 3646 (7o),
3313 3587 3368 3630 ut
3395 3578 3564 3640 aiunt,

2004 3658 2162 3723 muti,
2195 3659 2418 3713 omnino
2450 3661 2712 3717 evadetis.
2769 3663 2885 3716 Jam
2923 3681 3053 3718 vero
3083 3668 3374 3732 captiosum
3411 3683 3571 3736 argu-

2008 3749 2392 3803 mentationem
2451 3761 2685 3804 vestram
2730 3744 3177 3810 manifestissime
3221 3757 3461 3812 diluitac
3485 3774 3570 3812 re-

2006 3837 2218 3906 darguit
2251 3841 2412 3893 etiam
2435 3839 2634 3895 Paulus
2651 3833 2900 3908 Ephesiis
2929 3845 3175 3900 scribens
3205 3865 3218 3900 :
3253 3864 3272 3897 ι
3306 3848 3431 3902 Mihi
3452 3849 3568 3920 (77)

2012 3935 2258 3990 outnium
2290 3945 2596 3989 sanctorum
2645 3935 2867 3990 minimo
2913 3939 3036 3992 data
3080 3948 3162 3994 est
3205 3943 3376 4010 gratia
3434 3943 3564 4007 haec,

2013 4025 2066 4078 in
2125 4025 2376 4092 gentibus
2429 4025 2798 4093 evangelizare
2847 4027 3303 4096 ininvestigabiles
3354 4031 3570 4086 divitias

2007 4114 2232 4175 Christi,
2291 4124 2346 4168 et
2401 4114 2704 4169 illuminare
2748 4131 2956 4184 omnes,
3000 4133 3119 4186 quae
3166 4120 3238 4174 sit
3294 4122 3572 4189 dispensa—

2005 4204 2083 4257 tio
2106 4204 2216 4275 (78)
2257 4205 2496 4274 mysterii
2549 4205 2846 4260 absconditi
2880 4224 2912 4261 a
2955 4211 3166 4264 sarculis
3213 4213 3264 4264 in
3302 4213 3433 4275 Deo,
3480 4216 3569 4281 qui

2007 4298 2186 4350 omnia
2223 4297 2428 4350 creavit
2453 4295 2602 4365 (79):
2636 4305 2692 4350 ut
2727 4297 3033 4352 innotescat
3068 4316 3212 4356 nunc
3252 4305 3570 4372 principati-

2012 4389 2108 4440 bus
2135 4395 2189 4439 et
2221 4389 2574 4455 potestatibus
2634 4390 2685 4441 in
2733 4389 3063 4456 ctelestihus,
3129 4409 3223 4461 per
3255 4396 3570 4462 Ecclesiam,

343 4495 527 4548 ουσίαν
555 4491 688 4544 ἰδίαν
708 4486 1148 4560 χρηματίζουσιν,
1189 4484 1262 4546 ὡς
1297 4482 1408 4534 ἔστι
1446 4481 1538 4534 καὶ
1563 4481 1681 4549 δίχα
1717 4479 1904 4532 συστά-

2011 4477 2356 4532 multil'ormis
2402 4479 2662 4546 sapientia
2724 4479 2880 4534 Dei.»
2944 4484 3369 4541 Animadvertite
3418 4502 3568 4557 ergo,

345 4581 478 4646 σε(δέ
510 4595 652 4642 τινος
700 4579 760 4632 τὺ
787 4578 1013 4650 πρᾶγμα
1037 4573 1474 4633 αὐταπὸδεικτον,
1505 4571 1593 4624 διὰ
1625 4571 1681 4622 δὲ
1713 4569 1772 4622 τὸ
1807 4570 1903 4640 τὴν

341 4672 484 4736 λέξιν
547 4671 714 4741 μόνην
763 4667 904 4721 κατὰ
965 4663 1143 4718 κοινοῦ
1196 4661 1633 4733 κατηγορεῖσθαι,
1680 4663 1773 4714 ἐπὶ
1810 4660 1908 4731 τὴν

348 4761 553 4832 μέμψιν
585 4761 680 4812 καὶ
719 4759 818 4828 τὴν
866 4753 1198 4824 κατηγορίαν
1233 4749 1670 4821 ἰιιςιιρηγγείλατε⁹
1709 4767 1914 4821 προπε-

340 4850 451 4914 τῶς
494 4837 588 4904 καλ
630 4847 1003 4908 ἁδιασκὲπτως
1041 4841 1334 4914 ἐπράξατε,
1369 4841 1462 4894 καὶ
1489 4842 1638 4895 οὐδὲν
1685 4840 1820 4914 πρὸς
1852 4841 1912 4893 τὸ

415 5031 526 5098 (72)
567 5029 815 5084 Sanctus.
855 5027 973 5098 νοις
1029 5025 1181 5092 ἆγιον
1212 5023 1462 5098 deest_i_n
1503 5020 1710 5098 Bililiis.

416 5091 525 5168 (75)
589 5101 668 5151 Ad
722 5100 897 5168 airos._
935 5091 1120 5168 Gr_:r_c_a
1177 5093 1338 5168 editio
1379 5092 1471 5168 hic
1519 5091 1666 5168 addit.
1711 5091 1912 5168 :_:ro"ac

341 5159 781 5240 ἀπεσταλμένους
807 5162 1028 5240 ὰπὸ-τοῦ
1046 5160 1514 5240 ,Κορνηλίουλπρὸς
1537 5159 1718 5226 αὐτόν,
1752 5161 1801 5212 id
1831 5169 1914 5240 est

353 5261 370 5289 ιι
414 5231 604 5292 missos
651 5254 680 5290 a
713 5235 962 5289 Cornelio
991 5235 1057 5284 ad
1091 5231 1236 5285 eum.
1291 5249 1310 5280 ι
1349 5232 1416 5282 Αι
1457 5231 1568 5281 haec
1602 5245 1704 5282 non
1749 5231 1911 5282 modo

346 5309 624 5368 Didvmus,
653 5307 746 5360 sed
786 5314 839 5358 et
877 5302 1130 5368 angatus
1157 5301 1434 5368 interpres
1471 5299 1696 5368 omittit.

413 5361 524 5448 (74)
595 5361 790 5430 Veluti.
845 5361 1070 5427 Code'x:
1128 5363 1238 5421 οἷον
1274 5361 1355 5421 τό.
1384 5368 1546 5437 Lego,
1595 5361 1706 5420 οἷον
1759 5365 1903 5436 τῷ..

339 5449 517 5518 κοσμή
526 5463 696 5518 σαντι.

415 5515 528 5588 (75)
585 5515 896 5588 minitetur.
957 5515 1437 5588 (ιαμ-ἑπομένου..

340 5573 632 5656 ἑπομένης.
683 5582 848 5656 [Bene
906 5596 968 5656 se
1028 5573 1605 5656 ἰιιιίιει,’ἐπομένομ;..
1636 5573 1899 5656 χάριτοςε

339 5659 421 5708 sic
445 5643 613 5708 ἐιιὶῖῇ
670 5643 971 5725 :iliqttattdo-
1007 5647 1242 5725 occurrit
1274 5643 1896 5725 _apud~'Alexandrinps.

341 5725 432 5779 Sic
465 5725 624 5778 etiam
674 5711 833 5791 infra,
879 5717 1119 5791 ῥᾳθυμίᾳ
1139 5718 1203 5786 τῇ
1234 5715 1334 5766 οὐκ
1365 5711 1594 5764 ἐνδέοντι
1619 5754 1633 5774 ,
1691 5729 1786 5783 pro
1816 5715 1900 5764 ἐν·

341 5793 554 5864 δεούσῃ.
584 5789 768 5859 Eutr.)

667 5884 940 5942 ΡΑτιιοι.
988 5877 1106 5937 Gn.
1152 5866 1450 5938 XXXIX.

957 5509 1090 5565 Cod.
1145 5507 1436 5576 ἑπομένου.Δ
1489 5503 1720 5576 Legend.
1775 5504 1899 5558 fort.

2011 4585 2170 4638 quam
2207 4568 2440 4622 alienum
2471 4569 2539 4622 ab
2570 4569 2881 4638 angelorum
2924 4584 3114 4626 natura
3151 4575 3242 4640 sit,
3274 4587 3328 4630 ut
3361 4591 3568 4642 eorum,

2009 4675 2128 4730 qua:
2156 4659 2332 4711 futura
2368 4667 2512 4721 sunt,
2547 4658 2748 4727 aliquid
2784 4675 2878 4728 per
2910 4663 3116 4730 seipsos
3133 4665 3324 4728 sciant,
3349 4675 3403 4718 et
3425 4669 3573 4723 chre-

2014 4749 2288 4811 matizent,
2331 4747 2384 4799 id
2443 4757 2544 4808 est,
2600 4747 2859 4812 revelant;
2908 4765 3030 4804 eum
3067 4755 3226 4806 etiam
3264 4770 3358 4822 per
3388 4756 3570 4811 Eccle-

2015 4840 2152 4892 siam
2188 4839 2302 4905 Dei,
2333 4853 2451 4907 qna:
2487 4837 2538 4890 in
2570 4837 2670 4892 hoc
2702 4842 2899 4894 mundo
2944 4855 3025 4897 est
3059 4845 3194 4915 (haec
3219 4861 3346 4900 vero
3378 4847 3568 4904 Eccle-

2083 5023 2226 5095 (76)7
2257 5025 2428 5094 Magis
2467 5042 2624 5095 quam
2668 5027 2875 5095 ρίειυεε.Δ
2911 5024 3272 5081 Provethialis
3331 5030 3524 5084 locutio
3550 5071 3566 5094 ,

2009 5109 2169 5160 quam
2203 5093 2386 5163 Pollux
2415 5093 2630 5162 quoque
2672 5096 2832 5148 habet
2865 5093 2958 5147 lib.
3001 5111 3074 5158 vl,
3107 5113 3230 5163 cap.
3263 5098 3353 5151 54.

2076 5163 2190 5233 (77)
2231 5162 2594 5233 Mihi.Ephes.
2634 5179 2714 5226 ιιι,
2756 5166 2809 5230 8,
2835 5163 2868 5217 9
2895 5176 2950 5217 et
2990 5165 3076 5220 10.
3110 5162 3240 5220 Vide
3263 5177 3372 5220 not.
3410 5167 3476 5221 10
3502 5171 3568 5222 ad

2044 5248 2126 5287 aa.
2159 5233 2246 5287 ‘28.

2009 5246 2588 5372 paiiéﬁbispeusntio.
2634 5301 2887 5371 Vulgatus
2921 5303 3190 5371 interpres
3231 5303 3357 5372 legit
3387 5316 3444 5359 ut
3477 5303 3568 5359 Di-

2013 5371 2219 5440 dymus.
2254 5372 2525 5452 Atocrzeca
2551 5374 2714 5426 editio
2737 5375 2895 5426 habet
2939 5391 2951 5425 :
2987 5371 3326 5442 ήκοινωνίαί,
3357 5373 3408 5427 id
3448 5387 3568 5440 est,

2015 5458 2034 5490 ι
2073 5456 2394 5493 00111111111110.
2438 5461 2458 5492 ι

2081 5509 2190 5578 (79)
2213 5509 2450 5585 _Cre_uvit.
2491 5510 2672 5585 Grmga
2703 5511 2870 5585 editio
2917 5511 3004 5585 hic
3031 5510 3199 5585 addit,
3241 5511 3340 5585 ﬁta
3395 5511 3572 5585 Ἰησοῦ

2007 5577 2265 5648 Χριστοῦ,
2290 5581 2338 5631 id
2359 5579 2789 5646 est,rperJesum
2813 5579 3102 5632 Christum.
3120 5579 3253 5634 )Setl
3276 5582 3388 5637 haec
3406 5577 3572 5640 verba

2005 5651 2226 5721 omittit,
2277 5660 2469 5721 pra'ter
2519 5651 2836 5717 ttidymum,
2888 5649 3042 5718 Vulg.
3071 5653 3232 5704 etiam
3287 5653 3572 5721 interpres.

1959 5751 1962 5754 ~
2011 5716 2142 5770 Vide
2173 5718 2349 5790 Segni.
2394 5719 2456 5772 Η
2485 5736 2534 5771 (ι.

3185 5870 3259 5933 19
