4110 6438
550 395 652 449 587
1578 428 1609 439 -

1780 384 2011 440 DIDYMI
2049 384 2517 440 ALEXANDIHNI

3677 379 3784 436 588

541 511 619 567 sia
646 515 854 562 nosmet
908 504 1009 573 ipsi
1053 503 1259 573 sunms)
1309 502 1401 555 Dei
1453 502 1719 571 utagnutia
1770 501 2098 569 perdiscant.

2216 501 2451 570 πρᾶγμα.
2486 501 2618 553 Οὐδὲ
2658 500 2765 571 γὰρ
2798 502 2845 553 εἰ
2879 499 2968 552 τὸν
3008 498 3140 555 Θεὸν
3173 501 3389 570 Πατέρα
3426 502 3580 568 φαῖεν
3622 503 3785 571 τυχὸν

542 603 713 667 Atque
739 604 795 648 ut
840 595 890 649 id
954 593 1126 663 ipsum
1186 593 1512 647 adversariis
1562 594 1985 661 persuadeatur,
2015 590 2102 643 illa

538 689 699 742 etiam
732 682 943 739 eﬂiccre
990 691 1238 751 possunt,
1271 680 1693 750 nonnullamque
1731 679 1796 733 ad
1857 680 1962 734 hoc
1993 680 2102 733 vim

538 777 756 835 habere,
810 788 929 843 qua:
981 771 1393 827 Colossensibns
1453 771 1671 838 scripsit
1725 771 1776 823 in
1810 771 1956 825 hunc
1986 783 2103 823 mo-

539 868 663 917 dum
693 863 843 933 (80):
875 881 893 913 ‹
919 861 1231 932 Mysterium
1280 858 1393 930 (8|)
1443 860 1543 913 hoc
1583 860 1953 914 absconditum
1980 850 2117 913 ante'

538 955 753 1019 s:ecnla,
787 965 840 1008 et
876 969 905 1006 a
946 951 1403 1023 generationibus,
1431 952 1574 1019 quod
1612 966 1754 1005 nunc
1787 950 2104 1004 manifesta-

542 1057 651 1099 tum
682 1055 764 1099 est
796 1043 999 1098 sanctis
1033 1041 1171 1111 ejus.
1226 1060 1244 1091 ι
1296 1038 1466 1092 Antea
1513 1040 1678 1101 enim,
1715 1039 1907 1107 inquit,
1932 1051 1960 1090 a
1996 1035 2106 1091 Deo

542 1145 749 1191 tantum
807 1134 1257 1204 cognoscebatur.
1306 1128 1569 1185 Praeterea
1626 1130 1729 1183 huc
1780 1130 1943 1184 etiam
1975 1129 2104 1182 illud

544 1227 698 1292 facit,
718 1226 868 1295 quod
905 1225 971 1279 de
1001 1224 1089 1288 iis,
1128 1236 1244 1292 qua:
1274 1222 1524 1277 omnibus
1568 1221 1876 1275 hominibus
1906 1220 2106 1274 utilita-

544 1328 648 1371 tem
678 1315 997 1379 attulerunt,
1051 1313 1118 1366 de
1149 1313 1216 1368 iis
1255 1311 1484 1375 scilicet,
1516 1327 1633 1378 qua:
1664 1310 1730 1365 ad
1778 1309 2109 1367 ineﬂ'abilem

541 1405 972 1462 Incarnationem
1008 1413 1277 1474 spectant,
1325 1402 1473 1457 hisce
1502 1402 1614 1472 (82)
1648 1417 1676 1455 a
1713 1401 1874 1457 {‘etro
1903 1402 2104 1467 verbis,

543 1503 601 1547 ut
634 1506 787 1548 antea
816 1494 1071 1559 diximus,
1105 1492 1450 1561 pra-dicatum
1500 1489 1597 1545 fuit
1632 1489 1765 1561 (83):
1804 1508 1823 1543 ι
1875 1491 1930 1545 ιιι
1965 1506 2105 1560 quae,

543 1583 732 1652 inquit,
758 1582 1063 1637 desiderant
1090 1581 1263 1651 angeli
1289 1580 1623 1650 prospicere.
1669 1602 1688 1632 ι
1718 1580 1774 1635 Si
1796 1597 1955 1651 quam
1978 1594 2108 1635 vero

541 1676 781 1727 innatam
810 1672 1170 1743 cognitionem
1199 1672 1463 1727 haberent
1512 1672 1624 1743 (84)
1645 1714 1659 1737 ,
1690 1671 1782 1726 illa
1815 1686 1910 1741 per
1941 1673 2108 1726 rimas

541 1764 728 1819 saltem
785 1766 1092 1835 perspicere
1152 1778 1260 1818 non
1310 1756 1794 1834 optarent;198
1824 1767 1919 1818 sed
1983 1763 2105 1833 quia

2207 588 2354 640 ἄλλοι
2380 590 2545 654 τινὲς,
2584 590 2663 643 ὅτι
2712 589 3035 660 χρηματίζει
3071 590 3162 643 καὶ
3195 590 3395 658 ἀγαθός
3426 591 3593 656 ἐστιν,
3637 592 3785 662 ἡμᾶς

2205 679 2265 732 τὸ
2298 680 2535 733 ἐναντίον
2562 681 2742 749 λέγειν
2770 681 3001 753 πρέπον.
3033 681 3185 734 Είπω
3217 698 3269 733 τι
3290 681 3416 751 ὑμῖν
3440 666 3534 735 καί
3559 682 3783 753 ἓτερονς

2206 768 2439 823 Βλέπετε
2478 772 2552 842 μὴ
2596 770 2685 825 τὸν
2724 773 3137 843 χρηματίσαντα
3181 771 3258 841 τῷ
3290 773 3661 845 ἑκατοντάρχῃ
3689 774 3785 841 ἄγ-

2206 861 2380 930 γελον,
2415 861 2506 915 τὸν
2534 861 2687 931 ἅγιον
2723 863 2830 917 τῶν
2869 863 3038 932 ἁγίων
3071 862 3300 934 Σωτῆρα
3332 861 3503 917 εἶπεν.
3554 863 3644 933 Τῷ
3675 864 3785 936 γὰρ

2204 953 2427 1022 ὀνόματι
2461 953 2632 1025 τούτῳ
2665 956 3129 1027 προσχρησαμένῃ
3165 954 3656 1025 ὲπικεκρυμμένως
3689 956 3785 1007 σὺν

2208 1047 2443 1116 ὲμφάσει
2498 1047 2666 1118 πολλῇ
2729 1048 2823 1102 καὶ
2870 1047 2991 1119 θείᾳ
3041 1048 3168 1119 περὶ
3228 1047 3389 1101 αὑτοῦ
3452 1048 3697 1116 φαίνεται
3751 1049 3787 1117 ἡ

2208 1137 2420 1208 Γραφὴ,
2467 1136 2554 1190 διὰ
2603 1137 2665 1189 τὸ
2713 1139 2961 1207 ἀγγεῖλαι
3021 1140 3076 1192 ὲν
3123 1141 3187 1210 τῇ
3227 1140 3506 1209 οἰκονομίᾳ
3547 1139 3623 1200 ὡς
3658 1137 3787 1191 Υίὸν

2206 1226 2379 1293 Λόγον
2432 1225 2491 1278 τὸ
2541 1227 2803 1297 πατρικὸν
2855 1226 3119 1298 βούλημα.
3170 1228 3242 1280 Ού
3299 1228 3405 1297 γὰρ
3462 1222 3614 1280 εἶπεν
3670 1227 3785 1279 δνοο

2202 1316 2393 1388 διαστὶ,
2431 1316 2506 1382 ὡς
2534 1315 2689 1369 είωθε
2724 1316 2902 1384 λέγειν
2927 1333 2939 1345 ⁸
2976 1316 3212 1388 Μιχαὴλ,
3248 1316 3505 1387 Γαϐριὴλ,
3533 1316 3590 1385 ἢ,
3621 1317 3650 1368 ὁ
3679 1315 3781 1368 δεῖ·

2208 1423 2294 1460 να.
2344 1405 2408 1457 Τί
2458 1405 2635 1459 τοίνυν
2694 1404 2753 1470 ἐξ
2808 1407 3061 1461 ἁπάντων
3119 1407 3225 1460 τῶν
3284 1407 3564 1478 ἡμετέρων
3612 1405 3784 1475 λόγων

2209 1497 2500 1551 αἰτιάσαιτ’
2538 1496 2603 1549 ἄν
2641 1514 2725 1560 τις
2762 1496 3027 1565 εὐλόγως;
3078 1498 3130 1551 τί
3179 1499 3233 1550 δὲ
3279 1497 3553 1567 μέμψαιτο
3592 1500 3658 1567 τῇ
3691 1497 3784 1548 οὑο

2210 1587 2440 1657 δαμόθεν
2497 1586 2694 1659 ἐχούσῃ
2738 1587 2800 1638 τὸ
2854 1586 3168 1642 εὐθύνεσθαι
3222 1586 3513 1658 δρθοδόξων
3562 1587 3784 1650 πίστεις

2211 1678 2328 1740 πῶς
2363 1677 2419 1730 δὲ
2446 1677 2505 1730 οὐ
2535 1676 2809 1729 πιστεύειν
2835 1676 3002 1746 ἄξιον,
3039 1678 3115 1742 ὡς
3160 1679 3221 1731 τὸ
3252 1678 3403 1747 ἅγιον
3435 1677 3656 1747 Πνεῦμα
3684 1678 3773 1747 βα-

2214 1768 2452 1833 σιλικῶς,
2504 1769 2621 1839 ἦτοι
2671 1767 2886 1833 θεῖκῶς,
2946 1768 3309 1841 χρηματίζει’
3360 1772 3415 1822 ⁴οί
3476 1768 3520 1821 δ’
3568 1768 3783 1837 ἄγγελοι

541 1868 659 1906 eam
719 1868 822 1908 non
879 1853 1099 1918 habent,
1156 1852 1211 1906 in
1263 1851 1799 1908 vehementissimum
1852 1853 2109 1922 quodam-

2216 1858 2616 1930 λειτουργικῶς,
2663 1859 2825 1930 ἢτουν
2861 1860 3217 1925 διακονικῶς;
3258 1861 3337 1924 ὡς
3385 1860 3619 1931 χαλεπὸν
3667 1857 3782 1924 οὖν,

544 1945 722 2006 modo,
752 1954 811 1999 ιιι
846 1943 1113 2009 homines,
1162 1956 1402 1997 amorem
1444 1941 1681 1997 incidunt
1733 1958 1918 1997 eorum
1972 1958 2108 2013 quo-

546 2054 661 2091 rum
680 2038 1037 2108 cognitionem
1058 2035 1273 2104 assequi
1299 2043 1594 2103 nequeunt.
1625 2034 1809 2089 Solent
1829 2036 1971 2089 enim
1991 2050 2109 2104 quae

547 2132 761 2183 inventu
801 2127 1015 2196 quidem
1073 2124 1250 2180 facilia
1295 2128 1444 2191 sunt,
1496 2126 1669 2181 obiter
1711 2125 1823 2198 (85)
1850 2126 1997 2182 cerni
2055 2135 2111 2181 et

546 2220 781 2290 despici;
810 2233 928 2286 quae
962 2206 1140 2271 autem
1192 2226 1318 2271 sunt
1356 2218 1591 2281 rariora,
1621 2217 1898 2273 aestimari.
1928 2215 2111 2286 Neque

546 2325 674 2364 vero
700 2309 753 2363 id
778 2324 842 2363 ex
896 2307 1114 2378 propria
1148 2309 1503 2377 quorumdam
1553 2308 1828 2363 voluntate
1866 2316 2107 2377 repeten-

548 2403 671 2455 dum
697 2410 802 2463 est,
831 2399 933 2454 sed
987 2413 1050 2451 ex
1106 2398 1375 2453 communi
1410 2398 1521 2470 (86)
1570 2414 1754 2454 eorum
1790 2410 1994 2454 naturae
2026 2416 2112 2453 ηι-

550 2491 717 2545 tione.
759 2488 928 2544 Porro
962 2488 1027 2543 de
1080 2488 1330 2542 omnibus
1364 2488 1567 2556 angelis
1600 2489 1651 2544 id
1696 2505 1804 2543 non
1840 2490 1982 2556 dico,
2018 2489 2111 2543 sed

548 2582 613 2637 de
638 2580 955 2651 quibusdam
988 2620 1003 2645 ,
1062 2580 1151 2648 qui
1206 2579 1369 2636 veluti
1410 2582 1684 2636 debitores
1714 2589 1858 2647 sunt,
1888 2596 1953 2636 ac
1985 2596 2113 2649 sup-

548 2672 707 2743 plicio
761 2670 979 2726 obnoxii
1032 2660 1166 2740 (87).
1214 2666 1346 2723 Nam
1397 2669 1674 2739 Scriptura
1732 2671 1904 2740 inquit
1948 2688 1961 2700 ο
2005 2668 2109 2722 (εἰ

547 2764 688 2817 enim
716 2763 828 2835 (88)
874 2761 1078 2831 angelis
1112 2761 1459 2831 peccantibus
1486 2762 1628 2818 Deus
1674 2776 1780 2817 non
1811 2763 2107 2831 pepercit.»

548 2854 826 2921 ρ.ιοηιοιίο
900 2866 1027 2921 ergo
1089 2851 1329 2905 innatam
1396 2850 1698 2907 futurorum
1752 2852 2113 2921 cognitionem

549 2944 773 3007 habere,
801 2949 893 2995 aut
916 2942 1133 3010 propria
1185 2942 1509 2994 auctoritate
1552 2943 1950 2996 chrematizare
1990 2941 2115 3011 (hoc

551 3042 652 3098 est,
682 3033 880 3086 caelitus
914 3029 1217 3100 admonere)
1268 3039 1493 3100 possunt
1551 3040 1606 3084 ιιι
1662 3030 1840 3085 Dens?
1887 3031 2040 3097 Quod
2069 3032 2113 3086 si

553 3123 651 3193 ipsi
682 3137 782 3178 nec
804 3122 1080 3178 scientiam
1110 3119 1219 3191 (89)
1276 3134 1342 3174 ex
1398 3122 1595 3189 seipsis
1640 3121 1861 3187 habent,
1916 3134 2016 3176 nec
2047 3135 2111 3175 ex

554 3213 766 3282 propria
815 3219 1079 3282 potestate
1117 3210 1530 3277 chrematizant,
1559 3220 1614 3265 ιιι
1654 3218 1737 3264 est
1791 3212 1956 3266 etiam
1998 3213 2114 3266 sine

553 3303 657 3356 ulla
688 3302 1004 3372 probatione
1035 3315 1129 3366 per
1157 3314 1215 3355 se
1263 3300 1642 3365 manifestum;
1695 3314 1788 3356 vos
1812 3313 1961 3366 vero,
1991 3301 2116 3369 quia

554 3409 717 3448 unum
754 3393 1002 3460 idemque
1033 3391 1452 3445 chrematizandi
1507 3392 1730 3446 verbum
1757 3393 2118 3447 communiter

554 3488 620 3540 de
644 3484 845 3553 Spiritu
877 3490 1066 3538 sancto
1107 3491 1160 3536 et
1212 3482 1278 3536 de
1337 3482 1542 3551 angelis
1575 3482 1914 3552 praedicatur,
1942 3484 2008 3536 ad
2037 3499 2119 3538 re-

552 3574 963 3645 prehensidnem
1003 3572 1511 3643 accusationemque
1557 3574 1802 3628 conversi
1827 3572 1958 3627 estis
1982 3572 2115 3644 (90):

554 3677 755 3717 tcmerc
784 3673 837 3716 et
868 3663 1169 3716 inconsulte
1207 3661 1417 3731 egistis,
1465 3675 1529 3716 ac
1560 3655 1783 3725 nihilad
1812 3677 1943 3716 rem.
1982 3661 2117 3716 Nam

554 3767 622 3807 ne
644 3753 689 3807 si
718 3751 882 3806 Deum
911 3752 1127 3821 quidem
1153 3750 1372 3806 Patrem
1426 3752 1825 3807 cbrematizare
1879 3751 1955 3823 (id
2012 3762 2116 3816 est.

554 3843 767 3898 oracula
800 3842 1036 3911 fundere,
1095 3850 1187 3898 aut
1236 3841 1506 3913 revelare),
1563 3851 1618 3897 et
1646 3844 1843 3897 bonum
1866 3858 1987 3898 esse
2023 3842 2121 3896 ali-

555 3932 647 4001 qui
677 3932 764 3986 alii
795 3932 933 3987 forte
966 3931 1431 3999 dixerint,,tlecet
1472 3946 1572 3986 nos
1618 3932 1947 3987 centrarium
1981 3931 2122 3985 atIir-

556 4038 725 4101 mare.
751 4024 830 4077 An
860 4023 1113 4093 quiddam
1149 4023 1293 4079 aliud
1319 4024 1472 4079 vobis
1502 4023 1715 4077 dicam?
1740 4021 1949 4090 Videte,
1978 4039 2122 4093 quae-

559 4131 643 4179 so,
673 4130 795 4169 num
831 4130 928 4185 per
950 4115 1221 4184 angelum,
1252 4116 1341 4182 qui
1363 4113 2116 4180 centurionicbrematizavit,

563 4221 654 4261 seu
680 4206 877 4261 carlesle
906 4223 1205 4276 responsum
1248 4207 1412 4271 dedit,
1432 4203 1670 4262 Sanctus
1710 4219 2042 4271 sanctorum,
2069 4208 2122 4261 id

561 4310 646 4353 est
702 4298 974 4364 Salvator,
1013 4296 1368 4369 signiﬁcetur.
1415 4296 1549 4352 Nam
1586 4297 1686 4354 hoc
1713 4300 1874 4353 etiam
1908 4300 2125 4354 nomine

561 4406 760 4445 arcano
786 4404 946 4445 sensu
997 4390 1163 4444 multa
1199 4405 1320 4445 cum
1352 4389 1595 4460 emphasi
1634 4406 1698 4445 ac
1744 4390 1922 4445 divina
1977 4389 2124 4445 Scri-

2211 1951 2357 2003 καθά
2390 1968 2572 2021 φησιν,
2608 1951 2808 2003 οἰάκων
2842 1950 3081 2020 ἔχεσθαι,
3123 1952 3230 2022 ὅτῳ
3263 1950 3660 2022 κυϐερνητικῆς
3687 1952 3783 2021 οὐχ

2213 2041 2472 2095 ὕπεστιν·
2506 2039 2647 2093 οῦτω
2681 2040 2916 2110 χαλεπὸν
2953 2041 3045 2095 καὶ
3086 2040 3376 2103 διδάσκειν,
3416 2040 3523 2110 ὅτῳ
3553 2042 3586 2110 ἡ
3623 2040 3783 2110 χάρις

2211 2133 2305 2186 τοῦ
2335 2131 2477 2185 θείου
2518 2130 2856 2199 Πνεύματος,
2892 2131 2924 2201 ἡ
2958 2129 3068 2183 τῶν
3098 2128 3398 2201 ἀνθρώπων
3438 2129 3534 2181 σὺν
3559 2129 3636 2198 τῷ
3675 2129 3773 2180 [lat-

2211 2224 2300 2295 τρι
2335 2224 2427 2276 καὶ
2464 2219 2540 2290 τῷ
2566 2219 2679 2291 Υἰῷ
2709 2217 3047 2290 ἐργαζομένη
3081 2218 3178 2289 τὴν
3223 2218 3512 2289 σωτηρίαν,
3546 2218 3607 2270 οὐ
3640 2217 3783 2287 πάρα

2213 2333 2379 2377 εστιν,
2426 2311 2550 2366 οὔτε
2599 2310 2745 2364 ἐστὶν
2785 2311 2844 2363 τὸ
2886 2312 3081 2363 εἰδέναι
3132 2310 3231 2382 τὴν
3271 2313 3365 2364 καὶ
3412 2312 3466 2365 ἐν
3498 2312 3608 2373 τοῖς
3647 2311 3783 2361 αἰνί-

2214 2425 2242 2476 γ
2255 2424 2414 2478 μασιν
2448 2405 2556 2458 τῶν
2591 2404 2789 2472 λογίων
2837 2403 3234 2473 εύρισκομένην
3257 2402 3340 2474 [91
3381 2400 3437 2473 α]
3467 2401 3783 2469 ἀσφάλειαν,

2214 2496 2307 2549 καὶ
2334 2495 2433 2566 τὴν
2464 2494 2569 2547 ἀπὸ
2606 2493 2705 2563 τῆς
2734 2492 3042 2562 ἐπιστήμης
3078 2491 3185 2544 τῶν
3219 2491 3425 2544 πιστῶν
3456 2489 3665 2560 ἀνδρῶν
3700 2489 3783 2542 δι-

2212 2588 2440 2658 δομένην
2472 2586 2766 2656 ἀπόκρισιν
2793 2600 2807 2613 “
2845 2584 2938 2636 καὶ
2972 2585 3078 2651 ὅτῳ
3109 2583 3407 2655 ἐριστικῆς,
3453 2582 3546 2634 καὶ
3581 2580 3785 2634 ἀντιλο-

2214 2678 2397 2748 γικῆς,
2451 2676 2545 2730 καὶ
2595 2674 2845 2744 ποικίλης
2912 2675 3292 2744 προαιρέσεως
3349 2672 3472 2724 ἄνευ
3523 2673 3624 2724 οὐκ
3671 2672 3787 2724 ἔστι

2213 2770 2370 2837 λόγου
2405 2764 2672 2839 προφορὼ
2705 2759 2836 2817 Οἶδα
2871 2763 2927 2816 δὲ
2967 2762 3169 2829 σαφῶς,
3203 2755 3247 2812 ὦ
3273 2760 3574 2828 εὐδόκιμοι,
3607 2762 3699 2812 κα)⁵
3726 2760 3786 2813 τὸ

2214 2859 2461 2929 οὐράνιον
2489 2856 2603 2923 φῶς
2634 2853 3008 2914 κατοικοῦντες
3038 2850 3254 2918 ἄγγελοι
3283 2848 3373 2901 τοῦ
3406 2848 3565 2914 Θεοῦ,
3594 2850 3785 2918 ὅτιπερ

2215 2950 2399 3018 ὑμεῖς,
2426 2947 2499 3010 ὡς
2536 2945 2814 3015 ἄμεμπτοι
2850 2942 2941 2996 κα).
2980 2941 3204 2999 τέλειοι,
3235 2939 3332 2991 οὐκ
3360 2937 3657 3009 ἠχθέσθητε
3692 2939 3784 2989 ἐπὶ

2215 3040 2326 3101 τοῖς
2355 3036 2591 3106 λεχθεῖσι
2618 3035 2743 3104 παρ’
2768 3031 2921 3105 ἐμοῦ,
2976 3032 3138 3085 ἕνεκα
3163 3030 3270 3083 τῶν
3298 3029 3440 3082 κατὰ
3468 3027 3567 3098 τὴν
3600 3028 3782 3096 φύσιν,

2216 3132 2276 3183 οὐ
2308 3128 2447 3181 κατὰ
2487 3128 2547 3180 τὸ
2576 3126 2859 3180 ἐπαινετὸν
2887 3128 2983 3195 τῆς
3009 3122 3253 3193 γνώμης,
3285 3121 3483 3191 ὁμοίων
3517 3121 3645 3190 ὑμῖν
3689 3120 3789 3187 ἀγ-

2218 3221 2387 3288 γέλων
2413 3237 2425 3249 ·
2466 3212 2547 3281 οἷς
2580 3217 2638 3284 ἐξ
2685 3216 2859 3287 ἀρχῆς
2916 3214 3121 3286 μέμψις
3165 3210 3665 3283 παρηκολούθησεν,
3713 3210 3790 3274 ὡς

2220 3314 2313 3364 καὶ
2343 3312 2654 3381 αἰρετικοῖς,
2677 3310 2789 3371 τοῖς
2813 3308 2892 3370 εἰς
2922 3307 3085 3377 μέσον
3110 3306 3353 3373 ἄγουσιν,
3376 3303 3453 3365 ὡς
3474 3302 3572 3354 οὐκ
3602 3301 3787 3372 ἐχρῆν,

2219 3400 2286 3453 τὰ
2319 3401 2443 3471 ἄρτι
2481 3395 2920 3469 μνημονευθέντα
2941 3411 2954 3423 ·
2980 3395 3174 3456 οἵτινες
3205 3393 3332 3462 ὑμῖν
3359 3389 3594 3461 μάλιστα
3626 3390 3788 3442 ἀπεί-

2222 3491 2372 3545 θανοί
2414 3508 2556 3553 τινες
2586 3488 2720 3558 πρὸς
2746 3486 2838 3538 τὸν
2867 3484 3011 3537 κατὰ
3042 3486 3141 3554 τῆς
3170 3482 3425 3553 ἀληθείας
3450 3480 3636 3549 ἀγῶνα
3667 3480 3788 3548 φαί-

2221 3598 2421 3635 νονται.
2483 3581 2540 3631 Ὁ
2586 3577 2695 3647 γὰρ
2745 3575 2900 3643 λόγος
2945 3574 3034 3644 μοί
3067 3575 3218 3625 ἐστιν
3269 3573 3411 3643 ὑπὲρ
3464 3571 3558 3625 τοῦ
3607 3570 3790 3623 θεῖκοῦ

2220 3672 2558 3742 Πνεύματος,
2599 3667 2692 3722 τοῦ
2732 3665 3053 3736 φωτίζοντος
3080 3664 3317 3726 ἅπαντα,
3353 3665 3446 3717 καὶ
3478 3664 3790 3734 φιλοτιμου-

2227 3763 2387 3832 μένου
2423 3762 2492 3814 τὰ
2526 3759 2680 3812 θεῖκὰ
2725 3760 2837 3822 τοῖς
2871 3757 3129 3827 κτίσμασι
3151 3770 3166 3784 ⁸
3203 3755 3294 3809 τοῦ
3327 3755 3542 3826 Πατρὸς
3575 3755 3667 3807 καὶ
3698 3754 3792 3806 τοῦ

2222 3850 2557 3920 Μονογενοῦς
2599 3849 2761 3903 αὐτοῦ
2814 3848 3120 3919 ἐφάμιλλα,
3178 3846 3271 3899 τοῦ
3324 3846 3651 3914 ἁγιάσαντος
3700 3845 3791 3898 καὶ

2225 3945 2388 4014 ὑμᾶς,
2419 3944 2512 3996 καὶ
2550 3941 3001 4012 συνδοξαζομένου
3034 3940 3165 4011 παρ’
3206 3938 3381 4009 ὑμῶν,
3418 3938 3532 4008 ἅμα
3568 3937 3648 4007 τῷ
3678 3938 3790 3989 Πα-

2222 4036 2311 4107 τρί
2334 4077 2348 4101 ,
2375 4035 2468 4088 καὶ
2500 4034 2577 4105 τῷ
2616 4033 2751 4105 Υἰῷ,
2799 4034 2887 4087 διὰ
2922 4031 3017 4085 τοῦ
3057 4029 3341 4102 τρισαγίου
3377 4029 3547 4083 αἴνου.
3579 4027 3792 4083 Μᾶλλον

2223 4127 2279 4181 δὲ
2315 4128 2407 4181 καὶ
2439 4126 2901 4189 συνεπενεύσατε,
2951 4123 3176 4193 Πνεῦμα
3216 4121 3374 4174 τοῦτο
3419 4121 3517 4191 τῆς
3561 4119 3788 4172 ὑποστά-

2228 4236 2363 4282 σεως
2402 4216 2496 4271 τοῦ
2525 4214 2660 4270 Θεοῦ
2702 4215 2781 4278 ἓν,
2812 4216 2904 4268 καὶ
2937 4215 3115 4285 μόνον,
3168 4213 3265 4265 καὶ
3314 4211 3442 4264 Θεὸν
3475 4210 3791 4281 ἀνευφημή-

2228 4310 2379 4365 σαντί
2421 4324 2541 4380 μοι’
2579 4309 2674 4361 καὶ
2711 4305 2997 4359 ἐϐούλεσθε
3035 4304 3100 4356 ἂν
3140 4304 3281 4372 τάχα
3309 4302 3704 4373 (πανηγυρίζει
3741 4302 3793 4355 δέ

2228 4411 2318 4465 μοι
2368 4397 2424 4446 ὲν
2467 4391 2546 4463 τῷ
2590 4392 2744 4462 μέρει
2776 4389 2948 4459 τούτῳ
2989 4388 3048 4440 τὸ
3092 4385 3341 4457 βιϐλίον),
3383 4385 3448 4438 δι’
3496 4384 3795 4456 ὑπερϐολὴν

561 4490 794 4547 pturam,
820 4480 912 4534 ubi
940 4480 1008 4533 de
1037 4493 1102 4534 eo
1128 4479 1387 4548 loquitur,
1418 4494 1569 4535 usam
1589 4495 1710 4536 esse
1730 4491 1966 4547 constat,
1997 4496 2114 4550 pro-

2225 4486 2435 4547 εὐνοίας
2485 4482 2657 4553 ὑμῶν,
2692 4481 2790 4550 τῆς
2834 4478 2961 4550 περὶ
2994 4476 3092 4548 τὴν
3139 4475 3341 4545 σεπτὴν
3384 4475 3476 4527 καὶ
3518 4473 3797 4544 δμοούσιον

561 4582 746 4640 pterea
805 4573 931 4641 quia
984 4570 1030 4624 is
1088 4571 1144 4625 in
1191 4570 1586 4637 lncarnatione,
1650 4583 1915 4640 quatenus
1953 4564 2122 4627 Filius

564 4662 818 4734 Verbum,
874 4671 1155 4734 paternam
1214 4663 1541 4720 voluntatem
1591 4662 1837 4734 ἤγγειλε,
1877 4664 1980 4718 hoc
2017 4674 2120 4727 est,

563 4755 906 4810 annuntiavit.
948 4752 1058 4808 Nec
1106 4754 1250 4808 enim
1294 4753 1428 4808 dixit
1485 4755 1833 4820 nominatim,
1888 4763 1949 4808 ut
1986 4755 2126 4809 solet

564 4851 776 4914 dicere,
812 4847 1061 4913 Michael,
1098 4846 1337 4911 Gabriel,
1372 4860 1470 4901 nec
1504 4855 1708 4903 certum
1750 4846 1892 4901 alittd
1934 4846 2122 4915 hujus-

567 4940 709 4996 modi
747 4955 941 4994 nomen
1003 4938 1264 4994 adhibuit.
1304 4937 1571 5004 Quidnam
1614 4952 1743 5007 ergo
1799 4939 1853 4992 in
1878 4940 2126 4994 omnibus

568 5031 828 5088 doctrin-is
915 5029 1113 5084 nostris
1199 5029 1391 5084 merito
1477 5028 1749 5085 criminari
1839 5030 1959 5098 quis
2031 5044 2124 5102 po-

638 5184 746 5253 (80)
788 5182 853 5237 In
887 5186 1024 5253 hunc
1068 5182 1303 5236 modum.
1342 5181 1520 5253 Codex
1582 5181 1823 5253 τοιῶσδε,
1860 5196 1979 5253 non~
1994 5195 2125 5253 vero

569 5250 815 5323 τοιώσδεᾼ
844 5254 922 5308 lla
956 5252 1081 5323 alibi
1129 5253 1290 5323 habet
1312 5252 1510 5322 τοιῇδε,
1540 5251 1901 5323 audissem.
1948 5250 2123 5323 Simili

573 5324 728 5376 modo
753 5321 1042 5394 [Eschylus
1071 5321 1228 5394 initio
1249 5321 1552 5394 Promethei
1577 5321 1733 5394 uincti
1766 5321 1927 5376 habet
1951 5322 2121 5387 τοιᾶς,

569 5400 622 5444 et
650 5405 789 5446 vers.
820 5389 947 5457 2'57,
976 5389 1222 5453 τοιῶσδε,
1250 5403 1303 5443 et
1335 5391 1530 5444 similia
1557 5390 1706 5445 alibi.

640 5460 749 5530 (8i)
791 5461 1120 5531 Mysterium.
1151 5459 1360 5515 Coloss.
1389 5459 1547 5531 1,726.
1578 5459 1763 5516 Graeca
1785 5459 1950 5531 editio
1974 5458 2130 5529 paulo

571 5527 758 5597 aliter,
789 5527 975 5583 eodem
1019 5540 1191 5584 tamen
1218 5544 1397 5583 sensu.
1438 5529 1567 5584 Vide
1596 5543 1765 5597 segm.
1804 5528 1907 5582 160
1936 5527 1991 5585 αξ

643 5596 754 5667 (82)
791 5598 967 5667 Hisce.
999 5600 1179 5654 Codex
1210 5602 1321 5662 τοῖς
1345 5597 1433 5660 δέ,
1469 5614 1564 5667 pro
1598 5596 1791 5667 τοῖσδε,

645 5660 769 5737 (85)
792 5665 859 5737 ζμ
898 5684 1033 5737 qum.
1080 5666 1135 5722 lo
1171 5660 1343 5735 prima
1376 5660 1518 5722 Pet}.
1559 5684 1595 5733 ι,
1628 5664 1717 5723 1%.
1764 5660 1898 5723 Viae
1924 5670 2037 5723 nol.
2069 5667 2126 5733 5,

572 5747 696 5800 pag.
738 5732 870 5806 ἴθ’),
907 5732 962 5790 et
994 5751 1113 5804 qua:
1160 5732 1414 5806 Didymus
1473 5732 1636 5791 habet
1679 5739 2023 5795 enarratione
2073 5732 2130 5793 ἰή

573 5775 796 5870 primum
830 5775 973 5857 ﬁmi
995 5775 1069 5860 ζα
1103 5805 1241 5860 hunc
1260 5775 1616 5861 Jversoiculum.

2229 4576 2461 4649 Τριὰδα,
2504 4572 2743 4644 ὑμέτερά
2792 4588 2851 4624 τε
2913 4566 3050 4623 εἷναι
3100 4570 3319 4639 ῥήματα
3356 4565 3423 4618 τὰ
3464 4568 3529 4619 ὲκ
3566 4566 3667 4635 τῆς
3692 4564 3796 4616 τῶν

2230 4664 2460 4737 Γραφῶν
2515 4662 2751 4724 διανοίας
2800 4659 3057 4730 λεχθέντα
3108 4656 3259 4728 παρὰ
3283 4655 3509 4720 πολλῶν,
3564 4656 3658 4708 καὶ
3707 4654 3803 4707 νῦν

2232 4758 2359 4827 παρ’
2386 4751 2540 4825 ἐμοῦ,
2582 4752 2676 4804 καὶ
2725 4751 2993 4822 μηδέποτε
3032 4748 3238 4818 σιωπὴν
3263 4746 3469 4808 τούτοις
3508 4745 3804 4816 ἐπιϐληθῆ-

2231 4864 2351 4911 ναι,
2380 4846 2477 4898 καὶ
2523 4844 2730 4906 πάντας
2774 4842 2830 4894 δὲ
2881 4842 3006 4904 τοὺς
3055 4837 3372 4909 ἀνθρώπους
3399 4838 3496 4907 τὴν
3539 4838 3647 4919 ἀπὸ
3694 4836 3803 4891 τῶν

2233 4938 2572 5007 πραγμάτων
2608 4934 2802 5006 σχολὴν
2851 4933 3090 5002 δαπανᾷν
3116 4933 3196 4994 εἰς
3228 4927 3484 4982 ὑπόθεσιν
3522 4926 3799 4996 τοιαύτην.

2233 5028 2533 5099 Τοιγαροῦν
2565 5025 2653 5079 διὰ
2683 5025 2860 5089 τοῦτο,
2904 5008 3084 5093 κρίσει
3118 5023 3186 5092 τῇ
3228 5017 3541 5090 ὑπερτάτη,
3578 5018 3642 5072 σὺ
3685 5018 3805 5088 μὲν,

2330 5181 2420 5246 84)
2462 5177 2753 5234 Haberent.
2794 5175 3001 5241 Codex,
3031 5176 3176 5246 ἔχον.
3206 5175 3348 5246 Lego
3387 5171 3553 5246 εἴχον.

2330 5242 2421 5318 85)
2462 5247 2662 5318 Obiter.
2693 5248 2897 5318 Codeg,
2936 5242 3258 5318 «animo;
3285 5242 3478 5316 'Lego",
3510 5242 3805 5318 τηνριλλῳς.

2332 5313 2420 5385 86)
2446 5317 2532 5371 Em
2546 5317 2830 5371 communi.
2850 5313 3092 5385 Leg.lib.
3113 5314 3191 5369 De
3207 5314 3298 5379 Sp.
3317 5333 3363 5370 ε.
3386 5313 3539 5369 num.
3565 5313 3804 5385 ηεαδ.

2281 5383 2423 5461 ,(87)
2441 5388 2716 5461 _0bnoxii.
2775 5386 2816 5439 Τ
2821 5383 2952 5461 οιυέ
2981 5387 3071 5440 hic
3108 5385 3260 5461 locus
3306 5385 3466 5461 paulo
3507 5383 3808 5454 perplexior

2236 5454 2639 5517 est'iu'Grazco.
2670 5457 2826 5510 Deest
2856 5454 3089 5511 fortasse
3122 5455 3300 5523 aliqua
3336 5454 3520 5523 dictio.

2335 5528 2424 5598 88)
2465 5525 2708 5598 Siem'm.
2750 5521 3356 5598 ln_sc_cunda_l‘et'r._n,
3385 5521 3440 5576 4.

2335 5529 2424 5598 88)
2465 5529 2522 5580 Si
2549 5529 2708 5583 enim.
2750 5529 2806 5595 In
2851 5529 3082 5579 secunda
3116 5529 3260 5578 l‘etr.
3299 5539 3356 5586 ιι,
3385 5529 3440 5576 4.

2312 5529 2424 5669 ίβθ)
2464 5596 2769 5669 Sciendum.
2798 5594 2977 5669 Codex
3000 5593 3247 5669 ,_ei'oa5_t._
3271 5591 3437 5669 Lego,
3465 5593 3632 5669 ἴσασιἔ

2310 5657 2423 5735 (90)
2462 5664 2706 5719 Conversi
2733 5665 2877 5719 estis.
2919 5657 3129 5717 Ludere
3163 5657 3377 5735 videtur
3418 5664 3468 5715 in
3504 5661 3700 5735 duplici
3729 5657 3804 5714 si—

2236 5730 2578 5809 gniﬁcatione
2610 5749 2793 5792 vocum
2827 5731 3246 5803 κατηγορεῖσθαι
3285 5741 3339 5788 ει
3380 5730 3707 5801 κατηγορία.
