4110 6452
275 558 376 613 589

1294 555 1381 611 DE
1419 552 1791 612 TRINITATE
1830 548 2031 606 LIBER
2074 549 2453 607 SECUNDUS.
3403 571 3513 628 δυο

3403 593 3433 623 ί)

274 668 319 727 ὦ
362 674 484 741 ἀγιε
538 670 775 743 Μιχαὴλ,
828 672 1013 743 ἄρχειν
1056 672 1163 725 τῶν
1220 673 1527 743 ἀσωμάτων
1578 671 1845 744 στρατιῶν

1971 671 2106 725 cst?
2174 682 2265 724 ant
2327 674 2453 742 quid
2521 684 2621 740 cst,
2681 678 2733 731 in
2796 696 2901 749 quo
2962 685 3382 746 orthodoxorum
3445 692 3516 750 li-

276 764 716 838 προεχειρίσθης,
766 765 860 817 καὶ
903 763 1049 838 ζώνη
1082 759 1193 818 οἷον
1223 765 1507 837 νοερᾷ[91
1560 765 1612 837 b]
1658 766 1869 835 ἐτιμὴ-“

276 859 399 930 θης,
434 856 527 910 καὶ⁸
551 855 746 910 εὐωδία
780 873 863 919 τις
895 857 995 927 τῆς
1023 856 1240 911 πάντων
1276 857 1643 928 δεσποζούσης
1676 874 1850 909 πανα-

277 950 409 1019 γοῦς
462 948 557 1002 καὶ
604 947 946 1018 οίκτίρμονος
975 947 1204 1020 Τριάδος
1255 948 1542 1020 ὑπάρχεις
1580 948 1644 1001 σύ
1676 947 1764 1011 δὲ,
1803 939 1849 1000 ῶ

277 1042 403 1109 ἆγιε
460 1038 735 1111 Γαϐριὴλ,
797 1038 1216 1110 διακονήσασθαι
1274 1038 1353 1109 τῷ
1402 1038 1685 1111 μυστηρίῳ
1751 1038 1850 1108 τῆς

276 1129 558 1203 ἀφράστου
586 1129 914 1200 οἰκονομίας,
945 1128 1021 1193 ὡς
1048 1128 1316 1201 ὲχέμυθος
1357 1130 1451 1184 κα)⁸
1494 1128 1703 1194 πιστὸς,
1730 1128 1847 1195 ἐξε-

276 1222 467 1293 λέγης’
495 1220 650 1285 ἄλλος
678 1220 736 1274 δὲ
760 1219 924 1291 ἄλλῳ,
954 1219 1073 1274 οὐδὲ
1113 1220 1366 1291 αἰτήσας,
1407 1218 1668 1290 θεοσδότῳ
1694 1218 1851 1289 χαρί-

279 1330 451 1383 σματι
470 1312 793 1382 τετίμηται,
820 1312 917 1382 οἵῳ
946 1311 1020 1383 μὴ
1049 1312 1146 1366 καὶ
1170 1312 1369 1384 ἕτεροι,
1394 1313 1489 1367 καὶ
1520 1314 1617 1383 οἴῳ
1650 1311 1725 1383 μὴ
1758 1311 1853 1365 καὶ

280 1406 479 1474 ἡμεῖς’
505 1401 641 1456 ἀλλά
667 1403 762 1455 καὶ
792 1403 954 1473 ἡμεῖς
977 1442 992 1466 ,
1028 1404 1125 1472 οἵῳ
1167 1403 1240 1474 μὴ
1279 1405 1373 1457 καί
1411 1404 1585 1475 ὑμεῖς.
1645 1405 1704 1457 '0
1743 1402 1854 1475 γὰρ

280 1492 415 1555 Θεὸς
454 1491 659 1559 Λόγος,
704 1491 766 1544 οὐ
820 1490 909 1544 διά
950 1491 1075 1556 τούς
1118 1493 1541 1565 ἁμαρτήσαντας
1588 1492 1853 1562 ἀγγέλους

281 1582 537 1652 ἄγγελος,
578 1580 715 1635 ἀλλά
746 1581 833 1634 διὰ
871 1582 995 1645 τοὺς
1034 1583 1091 1635 ὲν
1130 1583 1375 1655 ἁμαρτίᾳ
1403 1583 1719 1656 ἀνθρώπους
1760 1582 1855 1638 άν-

283 1671 524 1742 θρωπος,
549 1671 838 1741 ἄτρεπτος,
867 1672 1185 1744 ἀσυγχύτως
1204 1714 1218 1739 ,
1243 1675 1663 1747 ἀναμαρτήτως,
1684 1676 1856 1749 ἀφρά-

287 1778 449 1824 στως,
471 1760 547 1824 ὠς
581 1756 691 1813 οἶδε
717 1762 809 1813 καὶ
837 1761 1138 1835 ἠϐουλήθη,
1174 1764 1241 1818 ὲκ
1280 1764 1380 1835 τῆς
1407 1765 1684 1838 Παρθένου
1707 1808 1723 1834 ,
1760 1767 1857 1821 καὶ

285 1851 428 1907 κατά
456 1851 553 1924 τήν
598 1851 775 1923 σάρκα
817 1854 986 1923 αὐτῆς
1029 1855 1124 1908 καὶ
1163 1854 1381 1910 πάντων
1409 1857 1565 1928 ἡμῶν
1618 1859 1853 1927 ἐγένετο,

291 1944 479 2013 μείνας
537 1942 566 1995 δ
608 1937 697 2015 ἦν.
744 1943 837 1996 καὶ
873 1943 1009 2009 ἐστι,
1052 1943 1143 1999 καί
1202 1945 1372 2012 ἔσται,
1414 1941 1495 2011 εἷς
1542 1948 1635 2004 καὶ
1682 1949 1710 2001 ό
1760 1949 1854 2003 αὐ-

286 2034 400 2093 τός.
446 2050 465 2084 ι
494 2027 590 2096 Εἷς
629 2032 756 2104 γάρ,
823 2033 1006 2104 φησὶν,
1068 2033 1240 2101 ἅγιος,
1285 2032 1366 2101 εἷς
1402 2036 1605 2109 Κύριος
1654 2039 1859 2109 Ἰησοῦς

286 2123 558 2195 Χριστὸς,
611 2124 692 2187 είς
747 2122 904 2191 δόξαν
960 2124 1093 2179 Θεοῦ
1153 2128 1383 2199 Πατρός.
1425 2147 1443 2181 ι
1490 2130 1601 2184 Καὶ
1649 2130 1857 2197 οὕτως,

286 2214 363 2277 ὡς
386 2214 493 2268 ἀπὸ
515 2215 618 2285 γῆς
640 2216 720 2278 είς
741 2214 1001 2287 οὐρανοὺς
1023 2216 1211 2289 ἀνέϐη,
1239 2218 1360 2289 ἥξει
1380 2219 1440 2273 τὸ
1463 2218 1732 2293 δεύτερον,
1755 2222 1862 2276 δια-

276 2298 628 2376 ’κονουμένων
676 2305 826 2377 αὐτῷ
873 2308 1178 2376 ἀγγελικῶν
1220 2310 1524 2382 εὐδοκίμων
1568 2313 1861 2383 φαλάγγων

295 2399 503 2471 μυρίων
530 2398 823 2471 μυριάδων,
847 2401 941 2453 καὶ
957 2400 1037 2453 ἔτι
1060 2401 1153 2455 καὶ⁸
1179 2406 1356 2473 κρινεῖ
1376 2405 1470 2457 καὶ
1491 2405 1703 2477 ποιήσει
1722 2405 1863 2461 κατὰ

289 2490 389 2561 τὴν
420 2489 823 2560 φιλανθρωπίαν
855 2490 1042 2546 αὐτοῦ.
1071 2492 1162 2546 Διὸ
1188 2494 1326 2563 μετά
1365 2493 1463 2558 τάς
1515 2495 1859 2567 Ἐκκλησίας,

291 2581 391 2635 καὶ
411 2577 549 2633 οἶκοι
573 2581 843 2652 εὐκτήριοι
865 2580 944 2652 τῷ
984 2580 1124 2654 Θεῷ,
1167 2582 1267 2654 τῆς
1306 2585 1679 2657 προσηγορίας
1709 2584 1863 2657 ὑμῶν

294 2673 597 2744 ἐπώνυμοι,
625 2666 669 2726 ὦ
694 2674 983 2744 εὐάρεστος
1008 2671 1239 2745 ξυνωρὶς
1267 2674 1645 2746 ἀρχαγγέλων,
1678 2675 1775 2728 οὐκ
1806 2676 1863 2728 ὲν

298 2765 490 2834 μόναις
530 2766 649 2827 ταῖς
682 2763 919 2830 πόλεσιν,
965 2763 1102 2818 ἀλλά
1140 2765 1237 2818 καὶ
1272 2768 1565 2830 στενωποῖς
1598 2765 1704 2837 ίδία
1726 2807 1741 2833 ,
1771 2766 1864 2820 καὶ

293 2857 512 2921 οἰκίαις.
543 2858 635 2909 καὶ
659 2857 848 2927 ἀγροῖς
883 2855 1231 2926 ἱδρύνθησαν,
1258 2858 1465 2928 χρυσῷ,
1491 2857 1585 2913 καὶ¹
1610 2858 1862 2929 ἀργύρῳ,

291 2944 325 3013 ἦ
362 2943 456 2997 καὶ
489 2943 741 3011 ἐλέφαντι
785 2945 1152 3014 κοσμηθέντες
1175 2960 1190 2976 ο
1226 2944 1368 2999 ῐασίν
1408 2962 1468 2999 τε
1506 2947 1556 2999 οἱ
1589 2945 1865 3019 ἄνθρωποι

291 3038 387 3090 καὶ
426 3038 508 3100 είς
549 3035 620 3090 τά
658 3035 930 3107 ἀπωτέρω
968 3036 1068 3107 τῆς
1107 3037 1478 3109 ἐνεγκαμένης
1517 3039 1716 3103 αὐτοὺς
1756 3057 1864 3110 χω-

298 3127 389 3200 ρία
418 3127 488 3182 τά
519 3126 710 3198 ἔχοντα
740 3121 849 3183 οἷον
902 3127 976 3192 ὡς
1022 3129 1288 3201 πρυτάνια
1338 3130 1750 3201 ἐπιτευγμάτων
1799 3130 1867 3184 τά

294 3220 557 3291 εὐκτήρια
591 3216 1028 3290 προϐεϐλημένα,
1057 3218 1158 3272 οὐκ
1178 3217 1462 3283 ὀκνοῦντες
1497 3219 1592 3274 καὶ
1631 3220 1866 3291 πέλαγος

1950 760 2112 827 dem,
2177 761 2322 817 nulla
2382 777 2447 815 ex
2514 773 2670 833 parte
2706 768 3100 826 emendationis
3148 774 3514 851 indigentem,

1950 866 2207 907 accusare
2254 854 2374 924 quis
2410 857 2618 925 possit?
2656 857 2935 925 Quomodo
2968 872 3148 919 autem
3187 871 3513 928 credendum

1950 958 2055 997 non
2092 944 2217 1011 erit,
2290 945 2556 1015 Spiritum
2621 949 2840 1019 quidem
2898 963 3146 1009 sanctum
3204 968 3263 1012 ut
3310 959 3510 1031 Regem

1952 1032 2067 1089 sive
2088 1042 2145 1088 ut
2169 1035 2358 1099 Deum,
2399 1037 2618 1107 angelos
2649 1054 2780 1095 vero
2821 1052 2881 1096 ut
2915 1042 3281 1111 administros,
3316 1050 3430 1105 sive
3456 1060 3518 1107 ut

1950 1120 2205 1188 famulos,
2241 1125 2680 1184 chrematizare?
2711 1128 2864 1186 Sicut
2898 1146 3027 1204 ergo
3058 1134 3269 1193 dillicile
3321 1150 3424 1205 est,
3455 1154 3520 1198 ut

1956 1212 2117 1287 199
2144 1215 2326 1287 aiunt,
2373 1226 2429 1272 nt
2474 1218 2831 1288 gubernacula
2876 1232 3053 1282 teneat
3098 1229 3146 1283 is
3193 1230 3281 1298 qui
3324 1233 3521 1299 guber-

1953 1307 2115 1361 nandi
2147 1317 2263 1363 arte
2306 1318 2493 1367 caret:
2527 1310 2600 1366 ita
2641 1312 2852 1369 diﬂicile
2895 1324 2980 1371 est
3021 1326 3079 1373 ut
3125 1319 3172 1375 is
3202 1321 3390 1379 doceat
3431 1327 3518 1381 cui

1954 1397 2118 1452 divini
2166 1397 2399 1469 Spiritus
2432 1403 2622 1471 gratia,
2665 1420 2784 1473 quae
2822 1407 3098 1464 hominum
3141 1413 3369 1470 salutem
3412 1433 3519 1474 una

1954 1500 2073 1541 cum
2105 1485 2270 1543 Patre
2299 1498 2353 1543 et
2383 1488 2519 1545 Filio
2542 1502 2815 1561 operatur,
2844 1511 2951 1552 non
2981 1501 3168 1569 adest;
3193 1510 3249 1557 et
3276 1506 3359 1560 cui
3385 1522 3522 1578 prae-

1958 1585 2106 1632 terea
2136 1592 2462 1650 cognoscere
2501 1595 2605 1636 non
2635 1582 2794 1640 datur
2822 1585 2989 1653 illam,
3030 1604 3147 1658 qua:
3178 1592 3260 1646 vel
3301 1594 3352 1649 in
3393 1596 3522 1665 ipsis

1956 1666 2257 1722 divinorum
2297 1670 2638 1726 oraculorum
2666 1673 3039 1745 aanigmatibus
3072 1681 3363 1750 invenitur,
3401 1700 3523 1740 cer—

1957 1765 2065 1812 tam
2091 1759 2411 1814 sententiam
2440 1771 2600 1831 atque
2630 1763 3146 1836 interpretationem,
3168 1783 3222 1827 et
3242 1787 3383 1840 eam,
3403 1790 3524 1844 quae

1958 1865 2022 1906 ex
2066 1852 2296 1906 scientia
2342 1852 2576 1908 ﬁdelium
2616 1856 2851 1912 virorum
2888 1860 3180 1930 profertur,
3212 1867 3521 1936 responsio—

1960 1955 2116 2008 nem;
2164 1942 2253 2012 qui
2316 1942 2529 1997 demum
2584 1943 2703 2000 sine
2747 1949 3101 2006 contendendi
3148 1961 3203 2007 et
3249 1956 3525 2011 contradi-

1959 2030 2111 2086 cendi
2149 2030 2390 2097 libidine,
2430 2046 2494 2086 ac
2533 2033 2651 2087 sine
2687 2037 2922 2091 versutia
2968 2037 3113 2109 loqui
3150 2043 3343 2099 nescit.
3388 2044 3526 2103 Novi

1960 2131 2137 2176 autem
2184 2121 2404 2191 optime,
2434 2137 2467 2177 ο
2512 2123 2718 2197 inclyti,
2747 2141 2812 2182 ac
2855 2128 3130 2185 caelestem
3160 2132 3333 2189 lucem
3369 2136 3524 2194 habi-

1962 2218 2140 2265 tantes
2168 2208 2341 2281 angeli
2370 2209 2487 2276 Dei,
2532 2211 2699 2271 iratos
2728 2215 2859 2271 mihi
2887 2232 2983 2273 vos
3018 2234 3127 2276 non
3171 2237 3311 2292 esse,
3343 2232 3528 2295 utpote

1961 2299 2460 2371 irreprehensibiles
2485 2318 2549 2360 ac
2578 2306 2866 2375 perfectos,
2898 2310 2967 2364 ob
3020 2324 3082 2365 ea
3117 2327 3234 2382 qua:
3269 2328 3302 2368 a
3330 2329 3416 2371 me
3442 2316 3528 2371 di-

1962 2402 2047 2447 cta
2081 2402 2207 2449 sunt
2230 2393 2441 2450 illorum
2471 2397 2783 2467 angelorum
2818 2415 3003 2468 causa,
3036 2404 3129 2473 qui
3178 2413 3369 2461 natura
3408 2408 3529 2479 qui-

1962 2485 2085 2541 dem
2116 2486 2269 2541 vobis
2312 2487 2516 2545 similes
2546 2498 2693 2557 sunt,
2742 2491 2994 2549 laudabili
3038 2510 3166 2551 vero
3202 2508 3382 2554 mente
3419 2513 3528 2556 non

1964 2576 2124 2645 item;
2167 2578 2364 2649 quique
2397 2579 2466 2634 ab
2497 2579 2653 2637 initio
2681 2583 3154 2653 reprehensionem
3192 2601 3526 2659 meruerunt,

1963 2666 2102 2721 sicut
2124 2667 2360 2722 haeretici
2394 2670 2579 2735 etiam,
2621 2672 2711 2740 qui
2753 2687 2815 2729 ea
2854 2675 2909 2728 in
2956 2676 3191 2732 medium
3227 2679 3531 2739 inconsulte

1965 2757 2217 2826 all‘erunt,
2257 2773 2377 2828 qua:
2422 2776 2593 2830 nuper
2624 2776 3041 2823 commemorata
3099 2778 3245 2835 sunt,
3289 2786 3531 2842 quosque

1966 2850 2196 2904 maxime
2249 2851 2491 2921 ineptos,
2556 2851 2625 2907 ad
2676 2864 2948 2911 certamen
3004 2867 3187 2914 contra
3248 2864 3529 2919 veritatem

1966 2942 2282 3009 ineundum,
2336 2957 2456 3000 esse
2502 2945 2844 3014 cognoscitis.
2881 2946 3009 3002 Mihi
3039 2949 3181 3003 enim
3231 2965 3409 3007 sermo
3446 2964 3533 3009 est

1967 3048 2064 3104 pro
2094 3034 2277 3090 divino
2309 3033 2536 3105 Spiritu,
2567 3036 2657 3106 qui
2700 3037 2882 3092 omnia
2915 3037 3209 3108 illuminat;
3238 3042 3329 3110 qni
3373 3055 3531 3099 crea-

1970 3125 2106 3181 turis
2137 3124 2341 3191 divina,
2370 3140 2474 3181 non
2499 3141 2655 3182 secus
2688 3142 2752 3183 ac
2776 3129 2942 3183 Pater
2966 3138 3019 3184 et
3046 3127 3364 3200 Unigenitus
3392 3133 3532 3205 ejus.

1969 3219 2227 3287 largitur;
2253 3219 2343 3288 qui
2368 3234 2464 3275 vos
2489 3221 2652 3275 etiam
2683 3220 3068 3290 sanctiﬁcatit;
3096 3224 3293 3295 quique
3323 3239 3353 3279 a
3383 3227 3534 3282 vobis

292 3308 586 3373 διαλαϐεῖν,
624 3308 693 3380 ἢν
716 3306 845 3371 δέοι,
870 3308 1100 3380 μακρὸν,
1135 3309 1228 3361 καὶ
1266 3308 1475 3363 πολλῶν
1500 3309 1698 3380 ἐφεξῆς
1722 3311 1863 3381 ήμε-

1967 3323 2063 3379 per
2094 3310 2377 3379 trisagium
2406 3311 2663 3382 hymnum
2693 3327 2798 3368 nna
2832 3329 2952 3368 cum
2993 3313 3155 3370 Patre
3184 3326 3239 3372 et
3265 3317 3404 3374 Filio
3427 3320 3532 3390 glo-

298 3398 404 3468 ρῶν
434 3399 554 3453 ὁδὸν
583 3397 695 3452 ἔσθ’
728 3400 816 3454 ὅτε
844 3401 938 3454 καὶ
980 3400 1255 3473 ἀργαλέαν
1296 3398 1575 3467 ὲξανῦσαι,
1623 3400 1701 3465 ὠς
1748 3418 1865 3456 πει-

296 3487 656 3561 ραθησόμενοι
684 3489 925 3554 πλείονος
956 3489 1166 3556 εὐνοίας
1186 3491 1282 3562 μὲν
1306 3493 1405 3563 τῆς
1423 3492 1553 3562 περὶ
1574 3490 1673 3563 τὴν
1696 3509 1867 3563 πρεσ-

294 3580 446 3635 ϐείαν
466 3580 574 3634 ἀπὸ
600 3580 775 3651 ὑμῶν,
813 3582 1105 3652 μετουσίας
1141 3582 1197 3636 δὲ
1223 3584 1322 3654 τῆς
1350 3565 1460 3637 τῶν
1487 3583 1869 3654 φιλοτιμουμέ-

294 3668 402 3727 νων
434 3672 575 3744 ὑπὲρ
608 3672 703 3727 τοῦ
757 3668 817 3727 εὖ
848 3672 942 3746 [92
969 3672 1025 3746 a]
1087 3674 1305 3742 ἀγαθῶν
1352 3668 1505 3747 παρά
1559 3673 1654 3727 τοῦ
1707 3672 1862 3727 Θεοῦ.

308 3763 401 3815 Ἐν
450 3762 552 3834 γάρ
601 3760 719 3828 ταῖς
771 3763 955 3833 ἀγίαις
1010 3763 1175 3818 αὐτοῦ
1225 3764 1570 3836 ἐκκλησίαις,
1621 3765 1715 3819 καὶ
1756 3764 1869 3827 τοῖς

295 3854 624 3924 εὐκτηρίοις,
666 3855 758 3909 καὶ
792 3856 1130 3927 μαρτυρίοις,
1163 3856 1239 3919 ὠς
1283 3857 1343 3911 ἐν
1374 3857 1556 3921 ἀλλοις
1598 3857 1866 3929 οὐρανοῖς,

295 3949 364 3999 τά
392 3946 718 3999 ἀνέκλειπτα
766 3946 930 4001 αὐτοῦ
969 3945 1275 4018 προῦθηκεν
1307 3947 1514 4019 ἀγαθόν
1557 3948 1648 4003 καὶ
1673 3949 1765 4018 ἀφ’
1794 3941 1870 4002 ὧν

293 4034 448 4101 οὗτος
484 4038 645 4103 αὐτὸς
687 4039 717 4091 ό
761 4038 1022 4101 Βασιλεὺς
1048 4039 1156 4092 τῶν
1191 4038 1601 4109 βασιλευόντων,
1633 4040 1725 4095 καὶ
1757 4041 1869 4094 K6-

302 4144 414 4198 ριος
441 4127 552 4181 τῶν
578 4128 958 4198 κυριευόντων,
1018 4128 1222 4182 δέδωκέ
1258 4146 1319 4182 τε
1360 4131 1452 4184 καὶ
1493 4131 1764 4202 ὁσημέραι
1791 4131 1871 4185 δί-

298 4220 460 4272 δωσιν
511 4220 785 4286 ἑκάστοις,
843 4221 952 4274 ἀπὸ
991 4220 1216 4286 τούτων,
1267 4222 1507 4287 εὐσεϐῶς
1559 4225 1653 4277 καὶ
1709 4224 1870 4288 ὁσίως

299 4292 779 4383 προσφερομένην,
837 4312 1045 4382 δέχεται
1104 4313 1436 4384 ἀναίμακτον
1502 4314 1722 4381 θυσίαν,
1780 4317 1872 4369 καὶ

299 4403 481 4457 πάντα
525 4402 635 4473 ἔχει
674 4404 744 4459 τά
772 4404 924 4476 παρά
945 4404 1247 4477 ἀνθρώπων
1277 4406 1435 4478 γέρα.
1467 4406 1693 4477 Νομίζω
1712 4407 1770 4461 δὲ
1791 4410 1871 4472 εἰς

297 4495 366 4548 τά
403 4494 542 4547 κατά
575 4496 881 4565 αἱρετικῶν,
912 4497 1005 4551 καὶ
1036 4500 1115 4561 εἰς
1149 4496 1218 4551 τά
1265 4499 1391 4569 περὶ
1440 4498 1733 4567 θεολογίας,
1776 4500 1872 4553 καὶ

297 4588 366 4640 τά
398 4588 570 4656 ἄλογα
597 4586 733 4652 ζῶα,
764 4587 1021 4658 μενοῦνγε
1044 4589 1169 4653 τούς
1198 4589 1377 4653 λίθους
1403 4590 1617 4655 αὐτοὺς,
1640 4593 1706 4661 τῇ
1735 4608 1870 4662 προ-

301 4676 471 4749 θυμίᾳ
505 4678 945 4748 συμφθέγγεσθαι
991 4681 1139 4750 ἡμῖν.
1177 4680 1242 4733 Τί
1275 4681 1383 4753 γάρ
1424 4682 1484 4734 οὐ
1526 4684 1713 4736 ποιετό
1743 4681 1870 4754 περί
1903 4663 1945 4717 θ

301 4767 432 4820 Θεὸν
460 4767 628 4840 ἔρωςς
669 4768 703 4839 ἦ
734 4770 840 4822 τίνι
879 4773 1197 4842 παραχωρεῖ
1238 4771 1456 4844 φίλτρον
1509 4772 1706 4843 ἀληθὲς
1736 4790 1869 4845 καρ-

301 4857 445 4923 δίας;
477 4859 621 4911 Ἴστε
652 4858 762 4930 γάρ
803 4859 922 4926 (σὺν
974 4859 1093 4931 Θεῴ
1125 4860 1181 4913 δὲ
1212 4861 1387 4915 πάντα
1421 4861 1698 4933 εἰρήσθω),
1729 4861 1870 4914 οὕτω

303 4948 420 5018 μεθ’
454 4949 610 5019 ὐμῶν
642 4967 700 5002 τε
737 4951 830 5004 καὶ
868 4950 975 5004 τῶν
1008 4954 1074 5004 ὲκ
1105 4954 1202 5023 τῆς
1236 4953 1507 5024 ἡμετέρας
1534 4952 1747 5021 φύσεως
1779 4969 1871 5019 γε·

300 5036 534 5103 γονάτων
557 5038 728 5105 ἁγίων
759 5039 1169 5109 πρεσϐευόντων
1201 5042 1563 5112 πεπραχέναι,
1596 5042 1672 5105 ὡς
1702 5042 1868 5113 μηδέ-

300 5145 366 5181 να
399 5147 504 5191 πω,
538 5130 699 5200 μέχρι
730 5130 823 5182 καὶ
860 5132 1118 5201 τήμερον,
1143 5128 1253 5185 οἷον
1298 5132 1453 5202 δίκην
1486 5133 1608 5186 τινά
1655 5150 1745 5204 μοι
1775 5134 1868 5185 καὶ

300 5221 637 5295 κακηγορίας
665 5220 879 5275 ἑλέσθαι
908 5221 1091 5293 λαχεῖν
1137 5223 1278 5294 ὑπὲρ
1331 5224 1483 5295 ὐμῶν
1525 5224 1633 5277 τῶν
1668 5225 1870 5295 ήμετέ-

302 5328 409 5381 ρων
436 5311 740 5380 πρέσϐεων,
776 5310 883 5365 τῶν
918 5313 1081 5383 τιμάς
1108 5312 1204 5377 τὰς
1245 5315 1381 5385 πρὸς
1402 5315 1462 5368 τὸ
1487 5315 1682 5387 μέτρον
1716 5314 1872 5386 ὐμῶν

302 5401 453 5472 παρά
482 5403 648 5456 πᾶσιν
695 5404 958 5473 ἐχόντων’
993 5405 1127 5477 μηδὲ
1169 5405 1390 5477 ὀνόματι
1435 5407 1659 5460 καλέσαι
1691 5423 1759 5478 με
1788 5408 1868 5469 είς

305 5493 488 5560 ἀγῶνα
512 5493 605 5548 τὸν
628 5495 754 5566 περὶ
780 5495 993 5561 τούτου,
1020 5497 1114 5550 καὶ
1133 5498 1333 5568 κρίσιν,
1360 5498 1534 5552 καίτοι
1551 5499 1874 5569 εὑρισκομέ-

304 5602 405 5637 νων
425 5584 537 5638 τῶν
560 5584 631 5638 τά
665 5586 738 5657 μὴ
770 5587 896 5641 ὄντα
917 5588 1364 5662 κατηγορούντων
1384 5605 1396 5620 ο
1426 5589 1564 5645 ἀλλά
1594 5590 1726 5661 μηδέ
1755 5606 1874 5642 τινα

306 5676 631 5746 πειραθῆναι
678 5677 945 5749 διελέγξαι
984 5697 1074 5749 με,
1103 5679 1178 5743 ὡς
1229 5678 1349 5751 εἴην
1395 5678 1586 5749 λόγους
1636 5678 1874 5743 ἀκούσας

374 5833 489 5903 (91)
535 5832 774 5904 Legatus.
825 5834 1092 5900 Lucianus
1138 5847 1353 5904 quoque
1394 5830 1867 5904 verbot‘naxovsi-

308 5902 430 5956 σθαι
470 5901 633 5957 simili
678 5905 789 5958 fere
818 5920 975 5959 sensu
1012 5920 1140 5959 usus
1160 5901 1377 5957 ‘videtnr
1424 5904 1475 5956 in
1518 5901 1753 5971 Dialogis
1788 5901 1871 5967 [a-

310 5974 503 6027 bulosis
527 5974 750 6040 sciet-tis,
774 5974 991 6044 Dialogo
1023 5988 1083 6037 ιι,
1112 5988 1231 6044 pag.
1260 5971 1329 6027 66
1353 5991 1367 6041 ;
1398 5987 1518 6027 nam
1547 5969 1870 6027 Mercurium

1970 3400 2231 3457 rillcatur.
2278 3402 2384 3457 Sed
2428 3403 2559 3458 mihi
2601 3405 2781 3473 potius
2813 3404 3075 3474 Spiritum
3107 3408 3248 3466 hunc
3282 3411 3532 3482 hyposta-

1967 3492 2041 3548 sis
2068 3491 2164 3547 Dei
2196 3508 2363 3547 unum
2412 3502 2469 3548 et
2511 3493 2707 3557 solum,
2748 3505 2803 3549 et
2839 3495 3004 3550 Deum
3047 3498 3366 3566 prmdicandi
3405 3515 3533 3557 con-

1967 3582 2212 3639 sensistis
2242 3599 2257 3638 :
2287 3599 2350 3638 ac
2380 3583 2610 3640 fortasse
2640 3584 2710 3639 ob
2748 3586 3090 3641 immodicum
3132 3599 3373 3645 vestrum
3406 3608 3532 3662 erga

1968 3677 2252 3739 augustam
2308 3677 2361 3724 et
2401 3671 2911 3727 consubstantialem
2943 3672 3262 3731 Trinitatem
3294 3692 3535 3735 amorem

1971 3756 2125 3831 [mihi
2174 3766 2353 3813 autem
2397 3773 2549 3815 meus
2592 3758 2697 3815 hac
2736 3762 2788 3815 in
2827 3771 2980 3831 parte
3010 3764 3143 3819 liber
3180 3769 3534 3839 panegyricus

1968 3847 2172 3921 evadit]
2201 3857 2375 3904 vestra
2407 3863 2527 3905 esse
2567 3850 2773 3906 velletis
2816 3853 3000 3917 verba,
3043 3869 3162 3924 qua:
3193 3871 3256 3911 ex
3294 3855 3535 3928 Scriptu-

1972 3956 2152 3996 rarum
2201 3942 2469 3997 sententia
2507 3957 2537 3997 a
2589 3941 2789 4010 multis,
2838 3952 2998 4013 atque
3032 3945 3084 4000 in
3118 3962 3353 4016 praesens
3385 3966 3415 4005 a
3452 3968 3537 4007 me

1969 4030 2111 4087 dicta
2150 4040 2294 4097 sunt,
2342 4039 2398 4086 et
2457 4046 2728 4101 nunquam
2776 4033 2889 4088 haec
2947 4034 3162 4091 silentio
3210 4037 3384 4106 obrui,
3444 4045 3538 4097 sed

1970 4138 2158 4179 omnes
2195 4124 2463 4192 homines,
2505 4139 2625 4183 cum
2674 4140 2703 4178 a
2745 4126 2972 4195 negotiis
3018 4138 3232 4195 vacant,
3272 4131 3323 4185 in
3372 4131 3538 4189 hocce

1973 4226 2292 4287 argumento
2329 4224 2539 4287 tempus
2569 4217 2880 4287 impendere
2916 4220 3200 4291 exoptatis.
3250 4220 3402 4278 Hanc
3441 4225 3538 4293 igi-

1975 4317 2061 4361 tur
2097 4310 2166 4363 oh
2209 4322 2427 4363 causam
2459 4316 2513 4361 tu
2562 4309 2799 4376 quidem.
2843 4324 2878 4365 o
2916 4322 3102 4367 sancte
3150 4311 3400 4380 Michael,
3447 4330 3538 4370 su-

1941 4413 2158 4468 .premo
2176 4398 2386 4469 judicio
2414 4400 2479 4454 ad
2509 4400 2879 4468 imperandum
2921 4402 3254 4473 incorporeis
3294 4406 3545 4461 exerciti-

1972 4492 2072 4545 bus
2123 4490 2345 4555 electus,
2395 4504 2461 4546 ac
2492 4489 2655 4545 veluti
2702 4484 2923 4561 spiritali
2968 4493 3182 4563 cingulo
3227 4495 3540 4553 honestatus

1974 4598 2055 4646 es,
2080 4591 2135 4648 et
2165 4583 2346 4637 suavis
2388 4580 2606 4651 quidam
2629 4583 2783 4669 ‘odor
2813 4583 3027 4638 exsistis
3070 4586 3424 4643 sanctissima
3457 4604 3540 4643 re-

1975 4690 2091 4728 rum
2135 4673 2375 4732 omnium
2421 4673 2684 4737 dominas,
2736 4683 2790 4728 et
2841 4672 3202 4731 misericordis
3241 4676 3537 4734 Trinitatis.

1974 4766 2053 4820 Tn
2094 4780 2241 4829 vero,
2295 4781 2328 4820 ο
2359 4776 2543 4820 sancte
2586 4763 2824 4831 Gabriel,
2859 4774 3041 4836 utpote
3086 4768 3268 4822 arcani
3317 4768 3538 4823 tacitur-

1976 4873 2078 4911 nus
2128 4871 2193 4911 ac
2223 4855 2396 4911 lidelis
2434 4863 2637 4920 custos,
2687 4855 2893 4925 legatus
2930 4855 3039 4928 (9i)
3084 4856 3149 4909 ad
3182 4857 3539 4925 praestandum

1975 4948 2263 5004 incﬂ'abilis
2301 4947 2691 5001 Inearnationis
2724 4949 2981 5018 mysterio
3018 4947 3378 5002 ministerium
3418 4949 3541 5003 ele-

1975 5051 2095 5094 ctus
2136 5052 2216 5092 es.
2256 5037 2357 5092 Alii
2412 5046 2589 5091 autem
2617 5035 2781 5105 200
2805 5036 2925 5090 aliis
2973 5035 3330 5101 donisrvohis
3371 5050 3400 5089 a
3431 5036 3540 5090 Deo

1977 5129 2138 5192 datis,
2164 5144 2230 5182 ne
2253 5137 2497 5196 petentes
2522 5127 2761 5197 quidem,
2787 5128 2961 5181 ornati
2992 5127 3158 5192 estis;
3189 5141 3415 5195 quorum
3446 5128 3541 5183 do-

1978 5236 2167 5274 norum
2208 5218 2479 5273 nonnullis
2527 5219 2745 5286 quidem
2794 5219 2883 5273 alii
2933 5218 3199 5273 honestati
3248 5232 3354 5273 non
3393 5229 3539 5283 sunt,

1977 5311 2249 5367 nonnullis
2271 5321 2450 5365 autem
2480 5311 2744 5366 honestati
2784 5325 2890 5364 non
2920 5309 3117 5364 fuimus
3143 5324 3241 5365 nos
3273 5328 3287 5365 :
3320 5311 3412 5364 sed
3444 5325 3541 5365 nos

1976 5418 2192 5473 quoque
2224 5402 2493 5457 nonnullis
2522 5402 2759 5458 decorati
2792 5417 3000 5469 sumus,
3024 5401 3218 5465 quibus
3253 5415 3347 5456 vos
3373 5401 3541 5455 hone-

1974 5498 2098 5552 stati
2146 5513 2251 5551 non
2285 5495 2483 5551 iuistis.
2533 5495 2663 5549 Nam
2700 5494 2841 5548 Deus
2884 5494 3120 5549 Verbum
3171 5506 3275 5546 non
3325 5501 3543 5562 propter

1975 5597 2263 5658 peccantes
2294 5585 2512 5655 angelos
2556 5585 2800 5654 angelus,
2837 5584 2929 5638 sed
2969 5592 3185 5653 pmpter
3229 5591 3544 5651 peccatores

1978 5677 2225 5732 homines
2273 5677 2453 5742 homo,
2499 5675 2634 5728 citra
2680 5673 3052 5741 mutationem,
3088 5673 3225 5728 citra
3267 5672 3540 5729 confusioo

1976 5830 2051 5883 ait
2089 5829 2192 5900 diis
2222 5826 2606 5891 διακονεῖσθαι,
2634 5824 2687 5881 id
2709 5837 2812 5895 cst,
2833 5836 2890 5882 ut
2913 5842 3011 5898 ego
3042 5827 3389 5900 interpretor,
3416 5824 3543 5884 deo-

1980 5915 2096 5953 rum
2133 5918 2148 5949 ι
2183 5899 2415 5967 legatum
2446 5912 2585 5952 esse.
2623 5916 2641 5947 ι
