4114 6582
394 339 504 395 595
1625 336 1858 391 DlDYMl
1897 334 2366 390 ALEXANDRINI
3527 329 3672 386 596

395 457 524 509 nino
551 471 785 526 unquam
831 453 1155 526 neglexerim
1221 456 1300 510 eis
1370 472 1469 524 pro
1530 457 1670 511 virili
1715 467 1868 528 parte
1943 457 2227 523 obsistere,
2268 466 2341 520 et,
2387 464 2576 510 contra
2625 468 2784 522 quam
2839 452 3146 522 deceat(5),
3191 467 3378 508 socors
3421 453 3669 509 fuerim.

392 550 647 618 Quinimo
702 563 734 604 e
771 549 1047 604 contrario
1073 549 1315 619 plerique
1345 555 1496 605 aiunt
1544 567 1629 607 me
1664 567 1760 621 pro
1821 550 2125 620 huiusmodi
2193 551 2353 606 rebus
2391 549 2444 603 in
2495 547 2726 602 medium
2795 560 3007 614 semper
3045 547 3309 614 prodiisse
3362 562 3555 617 magna
3589 549 3667 600 vi

391 655 447 701 et
474 659 628 711 voce,
657 659 720 699 ac
749 644 868 698 sine
893 644 1297 713 perturbatione
1324 644 1423 717 (6),
1464 647 1531 701 ad
1564 645 1707 702 litem
1755 655 1844 701 aut
1906 647 2274 702 intentandam
2327 651 2423 698 aut
2481 639 2849 698 sustinendam
2909 639 3011 712 (7).
3045 639 3179 695 Nam
3219 641 3427 696 lucrum
3474 644 3669 697 maxi-

395 755 540 793 mum
572 747 627 792 et
673 747 931 793 aeternum
966 745 1096 807 puto
1120 739 1225 794 mei
1256 739 1446 809 ipsius,
1473 749 1529 796 et
1588 756 1771 796 eorum
1802 741 1893 810 qui
1926 757 1994 797 ex
2033 755 2119 797 me
2163 749 2288 796 sunt
2348 739 2447 810 (8),
2501 750 2817 806 eorumque,
2869 735 2962 805 qui
3010 735 3290 791 nobiscum
3345 739 3660 800 exsistunt,

390 826 883 889 omnem‘laborem
916 842 1154 902 strenue,
1185 849 1269 901 ac,
1303 835 1346 890 si
1376 850 1512 905 opus
1571 836 1750 902 fuerit,
1811 836 2104 908 periculum
2185 835 2366 892 subire
2415 849 2513 904 pro
2550 833 2733 897 Patre,
2799 841 2853 888 et
2900 831 3057 898 Filio,
3091 840 3146 886 et
3186 832 3387 902 Spiritu
3429 848 3661 899 saneto,

391 926 482 992 qni
529 940 626 979 nos
655 923 803 988 fecit,
834 933 889 978 et
921 924 1113 988 salvat,
1164 933 1218 979 et
1254 923 1596 994 indicaturus
1636 936 1740 993 est,
1781 943 1846 983 ac
1907 927 1988 983 sui
2031 929 2200 996 ipsius
2227 927 2304 997 (9)
2333 939 2494 986 causa
2558 922 2891 994 benignitate
2917 931 3325 990 prosecuturus.
3349 921 3484 977 Cum
3513 936 3659 992 ergo

397 1019 682 1083 noveritis,
741 1027 926 1088 utpote
995 1018 1150 1074 electi
1215 1021 1532 1076 adoratores
1573 1022 1924 1078 sanctissimae
1954 1021 2254 1087 Trinitatis,
2303 1028 2360 1074 et
2404 1017 2626 1074 humani
2701 1015 2912 1086 generis
2950 1014 3111 1085 legati
3159 1024 3320 1085 atque
3369 1026 3655 1076 oratores.

399 1108 541 1161 nulla
577 1123 664 1163 me
705 1109 756 1163 in
811 1123 871 1163 re
916 1109 1172 1179 obsequio
1217 1110 1290 1164 illi
1327 1110 1580 1178 defuisse,
1629 1113 1771 1181 quod
1819 1113 1968 1167 vobis
2006 1121 2128 1181 post
2173 1112 2312 1166 hahc
2341 1109 2456 1181 (10)
2519 1107 2841 1164 Trinitatem
2877 1121 3054 1163 rerum
3118 1107 3360 1162 omnium
3399 1123 3650 1162 causam.

401 1213 566 1271 atque
598 1202 778 1257 omnia
809 1203 1170 1258 viviﬁcantem
1202 1203 1360 1275 203
1389 1207 1630 1274 debetur,
1660 1216 1846 1275 utpote
1869 1207 1959 1276 qui
2001 1205 2133 1261 mihi
2159 1205 2299 1275 apud
2357 1203 2602 1258 eamdem
2629 1200 2950 1256 Trinitatem
3013 1200 3448 1269 patrocinamiui,
3476 1214 3507 1252 a
3535 1214 3644 1268 qua

401 1295 759 1363 cogitationes
813 1294 1215 1364 locutionesque
1288 1297 1580 1366 sapientes,
1625 1308 1677 1352 et
1717 1298 1764 1352 ei
1802 1307 1967 1366 grata:
2038 1306 2200 1366 atque
2279 1303 2530 1365 acceptae,
2587 1294 2849 1364 nobisque
2897 1293 3080 1358 utiles,
3139 1307 3206 1348 ac
3260 1293 3451 1348 deinde
3495 1292 3651 1346 vobis

403 1405 616 1459 quoque
644 1389 914 1459 placentes
949 1385 1427 1445 subministrantur
1475 1409 1487 1444 :
1535 1400 1789 1460 tantoque
1829 1391 2082 1446 libentius
2151 1391 2271 1445 dico
2317 1407 2335 1441 ι
2397 1389 2612 1455 deinde,
2645 1405 2664 1440 ι
2733 1395 2934 1457 quanto
2976 1387 3384 1443 convenientius
3422 1395 3507 1441 est
3549 1402 3649 1441 na-

339 1485 348 1496 '
406 1490 580 1534 turam
606 1489 840 1535 creatam
872 1488 991 1550 post
1013 1480 1303 1536 inereatam
1335 1483 1606 1548 collocari,
1636 1493 1796 1552 atque
1829 1484 1901 1538 ita
1931 1498 1960 1537 a
1996 1482 2152 1539 nobis
2181 1483 2431 1536 decenter
2481 1479 2892 1536 commemorari
2921 1499 2936 1532 :
2969 1479 3266 1549 supplicate
3295 1479 3645 1547 peculiariter

404 1585 634 1640 prome,
697 1580 748 1625 et
785 1585 879 1640 pro
907 1569 972 1625 iis
1020 1570 1110 1639 qui
1145 1571 1248 1625 orti
1296 1581 1419 1626 sunt
1479 1588 1544 1628 ex
1609 1588 1716 1640 me,
1755 1589 1818 1628 ac
1855 1587 1953 1642 pro
2013 1573 2078 1628 iis
2139 1575 2230 1642 qui
2273 1585 2486 1627 mecum
2546 1578 2692 1635 sunt,
2743 1578 2798 1624 et
2852 1584 2950 1638 pro
3011 1569 3262 1624 omnibus
3315 1569 3434 1640 (nec
3504 1569 3649 1624 enim

403 1661 556 1716 vobis
575 1677 890 1717 concessum
915 1672 1020 1730 est,
1045 1663 1414 1734 utquidquam
1475 1666 1724 1735 amplius,
1777 1681 1936 1736 quam
1995 1665 2117 1734 hoc,
2173 1664 2326 1720 nobis
2355 1663 2682 1734 praebeatis),
2726 1670 2785 1716 ut
2821 1671 2877 1718 et
2919 1663 2972 1716 in
3005 1676 3124 1716 mea
3177 1661 3244 1718 de
3278 1662 3381 1716 hac
3423 1677 3480 1716 re
3529 1675 3654 1716 sen-

408 1754 570 1810 tentia
643 1752 931 1808 immobilis
979 1768 1342 1822 permaneam,
1411 1764 1464 1810 et
1522 1769 1709 1811 omnes
1766 1771 1898 1810 mea:
1937 1770 2146 1826 preces,
2200 1769 2334 1826 quas
2373 1753 2523 1809 novit
2560 1751 2671 1818 illa,
2719 1765 2839 1822 qua:
2892 1751 3007 1808 sola
3068 1750 3218 1806 novit
3247 1753 3450 1816 omnia,
3479 1761 3537 1806 et
3563 1753 3651 1806 cui

405 1844 588 1898 omnia
647 1856 900 1914 prospere
946 1842 999 1896 in
1049 1852 1308 1898 aeternum
1355 1843 1555 1899 cedunt
1615 1844 1750 1916 (ii),
1780 1846 2003 1915 optima,
2052 1854 2107 1901 et
2144 1859 2241 1915 per
2286 1859 2346 1900 se
2387 1827 2622 1914 perfecta
2669 1852 2725 1899 et
2783 1844 3059 1899 individua
3093 1841 3351 1906 Trinitas,
3419 1853 3655 1910 acceptae

407 1939 540 2008 sint,
596 1947 652 1994 et
711 1936 941 2008 benigne
989 1938 1313 2005 audiantur;
1357 1953 1562 2008 nosque
1601 1952 1722 1993 cum
1777 1941 2026 1996 omnibus
2062 1938 2186 1996 [iliis
2233 1938 2368 2010 (ίὲ),
2430 1953 2550 1994 cum
2591 1944 2702 1994 tota
2748 1939 2930 2003 domo,
2983 1951 3107 1991 cum
3156 1943 3265 1990 tota
3324 1933 3549 2000 familia,
3598 1945 3654 1988 et

406 2048 530 2088 cum
566 2031 813 2087 omnibus
852 2030 1040 2086 amicis
1075 2029 1258 2102 [amici
1291 2046 1419 2086 vero
1452 2031 1606 2088 nobis
1671 2042 1796 2090 sunt
1859 2033 2168 2106 orthodoxi]
2199 2034 2477 2090 vobiscum
2508 2047 2637 2098 una,
2683 2039 2739 2087 et
2797 2045 2918 2087 cum
2986 2029 3236 2085 oumibus
3278 2029 3482 2084 sanctis
3531 2043 3654 2083 eam

409 2124 648 2189 laudare,
687 2119 689 2121 ’
726 2122 1002 2194 trisagium
1069 2122 1327 2192 hymnum
1396 2124 1658 2191 canendo,
1734 2125 1788 2179 in
1862 2124 2014 2181 cmlis
2083 2139 2180 2195 per
2249 2123 2455 2178 infinita
2507 2123 2701 2179 secula
2768 2121 3124 2187 saeculorum,
3187 2131 3243 2177 et
3301 2121 3654 2190 promissum,

411 2227 573 2282 atque
639 2228 668 2266 a
713 2213 870 2267 nobis
931 2211 1189 2266 creditum
1241 2213 1667 2280 interminabile,
1728 2228 1780 2271 et
1855 2218 2186 2272 individuum
2230 2216 2348 2284 eius
2421 2231 2642 2286 regnum
2716 2230 2810 2285 per
2869 2215 3096 2284 gratiam
3177 2214 3345 2284 ipsius
3400 2211 3657 2284 consequi

414 2322 736 2362 mereamur.
800 2307 993 2360 Amen.
1068 2307 1257 2361 Amen.
1313 2308 1503 2361 Amen.

492 2398 581 2452 IX.
618 2398 722 2452 Sed
743 2396 854 2468 iam
885 2407 1091 2467 tempus
1107 2393 1188 2452 est
1213 2401 1275 2453 ad
1300 2401 1568 2470 inceptum
1607 2411 1980 2470 argumentum

2153 2402 2231 2455 ϐ’.
2279 2401 2419 2452 Ἀλλ’
2451 2399 2570 2471 ὥρα
2614 2399 2723 2470 γὰρ
2773 2400 2854 2464 είς
2903 2402 3003 2472 τὴν
3059 2403 3352 2473 ἀρχθεϊσαν
3408 2403 3662 2458 ὑπόθεσιν

416 2487 638 2543 reverti.
677 2485 813 2551 Quia
844 2502 944 2540 una
979 2503 1100 2541 cum
1127 2488 1358 2552 Christo,
1388 2499 1570 2558 utpote
1600 2489 1742 2544 Deus
1767 2499 1820 2544 et
1843 2490 1985 2544 Con-

416 2578 579 2642 ditor,
603 2569 943 2646 iudicaturus
983 2587 1066 2632 est
1123 2579 1304 2632 omnia
1339 2579 1570 2648 Spiritus
1609 2587 1846 2635 sanctus.
1875 2579 1980 2636 Cu-

411 2669 503 2736 ius
529 2676 611 2722 est
637 2667 778 2722 enim
809 2667 989 2721 omnia
1023 2666 1291 2735 judicare,
1325 2669 1428 2723 nisi
1460 2669 1574 2738 ejus
1605 2670 1696 2738 qui
1762 2670 1987 2726 Deitatis

415 2769 470 2815 et
511 2760 669 2831 regis:
701 2759 1083 2815 dominationis
1115 2762 1543 2816 communionem
1589 2777 1710 2816 cum
1759 2762 1847 2817 illo
1893 2764 1987 2817 ha-

426 2853 537 2918 bet,
564 2853 655 2921 qui
683 2853 795 2922 ipsa
825 2852 992 2908 fecit?
1028 2851 1102 2906 lta
1136 2855 1423 2922 prophetat
1448 2854 1615 2908 Isaias
1643 2872 1657 2908 :
1687 2873 1705 2906 ‹
1734 2853 1988 2924 Egredie-

422 2955 509 2998 tur
539 2943 650 3014 (15)
682 2945 830 3014 virga
853 2960 918 2998 ex
947 2944 1127 2999 radice
1155 2944 1330 3008 Jesse,
1361 2955 1415 3000 et
1449 2943 1545 2999 [los
1570 2961 1635 3000 ex
1674 2946 1852 3000 radice
1875 2946 1987 3015 (Μ)

420 3036 697 3088 ascendet.
722 3033 789 3088 Et
819 3035 1122 3102 requiescet
1149 3050 1308 3104 super
1334 3050 1456 3089 eum
1483 3034 1718 3104 Spiritus
1743 3035 1832 3089 Dei
1853 3035 1985 3106 (i5),

421 3123 651 3191 Spiritus
684 3123 962 3191 sapientiae
985 3133 1038 3178 et
1067 3124 1396 3192 intellectus,
1428 3125 1664 3195 Spiritus
1693 3127 1906 3182 consilii
1935 3141 1991 3182 et

423 3211 777 3276 fortitudinis,
811 3210 1046 3280 Spiritus
1090 3213 1330 3267 scientiae
1364 3222 1418 3267 et
1449 3217 1696 3284 pietatis;
1726 3225 1780 3272 et
1819 3217 1990 3285 reple-

425 3303 503 3356 bit
529 3317 654 3357 eum
687 3301 922 3371 Spiritus
953 3303 1164 3357 timoris
1189 3303 1307 3361 Dei.
1334 3304 1449 3360 Non
1472 3307 1766 3361 secundum
1790 3307 1991 3376 opinio-

425 3407 546 3446 nem
587 3393 870 3460 iudicabit,
927 3409 1103 3463 neque
1147 3396 1440 3450 secundum
1480 3395 1745 3465 loquelam
1781 3407 1987 3469 arguet.

424 3483 533 3539 Sed
560 3483 825 3554 iudicabit
859 3485 1045 3539 humili
1080 3483 1244 3558 204
1273 3486 1554 3555 iudicium,
1595 3497 1649 3542 et
1683 3498 1869 3557 arguet
1897 3505 1991 3543 διιδ-

423 3575 618 3645 perbos
643 3574 778 3646 (l6),
811 3584 863 3629 et
895 3575 1145 3631 liberabit
1179 3575 1406 3632 humiles
1434 3586 1612 3642 terras,
1642 3589 1696 3633 et
1728 3582 1991 3649 percutiet

427 3677 626 3721 terram
661 3666 826 3722 verbo
856 3666 968 3721 oris
991 3666 1096 3731 sui,
1120 3677 1175 3720 et
1205 3668 1255 3720 in
1296 3667 1496 3737 Spiritu
1537 3685 1632 3738 per
1655 3669 1792 3723 labia
1819 3670 1990 3724 inter-

2088 2485 2244 2553 αὖθις
2286 2486 2379 2542 οὖν
2421 2489 2690 2542 τείνεσθαι
2721 2487 2813 2560 [9'5
2868 2489 2946 2562 a].
2987 2491 3106 2544 ’Ότι
3155 2493 3252 2545 σὺν
3302 2493 3380 2564 τῷ
3421 2494 3656 2564 Χριστῷ,

2089 2579 2185 2633 ἅτε
2216 2579 2350 2642 Θεὸς
2387 2579 2480 2632 καὶ
2519 2579 2876 2650 Δημιουργδς,
2903 2582 2966 2633 τὸ
3012 2581 3166 2648 ἅγιον
3208 2582 3431 2653 Πνεῦμα
3460 2584 3663 2654 κρίνειν

2091 2670 2273 2740 μέλλει
2309 2671 2379 2723 τά
2416 2671 2611 2724 πάντα.
2637 2671 2794 2734 Τίνος
2838 2671 2947 2742 γὰρ
2981 2672 3076 2726 καὶ
3102 2671 3246 2726 ἐστιν
3275 2675 3475 2743 κρῖναι,
3507 2673 3540 2745 ἢ
3571 2675 3664 2727 τοῦ

2088 2761 2370 2817 κοινωνίαν
2393 2761 2608 2832 ἔχοντος
2639 2761 2776 2832 πρὸς
2800 2761 2890 2814 τὸν
2912 2764 3214 2840 ποιήσαντα
3249 2764 3387 2817 αὐτὰ
3417 2765 3666 2835 θεότητος

2089 2853 2184 2907 καὶ
2229 2853 2535 2922 βασιλείας;
2563 2852 2637 2915 ὡς
2667 2852 3002 2923 προφητεύει
3040 2852 3263 2917 Ἡσαΐας
3321 2854 3420 2925 μέν
3445 2871 3458 2884 ο
3493 2873 3512 2906 ί
3549 2851 3666 2919 Ἐξο

2089 2941 2364 2995 ελεύσεται
2391 2941 2583 3012 ῥάϐδος
2615 2942 2680 2994 ἐκ
2719 2941 2817 3011 τῆς
2854 2939 3012 3011 ῥίζης
3051 2942 3268 3004 Ἰεσσαὶ,
3297 2944 3392 2997 καὶ
3418 2944 3576 3007 ἄνθος
3603 2946 3667 2996 ὲκ

2088 3031 2188 3101 τῆς
2233 3029 2388 3101 ῥίζης
2429 3030 2790 3101 ἀναϐήσεται,
2835 3031 2930 3083 καὶ
2968 3031 3340 3086 ἀναπαύσεται
3389 3035 3476 3086 ἐπ’
3506 3034 3669 3088 αὐτὸν

2089 3115 2314 3190 Πνεῦμα
2351 3118 2444 3172 τοῦ
2488 3117 2645 3184 Θεοῦ,
2677 3117 2904 3189 Πνεῦμα
2971 3119 3162 3188 σοφίας
3211 3121 3304 3174 καὶ
3378 3121 3664 3184 συνέσεως,

2090 3207 2316 3279 Πνεῦμα
2368 3207 2562 3280 βουλῆς
2602 3207 2696 3260 καὶ
2747 3207 2949 3277 ἰσχύος,
2984 3208 3208 3280 Πνεῦμα
3278 3209 3528 3279 γνώσεως
3571 3211 3664 3263 καὶ

2090 3298 2404 3361 εὐσεϐείας’
2433 3300 2529 3352 καὶ
2549 3298 2815 3370 ἐμπλήσει
2851 3298 3012 3352 αὐτὸν
3062 3300 3288 3370 Πνεῦμα
3326 3301 3485 3370 φόὅου
3506 3300 3662 3353 Θεοῦ.

2093 3391 2167 3444 Οὐ
2197 3390 2335 3444 κατὰ
2362 3391 2460 3462 τὴν
2483 3390 2639 3455 δόξαν
2659 3392 2855 3460 κρινεῖ,
2875 3389 2994 3442 οὐδὲ
3014 3390 3153 3443 κατὰ
3179 3391 3276 3461 τὴν
3308 3391 3493 3444 λαλιὰν
3516 3390 3667 3460 ἐλέγ-

2095 3481 2204 3547 ξει’
2255 3482 2390 3536 ἀλλὰ
2438 3483 2615 3554 κρινεῖ
2664 3480 2907 3550 ταπεινῷ
2935 3482 3138 3551 κρίσιν,
3170 3484 3265 3535 καὶ
3309 3482 3516 3551 ἐλέγξει
3546 3484 3671 3546 τοὺς

2095 3574 2499 3645 ὑπερηφάνους,
2525 3575 2619 3627 καὶ
2648 3573 2909 3639 ὲξελεῖται
2940 3575 3068 3636 τοὺς
3101 3576 3391 3637 ταπεινοὺς
3424 3576 3524 3646 τῆς
3545 3575 3668 3644 γῆς,

2096 3665 2190 3718 καὶ
2228 3665 2457 3730 πατάξει
2502 3665 2598 3734 τὴν
2631 3663 2735 3733 γῆν
2761 3663 2838 3733 τῷ
2881 3663 3025 3734 λόγῳ
3064 3664 3158 3718 τοῦ
3190 3666 3454 3736 στόματος
3484 3665 3670 3729 αὑτοῦ,

423 3756 568 3812 ficiet
627 3757 818 3825 impios
847 3757 982 3828 (i7).
1013 3775 1031 3809 ι
1084 3755 1302 3827 Virgam
1357 3769 1410 3813 et
1454 3758 1640 3814 ﬂorent
1697 3773 1762 3814 ex
1815 3759 1994 3814 radice

2100 3757 2194 3810 καὶ
2215 3759 2271 3808 ὲν
2301 3755 2579 3825 Πνεύματι
2611 3754 2698 3808 διὰ
2719 3754 2939 3825 χειλέων
2989 3756 3168 3809 ἀνελεῖ
3219 3758 3452 3821 ἀσεϐεῖς.
3484 3777 3502 3809 ι
3548 3757 3673 3824 Ῥά-

424 3847 575 3902 Jesse
609 3847 754 3902 illum
785 3845 939 3913 dicit,
975 3847 1066 3918 qui
1103 3863 1165 3903 ex
1199 3849 1308 3917 ipsa
1355 3851 1509 3919 quasi
1547 3865 1765 3919 germen
1799 3852 1995 3920 prodiit

426 3938 479 3991 in
503 3938 903 4005 lncarnatione,
932 3954 996 3994 ac
1025 3940 1106 3994 sui
1143 3940 1326 3995 odoris
1359 3941 1624 3994 suavitate
1647 3951 1846 3995 terram
1875 3957 1995 3995 eor-

427 4028 922 4097 roboravitzsuper
961 4044 1121 4097 quem
1168 4031 1331 4083 etiam
1358 4031 1724 4097 quiescentem
1761 4029 1993 4083 vidimus

427 4122 480 4174 in
532 4120 834 4190 Evangeliis
886 4119 1144 4190 Spiritum
1197 4129 1440 4174 sanctmn
1503 4134 1713 4186 :quem
1782 4121 1992 4172 demum

499 4298 576 4371 (5)
610 4296 820 4351 Deceat.
853 4297 1134 4371 Didymus,
1160 4298 1261 4371 ούκ
1290 4297 1543 4371 ενδέοντι.
1577 4294 1717 4371 Qua“
1743 4309 1874 4371 voce
1904 4315 1996 4371 eo-

429 4363 743 4424 dem—sensu
793 4363 969 4420 utitur
1007 4366 1104 4420 Dio
1161 4369 1403 4431 Cassius,
1441 4380 1562 4434 pag.
1615 4363 1720 4418 855
1750 4367 2003 4420 editionis

431 4439 692 4492 lieimari.
722 4436 858 4490 Aliis
884 4449 1032 4497 vero,
1063 4447 1121 4490 ut
1155 4437 1416 4490 Clementi
1461 4438 1512 4489 in
1543 4449 1616 4486 vn
1649 4434 1997 4500 Stromatum,

429 4509 490 4562 τὸ
520 4507 698 4560 ἐνδέον
731 4505 928 4556 dicitur
963 4521 982 4552 ι
1007 4505 1056 4557 id
1085 4507 1226 4573 quod
1268 4509 1439 4559 deest,
1470 4525 1488 4556 ι

502 4578 579 4647 (6)
614 4573 1042 4628 Perturbatione.
1087 4575 1266 4630 Codex
1295 4615 1310 4638 ,
1351 4577 1581 4646 ἥρεμος,
1635 4591 1755 4632 cum
1809 4588 2004 4644 aspero

431 4649 644 4704 spiritu.

463 4665 1010 4786 pilililgustinendam.
1043 4712 1194 4786 verti
1245 4714 1406 4786 etiam
1460 4725 1670 4786 potest:
1711 4713 1819 4767 «ad
1860 4714 2003 4783 indi-

433 4783 574 4841 cium
602 4785 860 4848 dandum,
886 4791 980 4836 aut
1003 4783 1395 4850 accipiendum.
1425 4805 1444 4838 ι

505 4855 582 4924 (8)
619 4852 705 4924 Ex
730 4868 807 4905 me
837 4861 978 4906 sunt.
1013 4854 1147 4908 Vide
1171 4867 1341 4921 segni.
1376 4857 1478 4911 M8
1514 4857 1562 4909 b.

501 4924 583 5006 (9)
611 4923 706 4976 Sui
733 4924 918 4990 ipsius.
953 4925 1161 4986 Codex,
1201 4925 1385 4978 αὑτοῦ.
1432 4927 1632 4996 Legerc
1667 4932 1850 4985 malim
1911 4931 2009 4984 αὑ-

433 5015 549 5050 του.

507 5064 620 5143 (ΑΙ-Ο)
651 5063 776 5143 Post
819 5063 971 5143 lianc.
1001 5066 1200 5128 Codex,
1262 5065 1427 5136 μηδὲν
1479 5084 1544 5138 με
1591 5071 1818 5143 ταύτην.
1870 5071 2014 5141 Lego

441 5133 610 5208 μηδὲν
642 5134 760 5208 μετξ
782 5133 972 5208 αὐτήν.

507 5205 555 5277 (1
575 5211 632 5282 1).
657 5205 878 5282 gedum“.
910 5205 963 5258 In
999 5207 1206 5282 Grtcco,
1239 5212 1317 5273 είς
1348 5212 1520 5264 αἴσιον
1554 5215 1647 5267 καὶ
1672 5215 1756 5266 ἐπ’
1787 5211 2008 5282 ἄπειρον

441 5273 800 5352 κατορθοῦσα.
836 5273 966 5352 Quae
996 5279 1155 5352 verba
1197 5294 1300 5332 non
1355 5283 1488 5352 satis
1537 5285 1819 5352 perspicua
1863 5273 2006 5336 su'nt.

441 5352 496 5403 In
527 5344 762 5416 Ερὶειοία
791 5344 859 5395 ad
892 5347 1196 5402 Archintum
1221 5351 1495 5416 prwsulem
1527 5344 1797 5414 transtuli,
1834 5369 1852 5401 ‹
1878 5353 2005 5404 inli-

371 5422 374 5424 ’
441 5420 553 5473 nite
586 5422 734 5472 beata
765 5431 779 5469 :
814 5431 832 5463 ι
864 5433 983 5471 nam
1014 5432 1117 5470 vox
1148 5419 1373 5488 ἄπειρον
1402 5422 1518 5474 sine
1560 5422 1722 5475 dubio
1751 5420 1890 5474 valet
1924 5421 2008 5474 hic

448 5511 464 5539 ι
497 5488 783 5549 inﬁnitum,
815 5502 833 5534 ι
870 5496 962 5541 aut
997 5497 1329 5544 «aeternum:
1364 5510 1382 5542 ι
1428 5505 1492 5543 ac
1526 5490 1742 5559 frigide,
1772 5505 1890 5542 meo
1917 5488 2004 5555 ju-

440 5559 1035 5629 dicio,iquis_verteret,
1070 5577 1088 5609 ι
1124 5559 1419 5628 inexperto,
1449 5579 1467 5611 ι
1511 5571 1603 5613 aut
1636 5580 1653 5611 ι
1686 5563 1866 5629 ignoto
1897 5574 2007 5611 mo-

445 5631 530 5681 do.
561 5647 578 5677 ο
613 5627 782 5680 Simili
819 5630 1026 5684 ratione
1055 5632 1104 5682 in
1140 5627 1544 5685 cottimcntariis
1573 5631 1628 5683 in
1661 5627 2003 5692 Psalmos,ad

441 5700 904 5771 postrema_verba
937 5700 1124 5767 psalmi
1152 5717 1240 5765 cx,
1264 5702 1404 5771 quod
1427 5700 1634 5755 Psaltes
1668 5701 1763 5762 ait,
1811 5701 1889 5771 εἰς
1913 5697 2001 5750 τὸν

442 5767 613 5818 αἰῶνα
647 5766 738 5817 τοῦ
773 5766 984 5826 αἰῶνος.
1024 5766 1295 5839 Didymus-
1329 5773 1482 5825 altlor
1543 5773 1687 5831 dicit,
1728 5771 1810 5822 ἐπ’
1845 5769 1997 5822 ἄπει-

2104 3851 2226 3903 6δον
2258 3849 2351 3903 καὶ
2379 3848 2537 3910 ἄνθος
2564 3849 2626 3899 ὲκ
2649 3847 2748 3917 τῆς
2784 3841 2936 3918 ῥίζης
2963 3848 3156 3901 Ἰεσσαὶ
3185 3849 3353 3917 λέγει.
3377 3849 3467 3902 τὸν
3491 3850 3549 3915 ἐξ
3580 3850 3675 3902 αύ-

2101 3941 2200 4007 τῆς
2233 3941 2290 3991 ὲν
2317 3941 2381 4009 τῇ
2427 3938 2834 4010 ὲνανθρωπήσει
2883 3939 3279 4010 βλαστήσαντα,
3317 3940 3410 3992 καὶ
3445 3942 3508 4010 τῇ
3550 3941 3676 3991 ἑαυ-

2098 4031 2192 4084 τοῦ
2221 4031 2416 4101 εὐωδίᾳ
2435 4030 2770 4102 τὴνὺφήλιον
2802 4029 3073 4102 ρὠαντα,
3092 4033 3177 4100 ἐφ’
3205 4031 3263 4084 ὃν
3281 4032 3458 4102 ἴδομεν
3487 4032 3543 4082 ὲν
3574 4031 3674 4081 Εὑ-

2101 4121 2374 4188 αγγελίοις
2418 4122 2870 4190 ἀναπαυσάμενον
2903 4122 2962 4175 τὸ
2991 4121 3144 4191 ἅγιον
3190 4123 3447 4188 Πνεῦμα·
3482 4119 3671 4189 κριτὴν

2107 4317 2226 4370 ρον,
2254 4299 2305 4351 id
2332 4310 2462 4370 est,
2511 4318 2528 4350 ι
2552 4301 2602 4353 in
2639 4309 2919 4355 aeternum.
2948 4319 2965 4351 ι
3010 4301 3075 4353 Ἦ
3128 4300 3334 4363 civem;
3371 4297 3534 4353 αὐτοῦ
3566 4299 3676 4369 (in-

2106 4367 2240 4438 quit)
2276 4367 2427 4438 μένει
2475 4371 2562 4422 ἐπ’
2585 4371 2832 4440 ἄπειρον,
2859 4372 2910 4424 id
2952 4381 3051 4433 est,
3092 4371 3517 4440 «laudatioicjus
3569 4367 3677 4422 ina-

2109 4451 2198 4491 net
2247 4440 2298 4490 in
2356 4448 2687 4499 αξιοι-ηοω.»
2724 4439 2845 4494 εἰνο
2911 4440 3290 4493 «infinitum.»
3351 4439 3485 4491 Cum
3547 4452 3674 4492 vero

2110 4511 2350 4572 verbum,
2389 4508 2706 4577 κατορθοῦν,
2745 4510 3015 4578 duplicem
3067 4509 3264 4563 habeat
3318 4508 3674 4578 signiﬁcatio:

2111 4591 2253 4639 nem,
2290 4579 2426 4632 verti
2459 4579 2686 4632 fortasse
2731 4577 2892 4631 etiam
2927 4587 3145 4647 posset:
3174 4595 3192 4627 ι
3221 4591 3340 4643 quae
3374 4577 3556 4631 omnia
3608 4577 3672 4630 ad

2111 4661 2424 4716 prosperum
2464 4647 2664 4701 exitum
2699 4648 2751 4698 in
2778 4655 3036 4701 aeternum
3071 4647 3270 4713 dirigit.
3300 4664 3318 4696 ιλ

2186 4715 2298 4785 (l2)
2333 4715 2512 4769 Filiis.
2543 4717 2746 4779 Codex,
2777 4719 3084 4772 παντεκνεῖ.
3116 4725 3170 4785 et
3208 4715 3433 4785 reliqua.
3486 4715 3675 4769 Utrum

2116 4783 2293 4839 autem
2355 4786 2695 4840 scribendum
2743 4786 2813 4838 sit
2869 4783 3160 4854 πανδημεί,
3209 4784 3440 4851 exempli
3491 4799 3676 4854 causa,

2118 4856 2428 4924 παμψηφεὶ,
2472 4854 2750 4916 πανσυδεί,
2785 4865 2837 4908 et
2878 4852 3093 4915 caetera,
3129 4870 3194 4906 an
3247 4852 3676 4924 vero__rcav8mﬂ-.

2119 4921 2401 4995 παμψήῴὶ,
2417 4921 2677 4986 πανσυδί,
2700 4926 2972 4995 disputant
3000 4921 3353 4995 grammatici.
3389 4921 3498 4989 Ego
3521 4925 3680 4995 codi-

2121 4992 2546 5065 cis‘scr'ipturam
2593 4992 2809 5059 retinui,
2845 4994 2898 5046 in
2948 4992 3056 5065 quo
3096 4992 3349 5065 similium
3382 4992 3672 5046 vocabulo-

2122 5081 2238 5118 rum
2265 5062 2534 5133 postrema
2564 5065 2765 5134 syllaba
2792 5062 3250 5118 circumfleCtitur.

2189 5135 2296 5206 (15)
2322 5135 2658 5206 Egredietur.
2690 5135 2793 5206 lsa.
2823 5150 2897 5198 xi,
2940 5134 3052 5206 i-i.

2189 5146 2276 5206 (to
2322 5146 2658 5206 ngedtelur.
2690 5146 2793 5188 lsa.
2823 5150 2897 5198 xi,
2940 5146 3052 5186 1-4.

2184 5146 2296 5275 (iii
2329 5205 2411 5258 Ex
2444 5207 2640 5258 radice.
2700 5205 2886 5260 Grzeca
2940 5203 3105 5275 Biblia
3128 5273 3136 5275 4
3162 5203 3361 5259 habent
3391 5221 3456 5275 :Ac
3478 5218 3541 5275 ex
3591 5216 3680 5275 ra-

2114 5275 2231 5374 dice
2255 5272 2390 5374 eius.
2419 5293 2437 5326 ι
2474 5275 2735 5355 Didymus
2783 5290 2951 5346 segm.
2983 5273 3085 5329 125
3120 5273 3170 5339 b,
3203 5275 3364 5331 habet
3387 5273 3447 5338 ἐξ
3483 5272 3718 5374 adsim.

2115 5345 2164 5397 id
2192 5355 2293 5408 est,
2326 5363 2345 5394 ‹
2371 5360 2435 5399 ex
2474 5345 2609 5411 ipsa.
2637 5363 2655 5395 ι

2184 5414 2294 5486 (l5)
2328 5415 2437 5486 Qei.
2465 5410 2680 5486 (ὶοῐιιρξἱ
2709 5414 2894 5486 editio,
2927 5414 3163 5486 Κυρίου,
3186 5413 3242 5466 id
3271 5423 3352 5468 est
3379 5410 3676 5486 gDoniitti.a

2185 5478 2293 5556 (16)
2328 5478 2614 5556 Superbos.
2636 5481 2811 5537 Verba
2841 5485 2965 5556 ista,
2991 5478 3117 5547 τοὺς
3145 5483 3523 5556 ὑπερηφάνους
3544 5498 3557 5511 ·
3585 5478 3682 5556 καὶ

2119 5551 2412 5620 ἐξελεῖται,
2458 5554 2507 5608 id
2554 5563 2661 5617 est,
2725 5553 3062 5622 «superbos;
3105 5561 3160 5606 et
3205 5551 3471 5616 liberabit,
3498 5570 3514 5602 ι
3568 5551 3681 5603 sive

2122 5645 2138 5674 α
2167 5637 2341 5688 eruet,
2377 5645 2394 5676 ι
2429 5626 2622 5678 desunt
2652 5625 2704 5677 in
2738 5622 2986 5678 omnibus
3014 5622 3360 5676 editionibus.

2183 5696 2295 5765 (l7)
2331 5687 2545 5763 Impias.
2597 5693 2763 5747 Biblia
2816 5694 2998 5747 (ira-ca
3030 5711 3043 5748 :
3083 5689 3275 5760 ἀσεϐῆ,
3313 5693 3364 5746 id
3394 5700 3495 5757 est,
3539 5706 3559 5742 ι
3584 5687 3681 5742 im-

2107 5783 2269 5835 ptum.
2299 5785 2314 5817 ι
