4114 6416
297 459 403 518 597

1324 458 1414 514 DE
1453 455 1830 513 TRINJTATE
1868 452 2070 525 LIBER
2109 438 2493 507 SECUNDUS.

3436 435 3541 492 598

298 574 358 631 δέ
390 573 554 629 αὐτὸν
588 575 686 629 σὺν
721 574 801 644 τῷ
844 573 984 644 ἁγίῳ
1016 573 1297 645 Πνεύματι
1333 577 1390 628 ἐν
1423 577 1490 645 τῇ
1527 574 1753 645 δευτέρᾳ
1782 574 1879 629 αὖ·

2001 586 2086 627 ma
2129 585 2250 625 cum
2293 576 2481 624 sancto
2527 562 2732 633 Spiritu
2779 560 3013 629 iudicem
3055 559 3108 613 in
3154 556 3389 613 secundo
3423 555 3545 624 ejus

300 663 399 718 τοῦ
428 664 702 735 παρουσίᾳ
747 663 872 716 ἰδεῖν
926 664 1312 734 περιμένομεν.
1343 664 1512 716 Τοῦτο
1544 663 1653 733 γὰρ
1676 662 1875 732 σημαί-

301 772 385 808 νει
442 755 503 808 τό
534 771 619 819 τε,
660 773 679 805 ι
716 755 804 807 Ἐν
836 754 1115 824 Πνεῦματι
1156 754 1245 807 διὰ
1284 754 1505 825 χειλέων
1547 754 1725 807 ἀνελεῖ
1754 754 1879 806 ἀσε-

304 846 439 911 ϐεῖς,
467 864 486 897 ι
514 845 608 900 καὶ
641 845 701 898 τὸ
734 844 965 916 ἀλλαχοῦ
999 845 1286 917 εἰρημένον
1315 844 1392 915 τῷ
1426 844 1576 915 αὐτῷ
1603 844 1874 914 προφήτῃ⁶

311 958 329 989 ι
367 937 457 991 Ἐν
484 937 764 1007 Πνεύματι
793 938 1048 1008 κρίσεως,
1070 938 1164 1010 καὶ
1185 941 1243 991 ἐν
1264 936 1543 1007 Πνεύματι
1573 936 1840 999 καύσεως.
1855 955 1879 995 ι,

308 1025 471 1079 Δαυῒδ
498 1027 554 1078 δὲ
596 1028 656 1079 ἐν
692 1026 806 1097 ρλη¹
843 1026 1042 1097 ψαλμῷ
1069 1043 1262 1096 φησιν’
1304 1046 1321 1077 ι
1344 1024 1455 1078 Ποῦ
1490 1023 1739 1095 πορευθῶ
1772 1024 1883 1077 ἀπὸ

304 1115 402 1168 τοῦ
437 1116 758 1186 Ιῐνεύματός
813 1132 947 1180 σου;
1003 1117 1099 1170 καὶ
1156 1116 1264 1169 ἀπὸ
1307 1116 1401 1167 τοῦ
1456 1112 1749 1186 προσώπου
1784 1129 1879 1167 σου

307 1206 414 1258 ποῦ
450 1206 639 1273 φύγως
672 1226 689 1256 ι
712 1207 808 1267 Τὸ,
833 1226 852 1258 ι
886 1205 997 1260 Ποῦ
1019 1207 1286 1279 πορευθῶ,
1311 1226 1328 1258 ι
1347 1207 1462 1273 καὶ,
1482 1226 1500 1257 ι
1531 1204 1640 1259 Ποῦ
1666 1205 1876 1274 φύγω,ι

308 1294 569 1347 πλατεῖαν
632 1294 745 1365 ἔχει
800 1296 1065 1367 ἔμφασιν·
1126 1295 1379 1367 σημαίνει
1441 1294 1552 1365 γὰρ
1604 1293 1881 1364 πανταχοῦ

310 1388 567 1455 παρεῖναι
626 1387 719 1439 καὶ
776 1389 969 1458 κριτὴν
1012 1387 1278 1459 ὑπάρχειν
1330 1387 1393 1440 τὸ
1430 1388 1588 1455 ἅγιον
1635 1385 1880 1455 Πνεῦμα.

316 1496 336 1527 ι
361 1477 595 1547 Φοόερὸν
622 1496 640 1527 ι
678 1478 786 1548 γὰρ
812 1478 887 1542 ὡς
935 1478 1170 1550 ἀληθῶς,
1212 1478 1352 1532 κατά
1393 1477 1483 1532 τὸν
1543 1476 1883 1541 Ἀπόστολον,

320 1586 339 1618 ι
370 1569 629 1638 ἐμπεσεῖν
652 1570 729 1632 είς
752 1572 940 1639 χεῖρας
975 1570 1109 1624 Θεοῦ
1132 1568 1352 1634 ζῶντος,
1380 1589 1398 1623 ι
1429 1568 1523 1622 τοῦ
1550 1568 1801 1638 λέγοντος
1828 1569 1885 1622 ἐν

315 1659 402 1731 μθ¹
419 1658 636 1730 ψαλμῷ·
662 1678 680 1710 ι
714 1660 945 1729 Ἐλέγξω
964 1661 1059 1714 καὶ
1080 1662 1419 1732 παραστήσω
1436 1659 1577 1713 κατὰ
1598 1660 1887 1731 πρόσωπόν

313 1763 409 1800 σου
461 1745 560 1810 τὰς
606 1747 880 1818 ἁμαρτίας
937 1766 1096 1803 σου.»
1159 1751 1269 1803 Kal.
1324 1749 1418 1803 τοῦ
1469 1749 1703 1819 Μιχαίου
1767 1748 1824 1803 δέ
1852 1751 1886 1819 ἡ

316 1838 499 1909 μικρῷ
535 1839 769 1911 πρόσθεν
807 1839 901 1913 [93
949 1842 1002 1914 ὁ]
1036 1842 1294 1913 λεχθεῖσα
1322 1842 1652 1913 προφητεία,
1682 1842 1777 1894 καὶ
1809 1843 1888 1904 είς

311 1930 430 1982 τόδε
465 1931 705 1985 συντελεῖ
744 1933 803 1986 τὸ
846 1933 1159 2003 κεφάλαιον.
1204 1934 1371 1989 Ποίαν
1415 1934 1473 1987 δὲ
1508 1932 1781 1996 ἀπόδειξιν
1823 1930 1887 1984 ἂν

2001 1927 2097 1981 hoe
2123 1926 2295 1994 ipsum
2332 1921 2623 1992 capitulum
2689 1924 3134 1988 argumentumve

311 2022 456 2075 εἴποι
495 2041 579 2087 τις
614 2025 969 2096 ἰσχυροτέραν
991 2027 1068 2089 είς
1090 2025 1268 2092 τοῦτο,
1304 2025 1398 2078 τοῦ
1426 2024 1630 2078 καὶτὸν
1660 2023 1889 2093 Σωτῆρα

312 2115 443 2186 παρ’
507 2114 725 2187 Ἰωάννῃ
781 2116 961 2184 λέγειν
1004 2118 1132 2187 περὶ
1190 2116 1285 2170 τοῦ
1338 2116 1493 2185 ἁγίου
1537 2112 1675 2170 meo
1685 2131 1852 2184 ματος
1872 2132 1884 2144 ·

316 2225 337 2257 ι
376 2206 571 2261 Ἐλθὼν
599 2210 804 2271 ἐκεῖνος
828 2206 1035 2275 ἐλέγξει
1063 2208 1153 2262 τὸν
1188 2210 1391 2278 κόσμον
1435 2210 1561 2280 περὶ
1594 2207 1887 2279 ἁμαρτίας,

312 2298 409 2351 καὶ
438 2301 566 2371 περὶ
588 2300 956 2372 δικαιοσύνης,
982 2301 1076 2355 καὶ
1103 2302 1229 2371 περὶ
1254 2301 1485 2371 κρίσεως
1514 2318 1528 2365 ;
1556 2320 1575 2352 ι

388 2480 443 2533 l'.
479 2480 600 2531 Ὂτι
637 2481 694 2532 ἐν
740 2482 804 2551 τῇ
865 2479 1276 2552 ὑπερϐαλλούσῃ
1323 2479 1551 2548 δυνάμει
1593 2480 1684 2532 τοῦ
1735 2480 1891 2549 ἁγίου

311 2569 652 2639 Πνεῦματος,
688 2572 716 2622 6
759 2570 969 2634 Παῦλος
1008 2574 1065 2624 ἐν
1118 2572 1329 2643 Κύπρῳ
1375 2571 1612 2642 Ἐλύμαν
1657 2572 1746 2624 τὸν
1792 2573 1895 2642 μά-

311 2676 433 2727 γον,
461 2661 920 2733 ἐπιστρατεύοντα
969 2666 1081 2726 τοῖς
1128 2664 1324 2732 ἁγίοις,
1368 2666 1461 2717 καὶ
1503 2665 1895 2736 λυμαινόμενον

313 2754 381 2821 τῇ
408 2751 657 2822 ἀληθείᾳ,
687 2752 1024 2823 ἐξετύφλωσε
1092 2755 1253 2824 λόγῳ.
1291 2756 1397 2809 Τοῦ
1430 2756 1747 2827 Πνεύματος
1787 2757 1897 2826 γὰρ

316 2839 454 2896 εἶναι
497 2843 593 2914 τὴν
644 2845 872 2914 δύναμιν
913 2847 1165 2900 δεικνῦσα
1214 2851 1246 2919 ἡ
1283 2849 1496 2919 Γραφὴ,
1530 2848 1680 2916 λέγει
1714 2848 1897 2910 αὐτοῖς

315 2934 572 3004 ὀνόμασιν
599 2934 771 2999 οὕτως
790 2955 801 2967 ·
846 2955 865 2988 ι
892 2937 1025 2990 Τότε
1055 2939 1084 2990 6
1110 2938 1322 3002 Παῦλος
1348 2938 1605 3009 πλησθεὶς
1642 2939 1899 3010 Πνεῦμα-

318 3042 406 3090 τος
431 3026 586 3095 ἁγίου
604 3069 618 3091 ,
647 3023 768 3080 εἶπε
814 3029 952 3099 πρὸς
1002 3030 1165 3084 αὐτόν
1186 3047 1199 3061 ⁸
1245 3030 1375 3084 Ἰδοὺ
1421 3032 1542 3101 χεὶρ
1571 3031 1776 3102 Κυρίου
1805 3030 1899 3084 ἐπὶ

320 3116 400 3180 σὲ,
437 3118 531 3169 καὶ
560 3116 658 3189 ἔσῃ
683 3117 884 3185 τυφλὸς
922 3118 996 3190 μὴ
1038 3118 1250 3188 βλέπων
1274 3120 1367 3173 τὸν
1395 3121 1566 3190 ἥλιον.
1592 3140 1610 3171 ι
1659 3118 1900 3190 Ἀληθῶς

320 3207 426 3279 γὰρ
451 3209 551 3262 οὐκ
577 3204 647 3280 ἦν
680 3210 863 3274 αὐτὸν,
913 3210 987 3283 μὴ
1040 3210 1235 3281 έχοντα
1287 3210 1383 3265 τοῦ
1434 3212 1754 3281 Πνεύματος
1800 3210 1900 3282 τὴν

1980 665 2211 721 adventu
2245 659 2429 715 videre
2471 668 2783 726 speramus;
2820 652 2871 706 id
2912 650 3057 706 enim
3088 647 3542 718 signiﬁcant-tum

1981 750 2145 807 verba
2192 747 2303 812 illa,
2359 765 2377 797 ι
2409 744 2464 800 In
2513 742 2718 810 Spiritu
2770 754 2865 810 per
2916 738 3058 792 labia
3105 734 3394 793 interlieiet
3446 735 3547 787 im-

1981 844 2118 913 pios,
2152 862 2171 894 ι
2208 850 2317 899 tum
2361 840 2435 905 id,
2477 837 2620 907 quod
2655 834 2780 895 alibi
2830 832 2897 891 ab
2933 833 3121 887 eodem
3162 828 3420 899 propheta
3464 824 3546 879 di-

1982 943 2124 1001 ctum
2148 942 2262 987 est:
2288 948 2305 982 ι
2333 929 2391 984 In
2418 928 2622 996 Spiritu
2641 924 2975 997 (l8)judicii,
3005 931 3061 976 et
3087 921 3143 975 in
3166 919 3370 989 Spiritu
3396 918 3548 972 ardo-

1984 1027 2078 1085 ris.
2107 1043 2125 1077 ι
2146 1024 2314 1081 David
2328 1021 2529 1079 veroin
2544 1033 2781 1076 cxxxvm
2805 1014 3012 1086 psalmo
3032 1011 3135 1067 ait:
3157 1028 3175 1062 ι
3195 1009 3311 1074 Quo
3331 1010 3418 1062 ibo
3436 1008 3546 1075 (19)

1984 1135 2011 1172 a
2054 1116 2258 1187 Spiritu
2293 1123 2402 1180 tuo,
2446 1120 2502 1168 et
2539 1127 2566 1163 τι
2606 1108 2743 1164 faeie
2791 1117 2881 1163 tua
2918 1118 3027 1173 quo
3062 1097 3343 1171 fugiam?»
3393 1094 3547 1153 Illud.

1990 1227 2009 1261 ι
2040 1208 2157 1275 Quo
2197 1207 2304 1270 ibo,
2335 1224 2354 1256 ι
2399 1212 2474 1267 ει,
2512 1221 2529 1254 ι
2560 1202 2677 1267 Quo
2712 1198 2932 1268 fugiam,
2964 1213 2984 1248 ι
3034 1194 3197 1247 latam
3244 1189 3407 1243 habet
3440 1201 3552 1239 em-

1985 1301 2195 1372 phasim
2241 1316 2254 1353 :
2294 1296 2556 1367 Spiritum
2601 1292 2742 1355 enim
2781 1298 3026 1345 sanctum
3075 1285 3274 1353 ubique
3320 1291 3553 1350 praesen-

1986 1403 2094 1449 tem
2140 1405 2280 1451 esse.
2328 1402 2393 1441 ac
2418 1386 2651 1455 iudicem
2700 1382 2962 1437 exsistere
3011 1375 3297 1446 signiﬁcat.
3344 1371 3550 1424 Revera

1987 1479 2129 1532 enim
2169 1494 2187 1528 ι
2221 1471 2460 1529 terribile
2487 1469 2599 1541 (20)
2638 1480 2739 1533 est,
2777 1487 2796 1520 ι
2838 1476 2897 1520 ιιι
2945 1462 3232 1534 Apostolus
3266 1460 3361 1522 ait,
3420 1473 3439 1507 ι
3473 1455 3555 1507 ἰη-

1988 1568 2173 1623 cidere
2220 1565 2272 1619 in
2320 1578 2511 1618 manus
2540 1561 2635 1615 Dei
2664 1559 2933 1614 viventis:
2968 1576 2986 1607 ι
3021 1555 3167 1610 illius
3208 1563 3421 1619 nempe,
3463 1545 3553 1614 qui

1988 1658 2041 1712 in
2074 1672 2200 1710 xm
2235 1654 2444 1725 psalmo
2486 1650 2704 1721 inquit:
2739 1666 2757 1699 ι
2785 1647 3020 1718 Arguam
3052 1642 3187 1715 (2}),
3229 1649 3284 1696 et
3325 1646 3554 1693 statuam

1988 1756 2176 1803 contra
2224 1745 2415 1801 faciem
2460 1753 2604 1798 tuam
2663 1746 2881 1810 peccata
2933 1744 3042 1790 tua.
3074 1753 3092 1785 ι
3128 1730 3269 1798 Quin
3321 1726 3557 1781 Miehmm

1990 1849 2204 1906 tutoque
2249 1832 2550 1903 prOpbetia,
2592 1844 2712 1901 quae
2758 1825 2920 1899 paulo
2947 1831 3073 1878 ante
3103 1819 3214 1892 (22)
3255 1817 3416 1872 allata
3451 1824 3555 1879 est,

3251 1909 3556 1965 conﬁrmat;

1993 2016 2404 2083 Quaenamvero
2450 2011 2682 2068 validior
2724 2010 2791 2065 ad
2822 2009 2924 2063 hoc
2966 2002 3300 2076 probandum
3338 1999 3562 2051 demon-

1992 2108 2183 2164 stratio
2229 2105 2407 2161 afferri
2459 2111 2656 2173 potest,
2708 2115 2868 2171 quam
2924 2111 3043 2167 quae
3091 2094 3304 2149 ducitur
3359 2104 3425 2144 ex
3472 2100 3556 2149 eo,

1993 2198 2134 2267 quod
2171 2195 2417 2261 Salvator
2449 2193 2588 2262 apud
2619 2190 2883 2246 Joannem
2919 2188 2984 2243 de
3017 2184 3219 2254 Spiritu
3259 2186 3450 2235 sancto
3485 2176 3562 2230 sic

1993 2293 2281 2357 loquatur:
2316 2306 2335 2339 ι
2381 2284 2476 2340 llle
2523 2283 2635 2354 (25)
2682 2281 2901 2336 veniens
2941 2286 3132 2352 (arguet
3192 2274 3447 2329 mundum
3499 2267 3564 2320 de

1994 2394 2237 2454 peccato,
2266 2394 2319 2438 et
2350 2383 2418 2437 de
2437 2380 2671 2453 justitia,
2694 2389 2749 2435 et
2782 2377 2846 2433 de
2867 2371 3109 2444 judicio?
3138 2390 3157 2422 ι

2065 2477 2132 2531 Χ.
2174 2474 2308 2541 Quia
2355 2474 2408 2531 itt
2450 2485 2704 2541 suprema
2733 2468 2969 2539 Spiritus
2993 2461 3166 2539 sancti
3216 2459 3415 2514 virtute
3446 2454 3568 2524 Ely-

1995 2581 2113 2622 mas
2142 2565 2232 2621 ille
2278 2577 2466 2633 magus
2502 2570 2813 2618 sanctorum
2843 2542 3035 2617 bustis,
3069 2565 3133 2605 ac
3161 2548 3406 2605 veritatis
3445 2560 3567 2599 cor-

1996 2665 2206 2726 ruptor,
2255 2656 2423 2712 verbo
2466 2669 2498 2708 a
2546 2650 2712 2707 Paulo
2770 2649 2825 2702 in
2872 2644 3051 2716 Cypro
3105 2644 3408 2695 excmcattis
3462 2638 3564 2685 cst.

2000 2724 2285 2817 scriptura
2309 2747 2454 2802 enim
2485 2752 2544 2798 ut
2572 2742 2715 2796 illam
2746 2739 3004 2793 virtutem
3031 2731 3279 2788 ostendat
3303 2742 3421 2782 esse
3449 2724 3570 2793 Spia

1999 2840 2134 2894 ritus
2160 2838 2355 2900 sancti,
2387 2837 2537 2891 hisce
2555 2832 2738 2893 verbis
2765 2830 3000 2898 loquitur
3029 2846 3039 2879 :
3074 2842 3093 2875 ι
3122 2822 3273 2877 Tunc
3300 2818 3409 2889 (24)
3433 2817 3570 2869 Pau-

1997 2932 2083 2988 lus
2142 2931 2380 2998 repletus
2431 2926 2636 2996 Spiritu
2689 2931 2880 2983 sancto
2923 2919 3058 2979 dixit
3104 2916 3168 2969 ad
3222 2927 3345 2968 eum
3386 2910 3571 2963 :Ecce

1998 3038 2195 3080 manus
2220 3020 2334 3093 (25)
2360 3018 2573 3074 Domini
2618 3022 2886 3084 super,te,
2916 3018 2971 3064 et
3003 3008 3111 3061 eris
3147 3017 3320 3059 caecus
3351 3017 3456 3054 non
3496 2999 3571 3050 vi-

2000 3117 2135 3171 dens
2188 3088 2378 3168 solem.
2414 3129 2432 3161 ι
2470 3108 2679 3163 Revera
2728 3088 3030 3160 enim'lieti
3084 3111 3191 3151 non
3242 3099 3473 3165 p0terat,
3517 3099 3573 3141 ut

2001 3205 2223 3268 Paulus,
2270 3201 2373 3255 nisi
2410 3199 2666 3253 virtutem
2709 3194 2942 3262 Spiritus
2971 3187 3270 3249 habuisset,
3308 3198 3428 3252 qum
3458 3196 3572 3235 0m—

322 3276 494 3353 πάντα
539 3276 867 3374 ἐνεργοῦσαν
912 3276 1161 3375 δύναμιν,
1216 3303 1505 3375 ἀνθρώπου
1543 3276 1897 3373 μαγγανείαις

2006 3298 2091 3350 nia
2136 3303 2426 3365 operatur,
2469 3289 2637 3345 verbo
2688 3286 2862 3341 visum
2916 3279 3149 3336 hominis
3186 3276 3570 3343 exstingueret,

325 3393 591 3457 συζῶντος
621 3394 716 3449 καὶ
755 3395 972 3465 δαίμοσι
1009 3396 1326 3460 πεποιθότος
1355 3396 1419 3449 τὸ
1448 3394 1668 3465 βλέπειν
1696 3394 1902 3464 ῥήματι.

322 3483 641 3538 ἀποσϐέσαι.

362 3500 641 3537 ποσοεσαι.

395 3575 498 3628 IA’.
536 3576 655 3629 Ὅτι
685 3578 750 3646 τῇ
798 3575 1025 3646 δυνάμει
1055 3575 1148 3629 καὶ
1177 3577 1359 3647 χάριτι
1401 3572 1497 3628 τοῦ
1546 3572 1702 3642 ἁγίου
1743 3571 1906 3625 Πνεύ-

329 3683 501 3737 ματος
549 3667 983 3738 ἀναπτυχθέντες
1036 3669 1088 3720 οι
1142 3668 1384 3739 οὐρανοὶ,
1432 3664 1695 3736 ὤφθησαν
1726 3662 1803 3733 τῷ
1834 3663 1906 3716 δι-

328 3758 496 3823 πλοῦς
526 3760 817 3829 στεφάνους
845 3759 1237 3831 ἀναδησαμένῳ
1258 3757 1562 3828 ἀποστολῆς
1585 3757 1677 3809 καὶ
1701 3772 1908 3826 μαρτυ-

332 3851 471 3921 ρίου.
508 3851 645 3920 Φησὶ
699 3852 841 3923 γάρ·
900 3850 1215 3920 (Στέφανος
1271 3848 1532 3920 πλησθεὶς
1588 3845 1906 3916 Πνεῦματος

326 3940 481 4008 ἁγίου
530 3939 605 4019 ἵᾷε
649 3940 776 4003 τοὺς
802 3940 1063 4011 οὐρανοὺς
1100 3939 1498 4010 ἀνεῳγμένους.
1523 3955 1539 3987 ι
1571 3936 1734 3989 Ὥστε
1768 3931 1905 3987 εἶναι

323 4030 386 4084 τὸ
411 4031 516 4084 ὑπὸ
554 4031 781 4103 ἀρχαίου
816 4031 1124 4103 εἰρημένον·

427 4146 764 4217 Οὐρανόθεν
787 4144 840 4198 δ’
879 4143 968 4213 ἄρ’
995 4143 1298 4213 ὑπερῤάγη
1332 4141 1595 4206 ἄσπετος
1622 4140 1815 4209 αἰθήρ.

399 4239 495 4303 IB'.
534 4239 657 4293 Ὅτι
710 4237 1095 4310 προγινώσκει,
1159 4235 1235 4299 ὡς
1272 4235 1301 4287 ὁ
1333 4233 1523 4305 Πατὴρ
1554 4234 1648 4287 καὶ
1682 4233 1711 4285 ὁ
1745 4230 1903 4296 Υἱός-⁸

329 4328 497 4397 μόνης
519 4329 577 4380 δέ
604 4327 793 4397 θεῖκῆς
828 4325 1042 4397 φύσεώς
1064 4327 1233 4388 ἐστιν,
1274 4322 1521 4395 ἀκριϐῶς
1586 4321 1781 4375 εἰδέναι
1840 4320 1909 4374 τά

329 4417 615 4487 μέλλοντα.
653 4418 721 4471 Ἠ
750 4417 860 4491 γάρ
890 4417 1087 4482 κτίσις,
1150 4416 1328 4470 πάντα
1363 4416 1461 4487 μὲν
1499 4414 1568 4469 τὰ
1590 4415 1681 4483 ἀφ’
1712 4414 1908 4485 ἑαυτῆς

330 4508 657 4579 στοχαστικά
706 4509 988 4580 προφέρει,
1042 4510 1215 4561 ἐκεῖνο
1252 4507 1309 4560 δὲ
1343 4508 1501 4578 μόνον
1535 4504 1786 4579 ἀπλανῶς
1821 4505 1911 4556 καὶ

326 4599 697 4694 ἀπαρασάῖως
760 4599 1078 4671 προϐλέπει,
1125 4598 1154 4651 ὃ
1202 4597 1372 4669 αὐτὴν
1417 4596 1602 4667 διδάξῃ
1649 4594 1709 4648 τὸ
1758 4594 1910 4663 ἅγιον
1942 4640 1985 4694 D

330 4691 573 4762 Πνεῦμα.
599 4691 731 4754 Ταῖς
761 4692 870 4764 γάρ
890 4690 1057 4754 θείαις
1079 4692 1290 4743 ἀκτῖσιν
1321 4688 1485 4767 αὐτοῦ
1515 4686 1793 4757 μονονουχὶ
1811 4685 1909 4749 τὰς

330 4783 389 4833 ἐν
416 4781 629 4852 οὐρανῷ
657 4782 1007 4851 καταλάμπον
1035 4780 1313 4851 δυνάμεις,
1347 4777 1483 4831 ἀλλά
1508 4779 1602 4831 καὶ
1629 4777 1738 4831 τῶν
1768 4777 1911 4846 ἡμε-

328 4871 503 4941 τέρων
521 4870 708 4940 ψυχῶν
736 4869 1161 4943 ἀπολαμπρύνον
1185 4869 1252 4922 τὰ
1303 4867 1543 4938 ὄμματα,
1569 4864 1910 4921 ὑποδείκνυσί

401 5026 513 5096 (18)
554 5026 621 5080 In
661 5027 887 5096 Spiritu.
914 5025 1017 5079 lsa.
1051 5040 1124 5091 tv,
1151 5023 1207 5077 4.
1257 5082 1263 5087 _

428 5091 517 5161 i9)
550 5097 665 5161 Quo
694 5091 800 5155 ibo,
828 5095 971 5150 Psal.
998 5109 1236 5159 cxxxvu,
1265 5107 1409 5149 vers.
1439 5091 1471 5145 6
1507 5091 1626 5159 (seu
1658 5091 1736 5158 7).

425 5164 518 5227 20)
553 5166 825 5221 Terribile.
859 5165 1022 5220 Hebr.
1054 5181 1109 5227 κ,
1133 5164 1221 5218 51.

424 5229 805 5308 21)(ᾼτ9ιιαηι.
835 5234 980 5289 Psal.
1030 5249 1177 5298 tux,
1225 5247 1368 5289 vers.
1406 5230 1478 5285 22
1524 5229 1643 5300 (seu
1673 5229 1789 5299 2|).
1824 5229 1910 5283 lli-

390 5306 439 5362 ta
465 5322 477 5355 ε
498 5306 709 5376 ἐλέγξω
737 5322 817 5361 σε.

404 5377 518 5519 (22)
542 5373 695 5432 Ante.
726 5378 910 5447 Segm.
944 5373 1014 5429 88
1037 5390 1091 5428 α.

425 5447 518 5519 25)
551 5447 669 5519 Ille.
709 5446 867 5519 Joau.
900 5460 1013 5507 va,
1048 5446 1091 5519 ξι

425 5447 518 5516 25)
551 5447 669 5501 Ille.
709 5446 867 5502 Joau.
900 5460 1013 5507 va,
1048 5446 1099 5516 δ.

406 5508 521 5588 (24)
557 5517 718 5571 Tunc.
753 5518 875 5588 Aet.
900 5530 1037 5588 ιιιιι,⁸
1055 5513 1093 5588 9_
1114 5520 1167 5567 et
1192 5510 1278 5564 ll.
1305 5508 1458 5564 Sacri
1484 5509 1767 5578 scriptoris
1793 5516 1911 5560 vcr-

334 5588 401 5641 ba
416 5582 487 5640 'in
504 5582 899 5656 compendium
914 5585 1139 5656 redigit.

410 5656 523 5725 (25)
565 5650 777 5721 Μᾳίιιιδ.
812 5655 1017 5720 Codex,
1048 5650 1112 5707 ἶιι
1144 5650 1300 5725 solet,
1332 5653 1608 5725 κείω-βω
1630 5650 1770 5719 χείρ.

407 5720 520 5796 (26)
563 5720 875 5793 Stephanus.
904 5724 1025 5779 Act.
1056 5739 1157 5796 _V!I,
1180 5720 1246 5773 55
1262 5731 1317 5773 et
1341 5720 1429 5773 56.
1464 5720 1692 5796 Sensum
1739 5720 1914 5788 p0tius

334 5782 683 5922 :ﬂ'ert'quam
733 5798 917 5860 verba,
961 5782 1217 5863 omittens
1250 5805 1310 5844 ca
1356 5804 1474 5859 qua:
1515 5790 1579 5843 ad
1637 5782 1751 5845 rent
1809 5782 1949 5843 nott'

359 5876 556 5922 aemnt.

359 5876 556 5922 aetuut.

403 5098 423 5308 ἓ

330 5306 383 5363 bl

2004 3382 2421 3441 incantamentis
2447 3378 2638 3445 dediti,
2671 3386 2726 3432 et
2750 3373 3090 3431 daemonibus
3114 3366 3455 3424 conlidentis.

2079 3561 2169 3617 XI.
2213 3560 2348 3626 Quia
2386 3560 2586 3615 virtute
2632 3567 2687 3611 et
2716 3553 2887 3626 gratia
2918 3550 3151 3620 Spiritus
3179 3545 3349 3601 sancti
3378 3543 3577 3597 factum

2005 3663 2108 3718 est.
2166 3661 2224 3706 ut
2271 3656 2540 3706 reseratos
2579 3647 2745 3702 caelos
2789 3644 3131 3713 conspiceret
3163 3635 3323 3707 205
3360 3636 3436 3700 is,
3488 3631 3578 3700 qui

2008 3743 2205 3814 duplici
2231 3754 2431 3798 corona
2468 3738 2750 3793 redimitus
2792 3744 2895 3799 est,
2929 3731 3266 3803 apostolatus
3291 3737 3346 3783 et
3375 3736 3581 3794 marty-

2009 3836 2097 3891 rii.
2140 3834 2231 3888 Ait
2276 3832 2419 3886 enim
2479 3829 2799 3895 Scriptura:
2836 3843 2856 3878 ι
2893 3823 3201 3891 Stephanus
3246 3816 3358 3889 (26)
3392 3815 3582 3886 plenus

2009 3927 2216 3996 Spiritu
2266 3931 2457 3978 sancto
2502 3920 2635 3974 vidit
2683 3916 2851 3972 caelos
2889 3922 3123 3996 apertos.
3157 3931 3176 3963 ι
3220 3911 3366 3964 Adeo
3408 3919 3466 3961 ut
3518 3907 3583 3960 de
3648 3924 3656 3931 ·

2009 4019 2124 4089 ipso
2154 4031 2340 4071 verum
2370 4013 2529 4067 fuerit
2564 4011 2706 4081 quod
2745 4024 2777 4064 a
2808 3989 3018 4063 vetusto
3039 4013 3195 4075 poeta
3232 4002 3435 4056 dictum
3464 4010 3579 4055 est:

2045 4133 2094 4187 E
2119 4132 2246 4188 cwla
2276 4132 2388 4203 (27)
2418 4142 2591 4184 autem
2624 4127 2877 4181 discissus
2924 4134 2998 4178 est
3034 4123 3318 4175 immensus
3360 4121 3543 4174 wthcr.

2080 4223 2195 4281 XII.
2231 4224 2365 4291 Quia
2427 4221 2643 4293 praescit
2682 4228 2741 4274 ut
2784 4216 2943 4271 Pater
2990 4222 3045 4269 et
3098 4214 3266 4268 Filius
3322 4229 3336 4265 :
3401 4211 3578 4265 futura

2010 4325 2188 4371 autem
2250 4312 2418 4384 probe
2476 4324 2656 4376 nosse,
2711 4308 2906 4363 divinas
2948 4304 3321 4363 tantummodo
3378 4310 3584 4355 naturae

2010 4417 2112 4464 est.
2150 4406 2418 4476 Quidquid
2472 4405 2614 4459 enim
2658 4417 2756 4473 per
2814 4400 3049 4469 scipsam
3109 4396 3394 4466 praenoscit
3433 4408 3586 4447 crea-

2013 4507 2157 4561 tura,
2215 4496 2268 4551 id
2316 4493 2640 4563 conjecturis
2685 4491 2843 4545 ducta
2901 4488 3225 4557 assequitur,
3256 4500 3319 4541 ac
3360 4484 3587 4555 profert,

2014 4599 2072 4645 et
2100 4588 2228 4643 illud
2281 4596 2484 4641 tantum
2515 4583 2892 4648 inlallibiliter,
2934 4596 2997 4637 ac
3020 4582 3139 4636 sine
3168 4579 3276 4634 ullo
3316 4568 3589 4646 deceptio-

2017 4684 2099 4738 nis
2128 4679 2367 4752 periculo
2399 4677 2677 4749 praevidet,
2707 4674 2853 4744 quod
2898 4674 3069 4740 ipsam
3117 4670 3362 4745 docuerit
3415 4667 3589 4736 Spiri-

2018 4783 2103 4830 tus
2163 4782 2405 4828 sanctus.
2448 4767 2584 4823 Nam
2639 4766 2836 4821 divinis
2886 4764 2999 4819 suis
3056 4763 3219 4817 radiis
3262 4776 3366 4814 non
3416 4759 3589 4814 solum

2017 4862 2267 4919 cmlestes
2298 4860 2610 4929 illumiqans
2640 4856 2887 4925 virtutes,
2926 4854 3021 4909 sed
3061 4853 3226 4907 etiam
3282 4860 3588 4905 nostrarum

2079 5017 2190 5089 (27)
2232 5014 2276 5068 Ε
2316 5014 2465 5068 caelo.
2513 5010 2925 5089 llemistichium
2960 5004 3293 5089 esLllomeri
3324 5020 3389 5057 ex
3424 5002 3589 5089 Iliad.

2014 5071 2313 5150 caidfvm,
2348 5098 2493 5138 vers.
2529 5081 2655 5136 556.
2675 5081 2776 5134 Alii
2822 5079 2984 5133 etiam
3024 5077 3233 5140 Patres,
3267 5071 3594 5150 cumprofa-

2016 5174 2143 5211 num
2167 5144 2399 5224 aliquem
2427 5153 2856 5224 poetamcitant,
2899 5162 3041 5218 smpe
3060 5160 3289 5224 __nome_u
3314 5144 3587 5224 Ottijttunt.

2014 5227 2092 5281 Ita
2122 5213 2373 5282 Clemens
2420 5213 3090 5287 Alexandrinumexempli
3125 5215 3316 5285 gratia,
3341 5214 3498 5287 duos
3540 5213 3590 5265 in

2015 5296 2342 5363 Protreptico
2386 5309 2451 5348 ex
2487 5292 2743 5361 Euripide
2791 5282 2978 5363 versus
3025 5282 3299 5363 ageretis,
3334 5282 3591 5363 ’λέλεκται

2020 5354 2254 5440 (inquit)
2300 5363 2426 5440 τινί,
2458 5365 2509 5417 id
2541 5354 2644 5440 est,
2685 5376 2747 5414 ta
2778 5361 3007 5440 quodam
3030 5358 3239 5440 dictum
3275 5354 3391 5440 fuit.
3420 5372 3462 5440 in
3488 5354 3595 5433 tiv-

2018 5421 2171 5492 rillus
2195 5421 2321 5490 vero
2349 5421 2743 5489 Alexandrinus
2771 5421 2983 5497 dialogo
3024 5428 3049 5480 1
3102 5425 3176 5480 De
3200 5432 3401 5497 sancta_
3420 5421 3595 5497 Trini-

2019 5516 2124 5562 tatc
2164 5505 2443 5577 proferens
2494 5501 2755 5577 e:_llia_d.
2780 5494 2942 5577 eant.—
2973 5512 3126 5560 xvttt,
3179 5509 3319 5577 vers.
3383 5494 3484 5573 lQl
3522 5506 3591 5571 ext

2016 5563 2202 5640 verba,
2229 5575 2451 5627 ἐτώσιον
2489 5570 2652 5642 ἄχθος
2687 5568 2946 5642 ἀροόρης,
2991 5581 3110 5642 (una:
3150 5565 3216 5619 ab
3252 5563 3591 5642 ΔΙΙιιιηιιίυιιιεθι

2017 5632 2277 5702 conversa
2340 5652 2497 5705 sunt,
2528 5632 2587 5684 ”σ
2634 5632 2841 5693 telluris
2883 5632 3071 5691 inuti—le
3122 5638 3368 5705 pondus,
3397 5632 3595 5705 iuliae

2018 5720 2185 5771 utitur
2214 5703 2513 5769 locutione:
2538 5710 2807 5778 Καθάπερ
2827 5724 2908 5770 τις
2938 5706 3041 5776 ἐφη
3071 5706 3178 5778 τᾶδι
3207 5704 3334 5773 παρ’
3371 5703 3598 5770 Ἕλλησι

2019 5786 2275 5857 ποιητῶν,
2301 5786 2492 5857 idest
2527 5801 2544 5832 ι
2578 5782 2728 5857 Sient
2758 5776 2977 5857 quidam
3017 5780 3091 5831 ait
3122 5776 3431 5829 Graecorum
3471 5788 3596 5843 poe-

2018 5848 2212 5912 tarum.
2243 5848 2269 5907 ι
2301 5854 2427 5909 Vide
2454 5861 2565 5907 not.
2598 5850 2686 5916 50,
2718 5864 2839 5919 pag.
2867 5848 2954 5902 69.
