4114 6426
544 423 649 479 599

1781 427 2018 485 DIDYMI
2056 422 2520 489 ALEXANDRINI

3678 410 3785 487 (too

545 540 842 591 animarum
902 539 1085 592 oculos
1139 522 1438 603 illustrans,
1471 539 1699 596 diversis
1747 557 1887 611 saepe
1934 545 2107 600 modis

2220 565 2268 601 rs
2302 549 2558 613 πολλάκις
2591 550 2857 619 διαφόρως,
2912 546 2981 601 τὰ
3010 540 3101 618 [94
3129 544 3184 619 n]
3212 547 3493 618 μέλλοντα,
3527 549 3623 601 καὶ
3654 565 3790 616 συγ-ο

541 633 776 703 suggerit
806 632 918 702 (28)
971 633 1170 698 futura,
1202 640 1258 686 et
1278 632 1347 686 ob
1383 634 1652 703 propriam
1702 636 1994 690 bonitatem
2053 651 2108 693 et

541 723 929 793 benignitatem
980 724 1248 786 concedit,
1284 733 1367 777 'ut
1411 734 1657 779 creatura
1708 727 1995 796 aliquando
2043 743 2106 783 ea

539 829 657 881 qua:
707 816 956 869 humanae
986 825 1195 870 natura:
1225 816 1579 871 conducibilia
1622 827 1748 872 sunt
1804 831 1963 888 atque
2002 823 2108 875 uti-

542 908 632 966 lia.
657 905 939 973 eloquatur
969 923 983 958 :
1032 921 1150 975 qua;
1196 908 1409 975 quidem
1438 907 1708 963 interdum
1755 925 1861 965 non
1913 912 1986 973 ei,
2014 913 2104 979 qui

539 1010 636 1062 per
674 1005 979 1048 creaturam
1041 998 1327 1063 concessit,
1388 1001 1483 1053 sed
1533 1000 1631 1068 ipsi
1679 998 1790 1071 (29)
1846 1012 2108 1058 creatum

540 1096 760 1153 accepta
792 1086 955 1140 refert
984 1087 1093 1158 (50)
1126 1090 1418 1144 materialis
1460 1101 1646 1145 nostra
1679 1102 1899 1150 natura.
1932 1095 2107 1150 Testi-

540 1177 716 1230 monia
752 1191 877 1230 vero
914 1177 978 1231 de
1039 1180 1371 1246 praescientia
1415 1180 1647 1249 Spiritus
1685 1198 1753 1237 ex
1800 1186 2108 1253 apostolicis

541 1266 691 1320 Actis
728 1271 1031 1335 desumpta,
1077 1269 1191 1323 lure
1244 1279 1388 1324 sunt.
1438 1270 1517 1325 Ex
1568 1288 1793 1340 persona
1842 1274 1985 1329 Petri
2043 1276 2108 1329 ad

538 1357 753 1413 Judmos
783 1378 796 1412 :
838 1377 856 1410 ι
899 1359 1006 1414 Viri
1040 1359 1149 1431 (51)
1184 1360 1402 1427 fratres,
1427 1365 1710 1433 oportebat
1736 1366 1942 1434 impleri
1966 1365 2109 1421 Scri-

541 1460 751 1516 pturam
808 1450 946 1523 (52),
995 1468 1155 1522 quam
1199 1454 1446 1523 praedixit
1483 1454 1718 1525 Spiritus
1752 1467 1967 1511 sanctus
2018 1472 2111 1523 per

538 1557 600 1594 os
638 1542 805 1594 David
839 1544 904 1596 de
953 1542 1115 1607 Juda,
1166 1545 1255 1611 qui
1288 1545 1464 1599 factus
1516 1556 1599 1599 est
1625 1546 1731 1598 dux
1765 1561 1950 1599 eorum
1975 1547 2107 1616 (55ξ,

539 1631 629 1696 qui
664 1634 1193 1699 comprehenderunt
1224 1633 1431 1691 Jesum.
1470 1656 1488 1689 ι
1531 1636 1699 1690 Recte
1749 1646 1924 1691 autem
1951 1638 2108 1698 dixit,

544 1739 563 1770 ι
601 1723 930 1790 oportebat;
999 1743 1018 1775 ι
1072 1740 1195 1777 nam
1258 1726 1425 1779 solius
1474 1726 1567 1780 Dei
1626 1741 1805 1780 sermo
1866 1726 1987 1782 talis
2029 1737 2112 1779 est

538 1811 737 1874 omnis,
780 1821 982 1867 utnon
1014 1814 1273 1882 compleri
1324 1831 1429 1869 non
1483 1816 1672 1884 possit.
1728 1814 1794 1868 Et
1841 1816 2002 1893 206
2043 1832 2110 1872 ex

541 1915 770 1968 persona
806 1901 957 1955 Pauli
994 1921 1010 1958 :
1049 1920 1068 1953 ι
1111 1874 1343 1974 Spiritus
1366 1874 1723 1975 (SH-sanctus
1756 1874 2112 1977 per—singulas
2143 1874 2186 1932 Β

540 1993 786 2047 :ivitates
848 1995 979 2048 mihi
1021 2003 1348 2064 protestatur
1410 1996 1638 2061 dicens,
1704 1996 1844 2066 quod
1899 1997 2109 2051 vincula

539 2094 595 2136 et
621 2083 992 2137 tribulationes
1027 2100 1112 2138 me
1143 2095 1378 2138 manent.
1417 2104 1437 2136 ι
1505 2084 1607 2138 Per
1635 2088 1952 2154 prophetam
1982 2101 2111 2141 vero

540 2174 785 2241 Agabum
836 2172 1094 2228 frumenti
1133 2184 1428 2244 egestatem
1465 2175 1577 2246 (55)
1606 2177 1658 2228 ia
1696 2184 1837 2229 terra
1884 2178 1955 2231 ob
2009 2178 2110 2231 ho—

545 2263 745 2316 minum
796 2264 985 2318 delicta
1049 2263 1282 2319 futuram
1335 2266 1718 2335 praenuntiavit
1760 2265 1873 2337 ('56)
1927 2275 2115 2336 utpote

546 2356 735 2419 bonus,
780 2357 921 2410 sicut
980 2356 1182 2410 fecerat
1228 2357 1388 2411 etiam
1438 2358 1489 2411 in
1547 2357 1759 2422 Ninive,
1812 2366 1873 2411 ut
1911 2358 2118 2413 scilicet

546 2447 734 2499 timore
753 2446 1003 2514 perculsi,
1032 2462 1126 2515 per
1164 2447 1535 2515 paenitentiam
1562 2447 1761 2501 malum
1800 2446 2114 2518 eﬂ‘ngerent.

546 2532 779 2602 Contigit
818 2549 945 2589 vero
985 2550 1046 2589 ea
1113 2536 1285 2590 fames
1330 2536 1498 2590 multo
1545 2546 1665 2605 post
1719 2544 1960 2606 tempore
2018 2538 2119 2591 sub

2209 641 2393 709 χωρεῖ,
2412 640 2478 693 δι’
2504 641 2707 693 οἰκείαν
2752 639 3063 709 ἁγαθότητα
3119 639 3211 690 καὶ
3252 637 3682 710 φιλανθρωπίαν,
3713 640 3785 691 τὰ

2209 732 2346 801 πρὸς
2372 733 2430 785 τὸ
2476 733 2742 803 χρήσιμον
2792 728 3139 783 συντελοῦντα
3190 731 3255 799 τῇ
3287 728 3599 799 ἀνθρωπεία
3624 729 3785 797 φύσει

2209 821 2450 890 ἐκλέγειν
2494 821 2627 873 ποτὲ
2671 821 2766 890 τὴν
2805 819 2978 872 κτίσιν
3004 833 3016 846 °
3064 818 3204 889 ειπερ
3263 816 3373 870 ἔσθ’
3403 818 3552 888 ὄτεὴ
3604 816 3786 880 ἕνυλος

2209 907 2363 976 ἡμῶν
2386 908 2564 975 φύσις,
2605 908 2665 960 οὐ
2698 907 2775 977 τῷ
2809 908 3173 977 χορηγήσαντι
3224 905 3311 958 διὰ
3337 906 3505 976 μέσης
3542 908 3639 975 τῆς
3670 908 3787 959 κτί-

2212 1014 2368 1062 σεως,
2397 997 2512 1049 ἀλλ’
2556 998 2689 1068 αὐτῇ
2724 997 3034 1066 ἐπιγράφει.
3064 998 3129 1048 Αἱ
3157 996 3211 1049 δὲ
3251 999 3376 1067 περὶ
3409 997 3506 1065 τῆς
3531 995 3782 1066 προγνώ-

2212 1103 2347 1148 σεως
2371 1084 2464 1138 τοῦ
2491 1085 2798 1155 Πνεύματος
2849 1085 2956 1137 ἀπὸ
2983 1085 3090 1136 τῶν
3122 1084 3490 1137 ἀποστολικῶν
3526 1084 3782 1154 Πράξεων

2214 1176 2505 1246 μαρτυρίαι
2535 1177 2669 1229 εἰσιν
2714 1178 2770 1228 ἐν
2800 1178 3031 1238 τούτοις.
3076 1175 3208 1227 Ἀπὸ
3263 1174 3354 1227 τοῦ
3408 1176 3615 1245 Πέτρου
3648 1177 3783 1245 πρὸς

2208 1267 2335 1329 τοὺς
2368 1267 2659 1329 Ἰουδαίους
2680 1284 2691 1296 ’
2732 1285 2749 1317 ι
2779 1267 3002 1337 Ἄνδρες
3032 1266 3268 1332 ἀδελφοὶ,
3301 1265 3405 1317 ἔδει
3431 1265 3782 1337 πληρωθῆναι

2208 1356 2305 1428 τὴν
2337 1358 2576 1428 Γραφὴν,
2642 1358 2709 1428 ἦν
2755 1330 2981 1429 προεῖπε
3053 1359 3111 1411 τὸ
3152 1330 3374 1426 Πνεῦμα
3417 1356 3478 1408 τὸ
3512 1330 3785 1424 ἅγιον-διὰ

2213 1451 2480 1517 στόματος
2531 1448 2695 1501 Δαυῖδ
2727 1450 2855 1519 περὶ
2892 1450 3078 1514 Ἰούδα,
3128 1450 3219 1502 τοῦ
3272 1449 3559 1519 γενομένου
3590 1448 3781 1520 ὁδηγοῦ

2210 1538 2319 1591 τῶν
2384 1538 2750 1593 συλλαϐόντων
2811 1540 3033 1610 Ἰησοῦν.
3097 1559 3115 1591 ι
3177 1536 3250 1594 Εῦ
3309 1540 3484 1593 τοίνυν
3529 1536 3649 1593 εἷπε
3700 1542 3779 1603 τὸ,

2218 1646 2234 1677 ι
2258 1628 2363 1681 ἔδει
2383 1646 2396 1659 ·
2424 1648 2442 1680 ι
2475 1629 2610 1682 Θεοῦ
2645 1630 2754 1701 γὰρ
2779 1630 2938 1701 μόνου
2968 1633 3076 1694 πᾶς
3104 1631 3257 1700 λόγος
3283 1632 3382 1684 οὐκ
3410 1631 3779 1703 ἁτελεύτητος.

2212 1719 2322 1772 Kal.
2359 1720 2466 1773 ἀπὸ
2496 1720 2838 1774 τοῦΠαύλου
2863 1738 2876 1750 ·
2918 1740 2941 1775 ι
2965 1722 3038 1774 Τὸ
3096 1722 3318 1793 Πνεῦμα
3362 1723 3423 1775 τὸ
3452 1723 3605 1792 ἅγιον
3645 1725 3785 1777 κατὰ

2215 1812 2369 1865 πόλιν
2403 1812 2832 1885 διαμαρτύρεταί
2892 1832 2958 1885 με
3008 1815 3184 1883 λέγον,
3234 1815 3313 1867 ὅτι
3352 1814 3526 1885 δεσμὰ
3556 1818 3649 1868 καὶ
3680 1816 3787 1868 θλίφ

2215 1904 2337 1971 ψεις
2368 1921 2436 1975 με
2461 1906 2728 1975 μένουσιν.
2760 1925 2779 1957 ι
2813 1907 2923 1959 Καὶ
2970 1905 3057 1960 διὰ
3086 1905 3179 1958 τοῦ
3213 1908 3486 1976 προφήτου
3527 1906 3583 1959 δὲ
3622 1907 3783 1975 Ἀγά-

2218 1995 2334 2059 6ου,
2366 1996 2625 2050 σιτοδείαν
2654 1997 2915 2067 ἐσομένην
2944 2000 3007 2067 τῇ
3038 1998 3126 2049 ὑπ’
3155 1998 3400 2067 οὐρανὸν,
3450 1997 3537 2050 διὰ
3564 1994 3659 2059 τὰς
3689 1998 3784 2050 ἀν-

2219 2086 2450 2159 θρώπων
2472 2086 2866 2157 πλημμελείας,
2901 2090 3299 2158 προεμήνυσεν,
3332 2089 3405 2151 ὡς
3428 2080 3646 2154 ἀγαθὸς,
3684 2105 3783 2141 κα-

2216 2177 2285 2230 θὰ
2311 2178 2405 2230 καὶ
2446 2177 2536 2228 ἐπὶ
2566 2178 2662 2246 τῆς
2688 2177 2890 2248 Νινευῆ
2911 2193 2925 2208 ·
2956 2177 3032 2240 ὡς
3083 2177 3147 2231 ἂν
3178 2177 3583 2247 εὐλαϐηθέντες,
3625 2194 3786 2246 μετα-

2215 2269 2331 2337 νοίᾳ
2367 2268 2587 2336 φύγοιεν
2633 2268 2693 2320 τὸ
2753 2268 2942 2322 κακόν.
2980 2270 3135 2329 Ἢτις
3183 2271 3277 2322 καὶ
3327 2268 3522 2339 συνέϐη
3577 2269 3789 2331 πολλοῖς

2219 2357 2441 2429 ὕστερον
2468 2357 2680 2428 χρόνοις
2698 2358 2791 2410 ἐπὶ
2835 2356 3123 2411 Κλαυδίου.
3160 2359 3269 2411 Καὶ
3301 2359 3357 2412 ὲν
3388 2357 3701 2426 Εὑαγγελίῳ
3730 2358 3788 2410 δὲ

2218 2449 2246 2499 ὁ
2278 2446 2510 2517 Χριστὸς
2539 2447 2665 2517 περὶ
2696 2445 2791 2499 τοῦ
2838 2447 3152 2517 Πνεῦματός
3191 2464 3352 2517 φησιν
3371 2465 3385 2477 ·
3438 2468 3455 2497 ι
3479 2448 3587 2500 Καὶ
3606 2446 3674 2499 τὰ
3700 2449 3790 2517 ὲρ-

2216 2538 2424 2607 χόμενα
2445 2538 2734 2606 ἀναγγελεῖ
2771 2539 2929 2607 ὑμίνο
2962 2558 2980 2590 ι
3027 2539 3171 2591 τοῦτ’
3227 2538 3360 2603 ἔστι,
3407 2538 3476 2592 τὰ
3509 2538 3787 2606 μέλλοντα.

544 2625 780 2681 Claudio.
812 2628 948 2694 Quin
980 2630 1140 2684 etiam
1163 2630 1214 2683 in
1239 2630 1527 2702 Evangelio
1556 2632 1801 2688 Christus
1836 2634 1903 2687 de
1932 2632 2136 2702 Spiritu
2183 2634 2295 2687 ait:
2343 2652 2360 2683 ι
2403 2634 2469 2686 Ει
2499 2649 2619 2702 quae
2646 2634 2759 2705 (57)
2793 2634 3036 2699 veniunt,
3065 2634 3408 2688 annuntiabit
3444 2633 3638 2698 vobis;
3684 2652 3704 2685 ι
3735 2633 3789 2686 id

544 2725 648 2780 est,
683 2733 801 2786 qua:
834 2716 1008 2775 futura
1044 2729 1189 2775 sunt.

1175 2808 1326 2864 CAP.
1370 2810 1503 2865 VIII.

549 2898 622 2951 De
658 2900 1004 2965 prmscieutia,
1057 2909 1107 2968 et
1155 2908 1442 2965 potestate,
1496 2908 1651 2968 quam
1710 2918 1802 2967 per
1858 2918 1914 2955 se
1965 2903 2115 2957 habet

1074 2967 1304 3037 Spiritus
1356 2967 1587 3022 sanctus.

618 3056 748 3111 Post
778 3059 1012 3112 divinam
1048 3073 1208 3126 porro
1240 3057 1480 3126 Spiritus
1525 3060 1617 3112 Dei
1655 3068 1922 3126 naturam,
1953 3072 2116 3131 atque

546 3148 846 3217 energiam,
881 3149 993 3203 sive
1016 3149 1404 3217 operationem,
1432 3149 1872 3207 manifestissime
1899 3154 2116 3207 omnino

2862 2812 3020 2868 ΚΕΦ.
3053 2811 3134 2864 Ην.

2218 2902 2359 2970 Περὶ
2394 2897 2505 2967 τῆς
2529 2901 2919 2968 προγνώσεως
2970 2902 3068 2955 καὶ
3114 2900 3649 2967 αὐτεξουσιότητος
3685 2893 3792 2951 τοῦ

2704 2972 2892 3039 -ἀγίου
2924 2973 3283 3040 Πνεύματος.

2288 3060 2443 3115 Μετὰ
2463 3061 2527 3132 δὴ
2558 3060 2655 3132 τὴν
2694 3060 2844 3113 Θείαν
2876 3061 3038 3129 φύσιν
3066 3061 3158 3113 καὶ
3188 3060 3467 3128 ἐνέργειαν
3500 3056 3592 3109 τοῦ
3624 3058 3793 3109 Πνεύ-

2221 3168 2390 3223 ματος
2418 3150 2510 3222 τοῦ
2532 3152 2687 3219 Θεοῦ,
2708 3151 3047 3223 τρανέστατα
3099 3150 3289 3221 κομιδῆ
3329 3149 3456 3219 περὶ
3478 3148 3575 3216 τῆς
3601 3146 3795 3211 αὐτεξέ

548 3241 944 3303 auctoritatem,
979 3255 1140 3305 quam
1167 3255 1262 3309 per
1301 3256 1361 3297 se
1409 3241 1522 3310 ipse
1557 3242 1737 3307 habet,
1773 3253 1827 3298 et
1872 3244 2114 3299 volunta-

2220 3244 2524 3315 ουσιότητος
2550 3244 2712 3297 αὑτοῦ
2764 3245 2857 3297 καὶ¹
2887 3240 3188 3296 ὲθελουσίου
3244 3241 3499 3311 διανομῆς
3525 3239 3591 3292 τὰ
3632 3240 3789 3308 λόγια

554 3331 687 3384 riam
745 3331 860 3399 ejus
927 3330 1364 3387 distributionem
1427 3332 1833 3402 Scripturarum
1898 3335 2116 3392 oracula

550 3433 851 3491 exponunt.

619 3511 660 3565 Ι.
699 3512 831 3578 Quia
872 3529 978 3567 non
1019 3522 1076 3567 ut
1104 3514 1370 3579 minister,
1411 3516 1504 3570 sed
1532 3516 1748 3586 propria
1793 3517 2115 3571 auctoritate

547 3602 730 3657 omnia
784 3603 934 3668 facit,
972 3612 1048 3666 et,
1100 3614 1259 3673 prout
1309 3604 1447 3667 vult,
1497 3605 1868 3660 subministrat
1931 3607 2114 3661 chari-

547 3708 744 3756 amata,
777 3704 1123 3766 quotcunque
1163 3696 1473 3762 ineffabilis,
1510 3706 1567 3751 et
1623 3698 2117 3766 supersubstantia-

550 3784 636 3851 lis,
670 3794 723 3839 et
754 3787 911 3841 unica
954 3787 1177 3857 largitur
1230 3799 1423 3844 natura
1458 3807 1472 3843 :
1506 3800 1562 3844 et
1589 3805 1923 3858 quaecunque
1980 3791 2117 3855 vult,

623 3940 736 4013 (28)
786 3941 1047 4013 Suggerit.
1132 3941 1188 3997 In
1249 3942 1473 4004 Grreco,
1543 3941 1909 4013 ὑποδείκνυσι.
1990 3941 2128 3993 Sunt

550 4010 729 4081 autem
788 4010 1197 4079 qui'censeant,
1239 4013 1635 4081 prrepOsitionis
1682 4010 1787 4063 ὑπό
1836 4026 2128 4081 cumesse

553 4080 608 4131 in
676 4084 1064 4148 compositione
1111 4084 1260 4144 vim,
1307 4092 1367 4135 ut
1413 4097 1564 4146 aeque
1616 4081 1789 4132 valeat
1834 4080 2124 4142 interdum,

552 4158 717 4235 atque
747 4151 952 4235 πρό,
981 4160 1062 4232 est
1081 4168 1111 4235 *ι
1132 4161 1275 4235 ante.
1302 4170 1321 4203 ›
1344 4150 1428 4230 με
1453 4148 1871 4235 Phavo'rinus‘ii't
1900 4148 2124 4235 Lesipco:

561 4216 847 4291 ξΥπειπεῖν
886 4219 1113 4291 (inquit)
1130 4218 1255 4291 dtv'cl.
1278 4219 1373 4272 τοῦ
1400 4219 1700 4289 προειπεῖν,
1720 4218 1814 4291 κα).
1838 4216 2126 4291 ὑπολαϐὼν

551 4290 673 4342 ἀντὶ
727 4289 823 4342 τοῦ
872 4286 1178 4359 προλαϐών.
1230 4288 1308 4343 Ac
1363 4286 1492 4342 sane
1540 4286 1874 4340 commodius
1927 4287 1979 4339 in
2025 4290 2125 4341 hoc

558 4360 766 4429 ltidymi
803 4360 918 4412 loco
949 4369 1266 4429 verteretur,
1322 4376 1340 4408 ι
1361 4364 1759 4429 praemonstrat,
1788 4370 1940 4429 {quo
1964 4359 2121 4410 modo
2148 4378 2151 4383 ί

552 4426 771 4481 vertunt
812 4429 1020 4496 vulgata
1068 4427 1297 4490 Lexica,
1338 4442 1498 4495 quam
1560 4443 1579 4475 ι
1614 4426 1957 4496 subindicat;
1986 4445 2003 4477 ι
2066 4436 2123 4478 ιιι

552 4494 925 4564 μονενίριιιιιιί
959 4505 1058 4549 est.
1121 4496 1316 4550 Verum
1356 4494 1516 4550 ’haud
1576 4494 1720 4552 scio.
1764 4510 1830 4547 an
1889 4495 1939 4547 id
1980 4496 2120 4562 quod

554 4566 890 4619 Phavorinus
953 4565 1062 4630 ait,
1130 4565 1240 4618 ullo
1293 4575 1442 4619 certo
1505 4565 1751 4632 exemplo
1814 4564 2204 4626 confirmari!)

596 4644 738 4689 neat.

552 4651 738 4777 (ιιιῖξὲὁὶ
790 4702 924 4777 χρη,
950 4704 1173 4777 podex,
1216 4704 1406 4777 etiam
1436 4703 1603 4774 Lego,
1641 4701 1799 4774 αὐτῇ.
1839 4702 1951 4757 Nisi
2006 4704 2128 4772 quis

554 4774 726 4836 malit,
758 4774 921 4844 αὐτῇ,
949 4775 999 4827 id
1028 4784 1117 4844 est
1145 4792 1162 4824 ι
1184 4775 1281 4828 sibi
1309 4774 1432 4844 ipsi.
1467 4792 1485 4824 ι

628 4843 739 4917 (50)
783 4841 1005 4917 Accepto
1035 4843 1212 4917 refert.
1259 4841 1567 4917 ln'Grmco,
1608 4843 1922 4917 έπιγράςρει.
1964 4841 2131 4917 ΝἰιιιίΓ

554 4928 675 4984 rum
711 4914 1037 4984 ὲπιγραφεῖς
1076 4913 1424 4984 dicebantur.
1454 4913 1544 4984 qui
1586 4914 1655 4967 τὰ
1692 4913 2015 4984 ὀφειλόμενα
2042 4913 2127 4981 ἐφ’

552 4981 786 5036 ἑκάστου
812 4981 1027 5053 ἑκάστῳ
1054 4982 1388 5053 ἐπέγραφον,
1414 4982 1468 5038 id
1496 4992 1597 5047 est,
1635 5001 1653 5033 ι
1678 4985 1766 5050 qui
1798 4981 2126 5047 singulorum

553 5053 738 5106 debita
775 5054 1121 5106 adnotabant.
1157 5070 1176 5102 ›

626 5123 739 5193 (51)
792 5121 1195 5193 νὶνὶη-Αοιζι,
1232 5122 1335 5193 16.
1378 5121 1628 5193 Primam
1666 5121 2128 5193 hujus_ve_rsieuli

555 5189 762 5257 partem
792 5193 869 5245 sic
901 5190 1055 5245 affert
1079 5189 1382 5261 Theologus
1411 5201 1593 5246 noster
1616 5191 1669 5243 in
1700 5189 1797 5245 lib.
1826 5190 1902 5243 De
1924 5191 2128 5255 Spiritu

528 5270 762 5322 sancta.
790 5277 915 5314 num
968 5263 1002 5315 5
1038 5279 1054 5320 :
1109 5260 1536 5331 Petrusiquoque
1565 5261 1618 5313 in
1643 5275 1706 5313 eo
1730 5274 1998 5322 sermone,
2023 5276 2130 5328 quo

555 5332 910 5389 vrtuscntihtts
976 5333 1331 5399 persuadebat
1377 5356 1388 5387 :
1447 5350 1466 5383 ι
1502 5330 1825 5397 Oportuerat
1851 5370 1864 5389 .
1904 5331 2127 5399 inquit,

557 5401 766 5468 impleri
837 5398 1194 5469 Scriptorum,
1262 5418 1422 5467 quam
1494 5402 1705 5453 locutus
1755 5407 1837 5451 est
1894 5398 2127 5469 Spiritus

553 5482 825 5542 sanctus"
861 5468 1039 5542 idest,
1062 5472 1129 5542 to
1150 5471 1374 5542 Πνεῦμα
1409 5474 1470 5523 τὸ
1498 5470 1673 5536 ἅγιον,
1707 5490 1723 5517 ι
1748 5484 1840 5542 per
1869 5483 1935 5542 os
1962 5468 2128 5520 David

556 5541 621 5590 de
654 5538 810 5593 .ludu.
844 5559 862 5590 ι
907 5539 980 5593 Ita
1006 5537 1136 5595 editi
1167 5537 1331 5596 libri':
1367 5542 1535 5594 nostri
1562 5553 1688 5591 vero
1713 5537 1913 5591 codicis
1942 5553 2130 5589 exara-

557 5616 642 5658 tor
684 5624 804 5661 cum
853 5612 1155 5677 scripsisset
1212 5627 1435 5674 vocem,
1497 5608 1937 5677 «praesentibus,
1996 5625 2014 5656 ι
2074 5607 2127 5657 in

558 5678 801 5742 nmrgine
831 5676 1159 5748 emendavit,
1218 5698 1238 5730 ι
1265 5681 1526 5748 patrihus.
1551 5698 1567 5727 ι
1604 5676 1738 5729 Tum
1774 5694 1889 5745 pro,
1925 5694 1942 5726 ι
1972 5691 2130 5748 oppr-

559 5754 753 5802 tuerat,
790 5765 808 5796 ›
843 5746 1034 5819 liabet,
1066 5768 1097 5819 γε
1122 5745 1372 5819 oportet)
1401 5766 1415 5800 :
1442 5749 1513 5800 ita
1545 5748 1937 5819 cnint__verbunt
1998 5745 2126 5819 ἔδει,

557 5824 644 5867 aut
700 5815 994 5887 προσῆκεν,
1029 5815 1313 5887 aliquando
1358 5819 1641 5885 accipitur.
1681 5815 1813 5869 Vide
1857 5831 1976 5883 qua:
2016 5816 2123 5867 dixi

2223 3334 2576 3404 διαλέγονται.

2291 3513 2370 3567 A’.
2404 3512 2525 3567 Ὅτι
2572 3514 2633 3565 οὐ
2683 3511 3022 3575 διακονικῶς,
3068 3511 3181 3564 ἀλλ’
3213 3509 3562 3574 αὑθεντικῶς,
3617 3509 3792 3563 πάντα

2222 3605 2365 3656 ποιεῖ
2416 3603 2509 3656 καὶ¹
2534 3602 2784 3672 παρέχει,
2811 3601 2992 3664 καθὼς
3024 3602 3288 3672 βούλεται,
3338 3601 3409 3655 τὰ
3456 3601 3789 3672 χαρίσματα,

2222 3696 2430 3763 ὅσαπερ
2472 3695 2538 3747 ἂν
2576 3694 2933 3765 ὴᾰφραστος,
2995 3695 3089 3748 καὶ
3138 3694 3475 3766 ὑπερούσιος,
3530 3691 3622 3745 καὶ
3658 3691 3791 3762 μόνη

2225 3788 2511 3859 χαρίσαιτο
2542 3786 2736 3855 φύσις’
2791 3787 2886 3840 καὶ
2935 3788 3144 3857 ἐνεργεῖ
3188 3787 3287 3839 ὅσα
3332 3784 3524 3850 ἐθέλει,
3559 3782 3652 3836 καὶ
3675 3783 3794 3835 πνεῖ

2227 3948 2339 3993 not.
2383 3939 2431 4002 Ι,
2463 3954 2584 4010 pag.
2621 3939 2711 3993 25.
2764 3939 3031 3995 Praeterea
3076 3956 3173 4010 pro
3208 3960 3227 3992 ι
3254 3940 3483 4010 impleri,
3535 3957 3554 3991 ι
3606 3938 3788 4010 habet,

2233 4027 2252 4059 ι
2278 4008 2549 4078 compleri
2581 4028 2600 4060 ι
2631 4025 2645 4062 :
2683 4017 2737 4063 et
2782 4026 2879 4078 pro
2939 4028 2958 4060 ι
2997 4008 3235 4073 locutus,
3261 4028 3280 4061 ι
3340 4009 3500 4062 habet
3560 4027 3580 4059 ι
3605 4008 3793 4075 praelo-

2225 4087 2402 4132 cutus.
2432 4096 2452 4129 ι
2479 4076 2586 4132 Vox
2606 4094 2732 4133 vero
2756 4076 2863 4139 illa,
2890 4097 2909 4128 ι
2940 4079 2989 4133 id
3018 4091 3122 4141 est,
3151 4098 3169 4131 ι
3202 4079 3637 4133 ihidesideratur.
3664 4079 3792 4142 Quae

2227 4148 2428 4202 codicis
2460 4149 2626 4219 nostri
2659 4149 2915 4219 lectiones
2944 4149 3070 4203 mihi
3095 4151 3307 4219 quidem
3326 4149 3507 4219 magis
3529 4148 3789 4219 arrident,

2227 4231 2387 4285 quam
2427 4215 2674 4285 vulgatae.
2723 4218 2958 4272 Numero
2988 4215 3166 4272 autein
3195 4218 3263 4273 29
3292 4215 3527 4284 ejusdem
3561 4218 3680 4272 libri
3712 4218 3793 4272 sic

2229 4301 2414 4340 rursus
2483 4289 2708 4341 affertur
2785 4289 2887 4341 iste
2956 4289 3304 4342 versiculus:
3355 4287 3421 4341 Et
3477 4287 3670 4341 Petrus
3725 4287 3792 4340 ad

2228 4364 2510 4427 consortes
2537 4357 2657 4411 tidei
2696 4357 2932 4427 loquitur
2967 4372 2992 4427 εγ
3016 4375 3039 4427 ι
3067 4359 3361 4427 Oportebat
3392 4356 3597 4424 impleri
3629 4354 3787 4427 [cod.

2229 4435 2402 4496 uoster
2434 4442 2452 4478 :
2478 4423 2701 4494 Oportet
2737 4423 3028 4496 compleri]
3070 4423 3424 4495 scripturam,
3458 4423 3793 4493 quam'praa-

2228 4494 2382 4558 dixit,
2411 4514 2428 4545 ι
2470 4508 2523 4548 et
2548 4496 2771 4562 reliqua.
2877 4494 2887 4501 ’

2300 4563 2411 4635 (52)
2453 4560 2799 4635 Scriptni'um.
2841 4564 3027 4620 (ἔπειτα
3069 4565 3234 4619 editio
3286 4563 3440 4635 addit
3473 4560 3698 4635 ταύτην,
3738 4562 3791 4613 id

2229 4631 2319 4686 est
2348 4652 2367 4683 ι
2393 4631 2613 4688 hanc.)
2660 4634 2762 4687 Sed
2791 4650 2906 4688 eam
2938 4650 3121 4690 vocem
3153 4648 3324 4701 neque
3350 4631 3499 4699 Vulg.
3532 4632 3793 4701 interpres

2232 4702 2378 4773 legit,
2423 4718 2596 4770 neque
2632 4702 2889 4773 Didymus
2919 4706 3032 4773 ipse
3062 4705 3114 4757 in
3146 4697 3321 4756 allatis
3362 4697 3540 4754 verbis
3586 4699 3679 4751 lib.
3719 4697 3794 4751 De

2232 4770 2438 4839 Spiritu
2460 4783 2666 4839 sancto.

2301 4840 2410 4911 (55)
2444 4838 2662 4904 Eorum,
2699 4849 2803 4896 etc.
2840 4843 3023 4898 Gl‘azca
3070 4842 3254 4903 editio,
3292 4842 3409 4911 ,τοῖς
3447 4837 3793 4892 συλλαϐοῦσι.

2235 4908 2618 4980 νυῖςςιιιιελὶιιι.
2654 4911 2864 4965 videtur
2895 4913 3090 4980 legisse
3118 4922 3175 4962 ut
3207 4910 3483 4980 Didymus.

2302 4980 2414 5049 (54)
2465 4977 2711 5049 Spiritus.
2758 4984 2877 5035 Act.
2925 4977 3017 5039 x'x.
3065 4980 3155 5032 25.
3207 4977 3392 5034 Graeca
3443 4980 3629 5045 editio,
3673 4990 3797 5048 post

2229 5048 2678 5119 διαμαρτύρεται,
2733 5051 2932 5119 omittit
3005 5049 3243 5103 voculam
3312 5064 3399 5119 με.
3467 5049 3573 5104 Sed
3642 5050 3793 5119 Vulg.

2230 5118 2645 5190 interp’reslegit
2673 5129 2731 5171 ut
2761 5118 3035 5190 Didymus.

2244 5214 2250 5219 -
2302 5188 2413 5256 (55)
2456 5187 2770 5256 Egeslalem.
2827 5187 3027 5252 Codex,
3114 5189 3366 5242 σιτοδίαν.
3431 5188 3575 5258 Lego
3652 5204 3794 5240 σιτο-

2229 5256 2406 5309 δείαν·
2440 5261 2532 5310 sed
2569 5273 2671 5309 non
2715 5260 2973 5312 continuo
3016 5260 3291 5314 librarium
3337 5256 3579 5311 nostrum
3618 5273 3795 5323 repre—

2232 5328 2435 5390 hendo;
2491 5341 2616 5379 nam
2657 5328 2747 5379 alii
2793 5341 3005 5395 quoque
3044 5329 3176 5383 satis
3227 5329 3422 5383 vetusti
3479 5327 3680 5379 librarii
3722 5327 3792 5379 ita

2230 5396 2561 5463 scripserunt
2585 5437 2599 5459 ,

2231 5467 2432 5521 cltium.

2304 5536 2415 5607 (56)
2454 5535 2854 5592 Prwuuntincil.
2885 5538 3005 5590 Act.
3040 5553 3116 5599 χι,
3157 5539 3247 5593 28.
3296 5535 3444 5591 Iona:
3481 5550 3641 5607 porro
3674 5549 3795 5600 pro-

2232 5606 2430 5670 phetia,
2470 5624 2581 5679 qua
2600 5624 2702 5661 non
2749 5615 2964 5669 tamem,
2999 5608 3089 5661 sed
3139 5608 3356 5661 Ninives
3391 5606 3792 5679 subversioncm

2234 5678 2634 5740 pricnuntiavit,
2667 5681 2932 5730 neminem
2960 5680 3109 5729 latet.

2302 5743 2413 5810 (57)
2458 5744 2520 5795 Et
2554 5762 2687 5809 quat.
2716 5745 2871 5798 Joan.
2904 5762 3013 5810 xvr,
3050 5746 3133 5798 15.

2674 5408 2730 5450 ut
2786 5394 2969 5451 videre
3025 5397 3151 5453 licet
3199 5400 3360 5454 etiam
3428 5399 3565 5464 apud
3625 5394 3796 5463 llesy-
