4114 6416
362 448 458 503 601

1383 450 1471 506 DE
1510 450 1886 508 TRINITATE
1925 454 2127 509 LIBER
2171 454 2555 512 SECUNDUS.

3494 457 3605 512 602

359 564 495 615 ὅπου
530 562 831 635 προῄρηται
855 582 867 594 ·
932 565 1177 635 βούλεται
1228 566 1305 629 δέ,
1353 567 1488 638 ὅπερ
1521 568 1550 619 6
1604 566 1809 638 Πατὴρ,
1843 567 1925 618 καὶ

2035 576 2308 631 operatur,
2355 576 2404 616 ot
2441 565 2607 634 spirat
2655 564 2740 617 ubi
2779 567 2889 619 vult
2920 585 2933 620 :
2970 566 3020 619 id
3077 576 3253 621 autem
3297 568 3408 621 vult
3462 571 3603 636 quod

363 652 488 716 Υἱὸς
508 670 521 683 ⁸
555 654 648 707 καὶ
678 658 802 708 πνεῖ
839 656 1038 726 ὁμοίως
1076 654 1203 709 ἔνθα
1267 655 1407 709 θέλει
1436 658 1527 709 καὶ
1577 660 1604 711 ὁ
1634 658 1822 729 Πατὴρ
1850 658 1942 710 καὶ

358 746 386 796 6
409 742 539 807 Υἱός
564 759 579 774 ’
599 742 837 815 πληροῦν
858 746 957 817 τὴν
978 746 1207 814 ἄφθονον
1237 745 1328 817 [94
1364 746 1416 818 b]
1448 747 1540 800 τοῦ
1576 748 1808 818 Πατρὸς,
1846 747 1939 800 καὶ

357 833 452 887 τοῦ
485 834 638 900 Υἱοῦ,
665 836 759 888 καὶ
789 835 981 889 ἐαυτοῦ
1018 837 1145 906 μίαν
1180 837 1457 908 βούλησιν
1490 839 1583 891 καὶ
1624 838 1809 909 μηδὲν,
1840 856 1941 910 μη-

357 922 413 976 δὲ
441 925 619 977 αὐτῶν
668 924 780 977 τῶν
809 927 1054 998 ἀμυδρὰν
1088 928 1317 998 ἐχόντων
1371 928 1535 997 ζωὴν,
1580 928 1779 1000 ἔρημον
1806 930 1940 983 ἀπο-

362 1014 623 1082 λιμπάνον
651 1013 751 1083 τῆς
810 1014 1002 1066 ἐαυτοῦ
1049 1015 1323 1083 προνοίας.
1376 1015 1781 1085 Προῖστὰμενον
1832 1013 1939 1083 γάρ

357 1102 458 1171 τῆς
506 1101 703 1154 ἐαυτοῦ
757 1103 1042 1172 ποιήσεως,
1101 1104 1193 1156 az:
1236 1104 1294 1157 ὃν
1325 1104 1677 1172 αὐτοάγαθον,
1718 1103 1813 1156 καὶ
1843 1102 1936 1154 ἆτε

360 1191 622 1260 συνεργὸν
649 1190 741 1243 τοῦ
771 1190 977 1259 ἀγαθοῦ
1005 1194 1370 1265 Δημιουργοῦ,
1407 1194 1581 1246 πάντα
1626 1195 1813 1263 ἐφορᾷ,
1845 1194 1936 1245 καὶ

342 1280 510 1343 ,οὐδὲν
546 1282 907 1352 παραϐλέπει,
968 1285 1280 1356 πανταρκὲς
1332 1286 1592 1356 ὑπάρχον,
1660 1287 1753 1338 καὶ
1781 1285 1973 1343 θεῖκᾶιι

359 1362 657 1441 δωρήματα
708 1371 978 1441 διανέμον.
1046 1374 1134 1445 Τῷ
1172 1375 1279 1446 γάρ
1314 1395 1331 1425 ι
1363 1377 1441 1428 ἐνὶ
1478 1375 1683 1446 ἀγαθῷ,
1710 1396 1729 1427 ι
1763 1375 1937 1438 οὐδεὶς

360 1461 490 1530 περὶ
514 1462 725 1526 οὐδενὸς
750 1464 1002 1517 οὐδέποτε
1026 1466 1297 1534 ἐγγίνεται
1328 1466 1515 1535 φθόνος
1530 1485 1542 1497 ·
1579 1467 1693 1519 ἀλλ’
1717 1468 1934 1538 εὐεργε-

363 1553 505 1617 σίαις
538 1554 736 1624 μᾶλλον
766 1556 1002 1609 δείκνυσι
1031 1558 1129 1628 τὴν
1162 1558 1424 1623 ἐξουσίαν.
1457 1559 1565 1611 Καὶ
1586 1557 1674 1611 διὰ
1700 1557 1856 1610 τοῦτο
1877 1556 1935 1609 ἓν

360 1642 590 1714 θέλημα,
626 1647 719 1719 καὶ
751 1646 876 1717 μίαν
909 1647 1150 1711 ἐξουσίαν
1175 1649 1267 1701 καὶ
1303 1648 1528 1719 δύναμιν
1573 1649 1670 1718 τῆς
1708 1648 1933 1717 Τριάδος

359 1710 506 1789 εἶναι.
542 1710 789 1807 λέγομεν.
816 1731 915 1790 Ὧν
954 1710 1023 1790 δὲ
1058 1738 1292 1809 θέλησις,
1324 1739 1418 1792 καὶ
1438 1710 1690 1803 ἐξουσία,
1722 1710 1814 1792 καὶ
1845 1710 1933 1791 ἐνέ-

359 1826 544 1898 έργεια
573 1828 687 1898 μία,
717 1829 824 1901 ἄρα
854 1828 953 1900 μία
982 1831 1075 1883 καὶ
1100 1832 1132 1900 ἡ
1166 1829 1373 1900 θεότης.
1404 1830 1475 1881 Τὸ
1498 1830 1606 1901 γὰρ
1635 1832 1811 1883 πάντα
1848 1832 1933 1882 ἐν-

357 1915 552 1986 εργοῦν
590 1920 709 1970 κατ’
763 1918 1009 1983 ἐξουσίαν
1068 1920 1223 1984 ἰδίαν,
1253 1922 1347 1974 καὶ
1374 1921 1546 1991 παρὸν
1585 1923 1643 1973 ἐν
1664 1920 1775 1983 τοῖς
1807 1921 1929 1973 καθ’

357 2006 603 2073 ἕκαστον,
656 2011 755 2081 τῆς
806 2011 897 2063 ἐπὶ
944 2012 1159 2064 πάντων
1193 2013 1307 2063 ἐστὶ
1341 2013 1468 2081 μιᾶς
1522 2013 1614 2064 καὶ
1652 2012 1928 2081 ἀκηράτου

357 2095 593 2163 φύσεως,
630 2101 729 2153 οὐκ
750 2100 871 2169 ἔχον
898 2099 953 2152 ἐν
982 2118 1089 2153 τινι
1146 2101 1206 2151 τὸ
1245 2100 1508 2165 ἐλλεῖπον,
1538 2101 1655 2153 οὐδὲ
1685 2100 1870 2154 ποιοῦν
1901 2100 1929 2153 ὃ

358 2189 433 2261 μὴ
461 2190 631 2244 θέλει*
665 2192 778 2245 ἀλλ’
818 2193 935 2245 οῦδέ
975 2192 1165 2245 ποιοῦν
1192 2192 1219 2244 ὃ
1252 2194 1326 2262 μὴ
1358 2192 1600 2263 θυμῆρες
1638 2192 1715 2262 τῷ
1755 2193 1929 2263 Παιτρ)¹

354 2282 448 2335 καὶ
482 2283 559 2353 τῷ
587 2282 718 2353 Υἱῷ.
754 2284 864 2336 Καὶ
899 2283 958 2336 ὃν
997 2284 1197 2354 τρόπον
1231 2284 1644 2354 ἀπαράλλακτον
1682 2285 1817 2353 πρὸς
1839 2283 1929 2336 τὸν

352 2373 572 2445 Πατέρα
605 2375 741 2444 μετὰ
793 2374 901 2428 τῶν
949 2374 1123 2427 ἄλλων
1170 2374 1493 2438 ἀποδείξεων
1551 2374 1786 2427 δείκνυσι
1839 2375 1929 2428 τὸν

353 2463 502 2527 Υἱὸν,
523 2465 614 2517 καὶ
641 2464 723 2531 τὸ,
760 2485 778 2515 ‹
810 2466 950 2518 Ὅσα
991 2465 1057 2518 ἂν
1112 2468 1237 2537 ποιῇ
1272 2468 1300 2519 6
1333 2466 1547 2535 Πατὴρ,
1587 2466 1756 2518 ταῦτα
1781 2467 1874 2520 καὶ
1902 2469 1929 2520 6

356 2556 479 2619 Υἱὸς
534 2558 734 2626 ὁμοίως
781 2560 991 2610 ποιεῖ’»
1062 2556 1203 2610 οὕτω
1233 2558 1325 2610 καὶ
1378 2558 1437 2610 τὸ
1487 2558 1640 2625 ἆγιον
1682 2558 1925 2630 Πνεῦμα,

353 2648 450 2699 σὺν
472 2651 583 2711 τοῖς
604 2649 784 2713 ἄλλοις
819 2652 913 2704 καὶ
937 2652 997 2705 τὸ
1045 2652 1219 2704 πάντα
1246 2653 1484 2722 ἐνεργεῖν
1510 2653 1602 2703 καὶ
1638 2652 1929 2722 δωρεῖσθαι

349 2738 531 2802 καθὼς
576 2739 824 2809 βούλεται
863 2744 956 2795 καὶ
1015 2746 1167 2795 πνεῖν
1220 2742 1347 2795 ἔνθα
1379 2742 1705 2813 προῄρηται.
1761 2743 1930 2796 Τοῦτο

348 2829 456 2899 γὰρ
506 2831 805 2901 παριστῶν,
862 2833 957 2886 καὶ
993 2833 1205 2902 τρανῶς
1254 2832 1515 2900 θεολογῶν
1577 2833 1636 2885 τὸ
1685 2833 1925 2903 Πνεῦμα,

349 2922 587 2995 ἔγραφεν
634 2925 663 2976 6
705 2924 1056 2987 ’Ᾱπόστολος’
1099 2943 1117 2974 ι
1145 2925 1261 2976 Ἵνα
1315 2924 1513 2983 ἴδωμεν
1571 2924 1637 2977 τά
1696 2924 1799 2976 ὑπὸ
1834 2925 1926 2978 τοῦ

349 3012 481 3066 Θεοῦ
510 3014 836 3085 χαρισθέντα
890 3017 1038 3084 ἡμῖν.
1068 3034 1086 3065 ι
1135 3015 1348 3067 Γένοιτο
1379 3016 1422 3067 δ’
1448 3015 1513 3068 ἂν
1544 3016 1759 3069 πάντων
1805 3016 1927 3068 τού-

350 3124 454 3159 των
483 3105 578 3158 κα)⁸
602 3102 757 3169 αὖθις
787 3105 996 3177 μάρτυς
1019 3106 1206 3169 πιστὸς
1234 3106 1458 3176 γράφων
1483 3108 1511 3159 6
1540 3106 1699 3169 αὐτὸς
1727 3108 1923 3177 Κοριν-

351 3196 483 3259 θίοις
510 3198 569 3249 ἐν
612 3200 677 3268 τῇ
709 3196 901 3270 πρώτῃ
944 3197 1227 3268 Ἐπιστολῇ
1253 3214 1267 3228 ο
1320 3215 1338 3247 ι
1361 3197 1659 3267 Διαιρέσεις
1686 3197 1741 3249 δέ
1767 3214 1921 3268 χαρι-

352 3287 569 3357 σμάτων
615 3291 772 3353 εἰσιν,
814 3291 875 3341 τὸ
927 3289 983 3342 δὲ
1018 3289 1151 3342 αὐτὸ
1186 3288 1447 3359 Πνεῦμα·
1489 3289 1584 3340 καὶ
1632 3287 1925 3357 διαιρέσεις

347 3377 631 3433 διακονιῶν
652 3382 808 3444 εἰσιν,
843 3382 937 3434 καὶ
965 3383 993 3433 6
1022 3380 1182 3443 αὐτὸς
1222 3380 1459 3451 Κύριος⁹
1506 3379 1601 3432 καὶ
1634 3379 1922 3449 διαιρέσεις

347 3471 734 3543 ἐνεργημάτων
782 3473 906 3537 είσὶ,
951 3475 978 3526 6
1009 3472 1067 3524 δέ
1118 3472 1278 3535 αὐτὸς
1330 3471 1462 3533 Θεὸς
1517 3471 1546 3522 6
1590 3469 1824 3539 ἐνεργῶν
1856 3468 1924 3521 τὰ

332 3554 525 3619 ’πάντα
547 3564 604 3614 ἐν
636 3564 818 3615 πᾶσιν.
864 3562 1107 3631 Ἐκάστῳ
1134 3561 1190 3613 δὲ
1213 3561 1412 3614 δίδοται
1433 3561 1465 3629 ἡ
1496 3558 1800 3629 φανέρωσις
1830 3556 1922 3609 τοῦ

348 3650 663 3721 Πνεῦματος
692 3652 827 3721 πρὸς
852 3652 910 3703 τὸ
939 3649 1030 3722 [95
1054 3650 1111 3723 ιι]
1141 3650 1437 3722 συμφέρον.
1480 3643 1549 3719 ᾯ
1586 3648 1685 3717 μὲν
1707 3646 1816 3717 γάρ
1846 3646 1923 3697 δί-

348 3743 496 3797 δοται
524 3744 610 3798 διά
636 3743 729 3797 τοῦ
760 3726 1079 3814 Πνεῦμα-ξος
1094 3743 1250 3810 λόγος
1290 3742 1499 3809 σοφίας,
1539 3739 1683 3810 ἄλλῳ
1731 3738 1786 3790 δὲ
1834 3736 1921 3790 λό-

345 3852 443 3904 γος
472 3835 723 3903 γνώσεως
752 3836 892 3888 κατά
916 3836 976 3888 τὸ
1014 3834 1145 3887 αὐτὸ
1170 3832 1414 3909 Πνεῦμα,
1465 3830 1633 3901 ἐτέρῳ
1658 3830 1715 3883 δὲ
1737 3830 1919 3893 πίστις

347 3929 405 3981 ἐν
438 3926 516 3998 τῷ
542 3927 689 3998 αὐτῷ
731 3926 1029 3997 Πνεῦματι,
1059 3924 1203 3995 ἄλλῳ
1247 3924 1304 3976 δὲ
1332 3924 1642 3995 χαρίσματα
1674 3920 1918 3993 ἰαμάτων

347 4019 497 4090 ἐγτῷ
536 4019 618 4072 ἐνὶ
647 4018 938 4088 Πνεῦματι,
967 4017 1108 4087 ἄλλῳ
1146 4016 1203 4069 δὲ
1241 4015 1588 4086 ἐνεργήματα
1621 4013 1919 4083 δυνάμεων,

343 4109 486 4179 ἄλλῳ
511 4109 568 4161 δὲ
618 4108 939 4179 προφητεία,
988 4106 1131 4177 ἄλλῳ
1162 4106 1219 4158 δέ
1251 4105 1521 4175 διάκρισις
1577 4104 1918 4175 πνευμάτων,

342 4201 516 4271 ἑτέρῳ
540 4200 596 4253 δέ
624 4200 753 4271 γένη
786 4198 1063 4268 γλωσσῶν,
1103 4198 1245 4269 ἄλλῳ
1273 4199 1328 4251 δέ
1346 4198 1606 4268 ἑρμηνεία
1638 4195 1918 4265 γλωσσῶν.

344 4293 608 4348 Ταῦταδέ
640 4293 815 4346 πάντα
843 4292 1057 4361 ἐνεργεῖ
1094 4288 1155 4342 τὸ
1188 4288 1244 4342 ἐν
1281 4289 1376 4342 καὶ
1412 4289 1472 4341 τὸ
1504 4289 1633 4341 αὐτὸ
1672 4287 1916 4358 Πνεῦμα,

342 4384 582 4455 διαιροῦν
611 4383 716 4454 ἰδίᾳ
740 4384 952 4451 ἑκάστῳ
986 4381 1170 4445 καθὼς
1212 4380 1475 4451 βούλεται.
1508 4400 1527 4431 ι
1584 4380 1705 4451 Χρὴ
1731 4378 1787 4431 δέ
1847 4379 1921 4449 μὴ

2045 649 2226 713 Pater,
2254 664 2306 704 et
2340 652 2503 705 Filius
2538 668 2550 703 :
2586 662 2638 703 et
2675 652 2743 704 ibi
2790 652 3039 706 similiter
3073 655 3242 722 spirat
3280 654 3365 708 tibi
3396 656 3507 709 vult
3550 667 3606 710 et

2042 740 2220 807 Pater,
2254 752 2305 795 et
2336 742 2501 795 Filius
2532 760 2544 794 :
2580 741 2886 794 munificam
2928 742 3121 805 Patris,
3154 755 3207 797 ct
3238 745 3381 807 Filii,
3421 757 3474 800 et
3520 748 3600 800 sui

2043 833 2213 901 ipsius
2242 849 2401 886 unam
2440 832 2766 887 voluntatem
2793 834 3085 901 complens,
3122 836 3428 905 nullamque
3452 854 3605 892 crea-

2043 937 2215 979 turam
2257 940 2324 979 ne
2357 941 2422 979 ex
2477 925 2542 979 iis
2586 924 2801 993 quidem
2859 940 2975 992 qnze
3026 926 3306 979 obscurant
3350 929 3600 996 imperfe-

2040 1027 2288 1085 ctamqne
2344 1014 2455 1085 (58)
2494 1016 2651 1069 vitam
2685 1015 2903 1078 habent,
2966 1029 3238 1085 expertem
3298 1019 3603 1085 relinquens

2038 1102 2546 1176 snaz'providentize.
2598 1105 2729 1158 Nam
2764 1120 2873 1159 suae
2924 1106 3091 1173 ipsius
3147 1105 3365 1161 factura:
3423 1109 3603 1175 prarsi-

2038 1198 2190 1262 dens,
2226 1206 2409 1265 utpme
2448 1197 2535 1262 qui
2577 1204 2660 1248 est
2688 1195 2800 1261 ipse
2845 1209 2941 1262 per
2995 1209 3052 1249 se
3096 1195 3291 1259 bonus,
3339 1206 3394 1247 et
3446 1196 3603 1249 simul

2037 1302 2157 1341 cum
2184 1288 2325 1341 hono
2356 1286 2619 1340 Creatore
2641 1300 2893 1353 Operans,
2921 1286 3097 1339 omnia
3122 1286 3357 1353 inspicit,
3385 1295 3439 1340 et
3470 1285 3603 1338 nihil

2038 1378 2436 1431 inobservatum
2469 1375 2724 1444 praztcrit,
2745 1374 2991 1429 omnibus
3015 1374 3304 1439 sulllcicns,
3331 1391 3393 1430 ac
3423 1376 3600 1429 divina

2038 1467 2177 1521 dona
2211 1467 2579 1521 distribuens:
2626 1480 2750 1517 nam
2795 1466 2884 1532 qni
2920 1476 3001 1519 εει
3041 1483 3059 1515 ι
3094 1480 3232 1518 unus
3281 1465 3469 1527 bonus,
3501 1484 3518 1516 ι
3553 1467 3601 1518 ei

2036 1556 2178 1609 nulla
2240 1558 2460 1611 omnino
2528 1573 2763 1627 unquam
2834 1560 3177 1627 ingeneratur
3224 1560 3444 1623 invidia,
3509 1560 3601 1614 sed

2035 1662 2187 1702 suam
2215 1648 2498 1703 beneficiis
2544 1648 2723 1717 potius
2750 1650 2986 1702 ostendit
3025 1658 3365 1716 potestatem.
3399 1648 3601 1703 Idcirco

2034 1755 2197 1794 unam
2229 1741 2583 1803 voluntatem,
2620 1749 2674 1795 et
2706 1756 2866 1795 unam
2898 1742 3294 1805 auctoritatem,
3331 1756 3393 1794 ac
3441 1741 3601 1810 207

2034 1832 2332 1900 potentiam
2361 1830 2641 1885 Trinitatis
2668 1846 2789 1887 esse
2838 1831 3084 1885 dicimus.
3144 1831 3380 1896 Quorum
3423 1841 3600 1883 autem

2034 1922 2301 1988 voluntas,
2332 1931 2386 1976 et
2419 1933 2675 1989 potestas,
2702 1932 2757 1977 et
2812 1924 3051 1991 energia,
3079 1923 3190 1976 sive
3219 1922 3465 1990 operatio
3496 1936 3598 1979 una

2035 2019 2135 2074 est,
2179 2027 2283 2064 una
2315 2013 2477 2065 etiam
2511 2022 2595 2066 est
2642 2012 2848 2066 Deitas.
2880 2012 3013 2065 Nam
3046 2013 3134 2081 qui
3166 2014 3343 2066 Omnia
3375 2027 3440 2066 ex
3480 2025 3603 2079 pro-

2036 2104 2149 2171 pria
2188 2105 2509 2158 auctoritate
2548 2112 2824 2172 operatur,
2862 2112 3025 2172 atque
3075 2105 3226 2157 adest
3280 2105 3330 2156 in
3358 2103 3601 2171 singulis,

2037 2194 2162 2247 huic
2226 2208 2330 2246 non
2364 2193 2465 2246 alia
2507 2203 2699 2247 natura
2740 2202 2839 2259 est,
2882 2208 3043 2262 quam
3086 2193 3241 2245 unica
3277 2192 3383 2253 illa,
3420 2201 3475 2245 et
3518 2192 3592 2245 in-

2035 2294 2310 2350 corrupta,
2344 2295 2504 2352 atque
2528 2284 2579 2336 in
2608 2285 2855 2338 omnibus
2895 2284 3051 2337 rebus
3076 2284 3340 2337 exsistens
3370 2294 3557 2335 natura
3583 2296 3600 2346 ;

2038 2373 2271 2443 nihilque
2299 2372 2402 2426 nlla
2436 2375 2488 2427 in
2525 2389 2580 2429 re
2606 2390 2854 2429 mancum
2888 2375 3067 2439 habet,
3105 2390 3166 2427 ac
3207 2373 3601 2442 imperfectum,
3632 2434 3641 2443 ο

2036 2480 2210 2535 neque
2265 2466 2389 2519 facit
2430 2467 2568 2533 quod
2611 2482 2713 2520 non
2764 2466 2911 2533 vult;
2956 2467 3049 2520 sed
3105 2481 3170 2519 ne
3215 2465 3343 2518 facit
3388 2464 3599 2533 quidem

2035 2560 2176 2626 quod
2207 2566 2418 2624 gratum
2465 2557 2612 2611 Patri
2646 2568 2698 2611 et
2728 2557 2863 2611 Filio
2884 2573 2994 2610 non
3028 2560 3115 2612 sit.
3165 2557 3229 2611 Et
3260 2558 3603 2625 quemadmo-

2036 2652 2160 2703 dum
2203 2648 2398 2701 Filium
2426 2648 2558 2700 nihil
2599 2663 2627 2700 a
2669 2648 2828 2701 Patre
2868 2647 3079 2701 differre
3123 2648 3379 2709 ostendit,
3411 2656 3603 2712 pmter

2036 2740 2170 2792 alios
2197 2737 2489 2805 Scriptum
2541 2746 2752 2802 textus,
2804 2737 2965 2791 etiam
3027 2737 3126 2791 iste
3160 2758 3171 2791 :
3211 2755 3229 2787 ι
3261 2736 3603 2805 Qnmcunque

2037 2828 2145 2897 (59)
2180 2827 2305 2880 facit
2338 2826 2515 2891 Pater,
2566 2827 2678 2880 ιιωο
2704 2828 2865 2881 etiam
2903 2826 3070 2880 Filius
3100 2827 3346 2879 similiter
3370 2825 3496 2879 facit
3525 2844 3537 2878 :
3572 2844 3595 2877 ι

2035 2923 2109 2973 ita
2168 2920 2429 2989 Spiritum
2466 2930 2957 2988 sanctum.quoque
2998 2921 3139 2973 Patri
3186 2920 3443 2987 mqualcm
3479 2936 3599 2974 cum

2034 3012 2136 3065 alia
2169 3011 2479 3071 ostendunt,
2515 3018 2626 3064 tum
2664 3011 2826 3063 etiam
2873 3010 2993 3074 hoc,
3038 3010 3178 3079 quod
3211 3009 3387 3063 omnia
3414 3024 3603 3077 Opere-

2034 3111 2141 3163 tur,
2198 3111 2247 3156 el
2290 3101 2555 3171 largiatur
2593 3108 2749 3169 prout
2787 3100 2924 3165 vult,
2961 3109 3013 3156 et
3053 3100 3219 3169 spirct
3265 3099 3350 3152 ubi
3382 3099 3514 3153 vult.
3550 3098 3603 3153 id

2034 3192 2177 3246 enim
2211 3193 2540 3251 confirmans
2572 3189 2881 3259 Apostolus,
2917 3199 2970 3243 et
3004 3190 3286 3243 manifeste
3318 3188 3575 3257 Spiritum

2031 3283 2197 3336 Deum
2228 3296 2453 3345 vocans,
2497 3281 2754 3349 scripsit:
2798 3299 2815 3329 ι
2850 3278 2915 3333 Ut
2940 3280 3324 3348 perspiciamus
3349 3278 3460 3348 (40)
3486 3293 3602 3345 quae

2026 3388 2056 3425 a
2088 3373 2194 3426 Deo
2226 3373 2422 3425 donata
2456 3382 2582 3425 sunt
2619 3372 2792 3425 nobis.
2834 3390 2853 3422 ι
2899 3370 2982 3424 Sit
3011 3383 3188 3425 autem
3248 3372 3436 3425 horum
3483 3387 3601 3425 om-

2026 3469 2171 3518 nimn
2213 3479 2399 3517 rursus
2431 3464 2600 3518 fidelis
2631 3463 2783 3518 testis
2810 3463 2897 3517 ille
2962 3464 3101 3517 idem
3144 3464 3438 3517 Corinthiis
3488 3464 3601 3517 lucc

2026 3555 2270 3608 scribens
2300 3553 2353 3606 in
2385 3554 2555 3620 prima
2593 3554 2828 3621 Epistola
2862 3567 2878 3605 :
2919 3570 2936 3602 ι
2976 3553 3278 3606 Divisiones
3321 3552 3434 3621 (41)
3472 3567 3601 3606 vero

2026 3643 2416 3698 charismatum
2444 3652 2591 3708 sunt,
2620 3644 2757 3698 idem
2813 3654 2991 3698 autem
3050 3643 3316 3712 Spiritus;
3360 3653 3415 3696 et
3466 3644 3599 3696 divi-

2026 3736 2209 3791 siones
2267 3736 2693 3790 ministeriorum
2750 3746 2894 3801 sunt,
2928 3745 2981 3790 et
3031 3736 3170 3790 idem
3222 3735 3508 3802 Dominus;
3543 3744 3598 3789 et

2026 3831 2320 3887 divisiones
2352 3830 2726 3901 operationum
2777 3839 2926 3896 sunt,
2959 3832 3099 3884 idem
3146 3845 3273 3884 vero
3306 3830 3463 3894 Dens,
3501 3829 3593 3898 qui

2033 3932 2290 3991 operatur
2318 3923 2499 3978 omnia
2531 3923 2581 3976 in
2604 3923 2874 3977 omnibus.
2905 3919 3207 3990 Unicuique
3235 3929 3412 3973 autem
3442 3920 3599 3974 datur

2030 4015 2395 4071 manifestatio
2444 4014 2681 4086 Spiritus
2718 4015 2784 4069 ad
2825 4013 3151 4078 utilitatem;
3202 4027 3324 4065 nam
3358 4010 3444 4064 alii
3478 4011 3597 4080 qui-

2028 4106 2149 4161 dem
2180 4108 2341 4161 datur
2369 4122 2464 4176 per
2491 4106 2748 4177 Spiritum
2806 4120 2985 4161 sermo
3016 4103 3323 4173 sapientiae;
3363 4103 3448 4155 alii
3505 4116 3595 4156 au—

2031 4209 2135 4252 tem
2161 4212 2340 4252 sermo
2370 4197 2611 4253 scientia:
2640 4196 2932 4253 secundum
2968 4182 3213 4250 eutﬁdem
3270 4192 3530 4263 Spiritum
3579 4212 3594 4248 :

2028 4287 2183 4341 alteri
2214 4299 2392 4343 autem
2448 4290 2579 4343 fides
2634 4290 2687 4342 in
2730 4288 2916 4343 eodem
2955 4286 3156 4357 Spiritu
3208 4301 3223 4339 :
3271 4286 3358 4339 alii
3416 4294 3594 4339 autem

2029 4378 2215 4447 gratim
2246 4379 2682 4449 sanationumjn
2716 4394 2820 4434 uno
2851 4378 3053 4450 Spiritu
3081 4376 3192 4448 (49.)
3233 4398 3245 4433 z
3295 4376 3382 4431 alii
3416 4386 3594 4431 autem

415 4566 528 4635 (53)
581 4563 1071 4635 Ιηψετίεοεαηιτιηε.
1139 4564 1247 4625 Ea.
1315 4565 1525 4635 f‘pinor.
1558 4559 1901 4635 ranillmlcula
1936 4562 1983 4622 D
2010 4563 2203 4620 'lolnm
2238 4568 2348 4623 fere
2384 4570 2525 4623 hunc
2555 4568 2731 4625 loeum
2757 4569 2833 4623 sic
2858 4568 3013 4624 affert
3043 4569 3095 4622 in
3132 4569 3267 4623 libro
3295 4569 3366 4622 De
3389 4567 3591 4631 Spiritu

342 4630 704 4709 inti-lli'giJKde
740 4630 932 4709 quibus
948 4630 1196 4709 Clemens
1230 4630 1664 4709 iiLPi-ptrepticg._
1684 4646 1801 4700 pag.

340 4700 576 4759 editione
616 4700 814 4757 Potteri
851 4704 964 4757 hmc
1003 4705 1235 4757 scribit:
1266 4704 1401 4756 Τινᾶι
1452 4703 1560 4754 τῶν
1602 4701 1755 4765 ζώων
1787 4700 1908 4769 οὐχὶ

339 4775 523 4837 πάσας
546 4774 658 4843 ἔχει
677 4773 792 4844 τὰς
808 4773 1107 4844 αἰσθήσεις,
1150 4772 1339 4844 ὥσπερ
1377 4772 1537 4844 εὐλαὶ,
1555 4773 1650 4825 καὶ
1673 4770 1915 4844 κά-μπαι,

341 4845 438 4898 καὶ
476 4841 847 4913 ὃσαῦδιὰίτῆς
881 4841 1104 4912 πρώτης
1145 4841 1411 4912 γενέσεως
1454 4842 1613 4913 εὐθὺς
1661 4841 1919 4913 ἀνάπηρα

342 4914 612 4983 φαίνεται,
639 4912 954 4983 καθάπεροὶ
982 4914 1257 4976 σπάλακες
1272 4914 1365 4965 καὶ
1386 4916 1418 4982 ἡ
1445 4912 1678 4982 μυγάλη’
1717 4912 1765 4963 id
1795 4923 1879 4964 est
1902 4928 1914 4962 :

348 5003 366 5032 ι
401 4982 659 5050 Quaedam
690 4982 939 5036 animalia
972 4998 1076 5037 non
1122 4985 1319 5038 habent
1369 4999 1556 5036 omnes
1603 4995 1823 5044 sensus,
1863 4989 1921 5032 ut

342 5068 573 5118 vermes,
600 5064 655 5107 et
684 5068 879 5115 erucae,
902 5068 1133 5121 quaeque
1164 5061 1372 5107 naturae
1403 5068 1513 5107 sure
1551 5051 1857 5106 conditione
1887 5065 1918 5104 a

341 5123 518 5192 primo
550 5133 669 5176 ortu
714 5120 1236 5191 imperfecta’sunt,
1284 5123 1432 5176 velut
1477 5124 1633 5189 talpae
1695 5132 1747 5174 ct
1800 5135 1918 5174 mus

341 5207 597 5245 araneus.
628 5212 646 5243 ι

411 5262 521 5331 (59)
563 5262 917 5332 ρυωσηηᾳηε.
946 5261 1102 5316 Joan.
1130 5278 1182 5327 ν,
1217 5263 1307 5318 19.

412 5329 524 5403 (40)
567 5329 634 5384 Ut
675 5329 1077 5403 perspiciamus.
1121 5332 1141 5385 l
1183 5335 1249 5387 ad
1295 5332 1420 5403 (ἔοι.
1478 5350 1538 5401 ιι,
1591 5334 1679 5387 12.
1732 5332 1916 5387 Graeca

338 5401 532 5474 editio,
593 5403 827 5474 εἰδῶμεν
874 5418 995 5474 pro,
1044 5402 1263 5474 ῐδωμεν.
1319 5402 1471 5474 Hunc
1528 5405 1677 5458 Pauli
1744 5404 1916 5474 locum

341 5472 564 5542 respicit
596 5473 853 5542 Didymus
877 5473 928 5524 in
958 5478 1051 5526 ut).
1089 5472 1162 5526 De
1192 5473 1395 5542 Spiritu
1417 5485 1617 5538 sancto,
1657 5490 1803 5526 num.
1827 5472 1916 5534 51,

344 5541 432 5593 ubi
498 5541 762 5610 impressa
821 5542 1150 5608 exemplaria
1211 5545 1466 5597 mendose
1525 5546 1817 5597 habentzc
1851 5543 1914 5594 Et

338 5611 588 5663 eumdem
633 5611 804 5680 ipsum
856 5611 1137 5679 Spiritum.
1190 5614 1304 5680 ipso
1358 5614 1668 5676 revelante,
1717 5629 1918 5679 cugnn-

342 5690 523 5749 scunt,
575 5690 633 5733 ttt
671 5683 841 5735 sciant
880 5686 1003 5749 quia
1041 5699 1067 5733 ιι
1110 5682 1335 5737 Domino
1365 5682 1561 5736 donata
1603 5693 1731 5737 sunt
1762 5688 1859 5737 eis.
1893 5701 1910 5732 ι

338 5748 648 5830 Lugendum
717 5752 860 5804 enim
900 5748 1053 5819 ’pulo
1088 5769 1101 5805 ;
1143 5769 1305 5821 «qua:
1355 5768 1384 5805 a
1445 5751 1669 5808 Domino
1725 5755 1915 5807 donata

339 5830 465 5871 sunt
497 5836 595 5872 (HS.
626 5840 646 5869 ν

411 5887 523 5958 (Η)
565 5888 921 5947 υίιεὶδίοηεδ.1
974 5894 1037 5945 ad
1085 5893 1204 5947 Cor.
1254 5910 1347 5957 xu,
1400 5910 1428 5947 ιι
1464 5910 1601 5951 vers.
1647 5896 1677 5949 ιι
1723 5897 1788 5949 ad
1834 5896 1913 5948 ll.

2011 4646 2215 4702 sancto,
2250 4654 2396 4692 num.
2448 4639 2557 4693 2‘2:
2595 4658 2614 4691 ι
2647 4639 2777 4693 Nam
2813 4659 2831 4690 ι
2896 4640 3189 4692 divisiones
3226 4637 3593 4707 operationum

2022 4717 2166 4764 sunt.
2207 4710 2345 4762 idem
2382 4718 2562 4763 autem
2591 4711 2706 4778 ipse
2731 4708 2984 4777 Spiritus,
3014 4711 3103 4776 qni
3136 4706 3390 4773 operatur
3413 4706 3591 4778 omnia

2021 4779 2075 4849 in
2104 4779 2351 4849 omnibus
2381 4778 2579 4849 [codex
2602 4776 2781 4831 noster
2808 4782 2959 4832 habet
2981 4795 3044 4849 :71
3080 4778 3376 4831 Divisiones
3400 4776 3594 4849 quippe

2022 4847 2529 4902 donatinnumsunt
2561 4868 2575 4904 :
2610 4850 2746 4902 idem
2781 4859 2958 4900 autem
2992 4848 3224 4916 Spiritus
3252 4864 3265 4910 ;
3299 4857 3353 4899 et
3380 4847 3591 4898 divisio-

2022 4932 2118 4971 nes
2154 4919 2599 4981 ministeriorum,
2631 4929 2679 4971 et
2720 4919 2833 4985 ipse
2876 4918 3165 4981 Dominus;
3212 4927 3266 4968 et
3304 4916 3592 4979 divisiones

2020 4988 2387 5056 operationum
2416 5002 2432 5041 :
2462 4989 2574 5055 ipse
2603 4990 2741 5041 idem
2779 4988 2937 5049 Deus,
2985 4989 3076 5055 qui
3113 4998 3367 5054 Operatur
3414 4986 3592 5056 omnia

2021 5055 2075 5109 in
2147 5057 2452 5128 omnibus].
2511 5060 2782 5126 Operante
2841 5073 2968 5125 ergo
3018 5057 3194 5128 Patre,
3245 5055 3593 5128 multiplicem

2021 5125 2428 5180 charismatnm'
2487 5125 2908 5196 plenitudinem.
2996 5127 3313 5195 multiplicat
3397 5125 3592 5196 [cadet

2023 5208 2195 5269 noster
2222 5211 2241 5247 :
2280 5195 2568 5269 ministrat]
2654 5213 2787 5269 eam,
2833 5195 2998 5251 Filius
3059 5197 3465 5269 subsistentent_
3504 5210 3591 5257 per

2022 5264 2282 5334 Spiritum
2312 5264 2582 5321 sanctunt'.
2616 5287 2633 5318 ι
2689 5267 2791 5320 Alii
2832 5271 2974 5320 enim
3007 5281 3101 5335 per
3140 5266 3398 5333 Spiritum
3438 5265 3589 5314 tlatut

2020 5350 2199 5408 sermo
2230 5337 2524 5405 sapientia'.
2555 5337 2655 5408 Alii
2687 5351 2811 5390 vero
2842 5339 3081 5391 scicntia:
3129 5335 3341 5408 [roder
3373 5343 3547 5408 noster
3580 5342 3593 5376 ε

2019 5404 2122 5476 Alii
2163 5404 2341 5460 seruio
2373 5406 2647 5476 Scientiw]
2698 5408 2989 5460 secundum
3030 5404 3275 5459 cnnidem
3312 5405 3593 5476 Spiritum.

2019 5475 2123 5528 Alii
2168 5476 2303 5532 fides
2332 5478 2383 5531 in
2412 5480 2602 5531 eodem
2631 5473 2854 5545 Spiritu.
2881 5517 2894 5530 .
2919 5515 2932 5528 .
2958 5515 2973 5528 .
2995 5512 3011 5528 .
3047 5476 3168 5529 llzec
3208 5485 3384 5528 autem
3414 5473 3591 5545 omnia

2021 5557 2279 5613 operatur
2303 5564 2438 5600 unus
2462 5559 2620 5614 atque
2647 5541 2783 5599 idem
2811 5548 3063 5614 Spiritus,
3096 5546 3343 5598 dividens
3372 5541 3591 5607 singulis

2024 5626 2183 5687 pron_t
2212 5618 2320 5687 vult
2352 5617 2547 5687 [codex
2589 5627 2800 5669 noster:
2837 5614 3079 5669 dividens
3122 5617 3410 5683 nnicuiqne
3455 5614 3590 5664 sicut

2025 5684 2188 5755 vult].
2225 5684 2376 5740 Unde
2400 5687 2691 5746 disi-entes,
2723 5704 2741 5734 ›
2780 5701 2889 5739 etc.

2093 5749 2204 5828 (ιέ)
2250 5756 2315 5828 In
2349 5773 2450 5828 uno
2483 5755 2710 5828 Spiritu.
2753 5755 2908 5823 Vulg.
2943 5758 3222 5828 interpres
3253 5756 3396 5828 legit_
3422 5760 3478 5828 ut
3508 5749 3593 5828 Di-

2020 5816 2235 5895 tlyinus.
2269 5826 2374 5880 Sed
2406 5816 2591 5879 Guar-ca
2631 5825 2796 5879 editio
2829 5816 2987 5880 habet
3022 5845 3035 5879 ί
3069 5816 3127 5880 ἐν
3156 5825 3232 5897 τῷ
3262 5816 3407 5894 αῦτῷ
3435 5816 3593 5873 Ilvati—

2024 5914 2175 5966 ματι,
2216 5899 2264 5951 id
2292 5915 2331 5952 c.
2357 5907 2395 5961 ι,
2430 5916 2446 5945 ι
2470 5897 2521 5948 in
2557 5898 2738 5951 eodem
2766 5897 2988 5966 Spiritu.
3021 5917 3037 5947 ι
