4114 6422
536 367 640 423 605

1771 381 2013 439 DIDYMI
2051 379 2520 437 ALEXANDRINI
2560 365 2569 369 “

3677 383 3778 437 604

533 480 876 549 operationes
924 482 1203 550 virtutum,
1229 487 1318 543 alii
1346 497 1526 545 autem
1563 495 1865 565 praphetia,
1889 500 1977 553 alii
2013 513 2082 553 aut

2206 499 2603 570 παραδραμεῖν,
2660 497 2717 575 ἐν
2747 498 2866 568 μὲν,
2891 498 2973 551 ὅτι
3027 497 3113 551 διά
3142 498 3239 569 τὴν
3273 498 3406 570 πρὸς
3439 498 3529 552 τὸν
3561 500 3775 572 Πατέρα

537 576 645 620 tem
679 570 932 624 discretio
966 572 1078 645 (ιδ)
1131 575 1447 644 spirituum,
1478 579 1631 635 alteri
1681 594 1859 640 autem
1907 602 2102 657 genera

537 658 863 729 linguarum,
889 664 980 717 alii
1014 674 1193 721 autem
1226 668 1945 745 interpretatiolinguarum.
1980 679 2104 735 llmc

531 760 710 802 autem
740 753 920 806 omnia
973 765 1230 821 operatur
1276 773 1417 814 unus
1444 769 1607 831 atque
1648 762 1786 818 idem
1841 766 2097 837 Spiritus,

531 838 774 895 dividens
832 857 1075 897 seorsum
1132 847 1429 918 unicuique
1470 860 1629 920 prout
1679 856 1809 912 vult.
1845 876 1864 908 ι
1920 857 2102 930 Neque

532 945 664 986 vero
695 933 811 987 haec
841 934 1016 990 obiter
1047 942 1419 1007 praetereunda
1447 955 1590 1001 sunt.
1619 944 1752 1000 Nam
1780 951 1953 1017 primo
1978 953 2100 1020 qui-

530 1021 1213 1083 denranimadvertendutn
1268 1042 1371 1099 est,
1427 1036 1567 1103 quod
1812 1039 1883 1094 ob
1926 1024 2102 1096 omni—

528 1110 741 1164 modam
794 1110 1026 1192 Spiritus
1084 1121 1256 1174 sancti
1315 1137 1436 1176 eum
1503 1110 2098 1199 Patre'mqualitatem,

528 1204 678 1282 prius
714 1206 959 1260 meminit
996 1208 1161 1276 ipsius
1218 1210 1471 1283 Spiritus,
1506 1225 1614 1271 tum
1647 1218 1790 1284 Filii,
1838 1235 1902 1276 ac
1948 1223 2100 1277 dein-

527 1278 656 1361 ceps
682 1294 771 1350 Dei
805 1306 856 1351 et
890 1298 1067 1356 Patris
1100 1302 1191 1371 qui
1229 1314 1484 1371 operatur
1526 1310 1705 1363 omnia
1738 1310 1789 1363 in
1821 1313 2094 1368 omnibus.

528 1385 779 1442 Secundo
811 1388 934 1444 illml
988 1393 1382 1459 observandum
1415 1408 1518 1477 est,
1556 1403 1694 1469 quod
1720 1441 1736 1468 ,
1791 1417 1912 1458 cum
1949 1420 2098 1474 supe-

526 1480 641 1534 rius
694 1479 933 1549 dixisset,
999 1487 1162 1541 Deum
1210 1492 1419 1565 operari
1477 1495 1655 1563 omnia
1712 1494 1765 1549 in
1822 1497 2093 1576 omnibus,

529 1583 690 1622 unam
724 1575 1062 1639 postmodum
1118 1579 1282 1635 totius
1323 1583 1613 1638 testimonii
1654 1589 2094 1655 consequentiam

524 1667 688 1724 atque
716 1658 1051 1735 harmoniam
1087 1664 1347 1735 indicans,
1397 1678 1450 1725 et
1476 1670 1544 1726 de
1569 1671 1729 1729 Patre
1756 1661 1910 1744 aeque
1943 1665 2097 1732 aeide

526 1747 731 1816 Spiritu
776 1751 891 1820 ejus
957 1756 1359 1837 intelligendum
1402 1746 1723 1845 ostendens,
1761 1767 2035 1847 subjungit
2077 1787 2092 1824 :

2204 590 2333 661 περὶ
2362 589 2536 643 πάντα
2566 584 2787 660 ἰσότητα
2836 588 2929 641 τοῦ
2978 589 3134 657 ἁγίου
3163 589 3499 660 Πνεύματος,
3553 591 3771 662 πρώτου

2207 679 2475 749 μέμνηται
2505 676 2689 741 αὑτοῦ,
2741 672 2857 730 εἶτα
2888 676 2982 730 τοῦ
3028 677 3178 744 Υίοῦ,
3210 678 3301 731 ml
3350 679 3643 748 μετέπειτα
3679 680 3770 732 τοῦ

2201 769 2332 823 Θεοῦ
2363 770 2456 823 ml
2505 769 2717 840 Πατρὸς
2770 768 3114 840 ἐνεργοῦντος
3166 769 3233 823 τὰ
3261 770 3435 824 πάντα
3467 773 3526 824 ἐν
3575 773 3773 825 πᾶσιν*

2201 858 2447 929 δεύτερον
2469 858 2544 923 δὲ,
2572 860 2655 912 ὅτι
2677 858 2931 930 ἀνωτέρω
2953 858 3119 911 εἰπὼν
3156 859 3248 913 τὸν
3277 858 3407 913 Θεὸν
3435 861 3674 932 ἐνεργεῖν
3708 865 3774 917 τά

2203 952 2378 1005 πάντα
2433 951 2492 1002 ἐν
2527 951 2710 1013 πᾶσιν,
2758 951 2952 1018 ἐπάγει
2996 950 3124 1020 μίαν
3160 951 3425 1021 ἁρμονίαν
3469 954 3772 1024 μαρτυρίας

2200 1040 2544 1112 ἐκτιθέμενος
2576 1039 2818 1111 περὶτοῦ
2846 1040 3057 1110 Πατρὸς
3087 1040 3295 1093 καὶτοῦ
3326 1042 3639 1112 Πνεύματος
3673 1045 3771 1097 αὑ-

2198 1132 2328 1186 τοῦ·
2400 1151 2418 1183 ι
2444 1130 2629 1184 Ταῦτα
2656 1130 2713 1183 δέ
2773 1131 2947 1185 πάντα
2986 1132 3199 1202 ἐνεργεῖ
3235 1130 3294 1183 τὸ
3331 1131 3388 1185 ἐν
3431 1134 3525 1186 ml
3554 1134 3615 1186 τὸ
3638 1134 3771 1187 αὐτὸ

2201 1224 2448 1294 Πνεῦμα,
2488 1221 2729 1295 διαιροῦν
2790 1222 2896 1294 ἰδίᾳ
2944 1223 3156 1294 ἑκάστῳ
3200 1222 3381 1286 καθὼς
3433 1222 3713 1293 βούλεται·
3746 1245 3764 1276 ι

2202 1317 2266 1370 ἵν’
2296 1319 2361 1369 ἐκ
2421 1304 2613 1369 τούτου
2663 1314 2794 1367 Θεὸν
2842 1312 3186 1377 αὐτεξούσιον
3233 1313 3445 1385 δηλώσῃ
3498 1314 3558 1367 τὸ
3616 1315 3773 1383 ἆγιον

2198 1407 2422 1477 Πνεῦμα
2447 1423 2459 1436 ·
2487 1407 2586 1459 οὑκ
2618 1405 2916 1476 ἀπροσήκῳ
2944 1403 3226 1474 πράγματι
3274 1405 3618 1474 ἐγχειρήσας,
3650 1406 3771 1458 οὐδὲ

2196 1498 2295 1570 τὴν
2320 1498 2472 1565 τάξιν
2498 1496 2918 1568 καινοτομήσας,
2952 1496 3071 1548 οὐδὲ
3103 1495 3413 1567 διαμαρτὼν
3457 1495 3550 1548 τοῦ
3593 1495 3772 1557 καλῶς

2197 1591 2438 1662 ἔχοντος*
2470 1590 2580 1644 ἀλλ’
2609 1590 2847 1660 ἄτρωτον
2889 1588 3168 1658 φυλάττων
3194 1587 3293 1660 τὴν
3330 1587 3527 1656 γνῶσιν
3553 1588 3649 1657 τῆς
3680 1587 3775 1641 πίεν

2199 1700 2386 1747 στεως,
2432 1683 2524 1735 ml
2551 1681 2650 1753 τῆς
2673 1681 2945 1751 θεολογίας
3000 1681 3096 1755 τὴν
3130 1681 3472 1755 καθαρότητα
3496 1698 3511 1714 ·
3547 1682 3639 1735 ml.
3669 1682 3771 1753 οὑχ

2197 1772 2430 1845 ὑϐρίζων
2457 1774 2554 1844 τὴν
2612 1773 2904 1847 ἀμέριστον
2940 1772 3101 1842 φύσιν
3147 1776 3240 1826 ml
3268 1772 3444 1840 ἀξίαν,
3473 1774 3549 1836 ὡς
3609 1775 3657 1826 οἱ
3691 1774 3769 1844 μὴ

530 1857 548 1890 ι
593 1839 716 1919 llaec
740 1852 921 1898 autem
968 1849 1148 1903 onmia
1184 1837 1449 1931 operatur.
1477 1838 1616 1935 unus
1653 1866 1708 1912 et
1743 1842 1882 1913 idem
1922 1860 2082 1940 Spiri-

2197 1837 2674 1936 συναριθμοῦντες,
2719 1837 2833 1918 ἀλλ’
2867 1837 3414 1937 ὑπαριθμοῦντεςντῷ
3463 1864 3637 1933 Πατρὶ

528 1938 616 1984 tus
663 1932 908 1990 dividens
962 1951 1206 2019 seorsum
1262 1932 1553 2025 unicuique
1601 1949 1896 2016 proutvult
1924 1967 1937 2009 :
1970 1932 2094 2005 rut

523 2019 645 2074 inde
674 2020 932 2091 Spiritum
961 2038 1209 2085 sanctum
1244 2019 1481 2089 declaret
1508 2050 1629 2092 esse
1666 2039 1828 2095 Deum
1875 2043 2088 2110 propria

520 2121 586 2160 ex
616 2110 792 2179 seipso
818 2117 1141 2174 auctoritate
1158 2122 1437 2188 praeditum
1465 2142 1478 2178 :
1507 2142 1683 2205 neque
1702 2144 1849 2196 vero,
1876 2134 2000 2185 dum
2019 2132 2089 2187 ita

519 2212 579 2254 se
611 2203 766 2270 gerit,
796 2205 1092 2277 quidquam
1143 2214 1450 2281 aggreditur
1496 2216 1631 2287 (44),
1667 2221 1808 2289 quod
1839 2223 2090 2278 inconve-

521 2290 675 2346 niens
709 2295 799 2360 sit,
829 2313 926 2354 nec
978 2302 1221 2357 ordinem
1268 2320 1465 2360 novum
1498 2308 1724 2375 invehit,
1754 2327 1853 2368 nec
1905 2315 1973 2369 ab
2023 2330 2088 2371 eo

521 2382 663 2447 quod
709 2395 854 2441 recte
893 2402 952 2444 se
989 2390 1169 2455 habet,
1228 2394 1464 2464 aberrat,
1499 2398 1593 2453 sed
1642 2400 1863 2456 illznsam
1907 2415 2085 2461 servat

516 2471 641 2527 ﬁdei
700 2479 1079 2548 cognitionem,
1119 2491 1174 2537 et
1225 2484 1506 2556 theologiei
1567 2493 1832 2548 sermonis
1883 2495 2088 2562 puritav

517 2570 622 2616 tem
659 2579 674 2618 :
712 2582 885 2637 neque
918 2572 1204 2628 individuze
1226 2587 1435 2659 naturze
1464 2594 1527 2632 ae
1549 2578 1795 2659 dignitati
1832 2584 2083 2665 iniuriam

514 2652 697 2721 infert,
732 2658 873 2713 sicut
904 2661 938 2714 ii
972 2663 1199 2731 faciunt,
1227 2652 1318 2737 qui
1347 2652 1540 2727 Filium
1585 2654 1641 2728 et
1675 2652 1934 2740 Spiritum
1964 2694 2085 2734 san-

511 2758 658 2804 ctum
686 2767 791 2807 non
831 2770 956 2810 cum
1002 2757 1161 2815 Patre
1211 2775 1628 2834 eonnumerant,
1662 2770 1755 2823 sed
1789 2772 1888 2841 sub
1923 2772 2085 2828 Patre

513 2851 824 2898 numerant.
890 2843 1131 2914 Namque
1191 2863 1291 2903 nee
1329 2850 1574 2916 fortuito,
1621 2870 1685 2910 ac
1731 2859 1851 2913 sine
1898 2874 2081 2929 causa,

514 2944 690 3000 neque
716 2935 932 3001 propria
969 2939 1293 2994 auctoritate
1319 2944 1595 3011 nominum
1629 2936 1870 3002 ordinem
1907 2949 2081 3006 inver-

513 3016 577 3071 tit
604 3035 619 3070 :
656 3020 748 3073 sed
777 3022 845 3084 is,
878 3025 966 3092 qui
1008 3027 1243 3095 loquitur
1271 3014 1435 3098 ineo,
1477 3018 1748 3103 Christus,
1778 3047 1836 3092 ut
1865 3055 2078 3098 omnem

510 3122 633 3161 cum
680 3110 1035 3181 malignorum
1090 3118 1356 3186 eordium,
1392 3129 1503 3176 tum
1531 3108 1739 3193 eorum,
1769 3108 1888 3207 quae
1943 3147 2080 3188 non-

515 3197 641 3249 dum
671 3212 927 3265 perversa
958 3203 1095 3259 facta
1129 3215 1277 3281 sunt,
1304 3212 1665 3285 suspicionem
1696 3197 1863 3288 tollat,
1891 3220 2075 3279 diver-

510 3285 587 3340 sis
615 3288 788 3343 modis
826 3307 984 3361 unam
1035 3298 1384 3375 eamdemque
1413 3306 1693 3362 veritatem
1738 3312 1912 3381 docet,
1951 3330 2077 3385 per-

514 3376 707 3433 fectam
751 3382 957 3440 scilicet
985 3402 1105 3443 esse
1130 3394 1181 3445 in
1212 3393 1476 3474 Trinitate
1504 3410 1558 3455 et
1586 3406 1861 3473 potentiae,
1892 3376 2074 3466 ὲιίέο-

510 3473 676 3549 noris,
711 3483 765 3528 et
792 3477 939 3543 usiae,
995 3481 1110 3537 sive
1141 3486 1454 3545 substantia:
1495 3482 1854 3562 aequalitatem
1886 3518 1902 3556 :
1950 3516 2073 3558 cum

507 3561 633 3618 alibi
669 3566 885 3635 quidem
910 3574 1048 3640 apud
1070 3577 1321 3634 eumdem
1348 3561 1572 3639 Paulum
1605 3588 1801 3645 dixerit
1831 3609 1846 3646 :
1880 3610 1900 3645 ι
1932 3593 2073 3652 Idem

506 3663 686 3713 autem
724 3656 865 3714 Deus
900 3670 1000 3728 est,
1030 3665 1119 3746 qui
1155 3681 1413 3737 operatur
1437 3675 1618 3753 omnia
1644 3679 1696 3732 in
1731 3684 2011 3753 omnibus;
2048 3705 2067 3739 ι

663 3762 790 3849 vero
814 3753 954 3833 apud
1004 3742 1405 3853 Evapgelistam
1443 3749 1634 3851 dicat:
1682 3789 1701 3823 ι
1733 3742 2075 3853 Baptizanles

506 3831 618 3929 (ιε)
650 3851 744 3891 eos
774 3837 825 3891 in
860 3831 1087 3897 nomine
1109 3834 1308 3929 Patris,
1332 3860 1386 3906 et
1416 3852 1561 3924 Filii,
1596 3848 1650 3912 et
1679 3831 1913 3929 Spiritus
1944 3831 2073 3919 san;

505 3922 578 3977 cti
613 3944 626 3979 :
665 3944 685 3978 ι
732 3943 873 3984 nune
908 3943 1088 3989 autem
1135 3922 1557 4014 apu‘d'Paulum,
1601 3954 1658 4001 ut
1683 3922 1841 4005 antea
1870 3952 2070 4010 dictum

506 4026 608 4082 est,
650 4020 729 4074 sic
790 4018 1042 4094 loquatur
1078 4046 1091 4082 :
1135 4046 1154 4080 ι
1190 4022 1312 4087 Haec
1347 4044 1526 4091 autem
1584 4041 1765 4095 omnia
1823 4054 2074 4113 operatur

504 4122 642 4165 unus
683 4121 739 4168 et.
777 4114 915 4170 idem
959 4119 1212 4203 Siritus,
1250 4125 1496 4209 dividens
1559 4144 1802 4188 seorsum
1848 4120 2074 4208 singulis

503 4199 795 4259 sieutvult.
824 4224 843 4257 ι
875 4206 1013 4273 Quin
1041 4199 1202 4265 etiam
1239 4213 1292 4267 in
1315 4202 1553 4295 Epistula
1577 4221 1645 4275 ad
1690 4199 2073 4305 Hebrteosvhoc

502 4290 674 4357 ipsum
705 4296 999 4364 capitulum
1026 4290 1511 4377 argumentumque
1532 4312 1817 4368 conﬁrmat
1844 4302 1927 4371 his
1951 4333 2072 4373 ver-

501 4378 584 4434 bis
608 4398 623 4434 :
660 4399 680 4433 ι
706 4381 1053 4442 Contestante
1074 4387 1184 4458 (46)
1210 4389 1320 4447 Deo
1346 4403 1400 4447 et
1421 4396 1609 4465 signis,
1633 4411 1688 4454 et
1711 4406 1996 4482 portentis,
2018 4415 2071 4463 et

2195 1957 2322 2010 Υίὸν
2347 1957 2441 2010 καὶ
2458 1957 2519 2009 τὸ
2546 1956 2699 2024 ἀγιον
2743 1954 2989 2026 Πνεῦμα.
3037 1954 3172 2008 Ούδέ
3197 1955 3307 2026 γὰρ
3332 1954 3517 2018 ἁπλῶς
3545 1955 3638 2006 ml
3671 1955 3770 2024 ἀφ’

2192 2044 2385 2098 ἑαυτοῦ
2433 2030 2732 2115 ἀνέστρεφε
2787 2042 2897 2096 τῶν
2939 2043 3214 2114 ὀνομάτων
3262 2044 3360 2115 τὴν
3409 2040 3764 2096 ἀκολουθίαν·

2189 2122 2302 2190 ἀλλ’
2332 2138 2359 2189 6
2416 2134 2592 2189 λαλῶν
2624 2136 2682 2188 ἐν
2739 2133 2886 2205 αὑτῷ
2914 2134 3166 2206 Χριστὸς,
3223 2133 3331 2186 τῶν
3365 2134 3646 2205 κακοήθων
3672 2135 3768 2187 ml

2189 2227 2560 2298 ἀδιαστρόφων
2590 2225 2827 2297 καρδιῶν
2886 2226 3160 2305 ἀφανίζων
3207 2224 3306 2297 τὴν
3333 2226 3618 2298 ὑπόληψιν,
3643 2226 3764 2283 διαο

2189 2319 2368 2390 φόρως
2392 2318 2488 2389 τὴν
2527 2317 2782 2388 ἀλήθειαν
2836 2316 2934 2387 τῆς
2967 2316 3303 2387 ίσοδυνάμου,
3359 2318 3452 2370 καὶ
3478 2316 3764 2387 ὁμοτίμου,

2188 2407 2281 2461 καὶ
2309 2408 2590 2477 ὁμοουσίου
2623 2406 2860 2460 διδάσκει
2890 2406 3137 2478 Τριάδος,
3161 2406 3346 2461 ἄλλοτε
3383 2408 3478 2478 μὲν
3513 2408 3661 2479 παρά
3686 2407 3765 2480 τῷ

2187 2494 2334 2566 αὐτῷ
2379 2494 2577 2566 Παύλῳ
2614 2494 2884 2566 εἰρηκώς·
2953 2496 3050 2548 «Ὀ
3085 2495 3142 2548 δὲ
3185 2495 3346 2559 αὑτὸς
3398 2496 3529 2559 Θεός
3584 2495 3675 2567 [95
3707 2496 3763 2569 b]

2187 2589 2332 2640 ἐστιν
2354 2588 2382 2640 6
2404 2586 2640 2657 ἐνεργῶν
2665 2586 2732 2640 τά
2758 2586 2934 2640 πάντα
2964 2587 3021 2639 ἐν
3046 2588 3209 2640 πᾶσιν
3235 2605 3248 2617 ’
3276 2606 3294 2638 ι
3320 2586 3505 2640 ἄλλοτε
3526 2587 3582 2640 δὲ
3612 2588 3764 2659 παρά

2189 2676 2266 2748 τῷ
2300 2676 2668 2749 Εὑαγγελιστῇ
2710 2675 2881 2745 λέγων
2910 2694 2922 2707 ⁸
2966 2696 2983 2729 ι
3015 2677 3374 2741 Βαπτίζοντες
3437 2679 3633 2743 αὐτοὺς
3681 2681 3763 2744 είς

2184 2768 2245 2821 τὸ
2299 2767 2468 2840 ὄνομα
2496 2767 2590 2821 τοῦ
2649 2768 2883 2838 Πατρδς,
2915 2769 3007 2822 ml
3034 2768 3127 2821 τοῦ
3159 2769 3310 2836 Υίοῦ,
3344 2770 3437 2822 ml
3470 2770 3564 2823 τοῦ
3603 2771 3760 2838 ἁγίου

2185 2859 2531 2930 Πνεύματοςο
2553 2878 2571 2911 ι
2634 2859 2728 2913 νῦν
2757 2859 2814 2913 δὲ
2847 2858 2997 2930 παρά
3023 2859 3240 2930 Παύλῳ,
3296 2857 3371 2923 ὡς
3404 2860 3756 2931 προείρηται·

2190 2970 2209 3003 ι
2234 2950 2420 3005 Ταῦτα
2445 2950 2504 3004 δὲ
2532 2950 2708 3004 πάντα
2739 2953 2950 3020 ἐνεργεῖ
2969 2951 3030 3005 τὸ
3050 2951 3109 3005 ἒν
3137 2953 3229 3006 καὶ
3260 2953 3321 3006 τὸ
3354 2952 3484 3006 αὑτὸ
3514 2952 3758 3024 Πνεῦμα,
3821 3022 3830 3030 _

2183 3042 2424 3115 διαιροῦν
2456 3043 2562 3115 ἰδίᾳ
2591 3044 2805 3115 ἑκάστῳ
2832 3043 3014 3107 καθὼς
3043 3043 3308 3115 βούλεται.
3335 3065 3353 3097 ι
3392 3047 3683 3116 Συνηγορεῖ
3701 3046 3760 3099 δὲ

2184 3135 2277 3188 ml.
2326 3136 2384 3188 ἐν
2430 3136 2496 3206 τῇ
2553 3135 2690 3206 πρὸς
2723 3134 3005 3215 Ἐϐραίους
3040 3135 3324 3208 Ἐπιστολῇ
3376 3135 3453 3207 τῷ
3482 3136 3759 3206 κεφαλαίῳ

2183 3223 2376 3295 τούτῳ,
2418 3226 2617 3299 ἐχούσῃ
2647 3218 2748 3279 ὦδε
2773 3242 2786 3257 ’
2820 3245 2837 3277 ι
2861 3226 3464 3299 Συνεπιμαρτυροῦντος
3491 3227 3583 3279 τοῦ
3619 3227 3754 3279 Θεοῦ

2185 3319 2433 3389 σημείοις
2458 3336 2516 3372 τε
2540 3319 2633 3372 ml
2658 3318 2879 3390 τέρασι,
2927 3321 3021 3373 ml
3056 3320 3325 3384 ποικίλαις
3356 3319 3631 3390 δυνάμεσι,
3663 3319 3758 3373 καὶ

2181 3410 2494 3482 Πνεύματος
2548 3409 2702 3478 ἁγίου
2764 3413 3068 3481 μερισμοῖς,
3122 3411 3261 3464 κατὰ
3315 3411 3412 3482 τὴν
3451 3411 3615 3465 αὑτοῦ
3664 3410 3756 3466 θέ-

2181 3498 2356 3570 λησιν.
2386 3519 2404 3550 ι
2468 3499 2576 3553 Καὶ
2619 3498 2932 3551 δεσποτικαὶ
2989 3499 3045 3550 δὲ
3101 3500 3290 3568 φάσεις
3349 3504 3477 3571 παρ’
3537 3503 3755 3574 Ἰωάννῃ

2181 3590 2432 3661 ἔχουσιν·
2503 3590 2618 3642 «Τὸ
2692 3589 2915 3660 Πνεῦμα
2973 3590 3105 3643 ὅπου
3170 3591 3314 3644 θέλει
3376 3596 3530 3647 mei"
3564 3613 3582 3645 ι
3642 3597 3763 3663 ml,

2188 3682 2305 3734 (Τὸ
2352 3679 2578 3757 Πνεῦμά
2623 3681 2771 3733 ἐστιν
2824 3681 2858 3751 ἡ
2912 3681 3205 3752 ἀλήθεια.»
3263 3685 3373 3738 Καὶ
3453 3685 3754 3757 ἐμπρεπὲς,

2183 3773 2315 3844 φησὶ
2339 3814 2353 3837 ,
2399 3752 2687 3842 πρωτείοις
2732 3771 3002 3844 θεότητος,
3041 3774 3177 3828 ἀλλά
3214 3775 3287 3847 μὴ
3312 3777 3407 3840 ἐπὶ,
3433 3752 3755 3850 δευτερείοις

2184 3867 2374 3936 ὑμνεῖν
2402 3864 2531 3918 αὑτό
2554 3881 2568 3895 ο
2604 3864 2668 3918 ἵν’
2702 3865 2794 3918 ἐπὶ
2832 3867 2896 3936 τῇ
2944 3864 3054 3937 ζωῇ
3084 3866 3182 3938 τὴν
3227 3868 3524 3937 ἀσφάλειαν
3572 3870 3750 3940 ἔχητε.

2181 3957 2254 4010 Τὸ
2277 3955 2385 4027 γὰρ
2407 3953 2750 4025 εὐεργετοῦν,
2777 3957 3216 4028 εὐχαριστεῖσθαι
3241 3959 3335 4011 ml
3357 3959 3752 4031 θεραπεύεσθαι

2182 4045 2351 4117 φιλεῖο
2394 4045 2531 4117 ὅπερ
2568 4038 2726 4118 εὖρον
2773 4048 2949 4102 εἰπεῖν
2984 4047 3186 4111 ἀδόλως
3222 4050 3316 4103 ml
3340 4051 3388 4103 οἱ
3423 4049 3555 4115 {Eur
3596 4070 3614 4103 ι
3648 4052 3753 4105 Τὸν

2179 4133 2471 4206 εὐεργέταν
2502 4136 2730 4205 ἀγαναῖς
2761 4136 3017 4208 ἀμοιϐαῖς
3048 4139 3423 4195 ἀποτίννυσθε.
3464 4160 3482 4193 ι
3518 4142 3582 4194 Εἰ
3618 4142 3749 4211 γὰρ,

2180 4229 2362 4298 φησὶν,
2398 4228 2634 4298 ἀμείνων
2666 4230 2694 4281 6
2722 4228 3066 4293 αὑτεξούσιος
3096 4231 3438 4301 ὑπεξουσίου,
3465 4233 3565 4304 ἤδη
3599 4233 3693 4287 ml
3724 4234 3752 4285 6

2177 4319 2460 4391 ἄνθρωπος
2485 4319 2827 4384 αὑτεξούσιος
2858 4319 2954 4387 ὢν,
2982 4322 3246 4392 κρείττων
3290 4325 3419 4394 παρ’
3449 4324 3576 4394 ὑμῖν
3616 4323 3750 4376 ἀπο-

2178 4410 2404 4481 φανθείη
2464 4408 2555 4464 τοῦ
2592 4409 2748 4479 ἁγίου
2794 4409 2935 4463 Πνεύ
2944 4428 3129 4480 ματος.
3158 4411 3262 4464 Φεῦ
3286 4411 3396 4464 τῶν
3416 4412 3601 4465 δεινῶν
3628 4414 3641 4465 l
3667 4412 3749 4465 Τά

499 4470 667 4524 variis
696 4472 1004 4543 virtutibus,
1029 4486 1083 4532 et
1111 4476 1346 4548 Spiritus
1367 4487 1542 4541 sancti
1576 4470 2065 4577 distributionibus,

2186 4470 2273 4575 τῆς
2323 4470 2508 4573 θεῖκῆς
2553 4470 2833 4582 δυνάμεως
2889 4470 2982 4555 καὶ
3031 4470 3245 4569 φύσεως
3293 4502 3532 4573 σύμϐολα
3555 4503 3630 4565 ὡς
3657 4504 3749 4555 ἐπὶ

494 4559 646 4628 juxta
674 4561 842 4630 ipsius
864 4565 1217 4630 voluntatem.
1245 4595 1263 4626 ι
1294 4575 1360 4631 Et
1385 4575 1599 4635 Domini
1626 4588 1907 4645 sententiae
1929 4559 2068 4661 apud
2100 4559 2139 4594 η

495 4651 755 4710 Joannem
787 4657 867 4713 sic
897 4660 1098 4717 habent
1126 4681 1140 4717 :
1186 4682 1205 4715 ι
1240 4666 1475 4736 Spiritus
1504 4670 1615 4744 (47)
1674 4675 1762 4730 ubi
1795 4678 1905 4732 vult
1958 4651 2070 4752 spi-

498 4755 609 4813 rat;
640 4767 660 4801 ι
696 4758 749 4804 et
778 4766 793 4803 :
828 4750 1097 4823 «Spiritus
1120 4767 1201 4811 est
1222 4757 1331 4830 (48)
1358 4764 1606 4820 veritas.»
1639 4764 1692 4821 ld
1723 4771 1940 4838 perinde
1965 4750 2066 4840 est,

495 4862 560 4902 ac
590 4847 635 4904 si
673 4849 923 4907 diceret:
971 4851 1137 4908 Decet
1165 4870 1259 4911 vos
1298 4858 1470 4928 ipsum
1524 4872 1582 4917 ut
1643 4864 1806 4919 Deum
1856 4866 2069 4938 hymnis

494 4940 788 5009 celebrare,
839 4959 944 4999 non
992 4945 1045 5000 in
1103 4950 1338 5005 secundo
1369 4952 1662 5010 divinitatis
1717 4958 1885 5026 gradu
1937 4975 2058 5013 eum

489 5034 659 5107 209
695 5038 1032 5106 collocando,
1066 5043 1158 5098 sed
1204 5043 1256 5097 in
1291 5046 1500 5113 primo:
1537 5057 1592 5100 ut
1624 5050 1971 5105 seettritatem
2006 5037 2058 5104 iu

490 5126 602 5182 vita
637 5126 747 5200 (l9)
780 5129 1049 5187 habeatis.
1108 5131 1244 5188 Nam
1272 5136 1363 5205 qui
1398 5138 1658 5194 beneﬁcia
1690 5141 1921 5205 confert,
1958 5140 2058 5215 sibi

563 5379 675 5459 (:53)
705 5379 1212 5459 Discretio.__G_ra:c_a
1254 5386 1420 5459 editio
1450 5403 1464 5443 :
1489 5387 1813 5459 διακρίσεις,
1859 5389 1911 5443 id
1958 5397 2060 5453 est,

497 5469 516 5501 ι
541 5451 911 5528 discretiones.
930 5473 959 5528 ι
987 5452 1267 5528 Vulg._int.
1304 5457 1432 5527 legit
1459 5466 1515 5510 ut
1551 5451 1823 5528 Didymus.

563 5520 676 5605 (44)
735 5522 1068 5605 Αρριςειιῇιιιν.
1089 5520 1113 5526 ⁷
1136 5525 1335 5605 Eodem
1359 5520 1552 5605 'modo
1569 5520 1829 5605 nvérbum
1882 5529 2061 5599 ἐγχει-

497 5592 609 5659 ρεῖν
644 5593 904 5647 construit
930 5593 1175 5651 Clemens
1198 5596 1247 5649 in
1287 5597 1513 5664 septimo
1561 5592 2060 5676 Stromutumfpag.

497 5658 620 5717 890,
647 5672 767 5712 cum
789 5662 864 5714 ait
897 5684 908 5717 :
940 5664 1064 5717 Τοῖς
1100 5666 1374 5717 μεγίστοις
1399 5668 1778 5717 ἐγνειοουντας
1810 5669 2060 5717 πράγμα-

495 5658 620 5719 890,
647 5672 767 5712 cum
789 5662 864 5714 ait
897 5684 908 5717 :
940 5664 1064 5727 Τοῖς
1100 5658 1374 5734 μεγίστοις
1399 5666 1778 5736 ἐγχειροῦντας
1810 5658 2063 5738 πράγμᾶ-

496 5742 570 5784 σι.
610 5726 848 5806 Notauda
889 5747 1256 5806 quoque_v_ox,
1302 5737 1617 5806 ἀπροσήκῳ,
1660 5753 1762 5806 qua
1804 5755 1931 5793 usus
1983 5751 2063 5793 est

495 5805 686 5853 auctor
719 5799 875 5853 etiam
909 5799 1074 5869 Segni.
1113 5803 1176 5855 77
1201 5810 1249 5857 ο.

2168 4595 2392 4666 κτιστῆς
2451 4592 2790 4663 ἐκδεχόμενοι
2841 4591 3253 4655 Μακεδονιανοὶ,
3301 4594 3747 4663 περινενοήκασιν

2167 4688 2416 4750 ἀπάτας,
2456 4686 2550 4739 καί
2585 4684 2828 4755 ἔγραψαν
2872 4683 3183 4750 εἰσάγοντες
3211 4683 3478 4754 πρόσωπα
3529 4682 3745 4752 ὀρθοδό-

2170 4780 2259 4847 ξου
2299 4780 2393 4832 ml
2432 4774 2869 4830 Μακεδονιανοῦ·
2928 4774 3024 4828 καὶ
3069 4775 3163 4828 τοῦ
3197 4775 3296 4845 μὲν
3333 4774 3610 4846 ὀρθοδόξου
3652 4774 3745 4827 νῦν

2169 4870 2592 4941 περικόπτοντες
2616 4866 2724 4920 τῶν
2758 4864 3083 4930 ἀποδείξεων
3103 4908 3117 4931 ,
3159 4866 3254 4919 νῦν
3293 4866 3411 4919 ούδέ
3445 4866 3744 4939 προφέρον-

2166 4977 2258 5022 τες
2303 4961 2435 5022 ὄσας
2479 4959 2675 5028 ἐχρῆν·
2707 4957 2895 5011 ἄλλοτε
2926 4956 3235 5026 ἀποροῦντα
3268 4957 3546 5021 ποιοῦντες
3587 4958 3744 5012 αὑτὸν

2168 5051 2295 5123 περ)⁹
2322 5052 2421 5120 τὴν
2467 5050 2813 5120 ἀντιλογικὴν
2847 5050 2940 5102 καὶ
2988 5049 3372 5122 ἀποδεικτικὴν
3419 5052 3743 5123 ἀπόκρισιν·

2169 5144 2322 5215 ἢκαὶ
2357 5141 2662 5213 διαχέοντες
2700 5141 2793 5194 καὶ
2838 5141 3082 5205 ἀνιέντες
3125 5142 3284 5213 δῆθεν
3328 5145 3602 5208 πειθανοῖς
3645 5144 3741 5214 ῥή-

2248 5389 2361 5461 (45)
2390 5387 2745 5461 Βᾳριὶωηιεε.
2785 5388 2974 5461 Matth.
3005 5407 3197 5455 xxvm,
3235 5393 3322 5448 l9.

2243 5459 2356 5532 (ιθ)
2412 5459 2762 5532 ςοὲηιεειαηιε.
2825 5460 2985 5515 Hebr.
3046 5478 3116 5527 ll,
3173 5462 3227 5519 4.

2244 5528 2357 5599 (47)
2400 5529 2650 5593 Spiritus.
2681 5528 2837 5586 Joan.
2876 5547 2960 5598 ιιι,
2993 5531 3047 5587 8.

2243 5599 2353 5670 (48)
2396 5599 2626 5671 Spiritus
2654 5612 2750 5656 est.
2787 5601 2958 5671 Epist.
3005 5602 3026 5657 Ι
3075 5602 3230 5658 Joau.
3274 5620 3326 5668 γ,
3368 5603 3420 5658 6.
3470 5604 3600 5660 Vide
3630 5617 3735 5659 not.

2173 5668 2235 5720 ad
2255 5668 2429 5734 'segm.
2466 5671 2533 5724 60
2565 5670 2613 5723 ὁ.

2245 5737 2357 5807 (l9)
2394 5737 2457 5791 In
2483 5742 2607 5793 vita.
2641 5741 2860 5811 Nempe,
2894 5752 2949 5795 ut
2986 5758 3087 5812 ego
3116 5744 3459 5813 interpretor,
3495 5765 3512 5798 ι
3553 5747 3603 5801 in
3637 5757 3733 5799 ma

2173 5817 2393 5861 aeterna.
2432 5827 2450 5859 ι
