4114 6422
576 406 679 463 607
1806 410 2038 467 DIDYMI
2081 409 2550 467 ALEXANDRINI
3710 403 3808 459 608

579 520 834 573 mundum
867 536 931 573 ex
969 521 1136 575 nihilo
1163 521 1226 574 ad
1264 522 1638 577 rxsistentiam
1670 526 1875 589 eduxit,
1909 543 2140 596 eumque

2266 526 2299 577 ’ὸ
2328 525 2520 594 φίλιον,
2551 525 2630 585 είς
2657 522 2798 593 ἅπερ
2831 525 2894 575 ἐκ
2928 522 3017 576 τοῦ
3059 519 3492 592 περισσεύματὸς
3523 534 3615 571 σου
3637 518 3809 585 λέγεις

578 620 633 663 ει
659 609 783 663 fecit
828 622 880 663 et
906 621 1155 679 operatus
1186 620 1301 679 est;
1341 613 1573 681 Spiritus
1594 624 1770 667 autent
1806 628 2027 670 sanctus
2058 620 2137 669 di-

2266 615 2594 683 ιαταφέρεις,
2615 613 2752 680 τόγε
2781 613 2871 665 ἐπὶ
2905 614 3007 677 σοὶ,
3042 614 3138 684 τὴν
3173 611 3500 681 ἀσύγκριτον
3524 608 3679 672 δόξαν
3716 606 3808 661 τοῦ

582 700 837 754 visionem
895 702 1283 756 charismatum
1336 704 1388 756 in
1444 705 1528 768 iis,
1591 704 1680 773 q’ui
1732 720 1760 758 a
1815 706 1923 760 Deo
1973 709 2140 761 creati

2266 704 2376 756 3505
2412 704 2642 775 Πατρὸς,
2665 704 2759 755 τοῦ
2789 703 3143 774 ὁμοιολεξίαις
3171 704 3262 755 ἐπὶ
3292 701 3450 753 θείων
3476 698 3810 769 πραγμάτων

579 798 724 852 sunt,
756 799 1010 856 operatus
1038 803 1142 846 est.
1182 792 1458 861 Scriptum
1496 803 1578 848 est
1610 795 1751 848 enim
1784 814 1797 849 :
1833 815 1850 845 ι
1895 797 2142 850 ῧὶνίιεειιε

2266 792 2734 862 ινευφημηθέντος,
2766 794 2859 844 καὶ
2883 792 2974 844 τοῦ
3003 792 3140 846 Πνεύ
3151 808 3317 861 ματος
3341 788 3503 841 αὐτοῦ
3527 805 3539 817 ·
3565 787 3658 841 καὶ
3690 786 3809 839 ἔλα-

578 893 819 933 scorsum
853 882 1079 950 singulis
1110 893 1265 951 prout
1285 885 1463 950 vultu
1501 900 1605 937 non
1628 900 1777 949 vero,
1817 886 2136 955 «largiens.»

2266 884 2336 943 is;
2380 881 2600 944 εἰκότως
2645 881 2812 944 τάξας
2856 881 3046 934 ἑαυτὸν
3094 882 3150 934 ὲν
3190 882 3300 941 τοῖς
3336 877 3503 946 ὑγιῶς
3537 876 3808 946 φρονοῦσι.

580 969 648 1021 At
676 971 943 1036 quomodo
975 986 1078 1025 non
1106 975 1274 1040 vides,
1309 990 1341 1027 ο
1374 958 1776 1039 Macedoni-arae,
1830 977 2143 1045 theologicis

2266 974 2488 1043 Ῑρόσεχε
2533 971 2589 1024 δὲ
2637 971 2853 1042 μᾶλλον,
2894 973 2975 1024 ὅτι
3024 972 3080 1023 ἐν
3126 973 3235 1032 τοῖς
3280 967 3676 1039 προκειμένοις,
3708 966 3814 1035 πρὸ

579 1059 866 1112 sententiis
923 1070 1084 1128 atque
1128 1062 1664 1129 interpretationibus
1713 1062 1899 1117 isthmc
1945 1078 2145 1131 nequa-

2266 1062 2337 1113 τοῦ
2358 1060 2491 1113 Θεοῦ
2517 1061 2725 1129 Πατρὸς
2756 1060 2845 1113 καὶ
2870 1059 2962 1112 τοῦ
2992 1057 3147 1121 Υἰοῦ,
3166 1058 3227 1110 τὸ
3254 1059 3406 1125 ἅγιον
3436 1054 3658 1125 Πνεῦμα
3672 1055 3815 1125 πρῶ-

583 1165 744 1218 quam
789 1161 1148 1205 consentanea
1201 1168 1338 1215 esse,
1376 1162 1530 1221 teque
1574 1169 1641 1207 ex
1690 1155 1775 1207 his
1832 1156 1985 1222 ipsis,
2025 1169 2147 1224 quae

2266 1169 2336 1204 τον
2374 1149 2691 1220 θεοπρεπῶς
2720 1148 3121 1220 ἐμνημονεύθη·
3154 1149 3245 1201 καὶ
3272 1146 3485 1215 λογίζου
3511 1148 3574 1197 ἐκ
3601 1145 3813 1206 τούτου,

586 1241 742 1306 dicis,
786 1240 1132 1312 hypocriseos
1181 1245 1467 1298 manifesto
1513 1247 1812 1300 convinci?
1858 1246 1990 1299 Nam
2035 1247 2146 1315 pri-

2266 1243 2328 1293 ἱτι
2353 1240 2611 1312 διαφορὰν
2641 1243 2673 1309 ἡ
2716 1242 2772 1292 ἐν
2808 1240 2994 1309 μονάδι
3023 1240 3195 1308 σεπτὴ
3226 1237 3394 1308 Τριὰς
3424 1238 3523 1288 οὐκ
3560 1235 3694 1305 ἔχει,
3726 1235 3819 1287 και⁵

589 1346 731 1384 mum
749 1332 967 1385 verbum
987 1320 1122 1397 ’hoc,
1156 1336 1387 1404 ἐνεργεῖ,
1406 1336 1454 1388 id
1473 1346 1574 1400 εει,
1596 1357 1615 1387 ‹
1638 1348 1911 1407 operatur,
1934 1355 1952 1385 ι
1977 1337 2041 1389 de
2069 1332 2145 1389 di-‘

2266 1336 2329 1386 ἔτι
2358 1334 2610 1403 ἀρρήτως
2647 1335 2898 1403 συνεργεῖ
2924 1334 3110 1401 ἑαυτῇ.
3144 1327 3277 1384 Εἶτα
3307 1331 3370 1383 σὺ
3414 1330 3708 1402 σκόπησο-ν,
3738 1329 3819 1381 ὅτι

590 1423 758 1480 versis
789 1424 1062 1490 essentiis,
1093 1441 1157 1479 ac
1208 1429 1367 1481 rebus
1397 1431 1706 1497 praedicari,
1753 1444 1940 1483 omnes
1981 1429 2148 1483 faten-

2266 1423 2465 1492 ἑκάστῳ
2492 1422 2579 1475 διὰ
2610 1421 2705 1475 τοῦ
2737 1422 2893 1489 ἁγίου
2918 1421 3231 1492 Πνεύματος
3256 1421 3350 1473 καὶ
3383 1419 3535 1490 παρὰ
3548 1419 3641 1471 τοῦ
3665 1420 3819 1486 ἁγίου

590 1521 718 1564 tur:
760 1528 990 1581 quanam
1033 1530 1161 1579 ergo
1210 1517 1276 1569 de
1324 1532 1506 1579 causa,
1560 1534 1680 1573 eum
1732 1520 1785 1572 in
1833 1534 1916 1583 eo,
1950 1518 2150 1601 ἀρχαιιο

2266 1513 2565 1584 [Ῐνεύματος
2592 1513 2789 1566 δίδοται
2816 1512 2883 1565 τὰ
2913 1511 3349 1583 μνημονευθέντα
3374 1510 3529 1563 θεῖκὰ
3560 1510 3824 1581 χαρίσμα-

588 1603 783 1672 agitur,
833 1612 979 1657 textu
1017 1607 1083 1660 de
1118 1606 1297 1661 divina
1354 1619 1409 1662 et
1439 1608 1723 1663 manifesta
1766 1609 2001 1677 Spiritus
2028 1597 2151 1662 san-

2266 1622 2337 1657 τα·
2368 1597 2441 1657 ὧν
2471 1604 2697 1673 οὐδεμία
2719 1602 2914 1668 ἔξωθεν
2951 1601 3302 1654 ὑπολείπεται
3328 1600 3473 1664 δόσις
3507 1599 3693 1670 θεῖκῆς
3728 1602 3823 1653 δω-

588 1691 658 1746 cti
686 1693 996 1762 operatione
1026 1710 1202 1749 sermo
1229 1695 1317 1757 sit,
1352 1711 1413 1750 ea
1462 1706 1515 1750 tu
1549 1699 1601 1750 in
1650 1698 1883 1751 medium
1921 1698 2148 1751 adduxi-

2266 1695 2383 1764 ρεᾶς
2419 1694 2542 1757 ἰδία,
2577 1695 2672 1746 καὶ
2700 1686 2772 1746 ὧν
2794 1695 2822 1746 6
2851 1692 2926 1763 μὴ
2950 1692 3254 1763 τυγχάνων,
3279 1691 3355 1755 ὡς
3382 1689 3532 1762 παρὰ
3566 1689 3655 1742 τοῦ
3685 1690 3822 1743 Θεοῦ

590 1783 679 1845 sti,
721 1793 881 1854 atque
930 1783 1028 1839 hac
1072 1785 1284 1840 ratione
1329 1787 1656 1841 contumelia
1707 1788 1881 1858 potius
1928 1789 2151 1844 all‘eeisti

2266 1784 2561 1855 Βιδομένων,
2594 1783 2793 1837 ἀθλίων
2819 1786 2966 1836 ἐστὶν
2994 1781 3317 1851 ἀθλιώτερος
3336 1800 3349 1811 ·
3393 1781 3485 1834 καὶ⁸
3513 1783 3541 1833 6
3571 1781 3645 1852 μὴ
3685 1780 3826 1834 οὕτω

590 1872 849 1941 Spiritum
897 1875 1011 1938 Dei,
1047 1891 1211 1946 quam
1246 1876 1519 1932 laudasti?
1559 1878 1762 1933 Deinde
1799 1895 1902 1933 non
1937 1882 2039 1935 hoc
2070 1889 2153 1935 at-

2266 1876 2482 1946 γράφων
2525 1892 2582 1927 τε
2640 1874 2735 1927 καὶ
2782 1873 2976 1940 λέγων,
3026 1872 3241 1936 ἀνίατος
3285 1872 3457 1943 μένει,
3502 1873 3625 1942 μήτ’
3667 1873 3824 1935 αὐτὸς

592 1965 912 2019 tendendum
941 1978 1041 2035 est,
1072 1971 1213 2037 quod
1237 1968 1341 2034 ais,
1370 1969 1694 2038 homonyme
1738 1980 1827 2023 aut
1863 1984 2155 2041 synonyma

588 2070 712 2108 eum
740 2056 805 2109 de
830 2055 963 2120 Deo,
999 2066 1107 2110 tum
1136 2061 1201 2113 de
1235 2061 1436 2126 herbis,
1471 2061 1613 2114 etde
1636 2058 1837 2114 Satana
1873 2061 2040 2129 accipi
2069 2077 2155 2114 vo-

587 2158 707 2197 cem
733 2146 961 2214 ἐνεργεῖ,
994 2146 1164 2211 idest,
1198 2167 1216 2198 ι
1244 2161 1530 2217 Operatur;
1558 2166 1577 2200 ι
1600 2148 1692 2203 sed
1715 2163 1955 2217 persona;
1975 2157 2154 2204 atten—

593 2235 779 2287 dendze
810 2244 958 2298 sunt,
989 2244 1146 2304 atque
1174 2241 1547 2306 operationum
1587 2242 1899 2297 discrimina
1930 2260 1943 2295 :
1980 2257 2044 2296 ac
2086 2244 2153 2296 de

592 2323 680 2386 iis,
715 2338 834 2392 qua:
867 2324 930 2376 ad
956 2325 1194 2381 divinum
1224 2329 1484 2398 Spiritum
1530 2333 1782 2396 attinent,
1816 2332 1931 2386 sive
1958 2334 2158 2387 doctri-

596 2412 711 2479 nis,
750 2414 863 2468 sive
896 2419 1079 2480 rebus,
1108 2417 1368 2486 judicium
1416 2421 1592 2476 l’acere
1630 2432 1863 2491 oportet,
1909 2438 2012 2476 non
2064 2424 2158 2477 ha-

595 2504 703 2557 bita
740 2506 804 2559 ad
834 2521 919 2560 res
951 2516 1190 2563 terrenas
1222 2520 1276 2564 et
1329 2513 1394 2566 ad
1443 2513 1670 2582 ejectum
1704 2527 1733 2566 e
1774 2514 1912 2568 cmlo
1957 2514 2156 2568 virentu-

593 2607 714 2646 uem
743 2596 967 2663 ratione,
1001 2601 1092 2651 sed
1121 2600 1303 2654 habita
1335 2602 1542 2656 ratione
1569 2604 1633 2656 ad
1661 2603 1846 2667 Deum,
1880 2604 1973 2673 qui
1994 2605 2160 2658 verbo

596 2682 702 2749 illo,
727 2685 955 2757 ἐνεργεῖ,
990 2688 1091 2741 hoe
1116 2699 1219 2753 εει,
1239 2709 1257 2740 ‹
1286 2699 1559 2758 operatur,
1597 2709 1616 2741 ι
1642 2691 1944 2746 celebratus
1972 2700 2076 2755 est,
2102 2701 2160 2744 ut

600 2775 849 2840 s’uperius
876 2776 1075 2830 dictum
1110 2778 1230 2832 fuit.
1256 2778 1478 2850 Singula
1509 2780 1676 2840 enim,
1718 2796 1838 2848 qua:
1865 2783 1929 2833 de
1955 2780 2160 2850 Spiritu

596 2874 787 2920 sancto
816 2866 1047 2921 inveniri
1077 2878 1306 2935 possunt
1361 2871 1656 2938 Scriptura:
1693 2871 1832 2937 loca,
1861 2872 1987 2925 talia
2014 2882 2159 2936 sunt,

597 2962 657 3005 ut
685 2968 751 3007 ex
794 2963 902 3008 tota
949 2957 1216 3011 sermonis
1246 2958 1391 3011 serie
1432 2970 1484 3012 et
1528 2962 1914 3029 consequentia
1960 2970 2158 3029 pateat,

596 3040 857 3109 Spiritum
894 3042 1063 3111 ipsum
1096 3059 1216 3099 cum
1260 3060 1346 3110 ea,
1397 3060 1515 3115 quas
1548 3047 1656 3101 Deo
1685 3050 1956 3116 convenit,
2005 3066 2163 3105 vene-

598 3130 805 3186 ratione
861 3135 1299 3197 commemorari,
1375 3145 1639 3191 creatura:
1698 3152 1866 3201 vero,
1940 3150 1994 3194 et
2053 3142 2163 3195 dae-

601 3233 723 3271 mon
770 3233 835 3289 eo
884 3219 1042 3272 1110άο
1090 3232 1614 3288 commemorantur,
1668 3239 1776 3292 quo
1826 3236 2100 3281 merentur
2150 3253 2162 3286 :

600 3312 759 3380 211
799 3310 851 3364 id
884 3315 1024 3379 quod
1058 3326 1162 3365 non
1193 3314 1487 3368 observans
1517 3322 1593 3379 tu,
1634 3315 1721 3383 qui
1755 3314 2168 3373 Macedonianus

601 3417 683 3466 es,
719 3415 817 3455 nec
843 3416 928 3468 ea,
979 3417 1098 3471 quae
1137 3413 1396 3472 operatur
1435 3404 1645 3458 daemon
1690 3420 1755 3459 ex
1806 3406 1952 3474 odio,
2002 3407 2069 3461 ab
2102 3409 2168 3462 iis

600 3489 935 3553 discernens,
974 3505 1095 3559 qua:
1142 3490 1376 3560 Spiritus
1410 3501 1628 3547 sanctus
1661 3495 1730 3549 ob
1773 3509 1929 3549 suum
1975 3496 2028 3550 in
2066 3498 2166 3551 ho-

602 3579 774 3633 mines
801 3594 1037 3633 amorem
1076 3591 1351 3649 operatur,
1382 3584 1657 3653 deprimis,
1695 3597 1958 3654 quantum
2012 3588 2065 3642 in
2115 3597 2167 3644 te

536 3716 543 3725 .
599 3680 702 3733 est,
731 3683 795 3723 ac
828 3669 1119 3726 labefactas
1162 3686 1259 3741 per
1296 3688 1379 3737 ea,
1407 3690 1526 3742 qua:
1561 3690 1626 3729 ex
1668 3677 1844 3731 cordis
1877 3678 1952 3731 tui
1991 3679 2168 3733 abun-

600 3759 784 3813 dantia
818 3760 972 3825 dicis,
1005 3762 1480 3831 incomparabilem
1530 3766 1760 3836 gloriam
1807 3767 1901 3821 Dei
1952 3766 2163 3835 Patris,

602 3848 691 3916 qui
724 3850 990 3906 similibus
1036 3864 1090 3907 et
1131 3855 1245 3923 ipse
1298 3856 1665 3912 locutionibus
1717 3862 1788 3914 ob
1840 3861 2021 3914 divina
2070 3876 2167 3915 sua

600 3954 762 4008 opera
791 3940 1092 3998 celebratus
1131 3955 1237 4010 est,
1277 3955 1331 4000 et
1364 3949 1536 4002 sancti
1580 3948 1819 4019 Spiritus
1866 3950 2034 4018 ipsius
2063 3950 2165 4005 Pa-

604 4031 734 4085 tris:
764 4048 937 4102 neque
968 4035 1095 4089 illud
1119 4037 1574 4103 animadvertisti,
1597 4040 1739 4107 quod
1766 4041 2036 4095 immerito
2056 4041 2168 4115 (54)

606 4123 944 4192 temetipsum
982 4124 1135 4178 inter
1183 4140 1277 4179 eos
1332 4129 1651 4194 numerasri,
1704 4130 1793 4199 qui
1850 4140 1995 4186 recte
2047 4148 2171 4187 sen-

605 4216 763 4269 tinnl.
798 4215 902 4269 Sed
935 4217 1036 4269 hnc
1064 4217 1243 4286 potius
1274 4218 1509 4285 attende,
1544 4220 1684 4286 quod
1712 4221 1763 4273 in
1798 4221 1978 4277 allatis
2014 4221 2171 4278 Pauli

602 4309 782 4361 verbis
814 4320 941 4362 ante
980 4311 1143 4363 Deum
1175 4309 1412 4377 Patrem,
1446 4320 1499 4366 et
1538 4311 1729 4366 Filium
1767 4314 2000 4382 Spiritus
2035 4332 2163 4370 san-

604 4407 723 4450 ctus
759 4397 935 4465 primo
984 4398 1100 4451 loco
1150 4409 1482 4454 memoratus
1538 4410 1665 4455 est:
1716 4404 1766 4456 id
1816 4418 1940 4457 vero
1979 4405 2026 4459 ei
2073 4405 2171 4460 soli

2254 1965 2651 2036 ὠφελούμενος,
2690 1966 2816 2035 μήτ’
2840 1963 3031 2027 ἄλλους
3061 1963 3314 2031 ὠφελῶν,
3354 1961 3488 2015 ἀλλὰ
3524 1960 3613 2032 [97
3644 1960 3698 2032 a]
3736 1963 3827 2014 καὶ

2259 2055 2528 2125 βλάπτωνο
2559 2058 2652 2108 καὶ
2680 2056 2761 2108 ὅτι
2794 2055 2969 2108 ταῦτα
3004 2055 3180 2108 πάντα
3225 2054 3436 2122 ἐνεργεῖ
3465 2052 3524 2103 τὸ
3559 2051 3616 2103 ἓν
3647 2052 3742 2104 καὶ
3768 2054 3828 2104 τὸ

2256 2145 2385 2197 αὐτὸ
2412 2144 2654 2215 Πνεῦμα,
2682 2144 2826 2198 τοῦτ’
2861 2143 3007 2196 ἔστιν
3038 2144 3259 2196 ποιεῖτε
3294 2141 3388 2194 καὶ
3428 2142 3656 2211 παρέχει
3675 2158 3690 2172 ο
3725 2143 3754 2192 ὁ
3774 2143 3829 2194 δὲ

2256 2236 2334 2297 εἰς
2367 2232 2538 2286 ταῦτα
2585 2231 2846 2303 ἐνεργῶν,
2893 2232 2987 2284 καὶ
3043 2234 3124 2295 εἰς
3171 2231 3347 2284 πάντα
3396 2230 3704 2299 ἐνεργήσει,
3738 2231 3835 2282 καὶ

2257 2324 2505 2396 ἀνενδεὴς
2531 2327 2698 2377 ἐστιν·
2726 2325 2755 2376 6
2793 2323 2850 2375 δὲ
2880 2321 3152 2391 ἀνενδεὴς,
3180 2320 3424 2391 ἀπαθής·
3450 2322 3478 2372 6
3508 2320 3563 2372 δὲ
3595 2319 3834 2391 ἀπαθὴς,

2256 2415 2404 2479 Θεός.
2431 2411 2509 2468 Ἦ
2538 2412 2642 2484 ἆρα
2675 2414 2769 2467 ἐὰν
2800 2413 3025 2484 λέγηται
3070 2413 3197 2482 περ).
3246 2412 3338 2464 τοῦ
3388 2410 3522 2463 Θεοῦ
3583 2413 3795 2483 Πατρός
3815 2428 3832 2444 ο

2263 2527 2281 2558 ι
2322 2506 2525 2578 Κύριος
2553 2505 2774 2568 δυνατὸς
2796 2506 2853 2558 ὲν
2873 2504 3114 2575 πολέμῳο
3141 2524 3157 2554 ι
3188 2504 3302 2566 καί,
3333 2522 3351 2553 ι
3388 2503 3630 2566 Γνωστὸς
3661 2506 3717 2557 ἐν
3759 2508 3825 2576 τῇ
3922 2494 3927 2499 ’

2258 2597 2488 2668 Ἰουδαίᾳ
2517 2598 2545 2649 ὁ
2576 2596 2727 2661 Θεὸς,
2768 2615 2788 2649 ι
2828 2597 2922 2649 καὶ
2952 2596 3052 2649 ὅσα
3078 2593 3318 2648 τοιαῦτω
3349 2596 3406 2647 ἐν
3431 2595 3608 2657 ἄλλοις
3631 2596 3690 2646 οὺ
3717 2611 3837 2665 νοη-

2260 2687 2483 2754 θήσεται
2515 2686 2773 2753 δυνατὸς,
2820 2687 2916 2740 καὶ
2963 2686 3347 2758 ἐνεργητικὸς,
3391 2686 3483 2739 καὶ
3530 2686 3832 2756 ἐπιφανήςς

2260 2778 2465 2847 Σκέψαι
2502 2777 2559 2829 δὲ
2613 2777 2846 2843 ὁμοίως,
2896 2780 2979 2831 ὅτι
3033 2778 3214 2831 πᾶσαν
3264 2778 3363 2843 μὲν
3399 2776 3834 2848 ἀπαμφιέννυσιν

2262 2867 2541 2940 αἱρετικὴν
2591 2866 3022 2936 πειοανολογίαν,
3072 2866 3430 2936 διεγγυῶνται
3469 2868 3525 2920 δὲ
3569 2868 3834 2938 διαφόρως

2261 2960 2359 3028 τὴν
2389 2958 2579 3029 θεῖκὴν
2600 2956 2762 3010 αὐτοῦ
2795 2957 3248 3028 αύτεξουσιότητα
3267 2999 3282 3023 ,
3310 2959 3408 3028 τὴν
3433 2958 3710 3028 ὁμόφρονα
3744 2958 3837 3010 τοῦ

2264 3051 2504 3122 Πατρὸς,
2539 3050 2633 3103 καὶ¹
2660 3048 2754 3102 τοῦ
2782 3047 2913 3100 Υίοῦ
2934 3087 2948 3112 ,
2975 3050 3032 3102 αἱ
3066 3048 3206 3101 οὓτω
3255 3047 3598 3100 διαλαλοῦσαι
3641 3046 3836 3112 λέξεις·

2271 3158 2289 3192 ι
2325 3138 2481 3193 Κατὰ
2508 3140 2606 3210 τὴν
2638 3140 2801 3193 αὑτοῦ
2825 3138 3063 3210 θέλησινο
3101 3158 3118 3190 ι
3157 3141 3272 3202 καὶ,
3305 3159 3322 3190 ι
3353 3141 3558 3210 Διαιρεῖ
3590 3140 3697 3210 ἰδίᾳ
3719 3140 3846 3193 ἑκά-

2269 3249 2377 3302 στῳ
2407 3230 2587 3294 καθὼς
2627 3231 2893 3301 βούλεται⁶
2924 3251 2943 3283 ι
2982 3231 3076 3284 καὶ
3109 3231 3188 3284 ὅτι
3224 3234 3685 3302 συνεπιμαρτυρεί
3713 3232 3841 3285 τού-

2265 3340 2397 3386 τοις,
2435 3323 2463 3374 ὃ
2493 3340 2549 3375 τε
2582 3322 2715 3386 θεὸς
2764 3323 2954 3393 Πατὴρ
2997 3321 3241 3392 σημείοις
3291 3323 3384 3375 καὶ
3418 3321 3666 3393 τέρασιν,
3720 3323 3749 3375 ὃ
3778 3340 3841 3377 τε

2266 3411 2453 3482 Σωτὴρ
2489 3410 2690 3480 λέγων·
2734 3430 2752 3463 ι
2801 3411 2872 3464 Τὸ
2919 3412 3145 3480 Πνεῦμα
3176 3412 3276 3482 τῆς
3305 3412 3582 3482 ἀληθείας,
3618 3412 3646 3465 ὃ
3694 3415 3859 3484 παρὰ.

2265 3503 2359 3557 τοῦ
2388 3503 2602 3574 [ἰατρὸς
2632 3502 3008 3575 ἐκπορεύεται’
3045 3521 3063 3553 ι
3105 3502 3229 3566 καὶ,
3260 3522 3277 3553 ι
3318 3503 3391 3561 Τὸ
3418 3502 3643 3573 Πνεῦμά
3693 3505 3841 3557 ἐστιν

2268 3594 2302 3662 ἡ
2341 3592 2598 3662 ἁλήθεια’
2639 3610 2656 3641 ι
2695 3591 2724 3642 ὅ
2755 3606 2813 3641 τε
2845 3589 3081 3660 Πέτρος,
3124 3586 3256 3642 Θεὸν
3306 3588 3367 3641 τὸ
3412 3588 3564 3656 ἅγιον
3616 3588 3841 3660 Πνεῦμα

2266 3682 2555 3753 διαρρήδην
2601 3680 2678 3751 τῷ
2717 3680 2940 3751 Ἀνανίᾳ
2988 3679 3371 3748 καταγγέλλων
3422 3679 3676 3733 τοιῶσδε·
3713 3698 3733 3731 ι
3776 3680 3842 3733 Τί

2268 3773 2351 3825 ὅτι
2376 3771 2726 3841 συνεφωνήθη
2754 3772 2882 3841 ὑμῖν
2908 3769 3209 3840 ψεύσασθαι
3233 3771 3293 3823 τὸ
3322 3768 3547 3845 Πνεῦμα
3567 3769 3627 3822 τὸ
3652 3769 3799 3837 ἅγιον
3826 3787 3840 3835 ;

2270 3863 2385 3916 Οὐκ
2429 3860 2641 3930 ἐψεύσω
2675 3861 2947 3932 ἀνθρώπῳ
2968 3902 2981 3927 ,
3018 3861 3153 3915 ἀλλά
3180 3860 3256 3932 τῷ
3299 3859 3438 3931 Θεῷ.
3467 3879 3486 3912 ι
3522 3859 3757 3913 Κάκεϊνο
3785 3858 3844 3913 δὲ

2269 3950 2424 4013 εἰδὼς
2448 3949 2558 4016 ἔσο,
2588 3950 2669 4003 ὅτι
2695 3951 2795 4012 οὐκ
2826 3950 3014 4015 ἔλαθες
3044 3949 3364 4020 πανούργως
3409 3948 3748 4019 παραλείψας
3785 3950 3842 4000 ἐν

2268 4043 2347 4114 τῷ
2381 4042 2592 4111 ματαίῳ
2626 4042 2720 4096 καὶ
2756 4042 3085 4096 καταϐλαὸεῖ
3124 4040 3442 4112 πονηματίῳ
3478 4056 3570 4092 σου
3592 4079 3607 4103 ,
3647 4037 3843 4108 μᾶλλον

2269 4134 2327 4187 δὲ
2357 4133 2826 4205 βλασφημητηρίῳ
2869 4150 2985 4200 σου,
3022 4134 3082 4186 τὸ
3131 4132 3537 4204 προηγούμενον
3578 4131 3671 4183 τοῦ
3698 4131 3843 4183 θείου

2270 4224 2524 4295 γραφίου.
2570 4224 2819 4293 Περιέχει
2860 4224 2967 4294 γὰρ
3004 4218 3137 4276 ὦδε·
3177 4241 3196 4274 ι
3251 4223 3323 4275 Τὸ
3367 4223 3425 4274 ἓν
3468 4222 3562 4274 καὶ
3603 4221 3663 4275 τὸ
3712 4221 3847 4275 αὐτὸ

2272 4314 2515 4386 Πνεῦμα·
2556 4334 2573 4365 ι
2607 4315 2701 4367 καὶ
2737 4313 2909 4377 οὕτως
2953 4315 3242 4383 ἐπιφέρει,
3285 4313 3313 4365 ὃ
3353 4314 3510 4383 μόνον
3554 4314 3617 4366 σὺ
3673 4312 3847 4365 ἐνδια-

2273 4407 2518 4478 στρόφως
2559 4407 2868 4477 ἐπήγαγες·
2908 4422 2924 4453 ι
2963 4402 3213 4473 Διαιροῦν
3261 4402 3364 4474 ἰδίᾳ
3406 4402 3620 4473 ἑκάστῳ
3663 4401 3846 4465 καθὼς

603 4487 874 4554 convenit,
927 4488 1017 4561 qui
1051 4488 1189 4542 Deus
1234 4488 1321 4543 sit.
1354 4490 1429 4543 Ex
1458 4491 1558 4545 hoc
1593 4502 1774 4547 autem
1808 4495 1966 4562 infer,
2004 4512 2164 4551 vene-

2274 4496 2544 4568 βούλεται·
2582 4514 2601 4547 ι
2638 4495 2759 4548 ἀντὶ
2787 4494 2902 4556 τοῦ,
2926 4493 3287 4564 δωρούμενον,
3317 4495 3409 4547 καὶ
3452 4494 3720 4564 διανέμον,
3751 4496 3848 4548 καὶ

605 4581 787 4633 randte
831 4578 905 4631 illi
953 4579 1005 4632 in
1049 4580 1256 4634 unitate
1310 4581 1591 4637 exsistenti
1654 4583 1905 4638 Trinitati
1967 4587 2167 4641 nullam

606 4670 761 4739 plane
811 4670 990 4723 inesse
1036 4671 1493 4741 discrepantiam,
1547 4689 1776 4744 eamque
1828 4675 2172 4732 ineﬂ‘abiliter

603 4760 797 4813 suimet
852 4760 1019 4828 ipsius
1070 4763 1493 4829 c00peratricem
1543 4779 1684 4819 esse.
1739 4764 1873 4820 Illud
1940 4768 2162 4837 insuper

604 4850 911 4919 considera,
966 4851 1108 4919 quod
1170 4863 1588 4909 commemorata
1626 4854 1809 4910 divina
1859 4859 1996 4912 dona
2052 4857 2169 4912 uni-

602 4941 796 5010 cuique
841 4957 935 5011 per
972 4942 1234 5013 Spiritum
1279 4956 1548 5010 sanctum,
1577 4957 1631 5000 et
1660 4962 1690 5000 a
1733 4946 1942 5017 Spiritu
1977 4957 2168 5002 sancto

603 5032 958 5087 conferuntur
988 5052 1004 5089 :
1031 5044 1224 5101 prmler
1254 5050 1374 5106 quae
1402 5037 1543 5091 nulla
1575 5038 1679 5091 alia
1714 5038 1919 5106 reliqua
1953 5049 2037 5092 est
2066 5039 2168 5091 lar-

603 5126 735 5195 gitio
764 5142 829 5182 ac
875 5126 1092 5183 donatio
1130 5129 1325 5185 divinte
1354 5133 1541 5203 gratia:
1587 5132 1799 5201 propria
1832 5148 1846 5197 ;
1910 5133 2003 5200 qui
2034 5147 2165 5186 vero

605 5230 666 5269 ea
710 5233 814 5273 non
846 5221 1169 5289 assequitur,
1223 5228 1406 5289 utpote
1450 5238 1477 5275 a
1516 5222 1622 5276 Deo
1649 5225 1794 5287 data,
1851 5224 2168 5278 miserorum

606 5312 941 5367 miserrimus
970 5324 1053 5367 est
1085 5330 1098 5379 ;
1133 5330 1196 5368 ac
1223 5317 1267 5367 si
1297 5316 1420 5381 quis
1448 5331 1554 5371 non
1605 5316 1675 5367 ita
1717 5315 1769 5367 in
1805 5314 2021 5381 scriptis
2062 5315 2175 5368 suis

605 5404 788 5467 sentit,
822 5420 884 5458 ac
928 5409 1287 5473 sermonibus,
1340 5409 1428 5461 ille
1476 5407 1791 5461 insanabilis
1840 5414 2037 5469 manet,
2086 5420 2177 5460 ne-

609 5513 713 5565 que
740 5498 1115 5568 adjumentum
1162 5501 1276 5567 ipse
1322 5501 1483 5554 ullmn
1520 5500 1846 5569 percipiens,
1900 5514 1999 5553 nec
2037 5499 2174 5553 alios

2271 4587 2611 4640 ὲκκαλύπτον
2633 4584 2964 4646 αύθεντικῶς
3001 4582 3070 4636 τὰ
3100 4582 3326 4652 οὐράνια
3364 4584 3561 4651 ἀγαθά.
3610 4585 3723 4637 Ούκ
3751 4587 3850 4654 ὀρ-

2271 4676 2369 4747 θῆς
2389 4677 2444 4729 δὲ
2472 4675 2696 4745 γνώμης
2721 4675 2815 4728 καὶ
2840 4674 3096 4737 πίστεως,
3123 4672 3260 4743 μετὰ
3292 4672 3385 4724 τοῦ
3409 4673 3850 4744 παρερμηνεύειν

2271 4766 2352 4819 ἔτι
2391 4766 2484 4819 καὶ
2511 4763 2947 4835 ἀκρωτηριάζειν
2971 4764 3040 4817 τὰ
3059 4763 3234 4831 λόγια.
3274 4762 3363 4834 [97
3400 4762 3452 4835 b]
3498 4763 3571 4814 Τὸ
3609 4760 3717 4833 γὰρ
3749 4781 3852 4816 πε-

2273 4855 2507 4926 ριέχειν,
2548 4872 2567 4904 ι
2604 4854 2699 4906 Ἓν
2732 4854 2824 4906 καὶ
2860 4854 2921 4907 τὸ
2943 4855 3074 4907 αὐτὸ
3103 4852 3361 4924 Πνεῦμα,
3394 4872 3412 4905 ι
3450 4854 3727 4908 ἀποκλείει
3764 4872 3849 4908 σοι

2272 4944 2367 4999 τοῦ
2395 4963 2455 4999 τε
2485 4943 2739 5016 χωρίζειν
2777 4944 2908 4997 αὐτὸ
2934 4945 3035 5015 τῆς
3064 4945 3201 5016 πρὸς
3234 4944 3326 4999 τὸν
3350 4944 3445 4999 ἕνα
3463 4985 3478 5011 ,
3509 4947 3603 5000 καὶ
3634 4942 3847 5001 ἀνώτα-

2273 5055 2386 5104 τον,
2418 5038 2511 5091 καὶ
2540 5036 2714 5090 πάντα
2739 5034 3200 5107 πηδαλιουχοῦντα
3228 5037 3553 5110 ταυτότητος
3582 5038 3848 5109 (διαφέρει.
3888 5056 3904 5063 -

2274 5131 2384 5201 γὰρ
2414 5124 2569 5193 οὗτος
2595 5132 2624 5182 6
2651 5128 3095 5200 ἀθεωρητότατος
3120 5129 3216 5183 καὶ⁸
3243 5130 3744 5202 ἀπεριληπτότατος
3775 5135 3841 5202 τῇ

2277 5222 2486 5293 θεότητι
2519 5220 2635 5274 οὔτι
2670 5237 2733 5289 γε
2768 5220 3027 5291 σμικρὸν.
3069 5220 3208 5293 πλὴν
3249 5223 3394 5294 μόνῳ
3415 5224 3492 5294 τῷ
3519 5224 3615 5293 τῆς
3645 5224 3846 5289 πατρό-

2272 5329 2434 5383 τητος
2471 5312 2644 5383 λόγῳο
2678 5312 2760 5365 ὅτι
2793 5309 3122 5383 ἐξεπορεύθη
3148 5313 3307 5383 φύσει
3342 5314 3402 5378 ἐξ
3434 5313 3619 5378 αὐτοῦ,
3657 5313 3751 5367 καὶ
3783 5314 3841 5366 ού

2274 5404 2635 5477 δημιουργικῇ
2660 5402 3058 5474 ἐνεργείᾳ),τοῦ
3070 5421 3128 5457 τε
3148 5405 3346 5474 λέγειν·
3370 5407 3430 5458 Εἰ
3452 5405 3673 5474 Πνεῦμα
3685 5384 3840 5463 όεοῦ,

2279 5500 2372 5553 καὶ
2421 5496 2650 5569 Πνεῦμα
2698 5499 2934 5570 Χριστοῦ
2991 5499 3321 5571 γέγραπται,
3378 5499 3470 5552 δύο
3525 5499 3842 5570 νοηθήσεται

684 5712 794 5791 (ξό)
840 5713 1211 5771 1ιιιιιιρνὶιο.1ιι
1248 5718 1455 5786 Gl‘1l‘C0,
1488 5719 1730 5782 εἰκότως.
1766 5718 1959 5773 Videat
2013 5718 2164 5771 lectu:

2266 5734 2285 5771 ι
2335 5722 2615 5792 legendum
2660 5724 2725 5777 sit
2775 5725 2873 5777 οὐκ
2946 5725 3201 5787 εἰκότως,
3261 5731 3349 5776 aut
3393 5719 3548 5791 paulo
3578 5727 3715 5789 pOS'p
3747 5715 3845 5786 οὐχ

618 5780 795 5847 ὑγιῶς,
