4114 6452
356 446 461 505 609

1388 442 1474 495 DE
1510 440 1887 496 TRINITATE
1926 437 2123 493 LIBER
2170 435 2550 493 SECUNDUS.

3498 438 3602 495 (ilo

358 561 671 632 Πνεῦματα.
712 560 1040 631 Προείρηται
1072 560 1124 613 δὲ
1154 561 1213 612 οὐ
1241 558 1419 628 πολλῷ
1446 558 1702 629 ἀνωτέρω
1724 599 1736 618 ,
1770 557 1837 609 δι’
1871 557 1935 625 ἦν

2058 568 2245 617 uvans,
2303 554 2395 606 sed
2448 553 2528 606 eis
2580 555 2762 621 potius
2812 568 3031 608 nocens.
3094 555 3275 625 Neque
3325 572 3453 611 vero
3504 560 3606 615 hoc

357 653 537 707 αἰτίαν
576 651 720 704 οὕτω
762 648 1235 721 κεχρησμῲδηται.
1278 650 1370 721 Μὴ
1409 650 1593 717 ἀγνόει
1635 649 1691 700 δὲ
1731 649 1824 701 καὶ
1872 648 1933 700 τὸ

356 745 435 797 ὅτι
468 744 537 796 τὰ
562 742 853 812 ἐκκείμενα
873 742 1048 809 λόγια,
1080 743 1177 793 οὐκ
1206 740 1333 794 ἄλλο
1360 741 1613 811 σημαίνει
1645 739 1933 809 πρόσωπον

357 830 497 888 εἷναι
513 835 572 886 τὸ
596 830 975 903 χαριζόμενον,
995 833 1088 886 καὶ
1107 832 1233 886 ἄλλο
1249 832 1308 884 τὸ
1332 831 1604 901 διανέμον,
1625 830 1700 893 ὡς
1722 829 1813 881 ἐπὶ
1826 829 1934 881 τῶν

357 921 454 975 ὅλα
474 922 610 991 μήτε
627 920 823 973 εἰδέναι
842 920 1177 990 δυναμένων,
1197 922 1332 991 μήτε
1351 921 1566 983 ἀπόνως
1587 918 1935 989 πραττόντων

358 1010 457 1064 ἀνθ
464 1010 683 1082 ρώπων,
711 1012 804 1063 καὶ
831 1011 916 1064 διὰ
934 1012 1091 1065 τοῦτο
1105 1012 1351 1065 διδόντων
1370 1012 1466 1081 μὲν
1481 1010 1792 1080 ἀποκρίτως
1811 1008 1935 1061 τού-

358 1122 486 1166 των,
512 1103 718 1173 ὲτέρων
745 1103 803 1156 δὲ
828 1103 969 1157 κατά
992 1104 1315 1175 δοκιμασίαν
1330 1103 1530 1175 ἀκριϐῆ
1551 1105 1933 1175 διανεμόντων,

363 1192 645 1263 μήπως.ἦ
693 1194 742 1245 οἱ
789 1193 1152 1263 χορηγοῦντες
1207 1194 1306 1246 οὐκ
1363 1193 1762 1262 ὲπαρκέσωσιν,
1808 1193 1840 1262 ἦ
1891 1195 1940 1245 οἱ

360 1282 766 1353 διακονούμενοι
798 1284 951 1335 αὑτοὶ
976 1284 1034 1335 οὔ
1064 1283 1413 1354 κερδάνωσιν.
1453 1283 1510 1336 Ὀ
1538 1284 1646 1354 γὰρ
1679 1283 1937 1345 ἀναίτιος,

361 1374 456 1425 καὶ
479 1372 714 1443 ἀπαθὴς,
749 1375 841 1425 καὶ
870 1374 1195 1444 ἀεικίνητος,
1230 1375 1548 1445 πανταρκὴς
1567 1391 1626 1426 τε
1649 1374 1742 1427 καὶ
1770 1372 1940 1441 ἄφθο-

360 1480 450 1525 νος
475 1462 627 1527 Θεὸς,
659 1466 687 1516 ὁ
723 1465 797 1534 μὴ
838 1464 974 1534 πρὸς
1010 1465 1038 1516 ὃ
1073 1464 1211 1528 ἄξιοι
1244 1463 1443 1517 ’λαϐεῖν
1471 1466 1632 1534 ἡμεῖς
1664 1462 1805 1531 (οὐδὲ
1834 1463 1941 1532 γὰρ

362 1553 481 1604 οὐδὲ
528 1546 666 1617 ἄξιοι
714 1554 773 1619 ἐξ
810 1554 983 1626 ἔργων
1029 1555 1234 1623 ἀγαθοῦ
1285 1554 1541 1623 οὐδενὸς),
1572 1553 1706 1607 ἀλλὰ
1751 1552 1943 1623 πρὸςὸ

363 1643 513 1714 αὐτῷ
532 1644 712 1699 δοῦναι
745 1647 952 1716 πρέπον
984 1646 1100 1699 ἐστὶ
1128 1646 1383 1718 παρέχων
1402 1661 1415 1674 ·
1442 1646 1619 1700 πάντα
1640 1644 1815 1708 εἰδὼς,
1850 1644 1942 1697 καὶ

366 1736 543 1788 πάντα
575 1736 890 1806 δυνάμενος,
923 1738 999 1801 ὡς
1035 1739 1130 1790 καὶ
1172 1739 1302 1807 παρ’
1330 1736 1585 1808 Ἕλλησιν
1616 1738 1829 1807 ετρηται
1855 1753 1868 1765 ’

2038 645 2202 698 etiam
2247 645 2578 712 perpendere
2608 645 2848 709 omittas,
2894 647 3035 714 quod
3072 665 3090 697 ι
3127 647 3239 700 haec
3266 649 3444 702 omnia
3479 664 3609 719 ope-

2039 745 2187 788 ratur
2211 749 2349 788 unus
2377 744 2428 787 et
2468 735 2606 788 idem
2635 734 2888 802 Spiritus,
2926 755 2945 787 ›
2983 738 3031 789 id
3081 747 3184 803 est,
3226 753 3289 791 ea
3320 748 3375 792 et
3406 737 3534 794 facit
3554 748 3610 794 et

2039 825 2287 896 praebet;
2327 826 2417 892 qui
2454 834 2631 879 autem
2685 827 2736 879 in
2795 828 2988 881 horum
3038 828 3322 896 largitione
3355 836 3612 898 operator

2041 925 2144 982 est,
2177 917 2231 969 in
2264 916 2514 972 omnibus
2547 932 2764 987 quoque
2793 920 3129 984 operabitur,
3155 930 3209 972 et
3258 920 3398 972 nulla
3450 936 3507 974 re
3534 921 3611 974 in-

2041 1007 2209 1076 diget;
2238 1007 2327 1074 qui
2356 1022 2483 1061 vero
2528 1007 2670 1061 nulla
2712 1022 2769 1061 re
2818 1008 3038 1076 indiget,
3087 1008 3356 1075 passionis
3384 1009 3611 1077 incaan

2039 1107 2121 1151 est
2146 1115 2161 1163 ;
2188 1097 2277 1165 qui
2306 1113 2434 1151 vero
2466 1099 2733 1166 passionis
2761 1108 2845 1152 est
2879 1100 3129 1166 incapax,
3153 1099 3290 1152 Deus
3327 1108 3427 1152 est.
3456 1098 3609 1165 Quod

2039 1189 2083 1242 si
2141 1189 2205 1243 de
2250 1188 2358 1243 Deo
2386 1188 2548 1242 Patre
2615 1190 2849 1244 dicitur:
2889 1207 2906 1239 ι
2968 1188 3227 1243 Dominus
3264 1188 3376 1258 (55)
3422 1200 3613 1257 potens

2039 1267 2266 1333 in'bello
2302 1298 2316 1332 :
2350 1299 2368 1330 ι
2410 1290 2464 1334 ει
2498 1299 2510 1334 :
2551 1299 2570 1331 ι
2625 1279 2791 1334 Notus
2833 1280 2945 1350 (56)
2977 1281 3030 1335 in
3075 1279 3258 1335 Juda‘a
3303 1282 3459 1347 Deus,
3493 1300 3513 1332 ›
3562 1291 3611 1335 ει

2043 1372 2145 1424 alia
2208 1373 2541 1442 hujnsmodi,
2592 1374 2831 1441 nunquid
2867 1374 2980 1428 haec
3032 1376 3105 1427 ita
3158 1375 3505 1444 accipiemus,
3559 1384 3616 1426 ut

2048 1478 2171 1517 eum
2200 1464 2252 1517 in
2283 1465 2405 1518 aliis
2434 1465 2593 1518 rebus
2622 1474 2916 1534 potentem,
2955 1476 3009 1521 et
3035 1475 3398 1533 operatorcm,
3455 1473 3509 1519 et
3544 1465 3613 1518 il-

2051 1552 2276 1608 lustrem
2300 1553 2669 1623 inclytumque
2696 1569 2802 1609 non
2835 1569 2953 1609 esse
2980 1556 3342 1610 arbitremur?
3367 1554 3495 1608 illud
3527 1569 3619 1617 ιε-

2051 1658 2111 1698 ro
2134 1643 2338 1712 pariter
2357 1655 2567 1712 reputa,
2624 1643 3031 1714 Scripturarum
3085 1647 3263 1701 verbis
3315 1661 3440 1700 mox
3487 1644 3617 1699 at'fe-

2050 1734 2235 1788 rendis
2256 1734 2542 1788 artilicinm
2571 1751 2751 1801 omne,
2784 1752 2892 1805 quo
2936 1738 3124 1790 hmresi
3158 1746 3347 1791 vestra-
3377 1737 3611 1806 aliquam

366 1829 477 1880 veri
508 1828 738 1895 speciem
766 1830 1109 1897 comparatis,
1171 1830 1383 1883 irritum
1443 1829 1664 1883 omnino
1686 1827 1833 1880 reddi
1861 1823 1998 1895 (57),
2046 1839 2250 1893 nosque
2283 1827 2348 1879 de
2394 1826 2604 1892 divina,
2641 1842 2803 1895 quam
2832 1842 2894 1882 ex
2929 1828 3218 1895 semetipso
3259 1829 3419 1881 habet
3452 1828 3613 1896 212

370 1919 622 1987 Spiritus,
676 1919 994 1973 auctoritate
1056 1935 1122 1974 ac
1170 1928 1436 1988 potestate
1495 1918 1674 1972 Patris
1703 1918 1935 1985 Filiique
2009 1915 2261 1983 potestati
2320 1917 2691 1971 consentiente
2766 1927 2923 1986 atque
2994 1919 3245 1973 concordi
3279 1961 3293 1984 ,
3359 1919 3614 1972 certiores

369 2010 506 2065 ﬁeri.
588 2010 665 2062 Ita
724 2010 867 2063 enim
930 2009 1263 2078 loquuntur:
1305 2028 1324 2060 ι
1397 2009 1555 2063 Juxta
1595 2009 1762 2078 ipsius
1828 2008 2198 2071 voluntatem;
2238 2027 2256 2058 ι
2286 2015 2384 2061 et:
2431 2025 2450 2058 ι
2484 2007 2681 2062 Dividit
2722 2008 2835 2080 (58)
2869 2023 3108 2063 seorsum
3142 2009 3429 2078 unicuique
3459 2016 3620 2077 prout

370 2103 529 2157 vult:
569 2121 586 2153 ι
630 2103 715 2156 his
744 2112 922 2156 autem
961 2103 1327 2156 testimonium
1371 2101 1533 2155 simul
1570 2101 1794 2155 reddere
1820 2115 1941 2153 cum
1982 2100 2147 2153 Deum
2214 2098 2428 2153 Patrem
2465 2100 2632 2169 signis
2690 2109 2744 2153 et
2776 2100 3031 2169 prodigiis
3079 2099 3229 2169 (59),
3278 2109 3387 2151 ttun
3428 2098 3625 2152 Salva-‘

370 2201 544 2248 torem
590 2193 972 2263 inquientem:
1015 2210 1033 2243 ι
1076 2192 1311 2261 Spiritus
1339 2192 1620 2255 Veritatis,
1668 2191 1759 2259 qui
1826 2206 1856 2244 a
1920 2188 2082 2245 Patre
2150 2190 2429 2258 procedit;
2475 2209 2495 2241 ι
2533 2198 2630 2245 et:
2666 2208 2686 2240 ι
2740 2188 2974 2259 Spiritus
3008 2190 3121 2260 (60)
3169 2200 3251 2244 est
3293 2190 3538 2254 veritas;
3587 2208 3608 2240 ι

372 2294 485 2338 tum
534 2286 699 2339 etiam
744 2284 987 2351 Petrum,
1020 2285 1111 2352 qui
1144 2284 1314 2338 Deum
1356 2297 1609 2352 expresse
1677 2283 1812 2337 dixit
1879 2281 2141 2351 Spiritum
2206 2291 2476 2346 sanctum,
2515 2283 2676 2350 idque
2715 2282 2936 2336 Ananiae
3000 2281 3338 2335 annuntiavit
3381 2281 3433 2333 in
3476 2281 3618 2333 tuine

373 2378 634 2429 modum:
668 2394 685 2426 ι
730 2377 909 2441 Quare
959 2376 1071 2446 (6|)
1106 2376 1264 2431 simul
1305 2377 1659 2444 conspirastis
1700 2383 1759 2428 ut
1790 2374 2152 2429 mentiremini
2197 2373 2420 2441 Spiritui
2487 2375 2713 2428 sancto?
2780 2374 2897 2428 Non
2962 2388 3021 2428 es
3067 2373 3324 2427 mentitus
3389 2369 3617 2435 homini,

372 2467 468 2520 sed
508 2466 636 2518 Deo.
684 2485 705 2517 ι
737 2467 911 2534 Atque
935 2467 1062 2520 illud
1089 2467 1253 2520 etiam
1283 2468 1440 2531 scito,
1474 2467 1616 2537 quod
1651 2483 1757 2522 non
1789 2467 1938 2532 latet,
1981 2465 2348 2519 fraudulenter
2379 2480 2406 2517 a
2443 2474 2494 2519 te
2520 2466 2778 2519 omissum
2817 2479 2937 2519 esse
2974 2466 3025 2518 in
3080 2465 3258 2532 inepto
3326 2471 3381 2518 et
3440 2462 3621 2531 perni-

374 2557 523 2611 cioso
547 2566 636 2611 tuo
669 2559 925 2626 opusculo
972 2560 1108 2629 (62),
1155 2559 1236 2613 vel
1268 2560 1444 2626 potius
1487 2560 1539 2612 in
1574 2569 1665 2613 tuo
1690 2557 2168 2626 blasphematorio,
2195 2556 2246 2610 id
2275 2558 2416 2624 quod
2452 2558 2720 2612 antecedit
2780 2557 2834 2610 in
2895 2557 3078 2611 divino
3142 2565 3314 2611 textu.
3358 2556 3449 2610 Sic
3475 2556 3617 2610 enim

375 2648 574 2703 habet:
607 2667 624 2698 ι
661 2648 808 2705 Unus
864 2661 917 2704 et
970 2650 1110 2704 idem
1158 2650 1427 2719 Spiritus:
1466 2669 1485 2701 ι
1545 2665 1607 2705 ac
1659 2650 1851 2704 deinde
1927 2650 1979 2702 id
2017 2647 2218 2710 subdit,
2280 2647 2427 2717 quod
2461 2656 2536 2712 tu,
2569 2647 2720 2701 hisce
2753 2647 2969 2701 omissis
2997 2647 3199 2711 verbis,
3240 2661 3493 2714 perverse
3524 2648 3619 2699 adc

380 2736 619 2790 duxisti:
652 2755 670 2788 ι
705 2738 961 2794 Dividens
987 2753 1229 2793 seorsum
1256 2739 1545 2807 unicuique
1614 2748 1772 2809 prout
1831 2739 1980 2792 vult:
2017 2758 2036 2789 ι
2084 2752 2304 2806 nempe,
2356 2737 2610 2807 largiens,
2642 2748 2695 2792 et
2747 2737 3094 2802 distribuens,
3145 2746 3199 2791 et
3244 2736 3489 2791 revelans
3529 2751 3621 2804 per

374 2828 739 2896 semetipsum,
795 2843 859 2882 ac
903 2829 1120 2897 propria
1168 2838 1436 2899 potestate
1488 2829 1731 2885 caelestia
1786 2831 1947 2883 bona.
1982 2820 2099 2881 Non
2158 2839 2243 2883 est
2301 2829 2622 2897 autemejns
2660 2827 2747 2895 qui
2791 2836 2937 2880 recte
2964 2827 3185 2889 sentiat,
3219 2834 3273 2879 et
3303 2828 3508 2890 credat,
3539 2828 3621 2880 di-

375 2918 496 2971 vina
531 2919 747 2972 oracula
794 2934 896 2973 non
939 2920 1099 2974 modo
1164 2933 1447 2989 perperam
1518 2920 1884 2989 interpretari,
1925 2919 2017 2972 sed
2057 2920 2275 2986 insuper
2297 2919 2459 2972 etiam
2497 2918 2766 2972 mutitare.
2810 2917 2960 2982 Quod
2984 2917 3127 2971 enim
3158 2917 3454 2982 habeant,¢
3483 2935 3621 2995 unus

375 3019 427 3067 et
456 3010 594 3064 idem
623 3010 876 3080 Spiritus,
913 3030 931 3062 ι
977 3011 1027 3065 id
1060 3013 1235 3080 primo
1268 3021 1318 3066 te
1359 3009 1503 3068 vetat
1543 3010 1653 3082 (6'5)
1685 3026 1940 3081 separare
1978 3010 2123 3063 illum
2170 3009 2237 3063 ab
2266 3023 2326 3061 ea
2359 3009 2661 3073 identitate,
2730 3024 2835 3076 qua
2906 3008 3046 3062 idem
3099 3023 3222 3062 cum
3264 3025 3330 3063 eo
3381 3019 3485 3074 est,
3525 3013 3618 3079 qui

278 3102 281 3103 ⁷
381 3116 515 3175 unus
560 3111 617 3155 et
683 3117 966 3170 supremus
1016 3104 1260 3168 exsistit,
1314 3118 1378 3157 ac
1429 3103 1607 3157 omnia
1666 3104 1977 3171 gubernat:
2022 3117 2144 3155 nam
2204 3103 2291 3156 hic
2338 3117 2546 3157 summe
2598 3100 2900 3161 invisibilis,
2970 3108 3025 3154 et
3073 3115 3281 3155 summe
3320 3102 3616 3171 incompre-

380 3191 654 3245 hensibilis
682 3190 823 3245 Deus
854 3204 921 3243 ne
948 3191 1226 3245 minimum
1267 3192 1482 3260 quidem
1521 3192 1721 3245 deitate
1759 3191 1938 3246 ditlert
1977 3207 2007 3245 a
2048 3192 2275 3261 Spiritu,
2348 3196 2440 3248 sed
2506 3192 2619 3246 sola
2668 3191 3016 3245 Paternitatis
3064 3192 3313 3247 ratione:
3356 3195 3481 3262 quia
3533 3195 3620 3249 hic

378 3282 637 3353 processit
692 3290 881 3335 natura
935 3281 1046 3352 (64)
1101 3296 1169 3336 ex
1240 3283 1352 3347 illo,
1405 3296 1511 3335 non
1574 3297 1705 3335 vero
1752 3296 1848 3350 per
1907 3280 2221 3338 Conditoris
2287 3283 2676 3352 operationem.
2720 3281 2879 3336 Vetat
2921 3284 3157 3337 secundo
3201 3293 3250 3338 te
3294 3284 3516 3340 dicere:
3565 3286 3622 3344 Si

383 3392 404 3427 ι
434 3374 667 3444 Spiritus
704 3375 817 3439 Dei,
857 3395 875 3427 ι
920 3384 992 3438 et,
1026 3393 1044 3425 ι
1085 3375 1327 3443 Spiritus
1362 3374 1560 3429 Christi
1598 3393 1614 3423 ι
1644 3376 1953 3429 nominatus
1989 3387 2070 3431 est
2098 3379 2147 3431 in
2184 3378 2498 3446 Scriptttris,
2525 3378 2630 3430 duo
2663 3376 3027 3445 intelligentur
3096 3377 3349 3447 Spiritus.
3410 3380 3621 3435 Dictum

379 3477 462 3522 est
491 3477 671 3521 autem
723 3482 826 3520 non
877 3469 1044 3521 multo
1094 3477 1241 3530 ante,
1290 3481 1450 3535 quam
1487 3467 1557 3519 ob
1605 3480 1823 3519 causam
1870 3468 1949 3520 sic
1986 3468 2245 3535 scriptum
2274 3469 2363 3520 sit.
2415 3465 2522 3520 Sed
2557 3482 2621 3519 ne
2650 3466 2778 3519 illud
2802 3469 3016 3534 quidem
3060 3469 3291 3535 ignores,
3357 3471 3500 3537 quod
3548 3471 3630 3525 at-

384 3560 487 3612 lata
516 3560 808 3628 Scriptura:
827 3563 1045 3614 oracula
1070 3575 1171 3613 non
1192 3559 1353 3613 aliam
1371 3573 1493 3612 esse
1516 3558 2150 3627 signiticantpersonam,
2182 3574 2301 3627 quae
2359 3559 2542 3624 donat,
2578 3558 2741 3611 aliam
2802 3574 2928 3612 vero
2968 3574 3089 3628 qua:
3150 3559 3448 3624 distribuit,
3487 3560 3623 3614 sicut

384 3651 641 3719 contingit
711 3652 765 3706 in
822 3652 1175 3717 hominibus,
1243 3651 1333 3720 qui
1388 3651 1568 3704 omnia
1639 3666 1736 3705 nec
1798 3652 1941 3705 scire
1980 3651 2143 3720 213
2174 3660 2435 3720 possunt,
2473 3665 2572 3705 nec
2638 3652 2758 3704 sine
2828 3651 3013 3706 labore
3042 3652 3281 3716 faciunt,
3316 3661 3480 3721 atque
3512 3650 3651 3707 hac'

387 3745 455 3797 de
488 3758 647 3797 causa
679 3744 770 3797 alii
802 3745 1019 3811 quidem
1060 3759 1164 3795 non
1196 3743 1314 3797 sine
1364 3744 1572 3797 delectu
1624 3742 1948 3810 largiuntur,
1993 3743 2079 3794 alli
2115 3757 2241 3794 vero
2285 3758 2392 3795 non
2423 3742 2537 3794 sine
2567 3750 2822 3793 accurato
2852 3744 3101 3797 examine
3173 3758 3236 3797 ac
3301 3745 3620 3811 probatione

386 3814 777 3892 distribttunlz'
803 3851 868 3890 ne
926 3835 1063 3889 forte
1093 3846 1185 3890 aut
1231 3837 1322 3905 qui
1382 3835 1704 3906 largiuntur,
1757 3834 1926 3903 reipsa
1966 3849 2125 3906 opem
2157 3849 2259 3888 non
2288 3834 2453 3889 ferant
2484 3832 2633 3904 (6‘5),
2662 3842 2754 3887 aut
2815 3834 3044 3887 ministri
3083 3835 3181 3902 ipsi
3251 3835 3461 3890 lucrum
3520 3852 3620 3891 non

1993 4052 2033 4106 Β
2059 4037 2172 4091 haec
2198 4035 2261 4090 de
2295 4035 2470 4088 divina
2501 4032 2848 4104 generatione
2878 4034 3067 4106 scribit
3100 4051 3155 4106 ς(
3198 4034 3506 4091 Generatio.
3552 4076 3566 4090 .
3605 4077 3624 4091 .

2062 4122 2166 4159 non
2198 4107 2264 4159 ad
2302 4106 2684 4159 sublimitatem
2718 4104 2992 4171 polentize,
3023 4104 3115 4157 sed
3154 4106 3217 4156 ad
3245 4107 3623 4172 proprietatem

2061 4176 2291 4230 refertur
2339 4186 2562 4228 natura}.
2615 4192 2633 4224 ι
2670 4172 2988 4242 Quanquam
3054 4190 3245 4227 nomen
3284 4174 3445 4241 φύσις
3487 4178 3626 4244 apud

2058 4245 2277 4300 Grmcos
2312 4244 2499 4298 Patres
2530 4260 2631 4296 non
2673 4263 2689 4293 ι
2729 4254 2974 4295 naturam
3010 4262 3029 4293 ι
3066 4245 3357 4307 aliquando
3388 4247 3626 4309 denotat,

2060 4316 2151 4368 sed
2214 4333 2232 4364 ι
2290 4329 2573 4381 personam
2633 4331 2646 4366 :
2708 4332 2726 4363 ι
2772 4322 2827 4364 ιιι
2874 4327 2993 4365 cum
3041 4314 3097 4367 S.
3138 4315 3531 4367 Alexandrinus
3577 4318 3628 4367 iit

482 4031 573 4101 55)
616 4032 887 4101 Dominus.
912 4033 1054 4088 Psal.
1086 4049 1251 4098 xxiii;
1286 4049 1427 4089 vers.
1460 4035 1512 4089 8.

481 4100 569 4174 56)
605 4100 798 4174 {Votum
832 4102 917 4157 Ps.
949 4118 1109 4174 Lxxv,
1138 4105 1333 4174 νει-εδ
1374 4109 1492 4174 (seu
1521 4104 1598 4174 Ξ).

456 4168 567 4242 (57)
588 4169 827 4254 _Irrit‘um
860 4212 873 4225 .
910 4212 928 4230 .
972 4168 1145 4254 reddi.
1174 4172 1229 4254 In
1256 4168 1464 4254 Graeco,
1491 4168 1951 4254 ἀπαμφιένννσιν.

385 4241 694 4311 Legendum
733 4251 909 4313 tamen
963 4243 1286 4313 crediderim
1338 4241 1796 4313 ἀπαμφιεννῦσιν.
1827 4245 1958 4299 Ver-

385 4310 841 4382 bumporroihoc
875 4329 894 4362 ι
927 4312 1182 4382 nudandi,
1229 4332 1246 4363 ι
1286 4324 1376 4366 aut
1408 4331 1425 4363 ‹
1463 4310 1692 4367 canendi
1734 4335 1750 4364 ι
1796 4316 1958 4382 signi-

391 4381 694 4452 ﬁcationem
723 4381 884 4435 habet
905 4383 956 4436 in
972 4381 1207 4436 Lexicis.
1231 4384 1285 4436 In
1304 4383 1597 4452 Cyrilliano
1614 4383 1810 4437 Lexico
1828 4381 1958 4439 alias

389 4468 418 4505 ιι
460 4464 562 4523 me
593 4451 758 4502 citato
798 4452 899 4523 sic!
928 4453 1215 4519 exponitur
1257 4471 1270 4504 :
1320 4451 1803 4523 ἀπαμφιὰσαντες,
1828 4454 1960 4506 ἁπο-

424 4518 799 4590 υμνώσαντες·
858 4518 1127 4589 similique
1177 4523 1381 4576 ratione
1428 4518 1730 4576 i'n'Patricii
1764 4525 1959 4576 Lexiro

424 4537 799 4590 υμνωσαντες·
858 4537 1127 4589 similique
1177 4537 1381 4576 ratione
1428 4540 1479 4575 in
1515 4537 1730 4576 l’aU'ICtt
1764 4537 1959 4576 Lextro

385 4537 579 4644 latine
611 4589 857 4643 vertitur.
901 4590 1085 4660 Itaque
1136 4592 1273 4644 sicut
1328 4588 1623 4660 Sophocles
1679 4594 1831 4652 dixit,
1867 4595 1961 4646 ἐπ-

384 4660 776 4742 ημφιεσμένρς,
811 4660 879 4713 ita
910 4676 940 4742 ε
967 4664 1248 4742 contrario
1279 4662 1530 4742 Didymus
1560 4678 1660 4714 nun
1688 4664 1959 4742 inelegan-

387 4730 472 4784 ter
503 4730 1138 4801 ιΙιχιι,νὰπαμφιέννυσιν,
1169 4731 1248 4784 vel
1276 4730 1475 4799 potius,
1497 4730 1957 4801 ἀπαμφιεννῦσιν,

395 4815 554 4854 sensu
585 4800 793 4852 scilicet
821 4800 1101 4853 translato.

460 4869 570 4939 (58)
613 4868 829 4923 Diridt‘t.
866 4872 974 4924 Cur
1016 4870 1101 4923 hic
1137 4884 1240 4922 non
1290 4870 1465 4939 legit:
1522 4890 1540 4920 ι
1599 4871 1884 4926 Divideus?
1936 4890 1953 4921 ι

390 4940 469 4992 Λιι
489 4938 641 5008 deest
668 4940 868 5008 aliquid
892 4949 1012 5007 post
1033 4954 1218 4992 vocem
1246 4938 1463 5003 λέξειςῖ
1552 4940 1563 4951 ’

460 5006 572 5074 (59)
616 5006 903 5077 Prodigiis.
937 5009 1011 5061 Ex
1039 5024 1124 5077 cp.
1150 5011 1215 5063 ad
1243 5012 1405 5063 Hebr.
1438 5027 1497 5074 tt,
1524 5012 1578 5064 4.

459 5077 569 5148 (60)
610 5078 862 5146 Spiritus.
898 5077 1029 5131 Vide
1064 5088 1178 5131 not.
1217 5083 1282 5133 ad
1310 5095 1478 5148 segni.
1525 5082 1592 5133 tit)
1618 5083 1665 5136 b.

461 5149 573 5271 (ξι)
617 5148 813 5212 Quare.
854 5150 996 5201 Cilat
1032 5162 1247 5203 sensum
1289 5167 1303 5202 :
1354 5165 1545 5220 nempe
1578 5167 1642 5203 ex
1681 5150 1960 5206 versiculis

533 5228 586 5271 ct
614 5220 663 5271 4.
704 5220 898 5271 canitis
924 5233 952 5269 v
980 5218 1261 5271 Actorum.

389 5217 445 5282 9,
475 5217 509 5271 5
533 5228 586 5288 ct
614 5220 663 5279 4.
704 5220 898 5288 capitis
924 5218 1261 5288 vAActorum.

462 5286 573 5356 (6“2)
619 5285 900 5360 Opuséuto.
934 5285 1118 5340 Graece
1140 5330 1152 5348 ,
1190 5290 1508 5360 πονηματίῳ
1530 5305 1543 5319 α
1579 5305 1699 5359 qua:
1735 5305 1834 5343 vox
1868 5305 1961 5343 eo-

390 5357 741 5480 tletti‘gc’nsu
799 5358 994 5427 legitur
1058 5362 1196 5424 apud
1267 5357 1643 5426 .‘tthaua‘sium,
1696 5373 1826 5413 tom.
1896 5361 1958 5423 II,

393 5443 514 5480 uae.
616 5448 667 5480 ι).
1132 5463 1137 5467 ι

392 5443 514 5496 pag.
544 5430 667 5482 L95.
939 5495 942 5496 ν
1132 5463 1137 5467 ι

429 5496 573 5576 ,(65)
616 5496 686 5551 Te
733 5504 890 5551 vetat.
918 5495 1055 5552 Cod.
1098 5498 1375 5553 ἀποκλείει
1402 5516 1504 5552 σοι.
1550 5499 1727 5553 Malim

392 5580 559 5619 κλειει
592 5583 672 5619 σε.

468 5635 876 5707 (64))Proceuit
911 5645 1123 5690 natura.
1158 5638 1210 5691 Id
1251 5639 1519 5707 quomodo
1549 5636 1955 5707 intelligendum

392 5705 487 5767 sit,
522 5706 695 5759 nullus
734 5706 946 5774 ignorat
984 5705 1284 5775 theologus;
1335 5707 1506 5759 Simili
1543 5710 1701 5761 modo
1731 5705 1960 5761 Anthro-

394 5776 509 5829 sius
538 5777 627 5829 lib.
663 5791 713 5828 tv
753 5776 823 5827 De
861 5776 985 5842 ﬁde,
1016 5791 1136 5843 cap.
1171 5778 1224 5839 8,
1263 5777 1498 5829 divinam
1533 5788 1779 5830 naturain
1816 5779 1956 5831 rela-

396 5845 504 5900 tive
536 5857 821 5915 spectans,
859 5857 1127 5914 quatenus
1170 5847 1378 5902 scilicet
1411 5849 1461 5898 in
1509 5845 1667 5901 Patre
1716 5848 1951 5914 eKSiStil,

1772 5518 1787 5554 :
1832 5500 1967 5553 ἀπο-

2063 4384 2302 4453 Ιζρίειοίμι
2331 4384 2398 4435 ad
2434 4384 2793 4453 Alexandrum
2828 4381 3461 4453 Cotmautinopolitumttn
3486 4424 3501 4447 ,
3530 4384 3632 4436 Pa-

2063 4451 2197 4506 trem
2232 4468 2291 4506 ac
2322 4454 2512 4506 Filiutn
2538 4462 2709 4517 vocat,
2744 4451 2840 4514 τάς
2871 4453 2945 4521 τῇ,
2975 4454 3266 4506 ὑποστάσει
3297 4452 3388 4505 δύο
3419 4453 3630 4519 φύσεις,

2069 4522 2411 4592 Unigenitum
2444 4538 2571 4573 vero
2606 4523 2836 4588 appellat
2883 4520 3043 4592 φύσιν
3085 4523 3364 4592 μονογενῆ.
3405 4523 3624 4576 Detnttm

2061 4596 2202 4660 apud
2228 4590 2417 4646 Patres
2448 4592 2736 4659 aliquando
2765 4606 2863 4660 vox
2893 4590 3155 4660 eam,“
3189 4603 3265 4645 est
3303 4590 3567 4655 (natura,
3605 4611 3624 4641 ι

2064 4659 2201 4715 idem
2231 4663 2374 4715 valet
2408 4673 2567 4730 atque
2600 4659 2814 4730 ἀληθῶς
2838 4699 2850 4722 ,
2911 4664 2960 4714 id
2995 4672 3077 4714 est
3131 4680 3149 4711 ι
3194 4677 3340 4725 vere,
3394 4682 3410 4712 ι
3452 4673 3510 4713 ιιι
3542 4662 3630 4714 Di-

2062 4733 2256 4803 dymus
2293 4741 2475 4785 noster
2503 4732 2738 4803 explicat
2769 4731 2819 4782 in
2868 4730 3003 4803 libro
3026 4736 3144 4784 (ιαμ.
3177 4730 3522 4803 Municlto'os.

2134 4800 2245 4871 (63)
2293 4804 2410 4854 Non
2453 4804 2643 4868 lerant.
2689 4798 2888 4851 Locum
2927 4802 3073 4871 hunc
3115 4815 3217 4871 non
3264 4802 3394 4871 satis
3423 4801 3628 4853 clarum

2064 4871 2137 4924 ita
2178 4869 2387 4924 tandem
2423 4872 2737 4923 vertendum
2776 4869 2976 4935 statui;
3021 4872 3111 4923 sed
3146 4870 3248 4921 crit
3274 4870 3500 4921 fortasse
3537 4870 3629 4937 qui

2063 4943 2342 5007 ambiguas
2415 4955 2571 4993 voces
2637 4937 3081 5006 διακονούμενοι,
3127 4950 3178 4991 ct
3230 4939 3630 5008 ἐπαρκέσωσιν,

2064 5010 2223 5063 aliter
2258 5010 2599 5077 accipiendas
2648 5019 2818 5078 putet.
2876 5008 2988 5063 tloc
3035 5025 3197 5078 porro
3256 5011 3354 5061 sibi
3395 5010 3523 5070 vult,
3579 5026 3628 5060 ιιι

2064 5080 2240 5142 fallor,
2277 5081 2532 5147 Didymus
2566 5081 2655 5132 :in
2691 5079 2801 5131 Deo
2846 5080 3059 5146 quidem
3109 5093 3232 5132 eum
3273 5079 3361 5145 qui
3402 5080 3632 5146 largitur

2065 5152 2227 5203 alium
2259 5163 2363 5201 non
2399 5163 2519 5201 esse
2547 5149 2613 5201 ab
2644 5164 2707 5200 eo
2745 5149 2833 5215 qui
2868 5148 3179 5210 distribuit,
3232 5148 3283 5199 itt
3323 5148 3630 5201 hominibus

2067 5234 2194 5272 vero
2250 5232 2345 5270 eos
2399 5217 2489 5283 qui
2570 5216 2892 5283 largiuntur,
2950 5218 3085 5271 alios
3133 5233 3255 5271 esse
3299 5219 3366 5271 ab
3423 5219 3487 5269 iis
3541 5218 3632 5285 qui

2066 5288 2416 5358 distribuunt,
2473 5301 2884 5358 qttosqueﬂmox
2939 5299 3095 5340 vocat
3139 5287 3628 5358 διακονουμένους·

2067 5374 2131 5411 ac
2161 5358 2194 5410 ii
2221 5355 2437 5425 quidem
2465 5359 2566 5426 qui
2593 5357 2942 5426 distribuunt,
2970 5357 3020 5409 id
3050 5355 3627 5423 potissitnttm'cnrant,

1990 5402 2033 5475 α
2072 5438 2129 5481 ιιι
2158 5402 2359 5480 Ιιιειινιιιιι
2386 5436 2439 5479 et
2469 5402 2570 5493 ipsi
2614 5422 2826 5492 aliquod
2867 5402 3194 5493 percipiant;
3238 5427 3331 5492 qtti
3368 5442 3493 5481 vero
3529 5402 3626 5477 lar:

2073 5500 2307 5566 gitttttttr,
2361 5495 2492 5566 illud
2535 5502 2814 5566 speetttttt,
2867 5504 2922 5545 ιιι
2953 5494 3384 5566 _iis_lurg_iattttlr,
3437 5496 3634 5561 quibus

2075 5563 2248 5634 reipsa
2278 5580 2430 5633 opem
2483 5564 2767 5634 largitione
2805 5564 2961 5634 laturi
3005 5563 3131 5634 sint.
3178 5563 3286 5614 Hoc.
3333 5579 3530 5626 sensu,
3578 5574 3635 5616 ut

2067 5632 2325 5701 equidem
2353 5644 2500 5702 puto,
2544 5632 2761 5699 scripsit
2811 5632 2995 5684 Pollux
3027 5632 3119 5684 lib.
3164 5647 3243 5702 tu,
3275 5646 3446 5700 segni.
3482 5633 3584 5686 118
3618 5652 3631 5687 :

2066 5700 2401 5775 πολύδωρος,
2473 5705 2586 5766 τοῖς
2642 5702 2915 5775 δεομένοις
2974 5700 3269 5772 ἐπαρκῶν
3332 5704 3432 5756 etsi
3490 5706 3634 5756 enim

2069 5774 2333 5843 interpres
2355 5784 2546 5836 Vertat,
2589 5790 2606 5823 ι
2635 5775 2797 5824 multa
2837 5774 3045 5825 donans
3089 5788 3347 5836 munera,
3388 5788 3636 5826 necessa-

2068 5846 2163 5900 riis
2216 5853 2524 5908 contentus,
2569 5862 2587 5895 ι
2641 5852 2847 5907 tamen,
2920 5859 3015 5911 pro
3086 5844 3459 5898 «necessariis
3502 5858 3631 5894 cuu-
